2071 3191
206 203 258 233 995

205 263 253 290 καὶ
265 263 329 295 τοὺς
345 262 375 296 si
391 261 497 289 ἐκείνου
520 260 617 293 παῖδας
638 259 795 293 δξεθείασαν
809 259 833 285 οἱ
852 257 927 285 ἄθεοι
949 258 997 285 καὶ

209 309 408 346 ματαιὸφρονες
421 316 428 323 ·
451 308 481 334 ὲν
505 307 554 342 μὲν
575 308 608 343 τῇ
635 305 816 342 Ἐρμουπόλει
838 305 884 332 τὸν
906 304 953 331 ἐπὶ
972 304 1002 330 τὸ

208 356 299 391 χεῖρον
321 354 522 390 ἀνερμήνευτον
543 352 648 388 Ἑρμῆν
665 353 705 384 είς
728 352 802 379 κόνιν
823 350 1000 378 διαλυθέν-ια’

211 402 240 427 ὲν
255 400 361 435 Κύπρῳ
383 400 434 436 τὴν
451 399 562 435 Κύπριν
584 398 679 434 κόπρῳ
704 399 734 424 ὲν
754 397 833 433 τάφῳ
855 397 1002 432 κειμένην’

209 447 238 473 ὲν
256 446 285 473 δὲ
305 446 411 483 Θρᾴκῃ,
427 446 525 481 Ἄρην,
541 445 586 472 τὸν
600 445 650 480 τῆς
664 445 734 480 ἀρᾶς
751 443 909 479 ι-ὶιιτιώνυμον⁸
927 443 956 476 ἐξ
972 440 1004 478 ἧς

210 494 333 529 ήμῖν,’ὲκ
344 493 391 520 τοῦ
405 493 516 520 δυσαίου
530 492 587 528 (71)
609 491 707 524 Ἡσαῦ,
726 492 864 523 Διονύσιος
879 492 894 517 ὁ
913 491 1006 525 Ἀρεο-

210 539 330 575 παγίτης
349 539 482 571 ἀνέτειλε,
502 539 557 565 τῶν
577 538 658 565 θείων
683 538 841 565 ἀποστόλων
861 537 1006 572 γενόμενος

211 587 352 621 φοιτητής.
369 586 441 621 Πρὸς
455 586 483 612 δὲ
495 586 553 616 τοῖς
569 584 702 616 Καυσίοις
715 584 790 620 ὀρεσι
808 584 922 620 Κρόνος,
938 583 1007 619 μᾶλ-

211 632 257 659 λον
272 632 301 659 δὲ
317 632 376 663 ῠνος
393 631 446 658 ὑπὸ
463 630 519 657 τῶν
538 630 607 657 δνων
622 630 826 666 προσεκυνήθη,
842 629 1005 665 ἁνακράζων

212 679 258 706 καὶ
271 677 429 713 ὀγκώμενος
448 677 511 704 καθ’
536 677 681 713 Ἑλλήνων.
706 677 750 703 Ἑν
761 676 865 712 Θήϐαις
879 676 1006 707 Διόνυσος

211 723 267 753 τοῖς
276 721 384 748 σέϐουσι
395 720 484 756 ψυχῆς
499 720 546 747 καὶ
556 720 682 756 σώματος
690 721 821 756 ὑπάρχων
835 720 920 752 πάθος
935 720 1007 746 ἀνία-

211 776 258 795 τον
273 768 320 794 καὶ
339 767 482 802 δύσοδμον.
505 766 549 793 Ἑν
567 766 649 802 Τύρῳ
667 766 804 802 Ἡρακλῆς
817 766 884 802 (72),
907 766 1007 801 μᾶλλον

212 815 240 842 δὲ
258 815 392 852 ἠράκλης,
411 814 582 849 πυριάλωτος
598 814 745 850 γενόμενος
757 814 804 841 διὰ
825 814 937 847 κακίαν,
954 814 1008 840 ὑπὸ

212 860 267 887 τῶν
279 861 367 887 ἀθέων
384 860 567 893 ἐκθειάζεται.
592 860 638 887 Ἐν
658 859 814 896 Ἐπιδαύρῳ
832 860 1007 896 Ἃσκληπιὺς,

212 908 227 933 ὁ
240 908 299 938 ταῖς
315 906 396 942 φρεσὶ
409 907 516 942 νήπιος.
536 907 589 933 ὑπὸ
605 906 660 934 τῶν
675 906 851 943 νηπιωτέρων
865 907 911 934 καὶ
924 907 1007 942 ἀνοή-

212 961 267 979 των
281 952 340 983 ese;
351 952 575 988 προσηγορεύθη.
589 953 643 980 Καὶ
656 953 738 988 Σύροι
751 953 801 988 μὲν
814 954 838 980 oi
850 953 1007 989 φερώνυμοι

213 997 353 1032 συρφετοὶ,
371 996 416 1023 τὸν
430 996 477 1023 τοῦ
489 996 554 1032 ᾅδου
566 997 712 1033 ἐπώνυμον
724 998 838 1024 Ἄδωνιν
851 997 1008 1030 ἐξεθείασαν

213 1042 307 1074 κακῶς
321 1050 329 1058 ⁸
356 1041 501 1076 Αἰγύπτιοι
520 1043 548 1069 δὲ
572 1043 618 1070 τὺν
642 1042 790 1078 συρόμενον
812 1043 859 1070 καὶ
883 1043 1008 1079 γεωπετῆ

215 1089 338 1124 Ὀσιριν·
368 1089 467 1122 Ἥλιεῖς
490 1089 603 1119 ὲλεεινοὶ
625 1089 670 1116 τὸν
687 1090 808 1125 Ἕκτορα
823 1090 890 1125 (75),
907 1089 1009 1125 μᾶλλον

212 1135 241 1162 δὲ
254 1135 308 1162 οὐδ’
323 1136 457 1171 ἀλέκτορα
473 1136 600 1171 χρηστόν.
624 1136 655 1162 Ol
671 1137 700 1162 ἐν
719 1136 811 1172 Λεύκῃ
826 1137 859 1172 τῇ
879 1137 954 1172 νήσῳ
964 1136 1010 1162 τὸν

215 1182 326 1217 Ἰκαχον
344 1182 401 1218 (74)
419 1182 554 1217 Ἀχιλλέα.
575 1182 683 1208 Πόντιοι
696 1181 752 1217 (75)
774 1183 820 1209 τὸν
842 1181 1010 1218 πατραλοίαν

213 1228 370 1264 Πάτροκλον
385 1227 555 1255 ἀπεθέωσαν.
574 1227 670 1255 Ῥόδιοι
684 1227 730 1255 τὸν
745 1228 896 1263 είκήμαχον
913 1228 1009 1254 Μακε-

213 1273 352 1310 δόνα(76),
365 1275 413 1301 καὶ
426 1275 515 1310 ἕτεροι
530 1273 671 1310 θατέρους,
681 1275 710 1300 ὲν
719 1274 814 1308 τάφοις
829 1274 903 1301 κόνιν
915 1273 1011 1309 κειμέ-

213 1329 263 1356 νην
285 1320 404 1354 σέὸουσι,
425 1321 515 1348 τέλεον
538 1320 700 1352 ἀσεϐοῦντες
712 1329 719 1337 ·
735 1320 823 1352 οὐδεὶς
843 1319 898 1355 γὰρ
917 1319 1009 1346 αὐτῶν

213 1367 243 1393 ἐν
257 1366 316 1402 Θεῷ
330 1367 376 1393 τοῦ
397 1366 447 1403 ζῇν
462 1367 620 1403 ἀπερῤάγη.
636 1363 743 1401 Ὦντὰς
767 1366 910 1402 παροινίας
927 1366 1006 1399 ὑπεξ-

213 1412 350 1448 ηγεῖσθαι,
363 1413 391 1439 οὺ
407 1412 454 1439 τοῦ
471 1413 603 1448 παρόντος
619 1411 717 1448 καιροῦ
731 1412 848 1448 ὑπάρχει
858 1420 867 1428 ο
883 1412 907 1438 εί
921 1411 950 1438 δέ
965 1420 1006 1444 τις

213 1458 323 1485 ἀκούειν
337 1458 461 1493 βούλεται
475 1459 539 1490 τοὺς
557 1459 670 1486 ἐκείνων
679 1459 788 1494 λήρους,
805 1458 932 1485 πυθέσθω
946 1459 1008 1493 Ὀρ-

214 1506 287 1540 φέως
301 1506 349 1532 καὶ
363 1505 484 1532 Ἠσίοδου
502 1505 558 1532 τῶν
568 1506 750 1542 συγγραφέων
762 1505 812 1540 τῆς
827 1505 939 1533 ἐκείνων
957 1514 1010 1540 μυ-

214 1550 347 1584 θοποιίας,
361 1551 423 1586 ἐμοὶ
439 1551 487 1578 τοῦ
500 1551 595 1578 λοιποῦ
608 1552 714 1586 σιωπᾷν
729 1550 917 1587 χαριούμενος.

916 197 1090 227 DIALOGUS
1112 197 1143 225 II.

1794 196 1850 224 θοι

1053 257 1202 285 liberorum
1222 262 1335 283 suorum
1359 254 1535 295 matrimonia
1555 253 1689 289 corrupit.
1714 259 1796 288 atque
1821 256 1849 282 in

1054 303 1181 338 sepulcro
1202 301 1272 337 apud
1286 301 1432 329 Cretenses
1445 300 1634 335 computruit:
1658 299 1685 326 id
1700 300 1774 335 quod
1792 308 1848 327 non

1055 354 1098 377 est
1115 348 1168 377 dei.
1186 348 1242 376 Nec
1262 348 1315 375 hoc
1332 347 1465 380 contenti,
1481 346 1563 374 etiam
1578 354 1611 374 ex
1626 345 1673 373 illo
1686 350 1766 373 natos
1782 347 1850 373 libe-

1055 402 1101 423 ros
1122 395 1194 422 inter
1215 396 1282 423 deos
1303 394 1457 422 retulerunt
1479 393 1556 428 impii
1577 397 1605 421 et
1632 393 1711 427 vani;
1733 392 1849 421 Hermu-

1055 440 1113 476 poli
1129 440 1239 476 quidem
1256 440 1433 472 Mercurium,
1453 439 1533 474 cujus
1548 439 1648 474 exponi
1662 439 1786 467 oratione
1806 439 1851 465 llu-

1056 486 1123 521 gitia
1144 490 1295 522 nequeunt,
1318 487 1346 514 in
1370 486 1511 522 pulverem
1529 486 1690 519 redactum;
1711 486 1741 512 in
1760 485 1851 521 Cypro

1055 539 1123 560 vero
1138 531 1283 566 Venerem,
1299 536 1326 560 et
1338 537 1460 560 stercore
1469 532 1553 560 veluti
1569 532 1696 568 sepulcro
1708 532 1805 565 sitam;
1824 532 1852 559 in

1056 578 1173 606 Thracia
1193 577 1319 611 Martem,
1344 578 1378 606 ab
1398 579 1589 606 exsecratione
1608 579 1853 614 cognominatum;

1057 633 1090 652 ex
1111 632 1164 660 qua
1180 625 1270 656 nobis,
1294 624 1369 651 velut
1387 632 1419 652 ex
1437 624 1616 659 immorigero
1634 624 1734 656 Esavo,
1752 625 1854 661 Diony-

1060 671 1120 698 sius
1145 670 1310 705 Areopagita
1334 675 1413 697 ortus
1436 674 1488 703 est,
1513 670 1640 698 divorum
1664 671 1854 705 apostolorum

1058 716 1222 752 discipulus.
1248 716 1327 752 Apud
1344 716 1495 744 Caucasios
1515 721 1608 744 autem
1631 720 1740 745 montes
1757 716 1856 744 Satur-

1059 770 1122 795 nus,
1136 763 1192 789 imo
1206 769 1272 790 vero
1287 763 1383 790 asinus
1403 763 1437 789 ab
1451 762 1538 790 asinis
1553 762 1695 796 adoratus,
1715 762 1818 790 rudens
1828 766 1856 790 et

1058 809 1182 836 clamans
1202 808 1336 836 adversus
1351 809 1426 844 ipsos
1444 809 1580 836 ethnicos.
1600 808 1702 837 Thebis
1718 808 1854 840 Bacchus.

1059 855 1213 882 colentibus
1234 863 1264 883 se
1288 858 1344 882 tam
1360 856 1459 882 animae
1480 862 1563 890 quam
1588 855 1714 890 corporis
1742 856 1857 883 morbus

1060 901 1223 928 insanabilis
1238 905 1266 928 et
1281 901 1379 929 letens.
1393 900 1422 927 In
1438 900 1511 937 Tyro
1524 900 1667 934 Hercules,
1685 902 1777 937 potius
1787 902 1856 928 abo-

1061 949 1213 982 minabilis,
1235 950 1281 984 qui
1300 949 1357 984 igni
1373 953 1556 984 consumptus
1570 954 1681 984 propter
1695 949 1857 983 improbita-

1062 999 1127 1029 tem,
1152 996 1186 1023 ab
1215 996 1307 1031 impiis
1331 996 1404 1024 inter
1427 996 1495 1023 deos
1516 996 1644 1023 refertur.
1668 994 1696 1022 In
1719 995 1857 1030 Epidauro

1062 1042 1244 1077 Esculapius
1260 1046 1353 1069 mente
1368 1049 1446 1077 puer,
1465 1042 1499 1069 ab
1517 1041 1754 1077 insipientioribus
1766 1046 1793 1068 et
1811 1042 1858 1067 Inl-

1063 1089 1161 1125 peritis
1179 1090 1247 1117 deus
1270 1089 1434 1124 appellatur.
1455 1089 1488 1117 Et
1504 1089 1577 1125 Syri,
1600 1089 1648 1124 qui
1664 1089 1775 1116 nomine
1792 1097 1858 1116 ron—

1062 1135 1190 1163 veniente
1203 1134 1282 1163 faeces
1300 1135 1391 1169 potius
1409 1138 1490 1167 sunt,
1506 1135 1564 1161 orci
1582 1134 1772 1169 cognominem
1786 1134 1858 1160 Ado-

1062 1181 1119 1209 nim
1134 1181 1205 1209 male
1225 1181 1298 1208 inter
1315 1181 1382 1208 deos
1399 1180 1563 1208 retulerunt.
1581 1180 1702 1216 Egyptii
1718 1186 1857 1215 ι’ρρεηιριιι

1062 1228 1139 1256 humi
1154 1234 1181 1256 et
1195 1232 1276 1256 terra;
1291 1227 1401 1255 allixum
1424 1227 1529 1260 Osirin,
1552 1228 1676 1256 Elienses
1697 1228 1790 1254 miseri
1807 1228 1859 1255 lle—

1062 1279 1184 1307 ctorem,
1212 1273 1358 1310 nequidem
1393 1275 1495 1310 gallum
1528 1275 1707 1310 gallinaceum
1743 1274 1857 1302 bonum.

1063 1320 1114 1353 Qui
1132 1320 1159 1348 in
1175 1320 1265 1347 insula
1280 1320 1370 1348 Leuca
1385 1324 1461 1353 sunt,
1478 1321 1607 1348 Icachum
1627 1321 1772 1354 Achillem,
1786 1320 1859 1348 Pon-

1062 1367 1094 1393 tii
1118 1366 1285 1402 parricidam
1313 1365 1472 1394 Patroclum
1504 1368 1576 1394 inter
1600 1367 1667 1395 deos
1692 1369 1856 1396 retulerunt.

1063 1411 1164 1439 Rhodii
1179 1412 1356 1440 temerarium
1371 1417 1551 1449 pugnatorem
1568 1413 1756 1447 Macedonem.
1771 1419 1799 1442 et
1813 1415 1860 1443 alii

1063 1458 1144 1490 alios,
1164 1458 1305 1493 pulverem
1327 1459 1434 1487 scilicet
1455 1459 1483 1487 in
1508 1461 1634 1495 sepulcro
1654 1460 1792 1495 jacentem
1811 1469 1860 1489 co-

1063 1504 1133 1534 lunt.
1149 1511 1265 1539 prorsus
1289 1504 1373 1540 impie
1389 1509 1511 1540 agentes.
1528 1505 1626 1535 Nullus
1643 1507 1717 1535 enim
1736 1507 1859 1543 ipsorum

1065 1550 1093 1577 in
1106 1549 1162 1577 Deo
1174 1550 1258 1577 vitam
1283 1551 1363 1578 llniit.
1390 1550 1514 1584 Quorum
1533 1552 1675 1580 vesaniam
1698 1560 1860 1580 enumerare

214 1605 269 1626 non
287 1602 330 1626 est
350 1598 495 1634 praesentis
512 1598 657 1634 temporis.
676 1597 705 1625 Si
725 1606 791 1626 vero
815 1598 878 1633 quis
909 1598 1019 1625 illorum
1046 1604 1135 1633 nugas
1161 1597 1257 1625 audire
1279 1597 1367 1633 cupit,
1389 1601 1495 1633 quaerat
1516 1597 1625 1634 Orphea
1649 1602 1678 1627 et
1708 1598 1859 1627 Hesiodum

213 1647 248 1675 de
261 1647 371 1675 illorum
394 1647 506 1680 fabulis,
523 1647 589 1674 mihi
610 1654 675 1674 vero
694 1647 800 1682 reliqua
813 1646 921 1674 tacendi
935 1645 1093 1674 facultatem
1108 1644 1251 1673 concedat.

505 1693 631 1720 ΠΕΥΣΙΣ
648 1692 721 1720 PII".

249 1739 305 1774 Οὐχ
329 1739 464 1775 Ἐλλήνων
494 1739 663 1775 ὑπερμαχῶν
684 1740 753 1774 πρδς
775 1738 805 1765 σὲ
829 1737 1009 1772 διατείνομαι,

213 1784 316 1819 Πάτερ,
332 1784 400 1811 ἀλλὰ
413 1785 475 1811 κατ’
491 1785 605 1811 ἐκείνων
621 1784 692 1810 ὅπλα
701 1783 777 1819 παρὰ
793 1784 844 1819 τῆς
863 1783 914 1818 σῆς
928 1782 1010 1809 πολυ-

215 1829 316 1865 μαθίας
331 1830 494 1865 περιθέσθαι
519 1829 693 1864 βουλόμενος.
720 1830 783 1862 Πῶς
805 1830 896 1857 τοίνυν
918 1829 1010 1863 λέγεις

215 1876 299 1912 μηδὲν
316 1875 478 1911 αὐτομάτως
492 1874 636 1910 γίνεσθαι,
663 1874 731 1910 μηδὲ
748 1874 801 1908 ἔξω
812 1875 864 1910 τῆς
878 1874 952 1906 θείας
964 1875 1010 1901 δυ-

214 1921 340 1957 νάμεως;
362 1920 428 1947 Ἰδοὺ
442 1920 499 1956 (77)
512 1920 566 1956 τῆς
584 1920 665 1956 ἴρεως
680 1920 823 1955 ὁρωμένης
844 1920 946 1956 ἀκριόἦ
960 1928 1010 1946 πε-

216 1967 356 2003 ριφέρειαν
373 1966 501 2002 ἐχούσης,
522 1966 570 1993 καὶ
586 1965 718 1993 πάντοθεν
733 1966 806 2000 ἴσην,
822 1966 881 1992 οἵαν
901 1965 1009 2001 ἀληθῶς

213 2013 273 2039 οὐδὲ
292 2012 354 2044 νοῦς
379 2012 549 2049 περιγράψαι
573 2011 687 2038 δύναται
702 2019 709 2026 ·
737 2011 784 2038 καὶ
803 2011 877 2047 ὅμως
900 2011 1010 2047 ὁρῶμεν

214 2059 260 2085 ὑπ’
275 2058 384 2091 οὐδενὸς
400 2059 486 2094 αὐτὴν
502 2057 662 2093 γινομένην.
687 2056 746 2084 ἀλλ’
765 2058 927 2093 αὐτομάτως
947 2065 1010 2084 συν-

215 2102 374 2138 ισταμένην.

520 2148 705 2182 Ἀπόκρισις.

249 2194 307 2221 Οὐκ
320 2193 527 2230 αὐτοματισμὸν
541 2192 586 2221 οἶα
599 2203 630 2221 τε
652 2194 819 2230 παρεισάξαι
835 2194 852 2230 ἡ
866 2194 916 2229 τῆς
928 2195 1010 2230 ἴρεως

214 2240 354 2272 σύστασις.
392 2241 453 2268 Ἐπὶ
479 2241 557 2277 τύπῳ
579 2241 635 2277 γὰρ
664 2241 712 2268 τοῦ
736 2241 926 2277 στερεώματος
953 2238 1009 2269 οἷον

214 2285 347 2320 σπαρτίον
367 2284 495 2312 κόκκινον
518 2285 565 2312 ἐπὶ
581 2285 674 2312 δίσκου
700 2285 874 2313 διατείνεται.
904 2286 935 2312 Εἰ
954 2285 1009 2321 γὰρ

213 2331 262 2358 καὶ
275 2332 289 2357 ό
299 2331 384 2363 τύπος
399 2331 526 2359 ἐκτυπῶν
538 2331 572 2358 τὰ
589 2331 643 2359 ῐδια
662 2332 725 2363 νοῦς
738 2332 867 2368 ὑπάρχει,
886 2332 943 2359 ἀλλ’
962 2330 1009 2360 οὖν

249 2399 466 2436 (Ἱί)νΔυσαίον.
483 2399 560 2436 Anne
583 2400 750 2436 @calwvog?
770 2399 907 2436 Interpres
925 2402 1004 2429 vertit

213 2435 293 2471 quasi
312 2435 570 2471 legissetouonvlou.
588 2435 667 2471 Eutr.

250 2470 309 2504 (72)
329 2471 381 2497 Ἐν
396 2469 478 2504 Τύρῳ
494 2469 658 2505 ⁷Ἡρακλῆς,
684 2479 713 2497 κ.
733 2479 760 2498 τ.
772 2470 796 2497 λ.
813 2471 951 2499 Cotelerio
969 2471 1005 2498 ad

215 2505 349 2541 Recogm't.
366 2506 413 2533 lib.
428 2513 458 2541 rx,
484 2504 545 2541 cap.
560 2504 606 2538 24,
630 2506 674 2533 hic
687 2506 799 2541 Caesarii
822 2507 899 2534 locus
916 2507 953 2534 ita
969 2514 1001 2534 ex

214 2540 402 2578 Etymologico
420 2540 737 2578 Magnointelligendus
752 2541 907 2578 videbatur,
929 2542 1003 2578 quod

220 2576 357 2613 Ἡρακλῆς
371 2576 463 2611 potius
475 2576 511 2613 sit
527 2576 555 2602 ὲν
569 2576 687 2613 ἧρᾳδεευ
703 2576 756 2613 ἔρα
767 2576 877 2613 ἀκλεής,
893 2578 920 2604 in
932 2576 1004 2604 terra

213 2611 354 2648 inglorius,
370 2619 452 2646 quam
472 2612 542 2647 ἧρας
559 2611 608 2639 seu
622 2611 689 2647 ερας
710 2611 798 2648 κλέος,
816 2611 893 2640 terra;
905 2613 1002 2648 gloria.

215 2646 314 2682 [erum
334 2647 464 2682 deinceps
479 2646 584 2682 mutata
597 2646 749 2682 sententia,
761 2647 818 2675 haec
839 2646 958 2675 habetV.
972 2649 1001 2676 C.

213 2681 336 2709 Nonum.
350 2681 423 2709 Eccl.
433 2681 490 2709 ’Gr.
509 2681 576 2709 tom.
596 2681 641 2714 IlI.
663 2689 724 2717 pag.
738 2681 790 2709 656
802 2688 809 2707 ε
821 2682 897 2716 Apud
910 2682 1004 2712 Cresa-

214 2717 450 2753 τὶιιηιῇΗρακλῆς,
466 2717 620 2753 πυρσκλῆς,
632 2721 661 2744 ut
678 2725 747 2753 nunc
757 2717 880 2751 conjicio,
894 2719 939 2752 qui
951 2719 1003 2745 uli-

216 2756 255 2791 ter
267 2751 347 2791 alios)
366 2752 408 2791 Ert
415 2751 500 2791 ῥετίξᾳ
506 2751 633 2786 Casorii,
642 2753 670 2791 έν
685 2752 767 2791 Τύρῳ
781 2751 928 2791 Ἡρακλῆς.
937 2754 1005 2791 μᾶλ-

214 2786 259 2814 λον
279 2788 307 2825 δέ
325 2787 448 2823 ἡρακλῖκ
460 2787 613 2825 ’(ὶηιενρτεξ
626 2780 1005 2825 Iugurthae,altomirt'ubilis),

214 2822 386 2858 πυριάλωτος
404 2822 549 2858 γενόμενος
572 2823 616 2850 διὰ
638 2822 753 2854 κακίαν,
778 2823 830 2850 ὑπὸ
848 2824 903 2850 τῶν
917 2822 1005 2851 ἀθέων

215 2858 395 2893 ξκθειάζεται.
425 2858 481 2885 Hoc
494 2863 545 2891 eu,
565 2858 647 2892 juxta
664 2865 749 2884 meam
771 2859 930 2893 opinionem,
953 2868 1005 2886 non

214 2892 329 2920 lunonis
348 2894 445 2928 gloria,
461 2893 506 2920 sed
518 2893 605 2927 gloria
616 2893 695 2928 ignis,
711 2900 727 2919 a
738 2901 789 2928 quo
801 2899 894 2928 captus
906 2899 932 2921 et
946 2903 1006 2922 con-

214 2932 334 2963 sumptus
342 2929 405 2962 fuit.
425 2929 489 2956 Haec
502 2929 556 2956 ille.

251 2963 308 2999 (75)
332 2964 470 2998 Ἕκτορα.
494 2963 555 2991 Non
579 2963 647 2992 vidit
668 2964 822 2999 interpres,
859 2971 1004 3000 perperam

1272 1691 1535 1720 INTERROGATIO
1555 1691 1649 1720 CXIII.

1098 1737 1156 1765 Non
1170 1745 1220 1773 pro
1235 1737 1338 1765 Graecis
1363 1738 1526 1774 depugnans
1541 1738 1678 1767 adversus
1698 1745 1724 1768 te
1741 1745 1857 1769 conten-

1061 1782 1107 1815 do,
1124 1783 1161 1810 mi
1177 1783 1270 1815 Pater,
1295 1783 1344 1812 sed
1371 1784 1458 1812 armis
1475 1785 1611 1813 adversus
1629 1786 1691 1813 illos
1716 1792 1765 1821 per
1782 1791 1857 1814 tuam

1061 1829 1243 1865 multiplicem
1260 1830 1416 1858 doctrinam
1434 1830 1512 1858 indui
1524 1831 1599 1860 volo.
1617 1831 1760 1865 Quomodo
1775 1833 1859 1868 igitur

1061 1874 1153 1910 inquis
1169 1875 1238 1902 nihil
1254 1874 1369 1903 fortuito
1383 1876 1455 1909 ﬁeri,
1470 1884 1561 1911 neque
1578 1881 1655 1905 extra
1672 1878 1791 1905 divinam
1809 1886 1858 1914 po-

1061 1921 1210 1949 testatem?
1230 1920 1301 1949 Ecce
1316 1922 1424 1950 caelesti
1443 1930 1510 1950 arcu
1527 1929 1686 1959 apparente,
1702 1924 1857 1952 absolutam

1061 1967 1144 1995 habet
1166 1968 1191 1996 is
1215 1968 1489 2002 circumferentiam,
1509 1974 1537 1996 et
1564 1969 1688 2004 undique
1711 1971 1856 2005 aequalem,

1060 2013 1218 2049 cujusmodi
1234 2021 1330 2041 revera
1347 2021 1383 2041 ne
1401 2021 1479 2041 mens
1496 2013 1607 2049 quidem
1621 2014 1742 2042 scribere
1756 2018 1857 2049 queat;

1060 2063 1087 2087 ct
1099 2063 1192 2086 tamen
1203 2059 1331 2087 videmus
1344 2059 1433 2094 ipsum
1449 2067 1465 2086 a
1482 2060 1557 2087 nullo
1570 2059 1665 2093 condi,
1680 2059 1728 2088 sed
1743 2060 1858 2088 fortuito

1060 2105 1190 2133 existere.

1379 2150 1524 2185 Responsio
1530 2168 1538 2177 .

1095 2197 1155 2225 Non
1170 2201 1262 2233 potest
1276 2204 1371 2225 casum
1390 2197 1537 2224 fortuitum
1551 2195 1682 2225 inducere
1695 2196 1777 2225 iridis
1789 2204 1857 2224 con-

1061 2244 1179 2271 stitutio.
1195 2243 1264 2270 Nam
1280 2244 1308 2271 in
1323 2243 1410 2278 ﬁgura
1428 2242 1594 2270 ﬁrmamenti
1611 2243 1697 2270 veluti
1709 2243 1857 2271 coccinens

1061 2288 1135 2317 funis
1160 2289 1187 2316 in
1212 2289 1307 2317 orbem
1331 2289 1500 2317 extenditur.
1526 2288 1634 2324 Quippe
1657 2288 1681 2316 si
1705 2293 1747 2316 est
1766 2288 1856 2316 lictrix

1061 2343 1150 2368 mens,
1166 2342 1215 2363 sua
1232 2335 1358 2370 quaedam
1373 2334 1518 2372 eﬂingens,
1535 2335 1631 2370 utique
1654 2334 1700 2370 qui
1721 2334 1856 2362 ﬁctricem

1057 2401 1162 2437 editum
1178 2401 1205 2428 in
1219 2401 1337 2437 vulgatis
1351 2401 1487 2437 Νέκτορα.

1094 2436 1153 2472 (τι)
1170 2435 1299 2471 Ἷκαχοὶπ.
1311 2437 1370 2464 Νοη
1382 2435 1504 2472 intelligo
1519 2435 1584 2472 quid
1597 2436 1634 2464 sit
1647 2435 1856 2472 ἼκαχονἊχιλο

1057 2470 1116 2498 Md.
1130 2470 1265 2499 Substitui
1282 2476 1375 2507 posset
1386 2470 1533 2499 dslxaiov.
1546 2471 1653 2500 (io-rer.
1667 2472 1701 2499 ad
1710 2470 1853 2506 'Recognit.

1058 2507 1106 2534 lib.
1122 2514 1150 2534 x.
1167 2514 1228 2534 can.
1245 2507 1291 2534 25.

1067 2514 1106 2535 ω.
1122 2514 1150 2539 x,
1167 2514 1228 2539 cap.
1245 2514 1291 2534 ιο.

1094 2515 1154 2578 Et?)
1167 2515 1303 2578 Ἑὲἱρτῗιῗὶ.
1324 2542 1453 2578 Legimus
1470 2541 1583 2578 quidem
1607 2541 1787 2578 inﬂecogm'l.
1802 2541 1851 2568 ns.

1057 2585 1085 2608 x,
1098 2576 1159 2612 Cap.
1176 2577 1221 2609 25,
1235 2577 1311 2612 Apud
1324 2576 1451 2611 Pontum,
1463 2576 1631 2604 Patroclum.
1642 2576 1744 2604 Verum
1755 2580 1853 2612 auctor

1058 2611 1290 2649 Clementinarum,
1305 2613 1379 2649 hom.
1393 2621 1430 2645 vi,
1445 2620 1504 2647 cap.
1519 2613 1558 2649 722
1574 2612 1667 2649 habet,
1682 2611 1851 2649 Πάτροκλον,

1063 2647 1225 2675 Ὀπούντιοι.
1249 2649 1337 2683 Atque
1365 2648 1435 2675 hanc
1461 2648 1607 2676 lectionem
1627 2647 1750 2676 Caesarie
1766 2650 1850 2675 resti-

1057 2683 1199 2715 tuendam,
1214 2691 1277 2710 cum
1289 2683 1427 2712 Cotelerio
1445 2683 1637 2710 existimarim.

1093 2717 1155 2755 (76)Δ
1181 2718 1236 2755 Τὸν
1257 2718 1427 2755 εὶκήμαχοκ
1443 2718 1556 2746 Μακεδ.
1580 2718 1655 2755 _Edili
1680 2717 1727 2755 τὸν
1748 2717 1851 2755 Ε-ί-κήμ.

1060 2751 1307 2789 υιὶάθῖοοιιιετὶιθτ
1318 2751 1406 2781 νειίιίι
1422 2753 1558 2789 interpres
1575 2753 1743 2780 Icemachum
1759 2751 1850 2789 Maie-

1056 2787 1162 2851 florum}
1176 2788 1228 2850 1Τιι
1244 2789 1328 2822 serio,
1339 2787 1510 2816 temerariurit
1529 2793 1702 2825 pugnatorum
1719 2787 1850 2824 intellige.

1080 2831 1161 2851 OTEL.
1189 2844 1195 2851 .
1215 2832 1240 2851 c.

1080 2831 1161 2851 OTEL.
1177 2831 1195 2851 I.
1215 2832 1240 2851 c.

1093 2859 1150 2894 (77)
1173 2859 1260 2891 Ἰδοὺ,
1274 2867 1302 2886 κ.
1316 2859 1375 2887 τ.λ.
1385 2860 1449 2887 Haec
1464 2863 1607 2887 mutuatus
1616 2863 1658 2887 est
1669 2857 1806 2886 Caesarius
1816 2864 1854 2885 ex

1057 2893 1259 2931 Βιζοθμίιηιίι).
1277 2902 1326 2923 VIII
1349 2903 1410 2931 cap.
1434 2895 1479 2930 41,
1498 2900 1528 2924 ιιι
1542 2895 1576 2923 ad
1596 2902 1659 2923 eum
1679 2894 1771 2922 locum
1791 2899 1852 2920 mo-

1057 2930 1118 2958 nuit
1133 2930 1296 2959 Cotelerius.
