4142 6382
334 327 440 383 905

342 451 485 505 lianc
518 445 671 512 fecit,
702 446 868 503 etiam
896 442 1272 500 intellectilem
1304 440 1612 509 fabricavit,
1644 446 1697 501 in
1731 461 1797 503 ea
1826 447 1932 503 dif-

342 544 575 595 rusurus
606 545 698 591 aut
736 536 1104 600 subacturus,
1150 549 1273 604 quae
1306 534 1412 605 ipsi
1444 536 1685 606 placent.
1743 536 1933 611 Neque

342 634 490 687 enim
545 630 669 700 igne
720 624 1078 696 liquefactum
1123 624 1407 696 plumbum
1436 665 1451 689 ,
1490 636 1587 680 aut
1634 643 1793 695 cera,
1838 639 1935 686 aut

346 723 490 783 calx,
536 720 581 774 si
626 716 863 785 alicujus
899 716 975 770 rei
1028 713 1222 769 formae
1270 713 1616 779 infundatur,
1648 725 1703 771 et
1737 718 1831 772 fiat
1879 717 1934 773 id

347 816 496 884 quod
528 808 728 865 artifici
760 809 937 862 visum
971 808 1158 873 fuerit,
1184 807 1389 862 idcirco
1422 806 1652 864 fortuito
1678 824 1807 866 casu
1838 827 1937 866 ex-

350 909 552 961 sistere
580 900 875 963 videbitur,
924 897 1150 969 quando
1186 912 1353 951 manu
1401 898 1634 953 artificis
1682 915 1782 970 per
1823 899 1937 955 for-

350 1010 498 1051 mam
531 994 583 1048 id
606 995 750 1064 quod
785 991 1086 1061 placuerat.
1110 987 1365 1044 effectum
1393 997 1495 1044 est.
1528 990 1609 1044 Ad
1640 991 1786 1047 hunc
1807 1007 1941 1049 sane

355 1088 578 1142 modum
611 1086 950 1155 intelligatur
981 1090 1037 1138 et
1075 1083 1231 1139 iridis
1265 1091 1421 1138 ortus
1460 1083 1517 1137 in
1566 1086 1940 1141 vehementio-

358 1178 511 1233 ribus
566 1177 1028 1247 tempestatibus,
1102 1176 1262 1245 quasi
1335 1177 1552 1245 signum
1626 1179 1942 1235 securitatis

357 1270 565 1324 mundo
593 1270 884 1331 exltibitze,
934 1267 1081 1339 quod
1130 1284 1241 1322 non
1274 1269 1511 1339 amplius
1544 1269 1657 1324 sint
1690 1271 1945 1327 suburer-

358 1361 533 1432 genda
553 1361 821 1431 aquisque
845 1358 1085 1413 tollenda
1106 1375 1211 1429 que
1233 1360 1336 1415 sub
1367 1361 1511 1415 caelo
1540 1370 1688 1418 sunt.
1737 1362 1945 1418 Ponant

358 1455 528 1518 enim,
562 1453 742 1523 inquit
773 1450 939 1516 Deus,
973 1452 1029 1505 in
1063 1452 1197 1506 nube
1227 1468 1341 1506 mea
1371 1469 1556 1506 arcum
1597 1470 1769 1507 meum
1800 1454 1946 1509 vobis

362 1549 419 1602 in
451 1544 741 1617 signum“.
794 1544 889 1599 Sol
930 1544 1151 1615 quidem
1196 1545 1373 1601 instar
1414 1547 1773 1603 cucurbitulae
1820 1563 1950 1604 san-

364 1642 611 1713 guisuga:
642 1638 924 1694 radiorum
948 1638 1409 1708 ejaculationibns
1432 1639 1720 1695 humidum
1747 1657 1811 1696 ex
1848 1658 1951 1697 nu-

365 1734 552 1797 bibus,
588 1733 738 1788 velut
788 1747 856 1787 ex
902 1730 1088 1801 aliquo
1142 1745 1376 1801 corpore
1430 1732 1500 1787 ad
1556 1748 1617 1789 se
1671 1734 1860 1801 trabit,
1895 1742 1952 1791 et

367 1837 590 1883 sursum
621 1826 771 1882 vehit
802 1826 1043 1896 pluviam
1077 1826 1246 1879 veluti
1274 1824 1481 1880 ﬂuxum
1518 1828 1832 1898 quemdam,
1857 1830 1951 1900 qui

368 1934 537 1990 supra
572 1918 736 1973 bases
771 1916 964 1972 fertur.
1014 1916 1111 1972 Est
1141 1926 1322 1971 autem
1359 1918 1455 1975 iris
1484 1920 1774 1977 triformis.
1818 1920 1956 1976 Nam

370 2013 573 2083 partim
603 2009 827 2082 quidem
864 2011 1054 2077 rubra,
1102 2012 1302 2081 partim
1334 2013 1592 2078 caerulea,
1630 2016 1829 2084 partim
1865 2016 1956 2069 in-

372 2115 490 2162 star
522 2103 708 2161 herba:
738 2102 934 2159 viridis
967 2111 1088 2169 est;
1116 2112 1170 2159 et
1204 2119 1414 2173 pacem,
1441 2112 1494 2160 et
1530 2107 1882 2178 sapientiam,
1906 2115 1962 2161 et

372 2199 695 2272 potentiam,
723 2206 780 2255 et
799 2194 1062 2263 Verbum,
1090 2208 1143 2251 et
1168 2197 1337 2252 Deum
1367 2199 1745 2257 universitatis
1776 2216 1960 2257 rerum

373 2290 661 2356 omnium,
703 2290 760 2345 in
807 2290 1077 2360 sanguine
1109 2298 1164 2343 et
1210 2304 1352 2359 aqua
1385 2298 1442 2343 et
1476 2291 1671 2361 spiritu
1702 2292 1757 2346 in
1800 2308 1963 2347 mun-

375 2382 506 2437 dum
559 2381 750 2437 venire
798 2379 1168 2452 significans:
1222 2381 1484 2452 baptismi
1541 2382 1763 2453 quidem
1820 2400 1964 2455 aqua

375 2488 597 2530 omnem
624 2479 933 2528 creaturam
960 2489 1058 2544 per
1085 2470 1345 2529 Iordanis
1369 2473 1550 2531 fluxus
1571 2491 1600 2529 a
1626 2477 1967 2546 turpitudine

378 2571 728 2639 abluentem;
762 2570 969 2642 Spiritu
996 2580 1176 2628 autem
1208 2581 1401 2629 sancto
1432 2588 1529 2630 eos
1558 2574 1649 2644 qui
1681 2584 1862 2631 mente
1886 2576 1968 2629 in-

380 2663 704 2735 telliguntur
733 2665 1172 2736 submergentem
1204 2666 1478 2737 gigantes.
1529 2666 1798 2722 Craterum
1844 2676 1969 2739 post

381 2764 697 2812 terrestrem
730 2756 1001 2812 idolorum
1028 2766 1084 2814 et
1112 2756 1425 2813 daemonum
1459 2758 1876 2815 suﬂ‘ocationetn
1914 2769 1970 2816 et

383 2847 672 2910 diluvium,
706 2848 972 2918 sanguine
1035 2848 1253 2919 signum
1320 2850 1515 2907 salutis
1589 2852 1751 2907 nobis
1776 2850 1969 2906 datum

382 2944 492 3001 est,
523 2951 665 2991 verae
695 2936 843 2991 illius
870 2937 1279 2994 conciliationis
1313 2947 1368 2994 et
1402 2943 1555 3011 pacis
1587 2940 1681 2995 Dei
1710 2958 1776 2997 ac
1808 2940 1969 2997 Verbi

386 3028 536 3083 velut
563 3039 690 3083 ante
721 3029 776 3082 in
806 3028 1001 3101 ﬁgura,
1033 3030 1115 3085 sic
1145 3046 1291 3085 nunc
1321 3046 1488 3086 carne
1518 3035 1747 3096 extenti,
1776 3046 1837 3088 ut
1875 3035 1970 3105 qui

387 3120 461 3173 sit
506 3119 736 3175 evidens
783 3120 1003 3191 signum
1036 3122 1446 3192 propitiationis
1486 3132 1541 3179 et
1584 3126 1898 3182 securitatis
1941 3142 1971 3181 a

388 3209 698 3266 daemonum
728 3210 938 3267 diluvio
966 3213 1126 3269 nobis
1154 3212 1353 3281 factus,
1386 3231 1453 3271 ex
1485 3216 1707 3271 illorum
1732 3220 1972 3288 procella

386 3308 494 3360 hos
519 3303 586 3358 ad
618 3319 678 3360 se
720 3304 970 3372 trahens,
1000 3322 1126 3360 cum
1159 3308 1340 3379 inquit
1374 3328 1386 3364 :
1425 3309 1725 3380 Postquam
1765 3312 1977 3367 exalta-

393 3405 479 3450 tus
509 3396 660 3465 [uero
694 3412 727 3450 a
763 3406 928 3460 terra,
964 3397 1017 3452 in
1049 3414 1217 3455 cruce
1241 3400 1518 3468 videlicet,
1553 3420 1733 3458 omnes
1766 3405 1977 3459 traham

392 3487 463 3542 ad
502 3487 837 3558 meipsum".
892 3486 958 3543 Et
989 3489 1186 3544 iterum
1215 3491 1395 3562 inquit
1431 3511 1444 3548 :
1491 3491 1627 3549 Ecce
1669 3493 1801 3548 dedi
1834 3495 1979 3551 vobis

392 3587 705 3649 potestatem
736 3579 984 3635 calcandi
1016 3598 1175 3651 super
1204 3594 1467 3654 serpentes
1494 3594 1545 3639 et
1580 3587 1904 3655 scorpiones,
1931 3596 1980 3641 et

395 3687 550 3741 super
578 3687 785 3726 omnem
819 3680 1130 3742 potestatem
1158 3674 1438 3730 inimici”.
1493 3675 1623 3731 Tres
1661 3677 1788 3732 item
1817 3677 1984 3748 hujus

398 3773 553 3818 testes
577 3781 720 3830 esse,
752 3765 934 3836 inquit
968 3766 1207 3821 eximius
1237 3767 1328 3821 ille
1366 3764 1641 3831 Joannes,
1676 3771 1985 3840 sanguinem

396 3864 447 3909 et
482 3871 697 3926 aquam,
725 3866 774 3909 et
796 3856 1069 3926 spiritum,
1102 3868 1153 3910 et
1180 3857 1274 3912 Iros
1300 3867 1406 3912 tres
1439 3874 1602 3913 unum
1627 3861 1817 3916 esse".
1866 3861 1988 3916 Cir—

399 3947 539 4004 citer
588 3948 783 4004 lteram
831 3949 979 4005 enim
1032 3964 1234 4005 nonam
1281 3951 1488 4007 emisso
1534 3952 1778 4008 clamore
1824 3948 1990 4007 Jesus

400 4039 588 4095 emisit
637 4039 896 4111 spiritum
941 4040 1162 4095 animae.
1213 4039 1352 4100 Nam
1384 4041 1607 4100 divinus
1641 4043 1731 4098 ille
1764 4044 1991 4114 spiritus

403 4131 651 4188 inanimo
686 4135 909 4204 corpori
958 4133 1148 4188 unitus
1180 4142 1338 4196 erat,
1388 4142 1445 4190 et
1489 4135 1745 4191 similiter
1800 4137 1994 4191 animm

405 4223 738 4278 inhabitanti
772 4233 1241 4295 contemperatus.
1292 4223 1430 4279 Nam
1476 4225 1522 4280 si
1553 4226 1737 4283 aerius
1768 4227 1997 4297 spiritus

408 4314 659 4382 utrisque
691 4311 869 4377 adest,
911 4314 1086 4369 multo
1116 4314 1294 4384 magis
1334 4313 1561 4371 divinus
1600 4316 1823 4386 utrique
1853 4316 1996 4387 parti

408 4406 619 4469 aderat,
650 4421 776 4461 cum
812 4407 884 4462 sit
916 4409 1305 4479 inseparabilis
1331 4416 1386 4464 et
1412 4425 1610 4479 expers
1642 4413 1986 4480 quantitatis.

410 4496 623 4552 Lancea
655 4513 784 4553 vero
818 4513 1081 4569 percusso
1126 4500 1300 4570 ipsius
1329 4501 1519 4565 latere,
1564 4503 1724 4556 exivit
1766 4505 1985 4574 sanguis

411 4599 463 4642 et
491 4605 627 4659 aqua
652 4605 670 4643 :
699 4598 749 4643 et
774 4591 863 4659 qui
889 4590 1018 4644 uidit
1042 4592 1400 4646 testimonium
1429 4594 1711 4663 perhibuit.
1742 4604 1793 4649 et
1818 4612 1996 4650 verum

416 4690 494 4733 est
528 4680 888 4737 testimonium
914 4681 1050 4750 ejus,
1086 4682 1263 4753 inquit
1289 4683 1525 4740 eximius
1554 4685 1645 4741 ille
1667 4684 1909 4743 Joannes
1927 4688 1993 4744 '°.

422 4770 655 4843 Sanguis
697 4780 879 4827 autem
912 4782 969 4828 et
1015 4788 1159 4845 aqua
1185 4774 1255 4830 de
1301 4774 1404 4831 hoc
1444 4775 1632 4831 divino
1677 4784 1731 4830 et
1773 4778 1999 4848 perenni

417 4861 570 4919 fonte
597 4864 851 4926 scaturit,
883 4876 1107 4935 propter
1125 4866 1467 4935 jndieantem
1495 4867 1752 4934 Pilatum,
1777 4877 1834 4924 et
1862 4871 2004 4927 alios

418 4954 789 5011 acclantantes
822 4974 836 5010 :
874 4955 1042 5020 Tolle,
1081 4956 1228 5023 tolle,
1260 4959 1510 5030 cruci/iga
1555 4963 1813 5031 ipsum“.
1865 4963 2004 5020 Nam

417 5047 633 5105 Pilatus
659 5050 880 5122 quidem
911 5050 1200 5106 amovebat
1237 5062 1275 5105 θ’
1306 5066 1366 5107 se
1397 5053 1592 5110 mortis
1622 5053 1840 5110 Domini
1878 5072 2009 5112 sano

420 5142 675 5213 guinem;
708 5139 886 5197 Judaei
913 5158 1042 5197 vero
1066 5142 1472 5200 damnationem
1496 5160 1563 5200 ex
1592 5161 1657 5200 ea
1685 5155 2003 5205 secuturam

420 5236 478 5291 in
508 5249 568 5290 se
598 5234 995 5292 transferentes
1026 5237 1337 5293 clamabant
1383 5258 1396 5294 :
1434 5238 1663 5311 Sanguis
1704 5243 1819 5313 ejus
1847 5261 2005 5314 super

420 5347 515 5385 nos
542 5339 594 5385 et
626 5345 782 5400 super
810 5329 955 5400 ﬁlios
984 5341 1196 5386 nostros
1213 5331 1283 5387 ⁹².
1317 5330 1473 5399 Quod
1498 5341 1553 5387 et
1583 5348 1687 5389 nos
1715 5352 2008 5406 peraman-

419 5432 504 5477 ter
531 5422 809 5488 dicimus,
861 5439 974 5479 non
1018 5424 1212 5479 eodem
1245 5440 1372 5479 eum
1423 5426 1560 5496 ipsis
1594 5427 1827 5498 affectu;
1876 5447 2003 5486 nam

423 5516 503 5569 illi
534 5515 681 5571 velut
711 5504 988 5572 heminem
1034 5516 1411 5583 intuebantur,
1459 5519 1556 5591 qui
1587 5535 1619 5575 a
1664 5522 1823 5578 nobis
1859 5523 2004 5580 Deus

1434 321 1491 376 S.
1536 322 1838 380 CAESAR“
1879 326 2215 387 GREGOBII
2250 327 2554 384 FRATBIS

3527 314 3632 371 9°36

2039 469 2103 521 γε
2129 454 2158 506 6
2181 452 2273 506 τὸν
2296 452 2464 507 τύπον
2501 451 2726 523 δράσας,
2765 448 2953 521 νοητὸν
2977 446 3322 519 ἐτεκτήνατο,
3360 442 3448 501 ἔπ’
3482 442 3634 515 αὐτῷ

2039 548 2245 618 διαχεῖν
2276 548 2309 619 ἢ
2342 547 2677 618 ἀναμάττειν
2710 545 2922 617 μέλλων
2956 542 3025 596 τὰ
3050 540 3368 615 αἱρούμενα.
3409 538 3485 594 06
3523 536 3634 609 γὰρ

2040 642 2229 712 ὁνπυρὶ
2249 641 2439 704 τακεὶς
2480 639 2728 712 μόλιϐδος
2760 639 2794 709 ἢ
2827 640 3020 709 κηρὸς,
3053 636 3086 707 ἢ
3117 633 3338 707 χαλκὸς,
3369 631 3527 702 τύπῳ
3556 647 3638 683 τι-

2042 732 2131 797 νὸς
2163 733 2536 804 ὲπιχεόμενος,
2570 734 2664 786 καὶ
2695 734 2757 785 τὸ
2788 730 2997 785 ἐκεῖθεν
3023 730 3210 800 σχῆμα
3256 724 3638 797 ἀναματτόμεη

2042 839 2153 888 νος,
2185 824 2281 875 καὶ
2311 822 2371 875 τὸ
2404 822 2594 876 δοκοῦν
2626 820 2705 890 τῷ
2729 820 2949 892 τεχνίτῃ
2987 818 3292 887 γινόμενος,
3326 815 3482 886 παρά
3511 813 3639 867 τού·

2045 930 2125 985 τῳ
2172 913 2495 984 αὐτομάτως
2540 913 2799 982 συστῆναι
2844 910 3007 983 δόξῃ·
3064 908 3200 962 ἀλλὰ
3234 909 3301 978 τῇ
3361 906 3504 977 χειρὶ
3541 902 3639 958 τοῦ

2045 1006 2291 1077 τεχνίτου
2322 1004 2411 1058 διὰ
2457 1003 2552 1057 τοῦ
2604 1005 2774 1057 τύπου
2831 1002 2891 1056 τὸ
2938 1000 3155 1073 αἱρεθὲν
3185 998 3637 1069 ἀποτελούμενος.

2048 1096 2206 1151 Οὕτω
2236 1096 2301 1168 δὴ
2328 1096 2554 1150 νοείσθω
2584 1099 2617 1166 ὴ
2652 1096 2752 1165 τῆς
2788 1097 2949 1168 ῐρεως
2982 1093 3244 1156 σύστασις
3274 1094 3333 1145 ὲν
3363 1093 3483 1154 ταῖς
3512 1106 3642 1159 σφο-

2056 1188 2217 1261 δραῖς
2266 1188 2493 1251 ύετίαις,
2538 1181 2648 1240 οἷον
2679 1189 2759 1250 είς
2804 1188 3029 1257 σημεῖον
3074 1183 3305 1254 ἀφοϐίας
3349 1182 3427 1252 τῷ
3451 1182 3643 1252 κόσμῳ

2052 1278 2460 1352 παρεχομένης,
2496 1277 2572 1349 μὴ
2598 1277 2759 1331 πάλιν
2786 1272 3189 1337 ἀποκλύζεσθαι
3211 1273 3306 1325 καὶ
3337 1270 3646 1342 ὑδροφορεῖ-

2054 1371 2178 1425 σθαι
2213 1370 2282 1423 τὰ
2313 1370 2640 1441 ὑπουράνια.
2675 1368 2854 1434 Brimo
2886 1365 3019 1438 γὰρ,
3051 1364 3216 1435 φησὶν
3240 1364 3269 1415 6
3291 1361 3444 1427 Θεὸς,
3472 1361 3543 1413 ἐν
3567 1358 3644 1429 τῇ

2052 1466 2281 1534 νεφέλῃ
2328 1480 2449 1533 μου
2494 1462 2563 1515 τὸ
2605 1460 2789 1525 τόξον
2836 1462 2923 1525 εὶς
2965 1460 3218 1528 σημεῖον
3259 1454 3421 1525 ὑμῖν.
3458 1454 3645 1507 Ἔστιν

2054 1551 2147 1609 οὖν
2174 1556 2204 1607 6
2231 1554 2382 1626 ἥλιος
2413 1552 2607 1617 σικύας
2643 1552 2801 1623 δίκην
2827 1553 2948 1613 ταῖς
2972 1550 3081 1602 τῶν
3114 1546 3350 1602 ἀκτίνων
3381 1544 3561 1615 βολαῖς
3584 1543 3648 1599 τὸ

2057 1646 2225 1718 ὑγρὸν
2256 1645 2366 1699 τῶν
2394 1644 2595 1713 νεφῶν,
2630 1642 2821 1714 ὥσπερ
2851 1643 2917 1695 ὲκ
2948 1640 3200 1711 σώματός
3222 1655 3368 1703 τινος
3397 1635 3647 1691 ἐπισπώ-

2062 1755 2243 1811 μενος,
2274 1739 2369 1793 καὶ
2397 1738 2643 1791 ἀνέλκων
2678 1736 2771 1790 τὸν
2813 1734 2970 1789 ύετδν
3002 1733 3193 1805 ὥσπερ
3223 1732 3404 1805 ῥεῦμα
3429 1732 3523 1784 ἐπὶ
3547 1730 3647 1793 τὰς

2064 1830 2250 1901 βάσεις
2275 1832 2594 1902 φερόμενον.
2645 1828 2959 1901 Τρίμορφος
2994 1826 3053 1880 δὲ
3078 1829 3113 1898 ή
3145 1827 3274 1899 ἶρις,
3311 1825 3373 1879 τὸ
3398 1824 3498 1896 μὲν
3526 1827 3653 1895 ἐρυ-

2060 1925 2209 1997 θρὸν,
2242 1924 2304 1978 τὸ
2334 1924 2393 1979 δὲ
2422 1923 2683 1995 ἀερῶδες,
2710 1923 2771 1975 τὸ
2798 1922 2856 1975 δὲ
2893 1921 3096 1985 ποάζον
3125 1919 3450 1991 ὑπάρχουσα
3485 1916 3652 1988 χλοα-

2059 2016 2146 2089 νὴ,
2178 2018 2277 2088 τὴν
2301 2017 2551 2088 εἰρήνην,
2584 2015 2680 2068 καὶ
2711 2013 2920 2083 σοφίαν,
2950 2012 3043 2065 καὶ
3069 2009 3320 2081 δύναμιν,
3346 2008 3440 2061 καὶ
3458 2008 3650 2075 Λόγον,

2061 2109 2157 2164 καὶ
2184 2108 2319 2161 Θεὸν
2345 2107 2454 2161 τῶν
2487 2107 2646 2171 ὅλων,
2679 2107 2738 2161 ἰν
2782 2105 3001 2176 αἵματι,
3036 2104 3130 2158 καὶ
3161 2101 3341 2166 ὕδατι,
3367 2100 3462 2154 καὶ
3490 2098 3654 2152 πνεύο

2067 2220 2217 2275 ματι,
2253 2202 2445 2273 κόσμῳ
2473 2201 2760 2271 ἑπιφοιτᾷν
2788 2197 3204 2271 προμηνύουσα,
3240 2194 3392 2250 ὕδατι
3424 2193 3524 2264 μὲν
3558 2190 3653 2245 τοῦ

2067 2295 2443 2366 βαπτίσματος
2471 2295 2656 2349 πᾶσαν
2677 2292 2855 2347 κτίσιν
2873 2292 2961 2346 διά
2990 2290 3100 2345 τῶν
3130 2288 3398 2361 Ἰορδάνου
3426 2283 3657 2358 ῥείθρων

2063 2388 2161 2442 τοῦ
2202 2390 2429 2457 αἴσχους
2482 2385 2881 2451 ἀποκλύζοντα,
2930 2382 3211 2453 Πνεύματι
3255 2380 3315 2434 δὲ
3365 2377 3495 2449 θείῳ
3530 2376 3661 2440 τοὺς

2068 2478 2295 2551 νοητοὺς
2335 2476 2783 2532 καταποντοῦντα
2827 2477 3110 2551 γίγαντας.
3144 2472 3304 2529 Μετά
3350 2472 3409 2526 δὲ
3437 2471 3529 2524 τὸν
3560 2486 3660 2523 πε-

2072 2548 2272 2647 ρίχειον
2307 2572 2416 2627 τῶν
2444 2570 2682 2626 εἰδώλων
2716 2570 2809 2623 καὶ
2843 2548 3115 2640 δαῖμὸνων
3146 2565 3531 2637 καταπνιγμὸν
3567 2563 3664 2618 καὶ

2069 2667 2388 2734 ἀπόκλυσιν,
2418 2665 2480 2719 τὸ
2506 2665 2573 2718 δι’
2604 2664 2835 2734 αἵματος
2866 2664 3095 2733 σημεῖον
3129 2661 3404 2733 σωτηρίας
3435 2662 3570 2731 ήμῖν
3593 2656 3666 2710 δί-

2069 2760 2346 2830 δοται,τῆς
2385 2756 2626 2828 ἀληθοῦς
2672 2755 2832 2825 ἴρεως
2864 2755 2958 2809 καὶ⁹
3006 2755 3231 2825 εἰρήνης
3278 2751 3374 2806 τοῦ
3403 2750 3541 2805 Θεοῦ
3569 2751 3665 2805 καὶ

2071 2851 2269 2919 Λόγου,
2297 2848 2488 2920 ὥσπερ
2518 2848 2611 2900 ἐπὶ
2635 2846 2791 2916 τύπῳ
2806 2844 2893 2898 διὰ
2915 2844 3120 2915 σαρκὸς
3143 2842 3483 2906 ἐκταθέντος,
3501 2844 3668 2913 ὲναρο

2072 2949 2167 3018 γὲς
2198 2947 2423 3017 σημεῖον
2466 2942 2642 3015 ῖρεωςτ
2674 2942 2768 2995 καὶ
2801 2939 3033 3011 ἀφοϐίας
3058 2937 3450 3009 κατακλυσμοῦ
3471 2935 3667 3007 δαιμόο

2074 3056 2181 3094 νων
2215 3039 2351 3109 ήμῖν
2382 3034 2697 3106 γενόμενος,
2725 3034 2789 3085 ὲκ
2809 3033 2908 3102 τῆς
2933 3030 3158 3083 ἐκείνων
3185 3028 3500 3098 καταιγίδος
3521 3028 3670 3099 ἡμᾶς

2078 3129 2551 3200 ἐπισπασάμενος,
2599 3126 2859 3197 φάσκωνο
2919 3126 3098 3178 Ὅταν
3146 3119 3367 3191 ὑψωθῶ
3411 3120 3531 3175 ἀπὸ
3561 3117 3673 3187 τῆς

2082 3224 2197 3297 τῆς
2224 3224 2340 3294 (ἐπὶ
2392 3218 2614 3291 σταυρῷ
2651 3215 2955 3291 δηλονότι),
2984 3215 3218 3280 πάντας
3243 3214 3487 3268 ἑλκύσω
3522 3212 3673 3281 πρὸς

2080 3316 2362 3387 ἐμαυτόν.
2392 3314 2504 3368 Καὶ
2520 3311 2693 3366 ’πάλιν
2723 3310 2914 3380 φησίψ
2958 3307 3108 3361 Ἰδοὺ
3149 3305 3378 3361 δέδωκα
3404 3304 3548 3374 ὑμῖν
3576 3304 3675 3371 ἐξ-

2089 3401 2312 3457 οὺσίαν
2337 3397 2544 3452 πατεῖν
2564 3395 2765 3450 ἐπάνω
2792 3397 2987 3465 ὄφεων
3002 3397 3100 3450 καὶ
3123 3395 3433 3461 σκορπίων
3451 3393 3546 3446 καὶ
3570 3391 3670 3444 ἐπὶ

2090 3490 2298 3548 πᾶσαν
2312 3490 2572 3559 δύναμιν
2589 3487 2695 3543 τοῦ
2717 3488 2955 3557 ἐχθροῦ*
2980 3488 3074 3540 καὶ
3093 3485 3250 3554 τρεῖς
3273 3485 3537 3556 ὑπάρχειν
3555 3483 3674 3535 τού·

2088 3601 2183 3638 του
2202 3581 2529 3652 μάρτυρας,
2551 3581 2715 3652 φησὶν
2737 3581 2765 3632 6
2781 3579 2983 3650 ὑψηλὸς
3008 3575 3367 3650 Ἰωάννης,τό
3385 3570 3551 3643 αἷμα,
3573 3572 3672 3627 καὶ

2088 3676 2158 3731 τὸ
2184 3676 2362 3746 ὕδωρ,
2388 3674 2488 3729 καὶ
2512 3674 2578 3729 τὸ
2599 3673 2855 3743 πνεῦμα,
2882 3672 2982 3726 καὶ
3005 3676 3059 3728 οι
3086 3668 3241 3739 τρεῖς
3269 3668 3339 3723 ἐν
3366 3669 3505 3721 εισι.
3534 3663 3673 3730 Περὶ

2090 3772 2200 3845 γάρ
2239 3770 2339 3841 τὴν
2374 3768 2600 3839 ἐννάτην
2632 3765 2782 3837 ὥραν
2824 3760 3032 3835 κράξας
3074 3760 3105 3812 6
3149 3755 3357 3831 Ἰησοῦς
3388 3756 3569 3827 ἀφῆκε
3616 3755 3682 3809 τδ

2093 3864 2314 3936 πνεῦμα
2334 3862 2436 3932 τῆς
2478 3860 2657 3931 ψυχῆς
2675 3872 2690 3886 ⁸
2722 3856 2784 3909 τὸ
2811 3855 2920 3926 γάρ
2958 3852 3101 3906 θεῖον
3132 3850 3229 3905 καὶ
3253 3848 3447 3919 ἀψύχῳ
3470 3847 3550 3919 τῷ
3577 3845 3684 3900 σώ-

2099 3977 2235 4033 ματι
2261 3960 2472 4030 ἠνωτο·
2508 3953 2711 4026 ὁμοίως
2739 3950 2832 4005 καὶ
2856 3950 2924 4019 τῇ
2964 3946 3109 4017 ψυχῇ
3144 3942 3454 4015 ὲνδημούσῃ
3484 3939 3685 3995 ἀνακέ-

2096 4068 2286 4126 κρατο.
2316 4050 2380 4103 Εί
2409 4047 2517 4126 γὰρ
2536 4045 2598 4099 τὸ
2620 4044 2805 4116 ἀέριον
2834 4039 3055 4110 πνεῦμα
3088 4039 3290 4110 ἀμφοῖν
3322 4033 3681 4126 ξυνυπάρχει,

2099 4124 2234 4199 πολὺ
2273 4124 2473 4215 μᾶλλον
2523 4138 2586 4191 τὸ
2625 4135 2768 4190 θεῖον
2814 4133 3060 4203 ἑκατέρῳ
3100 4131 3351 4202 τμήματι
3382 4124 3680 4191 συνέσται,

2101 4233 2404 4307 ἀδιαίρετον
2436 4230 2681 4299 ὑπάρχον
2713 4227 2808 4281 καὶ
2838 4225 3063 4280 άποσον.
3092 4221 3278 4291 Δόγχῃ
3309 4219 3367 4273 δέ
3408 4235 3491 4282 τις
3520 4216 3687 4282 νύξας

2102 4328 2201 4400 τὴν
2225 4323 2464 4394 πλευρὰν
2488 4319 2677 4385 αὐτοῦ,
2723 4316 3016 4386 Ἐξῆλθεν
3045 4310 3191 4384 αἷμα
3222 4311 3323 4367 καὶ
3353 4310 3511 4379 ὕδωρ
3533 4327 3562 4355 ἰ

2106 4424 2139 4476 ό
2158 4398 2435 4488 ἑωρακὼς
2448 4412 2885 4485 μεμαρτύρηκε,
2902 4407 3002 4463 καὶ
3025 4404 3282 4475 ἀληθινή
3307 4404 3483 4460 ἐστιν
3500 4398 3691 4456 αὐτοῦ

2094 4512 2131 4580 ἠ
2149 4508 2465 4582 μαρτυρία,
2483 4505 2647 4576 φησιν
2673 4505 2703 4557 6
2734 4501 2938 4574 ὑψηλὸς
2959 4498 3231 4561 Ἰωάννης.
3254 4489 3404 4568 Αἷμα
3429 4493 3524 4548 καὶ
3543 4492 3693 4561 ὕδωρ

2104 4603 2204 4674 τῆς
2221 4600 2371 4664 θείας
2392 4600 2484 4654 καλ⁵
2504 4598 2733 4652 ἀεννάου
2750 4597 2957 4667 κρήνης
2982 4591 3248 4646 ἐκδίδοται
3268 4588 3361 4674 διά
3373 4587 3465 4641 τὸν
3481 4587 3696 4659 κρίνονο

2106 4672 2175 4750 τα
2194 4693 2424 4749 Πιλᾶτον
2448 4689 2687 4752 καὶτοὺς
2706 4680 3045 4745 ἐπιϐοῶντας
3061 4698 3074 4713 ·
3103 4677 3311 4751 Ἆρον.
3333 4672 3695 4749 ἆρον,σταύ-

2100 4800 2308 4857 ρωσον
2331 4782 2518 4838 αὐτόν
2539 4798 2554 4813 ο
2593 4779 2688 4834 τοῦ
2721 4780 2818 4851 μὲν
2839 4774 3287 4849 ἀποῤῥιψαμὲνου
3311 4772 3424 4843 (78)
3454 4771 3557 4843 τῆς
3581 4771 3698 4826 Κυ-

2115 4877 2417 4951 ριοκτονίας
2468 4874 2533 4928 τὸ
2584 4867 2724 4943 αἷμα
2742 4887 2757 4905 ο
2806 4868 2918 4923 τῶν
2970 4868 3028 4922 δὲ
3081 4864 3545 4935 ἀντεσπασμένων
3594 4863 3699 4936 τὴν

2103 4969 2317 5025 ἐκεῖθεν
2356 4966 2681 5037 κατάκρισιν
2703 4979 2717 4995 ο
2764 4960 2968 5017 Βοὰτω
3010 4955 3155 5029 αἷμα
3195 4957 3385 5013 αὐτοῦ
3413 4957 3508 5028 ἐφ’
3536 4954 3701 5026 ἡμὰς

2105 5060 2205 5116 καὶ
2237 5060 2336 5114 ἐπὶ
2370 5060 2442 5112 τὰ
2468 5057 2653 5112 τέκνα
2680 5053 2852 5125 ἡμῶν
2870 5070 2884 5083 ·
2940 5054 3081 5123 ὅπερ
3123 5050 3219 5105 καὶ
3262 5050 3429 5121 ἡμεῖς
3472 5045 3699 5120 ἀξιερά-

2111 5170 2251 5218 στως
2293 5152 2496 5224 φαμὲν,
2535 5151 2598 5205 οὐ
2626 5151 2694 5221 τῇ
2719 5147 2856 5219 αὐτῇ
2890 5145 3123 5209 ἐκείνοις
3167 5141 3427 5198 διαθέσει.
3474 5140 3703 5199 Ἐκεῖνοι

2111 5246 2222 5321 γὰρ
2252 5246 2328 5311 ὥς
2372 5244 2563 5318 βροτὸν
2597 5243 2915 5315 ὲσκόπησαν
2937 5238 3031 5292 τὸν
3069 5236 3202 5308 παρ’
3238 5232 3402 5308 ήμῶν
3435 5232 3570 5288 Θεὸν
3590 5230 3704 5286 τῶν

2111 5341 2250 5395 ὅλων
2283 5337 2790 5414 ’προσκυνούμενον⁹
2839 5332 3032 5406 ὥσπερ
3078 5330 3178 5400 οὐχ
3211 5329 3262 5383 οἱ
3296 5326 3453 5399 σοφοὶ
3481 5322 3593 5379 τῶν
3621 5326 3707 5378 ta-

2112 5433 2281 5507 τρῶν,
2305 5432 2367 5486 τὸ
2395 5435 2461 5487 ὲκ
2490 5432 2588 5503 τῆς
2614 5428 2858 5501 κορυφῆς
2889 5425 2983 5480 ἐπὶ
3018 5422 3119 5487 τάς
3147 5421 3301 5493 ὄψεις
3332 5416 3516 5494 ῥεῦμα
3541 5414 3704 5507 φερά-

2116 5506 2278 5597 μενον
2298 5568 2301 5571 ρ
2323 5525 2721 5580 ἀνακόπτουσι.
2755 5519 2843 5574 διά
2881 5518 2981 5589 τῆς
3010 5516 3173 5588 ῖρεως
3202 5513 3302 5584 τὴν
3336 5509 3559 5569 ,ὑδάτων
3582 5506 3706 5561 ἑπι-

497 5648 555 5727 ’ξ-
581 5648 719 5727 Gen.
752 5664 828 5717 Ix,
867 5649 1079 5727 l3.___"
1120 5649 1277 5706 Joan.
1313 5668 1412 5719 xu,
1459 5652 1549 5708 32.
1627 5654 1673 5689 ⁸³
1707 5654 1840 5710 ιουν-
1882 5673 1940 5723 κο

2077 5705 2078 5710 η
2156 5657 2201 5690 ⁸⁸
2242 5657 2258 5712 1
2301 5656 2459 5716 Joan.
2507 5674 2562 5727 ν,
2602 5658 2657 5713 8.
2735 5654 2784 5689 ”
2821 5649 2982 5713 Joan.
3023 5662 3140 5716 lux,
3180 5647 3270 5703 36.
3332 5646 3391 5707 ,⁸⁸
3431 5641 3569 5701 ibid.
3614 5640 3703 5698 13.

332 5706 341 5709 ’
428 5721 474 5753 ¹¹
511 5719 701 5773 Matth.
746 5706 915 5786 xx'vtt,
963 5720 1052 5777 9.5.

515 5857 631 5929 (78)
734 5856 1261 5926 Αποίρσψαμένου.
1327 5852 1490 5913 Forte
1554 5854 2040 5928 ἁπορῤυιξναμένου.
2093 5855 2255 5914 Ean.
