4142 6382
359 376 460 432 997

358 505 548 560 χυοιν,
593 487 670 550 ὡς
716 486 809 540 ἐπὶ
850 485 1009 558 τύπῳ
1036 486 1143 540 τινί
1174 485 1586 557 διατεινομένην
1624 482 1703 555 τῷ
1730 484 1955 539 ὑποκει-

360 578 509 650 μένῳ
535 576 628 631 τοῦ
668 578 820 648 ἡλίου
862 578 1022 649 δίκην
1066 576 1296 641 σικύας,
1341 575 1428 630 διὰ
1466 576 1574 629 τῶν
1607 575 1844 629 ἀκτίνων
1890 574 1961 629 τὰ

357 668 495 739 νέφη
531 668 878 737 συνάγοντος,
910 670 1005 722 καὶ⁵
1039 667 1227 737 ὥσπερ
1268 667 1505 739 καυτῆρι
1535 665 1612 738 τῷ
1643 666 1832 738 θερμῷ
1860 665 1962 730 τὰς

360 759 648 831 ύδροχόους
675 759 879 829 φλέϐας
912 758 1388 831 ἀναξηραίνοντος.

948 1034 1200 1088 ΠΕΥΣΙΣ
1236 1034 1382 1086 PlA’.

434 1129 509 1182 Τὸ
553 1127 653 1200 μὲν
703 1127 997 1199 ἀρχέγονον
1037 1126 1228 1188 σκότος
1270 1120 1432 1188 εἶπας
1475 1126 1541 1195 τῇ
1596 1122 1835 1178 διατάσει
1865 1122 1960 1177 τοῦ

361 1220 613 1292 οὐρανίου
644 1220 927 1288 γεγονέναι
959 1214 1418 1287 σώματοςααὶεῦ
1448 1215 1561 1286 ἔχει
1588 1217 1716 1286 περὶ
1742 1215 1955 1268 τούτου.

363 1312 490 1373 Πῶς
519 1312 575 1364 δὲ
605 1311 702 1383 τὴν
737 1311 909 1364 νύκτα
938 1310 1156 1381 ὁρῶμεν
1181 1310 1505 1379 αὐτομάτως
1533 1306 1847 1380 γινομένην,
1871 1308 1961 1361 οὐ·

362 1405 476 1459 δενὶ
502 1404 653 1476 τόπῳ
668 1404 779 1475 {79)
811 1408 1047 1457 ὲκτυπου
1058 1403 1223 1475 μένην
1243 1420 1258 1469 ;

990 1497 1354 1564 Ἀπόκρισις.

450 1590 732 1662 Ἀνωτέρω
768 1590 866 1661 μὲν
900 1589 991 1643 τὸν
1028 1588 1160 1661 περ)⁸
1192 1588 1384 1651 νυκτὸς
1406 1586 1727 1642 ἀποδέδωκα
1765 1584 1956 1656 λόγον·
2008 1658 2011 1661 ἱ

366 1683 582 1755 ἁμυδρᾷ
612 1683 668 1736 δὲ
697 1682 793 1735 καὶ
824 1679 918 1735 νῦν
958 1679 1127 1734 εἰκόνι
1163 1680 1511 1751 χρησάμενος
1539 1676 1829 1741 ἀποδείξω,
1887 1676 1962 1748 μὴ

364 1780 689 1851 αὐτομάτως
729 1776 897 1849 αὐτὴν
940 1775 1328 1839 συνίστασθαι,
1377 1773 1514 1845 μηδὲ
1538 1772 1642 1838 ἔξω
1671 1772 1774 1841 τῆς
1813 1771 1962 1836 Θείας

364 1871 568 1942 χειρός.
603 1870 814 1940 ’Ὠσπερ
854 1868 963 1939 γὰρ
1013 1868 1061 1921 oi
1116 1866 1316 1938 πύργοι
1366 1866 1471 1919 ὑπὸ
1513 1864 1623 1918 τῶν
1660 1863 1958 1934 οἰκοδόμων

366 1966 699 2036 ἐγείρονται,
745 1963 840 2016 καὶ
877 1960 947 2015 τά
983 1959 1274 2031 λαξευτάἢ
1313 1956 1558 2029 χωνευτά
1583 1956 1686 2010 ὐπὸ
1710 1957 1956 2027 τεχνίτου

364 2056 548 2129 χειρὸς
581 2053 954 2122 διαγλύφεται,
986 2051 1055 2105 τὰ
1086 2051 1143 2104 δὲ
1182 2050 1363 2104 αὐτῶν
1405 2049 1831 2120 ἀποσκιάσματα
1859 2049 1958 2120 οὐχ

367 2146 473 2200 ὑπὸ
503 2145 748 2217 τεχνίτου
787 2142 1033 2212 γίνεσθαι
1064 2142 1304 2212 πέφυκεν
1323 2183 1338 2206 ,
1390 2140 1505 2194 ἀλλ’
1536 2140 1641 2193 ὐπὸ
1688 2139 1797 2194 τῶν
1825 2142 1956 2211 παρ’

368 2238 595 2292 ἐκείνων
634 2235 944 2307 γενομένων
981 2234 1363 2290 ἀποτελεῖταιο
1404 2236 1453 2287 εί
1496 2227 1588 2287 οῦν
1623 2232 1720 2287 καὶ
1758 2231 1963 2304 θάτερα

370 2330 618 2400 θατέροις
635 2328 760 2381 τινὰ
784 2327 1195 2399 παρυφίσταται
1220 2325 1378 2397 τύπῳ
1396 2325 1539 2389 τινὸς
1557 2324 1961 2397 ἐκτυπούμενα,

368 2421 483 2475 ἀλλ’
517 2417 611 2474 οῦν
637 2438 701 2490 γε
736 2421 786 2473 οἱ
824 2421 986 2473 τύποι
1020 2420 1115 2473 ἀπ’
1150 2419 1329 2491 ἀρχῆς
1368 2418 1473 2472 ὑπὸ
1501 2420 1745 2489 τεχνίτου
1782 2419 1965 2489 χειρὸς

368 2514 654 2584 γεγόνασι·
676 2514 770 2567 καὶ
796 2516 828 2584 ἠ
854 2512 949 2577 νύξ
972 2514 1152 2567 τοίνυν
1175 2514 1277 2567 οὐκ
1299 2512 1583 2583 αὐτομάτη
1619 2512 1962 2576 συνίσταται,

370 2607 508 2661 ἀλλά
530 2607 629 2677 τῆς
658 2607 856 2678 χέρσου
891 2608 1128 2679 ὑπάρχει
1146 2606 1524 2677 ἀποσκίασμα,
1551 2605 1733 2670 καθὼς
1765 2606 1963 2678 μικρὸν

372 2702 599 2773 ὕστερον
654 2700 957 2767 ἀποδείξω,
1015 2699 1111 2753 νῦν
1163 2701 1311 2771 ἡμᾶς
1346 2699 1441 2752 τοῦ
1490 2697 1683 2769 καιροῦ
1731 2698 1822 2752 ἐπὶ
1865 2698 1965 2769 τὴν

370 2792 524 2848 θείαν
551 2792 659 2847 τῶν
694 2793 973 2864 μυστικῶν
1009 2792 1234 2863 τελετὴν
1281 2790 1683 2857 συνωθοῦντος,
1741 2791 1836 2844 καὶ
1870 2790 1966 2845 τοῦ

372 2887 560 2945 θιάσου
583 2905 653 2940 κα
663 2886 1041 2959 ραδοκοῦντος.

445 3063 566 3134 (79)
602 3068 784 3131 ΐόπῳ.
814 3064 977 3118 Forte
1006 3064 1181 3135 τύπῳ.
1222 3062 1319 3117 Et).

800 3460 1352 3551 ΔΙΑΛΟΓΟΣ
1423 3458 1549 3548 Γ.

946 3776 1193 3829 ΠΕΥΣΙΣ
1233 3777 1381 3829 PlE'.

446 3890 586 3953 Χθὲς
635 3892 732 3960 τῆς
772 3889 920 3961 ὥρας
965 3888 1428 3958 κατεπειγούσης,
1456 3889 1696 3962 σήμερον
1732 3892 1866 3961 ἡμῖν
1901 3892 1970 3944 τὰ

373 3981 605 4053 λείψανα
635 3982 734 4052 τῆς
768 3982 1045 4052 τραπέζης
1075 3980 1290 4052 ἐκείνης
1340 3980 1563 4044 ἀπόδος,
1614 3982 1679 4034 τὰ
1714 3983 1845 4053 περὶ
1880 4000 1970 4035 νυ-

375 4076 504 4140 κτὸς
532 4077 666 4148 ἡμῖν
692 4075 1041 4146 πλατυτέρως
1073 4072 1412 4144 σαφηνίζων,
1438 4075 1530 4127 καὶ
1560 4073 1647 4126 διά
1670 4074 1723 4127 τί
1755 4076 1788 4144 ἡ
1813 4074 1972 4145 ἀρχέ-

374 4182 533 4235 γονος
568 4167 774 4240 ἡμέρα,
804 4166 866 4219 οὐ
901 4164 1094 4237 πρώτη
1136 4164 1286 4237 παρά
1327 4165 1426 4235 τῆς
1470 4164 1695 4236 Γραφῆς
1728 4165 1966 4237 εἴρηται,

376 4256 516 4311 ἀλλά
556 4256 653 4327 μία
679 4273 692 4286 ’
748 4257 886 4323 ὅπερ
930 4255 1200 4308 ἀνοίκειον
1236 4254 1374 4326 πρὸς
1423 4254 1521 4317 τὰς
1550 4254 1844 4324 ἐπιγόνους
1876 4273 1969 4326 μοι

378 4349 647 4419 φαίνεται.
695 4349 757 4401 Ei
792 4348 901 4417 γὰρ
932 4346 1164 4415 δευτέρα
1207 4346 1301 4399 καὶ
1342 4345 1504 4417 τρίτη
1539 4347 1595 4399 αί
1651 4348 1766 4417 μετ’
1796 4345 1969 4417 αὐτὴν

376 4442 756 4511 ὀνομάζονται,
785 4439 1211 4510 ἀκολουθότερον
1250 4434 1318 4508 ἦν
1353 4439 1739 4511 κατάρχουσαν
1784 4439 1968 4493 αὐτῶν

377 4531 603 4604 πρώτην
639 4532 733 4586 καὶ
760 4531 880 4600 οὐχὶ
913 4530 1039 4601 μίαν
1074 4529 1353 4601 λεχθῆναι.

992 4710 1355 4778 Ἀπόκρισις.

450 4827 523 4881 Τὸ
549 4825 950 4900 ὴμερονύκτιον
997 4824 1125 4895 μίαν
1167 4825 1331 4895 φησὶν
1365 4824 1602 4897 ἡμέραν,
1626 4824 1705 4896 τῷ
1728 4827 1965 4898 ἐπικρα-

376 4921 533 4975 τεστέ
542 4938 619 4993 ρῳ
639 4918 734 4973 τοῦ
754 4919 954 4982 παντὸς
978 4918 1366 4990 διαστήματος,
1380 4918 1491 4973 τῶν
1509 4920 1969 4991 εἰκοσιτεσσάρων

377 5014 538 5086 ὡρῶν
562 5014 625 5067 τὸ
653 5012 822 5084 κῦρος
850 5012 1168 5083 ἀπένειμεν.
1204 5010 1361 5065 Οὕτω
1391 5012 1502 5084 γὰρ
1545 5012 1775 5085 φράζειν
1807 5013 1968 5067 εἴωθε

379 5105 651 5177 πολλαχοῦ
680 5109 715 5176 ὴ
747 5105 867 5159 Θεία
889 5103 1099 5175 Πυκτὴ,
1137 5105 1196 5157 ὲν
1222 5107 1290 5175 τῇ
1324 5103 1621 5175 ἀριθμήσει
1651 5104 1746 5158 τοῦ
1771 5105 1967 5177 χρόνου

377 5201 592 5275 ἡμέρας
622 5197 952 5273 ἀριθμοῦσα,
987 5197 1107 5269 οὐχὶ
1140 5196 1196 5250 δὲ
1241 5198 1334 5251 καὶ
1363 5197 1584 5261 νύκτας.
1632 5197 1875 5263 Ἀκούεις
1896 5199 1962 5271 δὴ

376 5290 472 5345 τοῦ
497 5290 643 5344 θείου
671 5288 911 5361 μελῳδοῦ
933 5305 946 5318 ·
967 5292 1039 5344 Αἱ
1070 5288 1281 5358 ἡμέραι
1305 5287 1459 5342 ἐτῶν
1472 5288 1644 5359 ἡμῶν
1670 5290 1740 5343 ἐν
1758 5291 1964 5359 αὐτοῖς

377 5382 789 5452 ἐϐδομήκοντα
810 5382 935 5449 ἐτη.
970 5382 1084 5454 Πρὸ
1119 5382 1309 5435 τούτου
1337 5381 1393 5435 δὲ
1429 5381 1624 5436 Ἰακὼϐ
1652 5383 1680 5434 ὁ
1697 5386 1965 5457 πατριάρ-

378 5493 481 5546 χης
512 5476 713 5547 φησιν·
744 5477 815 5529 Αἱ
852 5472 1065 5544 ἡμέραι
1107 5473 1219 5541 τῆς
1263 5472 1412 5541 ζωῆς
1456 5492 1576 5543 μου
1609 5475 1815 5544 μικραί
1864 5476 1964 5531 καὶ

379 5567 658 5636 πονηραί.
698 5567 866 5622 Πάλιν
903 5567 959 5620 δὲ
1003 5569 1033 5619 ὁ
1062 5566 1170 5619 τῶν
1202 5566 1362 5619 θείων
1392 5567 1628 5637 μελῳδός
1655 5584 1789 5639 φησι
1810 5585 1823 5597 ·
1851 5569 1964 5623 Καὶ

380 5659 446 5712 τὸ
469 5658 771 5714 κατοικεῖν
796 5676 874 5729 με
903 5659 974 5713 ἐν
1004 5658 1146 5721 οἴκῳ
1173 5659 1416 5726 Κυρίου,
1445 5658 1639 5727 πάσας
1692 5661 1800 5727 τὰς
1828 5661 1963 5730 ἠμέ-

375 5768 489 5821 ρας
526 5750 637 5819 τῆς
666 5750 815 5822 ζωῆς
844 5769 965 5822 μου
1034 5751 1107 5804 Οὐ
1138 5750 1244 5808 μὴν
1278 5750 1415 5804 ἀλλὰ
1446 5751 1540 5805 καὶ
1571 5754 1598 5805 ὁ
1625 5751 1768 5816 θεῖος
1798 5753 1954 5822 εὐαγι

1764 371 2116 431 DlALOGUS
2155 372 2240 429 111.

3548 375 3654 432 998

2060 485 2301 540 universi
2334 484 2502 553 hujus
2536 483 2832 552 adoratur;
2881 500 3111 555 prorsus
3142 492 3202 537 nt
3252 483 3412 553 periti
3449 486 3647 539 medici

2063 593 2173 632 non
2202 577 2459 633 recidunt
2495 592 2525 630 a
2574 579 2781 632 vertice
2812 577 3053 633 delatum
3085 577 3153 631 ad
3192 576 3386 631 oculos
3419 576 3650 637 ﬂuxum,

2063 668 2137 722 ita
2168 683 2264 737 per
2297 665 2489 721 iridem
2522 682 2791 737 aquarum
2845 668 3181 723 inlusionem
3214 668 3362 722 velut
3389 668 3441 720 in
3476 668 3652 721 forma

2062 761 2299 829 quadam
2333 766 2611 814 extentam
2644 761 2697 814 in
2726 761 2975 828 subjecto
3008 762 3144 827 sole,
3191 761 3367 815 instar
3397 760 3655 813 cucurbi-

2065 853 2191 906 tulae
2228 869 2321 921 per
2345 852 2527 906 radios
2563 854 2738 907 nubes
2763 863 3155 923 congregante,
3190 869 3254 908 ac
3278 854 3445 907 wluti
3473 838 3656 907 calido

2063 944 2316 998 cauterio
2343 958 2544 1013 aquam
2579 942 2874 997 fundentes
2906 959 3071 997 venas
3105 944 3442 997 exsiccante.

2488 1034 3010 1090 INTERROGATIO
3052 1033 3237 1089 CXIV.

2136 1129 2417 1184 Tenebras
2446 1131 2667 1198 quidem
2700 1130 3058 1199 primigenias
3083 1128 3269 1183 dixisti
3299 1144 3396 1198 per
3426 1142 3655 1196 separa-

2063 1206 2541 1276 tionemcmlestis
2573 1223 2824 1289 corporis
2864 1238 2987 1276 csse
3023 1222 3215 1285 factas,
3252 1221 3397 1290 quod
3429 1218 3652 1288 quidem

2063 1325 2209 1367 recte
2238 1313 2464 1368 dicitur.
2498 1312 2784 1379 Quomodo
2820 1331 2949 1369 vero
2975 1325 3189 1370 noctem
3216 1314 3467 1368 videmus
3492 1327 3657 1381 spon-

2063 1414 2116 1459 te
2143 1404 2282 1472 ﬂeri,
2306 1407 2457 1458 nulla
2493 1404 2670 1460 forma
2704 1407 3064 1477 expressam?

2698 1497 3009 1567 Responsio.

2146 1587 2326 1660 Supra
2379 1590 2601 1661 quidem
2648 1590 2716 1647 de
2766 1600 2927 1648 nocte
2974 1592 3243 1647 rationem
3292 1589 3504 1646 reddidi
3534 1631 3546 1651 ,
3601 1600 3655 1645 et

2063 1698 2213 1737 nunc
2247 1684 2487 1739 obscura
2518 1684 2882 1740 similitudine
2912 1694 3071 1741 utens
3109 1686 3505 1743 demonstrabo
3547 1704 3657 1743 non

2066 1773 2296 1829 fortuito
2326 1776 2499 1845 ipsam
2530 1780 2834 1845 exstitisse,
2867 1794 3048 1850 neque
3088 1789 3243 1835 extra
3270 1778 3511 1834 divinam
3542 1797 3658 1834 ma-

2066 1882 2221 1920 num.
2274 1866 2750 1934 Quemadmodum
2784 1879 2965 1927 turres
3012 1872 3080 1926 ab
3126 1871 3526 1927 aediﬁcantibus
3561 1888 3658 1927 ex-

2074 1971 2388 2025 struuntur,
2430 1970 2486 2016 et
2531 1965 2745 2033 sculpta
2775 1965 2861 2019 vel
2892 1964 3122 2019 conﬂata
3155 1981 3249 2036 per
3282 1967 3510 2020 artiﬁcis
3542 1980 3659 2020 tua--

2064 2068 2194 2107 num
2228 2052 2645 2123 perpoliuntur;
2696 2056 2765 2110 ab
2796 2056 2932 2126 ipsis
2979 2064 3163 2110 autem
3192 2058 3400 2111 umbra:
3429 2057 3659 2112 redditae

2066 2161 2176 2199 non
2212 2147 2280 2199 ab
2318 2147 2529 2201 artiﬁce
2554 2146 2671 2202 ﬁeri
2704 2149 2903 2213 solent,
2943 2151 3036 2203 sed
3069 2165 3165 2218 per
3206 2165 3270 2204 ea
3299 2166 3420 2220 quae
3450 2150 3518 2204 ab
3550 2150 3658 2203 illis

2068 2237 2210 2291 facta
2246 2246 2377 2292 sunt
2405 2240 2735 2294 efﬁciuntur.
2765 2241 3004 2298 Proinde
3039 2244 3084 2297 si
3120 2244 3224 2297 alia
3252 2243 3499 2313 quaedam
3530 2259 3657 2297 cum

2068 2333 2194 2387 aliis
2242 2327 2515 2389 exsistere
2563 2336 2767 2399 solent,
2821 2335 2998 2391 forma
3053 2336 3288 2405 alicujus
3335 2351 3592 2404 expressa
3641 2352 3655 2389 :

2068 2423 2255 2493 utique
2281 2433 2334 2478 et
2367 2422 2555 2478 formae
2581 2426 2648 2479 ab
2679 2427 2836 2480 initio
2870 2442 3034 2480 manu
3061 2427 3276 2497 opiﬁcis
3308 2426 3465 2482 factae
3506 2434 3655 2482 sunt.

2070 2514 2304 2584 Ideoque
2338 2531 2443 2569 nox
2474 2531 2695 2587 quoque
2724 2534 2835 2572 non
2859 2534 2955 2588 per
2985 2534 3044 2574 se.
3072 2520 3316 2583 exsistit,
3342 2521 3435 2574 sed
3463 2519 3657 2573 umbra

2072 2618 2233 2664 terra:
2256 2618 2363 2675 est,
2390 2612 2855 2679 quemadmodum
2888 2612 3051 2682 paulo
3083 2621 3210 2683 post
3241 2613 3656 2671 demonstrabo.

2068 2704 2291 2772 quando
2348 2721 2451 2759 nos
2501 2706 2665 2760 modo
2720 2708 2862 2760 ratio
2907 2705 3177 2775 temporis
3231 2705 3296 2759 ad
3351 2686 3658 2775 peragenda

2070 2810 2227 2851 sacra
2289 2799 2593 2868 mysteria,
2653 2807 2845 2854 sancto
2907 2809 3052 2854 οωιυ
3110 2813 3212 2854 DOS
3263 2805 3657 2869 exspectante,

2072 2888 2374 2957 compellit.

2451 3447 3053 3540 DlALOGUS
3115 3450 3303 3538 ΙΙΙ.

2500 3765 3029 3825 INTERROGATIO
3068 3764 3233 3822 CXV.

2144 3887 2281 3954 Quia
2313 3896 2528 3957 tempus
2562 3886 2675 3940 beri
2712 3884 2836 3953 plus
2867 3897 3024 3952 atquo
3075 3896 3175 3936 nos
3202 3883 3449 3951 urgebat,
3499 3879 3662 3935 hodio

2073 3981 2230 4035 nobis
2262 3980 2408 4035 illius
2451 3996 2654 4034 mensae
2693 3979 2953 4048 reliquias
2997 3978 3277 4046 exponito,
3330 3990 3561 4044 qua-que
3592 3975 3662 4029 de

2072 4080 2235 4124 nocte
2268 4070 2562 4137 tractanda
2610 4069 2858 4134 veniunt,
2906 4068 3070 4121 latius
3111 4066 3269 4120 nobis
3308 4066 3579 4131 edissere;
3606 4075 3663 4121 et

2071 4176 2242 4230 quare
2272 4160 2385 4216 dies
2416 4161 2515 4215 illa
2545 4161 2870 4232 primigenia
2914 4176 3023 4215 non
3058 4160 3131 4215 sit
3172 4160 3348 4226 prima
3397 4160 3570 4214 sacris
3603 4160 3661 4213 in

2071 4253 2291 4308 Litteris
2313 4254 2477 4319 dicta,
2504 4254 2597 4309 sed
2621 4270 2727 4307 una
2761 4255 2829 4307 ”.
2863 4251 2918 4307 Id
2950 4252 3096 4323 quod
3140 4252 3273 4305 mihi
3304 4252 3488 4306 minus
3524 4266 3660 4305 con-

2072 4348 2259 4401 venire
2294 4346 2508 4402 videtur
2548 4346 2614 4401 ad
2654 4364 2748 4404 eas
2782 4362 2903 4418 quae
2944 4354 3068 4415 post
3097 4353 3233 4400 ortae
3260 4355 3407 4399 sunt.
3450 4343 3583 4397 Nam
3612 4344 3659 4399 si

2073 4437 2312 4491 secunda
2336 4448 2388 4491 ct
2413 4438 2573 4492 tertia
2604 4437 2775 4503 fuere,
2799 4453 2920 4508 quae
2945 4446 3070 4507 post
3101 4437 3256 4490 istam
3283 4437 3657 4499 nominantur,

2072 4526 2488 4583 convcnientius
2543 4538 2680 4594 erat,
2735 4545 2855 4583 eam
2906 4543 3029 4597 qua:
3095 4527 3292 4581 barum
3335 4537 3454 4582 erat
3494 4542 3659 4581 exor-

2070 4620 2243 4687 dium,
2275 4621 2530 4691 primam,
2564 4638 2672 4676 non
2709 4638 2895 4687 unam,
2931 4623 3057 4677 dici.

2708 4713 3020 4784 Responsio.

2148 4831 2300 4885 Diem
2331 4844 2457 4884 cum
2490 4839 2651 4884 nocte
2695 4828 3068 4899 conjunctam,
3094 4827 3237 4882 diem
3276 4835 3436 4880 vorat
3465 4837 3660 4880 auctor

2079 4924 2343 4987 historiaz,
2371 4922 2681 4992 potiorique
2734 4922 2876 4990 parti
2935 4921 3107 4975 totius
3150 4918 3419 4973 intervalli
3465 4918 3659 4989 viginti

2072 5026 2311 5087 quatuor
2343 5004 2629 5078 horarum,
2676 5017 2881 5083 primas
2916 5022 3097 5083 partes
3137 5012 3349 5066 tribuit.
3391 5010 3485 5066 Sic
3509 4996 3659 5065 enim

2074 5110 2263 5164 multis
2314 5109 2369 5162 in
2418 5108 2556 5163 locis
2590 5108 2775 5161 divina
2823 5108 3020 5177 pagina
3056 5088 3205 5174 loqui
3252 5103 3557 5170 consuevit,
3601 5102 3660 5159 in

2074 5201 2462 5272 supputatione
2487 5200 2753 5269 temporis
2785 5200 2904 5254 dies
2938 5214 3256 5263 numerans,
3295 5212 3402 5251 non
3447 5205 3656 5251 noctes.

2073 5294 2247 5348 Audis
2280 5294 2410 5364 quid
2441 5293 2587 5347 dicat
2620 5292 2928 5346 divinorum
2967 5291 3056 5345 ille
3082 5290 3387 5346 carminum
3419 5296 3612 5343 auctor
3641 5305 3656 5341 :

2074 5386 2199 5441 Dies
2232 5403 2491 5439 annorum
2537 5395 2844 5438 nostrorum
2889 5399 3055 5437 annos
3082 5383 3418 5452 septuaginta
3446 5380 3495 5412 "
3522 5392 3661 5435 con-

2078 5480 2270 5533 tinent.
2316 5479 2459 5532 Ante
2507 5478 2654 5532 bunc
2707 5486 2890 5530 autem
2938 5474 3177 5530 Jacobus
3221 5474 3312 5528 ille
3345 5472 3661 5543 patriarcha

2075 5566 2253 5634 inquit
2302 5586 2315 5621 :
2366 5566 2488 5620 Dies
2544 5569 2667 5620 vita:
2712 5582 2840 5621 metu
2892 5567 3050 5635 pauci
3078 5574 3126 5619 et
3162 5565 3291 5618 mali
3334 5566 3399 5618 ⁸⁵.
3448 5562 3660 5618 Rursus

2071 5658 2214 5712 idem
2238 5667 2428 5712 auctor
2465 5658 2777 5713 divinorum
2820 5658 3129 5713 carminum
3177 5656 3406 5726 inquit:
3450 5653 3519 5708 Ut
3561 5655 3661 5709 ha-

2069 5742 2231 5802 bilem
2261 5752 2316 5803 in
2345 5751 2501 5802 domo
2540 5748 2757 5803 Domini
2791 5747 3032 5804 omnibus
3066 5747 3246 5803 diebus
3276 5748 3395 5805 uiue
3435 5761 3564 5803 mm
3586 5747 3655 5801 ".

450 5905 500 5942 ”
536 5905 670 5963 Gen.
714 5923 753 5975 ι,
793 5905 845 5961 5.
919 5903 966 5939 “
999 5902 1143 5960 Psal.
1177 5919 1361 5969 Lxxtx,
1398 5904 1481 5958 10.
1562 5906 1607 5937 ’⁸
1648 5904 1783 5960 Gen.
1831 5920 1964 5959 τινι]

2069 5913 2091 5961 ’.
2172 5906 2220 5937 ’⁸
2258 5903 2404 5960 Psal.
2441 5919 2581 5959 χιιι.
2621 5904 2709 5961 ϐυ
