4142 6382
480 392 588 451 999

481 513 626 582 Quin
669 517 724 564 et
768 505 929 562 divus
985 501 1162 572 inquit
1219 498 1551 570 evangelista
1588 495 1766 551 :Ante
1809 510 1901 548 sex
1956 493 2068 547 dies

482 607 706 662 Pascha:
756 601 897 656 venit
946 595 1106 652 Iesus
1147 596 1204 649 in
1253 593 1572 648 Bethaniam
1603 589 1672 644 ".
1707 588 1774 644 Et
1803 587 2068 644 Dominus

480 699 599 769 ipse
639 693 904 751 divinitus
942 703 1074 745 suos
1118 686 1403 757 alloquens
1440 685 1563 739 ait:
1607 680 1768 736 Scitis
1818 687 1937 751 post
1983 678 2068 731 bi-

480 790 647 844 duum
689 794 869 840 actum
914 783 985 836 iri
1020 778 1232 835 Pascha
1271 777 1340 831 ⁶⁸.
1381 775 1727 846 Quapropter
1756 787 1879 843 quae
1921 784 2069 825 nunc

481 877 538 930 in
569 874 753 944 specie
788 869 1124 927 narrationis
1157 867 1352 922 tradita
1387 873 1537 930 sunt,
1577 879 1678 936 pro
1718 863 1836 934 lege
1881 864 1936 917 tn
1983 875 2070 914 se-

480 966 778 1034 quentibus
808 963 1112 1018 habeantur
1138 979 1154 1015 :
1186 959 1256 1014 Et
1297 959 1418 1028 fuit,
1462 957 1660 1028 inquit,
1683 971 1862 1026 vesper
1887 963 1938 1010 et
1966 954 2068 1024 fuit

481 1070 657 1119 mane,
684 1053 796 1107 dies
815 1067 951 1106 unus
978 1052 1023 1083 "
1055 1068 1069 1104 :
1096 1064 1220 1104 cum
1246 1046 1491 1117 diesjam
1522 1054 1646 1100 ante
1667 1045 2065 1115 praecessisset,

480 1145 690 1202 exstitit
731 1159 946 1214 vesper,
974 1158 1041 1198 ex
1080 1156 1306 1212 vespere
1347 1155 1477 1194 vero
1506 1154 1637 1203 nox,
1673 1154 1741 1194 ex
1780 1147 1940 1192 nocte
1967 1152 2068 1191 au-

479 1248 589 1293 tem
625 1252 807 1302 mane,
848 1236 940 1290 ubi
979 1235 1093 1306 jam
1139 1235 1303 1290 unius
1343 1233 1450 1288 diei
1487 1232 1612 1288 ﬁnis
1650 1242 1752 1299 est,
1804 1245 1928 1301 quae
1970 1243 2070 1300 per

479 1331 673 1402 viginti
720 1339 961 1400 quatuor
1012 1328 1178 1383 horas
1241 1325 1346 1381 diei
1403 1325 1669 1396 potiorem
1721 1332 1928 1394 partem
1965 1320 2068 1376 sibi

480 1423 740 1488 vindicat,
772 1420 1070 1477 subaudita
1096 1419 1354 1474 videlicet
1396 1423 1559 1471 nocte
1583 1416 1686 1472 sub
1705 1414 2068 1487 appellatione

479 1514 610 1576 diei,
654 1529 752 1584 per
797 1513 990 1583 viginti
1043 1520 1283 1582 quatuor
1327 1513 1510 1564 horas.
1563 1507 1685 1574 Quo
1719 1505 1779 1562 ﬁt
1811 1515 1872 1561 ut
1899 1506 2065 1561 etiam

479 1613 727 1675 tempore
772 1601 1199 1658 conversionum
1237 1600 1368 1656 solis
1410 1600 1747 1663 astivarum,
1799 1612 1924 1668 quae
1955 1597 2066 1652 sol-

479 1699 626 1752 stitia
657 1705 878 1761 vocant,
933 1704 1147 1750 noctem
1194 1694 1312 1749 dies
1357 1692 1661 1748 intervallis
1707 1692 1960 1748 excedat.
1995 1692 2068 1746 At

479 1797 728 1859 tempore
763 1788 909 1858 quod
960 1787 1292 1858 aequinoctio
1334 1785 1665 1840 destinatum
1697 1792 1802 1850 est,
1838 1799 2065 1852 prorsus

478 1885 696 1948 oportet
738 1885 1003 1947 utrasque
1041 1876 1282 1946 aequales
1310 1890 1454 1941 esse,
1486 1876 1728 1930 vicissim
1764 1891 1794 1930 a
1826 1891 1886 1930 se
1923 1875 2065 1930 invi-

479 1983 599 2024 cem
616 1968 929 2024 auferentes
982 1967 1037 2022 id
1087 1967 1233 2037 quod
1279 1967 1454 2024 deest.
1490 1965 1598 2022 Sed
1630 1976 1684 2022 et
1714 1967 1839 2023 (ξω,Ιί
1873 1965 2068 2032 facies,

482 2078 680 2118 rursus
705 2061 774 2116 ad
795 2060 1043 2116 eamdem
1072 2075 1289 2116 reversa
1316 2059 1788 2124 constitutionem,
1819 2073 1927 2113 una
1950 2059 2070 2114 dies

480 2154 680 2210 merito
729 2154 1065 2225 appellatur;
1122 2153 1587 2223 quemadmodum
1641 2153 1694 2207 in
1755 2161 1902 2208 terra
1952 2151 2067 2207 ﬁeri

479 2248 641 2315 solet,
675 2256 738 2302 ut
777 2247 1125 2317 interjectum
1173 2247 1243 2302 ab
1296 2263 1408 2302 uno
1449 2246 1646 2302 ﬂorum
1682 2256 1948 2318 proventu
2000 2245 2069 2301 ad

485 2339 679 2404 alium,
711 2348 951 2410 tempus,
983 2355 1162 2394 annus
1192 2347 1438 2394 vocetur.
1463 2338 1829 2406 Quamobrem
1854 2340 2069 2410 quoties

481 2446 682 2501 vesper
710 2443 764 2486 et
792 2447 956 2486 mane
987 2432 1292 2488 secundum
1329 2433 1460 2487 solis
1487 2432 1775 2487 circuitum
1801 2431 2066 2486 mundum

483 2531 740 2592 occupat,
764 2536 873 2576 non
910 2522 964 2576 in
1014 2531 1259 2592 tempore
1302 2522 1511 2593 majore
1555 2537 1718 2592 quam
1765 2521 1929 2577 unius
1959 2521 2066 2576 diei

482 2614 686 2685 spatio,
721 2613 1060 2684 signiﬁcetur
1083 2613 1204 2669 dies
1234 2629 1342 2668 una
1373 2629 1494 2669 cum
1530 2623 1688 2669 nocte
1715 2613 2066 2684 conjunctus,

489 2713 547 2759 et
582 2704 938 2760 luminat-ium
962 2705 1029 2759 ad
1063 2704 1302 2775 priorem
1325 2705 1770 2760 constitutionem
1803 2705 2065 2760 reversio.

480 2795 580 2852 Vel
609 2799 792 2868 potius
824 2795 990 2851 tribui
1023 2797 1148 2866 plus
1183 2796 1384 2852 debere
1434 2797 1566 2851 mihi
1615 2797 1832 2852 videtur
1865 2797 1940 2852 illi
1975 2811 2066 2850 ra-

480 2890 641 2953 tioni,
700 2904 821 2961 quae
875 2899 1086 2944 secreto
1140 2889 1396 2943 traditur.
1454 2887 1611 2956 Quod
1661 2889 1920 2944 nimirum
1971 2887 2066 2959 qui

483 2981 748 3051 temporis
777 2989 1030 3034 naturam
1063 2978 1192 3034 fecit
1239 2979 1401 3045 Deus,
1448 2981 1501 3034 in
1549 2995 1837 3036 mensuras
1869 2980 1988 3051 ejus
2013 2989 2068 3035 et

482 3074 661 3143 signa,
688 3073 900 3128 dierum
938 3071 1220 3127 intervalla
1262 3071 1616 3137 ordinaverit,
1653 3073 1944 3143 ipsumque
1969 3088 2067 3144 per

483 3163 881 3220 hebdomadem
940 3163 1254 3226 dimetiens,
1296 3177 1510 3232 semper
1551 3162 1950 3218 hebdomadem
2008 3162 2065 3217 in

482 3257 836 3326 semetipsam
868 3254 1072 3311 revolvi
1107 3253 1286 3324 jubet,
1326 3255 1591 3327 temporis
1631 3255 1736 3310 hoc
1769 3255 1935 3310 modo
1981 3253 2067 3309 di-

483 3362 782 3402 numerans
811 3355 1044 3410 motum,
1080 3345 1225 3401 sicut
1253 3345 1647 3401 hebdomadem
1671 3361 1866 3401 rursus
1887 3345 2069 3416 explet

482 3436 636 3500 dies,
697 3434 898 3505 septies
946 3434 1001 3488 in
1053 3434 1400 3505 semetipsam
1451 3435 1717 3489 revoluta.
1776 3435 1833 3489 ld
1883 3445 2065 3489 autem

482 3523 772 3578 circularis
826 3530 910 3578 est
950 3523 1148 3594 ﬁgura,
1196 3537 1227 3578 a
1275 3523 1571 3595 semetipso
1613 3524 1872 3595 incipere,
1912 3534 1968 3580 et
2013 3525 2066 3579 in

485 3616 841 3685 semetipsum
890 3615 1142 3671 desinere
1195 3635 1208 3670 :
1262 3619 1410 3687 quod
1475 3617 1686 3672 scilicet
1752 3618 1916 3671 etiam
1967 3618 2067 3672 aevi

483 3704 767 3776 proprium
800 3712 914 3771 est;
952 3711 1008 3760 et
1052 3704 1106 3759 in
1142 3714 1316 3760 semet
1348 3705 1526 3776 ipsum
1555 3707 1752 3761 reverti
1793 3721 2066 3776 nusquam

485 3794 865 3849 terminatum.
897 3791 1185 3864 Propterea
1214 3807 1378 3865 caput
1405 3795 1671 3866 temporis
1699 3811 1806 3850 non
1833 3795 2068 3866 primam

483 3888 720 3950 dierum,
751 3887 846 3942 sed
877 3901 1040 3941 unam
1089 3888 1413 3954 nominavit,
1460 3897 1522 3942 ut
1556 3889 1670 3958 ipsa
1705 3889 2073 3958 appellatione

485 3978 864 4049 cognationem
890 3993 1016 4034 cum
1035 3994 1152 4035 aevo
1175 3979 1419 4035 haberet.
1451 3979 1899 4050 Quandoquidem
1924 3983 2071 4038 enim

486 4070 735 4134 unitatis,
763 4079 820 4126 et
847 4069 969 4140 ejus
989 4070 1134 4142 quod
1161 4073 1570 4128 communionis
1593 4073 1661 4128 ad
1695 4074 1843 4130 aliud
1873 4089 2073 4146 expers

487 4166 595 4223 est,
631 4167 818 4214 notam
860 4159 1020 4215 nobis
1057 4161 1316 4226 ostendit,
1350 4161 1568 4232 proprie
1597 4169 1653 4216 et
1685 4163 2074 4220 convenienter

487 4251 755 4321 appellata
801 4259 886 4306 est
921 4267 1067 4316 una,
1109 4267 1236 4308 cum
1288 4252 1404 4322 ipsa
1451 4252 1508 4308 iu
1559 4252 1739 4325 seipse
1778 4270 1876 4326 per
1910 4269 2072 4312 omne

489 4339 749 4396 saeculum
778 4339 832 4393 in
864 4339 1100 4411 seipsam
1133 4339 1466 4396 revolvatur.

906 4467 1424 4526 INTERROGATIO
1461 4470 1649 4530 CXVI.

564 4595 628 4650 Et
663 4610 902 4666 quonam
940 4607 1100 4666 pacto
1145 4597 1368 4656 Littera:
1407 4616 1578 4658 sacrae
1617 4604 1783 4660 multa
1823 4621 1945 4663 esse
1974 4623 2075 4662 sa:-

490 4683 614 4736 cula
642 4683 1101 4751 demonstrantes,
1137 4688 1337 4742 saecula
1381 4700 1581 4744 vocant
1614 4694 1974 4749 saaeulorum?
2009 4697 2076 4750 Et

492 4774 725 4832 Davides
756 4777 810 4830 in
852 4779 958 4832 line
999 4779 1194 4848 psalmi
1233 4781 1366 4837 dicit
1397 4801 1410 4837 :
1448 4783 1787 4855 Conﬁtemini
1825 4787 2071 4852 Domino,

491 4866 630 4930 caeli,
662 4868 913 4936 quoniam
938 4869 992 4923 in
1029 4870 1208 4924 omnia
1243 4871 1441 4927 swcula
1487 4875 1855 4931 misericordia
1875 4877 1991 4947 ejus
2017 4879 2075 4933 ‘?

494 4951 560 5006 Et
591 4969 783 5008 rursus
811 4955 952 5010 idem
977 4973 992 5010 :
1027 4955 1296 5012 Exaltabo
1328 4967 1397 5024 te,
1425 4959 1567 5015 Deus
1593 4979 1762 5031 naeus,
1785 4981 1876 5018 rea:
1906 4982 2070 5031 meus,

492 5051 544 5096 et
574 5040 875 5098 benedicam
902 5061 1089 5100 nomen
1125 5058 1274 5102 tuum
1315 5052 1370 5102 in
1419 5053 1696 5119 secutum,
1735 5065 1785 5108 et
1811 5057 1866 5109 in
1901 5073 2073 5110 mcu-

492 5133 604 5186 lam
631 5135 817 5188 εαυιιίί
839 5124 892 5177 ’Ὺ
910 5138 1048 5192 Ecce
1078 5139 1181 5193 tria
1207 5141 1403 5196 saacula
1429 5143 1483 5198 in
1517 5147 1816 5202 centesimo
1836 5149 2074 5218 quadra-

493 5225 701 5294 gesimo
739 5235 936 5296 quarto
976 5229 1206 5300 psalmo.
1249 5230 1354 5288 Sed
1385 5242 1441 5289 et
1474 5235 1529 5290 in
1567 5236 1636 5292 iis
1676 5254 1796 5307 quae
1818 5238 2074 5295 dicuntur

491 5327 524 5367 a
554 5328 836 5369 sacrorum
866 5316 1151 5383 ministris,
1179 5317 1291 5376 Deo
1319 5322 1620 5392 gratiarum
1653 5327 1918 5382 actionem
1948 5327 2074 5384 oll'e-

491 5408 841 5470 rentibus,et
877 5407 1164 5479 imperium
1209 5413 1264 5467 in
1309 5416 1496 5472 omnia
1537 5417 1922 5488 tribuentibus,
1957 5423 2073 5479 haec

491 5496 726 5566 proferri
761 5498 1011 5556 audimus
1042 5519 1057 5555 :
1095 5499 1384 5570 Imperium
1405 5513 1456 5560 et
1478 5523 1714 5578 regnum,
1737 5518 1785 5564 et
1811 5521 2066 5579 potestas.

563 5649 614 5684 "
646 5650 807 5709 Joan.
845 5670 946 5724 xu,
987 5657 1039 5711 l.
1114 5659 1162 5690 ”
1199 5657 1389 5716 Matth.
1431 5677 1580 5729 xxvi,
1619 5665 1670 5719 2.
1752 5666 1798 5698 ”
1835 5668 1972 5728 Gen.
2020 5688 2058 5737 ι,
2093 5673 2146 5729 5.
2226 5676 2242 5708 ³
2285 5676 2432 5735 Psal.
2466 5695 2664 5752 cxxxv,
2703 5683 2794 5740 26.

571 5806 684 5878 (80)
735 5808 1275 5891 ᾏναρςυκλοῦαθαι,
1310 5815 1516 5891 artum.
1557 5816 1684 5891 ch.
1725 5822 2068 5878 ἀνακυκλού-

501 5875 778 5950 σθαι,’καί
805 5881 986 5951 πάλιν,
1014 5884 1094 5941 vel
1124 5875 1839 5961 ἀνακυκλουμένην,”πεί).ιν.
1865 5875 2022 5949 Ευιτ.

1507 379 1567 436 S.
1607 374 1908 433 CAESAR"
1947 371 2285 430 GREGORII
2342 370 2644 427 FllATRIS

3625 374 3765 432 ιοοο

2178 489 2436 560 γελιστὴς
2466 505 2633 558 φησιν
2655 502 2668 516 ·
2696 485 2817 555 Πρὸ
2851 485 2922 550 ἐξ
2955 483 3196 556 ἡμερῶν
3217 484 3322 539 τοῦ
3336 483 3552 555 Πάσχα
3579 483 3767 558 ἦλθεν

2173 585 2208 636 ό
2252 582 2484 650 Ἰησοῦς
2510 583 2598 647 εἰς
2617 579 2940 648 Βηθανίαν.
2967 579 3140 641 Αὐτὸς
3161 577 3218 630 δὲ
3239 575 3540 648 θεηγορῶν,
3569 580 3733 651 φησιν
3751 599 3764 613 ·

2175 674 2412 739 Οἴδατε,
2457 673 2548 728 ὅτι
2587 673 2738 744 μετὰ
2781 671 2892 726 δύο
2923 673 3152 741 ἡμέρας
3181 671 3249 726 τὸ
3279 670 3496 742 Πάσχα
3517 674 3765 742 γίνεται.

2181 764 2272 830 Ὠς
2294 768 2362 821 τά
2390 767 2487 822 νῦν
2520 767 2577 821 tv
2609 765 2850 838 ἱστορίας
2883 763 3014 818 εῖδει
3052 764 3448 836 παραδοθέντα,
3476 767 3764 838 νομοθεσία

2173 861 2412 932 ὑπάρχει
2436 859 2575 932 πρὸς
2599 859 2671 913 τά
2696 858 2825 930 ἑξῆς
2847 875 2861 890 ’
2895 857 3008 912 Kal
3036 857 3309 930 ἐγένετο,
3339 859 3766 930 φησ¹ιν,ἐσπέρα

2170 955 2270 1010 καὶ
2309 953 2548 1024 ἐγένετο
2591 952 2771 1021 πρωῒ,
2805 951 2998 1022 ἡμέρα
3025 953 3163 1022 μία·
3198 952 3443 1024 δηλονότι
3476 957 3766 1024 προϋπαρο

2170 1047 2376 1120 χούσης
2409 1044 2510 1118 τῆς
2539 1045 2758 1118 ἡμέρας
2788 1043 3006 1114 ἐγένετο
3040 1043 3270 1116 ἑσπέρα,
3304 1045 3370 1098 ὲκ
3392 1043 3448 1098 δὲ
3479 1045 3579 1117 τῆς
3602 1044 3767 1099 ἑσπέ-

2172 1155 2290 1210 ρας,
2321 1135 2441 1202 νὺξ,
2473 1138 2537 1191 ἑκ
2566 1136 2624 1189 δὲ
2652 1136 2752 1207 τῆς
2777 1133 2991 1199 νυκτὸς,
3012 1133 3180 1206 πρωῒ,
3207 1133 3340 1188 ἔνθα
3367 1134 3703 1207 περατοῦται
3725 1135 3764 1208 ἡ

2173 1235 2272 1306 μία
2305 1234 2508 1306 ἡμέρα,
2560 1231 2650 1286 διὰ
2677 1231 2790 1285 τῶν
2831 1231 3111 1302 τεττάρων
3149 1229 3245 1284 καὶ
3269 1229 3444 1284 εἰκοσι
3475 1228 3638 1301 ὡρῶν
3660 1228 3766 1300 τῆς

2173 1328 2304 1399 μιᾶς
2335 1325 2550 1398 ἡμέρας
2585 1323 2647 1378 τὸ
2673 1322 2840 1395 κῦρος
2866 1322 3085 1394 ἔχουσα,
3119 1321 3636 1392 συνυπακουομὲνης
3668 1320 3766 1392 δη-

2167 1419 2345 1473 λονότι
2375 1419 2471 1489 τῆς
2502 1416 2704 1482 νυκτὸς
2727 1419 2796 1488 τῇ
2829 1417 3012 1488 ἡμέρᾳ
3045 1415 3134 1469 διὰ
3163 1414 3274 1469 τῶν
3304 1415 3765 1484 εἰκοσιτεσσάρων

2168 1510 2347 1583 ὡρῶν.
2382 1510 2546 1562 Ὥστε
2575 1507 2672 1561 καὶ
2715 1508 2777 1561 ὲν
2802 1508 2923 1570 ταῖς
2949 1506 3180 1577 τροπαῖς
3207 1503 3304 1559 τοῦ
3335 1503 3490 1575 ἡλίου
3526 1502 3761 1574 συμϐαί-

2168 1619 2248 1656 νει
2298 1601 2506 1671 ταύτην
2544 1599 2764 1670 ἐκείνης
2813 1597 3167 1668 ὑπερϐαίνειν
3207 1599 3322 1660 τοῖς
3374 1595 3762 1665 διαστήμασιν.

2180 1692 2342 1747 Ἀλλά
2372 1691 2497 1745 τότε
2549 1688 2922 1761 ἀφωρισμένῳ
2973 1687 3154 1760 χρόνῳ
3201 1689 3301 1756 τῆς
3331 1684 3647 1758 ἰσημερίας,
3681 1683 3767 1738 δεῖ

2168 1785 2386 1848 πάντως
2413 1782 2722 1854 ἰσομοίρους
2743 1781 3034 1852 τυγχάνειν
3058 1780 3395 1851 ἀμφοτέρας,
3417 1776 3769 1848 ἀντισπωμέ-

2173 1895 2272 1942 νας
2291 1877 2426 1948 παρ’
2465 1875 2712 1946 ἀλλήλων
2741 1875 2803 1928 τὸ
2831 1874 3036 1927 λεῖπον.
3087 1872 3200 1925 Kal.
3242 1872 3276 1942 ἡ
3305 1869 3402 1923 τοῦ
3439 1867 3671 1938 ούρανοῦ
3703 1866 3762 1920 δὲ

2173 1965 2296 2036 ὄψις
2322 1965 2417 2019 ἑπὶ
2449 1963 2547 2036 τὴν
2572 1963 2743 2036 αὐτὴν
2769 1963 2935 2017 πάλιν
2961 1958 3427 2025 ἀποκατάστασιν,
3455 1958 3552 2029 μία
3580 1956 3766 2028 ἡμέρα

2172 2057 2398 2122 εἰκότως
2445 2054 2954 2127 προσαγορεύεται·
2998 2053 3138 2125 ὅπερ
3175 2052 3273 2106 καὶ
3301 2049 3394 2104 ἐπὶ
3435 2049 3535 2121 τῆς
3564 2049 3765 2120 χέρσου

2172 2150 2420 2220 γίνεσθαι
2443 2150 2707 2219 πέφυκεν,
2732 2149 2798 2202 ἑκ
2822 2147 2925 2217 τῆς
2965 2146 3136 2217 αὐτῆς
3168 2143 3500 2216 ἀνθοφορίας
3545 2142 3641 2196 ἐπὶ
3665 2142 3768 2213 τὴν

2171 2242 2363 2314 αὐτὴν,
2382 2241 2626 2295 ἐνιαυτὸν
2645 2238 3030 2311 ὀνομάζεσθαι.
3051 2239 3217 2292 ’Ὥστε
3235 2232 3328 2290 οὖν
3347 2237 3540 2299 ὁσάκις
3558 2233 3768 2306 ἑσπέρα

2172 2333 2267 2388 καὶ
2300 2331 2448 2405 πρωῒ
2485 2333 2628 2386 κατὰ
2674 2331 2774 2404 τὴν
2804 2330 2897 2384 τοῦ
2937 2331 3089 2402 ἡλίου
3118 2328 3367 2402 περίοδον
3395 2324 3767 2396 ἑπιλαμσάνει

2171 2424 2264 2478 τὸν
2295 2424 2526 2496 κόσμον,
2566 2425 2642 2496 μὴ
2666 2425 2724 2478 tv
2752 2424 2959 2478 πλείονι
2989 2422 3190 2494 καιρῷ,
3221 2421 3336 2476 ἀλλ’
3367 2421 3425 2473 tv
3463 2420 3595 2492 μιᾶς
3630 2417 3769 2489 ἡμέ-

2177 2533 2275 2587 ρας
2331 2516 2662 2588 διαστήματι
2703 2515 3065 2586 σημαίνεσθαι
3114 2515 3177 2568 τὸ
3210 2511 3639 2586 ἡμερονύκτιον,
3673 2509 3768 2565 καὶ

2168 2606 2269 2678 τὴν
2295 2609 2464 2679 αὐτὴν
2493 2608 2604 2661 τῶν
2644 2610 2837 2680 φωστὴ
2848 2625 2956 2679 ρων
2985 2603 3433 2662 ἀποκατάστασιν
3453 2621 3468 2636 ·
3499 2605 3532 2676 ἡ
3567 2601 3768 2675 μᾶλλον

2172 2698 2253 2772 [ἦ]
2284 2698 2620 2772 κυριώτερός
2648 2717 2739 2772 μοι
2769 2696 2918 2753 δοκεῖ
2961 2701 2990 2752 ὁ
3035 2700 3094 2753 ὲν
3125 2699 3458 2770 ἀπορρήτοις
3479 2693 3768 2768 παραδιδό-

2173 2805 2362 2861 μενος·
2401 2790 2486 2844 ὅτι
2535 2793 2565 2844 ὀ
2615 2790 2713 2862 τὴν
2752 2790 2848 2844 τοῦ
2894 2790 3090 2861 χρόνου
3138 2787 3302 2858 φύσιν
3350 2785 3766 2849 κατασκευάσας

2168 2880 2321 2945 Θεὸς,
2357 2881 2533 2952 μέτρα
2559 2880 2709 2952 αὐτῷ
2735 2883 2828 2935 καί⁵
2861 2884 3063 2953 σημεῖα
3089 2881 3159 2936 τά
3188 2880 3299 2934 τῶν
3345 2878 3570 2951 ἡμερῶν
3607 2877 3764 2943 ἔταξε

2167 2969 2544 3042 διαστήματαο
2607 2974 2702 3025 καὶ
2741 2971 2999 3042 ἑϐδομάδι
3032 2972 3197 3025 αὐτὸν
3240 2971 3625 3044 ἑκμετρὴσας,
3675 2969 3764 3024 ἀεὶ

2167 3060 2268 3131 τὴν
2302 3061 2575 3133 ἑϐδομάδα
2607 3064 2686 3126 εἰς
2717 3062 2918 3134 ἑαυτὴν
2949 3062 3391 3118 ἀνακυκλοῦσθαι
3424 3062 3656 3127 κελεύει,
3679 3061 3764 3127 ἑξ-

2167 3153 2421 3224 αριθμῶν
2458 3152 2553 3206 τοῦ
2593 3154 2789 3225 χρόνου
2833 3153 2932 3225 τὴν
2958 3155 3175 3224 κίνησιν
3200 3171 3215 3186 ’
3269 3154 3370 3225 τὴν
3403 3152 3678 3224 ἑϐδομάδα
3707 3152 3792 3205 δὲ’

2173 3248 2253 3310 εἰς
2277 3245 2475 3317 ἑαυτὴν
2504 3246 2965 3313 ἀνακυκλοῦσθαι,
3001 3247 3166 3303 πάλιν
3189 3248 3302 3319 (80)
3332 3246 3644 3320 ἐκπληροῦν
3664 3234 3765 3317 τὴν

2173 3337 2302 3410 μίαν
2322 3340 2560 3412 ἡμέραν,
2589 3340 2818 3404 ἑπτάκις
2848 3341 3017 3412 αὐτὴν
3056 3342 3136 3405 εἰς
3172 3340 3370 3413 ἑαυτὴν
3393 3339 3764 3413 ἀναστρέφου-

2171 3449 2290 3486 σαν.
2327 3432 2498 3486 Τοῦτο
2525 3433 2582 3486 δὲ
2623 3433 2885 3489 κυκλικὸν
2928 3434 3164 3506 ὑπάρχει
3207 3435 3415 3506 σχῆμα,
3445 3435 3542 3503 ἀφ’
3571 3432 3763 3486 ἑαυτοῦ

2170 3521 2464 3594 ἄρχεσθαι,
2515 3521 2610 3577 καί
2644 3525 2726 3588 εἰς
2770 3524 2934 3579 ἑαυτὸ
2967 3525 3299 3596 καταλήγειν
3332 3540 3346 3554 ⁸
3383 3524 3414 3578 ὃ
3443 3523 3510 3596 δὴ
3543 3524 3637 3578 καί
3667 3523 3764 3577 τοῦ

2171 3614 2367 3676 αἰῶνος
2414 3615 2576 3681 ίδιον,
2625 3616 2721 3670 καὶ
2767 3619 2847 3681 εἰς
2891 3618 3088 3672 ἑαυτὸν
3115 3616 3476 3689 ἀναστρέφειν
3510 3617 3763 3688 μηδαμοῦ

2172 3703 2594 3777 περατούμενον.
2627 3705 2720 3760 Διὸ
2744 3706 2844 3778 τὴν
2870 3707 3116 3778 κεφαλὴν
3137 3706 3234 3761 τοῦ
3273 3707 3490 3779 χρόνου,
3523 3709 3584 3762 ού
3615 3708 3766 3779 πρώ-

2172 3797 2270 3870 τὴν
2303 3798 2546 3870 ἡμερῶν,
2579 3799 2716 3853 ἀλλά
2741 3799 2872 3870 μίαν
2895 3799 3199 3871 ὠνόμασεν,
3223 3801 3371 3865 ὅπως
3399 3803 3466 3872 τῇ
3496 3789 3766 3872 προσηγο-

2175 3889 2268 3961 ρίᾳ
2297 3889 2357 3943 τὸ
2401 3891 2662 3959 συγγενὲς
2697 3889 2796 3963 ἔχῃ
2843 3891 2982 3962 πρὸς
3020 3891 3111 3945 τὸν
3143 3890 3338 3945 αἰῶνα.
3386 3890 3494 3946 Τοῦ
3529 3891 3637 3961 γὰρ
3663 3907 3762 3962 μο-

2173 3977 2338 4049 ναχοῦ
2377 3979 2472 4033 καὶ
2505 3981 2874 4050 ἀκοινωνὴτου
2919 3979 3056 4050 πρὸς
3090 3979 3278 4052 ἕτερον
3315 3980 3406 4034 τδν
3438 3980 3766 4052 χαρακτῆρα

2171 4068 2450 4134 δεικνῦσα,
2489 4071 2707 4135 οἰκείως
2733 4071 2829 4125 καὶ
2872 4070 3167 4144 προσφυῶς
3188 4069 3607 4145 προσηγορεύθη
3640 4073 3762 4145 μία,

2172 4161 2312 4232 αὑτὴ
2343 4163 2402 4213 tv
2428 4162 2597 4234 ἑαυτῇ
2636 4161 2728 4216 διὰ
2753 4164 2956 4229 παντὸς
2980 4163 3177 4228 αἰῶνος
3208 4163 3660 4236 ἀνακυκλουμένη
3679 4166 3760 4233 εἰς

2173 4253 2391 4324 ἑαυτήν.

2720 4485 2971 4538 nam:
3015 4485 3209 4555 PlG’.’

2253 4615 2364 4668 Kal
2402 4615 2521 4681 πῶς
2568 4619 2602 4689 ἡ
2646 4618 2839 4691 Γραφὴ
2880 4620 3114 4685 πολλοὺς
3149 4621 3351 4686 αἰῶνας
3398 4622 3762 4693 ἐμφαίνουσα,

2179 4704 2327 4774 λέγει
2367 4707 2570 4773 αἰῶνας
2603 4708 2851 4772 αἰώνων;
2885 4713 2980 4768 καὶ
3014 4713 3180 4768 Δαδίδ
3218 4713 3356 4786 πρὸς
3399 4714 3478 4786 τῷ
3503 4715 3647 4769 τέλει
3668 4717 3761 4769 τοῦ

2175 4797 2393 4871 ψαλμοῦ
2418 4818 2580 4872 φησιν
2595 4819 2610 4833 ο
2657 4803 3178 4878 Ἐξομολογεῖσθαι
3200 4805 3312 4877 (81)
3335 4808 3416 4874 τῷ
3435 4810 3630 4877 Κυρίῳ
3655 4810 3765 4863 τοῦ

2176 4889 2461 4957 οὐρανοῦ,
2511 4890 2602 4945 ὅτι
2651 4895 2741 4961 εἰς
2789 4893 3022 4964 πάντας
3052 4895 3198 4964 τοὺς
3228 4897 3449 4965 αἰῶνας
3482 4897 3549 4953 τὸ
3593 4900 3766 4965 ἔλεος

2175 4979 2365 5034 αὐτοῦ
2385 4999 2404 5047 ;
2445 4982 2541 5036 καὶ
2571 4984 2735 5038 πάλιν
2760 4987 2790 5040 ό
2830 4987 3024 5052 αὐτός·
3061 4988 3316 5058 ’Υψώσω
3343 5005 3440 5055 σε,
3474 4993 3510 5046 ὁ
3553 4992 3700 5058 Θεὸς
3729 4995 3764 5046 ὀ

2176 5069 2480 5137 ,βασιλεύς
2512 5090 2652 5141 μου,
2689 5075 2791 5129 καί
2836 5077 3155 5148 εὐλογήσω
3193 5078 3263 5133 τὸ
3305 5079 3494 5150 ὄνομα
3521 5097 3639 5136 σου
3677 5084 3766 5148 εἰς

2181 5159 2288 5214 τὸν
2326 5161 2533 5230 αἰῶνα,
2567 5165 2669 5221 καί
2699 5170 2788 5234 εἰς
2815 5168 2924 5223 τὸν
2965 5169 3154 5224 αἰῶνα
3183 5170 3291 5226 τοῦ
3327 5171 3582 5240 αἰῶνος;
3631 5172 3764 5227 ’ἰδοὺ

2179 5254 2330 5324 τρεῖς
2351 5254 2547 5320 αἰῶνες
2576 5259 2634 5312 ἐν
2658 5258 2736 5330 τῷ
2772 5260 3056 5333 ἑκατοστῷ
3071 5263 3498 5337 τεσσαρακοπῷ
3519 5265 3766 5336 τετάρτῳ

2177 5343 2400 5417 ψαλμῷ.
2443 5347 2604 5403 Ἀλλά
2626 5351 2718 5405 καὶ
2743 5351 2852 5405 τῶν
2874 5353 3027 5424 παρά
3044 5355 3156 5410 τῶν
3182 5357 3373 5428 ἱερέων
3391 5357 3664 5430 ἀκούομεν
3685 5357 3765 5429 τῷ

2178 5431 2298 5504 Θεῷ
2333 5435 2686 5511 εὐχαριστίαν
2719 5441 3125 5514 ἀναφερόντων,
3165 5446 3351 5502 καὶτὸ
3390 5448 3591 5519 κράτος
3622 5448 3763 5501 κατὰ

2182 5523 2401 5580 πάντων
2429 5529 2834 5602 ἀπονεμόντων,
2865 5533 2954 5588 ὅτε
2989 5535 3154 5604 φασίο
3194 5535 3268 5592 Τὸ
3311 5537 3551 5607 κράτος,
3591 5537 3688 5591 καί
3721 5535 3760 5602 ἡ

2876 5689 2897 5718 ²
2937 5685 3078 5743 Psal.
3125 5704 3307 5758 cxuv,
3349 5689 3404 5743 1.

2245 5831 2358 5904 (81)
2402 5835 2939 5909 Ἐξομολογεῖσθαι.
2969 5840 3099 5915 Leg.
3126 5843 3557 5916 ἑξομολογεῖσθε.
3589 5839 3668 5900 lo.
