4142 6382
375 374 510 434 ίοθι

369 491 681 557 βασιλεία,
712 484 810 540 καὶ
833 483 872 553 ἡ
901 482 1177 552 δύναμις,
1201 480 1301 537 καί
1328 482 1369 551 ἠ
1391 480 1549 546 δόξα
1576 479 1685 535 τοῦ
1706 481 1958 551 Πατρός,

375 581 475 634 καὶ
508 578 615 632 τοῦ
663 576 820 639 Υἱοῦ,
852 576 952 629 καί
984 575 1091 628 τοῦ
1121 574 1296 644 ἁγίου
1327 573 1693 642 Πνεύματος.
1721 573 1839 627 νῦν
1866 573 1965 627 καὶ

372 673 490 738 del,
518 671 617 726 καὶ
641 673 728 738 εἰς
753 669 895 734 τοὺς
920 667 1142 734 αἰῶνας
1171 665 1294 720 τῶν
1315 664 1569 722 αἰώνων.
1607 666 1813 737 Ἀμήν.

997 758 1360 827 Ἀπόκρισις.

459 853 601 907 Ἀλλ’
629 852 730 907 οὐκ
759 852 826 904 ὲκ
857 849 1067 905 τούτων
1084 849 1314 914 πολλοὺς
1340 849 1543 913 αἰῶνας
1559 849 1815 922 ἀριθμεῖν
1841 861 1968 904 παι-

372 946 674 1018 δευόμεθα,
709 943 846 999 ἀλλά
875 943 972 998 καὶ
1005 941 1261 1014 ἀμείψεις
1295 942 1640 1014 πραγμάτων
1668 942 1764 995 καὶ
1794 959 1966 995 κατα-

377 1040 644 1102 στάσεων,
672 1037 735 1090 οὐ
766 1034 1121 1107 περιγραφὰς
1153 1034 1212 1087 δὲ
1251 1033 1347 1088 καὶ
1370 1033 1608 1106 πέρατα,
1647 1034 1680 1104 ἢ
1717 1033 1964 1104 διαδοχὰς

376 1136 609 1190 αἰώνων.
659 1132 869 1204 Ἡμέρα
890 1134 1000 1204 γὰρ
1019 1133 1244 1200 Κυρίου
1259 1130 1496 1200 μεγάλη
1521 1129 1621 1184 καί
1643 1129 1964 1200 ἐπιφανὴς,

376 1228 542 1298 φησὶν
579 1228 608 1280 ὁ
656 1227 979 1297 προφήτης⁶
1028 1224 1126 1276 καὶ
1154 1222 1340 1288 πάλιν,
1372 1223 1495 1276 Ἵνα
1521 1223 1581 1275 τί
1602 1222 1744 1292 ὑμῖν
1775 1221 1968 1289 ζητεῖν

375 1319 491 1390 τὴν
531 1318 762 1386 ἡμέραν
802 1316 1058 1383 Kvpicv;
1093 1315 1193 1369 καὶ
1246 1314 1398 1382 αὕτη
1444 1315 1689 1379 σκότος,
1740 1313 1840 1366 καὶ
1895 1313 1966 1366 οὐ

376 1413 503 1482 φῶς
521 1431 534 1444 ·
570 1412 758 1474 σκότος
779 1408 1024 1481 δηλονότι
1047 1410 1161 1470 τοῖς
1175 1406 1368 1472 ἀξίοις,
1399 1407 1522 1460 ἐπεὶ
1550 1406 1852 1478 ἀνέσπερον
1873 1405 1968 1458 καὶ

373 1503 656 1572 ἀδιὰδοχον
694 1501 794 1571 τὴν
820 1498 1036 1569 ἡμέραν
1073 1495 1295 1565 ἐκείνην
1331 1492 1472 1549 οἶδεν
1494 1497 1522 1548 ὁ
1548 1495 1706 1563 λόγος
1733 1509 1746 1523 '
1775 1495 1843 1565 ἢν
1875 1495 1967 1547 καὶ

375 1597 569 1667 ὀγδόην
609 1595 639 1646 ὁ
662 1593 770 1647 τῶν
812 1591 976 1644 θείων
1013 1588 1250 1661 μελῳδὸς
1281 1587 1749 1660 προσηγόρευσεν,
1788 1585 1968 1653 ’Υπὲρ

376 1687 486 1756 τῆς
517 1687 735 1757 ὀγδόης
775 1682 1128 1754 ὲπισημάνας
1175 1681 1282 1735 τῶν
1325 1680 1522 1734 ἑαυτοῦ
1549 1679 1778 1750 ψαλμῶν
1806 1678 1962 1750 (8l‘).

375 1782 564 1853 ἕτερον
604 1780 682 1843 δὲ,
717 1780 931 1850 γραφῇ,
977 1776 1160 1845 ’Υπὲρ
1188 1774 1711 1843 κληρονομούσης,
1737 1773 1814 1836 ὡς
1841 1772 1964 1826 ταύ-

371 1892 473 1946 της
507 1874 604 1928 κελιί¹
653 1872 822 1944 μόνης
861 1870 960 1932 τὰς
997 1868 1197 1932 λοιπὰς
1230 1866 1676 1939 κληρονομούσης
1721 1865 1958 1936 ἡμέρας,

368 1968 485 2030 τοῖς
536 1967 868 2033 ἀπεράντως
914 1961 1013 2015 καὶ
1055 1961 1324 2031 ἀτμήτοις
1375 1958 1751 2028 διαστήμασι,
1812 1956 1874 2010 τὸ
1903 1955 1961 2009 δὲ

371 2051 518 2105 κατὰ
564 2055 784 2104 πάντων
817 2050 986 2120 κῦρος
1029 2048 1470 2120 ἀναδησαμένης,
1508 2047 1597 2100 διὰ
1636 2046 1698 2099 τὸ
1729 2047 1962 2118 ὑπερτε-

375 2141 488 2207 ρείν
535 2139 631 2190 καὶ
680 2137 785 2201 ἔξω
819 2136 1036 2191 κεῖσθαι
1079 2136 1176 2189 τοῦ
1223 2135 1590 2206 ἑϐδοματικοῦ
1645 2133 1831 2189 toﬁ-sou
1863 2134 1961 2188 κύ-

368 2228 523 2283 κλου.
563 2230 728 2282 Ὥστε
764 2229 870 2282 κᾶν
899 2229 1114 2300 ἡμέραν
1163 2232 1343 2300 φήσω,
1383 2228 1486 2282 κᾶν
1511 2227 1704 2292 αἰῶνα,
1734 2228 1834 2298 τὴν
1864 2228 1960 2281 αὖ·

368 2324 472 2392 τήν
519 2339 662 2392 φημι
707 2320 940 2375 ἔννοιαν.
976 2322 1103 2375 Εἴτε
1145 2324 1258 2392 γὰρ
1290 2321 1474 2392 ἡμέρα
1512 2319 1620 2390 εἴη,
1659 2319 1756 2389 μία
1785 2319 1958 2382 ἔσται,

369 2414 467 2466 καὶ
495 2415 556 2466 οὐ
588 2413 818 2467 πολλαί·
848 2413 958 2466 εἴτε
992 2412 1128 2467 αἰὼν
1159 2411 1588 2483 προσαγορεύων
1629 2411 1765 2481 (82),
1796 2427 1961 2482 μονα-

367 2508 461 2578 χὸς
492 2506 562 2560 ἂν
587 2506 672 2576 εἴη
712 2506 807 2560 καὶ
844 2506 1171 2577 ἀπέραντος.
1210 2506 1355 2578 Πρὸς
1389 2505 1485 2576 τὴν
1521 2503 1823 2576 μέλλουσαν
1867 2500 1961 2558 οὖν

368 2599 514 2671 ζωὴν
548 2599 765 2666 ἀνάγων
806 2597 965 2669 ἡμῶν
998 2597 1098 2669 τὴν
1141 2597 1373 2662 ἔννοιαν,
1423 2597 1553 2669 μίαν
1602 2596 1810 2669 ἔγραψε
1861 2596 1961 2668 τὴν

365 2689 550 2743 εἰκόνα
578 2688 672 2742 τοῦ
723 2689 924 2752 παντὸς
972 2689 1167 2752 αἰῶνος
1201 2689 1406 2759 Μωσῆς
1431 2691 1461 2741 ὁ
1487 2689 1835 2759 ἱεροφάντης,
1861 2688 1960 2759 τὴν

362 2781 624 2853 ἀπαρχὴν
651 2780 758 2834 τῶν
787 2781 1036 2854 ἡμερῶν,
1076 2781 1176 2852 τὴν
1217 2781 1456 2852 ὁμήλικα
1495 2780 1592 2832 τοῦ
1637 2779 1835 2849 φωτὸς,
1862 2779 1960 2854 τὴν

367 2871 521 2925 θείαν
567 2873 662 2925 καὶ
710 2871 916 2942 σεπτὴν
962 2872 1274 2944 Κυριακὴν,
1313 2873 1411 2944 τὴν
1443 2875 1509 2942 τῇ
1541 2872 1839 2925 ἀναστάσει
1863 2869 1958 2924 τοῦ

366 2965 576 3036 Κυρίου
605 2965 1004 3038 τετιμημένην.

951 3258 1202 3310 ΠΕΥΣΙΣ
1234 3259 1382 3312 ΡῑΖ⁹.

445 3347 666 3419 Ἐπειδὴ
696 3348 915 3416 λέγουσί
937 3366 1082 3412 τινες
1105 3349 1410 3412 ὲπαοιδίαις
1435 3353 1530 3405 καὶ
1557 3357 1835 3424 γοητείαις
1860 3356 1958 3426 τὴν

359 3441 598 3512 σελήνην
625 3440 964 3507 κατάγεσθαι
996 3442 1296 3512 οὐρανόθεν
1315 3459 1328 3474 ·
1356 3445 1451 3497 καὶ
1482 3446 1544 3499 τὸ
1580 3448 1839 3504 πλεῖστον
1862 3452 1960 3521 μέ-

361 3549 457 3602 ρος
486 3532 584 3602 τῆς
607 3531 705 3584 ἀνθ
717 3532 1031 3602 ρωπότητος
1056 3535 1128 3603 τῇ
1157 3533 1316 3604 φήμῃ
1341 3534 1518 3609 ταύτῃ
1545 3539 1843 3610 κρατηθὲν,
1875 3541 1956 3594 σι-

355 3622 527 3694 δηρον
557 3623 652 3676 καὶ
686 3623 887 3692 χαλκὸν
915 3623 1232 3693 κρούοντες,
1262 3623 1458 3697 ὥσπερ
1485 3629 1543 3681 ἐν
1586 3629 1841 3683 ἐκστάσει
1866 3649 1958 3700 γει

359 3715 595 3786 νομένην
622 3714 700 3786 τῷ
727 3715 876 3786 ﬁxo»,
893 3714 998 3785 τῆς
1027 3715 1236 3787 πλάνης
1257 3716 1428 3788 αὐτὴν
1471 3721 1844 3790 ὲπανάγεσθαι
1873 3740 1959 3775 νο-

363 3807 635 3878 μίζουσιν.

973 3900 1332 3968 Ἀπόκρισις.

428 3988 608 4042 Μῦθοί
651 4007 795 4053 τινες
839 3990 1238 4057 καταγέλαστοι
1280 3991 1386 4044 ὑπὸ
1423 3994 1612 4063 γραῶν
1642 3995 1951 4061 κωθωνιζο-

359 4083 538 4151 μένων
591 4083 770 4154 πάντη
823 4083 1138 4154 διεδόθησαν
1179 4086 1688 4158 παραληρούμενοι,
1735 4106 1952 4159 μαγγα·⁵

357 4173 531 4236 νείαις
549 4176 663 4227 τισὶ
689 4174 796 4241 τῆς
823 4175 1035 4238 οἰκείας
1060 4176 1226 4247 ἕδρας
1247 4178 1654 4245 ἁποκινεῖσθαι,
1690 4183 1785 4235 καὶ
1814 4183 1952 4252 πρὸς

356 4268 461 4336 γῆν
501 4265 672 4336 αὐτὴν
708 4264 998 4337 φέρεσθαι,
1043 4268 1137 4320 καὶ
1165 4267 1553 4338 Ἠλαφᾶσθαι·
1599 4272 1736 4345 ὅπερ
1768 4272 1952 4344 πάσης

356 4356 580 4424 ἀλογίας
603 4356 697 4409 καὶ
723 4356 824 4426 τῆς
845 4357 1084 4427 ἐσχάτης
1111 4359 1374 4422 ἀπονοίας
1403 4360 1651 4432 ὑπάρχον
1685 4381 1776 4434 μοι
1801 4364 1952 4418 δοκεῖ

355 4454 446 4506 τὸν
470 4453 613 4505 θεῖον
639 4451 1087 4524 παρακρούεσθαι
1118 4453 1376 4525 μελῳδὸν,
1404 4457 1621 4528 ᾄδοντα·
1641 4463 1948 4530 Σελήνην,

351 4543 615 4610 ἀστέρας
643 4541 682 4597 ἁ
730 4543 811 4597 σὺ
859 4544 1282 4611 ἐθεμελίωσας.
1339 4547 1500 4609 Ποῖος
1541 4547 1599 4599 δὲ
1640 4550 1743 4620 ἄρα
1781 4551 1948 4616 τόπος

358 4635 840 4690 κατασπασθείσαν
876 4637 1049 4707 αὐτὴν
1087 4637 1413 4702 ὑπεδέξατα;
1457 4633 1563 4702 Ἧς
1594 4640 1949 4713 διὀἁμυδρᾶς

359 4729 569 4791 εἰκόνος
603 4725 873 4791 ἀποδείξω
900 4728 960 4780 τὸ
998 4727 1228 4798 μέγεθος
1264 4731 1376 4792 τοῖς
1419 4731 1846 4796 εἰκαιοὸούλοις’
1876 4733 1944 4786 Αἰ

353 4821 496 4874 κατὰ
536 4819 635 4891 τὴν
679 4819 1010 4889 οἰκουμένην
1060 4819 1244 4883 πόλεις
1291 4820 1544 4873 πλεῖστον
1583 4823 1829 4894 ἀλλήλων
1864 4824 1947 4878 δι-

357 4913 594 4968 εστῶσαι
613 4915 733 4976 ταῖς
758 4911 901 4964 κατά
921 4911 1020 4982 τὴν
1044 4911 1186 4981 ἑῴαν
1208 4913 1490 4982 κειμέναις
1512 4915 1605 4967 καὶ
1619 4915 1718 4986 τὴν
1783 4917 1944 4972 ἑσπέ-

359 5024 478 5077 ραν,
506 5006 600 5058 καὶ
614 5004 892 5073 διαφόροις
905 5004 1010 5074 τῆς.
1021 4989 1116 5074 χέρ
1124 5021 1226 5057 σου·
1237 5007 1300 5076 ῥυ
1309 5006 1598 5076 μοτομίαις
1615 5009 1712 5062 καὶ
1725 5008 1946 5079 ὄχθαις,

356 5098 651 5170 ἰσομοίρως
709 5099 882 5152 πᾶσαι
929 5097 992 5149 τὸ
1029 5097 1334 5168 σεληνιαῖον
1381 5099 1502 5168 φῶς,
1561 5101 1937 5171 ὑποδέχονται,

351 5192 492 5257 ὅπερ
517 5194 630 5253 τοῖς
653 5190 976 5262 ἀρτίφροσιν
1006 5189 1194 5241 ἱκανὸν
1223 5190 1435 5254 πάσαις.
1469 5192 1647 5262 αὐτὴν
1678 5193 1937 5264 ἀντιπρό-

350 5299 530 5336 σωπον
559 5283 654 5335 καὶ
694 5279 1050 5352 ὑπερμεγέθη
1078 5280 1388 5351 τυγχάνειν.
1427 5283 1492 5335 Εἰ
1523 5282 1598 5354 μὴ
1625 5285 1736 5353 γὰρ
1763 5284 1940 5349 οὕτως

346 5372 436 5449 ἦν.
475 5377 695 5440 πάντως
721 5375 787 5429 ἂν
815 5377 941 5438 τοὺς
969 5376 1055 5428 ἐπ’
1091 5375 1313 5440 εὐθείας
1341 5377 1686 5446 κατεφώτισε
1712 5377 1940 5448 μόνους,

346 5473 458 5533 τοῖς
481 5470 536 5522 δὲ
562 5469 622 5524 τὸ
660 5465 818 5540 εὖρος
844 5469 1016 5538 αὐτῆς
1048 5467 1483 5540 ὑπερπίπτουσιν
1511 5469 1932 5542 ὲγκεκλιμέναις

344 5565 560 5632 αὐγαῖς,
585 5563 675 5616 διὰ
712 5563 826 5616 τῶν
873 5561 1124 5629 πλαγίων
1165 5560 1541 5633 παραθέουσα,
1590 5563 1929 5635 προσέϐαλεν

1754 368 2012 426 DIALOG
2022 368 2112 427 US
2175 369 2267 424 Ill.

3506 374 3650 432 1002

2068 491 2118 536 et
2145 481 2316 551 gloria
2359 477 2565 550 Patris,
2586 493 2636 538 et
2660 483 2809 552 Filii,
2834 498 2882 543 et
2911 484 3141 554 Spiritus
3194 488 3388 555 sancti,
3424 503 3562 542 nunc
3596 497 3650 542 et

2069 590 2290 643 semper,
2320 585 2368 628 et
2395 575 2447 628 in
2480 574 2676 628 sa’cula
2706 576 3040 630 swrulorum.
3075 583 3261 631 Amen.

2620 760 2621 763 ‘
2713 751 3023 822 Responsio.
3377 812 3386 818 _

2139 848 2210 900 At
2236 861 2304 900 ex
2329 846 2449 901 istis
2474 861 2578 900 non
2614 846 2876 901 docemur
2906 847 3072 901 multa
3103 863 3397 904 numerare
3427 850 3651 913 siecula,

2068 939 2164 998 sed
2194 950 2247 994 et
2276 940 2608 994 mutationes
2643 956 2824 994 rerum
2872 949 2927 995 et
2965 950 3224 1008 statuam,
3261 958 3367 996 non
3412 943 3654 998 circum-

2069 1029 2398 1100 scriptiones
2417 1039 2473 1085 et
2495 1031 2759 1086 terminos
2776 1043 2872 1085 aut
2900 1031 3278 1087 successiones
3300 1033 3652 1090 saeculorum.

2067 1122 2195 1176 Dies
2221 1124 2366 1177 enim
2421 1122 2638 1176 Domini
2681 1139 2903 1194 magnus
2935 1133 2986 1178 el
3023 1124 3274 1192 illustris,
3316 1126 3492 1194 inquit
3523 1142 3653 1197 pro-

2069 1219 2228 1288 pheta
2261 1219 2302 1272 ³.
2334 1221 2402 1274 Et
2428 1219 2664 1272 iterum:
2703 1218 2771 1271 At
2812 1219 2938 1288 quill
2987 1219 3131 1272 vobis
3169 1221 3382 1288 prodest
3419 1237 3656 1290 quwrere

2068 1311 2210 1365 diem
2238 1310 2498 1365 Domini?
2523 1311 2685 1365 etiam
2714 1312 2831 1380 ipsa
2855 1312 2955 1366 erit
2985 1311 3176 1383 caligo.
3209 1329 3314 1366 non
3348 1313 3444 1367 luz
3475 1314 3517 1368 ‘.
3549 1313 3656 1370 Ca-

2068 1399 2176 1470 ligo
2202 1399 2412 1454 scilicet
2443 1401 2510 1454 iis
2545 1401 2640 1470 qui
2675 1401 2754 1456 sic
2797 1413 3096 1457 merentur.
3133 1388 3415 1475 Siquidem
3449 1406 3657 1476 absque

2070 1510 2294 1564 vespere
2345 1509 2408 1548 ac
2456 1495 2808 1549 successione
2856 1495 3000 1550 diem
3051 1496 3196 1550 illam
3256 1495 3372 1552 fore
3423 1498 3652 1564 scimus,

2069 1604 2234 1658 quam
2265 1598 2318 1643 et
2341 1599 2588 1642 octavam
2622 1589 2934 1643 divinorum
2981 1591 3288 1646 carminum
3329 1600 3525 1646 auctor
3554 1607 3655 1662 ap-

2068 1680 2289 1750 pellavit
2329 1698 2341 1735 :
2383 1678 2493 1732 Pro
2549 1690 2736 1734 octava
2785 1683 3024 1746 psalmos
3073 1698 3204 1738 suos
3255 1683 3565 1740 inscribens
3606 1685 3653 1740 ⁸.

2069 1774 2250 1829 Alium
2287 1775 2416 1828 item
2463 1775 2736 1844 psalmum
2770 1775 3017 1832 inscribit
3047 1795 3060 1832 :
3106 1775 3216 1830 I’ro
3243 1794 3307 1832 ea
3339 1794 3458 1849 quia
3486 1779 3658 1833 luere-

2069 1865 2290 1919 ditatem
2321 1865 2568 1936 accipit‘
2601 1885 2614 1920 :
2659 1867 2818 1936 quasi
2861 1868 2976 1923 haec
3017 1868 3132 1922 sola
3169 1868 3502 1939 reliquarum
3535 1869 3656 1925 dies-

2070 1974 2191 2012 rum
2219 1959 2291 2013 sit
2323 1959 2518 2026 haeres,
2563 1975 2659 2030 per
2709 1960 2914 2016 inﬁnita
2954 1967 3010 2016 et
3051 1962 3291 2032 expertia
3343 1964 3652 2019 sectionum

2071 2049 2304 2104 ullarum
2330 2050 2508 2120 spatia
2535 2060 2857 2105 cunctarum
2885 2064 3069 2107 rerum
3096 2053 3328 2123 imperio
3354 2055 3606 2111 redimita
3633 2075 3648 2110 :

2069 2156 2355 2214 propterea
2386 2144 2534 2214 quod
2569 2146 2819 2214 superior
2851 2146 2943 2213 sit,
2987 2156 3040 2202 et
3083 2156 3236 2202 extra
3284 2150 3653 2218 septenarium

2071 2236 2217 2290 hunc
2236 2236 2509 2291 circulum
2536 2237 2734 2308 posita.
2761 2238 3129 2305 Quamobrem
3159 2241 3276 2296 sive
3295 2241 3439 2296 diem
3469 2242 3656 2312 appel-

2068 2327 2276 2393 lavero,
2306 2330 2421 2383 sive
2459 2330 2722 2385 saecnlum
2751 2341 2806 2385 et
2833 2345 3008 2385 avum
3057 2349 3072 2384 :
3118 2333 3310 2387 eodem
3360 2343 3658 2402 utrumque

2069 2419 2376 2488 proferetur
2417 2423 2718 2478 intellectu.
2766 2421 2894 2478 Sive
2940 2425 3087 2480 enim
3141 2424 3259 2481 dies
3315 2424 3497 2490 fuerit,
3545 2433 3656 2483 una

2066 2514 2193 2576 erit,
2225 2522 2280 2568 et
2309 2530 2419 2569 non
2453 2516 2675 2582 multae;
2721 2516 2838 2571 sive
2879 2517 3144 2572 saeculum
3176 2519 3498 2588 appelletur,
3531 2520 3657 2574 nni-

2068 2615 2195 2658 cum
2241 2606 2370 2674 quid
2428 2605 2614 2672 fuerit,
2662 2618 2715 2663 et
2759 2609 2968 2680 absque
2997 2611 3255 2666 termino.
3291 2613 3374 2667 Αιὰ
3409 2613 3654 2668 futuram

2069 2698 2232 2763 igitur
2259 2701 2423 2752 vitam
2447 2701 2758 2757 subducens
2801 2713 3050 2758 nostrum
3099 2704 3457 2772 intellectum,
3485 2713 3656 2761 unam

2069 2788 2214 2841 dietu
2247 2789 2384 2844 dixit
2409 2793 2676 2860 interpres
2716 2793 2808 2848 ille
2832 2809 3014 2848 rerqu
3043 2810 3338 2852 sacrarum
3363 2797 3562 2860 Moses,
3597 2807 3657 2854 ut

2067 2894 2190 2948 qua:
2216 2880 2288 2934 sit
2323 2881 2505 2952 imago
2549 2883 2717 2940 totius
2757 2886 3098 2953 aeternitatis,
3133 2889 3393 2957 primitize
3414 2891 3653 2958 dierum,

2066 2984 2248 3026 cetera
2292 2972 2454 3035 luris,
2503 2975 2686 3030 divina
2728 2977 2966 3048 denique
2994 2996 3043 3032 at
3099 2985 3406 3038 veneranda
3434 2984 3521 3038 illa
3546 2984 3655 3039 Do—

2069 3063 2292 3130 minica,
2325 3079 2448 3134 quae
2477 3069 2643 3122 etiam
2675 3083 2741 3122 ex
2782 3067 3001 3125 Domini
3045 3075 3444 3131 resurrectione
3477 3077 3654 3132 hono-

2067 3170 2185 3210 rem
2219 3159 2548 3227 peculiarem
2583 3173 2670 3215 est
2697 3174 3013 3220 consecuta.

2473 3253 2997 3313 INTERROGATIO
3033 3259 3246 3316 CXVII.

2133 3343 2419 3413 Quomodo
2467 3349 2658 3405 dicunt
2718 3351 2909 3422 aliqui.
2949 3353 3373 3412 incantamentis
3414 3366 3469 3412 et
3512 3371 3655 3427 prat-
3727 3341 3742 3354 ’

2060 3438 2236 3507 stigiis
2285 3439 2471 3492 lunam
2513 3441 2654 3495 cmlo
2695 3441 2948 3496 detrahi?
2988 3443 3224 3501 Maxima
3257 3457 3405 3504 certe
3434 3455 3652 3520 generis

2062 3529 2286 3583 humani
2319 3543 2447 3598 pars
2475 3528 2642 3600 hujus
2675 3532 2751 3585 rei
2796 3531 2941 3587 fama
2976 3537 3222 3604 persuasi
3272 3551 3326 3592 et
3368 3544 3646 3611 occupati,

2058 3618 2265 3677 ferrum
2296 3631 2352 3676 et
2381 3639 2457 3678 tes
2482 3624 2773 3692 pulsando,
2821 3635 3083 3697 tanquam
3116 3645 3148 3684 e
3179 3640 3446 3699 potestate
3465 3650 3649 3707 egres-

2058 3727 2174 3768 sam
2203 3731 2298 3785 per
2325 3716 2615 3786 strepitum
2645 3718 2714 3772 ab
2741 3733 2931 3774 errore
2963 3721 3180 3776 liberari
3215 3735 3425 3793 putant.

2705 3897 3014 3968 Responsio.

2126 3975 2347 4035 Fabulae
2370 3983 2620 4052 quasdam
2657 3986 2902 4044 ridicula:
2943 3991 3014 4045 ab
3054 3991 3288 4049 aniculis
3319 3997 3646 4054 somnianti-

2053 4075 2156 4131 bus
2187 4077 2388 4148 ubique
2421 4079 2793 4139 disseminata
2820 4096 2969 4152 sunt,
2995 4103 3229 4158 quarum
3261 4091 3510 4147 delirium
3535 4104 3641 4163 est,

2053 4167 2374 4239 imposturis
2399 4173 2725 4243 quibusdam
2760 4181 2980 4246 propria
3017 4180 3147 4235 sede
3186 4181 3372 4236 lunam
3410 4188 3639 4254 moveri,

2050 4271 2106 4316 et
2125 4263 2194 4318 ad
2244 4265 2418 4334 ipsam
2464 4276 2668 4323 terram
2730 4270 2858 4325 ferri
2906 4283 2960 4327 et
3009 4278 3354 4331 contrectari.
3397 4277 3453 4334 ld
3491 4282 3642 4351 quod

2048 4357 2229 4408 omnis
2286 4358 2643 4416 absurditatis
2691 4372 2746 4417 et
2793 4374 3049 4422 extremae
3095 4368 3382 4428 dementiae
3416 4374 3640 4442 plenum

2047 4445 2290 4502 relutare
2316 4450 2471 4517 mihi,
2500 4451 2811 4508 divinorum
2859 4456 2949 4509 ille
2987 4460 3295 4516 carminum
3325 4475 3520 4519 auctor
3553 4467 3641 4522 vi-

2051 4539 2234 4602 detur,
2271 4557 2394 4595 cum
2438 4544 2587 4597 canit
2618 4557 2632 4596 :
2673 4544 2881 4600 Lunam
2924 4560 2976 4601 et
3017 4551 3200 4605 stellas
3233 4563 3290 4606 tu
3321 4555 3564 4622 fundasti
3591 4560 3634 4614 '.

2051 4627 2241 4696 Qualis
2284 4644 2464 4689 autem
2510 4635 2682 4703 locus,
2734 4655 2939 4708 quaeso,
2985 4643 3283 4697 detractam
3328 4645 3501 4715 ipsam
3534 4664 3639 4702 un-

2049 4739 2214 4793 quam
2243 4728 2491 4796 excepit?
2511 4729 2671 4798 cujus
2705 4731 2832 4785 exili
2880 4736 3113 4802 quadam
3154 4738 3392 4809 imagine
3422 4743 3636 4812 magni-

2048 4815 2292 4868 tudinem
2337 4819 2492 4872 vanis
2533 4819 2640 4875 illis
2686 4823 3000 4878 hominibus
3039 4826 3451 4886 demonstrabo.
3500 4831 3634 4898 Quae

2047 4919 2145 4974 per
2191 4905 2377 4959 orbem
2431 4916 2695 4963 terrarum
2748 4923 2877 4965 sunt
2923 4915 3107 4983 urbes,
3163 4917 3456 4986 plurimum
3504 4936 3535 4976 a
3573 4937 3635 4978 se

2047 4994 2280 5050 invicem
2306 4999 2604 5054 secundum
2649 5003 2968 5059 orientalem
3000 5016 3052 5061 et
3090 5010 3483 5067 occidentalem
3517 5014 3632 5084 pla-

2049 5105 2172 5158 gam
2223 5091 2429 5145 dissita:
2478 5102 2626 5156 sunt,
2675 5110 2740 5150 ac
2779 5096 3008 5152 diversis
3041 5100 3248 5154 viarum
3295 5105 3632 5162 sectionibus

2046 5183 2318 5255 editisque
2384 5185 2518 5240 locis
2581 5188 2859 5256 sejunctze.
2931 5189 3297 5249 Nihilominus
3346 5200 3632 5268 aaqualitvr

2045 5291 2236 5332 omnes
2269 5277 2457 5332 lunare
2504 5279 2686 5334 lumen
2727 5282 3056 5351 suscipiunt.
3106 5283 3162 5338 ld
3207 5287 3352 5355 quod
3390 5290 3633 5344 cordatis

2045 5368 2265 5431 sulIicit,
2294 5371 2554 5426 omnibus
2584 5372 2758 5441 ipsam
2809 5375 3039 5430 urbibus
3079 5375 3390 5444 obversam,
3425 5390 3482 5436 et
3513 5383 3632 5437 exi-

2044 5461 2168 5515 mia:
2199 5462 2586 5531 magnitudinis
2629 5479 2768 5519 esse.
2822 5462 2937 5519 Nisi
2989 5468 3135 5522 enim
3183 5469 3264 5524 sic
3310 5484 3628 5542 comparata

2038 5569 2128 5610 res
2155 5554 2316 5620 foret,
2370 5556 2593 5610 omnino
2636 5571 2733 5612 eos
2784 5557 3083 5614 illustraret
3124 5561 3296 5630 solos,
3340 5566 3433 5633 qui
3479 5579 3626 5622 recta

417 5701 437 5730 ³
471 5699 587 5756 Joel
631 5717 689 5763 ιι,
734 5701 754 5754 Ι
801 5716 908 5757 sec.
954 5694 1118 5754 LXX.
1195 5698 1216 5730 ⁸
1254 5699 1420 5756 Amos
1462 5717 1522 5766 v,.
1567 5703 1657 5757 18.
1737 5704 1758 5735 ⁸
1799 5699 1938 5757 Psal.

2102 5700 2160 5764 l;
2195 5714 2271 5759 xu.
2314 5697 2362 5749 l.
2443 5697 2462 5727 ‘
2504 5694 2648 5749 Psal.
2685 5712 2740 5762 ν,
2783 5697 2833 5751 l.
2911 5699 2932 5729 ⁷
2972 5698 3114 5754 Psal.
3157 5716 3277 5768 vm,
3319 5699 3374 5754 4.

418 5833 551 5904 (81‘)
598 5836 718 5891 Τῶν
752 5887 767 5896 ,
792 5879 806 5893 .
840 5876 852 5890 .
888 5834 1167 5905 ψαλμῶν.
1209 5839 1362 5893 Anne
1402 5838 1492 5890 τὸν
1523 5876 1536 5891 .
1571 5875 1585 5889 .
1621 5876 1634 5890 .
1665 5836 1918 5908 ψαλμόνῖ

343 5903 500 5960 Eon".

707 6002 976 6066 ΡΑτιιοι.
1039 6006 1157 6067 Gn.
1210 6000 1551 6063 XXXVI“.

2103 5834 2216 5956 (ἐξ)
2257 5836 2414 5959 imor
2441 5842 2922 5910 προσαγορεύων.
2958 5831 3108 5892 Fort.
3147 5839 3319 5894 αἰῶνα
3353 5856 3628 5912 προταγο-

2103 5923 2128 5955 υ
2169 5925 2232 5959 (1).
2283 5923 2334 5959 ι).
2944 5937 2949 5943 '

2035 5921 2232 5974 ρευσω.
2263 5921 2334 5960 ID.
2944 5937 2949 5943 -

3231 6003 3308 6064 3'2
