4142 6382
507 357 651 415 ιοοδ

510 470 614 541 ipsi
651 475 1058 539 opponerentur
1092 488 1104 522 :
1146 466 1242 539 qui
1283 485 1412 524 vero
1452 472 1518 526 ad
1566 474 1707 529 latus
1757 476 1847 529 siti
1884 486 2086 533 essent.

510 581 604 620 eos
638 562 915 617 inclinatis
967 565 1353 632 depressisque
1403 566 1574 620 radiis
1614 568 1836 638 oblique
1874 580 2095 639 praeter-

510 669 739 710 currens
783 661 990 709 tantum
1039 655 1347 725 attingeret.
1396 655 1515 712 Non
1568 660 1752 721 minus
1795 662 1941 715 enim
1992 664 2097 717 alia

510 747 726 802 ratione
761 745 950 801 eadem
999 746 1067 800 de
1123 747 1225 801 hac
1282 748 1729 828 declarabuntur.
1780 750 1838 805 Si
1880 754 2100 823 quando

506 837 680 908 igitur
712 836 782 892 ab
809 837 1029 893 excelso
1077 839 1280 894 montis
1326 842 1531 896 vertice
1579 857 1833 913 catnpum
1879 846 2096 914 conspi-

502 944 665 985 ceres
685 929 959 1001 ingentem
984 939 1040 986 et
1059 932 1303 1001 planum,
1332 945 1575 1002 quantas,
1594 935 1847 1001 obsecro,
1881 938 2098 1007 magni-

502 1022 717 1078 tudinis
756 1038 882 1078 esse
932 1023 1028 1076 tibi
1078 1024 1392 1080 viderentur
1441 1026 1606 1080 boum
1649 1027 1813 1098 juga?
1857 1039 2096 1100 quantae,

504 1115 794 1169 aratores?
862 1123 1117 1185 quantae,
1177 1116 1447 1172 bubulcus
1512 1119 1714 1189 aliquis
1767 1135 1893 1176 cum
1952 1123 2100 1179 mille

504 1206 677 1262 boum
729 1219 999 1273 armento,
1028 1219 1128 1264 aut
1164 1210 1488 1265 innumerus
1540 1226 1810 1283 agnorum
1860 1231 1989 1287 grex
2030 1215 2099 1271 ad

512 1299 762 1368 paludem
810 1300 1040 1356 balans?
1090 1311 1330 1371 quantm,
1380 1302 1652 1361 ferociens
1692 1321 1958 1378 equorum
2005 1322 2100 1362 ar-

503 1402 778 1456 mentum,
813 1402 867 1448 et
900 1394 953 1447 in
988 1395 1157 1464 pratis
1196 1395 1522 1451 exsultans?
1571 1398 1654 1451 An
1703 1413 1812 1454 non
1860 1398 1959 1454 tibi
1989 1398 2100 1454 Ior-

510 1484 669 1539 micis
702 1485 955 1539 exiliores
978 1485 1335 1541 viderentur?
1373 1486 1529 1554 Quod
1555 1490 1600 1544 si
1626 1490 1789 1545 etiatn
1821 1506 1852 1545 e
1877 1491 2097 1560 specula

507 1576 594 1632 vel
632 1576 816 1647 aliquo
863 1577 1001 1631 colle
1053 1578 1121 1632 ad
1166 1579 1569 1649 amplissimum
1608 1582 1831 1651 pelagus
1869 1596 2100 1637 conver-

502 1684 628 1734 sus,
677 1668 887 1724 deﬁxos
935 1668 988 1722 in
1038 1685 1190 1724 mare
1243 1671 1435 1725 oculos
1496 1672 1821 1741 conjiceres,
1879 1683 2100 1743 quanta:

501 1761 606 1815 tibi
679 1758 1073 1829 magnitudinis
1149 1777 1270 1817 csse
1356 1764 1674 1818 viderentur
1753 1763 1947 1820 insula:
2013 1766 2098 1820 vel

503 1848 788 1902 maxime?
821 1860 1064 1918 quantae,
1102 1860 1326 1907 onerata
1367 1853 1640 1923 quapiam
1689 1853 1919 1910 inﬁnitis
1949 1871 2096 1910 mer-

504 1940 665 1997 cibus
693 1942 848 1996 navis
879 1957 1005 1998 cum
1047 1942 1187 1997 albis
1230 1944 1367 2001 velis
1393 1945 1628 2001 caeruleo
1668 1946 1882 2004 invecta
1920 1948 2098 2003 mari?

506 2033 591 2088 An
642 2048 751 2087 non
802 2034 999 2103 quavis
1044 2034 1302 2090 columba
1364 2037 1651 2093 exiliorem
1709 2038 1806 2094 tibi
1856 2041 2094 2111 speciem

502 2142 901 2202 aspectumque
919 2133 1226 2197 exhiberet,
1270 2134 1395 2189 visu
1441 2135 1496 2190 in
1531 2150 1659 2190 aere
1698 2137 2010 2207 absumpto,
2043 2145 2097 2191 et

500 2232 861 2279 evanescent».
904 2224 975 2278 ob
1032 2224 1399 2287 intervallum,
1441 2241 1553 2295 quo
1598 2226 1784 2281 minus
1835 2236 2096 2283 accurate

501 2308 677 2380 ipsam
713 2310 909 2365 oculus
956 2312 1427 2382 comprehendat?
1467 2313 1657 2369 Itidem
1711 2316 1988 2371 nonnullis
2036 2318 2092 2372 in

500 2403 638 2460 locis
669 2415 883 2459 montes
913 2415 1044 2460 sunt
1090 2406 1336 2471 maximi,
1387 2408 1482 2478 qui
1532 2408 1587 2462 in
1629 2408 2094 2478 profunditatihus

502 2498 823 2554 ambiuntur
859 2514 957 2569 per
999 2500 1299 2565 convalles,
1335 2509 1390 2555 et
1424 2502 1749 2556 torrentium
1787 2503 1956 2558 alveis
1976 2504 2094 2559 cin-

499 2600 724 2662 guntur,
756 2590 824 2647 ad
852 2606 1086 2661 quorum
1114 2592 1445 2648 eminentias
1466 2593 1601 2649 levis
1625 2594 1919 2666 [luxusque
1946 2596 2093 2653 visus

498 2683 698 2748 fertur,
746 2694 801 2739 et
848 2684 1020 2740 solam
1062 2685 1281 2754 attingit
1324 2685 1669 2755 superﬁciem
1698 2728 1712 2750 ,
1751 2703 1873 2743 cum
1919 2688 2092 2745 inter—

494 2775 746 2845 iacentes
771 2777 1142 2831 concavitates
1169 2785 1452 2847 penetrare
1491 2785 1547 2831 et
1573 2778 1844 2847 inspicere
1872 2791 2096 2851 propter

499 2868 929 2924 imbecillitatem
959 2877 1211 2939 nequeat.
1244 2868 1327 2922 An
1368 2886 1476 2923 non
1506 2869 1671 2924 etiam
1701 2872 2007 2941 quadratae,
2039 2883 2095 2928 et

501 2960 569 3013 ad
596 2960 768 3014 nubes
802 2959 1094 3014 altitudine
1130 2961 1504 3031 pertingentes
1541 2964 2019 3025 turres.‘humiles
2039 2974 2095 3020 et

1595 360 1650 416 S.
1692 360 1990 417 CASSABII
2019 359 2350 419 GRI'ZGORII
2374 357 2689 417 FRATRIS

3647 362 3787 418 40M

2200 476 2286 530 ἄν.
2325 474 2494 528 Οὐδὲν
2532 469 2696 546 ⁴ἦττον
2739 470 2831 525 καὶ
2866 471 3067 543 ἑτέρως
3109 471 3177 525 τά
3210 471 3338 542 περὶ
3380 470 3586 543 ταύτης
3613 491 3757 546 σαφη

2201 566 2538 639 νισθὴσεται.
2571 566 2770 619 Εῖποτε
2787 561 2882 618 οὖν
2915 565 3007 633 ἀφ’
3037 565 3249 635 ὑψηλῆς
3272 567 3589 639 ἀκρωρείας
3604 568 3788 623 πεδίον

2202 659 2413 713 ἐθεάσω
2447 655 2585 710 πολὺ
2632 657 2728 709 κοιλ⁸
2770 654 2990 721 ῦπτιον,
3036 655 3201 726 ἡλίκα
3244 656 3344 725 μέν
3385 674 3469 710 σοι
3505 658 3615 713 τῶν
3649 658 3787 729 βοιῖιν

2199 749 2483 820 κατεφάνη
2522 747 2594 801 τά
2627 745 2831 817 (Etim;
2881 747 3104 824 πηλίκοι
3138 747 3197 800 δὲ
3230 751 3278 801 οἱ
3307 749 3598 821 ἀροτῆρες,
3628 751 3663 821 ἢ
3690 753 3789 805 σὺν

2199 841 2266 911 τῇ
2293 837 2555 911 χιλιόμὸῃ
2575 839 2604 890 ό
2621 835 2895 906 βουκόλος,
2919 837 2951 909 ἢ
2973 837 3035 889 τὺ
3064 856 3134 908 μυ
3144 838 3367 910 ρίαμνον
3400 840 3493 892 ἐπὶ
3513 839 3607 892 τοῦ
3634 840 3789 905 ἕλους

2203 930 2573 1003 βληχόμιινονς
2600 930 2805 1001 πηλίκη
2832 929 2890 981 δὲ
2909 928 3064 999 ἡτῶν
3085 929 3271 983 ἵππων
3294 930 3463 1003 ἀγέλη
3480 932 3787 1004 γαυριῶσα,

2201 1024 2299 1079 καὶ
2325 1024 2418 1078 ἐπὶ
2447 1024 2555 1077 τῶν
2575 1022 2860 1093 λειμώνων
2894 1023 3235 1094 σκαίρουσα;
3266 1026 3313 1077 εί
3341 1025 3414 1096 μή
3451 1041 3535 1078 σοι
3566 1030 3791 1097 μυρμὴ-

2201 1130 2315 1168 κων
2337 1113 2698 1185 άμυδρότεροι
2740 1112 2961 1180 ἔδοξαν;
3015 1114 3080 1166 Et
3106 1113 3163 1166 δὲ
3194 1112 3287 1167 καὶ
3324 1114 3432 1169 ἀπὸ
3473 1116 3707 1179 σκοπιᾶς
3753 1115 3787 1187 ἢ

2199 1202 2479 1274 γεωλόφου
2498 1202 2645 1268 τινὸς
2665 1203 2759 1257 ἐπὶ
2779 1203 3041 1274 μέγιστον
3062 1205 3297 1274 πέλαγος
3308 1206 3703 1279 τετραμμένος,
3719 1207 3788 1276 τῇ

2202 1294 2441 1368 θαλάττῃ
2458 1294 2557 1360 τὰς
2579 1295 2730 1366 ὄψεις
2746 1295 3035 1361 ὲπέϐαλες,
3055 1296 3242 1368 ἡλίκαι
3267 1297 3431 1369 μέσαι
3450 1298 3586 1368 (82‘)
3605 1297 3790 1365 ἔδοξαν

2199 1391 2309 1444 τῶν
2334 1391 2515 1464 νήσων
2549 1392 2605 1445 αί
2655 1389 2941 1462 μέγισταις
2973 1390 3179 1462 πηλίκη
3209 1391 3267 1444 δέ
3312 1408 3395 1444 σοι
3445 1390 3636 1463 ὠράθη
3691 1390 3792 1461 μία

2198 1483 2309 1537 τῶν
2365 1483 2718 1556 μυριοφόρων
2786 1482 3066 1547 ὁλκάδων,
3116 1483 3333 1547 λευκοῖς
3390 1484 3580 1546 ἱστίοις
3650 1482 3791 1555 ὑπὲρ

2200 1577 2410 1649 κυανῆς
2439 1577 2852 1648 ποντοποροῦσα
2879 1575 3190 1647 θαλάσσης;
3220 1578 3270 1629 εί
3310 1576 3386 1647 μὴ
3421 1577 3605 1647 πάσης
3635 1592 3792 1648 περιο

2202 1670 2401 1741 στερᾶς
2441 1669 2823 1741 ἀμυδροτέραν
2871 1686 2957 1722 σοι
3002 1668 3099 1740 τὴν
3150 1668 3395 1737 ἱστορίαν
3459 1667 3788 1737 παρέσχετο,

2204 1762 2667 1833 ὲνδαπανωμένης
2700 1761 2779 1833 τῷ
2804 1762 2929 1834 ἀέρι
2952 1761 3054 1833 τῆς
3085 1761 3281 1831 ὅψεως,
3318 1762 3412 1815 καὶ
3449 1758 3793 1831 ὲξιτηλουμέ-

2205 1871 2303 1925 νης
2340 1852 2420 1925 τῷ
2451 1854 2810 1925 διαστήματι,
2851 1853 2991 1925 πρὸς
3031 1853 3130 1926 τὴν
3176 1853 3378 1926 ἀκριϐῆ
3424 1851 3787 1921 κατανόησιν;

2208 1943 2347 2015 Ἤδη
2381 1943 2441 1997 δέ
2485 1961 2588 1997 που
2631 1944 2726 1998 καὶ
2762 1942 2870 1997 τῶν
2900 1942 3072 2015 ὀρέων
3112 1943 3182 1997 τὰ
3237 1943 3491 2013 μέγιστα,
3545 1939 3790 2012 βαθείαις

2203 2039 2510 2112 ὲρριγμένα
2534 2039 2645 2110 (85)
2671 2038 2946 2110 φάραγξιν
2966 2039 3062 2092 καὶ⁵
3088 2038 3390 2110 χαράδραις
3405 2036 3786 2107 περιφέρεται·

2203 2132 2300 2185 καὶ
2337 2130 2457 2184 λεία
2481 2132 2514 2201 ἡ
2542 2130 2664 2201 δψις
2688 2131 3022 2190 ὑποτίθεται,
3052 2132 3175 2194 ταῖς
3202 2129 3415 2201 ἐξοχαῖς
3437 2130 3557 2199 ἡτοι
3584 2130 3791 2195 ἐπιφα-

2202 2221 2376 2286 νείαις
2401 2222 2819 2294 προσϐάλλουσα
2847 2223 3059 2293 μόναις,
3085 2225 3206 2287 ταῖς
3233 2221 3291 2275 δὲ
3321 2219 3524 2293 μεταξὺ
3546 2218 3793 2289 κοιλότη-

2204 2330 2289 2368 σιν
2319 2314 2559 2386 ὲμὸἧναι
2590 2315 2685 2369 καὶ
2718 2314 3017 2387 ὲναθρῆσαι
3040 2314 3109 2369 δι’
3145 2314 3368 2369 ἀτονίαν
3393 2312 3470 2384 μὴ
3491 2310 3788 2384 δυναμένη.

2202 2408 2276 2462 Οὐ
2326 2407 2384 2462 δὲ
2439 2408 2778 2478 τετράγωνοι
2843 2408 2940 2462 καὶ
2997 2408 3331 2479 νεφομήκεις
3376 2404 3487 2459 τῶν
3541 2404 3789 2476 πύργων,

2201 2497 2473 2570 χθαμαλοί
2499 2515 2559 2551 τε
2600 2499 2695 2552 καὶ
2745 2499 3009 2571 ὲμπερεϊς
3041 2498 3180 2569 (83‘)
3217 2495 3439 2551 δοκοῦσι
3469 2495 3683 2558 πολλοῖς
3713 2493 3790 2565 τῷ

2200 2591 2567 2661 διαστήματις
2601 2590 2763 2643 Ὥστε
2797 2591 2847 2643 εί
2876 2591 2952 2662 μὴ
2981 2586 3344 2661 παμμέγεθες
3372 2588 3587 2659 ὑπῆρχε
3609 2585 3672 2638 τὸ
3702 2602 3790 2639 σε·

2203 2683 2425 2756 ληναῖον
2451 2682 2634 2754 σῶμα,
2650 2684 2751 2737 οὐκ
2773 2683 2841 2737 ἂν
2869 2684 3072 2755 ὁμοίως
3096 2684 3235 2737 πᾶσι
3263 2680 3533 2735 πάντοθεν
3560 2678 3789 2750 ίσοφαὴς

2200 2777 2472 2849 ἐφαίνετο,
2491 2777 2595 2848 τῆς
2619 2776 2820 2848 χέρσου
2844 2776 3029 2847 πάσης
3052 2774 3131 2845 τῷ
3155 2772 3309 2846 εὔρει
3336 2772 3412 2844 μὴ
3431 2769 3786 2842 δευτεροῦσα,

2201 2870 2411 2942 ἐναργῆ
2454 2870 2572 2940 ἅμα
2614 2870 2712 2923 καὶ
2755 2871 2870 2933 τοῖς
2901 2869 3095 2941 πόρρω
3125 2867 3330 2937 ταύτης
3368 2862 3784 2936 ποντοποροῦσι,

2196 2962 2295 3019 τοῦ
2334 2962 2601 3035 μεγέθους
2638 2963 2737 3033 τὴν
2780 2961 2905 3032 ὄψιν
2934 2960 3292 3034 παρεχομένη
3328 2961 3423 3014 καὶ
3446 2958 3783 3027 αὐγάζουσα.

499 3052 751 3106 rotundae
771 3052 959 3107 multis
978 3051 1229 3106 videntur
1260 3053 1471 3106 ratione
1511 3054 1819 3109 intervalli?
1850 3053 2086 3112 Proinde
2111 3055 2217 3111 nisi
2243 3056 2444 3111 eximie
2469 3071 2730 3125 magnum
2759 3054 2831 3110 sit
2858 3054 3050 3108 lunare
3072 3068 3298 3123 corpus,
3334 3068 3443 3107 non
3476 3066 3608 3107 sane
3629 3049 3784 3106 simi-

502 3144 627 3198 liter
654 3143 911 3199 omnibus
940 3143 1143 3213 ubique
1172 3144 1339 3198 simili
1376 3144 1495 3199 lucc
1523 3146 1957 3215 conspiceretur,
1987 3148 2347 3218 amplitudine
2369 3164 2469 3205 sua
2499 3149 2771 3202 universa:
2796 3156 2955 3200 terrm
2990 3161 3098 3200 non
3125 3145 3347 3211 cedens,
3375 3145 3651 3214 simulque
3678 3160 3790 3199 ma-

504 3235 759 3291 nifestam
792 3244 846 3289 et
873 3235 959 3289 his
983 3236 1075 3305 qui
1108 3238 1296 3305 procul
1322 3252 1349 3289 a
1376 3245 1520 3290 terra
1550 3238 1601 3291 in
1633 3240 1771 3292 mari
1800 3242 2076 3311 navigant,
2111 3241 2504 3316 magnitudinis
2530 3244 2767 3311 speciem
2798 3240 3069 3310 praebens,
3100 3248 3155 3294 et
3184 3238 3352 3293 radiis
3382 3239 3499 3293 suis
3527 3239 3736 3293 lucens.

896 3346 1421 3403 IN'I‘EIIROGATIO
1459 3348 1697 3405 CXVIII.

567 3441 708 3509 Quid
743 3443 907 3514 igitur
939 3444 1041 3497 sibi
1069 3445 1202 3507 vult,
1234 3447 1379 3515 quod
1422 3448 1721 3516 sanguinea
1766 3450 1825 3503 Ilt
1869 3450 2080 3522 aliquo-

500 3538 626 3600 ties,
662 3545 717 3591 et
754 3539 1002 3591 variatur
1036 3546 1201 3607 atque
1236 3538 1581 3606 dissipatur?

1132 3626 1444 3696 Responsio.

575 3723 838 3795 Equidem
899 3722 1004 3779 hoc
1064 3733 1288 3792 aspectu
1336 3731 1468 3792 pttto
1523 3724 1747 3780 bellicus
1793 3722 2090 3782 eﬁusiones

503 3816 790 3887 sanguinis
846 3814 1169 3886 signiﬁcari,
1208 3825 1304 3870 aut
1341 3833 1437 3886 per
1467 3817 1882 3875 subvectionem
1924 3820 2089 3876 oblu-

501 3912 637 3965 st-ati
666 3925 695 3963 a
739 3919 883 3963 terra
938 3908 1082 3964 aeris
1134 3908 1411 3963 turbidam
1450 3910 1601 3965 reddi
1649 3911 1769 3981 ejus
1816 3913 1994 3968 lucem
2034 3922 2090 3968 et

500 4002 868 4071 splendorem,
903 4000 1213 4070 variarique
1234 4016 1330 4070 per
1360 4001 1642 4071 pulverem
1677 4003 1826 4058 hunc
1845 4004 2085 4074 speciem

502 4099 697 4169 ipsius,
730 4100 905 4152 donec
937 4108 1192 4168 provecta
1220 4100 1665 4168 pulverulentum
1700 4095 2088 4174 fuliginosum-

498 4208 607 4262 que
632 4193 812 4245 locum
856 4191 1093 4245 evaserit
1123 4209 1136 4243 :
1174 4192 1373 4260 partim
1397 4194 1544 4247 enim
1565 4194 1783 4263 pingttts
1816 4204 1871 4249 et
1892 4196 2085 4257 densa.

502 4285 696 4353 partim
734 4285 929 4337 adusta
963 4293 1018 4337 et
1047 4285 1265 4338 cinerea
1292 4292 1372 4339 est
1406 4293 1576 4349 terra,
1613 4287 1894 4342 nonnullis
1925 4289 1979 4342 in
2003 4289 2086 4343 lo-

502 4380 583 4431 cis
611 4377 848 4445 denique
874 4375 1117 4431 crassior
1149 4385 1207 4430 et
1237 4376 1459 4447 gravior
1495 4385 1602 4431 est.
1653 4376 1807 4433 Unde
1848 4381 2083 4447 videtur,

499 4468 723 4538 pulvere
754 4466 1151 4520 circumdatam
1200 4466 1386 4519 lunam
1417 4466 1643 4520 mutari.
1678 4468 1833 4537 Saepe
1865 4469 2084 4539 quidem

499 4562 616 4618 ﬁeri
651 4562 920 4619 videmus,
952 4570 1012 4613 ut
1040 4559 1175 4613 fumi
1206 4559 1503 4623 exhalatio,
1554 4559 1638 4613 vel
1668 4560 1849 4630 pulvis
1879 4562 2084 4619 nimius

498 4654 705 4723 aliquid
739 4651 885 4722 apud
926 4666 1031 4704 nos
1058 4651 1337 4713 obscuret,
1394 4660 1450 4703 et
1496 4651 1729 4718 procella
1780 4652 1859 4705 vel
1890 4653 2085 4707 nebula

499 4748 708 4803 solares
755 4744 939 4800 radios
987 4744 1223 4797 hebetet.
1268 4739 1364 4795 Vel
1411 4742 1592 4810 potius
1624 4759 1787 4797 causa
1832 4747 2081 4799 omnium

496 4847 584 4894 est
610 4835 1039 4897 evidentissima,
1067 4833 1210 4902 quod
1243 4847 1368 4885 cum
1393 4847 1550 4885 soror
1582 4834 1653 4885 sit
1680 4834 1831 4894 solis,
1854 4847 1909 4888 et
1935 4835 2084 4904 ejus-

498 4928 622 4983 dem
667 4926 861 4981 matris
898 4924 1191 4993 Sapienter.
1225 4922 1358 4986 ﬁlia,
1396 4936 1589 4989 nempe
1616 4921 1843 4985 Christi,
1869 4938 1976 4975 non
2007 4922 2085 4977 le—

498 5030 587 5075 rat
645 5034 767 5089 quae
819 5015 1129 5071 inferuntur
1184 5014 1288 5083 ipsi
1340 5016 1408 5067 ab
1470 5016 1653 5083 impiis
1712 5017 2077 5079 contumeliae,

497 5112 962 5184 quemadmodum
999 5119 1054 5164 et
1089 5110 1172 5163 sul
1218 5108 1362 5161 idem
1405 5108 1460 5161 in
1515 5121 1619 5161 suo
1663 5106 1865 5161 diurno
1912 5123 2078 5162 cursu

497 5203 897 5261 demonstravit
923 5199 1158 5269 caligine
1200 5198 1433 5268 puniens
1466 5212 1721 5251 vesanam
1762 5196 2077 5271 Iudaeorum

499 5306 556 5351 et
588 5295 760 5350 Deum
786 5303 1069 5347 uecantem
1105 5292 1453 5362 phalangem,
1478 5291 1966 5359 contractioneque
1991 5306 2081 5343 ra-

497 5387 719 5442 diorum
751 5383 987 5455 fugiens,
1016 5400 1083 5437 ne
1109 5384 1385 5451 aspiceret
1410 5389 1714 5436 creatorem
1738 5398 1899 5437 suum
1937 5382 2083 5454 ligno

570 5497 713 5569 (82')
746 5497 963 5550 Μέσαι.
982 5492 1165 5569 forte
1202 5493 1301 5565 μέν
1324 5507 1434 5569 σοι.
1454 5491 1613 5569 Εοιςιδ.

573 5563 1093 5692 ἐξὸζζὶὲρῤιγμένα.
1125 5563 1290 5620 Forte
1320 5565 1662 5634 ὲρῤηγμένα,
1690 5567 1773 5622 vel
1799 5567 2077 5638 ιῤῥηγμέ-

501 5660 640 5706 ναις.
678 5655 755 5694 tn.

573 5712 710 5783 (δεῖ)
763 5708 1090 5783 Ἐμπερεῖς-
1131 5706 1717 5783 Απηθέμφερεῖςῌυ·

574 5776 1085 5853 (summepatqu
1116 5779 1202 5835 Al.
1252 5776 1589 5853 αἱμορῤύαςη
1616 5776 1708 5833 Sic
1737 5778 1933 5853 etﬂsub
1968 5777 2078 5832 ini-

504 5849 643 5910 tium
668 5849 965 5924 sequentis
1000 5849 1524 5925 lnterrogat.__¢:ttx,
1566 5849 1934 5921 ἀποφυτῶσαν
1975 5864 2076 5922 pro

746 5497 963 5550 Μέσαι.
1001 5492 1165 5550 Forte

2791 3357 3044 3411 ΠΕΥΣΙΣ
3070 3355 3229 3414 PIH'.

2269 3453 2335 3507 Τί
2377 3447 2471 3507 οῦν
2506 3450 2758 3523 βούλεται
2803 3451 2867 3504 τὸ
2916 3450 3156 3521 ὕφαιμον
3195 3448 3367 3522 αὐτὴν
3398 3446 3661 3511 πολλάκις
3695 3446 3787 3515 γίὸ

2195 3545 2403 3612 νεσθαι,
2444 3545 2541 3597 καὶ
2570 3540 2921 3597 ἀλλοιοῦσθαι
2954 3540 3049 3597 καὶ
3075 3539 3499 3613 σκορπίζεσθαι;

2813 3634 3172 3701 Ἀπόκρισις.

2264 3724 2356 3795 Τῷ
2405 3727 2649 3797 σχήματι
2693 3724 2872 3795 τούτῳ
2906 3719 3083 3792 οἶμαι,
3122 3719 3429 3791 πολεμικὰς
3461 3718 3787 3791 αἱμορῤοἲας

2196 3817 2312 3889 (84)
2347 3817 2736 3888 σημαίνεσθαι,
2777 3816 2810 3888 ἢ
2841 3815 2920 3887 τῷ
2959 3813 3358 3889 ἀναρριπισμῷ
3405 3812 3502 3868 τοῦ
3544 3812 3655 3868 ἀπὸ
3680 3812 3785 3883 γῆς

2196 3908 2557 3980 αίθαλομένου
2600 3909 2765 3980 ἀέρος
2809 3907 3193 3963 ὲπιθολοῦσθαι
3237 3907 3412 3978 αὐτῆς
3440 3906 3541 3978 τὴν
3579 3902 3780 3973 φαῦσιν

2190 4000 2287 4054 καὶ
2329 4000 2712 4071 λαμπρότητα,
2740 4001 2862 4053 ’καὶ
2905 3998 3250 4054 ἀλλοιοῦσθαι
3282 3997 3362 4069 τῷ
3391 3997 3478 4069 χοῒ
3508 3997 3607 4069 τὴν
3635 3997 3779 4067 ὄψιν,

2193 4092 2389 4163 μέχρις
2409 4092 2478 4146 ἂν
2495 4090 2879 4155 διιππεύουσα,
2911 4090 3017 4157 ἔξω
3045 4090 3142 4145 τοῦ
3166 4091 3393 4144 ἔκκόνου
3424 4089 3563 4162 (84⁸)
3586 4090 3679 4144 καὶ
3695 4092 3781 4144 αἱ·

2191 4184 2460 4249 θαλώδους
2484 4186 2655 4240 τόπου
2680 4186 2931 4257 γένηται.
2960 4185 3042 4257 Πὴ
3073 4186 3173 4257 μὲν
3191 4185 3301 4258 γάρ
3321 4186 3464 4241 πίων
3481 4186 3576 4241 καὶ
3598 4203 3777 4257 παχυ-⁸

2189 4277 2346 4349 τέρα,
2400 4279 2478 4349 πὴ
2507 4278 2565 4332 δὲ
2611 4279 3016 4351 διακεκαυμένη
3061 4280 3157 4333 καὶ
3194 4278 3501 4351 τεφρὼδης,
3543 4279 3773 4351 ἑτέρωθι

2187 4371 2246 4424 δὲ
2294 4371 2455 4442 ὑλικὴ
2504 4371 2601 4425 καὶ
2653 4371 2932 4445 βαρυτέρα
2972 4373 3007 4444 ἡ
3054 4374 3249 4445 χέρσος
3301 4374 3566 4442 πέφυκεν.
3613 4372 3781 4427 Ὅθεν

2187 4464 2339 4518 δοκεῖ
2369 4482 2482 4534 μοι,
2515 4465 2871 4537 κονιζομένην
2899 4467 3070 4536 αὐτὴν
3098 4466 3443 4520 ἀλλοιοῦσθαι
3462 4483 3476 4497 ο
3512 4465 3778 4528 πολλάκις

2188 4555 2269 4619 δὲ,
2305 4558 2400 4611 καὶ
2431 4557 2645 4611 καπνοῦ
2692 4557 3079 4629 ἀναθυμίασις,
3126 4558 3159 4629 ἦ
3194 4560 3347 4623 κόνις
3379 4558 3774 4622 πλεονάζουσα,

2186 4648 2249 4700 τὸ
2289 4648 2419 4719 παρ’
2447 4650 2582 4719 ἡμῖν
2609 4648 2935 4721 ἠμαύρωσε,
2986 4649 3081 4702 καὶ⁵
3109 4650 3366 4717 καταιγὶς
3393 4649 3427 4719 ἡ
3453 4648 3649 4720 ὁμίχλη
3678 4650 3778 4712 τὰς

2193 4740 2427 4813 ἡλιακὰς
2464 4741 2692 4805 ἀκτῖνας
2724 4741 3021 4812 ἡμϐλυνεν.
3051 4744 3124 4794 Ἢ
3151 4741 3354 4812 μᾶλλον
3378 4742 3440 4795 τὸ
3468 4743 3578 4795 πᾶν
3627 4744 3779 4813 ὲναρ·

2190 4834 2449 4904 γέστερον
2468 4848 2482 4861 ⁸
2524 4827 2658 4897 οἷον,
2684 4831 2922 4904 ἀδελφὴν
2949 4835 3323 4905 τυγχάνουσαν
3346 4833 3442 4886 τοῦ
3473 4833 3646 4904 ἡλίου,
3684 4834 3777 4886 καὶ

2188 4928 2288 4999 τῆς
2327 4925 2493 4980 αὑτοῦ
2532 4925 2738 4997 μητρὸς
2782 4925 2884 4995 τῆς
2922 4926 3148 4995 Σοφίας,
3181 4924 3442 4994 Χριστοῦ,
3478 4924 3554 4996 μὴ
3588 4925 3776 4996 φέρειν

2186 5014 2286 5076 τὰς
2310 5015 2390 5075 είς
2409 5011 2572 5066 αὑτὸν
2592 5011 2877 5084 δρωμένας
2902 5011 3007 5064 ὑπὸ
3042 5012 3152 5064 τῶν
3166 5011 3357 5072 ,ἀθέων
3387 5011 3577 5082 ὕϐρεις
3595 5028 3610 5042 ·
3635 5012 3775 5080 ὅπερ

2188 5107 2396 5168 ἐκεῖνος
2418 5106 2476 5157 ὲν
2505 5102 2585 5174 τῷ
2614 5105 2737 5157 κατ’
2768 5104 2932 5157 αὑτὸν
2954 5103 3201 5176 ἡμερινῷ
3221 5105 3409 5176 δρόμῳ
3435 5103 3768 5169 ἐπεδείξατο,

2192 5198 2368 5267 σκότῳ
2403 5196 2578 5250 παίων
2609 5195 2708 5266 τὴν
2744 5196 3022 5267 φρενίτιδα
3050 5196 3146 5249 καὶ
3169 5197 3464 5251 Θεοκτόνον
3501 5195 3777 5251 Ἰουδαίων

2192 5288 2467 5357 φάλαγγα,
2499 5289 2567 5358 τῇ
2601 5286 2831 5356 συστολῇ
2854 5286 2963 5340 τῶν
2986 5288 3220 5342 ἀκτίνων
3244 5287 3462 5357 φεύγων
3489 5287 3770 5358 ίπορῆσαι

2190 5382 2282 5434 τὸν
2323 5379 2472 5450 σφῶν
2503 5379 2733 5450 ποιητὴν
2761 5379 2906 5451 ξύλῳ
2934 5380 3341 5453 καθηλοῠμενον
3376 5381 3455 5452 τῷ
3485 5379 3773 5452 προσλὴμ-

2187 5495 2575 5563 ἀποφοιτῶσαν
2597 5510 2685 5566 γει
2728 5495 2963 5566 solemni
3008 5496 3415 5566 permutatione
3442 5514 3492 5550 οι
3522 5504 3578 5551 et
3619 5514 3676 5560 υ,
3708 5506 3770 5555 ut

2189 5569 2425 5622 advertit
2452 5565 2763 5638 Cotelerius
2792 5564 3037 5620 Monum'.
3074 5566 3222 5621 Eccl.
3250 5566 3343 5622 Gr.
3369 5578 3506 5622 tom.
3540 5568 3607 5630 ll,
3637 5583 3763 5638 pag.

2186 5639 2313 5700 558,
2339 5637 2629 5711 permultis
2654 5638 2876 5711 inghanc
2906 5639 3238 5711 sententiam
3264 5648 3508 5695 veterum
3536 5637 3768 5711 scripto—

2187 5724 2306 5763 rum
2350 5708 2484 5762 locis
2521 5709 2576 5762 in
2608 5708 2848 5762 medium
2875 5709 3149 5763 adductis.

2184 5848 2226 5905 Ε
2258 5778 2393 5850 (84‘)
2442 5779 2755 5834 ’Exxdroe.
2813 5776 2979 5836 Forte
3039 5778 3303 5850 ὲγκόνου,
3342 5780 3762 5851 pulverulentus.

2230 5864 2347 5905 nt'r.

2230 5865 2347 5905 ΜΤ.
