4142 6382
416 387 558 442 ιουις

1787 378 2139 438 οιίιιοιςυε
2189 379 2281 436 ill.

3514 363 3652 422 £006

417 521 576 575 ματι,
643 505 736 558 καὶ
784 505 965 576 δόρατι
1014 504 1410 576 ἀμυσσόμενον,
1474 505 1644 558 Τοῦτό
1690 523 1785 576 μοι
1831 506 1978 558 δοκεῖ

2096 504 2253 558 clavis
2279 501 2494 554 animum
2525 497 2732 552 ratione
2767 495 3033 566 assumpti
3055 534 3069 557 ,
3121 500 3174 548 et
3199 491 3356 546 hasta
3395 489 3652 544 vulnera-

421 595 644 665 ὁρᾶσθαι
675 595 782 650 ὑπὸ
809 596 908 666 τῆς
943 597 1220 665 φαίνακος,
1243 598 1334 650 τὸν
1358 596 1584 666 ἀδελφὺν
1617 597 1978 668 μιμουμένης,

415 689 474 740 ὲν
505 688 584 758 τῷ
607 690 728 742 κατ’
759 690 928 760 αὐτῆς
964 690 1224 760 νυκτιαίῳ
1247 688 1454 761 δρόμῳ,
1484 689 1593 741 τῶν
1626 691 1718 742 ἐπὶ
1749 689 1986 760 τύμϐους

416 777 511 832 καὶ
534 778 752 848 βωμοὺς
778 778 1221 849 αὐτομολούντων
1237 780 1466 850 γοήτων,
1487 780 1581 833 καὶ
1606 779 1713 832 τῶν
1737 781 1855 833 ἐκεῖ
1874 779 1985 832 τολ-

423 870 692 941 μωμένων
719 872 1042 942 μιαιφονιῶν
1067 873 1162 925 καὶ
1194 871 1623 942 παιδοσφαγιῶν,
1656 873 1750 926 καὶ
1781 871 1986 941 σπλάγ-

418 979 560 1033 χνων
606 963 821 1018 οἰκείων
852 964 1199 1035 κατατομῶν,
1223 961 1298 1018 ὧν
1329 965 1550 1018 ἐπὶτῶν
1587 964 1807 1034 ἡπάτων
1837 982 1992 1017 σπαι-

420 1052 619 1122 ρόντων
665 1055 716 1105 οἱ
759 1053 1143 1124 μιαιφόνοιτῷ
1181 1056 1374 1124 αἵματι
1417 1055 1746 1126 χραίνονται.
1796 1049 1896 1106 Ὧν
1926 1055 1988 1106 τὸ

418 1142 574 1195 ἄθεον
603 1143 828 1207 εἰκότως
859 1142 1218 1213 ὲκτραγῳδῶν
1241 1141 1404 1195 Δαϐὶδ
1432 1143 1461 1193 ό
1492 1141 1797 1208 θεσπέσιος,
1822 1140 1985 1210 φησί’

419 1233 530 1287 Καὶ
557 1233 786 1288 ἔθυσαν
813 1233 954 1300 τοὺς
981 1233 1150 1300 υίοὺς
1173 1233 1371 1286 αὐτῶν
1396 1233 1495 1286 καὶ
1528 1233 1634 1297 τὰς
1665 1231 1990 1302 θυγατέρας

420 1325 619 1379 αὐτῶν
652 1326 775 1390 τοῖς
812 1325 1164 1396 δαιμονίοις,
1191 1325 1291 1379 καὶ
1326 1325 1576 1394 ἐξέχεαν
1605 1322 1747 1393 αἷμα
1772 1323 1986 1386 ἀθῶον,

419 1413 564 1486 αἷμα
591 1417 736 1472 υἱῶν
764 1417 963 1472 αὐτῶν
990 1419 1088 1472 καὶ
1121 1417 1457 1488 θυγατέρων
1485 1412 1574 1470 ὧν
1601 1417 1830 1470 ἔθυσαν
1866 1415 1991 1481 τοῖς

421 1509 712 1578 γλυπτοῖς
739 1509 984 1562 Χαναιὶν
1003 1525 1017 1541 ι
1047 1507 1143 1561 καὶ
1177 1506 1298 1580 μεθ’
1328 1508 1491 1578 ἔτερα
1527 1506 1618 1559 τὸν
1649 1506 1858 1576 ἀμητὸν
1887 1505 1988 1559 αύ-

421 1603 533 1662 τοῖς
569 1600 678 1652 τῶν
733 1601 950 1654 οἰκείων
998 1600 1327 1671 σπερμάτων
1370 1599 1534 1670 φησί’
1583 1599 1692 1653 Καὶ
1731 1599 1990 1668 ὠργίσθη

422 1691 586 1758 θυμῷ
609 1691 823 1758 Κύριος
841 1689 938 1742 ἐπὶ
964 1689 1070 1743 τὸν
1083 1689 1238 1744 λαὸν
1259 1688 1469 1750 αὑτοῦ,
1504 1687 1601 1742 καὶ
1629 1687 1992 1752 ὲόδελύξατο

419 1779 537 1848 τὴν
569 1781 976 1850 κληρονομίαν
1015 1779 1222 1834 αὐτοῦ.
1270 1779 1421 1833 Ἐπεὶ
1448 1773 1540 1832 οὗν
1571 1778 1662 1832 καὶ⁸
1713 1776 1808 1832 νῦν
1844 1777 1994 1831 πλεῖ-

424 1889 538 1925 στοι
569 1873 645 1942 τῷ
683 1872 986 1950 Ἐλληνικῷῑ
1013 1872 1162 1944 ζόφῳ
1203 1871 1664 1942 ὲπισκοτούμενοι,
1692 1870 1786 1924 καὶ
1834 1869 1992 1940 λελη-

423 1963 593 2027 θότως
624 1968 691 2037 τῇ
737 1970 1034 2038 προγονικῇ
1070 1966 1247 2038 πλάνῃ
1301 1965 1723 2027 ὑποκύπτοντες.
1777 1965 1870 2016 καὶ
1925 1965 1992 2034 τῇ

423 2059 590 2114 πάλαι
619 2059 726 2113 τῶν
743 2059 1030 2131 λογισμῶν
1065 2059 1368 2131 μιαιφονίᾳ,
1389 2058 1483 2111 ἐπὶ
1508 2057 1822 2126 γεωλόφοις,
1847 2055 1880 2127 ἢ
1903 2057 1996 2109 καὶ

421 2149 672 2220 τύμϐοις,
715 2150 750 2221 ἢ
803 2151 1049 2221 μνήμασι
1093 2148 1293 2213 νύκτας
1347 2149 1460 2221 (85)
1511 2144 1993 2220 ἀποσχολάζοντες,

424 2243 674 2306 κνίσσαις
717 2243 813 2295 καὶ
855 2242 1051 2312 αἵμασι
1099 2243 1224 2305 τοὺς
1271 2241 1532 2312 δαίμονας
1580 2241 1994 2312 θεραπεύοντες,

423 2333 561 2387 οἴκοι
590 2333 943 2404 ποτνιώμενοι
961 2336 1045 2404 ἐφ’
1073 2328 1154 2398 οἷς
1183 2351 1274 2405 κρ.
1307 2377 1320 2389 .
1341 2375 1357 2391 .
1379 2357 1394 2388 .
1420 2374 1434 2388 .
1457 2333 1670 2404 ,μέντοι
1697 2331 1996 2402 καθιεμένη

425 2427 461 2497 ἡ
489 2425 688 2495 φαίναξ
713 2426 884 2498 αὐτὴν
915 2425 1130 2497 ἰλυγγιᾷ
1147 2427 1242 2481 καὶ
1267 2428 1496 2497 πτήσσει
1511 2425 1606 2480 καὶ
1624 2424 1998 2494 συγκαλύπτε-

427 2537 540 2583 ται,
570 2520 648 2590 τῷ
682 2519 834 2588 νέφει
883 2518 1196 2584 ὲνδύνουσα,
1239 2520 1333 2573 καὶ
1372 2517 1680 2582 ἀπαξιοῦσα
1719 2516 1998 2570 ἐπιϐαλεῖν

425 2613 539 2672 τοῖς
591 2609 828 2675 ἀναξίοις
875 2610 938 2663 τὸ
983 2611 1138 2680 φάος,
1181 2612 1302 2664 κατ’
1349 2611 1534 2663 εἰκόνα
1579 2608 1674 2662 τοῦ
1731 2608 1994 2678 ἀδελφοῦ·

426 2701 616 2774 ὥσπερ
657 2701 718 2767 ἐξ
767 2703 1076 2772 ἁπόπτουῆ
1126 2702 1436 2774 ἀκρωρείας
1465 2701 1757 2773 οὐρανόθεν
1799 2704 1865 2772 τῇ
1911 2702 2001 2754 ἀλ-

426 2794 639 2848 λοιώσει
682 2793 980 2854 ἐπιϐοῶσα.
1011 2795 1106 2848 καὶ
1141 2794 1316 2866 σκότῳ
1347 2795 1586 2848 παίουσα
1617 2795 1713 2848 καὶ
1739 2793 1998 2865 εἴργουσα

427 2885 552 2948 τοὺς
586 2885 902 2956 μιαιφόνους
925 2885 1020 2938 τοῦ
1053 2885 1214 2940 ἀθέου
1237 2884 1540 2956 δράματος.

997 3073 1248 3126 [ΙΕΥΣΙΣ
1279 3074 1423 3127 Ριθι..

499 3181 562 3232 Εἰ
605 3181 708 3234 οὐκ
763 3180 1014 3249 ἀνόμοιος
1046 3181 1076 3234 ό
1108 3179 1235 3242 Υἱὸς
1263 3179 1357 3232 τοῦ
1394 3178 1530 3232 Θεοῦ
1557 3179 1634 3251 τῷ
1675 3181 1852 3252 Πατρὶ
1903 3185 1998 3235 καὶ

423 3271 568 3342 Θεῷ.
602 3271 717 3324 ἀλλ’
773 3271 886 3334 ἴσος
929 3269 1072 3324 κατά
1105 3270 1282 3325 πάντα
1320 3271 1415 3324 καὶ
1445 3272 1726 3344 ὁμότιμος,
1775 3274 1998 3344 καὶτῆς

427 3365 596 3435 αὐτῆς
622 3363 836 3434 φύσεως
855 3381 868 3394 ·
902 3363 1020 3427 πῶς
1046 3363 1207 3428 αὐτὸς
1236 3362 1405 3431 λέγει,
1449 3363 1595 3433 Ἐγώ
1613 3366 1731 3434 ειμι
1751 3366 1789 3434 ἡ
1815 3367 2001 3436 ἄμπε-

427 3459 558 3521 λος,
589 3455 688 3509 καὶ
717 3457 750 3508 ὁ
786 3454 988 3522 Πατήρ
1010 3471 1129 3523 μου
1150 3457 1183 3508 d
1211 3455 1458 3524 γεωργός
1479 3473 1500 3519 ;
1521 3456 1583 3508 ού
1613 3457 1724 3526 γὰρ
1749 3456 1835 3529 ίή]
1863 3459 2001 3530 αὑτὴ

426 3547 590 3617 φύσις
617 3547 736 3599 ἐστὶ
763 3544 1012 3616 γεωργοῦ
1042 3546 1136 3600 καὶ
1164 3547 1432 3615 ἀμπέλου.
1468 3548 1531 3601 'H
1565 3548 1665 3618 μὲν
1688 3548 1798 3620 γὰρ
1827 3550 2002 3622 ὑπάρ-

427 3657 511 3710 χει
537 3637 729 3708 λογικὴ
757 3638 850 3691 καὶ
879 3637 1140 3708 ἔμψυχος,
1174 3640 1208 3707 ἡ
1243 3638 1300 3691 δὲ
1322 3639 1514 3708 ἄλογος
1547 3641 1642 3693 καὶ
1665 3641 1892 3712 ἀψυχος.

1038 3730 1398 3798 Ἀπόκρισις.

499 3821 612 3873 υύκ
642 3821 850 3874 ἐπαινῶ
899 3821 999 3891 σὴν
1042 3822 1382 3876 ἀστατοῦσαν
1419 3825 1521 3896 τὴν
1567 3824 1867 3894 ἀγχίνοιαν,
1908 3826 2000 3878 καὶ

425 3911 688 3973 πολλάκις
724 3911 830 3978 ἔξω
853 3911 962 3964 τῶν
992 3914 1364 3984 προκειμένων
1389 3917 1788 3985 ἀποφοιτῶσαν,
1813 3916 1906 3970 καὶ
1932 3919 1998 3988 τῇ

428 4004 706 4074 ἀλλοκότῳ
728 4003 920 4058 πεύσει
954 4023 1021 4075 με
1039 4005 1505 4077 διαστρέφουσαν.
1533 4009 1644 4062 Καὶ
1678 4010 1726 4061 εί
1757 4010 1854 4078 μὲν
1878 4008 2002 4080 βου-

427 4097 652 4165 λόμενος
692 4095 851 4150 τοῦτο
882 4101 1076 4160 ποιεῖς,
1115 4099 1377 4168 ὲπίγνωθι
1420 4100 1850 4172 γινωσκόμενος·
1877 4103 1926 4154 εἰ
1954 4101 1999 4152 δ’

426 4186 612 4248 άπλῶ;
643 4186 714 4240 τά
733 4189 978 4258 φυόμενα
995 4191 1060 4260 τῇ
1082 4189 1289 4260 διανοίᾳ
1318 4191 1632 4262 προφέρεις,
1668 4191 2000 4262 συγγνώμην

426 4279 541 4349 ἔχε,
586 4280 754 4350 κάμοὶ
800 4280 1005 4351 ταύτην
1036 4281 1399 4353 δωρούμενος.
1439 4284 1520 4337 Τὰ
1553 4284 1610 4337 δὲ
1633 4285 1996 4355 Χριστιανῶν,

426 4371 610 4422 πίστει
659 4368 1010 4440 κρατύνεται,
1062 4373 1157 4425 καὶ
1189 4373 1250 4426 ού
1287 4371 1688 4443 συλλογισμοῖς,
1721 4373 1789 4428 δι’
1833 4367 1909 4428 ὧν
1948 4377 1996 4427 οἱ

428 4461 667 4514 πλεῖστοι
695 4462 803 4516 τῶν
833 4462 1048 4534 φρενῶν
1072 4464 1514 4535 ὲξετινάχθησαν.
1538 4461 1683 4537 Ἀρα
1707 4466 1815 4538 γὰρ
1851 4465 2000 4520 Hm)-

425 4551 516 4616 λος
547 4555 642 4607 καὶ
683 4553 951 4617 ’Δπολλὼς
971 4556 1166 4627 ἐτέρας
1190 4557 1435 4628 ὑπῆρχον
1454 4559 1605 4628 παρά
1627 4559 1725 4628 τὴν
1767 4558 1994 4630 Ἐκκλη-

426 4646 549 4699 σίαν
576 4646 822 4716 φύσεως;
857 4648 1063 4718 Γράφει
1106 4648 1215 4720 γάρ
1241 4649 1315 4720 τῷ
1337 4651 1511 4722 θιάσῳ
1537 4653 1638 4722 τῆς
1671 4652 1999 4724 Ἐκκλησίας

424 4739 453 4789 ὁ
479 4739 679 4808 ὑψηλὸς
706 4739 805 4809 τὴν
833 4740 1070 4794 διάνοιαν
1091 4759 1103 4772 ’
1149 4743 1296 4812 Ἐγὼ
1319 4744 1644 4812 ἐφύτευσα,
1690 4746 1999 4813 Ἀπολλὼς

427 4831 730 4893 ἐπότισεν,
775 4832 912 4884 ἀλλ’
949 4835 981 4884 ό
1016 4834 1161 4898 Θεός
1187 4835 1470 4901 ηὔξανεν.
1521 4833 1648 4908 'Ap’
1673 4833 1766 4891 οὖν
1793 4837 1998 4909 ἄψυχος

426 4922 520 4973 καὶ¹
553 4921 745 4988 ἄλογος
764 4925 797 4990 ἡ
847 4923 1143 4993 Ἐκκλησία
1168 4925 1272 4978 ὑπὸ
1292 4927 1506 4979 Παύλου
1536 4927 1876 4999 φυτευομένη
1902 4931 1997 4983 καὶ

437 5011 680 5063 Ἀπολλὼ
731 5013 1060 5085 ποτιζομένη
1093 5019 1157 5085 τῇ
1211 5017 1320 5069 τῶν
1363 5019 1593 5074 ἐντολῶν
1623 5023 1840 5094 ,ἀρδείᾳ
1900 5024 1996 5078 καὶ

425 5101 690 5169 ἀνιδρύσει
711 5121 724 5165 ;

1002 5378 1249 5432 ΠΕΥΣῘΣ
1289 5383 1414 5434 ΡΚ’.

494 5461 646 5516 Διατί
690 5465 997 5535 προέδωκεν
1039 5471 1068 5521 ὁ
1117 5470 1248 5534 Θεὸς
1296 5473 1388 5525 τὸν
1441 5472 1560 5526 ’1ὼὸ
1607 5475 1686 5548 τῷ
1740 5477 1992 5550 διαϐόλῳ,

424 5553 586 5618 αὐτὸς
615 5556 907 5629 μαρτυρῶν
935 5557 1101 5612 αὑτοῦ
1131 5561 1196 5631 τῇ
1225 5560 1538 5636 δικαιοσύνῃ
1555 5567 1650 5622 καὶ
1676 5570 1742 5639 τῇ
1766 5565 1991 5642 ἀληθινῇ

2089 605 2223 651 ιιιηι.
2257 595 2400 650 ldem
2423 608 2553 663 ergo
2585 591 2718 646 milii
2738 591 2950 644 videtur
2970 589 3054 660 agi
3082 604 3109 639 a
3130 587 3257 641 luna
3278 582 3500 639 fratrem
3531 584 3658 638 imi-

2090 695 2260 750 tante,
2289 685 2415 741 dum
2458 695 2704 753 tempore
2746 681 3002 736 nocturni
3048 693 3246 734 cursus
3293 676 3413 744 ejus
3447 675 3515 730 ad
3562 689 3653 730 se—

2088 779 2274 848 pulcra
2301 786 2355 831 et
2386 791 2511 830 aras
2540 783 2673 830 eunt
2701 772 3146 843 prastigiatores,
3205 777 3259 822 et
3309 764 3420 822 illic
3465 779 3658 836 perpe-

2088 879 2304 925 trantur
2334 868 2508 923 caedes
2533 882 2597 922 ac
2626 880 2922 936 puerorum
2947 863 3333 925 mactationes,
3387 870 3442 915 et
3484 861 3660 914 visce-

2091 977 2211 1015 rum
2264 958 2613 1030 proprioruni
2661 956 3044 1017 dissentiones,
3100 965 3334 1024 quorum
3393 952 3661 1021 sanguine

2089 1051 2480 1122 palpitantibus
2526 1049 2706 1103 adhuc
2747 1045 3082 1118 jecinoribus
3163 1045 3316 1113 impii
3372 1043 3662 1114 parricida:

2089 1144 2428 1214 polluuntur.
2451 1141 2694 1208 Quorum
2729 1139 3062 1208 impietatem
3100 1148 3206 1190 non
3235 1136 3333 1192 abs
3365 1152 3426 1190 re
3462 1136 3663 1204 tragice

2091 1236 2241 1290 velut
2287 1250 2569 1304 exponens
2623 1232 2852 1286 Davides
2903 1231 2992 1284 ille
3041 1229 3283 1290 divinus,
3329 1228 3552 1298 inquit:
3592 1226 3661 1282 Et

2090 1334 2451 1381 nmetaverunt
2478 1325 2619 1395 ﬁlios
2661 1340 2781 1377 suos
2823 1332 2874 1376 et
2915 1319 3058 1393 ﬁlias
3105 1338 3230 1374 suas
3267 1320 3541 1375 dwmoniis
3567 1336 3584 1374 :
3613 1329 3665 1374 et

2091 1419 2387 1488 cﬂuderunt
2418 1402 2724 1487 sanguinem
2758 1415 3058 1477 innoxium,
3096 1410 3404 1484 sanguinem
3427 1413 3664 1482 ﬁliorum

2090 1528 2307 1565 suorum
2333 1520 2380 1564 et
2406 1503 2663 1578 ﬁliarum,
2709 1524 2864 1573 quem
2897 1506 3300 1560 immolaverunt
3331 1503 3666 1575 sculptilibus

2117 1601 2594 1655 Chananworum“.
2615 1599 2679 1654 Et
2708 1610 2829 1670 post
2855 1601 2980 1661 alia,
3008 1614 3240 1654 messem
3260 1597 3378 1667 ejus
3407 1596 3666 1651 sementis

2094 1694 2233 1764 ipsis
2253 1693 2524 1755 indicans,
2552 1693 2674 1747 ait:
2715 1691 2785 1744 Et
2829 1695 3002 1745 iratus
3051 1700 3133 1745 est
3181 1691 3360 1760 furore
3407 1688 3667 1742 Dominus

2095 1802 2253 1856 super
2274 1785 2529 1855 populum
2559 1801 2737 1847 suum,
2766 1793 2813 1838 et
2841 1783 3174 1837 abominatus
3205 1793 3282 1836 est
3304 1781 3669 1836 hcereditatem

2093 1893 2247 1930 suam
2267 1878 2308 1930 9-.
2344 1875 2794 1945 Quandoquidem
2824 1875 2988 1944 igitur
3017 1889 3163 1928 nunc
3191 1885 3411 1943 quoque
3443 1872 3670 1943 plurimi

2097 1968 2359 2036 gentilitia
2431 1968 2662 2037 caligine
2719 1966 2968 2027 involuti,
3027 1965 3338 2019 clanculum
3392 1965 3665 2030 majorum

2097 2073 2322 2110 suorum
2381 2058 2554 2111 errori
2604 2073 2662 2112 se
2698 2056 3048 2120 submittunt,
3099 2045 3334 2123 prisCam
3379 2050 3667 2124 cogitatio-

2097 2165 2225 2202 num
2258 2150 2457 2202 caedem
2509 2147 2563 2202 in
2611 2144 2842 2204 collibus
2890 2155 2984 2202 aut
3031 2143 3296 2215 sepulcris
3339 2151 3432 2200 aut
3473 2159 3670 2199 menu-

2099 2241 2296 2294 mentis
2330 2247 2494 2300 noctu
2540 2249 2815 2305 exercent,
2854 2234 3136 2294 nidoribus
3167 2247 3222 2294 et
3264 2238 3531 2308 sanguine
3567 2237 3672 2293 dae‘

2098 2346 2288 2384 mones
2319 2341 2670 2392 venerantur,
2689 2345 2829 2399 quos
2851 2329 3001 2399 ipsos
3021 2329 3186 2384 etiam
3216 2327 3365 2383 domi
3392 2326 3670 2398 supplices

2097 2421 2324 2472 adorant
2350 2437 2364 2470 :
2389 2419 2593 2473 idcirco
2623 2418 2772 2480 luna,
2807 2431 3121 2487 quanquam
3159 2429 3220 2470 se
3261 2428 3368 2469 non
3410 2414 3668 2478 dimittat,

2097 2523 2207 2580 prae
2241 2510 2428 2563 dolore
2457 2521 2636 2564 tamen
2663 2519 2877 2574 aestuat,
2913 2507 3192 2573 exhorret,
3211 2507 3360 2562 abdit
3393 2518 3537 2571 sese,
3565 2521 3670 2559 nu-

2097 2601 2218 2654 bem
2275 2599 2532 2675 induens,
2577 2600 2766 2655 fratris
2799 2601 3049 2669 exemplo
3111 2599 3456 2669 splendorem
3506 2613 3670 2653 suum

2099 2694 2334 2764 indignis
2368 2693 2552 2764 largiri
2579 2694 2920 2764 dedignatur,
2961 2693 3179 2748 caelitus
3209 2693 3356 2747 velut
3389 2703 3457 2745 ex
3488 2689 3671 2760 aliqua

2098 2787 2319 2857 specula
2341 2784 2422 2840 vel
2451 2785 2672 2840 sublimi
2709 2777 2848 2840 loco.
2880 2799 2976 2853 per
3003 2784 3175 2853 ipsam
3222 2782 3669 2837 immutationem

2099 2880 2184 2934 sui
2214 2879 2460 2932 clamans
2485 2888 2538 2930 et
2571 2875 2801 2945 caligine
2822 2875 3055 2944 puniens
3089 2881 3255 2944 atque
3277 2885 3537 2928 coercens
3572 2873 3672 2928 ho-

2100 2969 2327 3026 micidas
2363 2969 2432 3022 ab
2462 2967 2628 3036 impio
2661 2965 2920 3020 facinore.

2521 3072 2727 3132 lNTER
2737 3070 3036 3133 ROGATIO
3093 3070 3280 3132 CXIX.

2177 3188 2233 3242 Si
2290 3203 2396 3243 non
2434 3199 2520 3243 est
2561 3187 2846 3259 inatqualis
2886 3186 2984 3240 Dei
3023 3184 3197 3241 Filius
3247 3185 3356 3240 Deo
3404 3193 3459 3240 et
3503 3180 3674 3250 Patri,

2101 3280 2195 3336 sed
2226 3293 2323 3349 par
2356 3280 2410 3333 in
2443 3279 2789 3345 omnibus,et
2805 3278 3048 3348 ejusdem
3071 3277 3293 3333 honoris
3320 3276 3676 3348 ejusdemque

2099 3370 2650 3440 naturae;quomodo
2699 3370 2876 3440 inquit
2921 3370 3035 3441 ipse
3071 3392 3082 3424 :
3112 3367 3226 3439 Ego
3278 3385 3397 3422 sum
3442 3369 3586 3435 vitis,
3622 3377 3674 3422 et

2092 3455 2249 3515 Pater
2286 3477 2431 3514 meus
2460 3461 2796 3531 agricola“?
2817 3459 2936 3514 Non
2968 3461 3113 3516 enim
3146 3461 3336 3517 eadem
3371 3469 3567 3516 natura
3589 3470 3677 3515 est

2099 3554 2224 3608 vitis
2261 3563 2318 3608 et
2342 3553 2615 3623 agricolae,
2645 3568 2770 3608 cum
2811 3553 3173 3623 haecquidem
3203 3553 3277 3608 sit
3301 3553 3584 3608 rationalis
3622 3563 3677 3608 et

2100 3644 2358 3704 animata,
2394 3643 2482 3697 illa
2516 3659 2646 3697 vero
2681 3643 2908 3699 rationis
2940 3659 3140 3715 expers
3163 3652 3218 3699 et
3247 3643 3511 3701 inanima.

2730 3732 3036 3802 Responsio.

2168 3818 2287 3876 Non
2321 3821 2484 3876 laudo
2512 3830 2659 3876 tuam
2691 3822 3088 3878 inconstantem
3115 3825 3494 3893 sagacitatem,
3538 3840 3662 3895 quae

2099 3913 2330 3966 multum
2357 3921 2412 3967 et
2457 3922 2612 3968 extra
2663 3915 3006 3984 propositum
3048 3916 3344 3981 exorbitat,
3388 3927 3442 3971 et
3493 3918 3676 3974 aliena

2098 4003 2398 4071 quaestione
2447 4018 2535 4059 me
2582 4003 2857 4058 distrahit.
2908 4003 2976 4059 Et
3014 4005 3318 4075 siquidem
3363 4008 3554 4064 Volens
3615 4008 3674 4064 id

2100 4092 2260 4157 facis,
2310 4095 2593 4164 agnoscite
2640 4111 2726 4150 me
2753 4095 2858 4152 hoc
2904 4097 3358 4153 animadvertere.
3419 4097 3514 4154 Sin
3544 4114 3678 4155 vero

2100 4185 2422 4256 simpliciter
2465 4186 2516 4240 in
2575 4195 2757 4242 mente
2802 4188 2978 4258 genita
3029 4188 3264 4259 profers,
3308 4193 3520 4246 veniam
3573 4194 3675 4249 tibi

2099 4277 2216 4331 dari
2244 4278 2404 4341 scito,
2438 4293 2606 4348 quam
2639 4289 2694 4334 et
2732 4280 2868 4334 mihi
2899 4281 3142 4336 vicissim
3191 4282 3425 4354 benigne
3468 4285 3669 4355 largie-

2097 4368 2196 4422 ris.
2229 4367 2667 4425 Christianorum
2713 4371 2930 4442 quidem
2953 4382 3102 4429 certe
3125 4373 3377 4444 dogmata
3414 4377 3519 4431 ﬁde
3541 4392 3676 4432 con-

2102 4457 2344 4511 tinentur
2371 4464 2426 4511 et
2475 4457 2802 4523 iniciuntur,
2850 4477 2963 4516 non
3000 4463 3540 4527 ratiocinationibus.
3579 4479 3682 4533 per

2101 4563 2240 4617 quas
2272 4547 2494 4619 plurimi
2519 4565 2746 4620 prorsus
2762 4563 2998 4608 mentem
3029 4555 3350 4614 amiserunt.
3368 4555 3515 4612 Num.
3528 4560 3679 4613 enim

2100 4638 2330 4694 diversae
2361 4638 2568 4698 Paulus
2614 4652 2669 4698 et
2720 4643 2946 4712 Apollas
2989 4656 3167 4710 erant,
3205 4657 3452 4717 respectu
3494 4648 3681 4706 Eccle-

2101 4731 2218 4795 sire,
2263 4732 2507 4788 naturae?
2555 4735 2759 4789 Scribit
2798 4735 2950 4790 enim
2998 4752 3158 4792 sacro
3200 4739 3369 4794 ccetui
3420 4739 3680 4797 Ecclesia:

2102 4823 2304 4878 mentis
2353 4823 2706 4896 intelligentia
2757 4827 2976 4882 sublimi
3023 4829 3284 4898 praeditus
3331 4830 3424 4886 ille
3451 4831 3680 4901 Aposto-

2102 4912 2188 4967 lus
2219 4931 2232 4966 :
2271 4911 2382 4984 Ego
2407 4914 2666 4983 plautavi,
2708 4917 2924 4987 Apollas
2973 4920 3186 4989 rigavit,
3224 4937 3287 4974 ac
3330 4919 3472 4978 Deus
3506 4924 3680 4979 iners.

2104 5017 2336 5060 mentum
2379 5008 2604 5063 dedit“.
2655 5007 2796 5066 Num
2848 5011 3011 5080 igitur
3051 5012 3292 5068 inanima
3341 5023 3397 5070 et
3450 5016 3679 5074 rationis

2103 5112 2299 5166 expers
2336 5109 2456 5153 erat
2490 5099 2733 5156 Ecclesia
2767 5117 2799 5156 a
2829 5101 3000 5158 Paulo
3027 5104 3363 5173 plantata,et
3398 5108 3468 5164 ab
3482 5109 3678 5180 Apollo

2110 5189 2308 5256 rigata,
2374 5203 2470 5257 per
2540 5191 2914 5260 irrigationem
2973 5203 3030 5247 et
3096 5195 3408 5253 insitionem
3473 5215 3678 5270 prace-

2102 5282 2352 5350 ptorum?

2552 5391 3070 5453 INTERROGATIO
3125 5397 3291 5454 CXX.

2173 5483 2354 5549 Quare
2378 5485 2526 5540 Deus
2548 5487 2770 5542 diabolo
2797 5487 2997 5544 Jobum
3029 5492 3276 5557 tradidit,
3325 5508 3451 5548 cum
3496 5504 3674 5549 tamen

2103 5572 2219 5642 ipse
2240 5573 2611 5629 testimonium
2636 5576 2782 5633 illius
2820 5577 3049 5648 justitiae
3097 5582 3403 5652 perhibent,
3448 5594 3504 5642 et
3533 5600 3678 5642 vera:

499 5678 521 5712 ⁸
559 5680 699 5737 Psal.
743 5701 828 5748 cv,
862 5686 950 5752 '57,
989 5687 1077 5742 38.
1152 5689 1172 5718 ’
1209 5688 1338 5744 ibid.
1390 5691 1480 5746 40.
1558 5695 1600 5726 ¹¹³
1653 5691 1811 5752 Joan.
1868 5715 1956 5766 xv,

2149 5707 2187 5736 ¹¹
2227 5707 2247 5759 Ι
2285 5707 2414 5762 Cor.
2459 5724 2539 5773 ιιι,
2577 5711 2631 5762 6.

499 5821 610 5892 (85l
636 5801 903 5889 Μἰκτας.
943 5823 982 5879 F
987 5835 1104 5881 orte
1139 5829 1350 5895 νυκτός.
1386 5829 1540 5885 Eutr.
