4142 6382
1778 286 1798 317 ο

389 396 527 455 1009

384 514 972 587 ἐγκαταλελειμμένα
1004 517 1111 572 dm.
1147 517 1378 572 ’E.tdrm
1406 518 1527 573 τῶν
1558 518 1798 587 ἄστρων
1832 518 1976 573 ἀνα-

386 609 667 677 ϐήσομαι,
692 606 861 675 θήσω
884 608 984 662 ἐπὶ
1014 607 1133 663 τῶν
1152 608 1429 679 νεφελῶν
1455 610 1566 665 τὸν
1591 613 1811 680 θρόνον
1832 630 1975 681 μου,

386 701 487 755 καὶ
522 700 738 770 ἔσομαι
772 699 976 769 ὅμοιος
1012 701 1093 766 τῷ
1133 703 1425 771 ’Υψίστᾳλ
1457 704 1635 757 Οῐονε)⁵
1673 704 1849 773 γελῶν
1881 706 1980 759 αὺ-

386 791 485 847 so?
522 792 621 864 τὴν
645 792 967 858 ἀλαζονείαν
988 795 1019 847 ὁ
1055 794 1209 861 Θεὸς,
1246 796 1342 849 καὶ
1369 797 1594 865 φάσκων
1615 812 1629 828 ⁸
1667 798 1732 851 Τί
1763 798 1981 870 κομπά-

388 884 522 950 ζεις,
562 879 607 939 ὦ
650 885 815 957 μιαρέ
862 886 1114 951 διάϐολες
1169 886 1280 942 ἰδοὺ
1330 883 1413 952 εἷς
1447 889 1557 943 τῶν
1602 890 1832 944 οἰκετῶν
1877 908 1978 961 μου

278 984 288 995 ’
388 978 635 1047 πήλινος,
672 977 877 1047 χοῖκδς,
908 976 1156 1049 εὐτελὴς,
1189 980 1289 1051 τὴν
1320 978 1482 1049 φύσιν
1515 980 1726 1051 βροτὸς,
1757 982 1857 1034 οὐκ
1881 982 1982 1050 ἄγ-

387 1069 545 1137 γελος
600 1064 782 1140 (ὕϐρις
822 1072 930 1141 γὰρ
963 1071 1181 1139 ἀγγέλῳ
1212 1071 1349 1139 πρὸς
1377 1072 1437 1125 σέ
1472 1072 1858 1141 ἀγωνίζεσθαι,
1888 1072 1981 1128 τὸν

393 1160 530 1231 μηδὲ
551 1159 724 1231 πηλοῦ
744 1177 811 1213 πε
821 1160 1176 1232 ριεσόμενον)·
1206 1161 1376 1227 Ἰδοὺ,
1396 1164 1551 1233 φησὶ,
1575 1163 1981 1234 παραδίδομεν

389 1250 578 1305 αὐτὸν
600 1252 671 1304 ἐν
694 1249 771 1319 τῇ
796 1253 952 1321 χειρί
969 1266 1111 1317 σου,
1135 1254 1300 1306 οἱονεὶ
1321 1253 1543 1325 δέσμιον
1568 1256 1663 1309 καὶ
1689 1255 1839 1309 κάτω
1869 1256 1982 1310 κεί-

394 1359 572 1414 μενον.
622 1344 684 1397 El
732 1345 842 1416 ἀρα
877 1345 1111 1417 περιέσῃ
1142 1345 1308 1400 αὐτοῦ
1336 1346 1439 1417 τῆς
1478 1348 1688 1418 ὑψηλῆς
1719 1350 1979 1413 διανοίας,

392 1431 698 1507 πολιορκῶν
722 1433 889 1487 αὑτὸν
922 1435 1018 1487 καὶ
1046 1433 1282 1499 τοξεύων
1311 1436 1369 1489 ἐν
1390 1435 1469 1508 τῷ
1502 1436 1737 1507 σώματι.
1770 1439 1880 1490 Καὶ
1926 1437 1981 1491 τί

396 1523 533 1591 μετά
574 1522 780 1588 suum;
817 1524 982 1577 οἱονεὶ
1024 1524 1181 1594 βέλος
1230 1526 1605 1597 στερῤοτέρως
1654 1526 1981 1598 προσπεσὼν

391 1614 742 1687 ἀπεκρούσθη
778 1616 1062 1688 ἄπρακτος
1102 1618 1132 1670 ὁ
1175 1617 1392 1682 ἀλαζὼν
1424 1620 1519 1672 καὶ
1562 1619 1682 1683 θεὸς
1713 1620 1981 1691 ὑπάρχειν

390 1707 636 1778 οἰόμενος
684 1710 847 1779 σαρκὶ
878 1711 1134 1781 ἡττηθεὶς
1162 1712 1259 1767 καὶ
1289 1713 1503 1783 αἵματι.
1539 1715 1613 1766 Οὐ
1641 1714 1751 1786 γὰρ
1794 1715 1982 1786 ἴσχυσε

390 1801 696 1873 πολιορκῶν
730 1804 827 1856 καὶ
858 1804 1096 1869 τοξεύων
1142 1805 1241 1877 τὴν
1283 1805 1432 1860 Θείαν
1467 1807 1563 1861 τοῦ
1591 1808 1843 1880 σώματος
1882 1812 1980 1864 πό-

390 1893 494 1957 λιν,
527 1895 560 1965 ἧ
591 1912 713 1949 τινα
740 1896 851 1950 τῶν
876 1897 1110 1952 πολιτῶν
1132 1898 1411 1970 λογισμῶν
1434 1900 1804 1971 χειρώσασθαι
1822 1919 1834 1933 ⁸
1857 1904 1979 1957 οὐδὲ

390 1986 498 2038 τῶν
526 1988 618 2040 ἐπὶ
646 1987 756 2042 τῶν
782 1989 967 2043 πυλῶν
994 1989 1090 2043 τοῦ
1120 1991 1390 2062 στόματός
1425 2009 1548 2046 τινα
1576 1995 1844 2067 ἀναιρεῖν.
1890 1996 1978 2048 Ἐν

389 2077 601 2143 τούτοις
642 2079 752 2152 γὰρ
795 2084 931 2135 πᾶσι
964 2085 1077 2146 τοῖς
1113 2084 1518 2155 συμϐεϐηκόσιν
1557 2087 1890 2158 αὐτῷ,,ούδὲ
1920 2090 1978 2142 ἐν

390 2172 503 2233 τοῖς
537 2171 773 2240 χείλεσιν
800 2174 966 2227 αὑτοῦ
998 2175 1247 2246 ἥμαρτεν
1290 2175 1409 2229 Ἰὼϐ
1457 2178 1697 2232 ἐναντίον
1748 2180 1973 2251 Κυρίου.

405 2262 567 2317 Ἀλλά
614 2264 1010 2338 βλασφημῆσαι
1048 2268 1501 2338 ἀναγκαζόμενος
1536 2272 1642 2324 ὑπὸ
1678 2272 1773 2325 τοῦ
1821 2274 1979 2327 πολε-

395 2354 543 2425 μίου,
595 2357 906 2412 τούναντίον
954 2360 1152 2423 ἐποίει,
1201 2361 1449 2430 φάσκων,
1510 2365 1729 2432 Κύριος
1772 2365 1981 2432 ἔδωκε,

393 2449 609 2515 Κύριος
638 2449 920 2517 ἀφείλετο
940 2466 955 2481 ⁸
980 2452 1062 2518 ὡς
1089 2451 1170 2518 τῷ
1194 2454 1392 2522 Κυρίῳ
1413 2454 1647 2521 ἔδοξεν,
1673 2458 1861 2525 οὕτως
1883 2462 1984 2515 καὶ

391 2538 659 2607 ἐγένετοο
694 2543 787 2610 ειη
812 2542 891 2607 ¹τὸ
942 2542 1132 2613 ὄνομα
1173 2547 1396 2614 Κυρίου
1444 2549 1856 2625 εὐλογημένον
1895 2556 1983 2622 εἰς

393 2631 534 2697 τοὺς
569 2632 811 2701 αἰῶνας.
849 2637 926 2689 Οὐ
956 2636 1269 2715 προδίδοται
1304 2636 1421 2706 οὖν,
1454 2641 1590 2696 ἀλλὰ
1619 2644 1981 2715 προϐάλλεται

394 2724 703 2797 ἀγωνιστὴς
742 2729 838 2781 καὶ
880 2729 1172 2799 παιδευτὴς
1202 2731 1481 2807 ἀνδρείας,
1523 2735 1618 2789 καὶ
1646 2738 1705 2789 ἐν
1733 2740 1849 2802 τοῖς
1878 2739 1975 2794 ἀλρ

394 2819 594 2883 γεινοῖς
616 2817 711 2871 τοῦ
739 2818 856 2889 βίου
891 2821 1298 2893 εύχαριστείας.

1809 397 2063 453 DlALOG
2073 396 2160 453 US
2189 397 2277 454 ΙΙΙ.

3536 395 3675 450 1010

2084 518 2244 582 foret,
2277 517 2371 589 qui
2423 532 2608 573 carnis
2653 526 2773 572 erat
2799 531 2997 586 expers
3041 524 3096 570 et
3131 512 3471 587 gloriabatur
3508 527 3673 584 atque

2081 610 2297 665 dicebat
2329 628 2341 664 :
2368 609 2574 664 Robore
2596 626 2707 663 meo
2741 609 2958 679 faciant,
2989 618 3038 662 et
3063 625 3224 661 manu
3249 624 3362 660 mea
3397 607 3673 660 destruunt

2082 705 2332 757 terminos
2366 703 2621 773 gentium,
2649 712 2698 754 et
2739 702 2915 755 orbem
2948 711 3212 752 terrarum
3235 709 3403 751 totum
3437 700 3671 766 capiam,

2081 803 2132 848 et
2172 794 2357 847 tollam
2402 793 2563 847 veluti
2638 793 2887 849 derelicta
2944 794 3121 845 ova".
3160 791 3451 844 Ascendam
3510 806 3670 859 supra

2081 887 2281 951 sidera,-
2308 903 2503 957 ponam
2534 901 2697 955 supra
2732 884 2891 937 nubes
2929 884 3121 936 solium
3155 898 3348 945 meum,
3388 890 3436 933 et
3465 897 3552 933 ero
3604 881 3673 932 si—

2082 980 2228 1033 milis
2247 979 2524 1033 Altissimo
2545 977 2610 1030 ".
2646 976 2816 1044 Quasi
2844 992 2976 1047 ergo
2995 975 3179 1029 ridens
3208 973 3385 1042 ipsius
3406 986 3672 1039 arrogan-

2083 1073 2218 1128 tiam
2244 1072 2414 1136 Deus,
2462 1071 2643 1142 inquit
2674 1088 2688 1125 :
2715 1069 2883 1135 Quid,
2940 1084 2973 1124 o
2999 1068 3168 1122 miser
3200 1066 3439 1130 diabole,
3477 1064 3672 1135 gloria-

2080 1165 2203 1219 ris?
2235 1162 2377 1219 Ecce
2413 1178 2559 1219 unus
2607 1169 2694 1217 est
2743 1160 2834 1215 hic
2874 1173 3161 1214 servorum
3206 1172 3475 1218 meorum,
3515 1155 3672 1222 isque

2082 1255 2285 1319 luteus,
2321 1254 2636 1324 pulvereus,
2655 1252 2780 1307 vilis
2812 1267 2842 1305 a
2873 1259 3069 1305 natura
3093 1249 3453 1318 mortalisque
3482 1249 3669 1311 homo,

2081 1361 2193 1402 non
2222 1345 2453 1416 angelus
2476 1349 2657 1414 (turpe
2692 1341 2956 1396 nimirum
2985 1339 3171 1406 fuerit,
3225 1354 3351 1393 cum
3386 1338 3580 1408 angelo
3620 1347 3675 1392 te

2080 1448 2315 1505 certare,
2362 1436 2456 1508 qui
2489 1451 2557 1491 ne
2592 1435 2813 1505 quidem
2856 1434 2972 1488 luto
3022 1432 3275 1502 superior
3316 1430 3472 1499 eris).
3513 1427 3672 1495 Ecce,

2081 1532 2278 1603 inquit,
2331 1532 2489 1587 trado
2524 1532 2696 1601 ipsum
2728 1531 2783 1584 in
2810 1545 3026 1584 manum
3074 1528 3305 1593 tuam”,
3355 1526 3516 1597 quasi
3555 1525 3675 1578 vin-

2081 1634 2231 1682 clum
2261 1633 2316 1681 et
2340 1632 2705 1696 prostratum.
2737 1622 2871 1679 Vide
2900 1638 3033 1678 num
3071 1621 3350 1676 excelsum
3384 1618 3534 1672 illius
3556 1617 3672 1671 ani—

2081 1734 2233 1774 mum
2274 1731 2536 1787 superare
2567 1716 2772 1787 possis,
2804 1731 3128 1787 expugnans
3162 1715 3342 1783 ipsum
3368 1720 3424 1767 et
3456 1710 3508 1765 in
3544 1724 3669 1765 cor—

2086 1826 2221 1882 pore
2266 1811 2472 1882 jaculis
2513 1810 2820 1880 conligens.
2869 1808 3011 1876 Quid
3069 1807 3373 1864 secundum
3419 1805 3537 1859 haec
3576 1801 3674 1857 lit?

2092 1903 2268 1957 veluti
2308 1901 2554 1969 jaculum
2592 1900 2830 1956 validius
2860 1900 3133 1963 invectus,
3184 1897 3439 1968 repulsus
3469 1905 3552 1949 est
3596 1894 3674 1947 in-

2088 1994 2230 2051 lecta
2266 2010 2325 2051 re
2360 1995 2633 2065 superbus
2662 2003 2717 2049 et
2745 2010 3012 2065 arrogans
3046 1993 3159 2059 ille,
3185 1992 3391 2062 quique
3415 2004 3475 2045 se
3514 1987 3671 2041 deum

2086 2104 2209 2144 esse
2244 2088 2491 2159 putabat,
2539 2103 2568 2143 a
2618 2104 2783 2144 carne
2825 2095 3119 2157 superatus
3164 2094 3250 2139 est
3292 2093 3346 2139 et
3382 2080 3672 2151 sanguine.

2086 2182 2204 2236 Non
2235 2183 2381 2239 enim
2432 2183 2611 2253 potuit
2646 2181 3015 2252 oppugnando
3048 2179 3373 2251 sagittisque
3428 2174 3675 2230 feriendo

2087 2276 2327 2331 divinam
2361 2276 2609 2347 corporis
2642 2276 2790 2331 illius
2819 2274 3121 2339 civitatem,
3163 2282 3256 2328 aut
3294 2272 3535 2342 aliquem
3576 2270 3675 2324 ci—

2088 2374 2261 2439 vium,
2284 2386 2481 2441 nempe
2518 2370 2942 2442 cogitationum,
2988 2383 3211 2440 capere,
3265 2382 3442 2439 neque
3481 2380 3677 2437 quem-

2087 2478 2257 2534 quam
2313 2462 2370 2517 in
2406 2460 2585 2532 portis
2638 2460 2753 2515 oris
2791 2459 3065 2514 occidere.
3108 2456 3167 2511 ln
3225 2457 3487 2511 omnibus
3528 2455 3675 2512 enim

2086 2554 2196 2609 illis
2226 2570 2350 2624 quae
2381 2552 2707 2609 acciderunt
2740 2550 2815 2617 ei,
2869 2566 2977 2604 non
3009 2548 3232 2604 admisit
3274 2548 3443 2603 ullum
3479 2562 3677 2617 peccao

2084 2656 2198 2701 tum
2235 2644 2403 2701 Jobus
2423 2644 2585 2699 labiis
2616 2643 2732 2698 suis
2750 2643 3014 2697 adversus
3036 2641 3365 2704 Dominum;
3397 2638 3492 2694 sed
3517 2639 3679 2694 hoste

2087 2740 2421 2811 impellente,
2474 2746 2536 2793 ut
2568 2736 2680 2791 Deo
2727 2735 3039 2790 convicium
3082 2732 3305 2798 faceret,
3359 2732 3578 2787 diverso
3618 2748 3681 2787 se
3793 2771 3801 2781 .

2082 2834 2243 2889 modo
2284 2832 2533 2904 gerebat,
2566 2830 2758 2885 dicens
2798 2848 2811 2883 :
2849 2828 3106 2881 Dominus
3190 2828 3359 2892 dedit,
3418 2826 3676 2880 Dat-tinus

395 2914 617 2968 abstulit
639 2933 659 2981 ;
686 2926 744 2970 ut
774 2916 1000 2975 Domino
1037 2920 1260 2988 placuit,
1297 2922 1377 2977 ita
1399 2922 1603 2991 factum
1636 2936 1753 2983 est:
1772 2930 1842 2982 sit
1867 2946 2057 2985 nomen
2086 2930 2298 2985 Domini
2325 2928 2653 2984 benedictum
2687 2928 2744 2979 in
2765 2925 2963 2982 serrula
2982 2925 3047 2978 η.
3073 2921 3188 2978 Non
3220 2924 3470 2994 proditur
3495 2922 3675 2992 igizur,

396 3007 488 3061 se“
531 3009 854 3076 βνοροηίιιιι·
880 3019 939 3065 ιιι
970 3012 1118 3082 pugil
1146 3021 1201 3068 et
1231 3015 1495 3086 magister
1524 3017 1891 3088 fortitudinis,
1935 3032 1991 3078 et
2019 3025 2322 3095 gratiarum
2356 3021 2592 3077 actionis
2622 3021 2675 3075 in
2708 3017 3131 3075 adversitatibns
3167 3016 3329 3086 hujus
3360 3016 3498 3071 vitrr.

468 3100 749 3171 Τέτπαρας
800 3096 893 3155 οὖν
948 3104 1196 3170 παιδείας
1222 3106 1457 3177 τρόπους,
1513 3109 1695 3183 ί¹σμεν⁵
1724 3112 1836 3184 Τὴν
1879 3113 1978 3185 μὲν

392 3190 463 3252 δι’
490 3192 766 3264 ἁμαρτίας
794 3194 926 3265 ἡμῖν
945 3196 1081 3267 πρὸς
1099 3196 1385 3268 διόρθωσιν
1413 3200 1762 3273 ἐπαγομένην
1812 3204 1990 3274 (Πολ-

396 3283 498 3341 λαὶ
528 3282 637 3357 γὰρ
658 3287 719 3339 αἱ
731 3284 1025 3358 μάστιγες
1043 3287 1151 3343 τοῦ
1171 3289 1718 3363 ἀμαρτολλοῦ,φησ“ιν
1733 3296 1762 3347 ό
1777 3296 1987 3366 Δασὶδ),

396 3375 495 3445 τὴν
539 3375 597 3429 δὲ
629 3376 698 3429 δι’
732 3377 1112 3450 ὑπερηφανίας
1155 3381 1251 3435 καὶ
1284 3380 1457 3451 τύφου
1498 3384 1848 3456 καθαίρεσιν,
1890 3387 1991 3459 τὴν

397 3466 606 3539 οῐδησιν
632 3470 752 3541 ἦτοι
791 3470 1106 3542 κορύφωσιν
1144 3472 1245 3544 τῆς
1276 3472 1458 3545 ψυχῆς
1494 3477 1987 3535 καταστέλλουσαν⁶

411 3559 840 3629 Ὑπερηςοάνοις
878 3563 989 3633 γάρ
1026 3563 1245 3631 Κύριος
1287 3564 1735 3622 ἀντιτάσσεται.
1773 3570 1991 3643 Ἕτεροι

397 3652 457 3713 δὲ
484 3652 928 3709 διαλανθάνουσιν
956 3654 1160 3727 ἀρετὴν
1198 3656 1293 3709 καὶ
1337 3657 1592 3729 ἀνδρείαν
1630 3661 1767 3731 πρὸς
1805 3662 1868 3715 τὸ
1899 3681 1990 3733 μι-

404 3744 684 3818 μήσασθαι
712 3746 842 3809 τοὺς
861 3744 1126 3817 ὁρῶντας.
1166 3746 1381 3814 Οὐδεὶς
1419 3748 1529 3821 γὰρ
1552 3750 1726 3805 ἅπτει
1755 3754 1995 3823 λύχνον

401 3836 504 3891 καὶ
524 3836 770 3904 τίθησιν
794 3837 985 3893 αὐτὸν
1006 3836 1128 3893 ὑπὸ
1155 3839 1262 3893 τὸν
1280 3839 1499 3909 μόδιον
1519 3842 1559 3911 ἤ
1590 3842 1707 3909 τὴν
1747 3846 1991 3914 κλίνην,

399 3929 565 3986 ἀλλὰ
588 3928 688 3983 ἐπὶ
712 3928 831 3999 τὴν
852 3930 1139 4000 λυχνίαν,
1173 3930 1275 3984 ἵνα
1304 3931 1491 4001 φαίνῃ
1556 3931 1708 3988 πᾶσι
1754 3934 1882 4000 τοῖς
1925 3936 1998 3989 ἐν

400 4021 478 4092 τῇ
508 4024 701 4092 οἰκίᾳ,
730 4022 897 4094 φησὶν
938 4024 969 4076 ὁ
998 4022 1203 4095 Κύριος
1222 4040 1237 4055 ·
1280 4024 1445 4077 οἱονεὶ
1471 4024 1680 4093 λέγων,
1712 4026 1810 4080 Διά
1837 4026 1995 4082 τοῦτο

402 4116 614 4189 πυρσοῦ
641 4118 795 4189 δίκην
824 4115 1002 4188 ἐξῆψα
1032 4116 1125 4171 τὸν
1172 4116 1294 4171 Ἰὼϐ
1317 4157 1333 4183 ,
1374 4117 1469 4171 καὶ⁹
1513 4116 1620 4182 ἔξω
1664 4118 1761 4172 τοῦ
1804 4120 1995 4185 ἄστεος

403 4211 498 4263 ἐπὶ
526 4210 751 4281 λυχνίαν
786 4210 886 4281 τῆς
915 4209 1152 4281 κοπρίας
1175 4208 1381 4281 ἐθέμην
1402 4250 1417 4275 ,
1465 4209 1677 4278 φαίνειν
1710 4212 1845 4266 πᾶσι
1882 4215 1997 4276 τοῖς

403 4302 463 4355 ἐν
506 4305 574 4373 τῇ
604 4301 919 4377 οἰκουμένῃ.
955 4302 1067 4372 Τὴν
1098 4301 1155 4355 δὲ
1203 4301 1442 4374 παντελῆ
1474 4303 1796 4374 κατάλειψιν
1843 4306 1997 4378 παρὰ

405 4396 539 4450 Θεοῦ
590 4396 658 4450 δι’
712 4396 953 4468 ἐσχάτην
1007 4396 1209 4451 κακίαν
1264 4397 1360 4451 καὶ
1409 4397 1586 4470 ἀμιγῆ
1615 4398 1842 4452 καθόλου
1898 4397 1995 4452 τοῦ

404 4490 713 4561 κρείττονος
733 4506 748 4521 °
788 4491 928 4561 ὅπερ
961 4491 1056 4545 ἐπὶ
1096 4490 1190 4544 τοῦ
1232 4490 1434 4563 Φαραὼ
1467 4491 1562 4546 καὶ
1592 4490 1688 4545 τοῦ
1718 4491 1994 4557 Ναϐουχο-

402 4584 623 4654 δονόσορ
651 4584 749 4639 καὶ
804 4583 972 4638 Ἰούδα
1005 4582 1353 4655 συμόέϐηκεν
1371 4622 1385 4646 ,
1412 4582 1659 4654 ἀπωλείᾳ
1688 4583 1995 4654 παραδοθῆ-

403 4692 498 4737 ναι.
525 4674 615 4728 διὰ
640 4674 976 4746 ἀμετάθετον
1013 4673 1299 4745 πονηρίαν.
1356 4674 1741 4742 Ἁποστρέψω
1785 4673 1896 4744 γὰρ
1930 4672 1996 4725 τὸ

405 4766 733 4833 πρόσωπόν
748 4783 868 4834 μου
883 4765 984 4823 ἀπ’
995 4764 1215 4829 αὐτῶν,
1230 4765 1327 4817 καὶ
1345 4763 1523 4829 δείξω
1535 4764 1595 4816 τί
1609 4762 1779 4819 ἔσται
1792 4762 1998 4828 αὐτοῖς

406 4856 499 4917 ἐπ’
520 4854 817 4925 ἐσχάτων,
843 4856 1011 4925 φησὶν
1036 4857 1064 4908 ὁ
1086 4854 1219 4919 Θεὸς
1235 4855 1327 4909 διὰ
1350 4855 1449 4925 τῆς
1468 4854 1712 4918 Μωσέως
1727 4852 1994 4925 γλώττης.

420 4949 560 5005 Ἀλλ’
587 4944 681 5002 οὖν
708 4965 772 5017 γε
800 4951 868 5020 τῇ
897 4947 1116 5017 παιδείᾳ
1138 4947 1233 5001 τὸν
1256 4947 1729 5019 Ναϐουχοδονόσορ
1758 4947 1999 5017 ἀνασφή-

407 5041 580 5104 λαντα
600 5082 615 5107 ,
646 5041 744 5101 καὶ
768 5043 871 5113 τῆς
898 5038 1183 5112 παροινίας
1211 5039 1523 5111 ἐκνήψαντα
1552 5039 1651 5092 οὐκ
1694 5038 1998 5094 ἀπωθεῖται

408 5136 438 5189 ό
477 5133 756 5198 ἀπωσθεὶς
800 5133 935 5197 Θεός
958 5150 973 5164 ·
1011 5132 1150 5187 ἀλλά
1195 5133 1359 5188 πάλιν
1396 5133 1546 5203 αὐτῷ
1574 5131 1673 5205 τὴν
1719 5131 1997 5202 βασιλείαν

409 5226 715 5290 ἀπέδωκεν,
739 5222 1016 5295 ἁλουργίδι
1044 5222 1346 5295 φαιδρύνας
1372 5224 1469 5277 καὶ
1495 5222 1814 5294 διαδήμασι.

974 5508 1116 5564 ΠΕΥ
1118 5508 1233 5561 Σ1Σ⁴
1252 5507 1427 5563 PKB’.

479 5601 663 5667 Βόσας
681 5602 895 5675 ἡμέρας
922 5600 1193 5675 διέτριψεν
1217 5604 1246 5656 ό
1282 5599 1455 5674 Ἀδὰμ
1475 5603 1534 5655 ἐν
1556 5603 1636 5675 τῷ
1654 5603 1992 5676 παραδείσῳ;

408 5695 599 5766 ἐπειδὴ
626 5695 810 5749 πολλοὶ
835 5693 946 5749 τῶν
970 5695 1323 5767 ιστορούντων
1346 5696 1415 5751 τά
1438 5696 1560 5750 κατ’
1594 5695 1779 5761 αὑτὸν,
1810 5697 1858 5751 οί
1891 5698 1992 5767 μὲν

410 5788 658 5857 λέγουσιν
684 5829 699 5856 ,
728 5788 789 5854 ἐξ
820 5788 1032 5861 ἡμέρας
1060 5806 1073 5819 ’
1097 5789 1209 5855 διὸ,
1235 5789 1370 5860 φησὶ
1394 5831 1410 5857 ,
1442 5789 1577 5859 ἕκτῃ
1619 5789 1803 5860 ἡμέρᾳ
1832 5785 1995 5851 ἦλθεν

487 5894 532 5926 ¹³
565 5894 669 5951 lsa.
711 5912 767 5959 ι,
805 5898 893 5958 15.
934 5896 1020 5950 14.
1095 5896 1138 5928 ι’
1177 5897 1283 5953 Isa.
1326 5913 1438 5964 xw,
1475 5898 1561 5953 15.
1606 5897 1692 5951 Η.
1758 5899 1799 5929 ¹⁸
1833 5896 1936 5951 Job
1971 5914 2031 5957 ιι.
2059 5898 2113 5951 6.

412 5963 437 6019 ι
473 5963 587 6023 Pet.
629 5981 683 6036 v,
738 5967 794 6026 5.

2151 3114 2400 3182 Quatuor
2434 3113 2600 3184 igitur
2630 3111 2826 3167 modos
2854 3109 3233 3180 castigationis
3267 3109 3497 3163 scimus.
3534 3105 3672 3161 Nam

2091 3206 2197 3260 alia
2219 3206 2439 3277 quidem
2474 3211 2698 3274 propter
2726 3211 2947 3272 peccata
2981 3201 3143 3255 nobis
3174 3200 3243 3255 ad
3278 3199 3677 3254 correctionem

2092 3296 2389 3351 adhibetur
2418 3293 2624 3354 (Multa
2676 3292 2825 3347 enim
2875 3291 3093 3362 ﬂagella
3143 3302 3265 3345 sunt
3301 3291 3591 3361 peccatoris
3612 3291 3678 3352 ιτ,

2094 3388 2273 3458 inquit
2312 3386 2610 3457 Davides).
2656 3385 2777 3440 Alia
2839 3400 2972 3440 vero
3011 3385 3326 3454 superbiam
3369 3392 3423 3438 et
3472 3383 3677 3437 fastum

2094 3480 2318 3551 dejicit,
2356 3480 2461 3534 hoc
2493 3487 2612 3543 est,
2662 3476 3026 3532 elevationem
3067 3492 3133 3531 ac
3182 3484 3453 3530 tumorem
3507 3475 3683 3529 animi

2095 3572 2435 3643 comprimit.
2467 3570 2723 3640 Superbis
2751 3570 2900 3626 enim
2938 3568 3202 3624 Dominus
3251 3567 3448 3622 resistit
3477 3566 3544 3620 ⁸⁸.
3573 3566 3684 3620 Alii

2095 3676 2278 3720 autem
2306 3665 2565 3719 latentem
2590 3663 2845 3719 virtutem
2875 3670 2931 3717 et
2958 3660 3335 3716 fortitudinem
3360 3658 3689 3723 ostendunt,

2097 3766 2158 3811 ut
2190 3771 2310 3811 eam
2350 3764 2689 3826 spectatores
2728 3754 3034 3809 imitentur.
3067 3750 3267 3805 Nullus
3302 3751 3447 3806 enim
3497 3766 3685 3805 accen-

2094 3849 2176 3902 dit
2208 3848 2516 3911 lucernam,
2568 3856 2619 3900 et
2646 3846 2795 3916 ponit
2826 3860 2946 3899 eam
2998 3843 3179 3897 subter
3210 3842 3448 3895 modium
3486 3851 3579 3894 aut
3608 3840 3685 3895 le-

2098 3950 2261 4005 ctum,
2288 3939 2377 3994 sed
2400 3954 2559 4008 super
2593 3936 2975 3992 candelabrum
2996 3952 3016 3991 :
3047 3948 3103 3991 ut
3127 3936 3303 3989 luceat
3329 3935 3569 3989 omnibus
3594 3936 3684 4005 qui

2097 4041 2221 4085 sunt
2248 4032 2301 4084 in
2329 4030 2504 4093 domo,
2534 4028 2714 4098 inquit
2750 4026 3020 4083 Dominus
3042 4026 3120 4079 "z
3153 4024 3311 4094 quasi
3343 4023 3521 4078 dicat:
3550 4021 3689 4078 Pro-

2097 4133 2220 4194 pter
2251 4122 2357 4177 hoc
2388 4122 2564 4177 instar
2586 4118 2726 4175 lacis
2750 4118 2974 4175 accendi
3006 4116 3246 4182 Jobum,
3280 4125 3336 4171 et
3360 4126 3513 4170 extra
3546 4114 3685 4169 civi-

2101 4225 2266 4272 tatem
2294 4229 2459 4284 super
2492 4212 2887 4268 candelabrum
2912 4221 3254 4267 stercorcum
3291 4208 3473 4279 posui,
3512 4218 3571 4263 ut
3600 4209 3687 4263 lu-

2099 4315 2220 4364 ceat
2262 4305 2526 4362 omnibus
2568 4304 2622 4359 in
2654 4304 2792 4359 orbe
2831 4310 3124 4357 terrarum.
3154 4300 3275 4355 Alia
3307 4300 3546 4369 denique
3590 4314 3695 4353 ca-i

2100 4399 2324 4471 stigatio
2349 4406 2453 4465 est,
2488 4398 2544 4452 in
2572 4398 2893 4453 universum
2916 4410 2947 4449 a
2982 4393 3091 4448 Deo
3120 4393 3302 4449 deseri
3339 4402 3565 4464 propter
3595 4409 3689 4449 ex-

2106 4502 2335 4549 tremam
2359 4491 2658 4563 nequitiam
2678 4499 2732 4545 et
2748 4487 3179 4559 improbitatem,
3196 4488 3284 4543 cui
3309 4487 3446 4542 nihil
3464 4488 3703 4543 omnino.

2098 4588 2393 4643 admistum
2428 4595 2513 4642 est
2541 4585 2710 4642 boni:
2738 4582 2887 4655 quod
2910 4592 2965 4637 et
2988 4582 3283 4648 Pharaoni,
3313 4589 3369 4637 et
3395 4580 3689 4637 Nabucho~

2098 4678 2383 4740 donosori,
2415 4683 2470 4730 et
2490 4673 2646 4729 Judae
2679 4674 2931 4744 contigit,
2955 4682 3016 4727 ut
3046 4673 3102 4727 in
3142 4672 3373 4728 exitium
3406 4672 3688 4727 traderen-

2099 4780 2190 4825 tur
2256 4778 2479 4839 propter
2552 4766 3012 4822 inemendabilem
3090 4765 3378 4819 malitiam.
3438 4764 3688 4818 Avertam

2098 4863 2245 4917 enim
2273 4862 2338 4915 ab
2376 4862 2507 4930 ipsis
2541 4860 2733 4929 faciem
2770 4875 2939 4912 meum
2963 4867 3068 4925 ,-et
3106 4858 3383 4911 ostendam
3404 4856 3530 4928 quid
3567 4874 3686 4910 cum

2099 4954 2229 5022 ipsis
2273 4953 2513 5023 futurum
2561 4952 2632 5004 sit
2684 4951 2740 5003 in
2794 4950 3094 5003 novissimis
3123 4989 3139 5013 ,
3188 4949 3369 5016 inquit
3398 4947 3544 5004 Deus
3590 4966 3687 5019 per

2098 5047 2341 5117 linguam
2373 5043 2538 5099 Mosis
2563 5044 2631 5097 '°.
2670 5041 3062 5097 Verumtamen
3087 5040 3686 5097 Nabuchodonosorem

2100 5152 2197 5207 per
2227 5135 2575 5205 disciplinam
2627 5134 2929 5189 cautiorem
2962 5134 3236 5189 redditum
3260 5172 3276 5198 ,
3320 5140 3377 5189 et
3411 5148 3477 5188 ex
3512 5140 3690 5187 temu-

2098 5231 2266 5285 lentia
2308 5229 2553 5285 sobrium
2603 5226 2809 5282 factum
2840 5239 2951 5280 non
2985 5224 3166 5295 rejicit
3196 5224 3292 5296 qui
3340 5225 3583 5296 rejectus
3617 5225 3687 5279 ab

2096 5323 2220 5394 ipso
2249 5330 2397 5390 erat,
2438 5321 2615 5377 Deus:
2668 5321 2763 5377 sed
2803 5334 2999 5375 rursus
3026 5318 3105 5373 illi
3138 5331 3367 5387 regnum
3421 5317 3685 5382 restituit,

2100 5431 2343 5488 purpura
2373 5416 2691 5471 exhilarans
2731 5416 2910 5483 ipsum
2944 5420 3000 5467 et
3029 5412 3364 5467 diademate.

2512 5504 3027 5562 INTERROGATIO
3068 5502 3278 5559 CXXII.

2171 5602 2315 5671 Quot
2346 5602 2463 5658 dies
2492 5601 2547 5656 in
2576 5601 2837 5673 paradiso
2869 5599 3053 5670 exegit
3082 5598 3373 5653 Adamus?
3402 5595 3683 5669 Siquidem

2101 5698 2256 5754 multi
2288 5698 2382 5768 qui
2413 5697 2534 5767 ejus
2557 5706 2707 5765 gesta
2736 5694 3019 5750 memoria:
3045 5691 3307 5763 produnt,
3337 5692 3537 5762 partim
3564 5691 3687 5761 qui-

2104 5791 2227 5847 dem
2261 5788 2485 5844 tradunt
2509 5790 2625 5845 dies
2646 5805 2741 5845 sex
2765 5807 2779 5850 ;
2812 5788 3075 5858 ideoque,
3111 5794 3171 5840 ut
3199 5787 3391 5851 aiunt,
3418 5795 3573 5841 sexto
3597 5784 3699 5841 die

2188 5899 2233 5929 ¹⁶
2265 5896 2365 5951 Joh
2403 5912 2440 5959 ι,
2476 5897 2567 5952 2|.
2648 5898 2689 5930 "
2732 5894 2877 5953 Psal.
2903 5909 3054 5961 xxxi,
3098 5890 3175 5947 10.
3267 5891 3312 5924 ¹⁸
3345 5890 3462 5949 Jac.
3506 5908 3580 5957 ιγ,
3615 5889 3710 5961 ὃς,

875 5967 919 6002 ¹⁹
958 5966 1149 6024 Matth.
1210 5984 1261 6037 v,
1306 5967 1390 6023 15.
1472 5968 1517 6002 ²⁰
1556 5966 1713 6023 Deut.
1758 5984 1926 6035 xxx-.1,
1964 5969 2057 6037 20,
2112 5984 2224 6026 sec.
2269 5966 2430 6025 LXX.
