4142 6382
461 402 600 461 1011

457 520 608 572 venit
642 519 920 574 Servatur.
947 519 1053 573 Alii
1082 535 1210 575 vero
1241 535 1336 576 sex
1371 530 1582 576 tantum
1613 522 1805 578 dicunt
1843 523 2027 590 horas;

459 608 694 680 Ideoque
743 621 896 666 sexta
948 611 1078 665 hora
1118 613 1415 668 cruciﬁxus
1445 613 1722 669 Servatur.
1769 615 1874 669 Alii
1904 631 2040 685 qna-

459 702 713 773 draginta
746 704 860 758 dies
892 713 1181 770 asserunt,
1218 721 1359 775 quos
1389 705 1444 760 in
1477 706 1732 774 paradiso
1763 706 2041 762 habitave-

463 794 555 858 rit,
586 793 715 848 etin
747 793 956 848 deliciis
985 795 1185 864 egerit,
1221 795 1362 850 unde
1391 805 1611 866 propter
1647 798 2041 868 transgressio-

461 899 586 939 nem
621 885 882 954 expulsus
912 887 984 940 sit
1010 905 1020 940 :
1056 903 1196 956 quos
1223 887 1380 942 aiunt
1411 889 1664 946 retulisse
1679 889 1960 946 Christum
1987 900 2042 947 et

457 990 868 1044 compensasse,
898 992 1009 1046 quo
1031 987 1273 1048 tempore
1305 994 1401 1051 per
1425 981 1782 1052 quadraginta
1801 979 1920 1037 dies
1945 997 2042 1036 ne-

457 1083 570 1138 que
595 1069 834 1123 comedit
865 1085 1043 1140 neque
1069 1069 1228 1138 bibit,
1252 1071 1308 1126 in
1340 1071 1556 1128 deserto
1580 1088 1611 1128 a
1644 1073 1865 1130 diabolo
1895 1075 2041 1130 velut

460 1161 629 1216 homo
657 1170 916 1218 tentatus.

1083 1255 1387 1325 Responsio.

533 1345 690 1412 Quod
716 1347 1078 1419 quadraginta
1098 1349 1308 1403 dierum
1339 1360 1554 1419 tempus
1585 1351 1806 1415 attinet,
1833 1352 1884 1406 id
1913 1368 2042 1408 vero

460 1447 518 1494 et
569 1439 684 1508 ipse
731 1439 844 1508 jam
893 1449 1056 1520 antea
1095 1441 1338 1505 tradidi,
1385 1457 1449 1496 ac
1483 1442 1700 1497 videtur
1730 1444 1862 1498 mihi
1894 1444 2042 1499 haud

463 1530 715 1587 ahsimile
747 1546 878 1587 vero
910 1547 1053 1587 esse.
1076 1530 1211 1587 Nam
1251 1533 1354 1587 hoc
1396 1534 1620 1588 imitans
1658 1550 1816 1589 sacer
1855 1535 2043 1590 Eccle-

460 1623 559 1681 sia:
587 1633 784 1679 nostrae
808 1633 1019 1688 coetus,
1055 1626 1224 1680 semel
1263 1641 1360 1695 per
1393 1636 1564 1681 totum
1591 1627 1717 1681 anni
1753 1628 2039 1693 ambitum,

459 1730 588 1771 cum
621 1716 949 1771 abstinentia
976 1717 1324 1772 severissima
1353 1724 1462 1773 tam
1491 1717 1740 1772 ciborum
1767 1733 1933 1788 quam
1961 1734 2046 1772 re-

463 1822 586 1862 rum
615 1807 847 1877 jejunat,
877 1807 1159 1876 pristinam
1190 1807 1426 1878 paradisi
1454 1809 1708 1878 patriam,
1736 1820 1789 1864 et
1817 1809 2039 1866 deside.

462 1898 688 1953 rabilem
724 1898 870 1954 illius
918 1899 1121 1954 victum
1152 1900 1424 1955 desiderio
1477 1902 1717 1958 maximo
1758 1912 2037 1974 expetens.

461 1991 732 2046 Nimirum
788 1992 1030 2047 vicissim
1093 1995 1306 2048 cunctis
1363 1994 1526 2063 primi
1579 1997 1824 2065 parentis
1864 1999 2041 2054 nostri

461 2081 661 2138 debitis
698 2080 952 2136 Christus
984 2097 1044 2137 se
1096 2082 1351 2150 subjecit.
1405 2082 1543 2138 Cum
1595 2086 1686 2141 ille
1731 2087 1879 2142 dicto
1931 2104 2039 2144 non

462 2174 625 2229 fuerit
647 2171 914 2241 audiens,
947 2173 1188 2229 vicissim
1224 2176 1313 2232 hic
1355 2176 1561 2231 obediit
1597 2192 1773 2247 usque
1805 2179 1874 2234 ad
1909 2194 2040 2234 cru~

461 2282 580 2323 cem
612 2275 668 2322 et
710 2275 964 2322 ortem.
997 2265 1091 2321 Ille
1139 2275 1380 2323 tentatus
1414 2285 1509 2339 per
1553 2268 1752 2337 Evam,
1800 2286 1926 2326 cum
1949 2271 2038 2326 illa

456 2359 572 2430 jajn
605 2376 634 2414 a
667 2367 936 2414 tentatore
963 2368 1218 2429 superata
1247 2371 1414 2426 esset,
1452 2362 1691 2433 gustavit
1718 2362 1784 2417 de
1807 2363 1992 2420 vetitis
2023 2382 2038 2418 :

465 2453 552 2506 hic
583 2459 821 2508 tentatus
848 2452 1058 2522 jejunat
1079 2493 1094 2520 ,
1123 2468 1490 2522 compensans
1509 2453 1872 2524 quadraginta
1906 2471 2039 2512 esa-

461 2555 580 2599 etos
613 2546 666 2599 in
701 2545 956 2615 paradiso
989 2546 1106 2600 dies
1139 2561 1168 2599 a
1220 2545 1400 2616 primo
1422 2555 1649 2616 parente
1677 2555 1870 2602 nostro
1891 2545 2040 2603 Ada-

463 2653 587 2702 mo,
633 2646 686 2691 et
731 2651 827 2708 pro
853 2636 1069 2692 deliciis
1099 2637 1166 2691 ad
1196 2637 1437 2708 inopiam
1487 2653 1590 2693 nos
1629 2637 1896 2694 excitans.
1946 2639 2042 2695 Ille

456 2729 596 2786 deus
620 2729 735 2784 lleri
763 2730 974 2794 volens,
1017 2729 1316 2786 frustratus
1350 2745 1445 2799 spe
1469 2745 1568 2786 sua
1592 2772 1607 2796 ,
1636 2731 1800 2786 etiam
1835 2732 1886 2786 id
1916 2747 2038 2786 mu-

463 2834 609 2879 tatus
644 2824 829 2880 amisit
858 2823 1004 2894 quod
1033 2825 1188 2895 prius
1213 2833 1368 2890 erat,
1402 2839 1466 2878 ex
1512 2825 1804 2879 immortali
1835 2835 2042 2880 morta-

462 2916 534 2971 lis
560 2915 760 2980 lactus,
794 2925 936 2971 etes
963 2916 1121 2970 beato
1150 2915 1479 2971 clamatus:
1515 2917 1606 2970 hic
1637 2933 1735 2986 pro
1769 2917 1862 2972 illo
1893 2932 2042 2971 mor-

461 3009 588 3064 talis
615 3009 672 3064 ﬁt
692 3048 708 3073 ,
739 3023 968 3064 manens
999 3009 1140 3064 Deus
1160 3049 1175 3073 ,
1229 3011 1436 3065 ratione
1468 3021 1676 3064 naturai
1723 3026 1832 3064 non
1869 3019 2044 3065 muta-

459 3109 570 3166 tus,
603 3117 780 3171 neque
812 3103 987 3157 factus
1036 3101 1176 3155 alius
1213 3101 1422 3156 ratione
1466 3101 1788 3156 divinitatis.
1840 3101 1933 3156 Ille
1972 3116 2040 3155 ex

461 3195 717 3266 paradiso
739 3195 793 3249 in
819 3195 964 3248 hunc
988 3209 1360 3248 mrumnosum
1383 3195 1826 3264 laboriosumque
1853 3195 2034 3250 locum

456 3289 721 3356 expulsus
751 3297 862 3344 est:
899 3289 986 3342 hic
1019 3289 1139 3356 ejus
1191 3303 1357 3343 causa
1405 3288 1473 3343 de
1524 3288 1680 3343 caelis
1719 3288 2037 3353 adveniens,

462 3379 610 3435 illius
634 3380 865 3435 assumit
896 3380 1084 3444 vitam,
1114 3395 1214 3446 pro
1243 3379 1366 3434 luce
1390 3380 1668 3435 inaccessa
1694 3380 2038 3435 tenebrosam

459 3473 607 3527 hanc
635 3480 687 3526 et
721 3472 1015 3527 obscuram
1058 3471 1373 3541 speluncam
1414 3471 1701 3527 habitans:
1733 3472 1853 3527 vice
1882 3471 2040 3525 intel-

465 3564 721 3618 lectilium
750 3575 804 3619 et
834 3566 1044 3617 ratione
1076 3563 1427 3632 praeditorum
1460 3563 1806 3627 animalium,
1837 3563 2044 3618 anima-

461 3659 610 3714 libus
664 3658 878 3716 ratione
928 3657 1243 3713 carentibus
1283 3657 1693 3712 circumdatus:
1734 3657 1858 3712 loco
1892 3665 2047 3727 pote-

464 3761 670 3810 statum
703 3751 949 3805 omnium
981 3766 1012 3805 a
1051 3750 1252 3820 quibus
1275 3749 1614 3819 gestabatur,
1654 3749 1707 3803 in
1737 3747 1882 3804 ulnis
1914 3763 2040 3802 san.

461 3856 566 3900 ctte
593 3844 813 3914 quidem
866 3841 1113 3897 mulieris
1142 3852 1198 3896 et
1243 3841 1402 3912 cujus
1441 3842 1641 3896 intacta
1675 3852 2044 3911 perpetuaque

461 3934 751 4005 virginitas
770 3941 937 3997 esset,
957 3933 1266 3988 communis
1286 3941 1469 3987 tamen
1501 3935 1784 3988 nobiscum
1813 3943 2040 4001 natum,

464 4034 752 4097 portatus:
787 4040 884 4094 pro
915 4023 1177 4094 angelicis
1210 4024 1431 4094 hymnis
1459 4034 1513 4077 et
1549 4025 1810 4088 canticis,
1844 4025 2043 4094 petitus

463 4118 762 4172 calumniis
790 4155 805 4180 ,
860 4117 1018 4185 quasi
1052 4115 1382 4170 daemonium
1431 4115 1681 4178 haberet,
1727 4124 1782 4169 et
1811 4133 1904 4185 per
1928 4115 2042 4170 da:-

467 4209 776 4264 moniorum
806 4207 1105 4276 principem
1133 4205 1400 4260 daemonia
1428 4207 1667 4275 ejiceret,
1699 4217 1753 4261 et
1783 4207 2042 4277 populum

463 4301 786 4359 seduceret;
823 4298 1158 4367 eaeteroquin
1194 4312 1225 4351 a
1282 4299 1466 4366 pueris
1515 4297 1863 4353 Hebrazorum
1904 4301 2044 4356 cele-

466 4392 681 4455 bratus,
710 4389 1098 4445 clamantibus:
1131 4389 1444 4444 Benedictus
1471 4390 1561 4459 qui
1600 4391 1733 4444 venit
1757 4391 1812 4444 in
1838 4393 2044 4447 nomine

469 4482 681 4536 Domini
709 4483 775 4533 ".
811 4480 918 4535 Pro
939 4481 1060 4535 loco
1091 4480 1339 4551 virginis,
1384 4482 1641 4536 nimirum
1678 4481 1820 4547 Evae,
1854 4499 2042 4552 perpe-

467 4585 618 4629 tuam
647 4573 911 4644 virginem
953 4582 1200 4627 sanctam
1243 4585 1472 4629 matrem
1522 4590 1676 4628 suam
1710 4575 1994 4630 suscitavit
2029 4596 2040 4630 :

468 4681 570 4736 pro
598 4666 745 4720 illius
775 4679 958 4733 poena,
983 4664 1112 4718 huic
1141 4664 1371 4720 salutem
1403 4681 1497 4734 per
1522 4665 1799 4734 proprium
1825 4682 2044 4728 servum

467 4756 785 4812 Gabrielum
808 4756 980 4822 misit,
1013 4756 1068 4810 in
1102 4757 1203 4810 hac
1232 4773 1434 4812 sanans
1463 4773 1585 4827 quae
1609 4759 1698 4812 illa
1720 4759 2039 4829 deliquerat.

469 4848 577 4903 Pro
609 4848 758 4918 ligno
791 4846 1247 4916 transgressionis
1283 4847 1488 4918 lignum
1539 4849 1960 4904 resurrectionis
1990 4847 2046 4905 in

470 4937 650 4992 medio
671 4947 848 5003 terrm,
896 4935 1187 4990 salutarem
1229 4953 1446 4993 crucem
1485 4953 1638 4993 suam
1681 4939 1816 4993 ﬁxit.
1844 4938 2047 5005 Quem-

469 5031 767 5086 admodum
819 5030 997 5099 inquit
1029 5029 1118 5084 ille
1147 5031 1455 5085 carminum
1494 5031 1806 5085 divinorum
1856 5041 2047 5088 auctor

470 5122 736 5177 Davides:
769 5120 910 5174 Deus
939 5131 1114 5174 noster
1144 5123 1232 5191 qui
1281 5133 1355 5174 est
1404 5131 1526 5175 ante
1551 5122 1748 5176 alecula
1773 5163 1788 5186 ,
1822 5123 2046 5177 salutem

470 5224 719 5286 operatus
749 5199 902 5269 estin
933 5214 1103 5268 medio
1131 5225 1284 5268 terra:
1311 5218 1375 5270 ²’.
1413 5215 1516 5268 Pro
1555 5230 1664 5269 non
1700 5216 1793 5269 illo
1826 5216 2046 5285 quidem

473 5307 797 5362 naturaliter
817 5348 832 5371 ,
863 5306 959 5361 sed
988 5321 1084 5376 per
1110 5308 1602 5378 transgressionem
1658 5307 1872 5362 letifero
1901 5308 2045 5372 cibo,

472 5411 726 5460 naturam
758 5416 914 5456 suam
943 5400 1181 5455 divinam
1220 5410 1423 5454 nostra:
1459 5401 1654 5454 uniens
1677 5440 1691 5465 ,
1730 5401 1885 5456 cibus
1916 5402 2051 5455 vivi-

475 5495 610 5548 licus
646 5493 824 5548 medio
883 5493 935 5547 in
987 5507 1113 5547 aere
1157 5493 1401 5562 pendens
1450 5493 1705 5547 omnibus
1737 5495 2050 5562 propositus

470 5595 595 5648 cat,
627 5594 682 5639 et
713 5585 783 5640 ab
819 5585 1078 5640 omnibus
1129 5585 1424 5655 percipitur
1449 5624 1463 5647 .
1517 5585 1632 5655 ipse
1692 5587 2051 5642 nihilominus

1519 402 1576 457 S.
1609 403 1918 459 CESARII
1955 404 2292 464 GREGOIlll
2329 411 2630 470 FRATRIS

3581 423 3719 480 IOI2

2142 527 2171 578 6
2197 529 2406 602 Σωτήρ.
2452 533 2634 588 Ἄλλοι
2661 536 2716 590 δέ
2747 537 2993 605 λέγουσιν
3036 537 3095 602 ἐξ
3125 541 3280 609 μόνον
3307 541 3452 611 ὥρας
3475 557 3486 570 ·
3518 541 3596 594 διὸ
3625 545 3719 601 καὶ

2145 619 2278 692 ἕκτῃ
2313 621 2432 694 ὥρα
2460 626 2780 699 ἐσταυρώθη
2808 631 2836 681 ό
2861 631 3070 701 Σωτήρ.
3105 633 3318 702 Ἐτεροι
3349 633 3404 685 δέ
3451 635 3719 705 τεσσαράδ

2146 727 2309 766 κοντα
2332 713 2580 783 λέγουσιν
2614 711 2834 789 ἡμέρας
2850 719 3252 790 ἐνδιαιτηθέντα
3280 721 3358 792 τῷ
3383 723 3716 794 παραδείσῳ,

2145 803 2240 856 καὶ
2283 804 2692 879 ἐντρυφήσαντα
2715 850 2730 873 ,
2765 811 3063 881 ἐξωσθῆναι
3123 813 3194 883 τῇ
3241 813 3551 883 παραϐάσει
3577 831 3592 845 ⁶
3628 814 3719 880 ἃς,

2146 896 2310 964 φησὶν
2333 935 2351 961 ,
2407 898 2742 968 ἀντεισάγων
2785 902 2816 954 6
2868 903 3102 974 Χριστὸς
3145 904 3239 956 καὶ
3271 903 3578 972 ἀντισηκῶν
3620 906 3723 958 οὐκ

2144 987 2386 1058 ἔφαγεν,
2430 989 2550 1043 ούδέ
2598 991 2782 1054 ἔπιεν,
2841 995 3247 1064 τεσσαράκοντα
3289 994 3500 1065 ἡμέρας
3549 996 3607 1046 ἐν
3651 998 3725 1075 τῇ

2146 1081 2338 1153 ἐρήμῳ
2368 1082 2473 1136 ὑπὸ
2501 1083 2594 1137 τοῦ
2629 1083 2873 1138 διαϐόλου
2900 1087 3291 1157 πειραζόμενος
3316 1086 3390 1150 ὠς
3414 1085 3716 1158 ἄνθρωπος.

2755 1262 3114 1330 Ἀπόκρισις.

2215 1351 2418 1406 Τοῦτον
2461 1353 2558 1422 μὲν
2585 1354 2683 1424 τῆς
2731 1354 3171 1426 τεσσαρακοστῆς
3208 1354 3300 1408 τὸν
3335 1356 3535 1425 τρόπον
3564 1353 3724 1426 κάγὼ

2145 1442 2246 1514 ἥδη
2275 1443 2554 1514 προέφηνο
2589 1444 2683 1496 καὶ
2731 1445 2792 1496 οὐ
2839 1444 2986 1498 δοκεῖ
3030 1461 3120 1515 μοι
3153 1444 3382 1509 ἀπεικὸς
3433 1446 3717 1517 ὑπάρχειν.

2144 1534 2328 1588 Ταῦτα
2373 1536 2482 1607 γὰρ
2529 1536 2766 1607 ἑπομένη
2800 1537 2834 1606 ἠ
2875 1535 2992 1589 θεία
3039 1537 3139 1607 τῆς
3187 1535 3514 1608 Ἐκκλησίας
3563 1537 3721 1608 ἡμῶν

2143 1629 2433 1698 ὁμήγυρις,
2482 1627 2629 1693 ἅπαξ
2672 1627 2762 1682 διὰ
2799 1629 2982 1698 πάσης
3014 1627 3109 1680 τοῦ
3151 1627 3397 1681 ἐνιαυτοῦ
3432 1627 3530 1697 τῆς
3561 1645 3720 1698 περι-

2141 1719 2262 1772 όδου
2295 1721 2392 1774 σὺν
2419 1720 2752 1792 σφοδροτάτῃ
2779 1719 2958 1790 ἀποχῇ
2994 1719 3299 1791 βρωμάτων
3329 1719 3424 1773 καὶ
3460 1719 3722 1789 πραγμά-

2147 1829 2254 1864 των
2276 1810 2543 1882 νηστεύει,
2557 1813 2656 1883 τὴν
2671 1812 2902 1883 ἀρχαίαν
2924 1810 3018 1865 τοῦ
3042 1810 3366 1883 παραδείσου
3389 1809 3723 1880 ἐπιζητοῦσα

2149 1903 2416 1975 πατρίδα,
2471 1905 2565 1958 καὶ
2613 1903 2711 1975 τὴν
2757 1904 2875 1956 ἐκεῖ
2914 1903 3264 1974 ίμειρομένην
3299 1901 3526 1956 δίαιταν.
3572 1899 3724 1952 Ἀνθ-

2143 1996 2318 2066 υπέϐη
2352 1996 2460 2067 γὰρ
2491 1999 2625 2050 πᾶσι
2661 1998 2773 2060 τοῖς
2798 1994 2892 2048 τοῦ
2918 1995 3261 2066 προπάτορος
3284 1992 3444 2065 ἡμῶν
3473 1993 3721 2063 ὀφλήμα-

2144 2105 2228 2141 σιν
2259 2090 2288 2141 6
2313 2087 2568 2160 Χριστός.
2634 2087 2872 2141 Ἐκείνου
2915 2087 3024 2159 γὰρ
3067 2084 3552 2157 παρακούσαντος,
3594 2081 3724 2137 ἀνθ-

2143 2177 2402 2233 υπακούει
2433 2170 2588 2240 οὗτος
2620 2176 2781 2248 μέχρι
2823 2175 3055 2246 σταυροῦ
3085 2177 3178 2229 καὶ
3201 2174 3452 2229 θανάτου.
3490 2175 3724 2238 Ἐκεῖνος

2143 2269 2531 2341 πειραζόμενος
2554 2268 2643 2322 διὰ
2685 2269 2788 2339 τῆς
2821 2268 2964 2333 Εὔας
2999 2269 3099 2340 ἤδη
3128 2269 3442 2341 ἡττημένης
3476 2267 3554 2338 τῷ
3598 2282 3722 2318 πειο

2126 2363 2356 2436 ,ρὰζοντι
2383 2404 2398 2429 ,
2449 2361 2558 2415 τῶν
2613 2362 3078 2433 ἀπηγορευμένων
3130 2361 3512 2428 ἀπεγεύσατοο
3566 2350 3724 2421 οὗτος

2141 2453 2555 2526 πειραζόμενος,
2587 2452 2838 2524 νηστεύει
2871 2450 3349 2524 ἀντιπρυτανεύων
3380 2451 3478 2513 τὰς
3525 2451 3583 2502 ἐν
3619 2464 3723 2500 πα-

2143 2547 2376 2619 ραδείσῳ
2401 2546 2810 2618 τεσσαράκοντα
2837 2544 3049 2616 ἡμέρας
3072 2544 3164 2597 τοῦ
3193 2542 3535 2615 προπάτορος
3565 2540 3726 2611 ἡμῶν

2155 2640 2358 2711 Ἀδὰμ,
2406 2639 2738 2709 ἀντεγείρων
2765 2640 2831 2709 τῇ
2875 2639 3054 2708 τρυφῇ
3086 2639 3185 2708 τὴν
3234 2635 3472 2689 ἔνδειαν
3521 2633 3723 2694 ἐκεῖνος

2137 2733 2256 2802 θεὸς
2303 2732 2554 2803 γενέσθαι
2593 2731 2873 2804 βουληθεὶς
2907 2731 2965 2784 δέ
2993 2731 3104 2801 (88)
3127 2772 3141 2796 ,
3169 2730 3264 2784 καὶ
3291 2731 3428 2800 ὅπερ
3452 2722 3540 2800 ἦν,
3566 2724 3725 2797 ἐτρά-

2143 2845 2220 2898 πη
2249 2868 2263 2891 ,
2298 2827 2358 2892 ἐξ
2395 2825 2665 2882 ἀθανάτου
2701 2826 2894 2896 θνητὸς
2928 2824 3252 2895 γενόμενος,
3305 2823 3399 2875 καὶ
3445 2822 3510 2873 ἐκ
3545 2819 3723 2888 μάκα-

2145 2936 2237 2992 ρος
2267 2921 2622 2989 κατάκριτος’
2656 2914 2808 2982 οὗτος
2840 2917 2978 2988 ὑπὲρ
3013 2915 3220 2968 ἐκείνου
3263 2913 3454 2985 βροτὸς
3493 2911 3721 2981 γίνεται,

2147 3013 2323 3083 μένων
2361 3012 2522 3075 Θεὸς,
2555 3010 2629 3082 μὴ
2660 3012 2891 3082 τραπεὶς
2927 3009 3026 3080 τὴν
3077 3008 3240 3076 φύσιν
3266 3045 3281 3072 ,
3313 3005 3389 3076 μὴ
3415 3003 3726 3064 ἀλλοιωθεὶς

2143 3105 2239 3176 τὴν
2273 3106 2518 3176 θεότητα.
2573 3103 2807 3166 Ἐκεῖνος
2838 3104 2902 3155 ἐκ
2927 3100 3255 3172 παραδείσου
3290 3101 3369 3162 είς
3394 3097 3454 3150 τὸ
3479 3095 3722 3166 ἐμπαθὲς

2146 3200 2237 3252 καὶ
2289 3199 2547 3252 ἐπίπονον
2594 3195 2753 3249 τοῦτο
2803 3193 3076 3264 ἐξοικίσθη
3131 3191 3359 3263 χωρίον·
3394 3185 3543 3253 οὗτος
3585 3189 3724 3260 ὑπὲρ

2144 3291 2354 3346 ἐκείνου
2382 3291 2440 3356 ἐξ
2461 3286 2706 3360 ούρανῶν
2735 3286 3117 3356 ἐπιφοιτήσας,
3143 3283 3232 3336 τὸν
3255 3281 3463 3335 ἐκείνου
3490 3281 3730 3351 ἀναλαμ-

2144 3382 2366 3434 ϐάνεται
2417 3380 2566 3450 βίον,
2607 3378 2728 3432 ἀντὶ
2787 3376 2965 3446 φωτὸς
3018 3375 3112 3428 τοῦ
3165 3374 3458 3446 ἀπροσίτου
3501 3373 3565 3426 τὸ
3602 3387 3727 3425 σκο-

2142 3475 2315 3528 τεινὸν
2340 3473 2434 3526 καὶ
2463 3469 2703 3541 ἀφεγγὲς
2740 3470 2935 3540 ἄντρον
2967 3469 3130 3522 οἰκῶν
3156 3483 3170 3498 ⁶
3207 3469 3333 3522 ἀντὶ
3372 3467 3479 3521 τῶν
3522 3465 3728 3537 νοερῶν

2144 3568 2236 3619 καὶ
2268 3564 2500 3634 λογικῶν
2529 3562 2703 3627 ζώων,
2734 3560 2893 3626 ζώοις
2923 3560 3139 3630 ἀλόγοις
3168 3560 3534 3630 κυκλούμενος
3557 3575 3572 3588 °
3607 3559 3726 3612 ἀντὶ

2143 3658 2334 3712 πασῶν
2358 3654 2637 3727 φερουσῶν
2661 3653 2964 3723 δυνάμεων,
2991 3653 3259 3722 ἀγκάλαις
3285 3651 3538 3720 γυναικὸς
3562 3650 3722 3716 ἁγίας

2147 3753 2266 3823 μέν,
2299 3751 2566 3822 ἀχράντου
2597 3749 2691 3803 καὶ
2719 3747 3026 3810 ἀείπαιδος,
3079 3745 3180 3815 τῆς
3226 3745 3284 3798 δὲ
3331 3744 3518 3812 κοινῆς
3569 3743 3725 3812 ἡμῶν

2145 3845 2393 3913 φύσεως,
2456 3842 2755 3913 φερόμενος
2781 3858 2793 3870 ·
2850 3841 2972 3894 ἀντὶ
3028 3837 3335 3908 ἀγγελικῶν
3395 3835 3577 3906 ὕμνων
3633 3835 3728 3887 καὶ

2144 3937 2298 4009 ᾠδῶν
2319 3976 2332 3998 ,
2363 3935 2867 4005 συκοφαντούμενος
2911 3933 3186 4002 δαιμόνιον
3227 3929 3371 4000 ἔχειν
3396 3969 3411 3993 ,
3444 3931 3536 3980 καὶ
3565 3930 3622 3980 ἐν
3651 3924 3729 3996 τῷ

2144 4031 2366 4103 ἄρχοντι
2397 4029 2688 4100 δαιμονίων
2717 4027 3002 4081 ἐκϐάλλειν
3046 4026 3114 4078 τὰ
3146 4023 3398 4094 δαιμόνια
3422 4062 3436 4085 ,
3470 4021 3564 4074 καὶ
3591 4020 3730 4071 πλα-

2144 4125 2242 4194 νᾷν
2304 4122 2430 4185 τοὺς
2478 4120 2668 4190 ὄχλους
2699 4135 2714 4155 ο
2767 4118 2954 4172 παισὶν
3000 4115 3270 4186 Ἐϐραίων
3324 4111 3728 4182 ἀνυμνούμενος

2148 4213 2424 4285 βοώντων,
2481 4211 2898 4280 Εὐλογημένος
2933 4212 2964 4262 ό
3003 4208 3326 4277 ἐρχόμενος
3367 4207 3439 4259 ἐν
3483 4205 3730 4272 ὀνόματι

2143 4305 2387 4374 Κυρίου.
2421 4303 2566 4356 Ἀντὶ
2591 4301 2860 4372 παρθένου
2885 4299 2982 4369 τῆς
3003 4297 3142 4360 Εὔας
3165 4295 3420 4350 ἀείπαιδα
3442 4294 3540 4364 τὴν
3565 4293 3728 4362 ἁγίαν

2147 4397 2312 4452 αὐτοῦ
2365 4396 2575 4467 μητέρα
2604 4394 2928 4464 ἀντήγειρεν
2948 4409 2962 4422 ·
2993 4389 3116 4443 ἀντὶ
3162 4389 3254 4441 τοῦ
3306 4387 3520 4458 ἐκείνης
3553 4389 3730 4439 ἐπιτι-

2156 4489 2299 4559 μίου,
2322 4487 2494 4557 ταύτῃ
2516 4485 2597 4551 τὺ,
2616 4484 2814 4554 Χαῖρε,
2835 4482 2924 4535 διὰ
2944 4480 3038 4533 τοῦ
3061 4480 3261 4532 οἰκείου
3282 4478 3467 4531 δούλου
3491 4475 3731 4548 Γαϐριὴλ

2153 4581 2504 4641 ἀπέστειλεν.
2546 4581 2604 4631 ἐν
2631 4577 2804 4649 ταύτῃ
2840 4575 2909 4628 τὰ
2952 4574 3166 4643 ἐκείνης
3216 4571 3556 4641 ἀκούμενος’
3609 4570 3731 4622 ἀντὶ

2155 4674 2312 4741 ξύλου
2364 4671 2724 4742 παραϐάσεως
2744 4711 2758 4735 ,
2803 4667 2956 4733 ξύλον
2989 4664 3334 4726 ἀναστάσεως
3359 4666 3418 4716 ἐν
3454 4662 3602 4732 μέσῳ
3629 4661 3729 4730 τῆς

2154 4767 2256 4836 γῆς
2283 4806 2296 4828 ,
2325 4765 2416 4819 τὸν
2463 4763 2729 4832 σωτήριον
2779 4759 2972 4813 ἐαυτοῦ
3020 4756 3250 4827 σταυρὸν
3290 4753 3474 4825 ἔπηξε.
3536 4753 3731 4815 Καθὼς

2154 4875 2317 4929 φησιν
2360 4854 2523 4909 Δαϐὶδ
2547 4856 2575 4906 ό
2603 4852 2709 4906 τῶν
2735 4851 2894 4905 θείων
2928 4848 3162 4920 μελῳδὸς
3189 4864 3200 4876 ·
3248 4849 3302 4899 '0
3341 4846 3411 4900 δὲ
3442 4845 3558 4912 ,πρὸ
3596 4843 3730 4897 alii»

2154 4969 2275 5005 νων
2302 4950 2447 5014 Θεὸς
2483 4946 2651 5018 ήμῶν
2671 4943 2986 5014 εζργάσατο
3005 4942 3308 5011 σωτηρίαν
3332 4941 3403 4993 ἐν
3429 4939 3596 5008 μέσῳ
3621 4937 3731 5006 τῆς

2154 5043 2267 5114 γῆς
2285 5059 2300 5074 ο
2329 5042 2448 5096 ἀντὶ
2469 5041 2566 5109 τῆς
2609 5039 2668 5092 οὐ
2699 5038 2857 5106 φύσει
2899 5035 3036 5088 ἀλλά
3065 5034 3315 5102 παρακοῇ
3353 5030 3729 5101 θανατηφόρου

2154 5134 2352 5203 ἐδωδῆς
2373 5174 2388 5198 ,
2413 5133 2510 5200 τὴν
2537 5129 2728 5183 ἐαυτοῦ
2763 5127 2913 5180 θείαν
2945 5125 3104 5196 φύσιν
3130 5127 3194 5194 τῇ
3223 5123 3469 5194 ἡμετέρᾳ
3501 5120 3728 5185 ἐνώσας,

2156 5224 2436 5294 ςωηφόρος
2461 5222 2627 5291 ἐδωδὴ
2660 5221 2942 5290 πρόκειται
2968 5218 3108 5271 κατά
3149 5218 3238 5270 τὸν
3287 5217 3423 5288 ἀέρα
3451 5217 3557 5269 ὑπὸ
3589 5217 3725 5268 πάν-

2156 5334 2264 5369 των
2299 5313 2656 5385 μετεχόμενος
2679 5355 2693 5375 ,
2739 5312 2833 5366 καὶ
2889 5312 3063 5381 μένων
3106 5312 3134 5362 6
3169 5309 3328 5372 αὐτὸς
3377 5307 3609 5378 ἄληκτος
3635 5346 3650 5369 ,
3701 5309 3732 5358 6

2159 5407 2300 5478 ὑπὲρ
2325 5405 2433 5459 τῶν
2456 5404 2800 5474 κατακρίτων
2825 5401 3172 5478 κατακριθεὶς
3200 5400 3480 5466 ἑκουσίως,
3501 5398 3577 5461 ὼς
3599 5396 3730 5460 θεὸς

2159 5497 2253 5550 καὶ
2284 5495 2472 5566 βροτὸς
2494 5496 2523 5546 6
2551 5495 2730 5558 αὐτός.
2758 5495 2966 5565 Ὥσπερ
3008 5489 3100 5547 οὖν
3134 5493 3227 5546 καὶ
3259 5493 3418 5563 χολὴν
3445 5488 3730 5560 ἐψωμίσθη

2159 5589 2252 5641 καὶ
2299 5587 2408 5650 ὃξει
2464 5587 2682 5658 ἄρδεται
2711 5629 2726 5653 ,
2774 5587 2912 5657 ὑπὲρ
2943 5586 3043 5656 τῆς
3095 5583 3187 5638 τοῦ
3251 5584 3422 5653 Ἀδὰμ
3476 5582 3731 5652 βρώσεως

513 5701 557 5737 ἰ
602 5698 909 5762 Matth.xxt,
962 5696 1029 5761 9;
1084 5696 1251 5751 Marc.
1313 5712 1391 5763 XI,
1447 5697 1550 5764 IO;
1601 5696 1760 5754 Joan.
1815 5715 1867 5761 χ,
1927 5701 2012 5755 I3.
2090 5705 2136 5736 "
2189 5700 2674 5766 Psal.t.xx1n,l‘2.

553 5812 1087 5888 (88)Deest_aliquid
1146 5813 1446 5877 forsanune
1505 5818 1932 5888 legendum:

481 5888 751 5952 resarcire
775 5886 928 5943 velis.
967 5886 1122 5943 Eutr.

1965 5819 2280 5898 βουληθεὶς,
2327 5819 2614 5892 ἀποτυχὼν
2647 5818 2700 5872 δὲ
2752 5819 2845 5888 τῆς
2881 5814 3125 5878 ἐλπίδος,
3169 5813 3274 5869 nisi
3326 5811 3486 5868 aliter
3543 5811 3728 5866 locum
