4142 6382
382 390 527 446 1013*

379 504 709 578 θεανδρικῶς
738 506 1027 572 ἀποτιννὺς
1050 510 1214 564 αὐτοῦ
1239 512 1307 565 τά
1334 513 1627 585 ὀφλήματα
1644 531 1657 543 ·
1693 516 1835 569 οὕτω
1870 534 1962 588 μοι

376 596 526 651 δοκεῖ
555 599 649 652 καί⁵
688 599 788 663 τάς
812 600 1221 671 τεσσαράκοντα
1260 603 1400 674 ὑπὲρ
1434 605 1702 659 τοσούτων
1736 608 1959 676 ἀντιση-

382 689 605 743 κοῦσθαι
644 691 856 763 ἡμέρας
882 708 896 721 ο
920 692 1033 761 ἐγὼ
1056 694 1114 751 δὲ
1144 698 1246 766 τῆνς
1274 696 1497 750 ἐκείνων
1520 698 1706 763 ἑξάδος
1735 700 1829 753 καὶ
1860 700 1961 771 τῆς

333 818 341 827 .
380 780 521 850 ἐμῆς
552 784 987 853 τετταρακοστῆς
1011 822 1027 847 ,
1066 784 1156 838 τὸν
1186 786 1249 840 ἐκ
1288 805 1450 841 τινων
1478 791 1578 842 οὐκ
1615 791 1844 861 ἀσήμων
1866 808 1960 861 γε·-

382 872 585 942 ρόντων
639 875 718 936 εἰς
762 876 912 946 ἡμᾶς
942 876 1369 949 διαφοιτῆσαντα
1413 881 1540 951 περὶ
1582 882 1771 935 τούτου
1805 882 1961 950 λόγον

384 965 583 1035 μᾶλλον
607 966 960 1038 ἀποδέχομαι,
1004 970 1067 1022 ἐκ
1105 970 1211 1023 τῶν
1250 970 1344 1024 τοῦ
1397 972 1602 1045 ὑψηλοῦ
1641 975 1961 1030 Ἀποστόλου

382 1058 643 1128 ῥημάτων
672 1058 1077 1131 βεϐαιούμενον,
1102 1061 1193 1115 τὸν
1226 1064 1446 1118 πλείονα
1475 1066 1665 1137 χρόνον
1690 1070 1748 1120 ὲν
1784 1085 1963 1137 παρα-

377 1149 541 1220 δείσῳ
593 1153 880 1225 μακαρίως
924 1154 1087 1225 ζῆσαι
1135 1155 1226 1209 τὸν
1271 1158 1591 1230 προπάτορα
1636 1159 1813 1230 ἡμῶν.
1867 1159 1962 1213 Ἐκ

382 1241 675 1313 προσώπου
702 1246 811 1315 γὰρ
850 1245 1016 1299 αὐτοῦ
1055 1249 1083 1300 6
1133 1246 1275 1311 θεῖος
1319 1249 1637 1313 Ἀπόστολος
1667 1252 1961 1324 διαρρήδην

382 1332 498 1403 βοᾷ,
545 1335 693 1407 Ἐγὼ
721 1337 789 1390 δὲ
822 1337 970 1399 ἔζων
999 1339 1177 1410 χωρὶς
1208 1342 1398 1410 νόμου
1437 1344 1601 1398 ποτέ.
1629 1345 1743 1398 Οὐκ
1768 1345 1876 1416 ἄρα
1904 1345 1960 1398 δὲ

380 1426 591 1492 Παῦλος
622 1432 940 1503 προϋπῆρχε
966 1431 1058 1486 τοῦ
1091 1433 1276 1504 νόμου,
1303 1436 1332 1486 6
1360 1434 1585 1504 ἔσχατος
1615 1437 1833 1493 πάντων
1853 1438 1965 1491 τῶν

378 1518 473 1571 τοῦ
502 1519 665 1591 νόμου
693 1524 983 1595 φοιτητῶν,
1007 1526 1114 1579 οὐδ’
1137 1522 1203 1581 αὖ
1232 1526 1392 1582 πάλιν
1415 1529 1585 1599 χωρὶς
1613 1528 1804 1582 τούτου
1831 1530 1960 1583 ποτὲ

380 1612 543 1683 νόμου
573 1609 694 1685 ἦνῆ
728 1616 966 1683 ἐγένετο.
1003 1620 1115 1673 Καὶ
1140 1620 1251 1692 γὰρ
1294 1622 1355 1674 τὸ
1386 1621 1716 1690 Εὐαγγέλιον
1754 1621 1960 1694 κηρύτ-

378 1718 485 1754 των
513 1703 611 1766 τάς
636 1704 866 1774 νομικὰς
900 1709 1206 1779 μαρτυρίας
1227 1710 1401 1783 πάντη
1430 1712 1817 1783 παρατίθησιν,
1847 1710 1960 1765 ἀλλ’

378 1794 443 1846 ὲκ
473 1794 764 1866 προσώπου
791 1798 883 1851 τοῦ
931 1800 1100 1871 Ἀδὰμ
1126 1802 1529 1875 ἀποδυρόμενος
1557 1805 1783 1867 εἰκότως
1803 1845 1818 1869 ,
1856 1821 1959 1877 φη-

380 1886 491 1949 σὶν,
541 1886 688 1958 Ἐγὼ
716 1888 784 1942 δὲ
809 1890 954 1950 ἔζων
979 1894 1160 1961 χωρὶς
1191 1896 1380 1964 νόμου
1412 1896 1576 1950 ποτέ.
1613 1897 1965 1968 Σαφέστερον-

376 1976 435 2029 δὲ
460 1981 699 2052 παριστᾷ
729 1983 793 2035 ἐκ
823 1984 1114 2055 προσώπου
1137 1985 1228 2039 τοῦ
1255 1987 1425 2058 Ἀδὰμ
1447 1988 1619 2042 ταῦτα
1644 1988 1781 2058 βοῶν
1800 2005 1814 2020 ⁶
1843 1989 1957 2042 λευ-

379 2070 553 2124 καίνει
580 2072 642 2125 τὸ
667 2074 865 2145 νόημα,
894 2077 995 2131 οὐκ
1016 2078 1097 2131 ἔτι
1126 2080 1289 2151 νόμον
1319 2080 1432 2134 ἀλλ’
1463 2082 1682 2153 ἐντολὴν
1710 2082 1954 2153 φάσκων,

376 2160 476 2231 τὴν
495 2161 739 2218 δοθεῖσαν
762 2165 842 2236 τῷ
883 2166 1052 2236 Ἀδὰμ
1070 2168 1311 2239 δηλονότι
1333 2183 1349 2199 ⁸
1390 2171 1724 2239 Ἐλθούσης
1752 2171 1820 2225 δὲ
1848 2172 1959 2240 τῆς

376 2250 634 2318 ἐντολῆς
655 2293 669 2316 ,
703 2252 903 2306 ὡσανεὶ
950 2254 1197 2329 δοθείσης
1220 2299 1234 2319 ,
1264 2259 1303 2326 ἡ
1346 2259 1600 2329 ἁμαρτία
1632 2258 1954 2330 ἀνέζησεν

376 2340 491 2412 ἐγὼ
513 2342 582 2395 δὲ
605 2344 930 2412 ἀπέθανον,
962 2348 1115 2419 φησι,
1144 2352 1209 2421 τῇ
1246 2349 1331 2403 διὰ
1369 2354 1653 2424 παρακοῆς
1686 2352 1959 2406 ἐκπτώσει

376 2434 475 2502 τῆς
501 2436 778 2507 μακαρίας
807 2438 978 2511 ζωῆς·
1008 2441 1085 2504 ὡς
1129 2442 1285 2513 δῆλον
1327 2444 1593 2516 ὑπάρχειν
1615 2484 1630 2507 ,
1658 2444 1733 2517 μὴ
1761 2446 1959 2501 αὐτίκα

378 2526 473 2579 τοῦ
503 2528 755 2596 γενέσθαι
795 2532 886 2584 τὸν
930 2533 1099 2605 Ἀδάμ
1120 2575 1134 2598 ,
1174 2535 1391 2607 δοθῆναι
1421 2537 1519 2609 τὴν
1556 2538 1799 2609 ἐντολὴν,
1824 2539 1959 2594 ἀλλά

382 2619 521 2686 μετὰ
551 2637 670 2677 τινα
698 2622 906 2693 χρόνον,
939 2626 1191 2694 ἀόριστον
1227 2628 1305 2682 δέ.

1808 396 2159 455 DlALOGUS
2196 398 2286 454 111.

3498 399 3647 453 1οης

2065 523 2303 569 aeternus
2337 529 2587 569 manens.
2620 513 2727 569 Pro
2770 515 3054 570 damnatis.
3072 516 3377 571 damnatus
3414 525 3497 570 est
3542 530 3662 571 sua.

2064 613 2291 675 sponte,
2320 613 2580 674 tanquam
2612 605 2757 660 Deus
2800 614 2855 661 et
2883 605 3024 661 idem
3057 605 3239 660 homo.
3274 604 3642 671 Quemadmo-

2062 698 2191 751 dum
2247 699 2411 769 igitur
2454 698 2577 753 felle
2627 708 2817 768 pastus
2876 709 3033 754 aceto
3087 700 3330 769 rigatur,
3377 698 3659 767 ejuscibi

2061 802 2230 843 causa
2276 804 2437 858 quem
2498 788 2743 843 Adamus
2794 798 3149 860 sumpserat,
3189 790 3319 844 dum
3374 789 3540 843 homo
3583 790 3658 842 in.

2062 879 2244 934 divina
2276 889 2468 935 natura
2497 881 2644 935 illius
2667 881 2846 937 debita
2869 882 3157 951 dependit:
3189 882 3261 935 ita
3291 881 3423 935 mihi
3448 881 3655 935 viden--

2064 981 2151 1026 tur
2187 983 2242 1028 et
2268 973 2332 1027 hi
2354 974 2718 1046 quadraginta
2752 974 2871 1030 dies
2916 991 3016 1045 pro
3052 974 3272 1029 totidem
3308 974 3500 1029 diebus
3547 989 3643 1027 rc-

2063 1064 2245 1135 pendi.
2280 1063 2384 1119 Sed
2418 1074 2596 1120 tamen
2652 1080 2753 1138 pro
2804 1065 3018 1120 illorum
3064 1081 3293 1121 numero
3317 1068 3534 1121 senario
3585 1075 3640 1120 et

2063 1170 2185 1210 meo
2215 1156 2670 1226 quadragenario,
2697 1157 2994 1227 profectam
3024 1157 3090 1211 ad
3120 1172 3220 1210 nos
3254 1173 3283 1210 a
3310 1157 3643 1226 quibusdam

2063 1248 2205 1303 haud
2233 1249 2486 1305 obscuris
2513 1248 2739 1305 senibus
2758 1248 2827 1305 de
2863 1251 2967 1305 hoc
2996 1250 3289 1312 rationem,
3316 1250 3476 1320 cujus
3516 1249 3641 1303 fun-

2062 1340 2378 1396 damentum
2410 1341 2597 1395 eximii
2636 1342 2882 1412 Apostoli
2916 1342 3105 1397 verbis
3128 1342 3321 1395 nititur
3342 1382 3358 1407 ,
3396 1341 3652 1411 recipere

2065 1432 2246 1500 malo;
2282 1432 2431 1503 quod
2467 1432 2727 1488 nimirum
2785 1433 3033 1503 longiore
3066 1432 3349 1503 temporis:
3375 1433 3552 1502 spatio
3584 1432 3657 1486 in-

2063 1524 2321 1592 paradiso
2350 1525 2508 1579 beate
2539 1524 2750 1594 primus
2789 1524 2878 1579 iHe
2927 1539 3126 1594 parens
3183 1532 3379 1579 noster
3417 1523 3635 1578 vixerit.

2062 1619 2199 1675 Nam
2237 1620 2291 1674 in
2323 1620 2444 1690 ejus
2477 1635 2714 1689 persona
2755 1618 2917 1674 di-vus
2945 1618 3242 1689 Apostolus
3283 1627 3468 1688 aperte
3523 1617 3654 1673 cla--

2064 1724 2178 1770 mat
2218 1734 2231 1770 :
2274 1714 2387 1786 Ege
2418 1731 2536 1770 vero
2575 1715 2813 1769 vivebam
2861 1714 3062 1783 absque
3090 1710 3201 1782 lege
3251 1711 3540 1780 aliquando
3568 1709 3637 1764 ".

2064 1807 2181 1862 Non
2206 1806 2311 1862 fuit
2339 1808 2529 1877 utique
2548 1805 2755 1861 Paulus
2784 1811 2912 1859 ante
2935 1804 3126 1875 legem,
3148 1803 3241 1872 qui
3267 1802 3369 1856 fuit
3391 1800 3646 1855 omnium

2064 1899 2458 1969 discipulorum
2513 1897 2647 1968 legis
2709 1904 3039 1966 postremus.
3104 1893 3289 1963 Neque
3347 1893 3474 1947 item
3545 1892 3643 1945 ali-

2060 1991 2280 2060 quando
2311 1991 2521 2060 absque
2555 1990 2657 2044 hac
2692 1998 2809 2043 erat
2848 1997 2945 2043 aut
2976 1986 3097 2041 fuit.
3125 1985 3261 2039 Nam
3293 1993 3346 2039 et
3397 1983 3643 2053 Evange-

2059 2084 2192 2137 liu'm
2224 2083 2529 2153 praedicans
2559 2081 2754 2152 legalia
2785 2081 3099 2137 testimonia
3131 2078 3337 2149 ubique
3373 2077 3596 2132 adducit
3622 2094 3637 2130 :

2066 2175 2325 2229 nimirum
2384 2173 2438 2228 in
2488 2174 2681 2228 Adami
2734 2188 2969 2243 persona
3027 2172 3222 2227 merito
3260 2170 3638 2241 conqueritur,

2062 2269 2283 2323 dicens:
2326 2266 2441 2336 Ego
2494 2281 2613 2320 vero
2663 2264 2889 2320 vivebam
2946 2266 3140 2334 absque
3177 2264 3285 2335 lege
3330 2264 3639 2335 aliquando.

2066 2355 2410 2412 Manifestius
2478 2366 2658 2411 autem
2724 2354 2968 2411 declarat
3017 2354 3132 2410 haec
3188 2354 3241 2409 in
3298 2368 3529 2424 persona
3584 2368 3649 2407 se

2066 2448 2261 2501 Adami
2292 2445 2535 2517 proferre
2558 2485 2573 2510 ,
2603 2462 2729 2502 eum
2757 2447 2825 2501 ad
2857 2445 3261 2500 illustrandum
3295 2445 3492 2498 horum
3524 2457 3644 2496 ver-

2066 2539 2259 2594 borum
2296 2539 2627 2594 intellectum
2652 2578 2668 2603 ,
2722 2554 2831 2593 non
2873 2538 3108 2609 amplius
3158 2537 3285 2592 inde
3316 2536 3521 2607 legem,
3548 2534 3645 2590 sed

2066 2639 2392 2701 prmceptum
2427 2641 2586 2686 vocat
2626 2631 2775 2701 quod
2831 2631 3044 2685 Adamo
3091 2630 3277 2685 datum
3332 2638 3486 2693 erat,
3528 2627 3646 2680 haec

380 2727 572 2782 nempe
596 2716 892 2786 subjiciens
925 2737 939 2773 :
978 2719 1223 2776 Veniente
1244 2739 1363 2777 vero
1390 2725 1641 2778 mandato
1666 2724 1844 2795 (quasi
1873 2724 2038 2791 dicat,
2077 2726 2250 2797 dato),
2280 2736 2553 2796 peccatum
2574 2726 2763 2780 revixit
2788 2742 2807 2790 ;
2843 2741 2934 2795 ego
2966 2733 3143 2781 autem
3174 2732 3412 2777 mortuus
3436 2738 3554 2776 sum
3573 2722 3643 2784 “,

378 2807 629 2863 videlicet
660 2813 1200 2881 perinobedientiam
1231 2818 1534 2874 excidendo
1564 2820 1723 2875 beata
1749 2820 1879 2875 vita.
1906 2819 1983 2877 De
2016 2838 2126 2890 quo
2146 2821 2259 2891 jam
2296 2821 2647 2891 perspicuum
2675 2832 2777 2886 est,
2821 2834 2930 2875 non
2972 2835 3101 2874 mox
3132 2828 3293 2889 atque
3324 2818 3498 2872 lactus
3530 2824 3649 2871 erat

380 2901 643 2965 Adamus.
682 2919 1012 2978 praeceptum
1044 2911 1233 2966 datum
1260 2912 1453 2979 fuisse,
1486 2915 1579 2969 sed
1612 2923 1734 2984 post
1756 2914 1978 2985 aliquod
2009 2925 2245 2986 tempus,
2278 2918 2422 2986 quod
2446 2925 2629 2971 tamen
2654 2915 2879 2971 minime
2903 2902 3183 2970 deﬁnitum
3218 2914 3503 2967 habemus.

453 3002 918 3084 Qﬁlwfequtmlur,
944 3023 1107 3084 usque
1122 3008 1195 3084 ad
1217 3010 1592 3084 interrogantis
1619 3027 1855 3079 personae
1877 3011 2056 3076 verba,
2085 3029 2186 3066 non
2206 3012 2429 3067 Cwsarii
2456 3013 2702 3074 sunt,sed
2720 3011 2960 3084 Gregorii
2978 3008 3227 3084 Nysseni,
3253 3009 3482 3084 amiciet
3512 3023 3648 3061 coar-

382 3076 521 3154 tanei
555 3076 704 3154 eius:
737 3076 937 3154 inserta
968 3076 1091 3154 huic
1112 3078 1249 3154 libro
1274 3097 1367 3154 per
1391 3076 1643 3154 aliquem,
1674 3083 1763 3150 qui
1798 3098 1909 3154 sua:
1936 3085 2204 3137 memoriae
2228 3084 2498 3137 consulere
2522 3084 2693 3154 vellet.
2720 3092 2771 3135 et
2795 3076 2900 3135 uno
2926 3076 3051 3154 loco
3076 3080 3647 3154 Aduoruniscriptorum

380 3144 752 3223 explicationes
778 3148 987 3223 liabere.
1012 3144 1457 3223 Deme/tendimus
1480 3144 1789 3206 'consim'ilia
1811 3152 2052 3223 deinceps
2080 3170 2281 3223 quoque
2304 3170 2596 3215 occurrere,
2622 3152 2709 3205 ubi
2737 3153 2960 3223 nossuis
2984 3150 3136 3214 locis,
3155 3152 3496 3223 qua:_inserta
3519 3150 3649 3223 sint,

382 3216 751 3296 indicabimus.
782 3215 915 3272 Sunt
959 3215 1135 3274 autem
1165 3221 1275 3275 haec
1313 3223 1576 3290 descripta
1616 3239 1643 3276 e
1682 3223 1819 3277 libro
1844 3215 2100 3293 Nysseni,
2133 3215 2223 3296 qui
2250 3235 2327 3280 est
2351 3224 2427 3279 De
2458 3223 2696 3278 hominis
2730 3221 2969 3293 opiﬁcio,
2996 3237 3113 3291 cap.
3148 3215 3234 3287 19,
3265 3220 3355 3285 20,
3387 3220 3476 3274 sed
3511 3218 3651 3272 mul-

383 3300 493 3343 tum
519 3290 748 3342 variant.

464 3380 529 3436 Ἦ
556 3379 767 3433 δοθεῖσα
811 3380 998 3451 ἐντολὴ
1043 3382 1101 3433 ὲν
1130 3381 1447 3451 παραδείσῳ
1491 3381 1570 3453 τῷ
1604 3384 1775 3455 ’Λδάμ
1808 3384 1961 3456 παρά

383 3471 474 3523 τοῦ
499 3472 654 3534 Θεοῦ,
683 3472 812 3543 περὶ
838 3472 938 3541 τῆς
962 3474 1025 3525 ὲκ
1047 3472 1144 3525 τοῦ
1172 3472 1370 3531 παντὸς
1395 3472 1551 3547 ξύλου
1584 3475 1961 3546 μεταλήψεως,

385 3565 479 3617 καὶ
513 3565 610 3635 τῆς
631 3564 841 3635 ἀποχῆς
866 3564 960 3618 τοῦ
989 3565 1145 3630 ξύλου
1171 3565 1263 3618 τοῦ
1293 3568 1574 3637 ἀπηγορευ
1583 3566 1743 3637 μένου
1767 3583 1780 3597 ·
1811 3567 1967 3621 τοῦτό

384 3658 501 3709 ἐστι
551 3657 612 3710 τὸ
662 3657 814 3721 ξύλον
851 3658 912 3710 τὸ
965 3657 1357 3729 περιληπτικὸν
1402 3658 1603 3722 παντὸς
1634 3658 1839 3727 ἀγαθοῦ
1863 3699 1878 3723 ,

384 3746 557 3817 ὅνομά
585 3749 699 3799 ἐστι
730 3746 789 3799 τὸ
816 3748 943 3800 πᾶν.
978 3748 1117 3801 Αὑτὸ
1170 3750 1287 3801 ἐστι
1335 3748 1397 3801 τὸ
1437 3747 1605 3810 ὅντως
1641 3747 1701 3800 ὃν
1740 3748 1964 3816 ἀγαθὸν,

386 3837 515 3908 περὶ
563 3831 624 3890 οὗ
655 3838 817 3891 Δαϐὶδ
863 3837 1045 3906 λέγει,
1079 3838 1555 3907 Κατατρύφησον
1589 3838 1695 3891 τοῦ
1721 3839 1967 3907 Κυρίου·

387 3928 639 3999 Σολομὼν
673 3928 729 3982 δὲ
760 3929 857 3999 τὴν
873 3929 1098 3998 Σοφίαν,
1124 3931 1247 4002 ἥτις
1275 3932 1423 3985 ἐστὶν
1460 3932 1488 3983 6
1515 3930 1738 4002 Κύριος,
1777 3930 1970 3995 ξύλον

389 4021 538 4092 ζωῆς
572 4022 872 4091 ὀνομάζων.
921 4021 1130 4075 Οὐκοῦν
1164 4022 1359 4076 ταύτόν
1400 4024 1547 4075 ἐστιν
1584 4022 1645 4075 τὸ
1686 4022 1786 4093 τῆς
1823 4021 1970 4091 ζωῆς

390 4107 543 4177 ξύλον
567 4109 643 4185 τῷ
669 4108 792 4163 πᾶν
824 4109 1034 4176 ξύλον,
1060 4102 1121 4163 οὗ
1152 4110 1250 4181 τὴν
1283 4110 1485 4183 βρῶσιν
1517 4112 1545 4164 6
1584 4111 1971 4185 Θεὸςθπροτρέ-

390 4219 570 4263 πεται,
619 4202 962 4273 Ἀντιδιαιρεῖ
988 4204 1045 4265 δὲ
1073 4202 1246 4274 τούτῳ
1290 4204 1352 4257 τὸ
1394 4205 1580 4276 ἕτερον
1610 4203 1764 4270 ξύλον
1789 4243 1803 4268 ,
1841 4198 1911 4269 οὗ,
1935 4206 1971 4276 ἠ

392 4294 593 4377 βρῶσις
620 4296 736 4359 οὐκ,
763 4296 1071 4367 ἰδιαζόντως
1108 4297 1275 4350 καλοῦ
1324 4298 1358 4369 ἦ
1404 4297 1577 4351 κακοῦ
1605 4338 1618 4362 ,
1655 4297 1791 4351 ἀλλά
1834 4298 1972 4368 σύμ-

392 4406 582 4458 μικτος
608 4406 622 4419 ο
661 4389 727 4459 ἢν
752 4388 951 4443 κωλύει
989 4389 1353 4461 μὲνάρχηγὸς
1386 4391 1483 4463 τῆς
1509 4388 1655 4461 ζωῆς
1677 4430 1692 4456 ,
1731 4390 1971 4461 συμϐου-

389 4481 533 4533 λεύει
561 4481 619 4535 δὲ
658 4483 683 4534 6
740 4482 895 4559 ὄφις,
940 4482 1026 4535 ἵνα
1077 4483 1155 4553 τῷ
1207 4483 1421 4555 θανάτῳ
1457 4483 1972 4559 κατασκευάσῃρτὴν

391 4573 612 4637 εἴσοδον.
642 4574 1027 4646 Συμμέμικται
1055 4574 1111 4627 δὲ
1140 4575 1229 4629 διὰ
1260 4575 1368 4627 τῶν
1406 4576 1662 4628 ἐναντίων
1697 4577 1725 4627 ὁ
1761 4574 1975 4645 καρπὸς

390 4664 495 4729 τοῦ,
532 4665 989 4735 ἀπηγορευμένον
1017 4664 1175 4730 ξύλου
1215 4652 1357 4718 κατὰ
1394 4663 1585 4719 τοῦτον
1630 4664 1721 4719 τὸν
1774 4664 1930 4731 λόγον
1954 4677 1969 4691 ο

390 4757 562 4812 ὅτιού
596 4758 800 4827 γυμνὸν
845 4758 1131 4829 πρόκειται
1178 4759 1240 4811 τὸ
1291 4758 1461 4813 κακὸν
1509 4759 1651 4819 κατά
1698 4759 1796 4830 τὴν
1832 4757 1968 4811 ἰδίαν
2006 4780 2007 4783 η

393 4851 554 4920 φύσιν
595 4852 950 4922 φαινόμενον·
984 4848 1020 4923 ἦ
1059 4852 1167 4924 γάρ
1198 4852 1499 4923 ἄπρακτος,
1528 4852 1593 4905 ἂν
1630 4847 1697 4923 ἦν
1736 4852 1769 4922 ἡ
1801 4849 1970 4903 κακία

396 4943 585 5013 μηδενὶ
624 4944 980 5015 κεχρωσμένη
1010 4943 1161 5015 καλῷ
1206 4944 1283 5014 τῷ
1315 4943 1664 5014 ὲφελκομένῳ
1704 4939 1798 4993 τὸν
1834 4943 1972 4995 ἀπα·-

391 5034 631 5105 τώμενον
671 5034 806 5104 πρὸς
848 5035 1140 5105 ἐπιθυμίαν
1190 5034 1529 5099 αὑτοῦεΝῦν
1561 5034 1618 5087 δὲ
1667 5031 1970 5102 σύμμικτός

393 5130 541 5182 ἐστιν
569 5130 627 5182 ὲν
652 5128 730 5198 τῷ
767 5128 917 5199 βάθει
939 5129 1031 5181 τὸν
1080 5128 1463 5199 κεκρυμμένον
1495 5125 1713 5197 ὀλεθρον
1750 5123 1968 5196 ἔχουσα,

394 5226 452 5275 ἐν
478 5223 534 5275 δὲ
559 5224 625 5292 τῇ
659 5222 801 5276 κατά
838 5222 900 5274 τὸ
930 5221 1254 5291 φαινόμενον
1279 5219 1463 5291 ἀπάτῃ
1491 5216 1657 5271 καλοῦ
1688 5234 1810 5268 τινα
1834 5232 1972 5283 φαν-

394 5314 586 5374 τασίαν
612 5310 1102 5382 παραδεικνύουσα.
1132 5309 1287 5362 Οὓτω
1316 5308 1384 5361 τὰ
1416 5306 1790 5378 ἁμαρτήματα
1821 5306 1976 5372 ἐγκε-

396 5404 719 5477 κρυμμὲνην
752 5402 943 5473 ἔχοντα
973 5402 1072 5479 τὴν
1098 5400 1413 5472 διαφθοράν,
1438 5400 1629 5473 αἱρετά
1650 5400 1762 5460 τοῖς
1783 5399 1971 5450 ἀνεπι-

398 5498 653 5559 σκέπτοις
716 5496 963 5565 γίνεται,
1015 5497 1129 5549 ἀντ’
1183 5493 1386 5563 ἀγαθοῦ
1454 5493 1845 5557 σπουδάζουσιν
1912 5490 1972 5555 ἐξ

396 5592 613 5662 ἀπάτης
637 5631 652 5655 ,
682 5590 777 5643 καὶ
804 5590 896 5642 ἐπὶ
924 5588 983 5641 τὸ
1011 5587 1172 5641 καλὸν
1206 5589 1254 5640 oi
1302 5585 1486 5638 πολλοὶ
1524 5588 1582 5638 ἐν
1623 5583 1702 5655 τῷ
1753 5584 1850 5648 τὰς
1886 5585 1972 5636 al-

403 5684 629 5762 GOﬁ‘G’Etg
669 5682 1028 5755 εὐφραίνοντα
1064 5684 1363 5760 ’κρίνουσι,
1394 5678 1488 5731 καί
1514 5677 1613 5749 τῆς
1655 5677 1969 5748 ὁμωνύμου,

2142 3387 2313 3441 Porro
2349 3386 2540 3441 datum
2594 3383 2727 3438 illud
2759 3383 2971 3439 Adamo
3020 3392 3348 3452 praeceptum
3395 3384 3448 3437 in
3485 3398 3647 3452 para-

2066 3478 2187 3533 diso
2209 3476 2492 3543 divinitus,
2530 3475 2814 3547 spectabat
2846 3473 3163 3529 fruitionem
3191 3474 3371 3528 omnis
3413 3474 3565 3543 ligni,
3596 3483 3653 3528 ct

2067 3570 2452 3627 abstinentiam
2487 3584 2517 3623 a
2551 3568 2698 3639 ligno
2722 3566 2914 3623 vetito.
2945 3566 3061 3622 Hoc
3102 3566 3234 3620 illud
3280 3576 3365 3621 est
3415 3566 3646 3635 lignum,

2069 3662 2216 3733 quod
2245 3660 2627 3730 complectitur
2664 3673 2829 3714 omne
2859 3658 3061 3713 bonum
3089 3699 3104 3725 ,
3155 3659 3243 3712 cui
3297 3672 3492 3711 nomen
3544 3666 3647 3721 est,

2067 3767 2250 3807 omne.
2284 3751 2400 3807 Hoc
2429 3751 2689 3805 nimirum
2732 3750 2866 3804 illud
2904 3766 3027 3805 vere
3054 3749 3259 3803 bonum
3290 3756 3407 3813 est,
3441 3748 3507 3802 de
3539 3765 3650 3818 quo

2068 3842 2299 3898 Davides
2356 3841 2572 3912 inquit:
2611 3839 2888 3896 Oblectare
2940 3843 2993 3893 in
3020 3839 3243 3893 Domino
3275 3840 3342 3892 ’⁵.
3392 3838 3459 3893 Ει
3491 3839 3652 3893 Solo-

2069 3948 2198 3989 mon
2221 3974 2235 3998 ,
2270 3932 2609 4003 Sapientiam
2636 3973 2650 3998 ,
2683 3948 2805 4001 quae
2834 3940 2919 3987 est
2947 3930 3214 3985 Dominus
3236 3970 3251 3994 ,
3283 3930 3485 4001 lignum
3531 3933 3651 3984 vita:

2069 4026 2315 4086 nominat
2332 4026 2398 4081 “.
2437 4024 2670 4079 Proinde
2703 4025 2844 4079 idem
2873 4035 2958 4079 est
2990 4038 3114 4077 cum
3156 4023 3305 4091 ligno
3340 4022 3463 4077 vita:
3492 4022 3653 4085 illud,

2074 4113 2240 4169 Omne
2265 4114 2464 4187 lignum
2492 4112 2559 4177 ³⁷,
2593 4113 2657 4166 ad
2687 4112 2845 4182 cujus
2876 4111 3197 4166 fruitioncm
3227 4110 3370 4166 Deus
3395 4111 3655 4175 exhortag
3671 4156 3681 4163 η

2069 4218 2181 4263 tur.
2200 4206 2281 4260 Ex
2310 4206 2561 4283 opposito
2580 4221 2710 4260 vero
2732 4205 2993 4261 discernit
3015 4204 3083 4258 ab
3112 4205 3215 4258 hoc
3244 4205 3386 4258 aliud
3419 4205 3655 4275 lignum,

2071 4298 2229 4367 cujus
2283 4297 2468 4353 fruitio
2520 4313 2629 4352 non
2662 4308 2746 4352 est
2800 4297 3020 4366 praprie
3058 4296 3185 4350 boni
3240 4298 3320 4349 vel
3373 4296 3524 4362 mali,
3555 4296 3659 4351 sed
3713 4352 3719 4359 ,

2072 4391 2398 4446 commista:
2447 4405 2613 4460 quam
2647 4390 2900 4459 prohibet
2938 4389 3157 4458 quidem
3205 4389 3459 4458 princeps
3506 4389 3661 4455 vitae,

2073 4483 2266 4538 suadet
2292 4497 2423 4538 vero
2452 4497 2679 4553 serpens
2723 4490 2785 4536 ut
2824 4482 2983 4535 morti
3010 4480 3217 4535 aditum
3257 4491 3427 4550 paret.
3458 4480 3663 4537 Mistus.

2074 4585 2159 4630 est
2196 4583 2378 4630 autem
2412 4589 2509 4645 per
2545 4574 2820 4629 contraria
2871 4573 3084 4628 fructus
3143 4573 3272 4643 ligni
3330 4573 3476 4627 vetiti
3502 4617 3514 4635 ,
3548 4573 3654 4627 hac
3744 4600 3747 4601 ν

2073 4667 2309 4731 ratione,
2344 4667 2489 4736 quod
2530 4681 2637 4719 non
2674 4668 2820 4720 unde
2866 4666 3027 4721 nobis
3054 4666 3394 4735 prepositum
3421 4676 3503 4720 est
3531 4681 3655 4718 ma-.

2076 4759 2188 4814 lum
2223 4756 2521 4812 secundum
2555 4756 2829 4825 propriam
2885 4763 3134 4808 naturam
3181 4768 3483 4822 apparens;
3527 4767 3651 4804 nam

2078 4852 2233 4906 irrita
2259 4850 2401 4905 foret
2435 4848 2644 4903 malitia
2666 4889 2681 4913 ,
2718 4848 2868 4901 nullo
2898 4848 3136 4901 colorata
3170 4846 3342 4910 hono,
3372 4843 3516 4913 quod
3547 4842 3652 4897 ho-

2078 4945 2279 4997 minem
2313 4942 2595 5010 deceptum
2625 4939 2691 4993 ad
2722 4938 3219 5007 concupiscentiam
3245 4936 3329 4989 sui
3354 4934 3648 5003 pelliceret.

2077 5034 2236 5090 Nunc
2263 5043 2443 5088 autem
2476 5033 2639 5087 mista
2670 5041 2781 5097 est,
2812 5031 2866 5085 in
2892 5029 3063 5084 fundo
3105 5029 3313 5082 habens
3364 5026 3654 5080 abscondi-

2077 5136 2186 5180 tam
2226 5125 2519 5195 perniciem
2544 5165 2558 5191 ,
2594 5124 2647 5177 in
2681 5129 2975 5192 apparente
3030 5134 3160 5174 vero
3200 5126 3355 5189 parte
3413 5116 3652 5187 speciem

2075 5215 2368 5287 quamdam
2399 5215 2529 5269 boni
2561 5221 2865 5270 ostentans.
2896 5211 2972 5266 lta
2998 5219 3220 5281 peccata
3256 5207 3529 5263 occultum
3577 5207 3655 5259 in-

2076 5309 2297 5362 teritnm
2357 5308 2497 5360 intra
2525 5322 2584 5360 se
2628 5304 2913 5367 habentia,
2954 5303 3190 5357 incautis
3241 5308 3459 5369 accepta
3491 5298 3650 5363 Iiunt,

2079 5400 2324 5455 studiose
2353 5405 2612 5466 usurpata
2646 5411 2744 5465 pro
2768 5396 2909 5450 bono
2934 5410 2999 5448 ex
3032 5394 3388 5463 deceptione:
3436 5401 3490 5445 et
3512 5391 3654 5445 inter

2078 5490 2222 5545 bona
2265 5490 2414 5543 multi
2450 5503 2572 5557 quae
2617 5501 2813 5541 sensus
2840 5486 3179 5548 exhilarant,
3214 5484 3485 5539 referunt:
3528 5496 3655 5551 pro-

2079 5584 2662 5652 ptercommunionem
2690 5578 2945 5642 nominis,
2979 5588 3092 5631 tum
3121 5578 3241 5647 ejus
3265 5576 3406 5645 quod
3439 5591 3496 5629 re
3531 5588 3653 5627 vera

2082 5676 2283 5730 bonum
2317 5682 2429 5738 est,
2464 5683 2575 5726 tum
2625 5671 2770 5741 quod
2825 5670 3029 5724 bonum
3076 5684 3196 5723 esse
3246 5678 3487 5738 putatur.
3517 5664 3650 5730 Qua:

475 5826 519 5857 ’³
560 5822 717 5878 Rom.
759 5838 855 5887 vn,
891 5820 945 5876 9.
1019 5819 1064 5851 ’δ
1104 5817 1233 5873 ibid.
1270 5820 1325 5883 9,
1368 5817 1453 5873 10.
1532 5818 1577 5849 ³⁸
1616 5814 1760 5877 Psal.
1817 5830 1965 5875 xxxv.

2068 5813 2112 5869 1.
2192 5813 2235 5845 ³⁸
2276 5811 2438 5871 Prov.
2483 5826 2564 5877 ιιι,
2616 5809 2699 5865 18.
2782 5810 2824 5841 ³⁷
2865 5806 3000 5866 Gen.
3047 5823 3105 5873 ιι,
3146 5806 3235 5865 16.
