4142 6382
490 368 631 427 1015

492 497 712 562 propter
736 496 846 544 tam
879 487 947 542 ad
983 489 1184 543 malum
1209 504 1374 559 quam
1409 489 1477 545 ad
1523 489 1728 545 bonum
1766 490 1913 546 facta
1938 507 2074 546 eon-

492 580 850 650 cupisccntia.
906 579 1033 633 boni
1085 591 1140 633 et
1193 581 1320 634 ntali
1365 581 1606 650 cognitio
1655 583 1940 640 nominata
1969 595 2070 638 est.

489 669 681 739 Neque
702 670 950 726 absolute
982 670 1183 726 malum
1209 671 1432 735 dicitur,
1462 687 1528 734 eo
1572 673 1717 742 quod
1749 674 1893 730 bono
1921 690 2077 728 orna-

492 772 609 816 tum
638 762 728 826 sit,
763 777 941 832 neque
973 777 1109 831 pure
1134 763 1360 828 bonum,
1378 778 1442 816 eo
1469 764 1615 833 quod
1643 764 1841 819 subtus
1869 766 2075 820 malum

495 854 566 908 sit
595 854 999 908 absconditum.
1028 851 1163 909 Nam
1197 855 1344 924 quod
1383 870 1508 910 vere
1546 856 1749 911 bonum
1796 866 1915 922 est,
1944 857 2074 910 sitn-

494 945 614 1013 plex
646 953 766 1008 est;
805 946 1008 999 malum
1036 954 1241 1018 autem,
1270 947 1484 1004 varium
1507 985 1523 1010 .
1565 949 1696 1003 dum
1731 949 1880 1003 aliud
1911 958 2076 1017 atque

495 1035 641 1090 aliud
671 1045 889 1104 putatur
909 1074 925 1100 ,
957 1045 1011 1090 et
1040 1052 1133 1104 per
1161 1033 1551 1105 eswrientiam
1589 1037 1737 1095 aliud
1767 1040 2074 1108 deprehen-

495 1125 662 1180 ditur.
697 1124 988 1197 Propterea
1037 1128 1278 1183 ostendit
1325 1143 1550 1197 serpens
1596 1145 1824 1198 pravum
1865 1131 2073 1200 peccati

494 1216 733 1274 fructum
762 1256 781 1284 ,
816 1232 925 1274 non
970 1227 1278 1277 monstrato
1313 1219 1598 1277 manifeste
1647 1221 1828 1288 male,
1869 1224 2013 1280 sicut
2041 1238 2072 1276 a

495 1321 690 1368 natura
739 1313 994 1372 habebat.
1047 1315 1201 1370 Alias
1246 1317 1393 1371 enim
1443 1318 1610 1374 homo
1659 1319 1895 1374 evidenti
1931 1320 2074 1376 malo

494 1406 759 1473 deceptus
799 1420 907 1460 non
962 1404 1173 1466 fuisset.
1229 1405 1415 1478 Itaque
1463 1425 1587 1464 cum
1615 1425 1736 1512 ’per
1781 1412 2072 1481 quamdam

495 1497 734 1568 speciem
769 1497 823 1552 id
859 1498 1008 1567 quod
1065 1499 1382 1568 apparebat,
1417 1497 1700 1570 splendide
1731 1510 2072 1569 exornasset,

496 1587 639 1657 apud
673 1604 835 1658 quam
869 1588 1030 1644 ﬁdem
1063 1592 1258 1645 mereri
1293 1601 1481 1662 posset
1520 1592 1738 1654 mulieri
1767 1610 1826 1649 se
1852 1595 2074 1664 conspi-

495 1678 750 1736 ciendum
792 1680 1013 1750 prabet.
1053 1680 1124 1739 Et
1171 1681 1302 1738 uidit
1326 1722 1342 1746 ,
1392 1683 1572 1752 inquit
1611 1684 1790 1744 Moses
1816 1727 1830 1752 ,
1868 1687 2074 1742 mulier

493 1771 632 1841 quod
684 1772 875 1828 bonum
928 1784 1061 1828 esset
1093 1775 1294 1846 lignum
1337 1775 1392 1830 in
1445 1775 1620 1832 cibum
1652 1776 1718 1830 ³⁸.
1759 1775 1893 1834 Cum
1944 1792 2073 1832 vero

495 1865 852 1921 manducatio
887 1867 975 1920 illa
999 1869 1194 1922 mortis
1222 1865 1296 1922 sit
1335 1876 1513 1922 mater
1555 1866 1693 1922 facta
1721 1908 1737 1930 ,
1771 1869 1850 1924 sic
1872 1876 1957 1924 est
1981 1883 2075 1922 co—

496 1960 666 2028 gnitio
700 1960 828 2014 boni
852 1968 907 2013 et
941 1961 1068 2014 mali
1099 1960 1307 2030 lignum
1338 1961 1470 2015 illud
1505 1961 1851 2018 nominatum
1881 2000 1896 2024 ,
1926 1960 2073 2028 quod

497 2067 596 2122 per
631 2052 831 2106 malam
862 2052 1200 2109 letiferorum
1249 2053 1706 2122 compositionem
1755 2052 2075 2121 adiunctum

499 2143 606 2200 mel
634 2143 861 2208 habuit,
896 2144 1025 2213 quia
1076 2153 1350 2213 quatenus
1376 2143 1597 2215 quidem
1627 2143 1868 2200 suaviter
1915 2141 2082 2204 allicit

495 2250 741 2300 sensum,
758 2235 962 2291 bonum
977 2250 1099 2290 esse
1115 2235 1327 2291 videtur
1342 2251 1357 2302 ;
1371 2241 1707 2304 atquateuus
1725 2233 1900 2303 perdit
1915 2234 2080 2293 attin-

497 2337 712 2398 gentom
737 2342 802 2383 ac
820 2326 1116 2390 fruentem,
1135 2341 1361 2396 prorsus
1378 2336 1712 2395 postremum
1739 2325 1798 2382 lit
1821 2325 2048 2384 malum.

885 2414 1407 2474 INTERROGATIO
1460 2413 1698 2474 CXXIII.

563 2515 877 2578 Peccatum,
897 2515 1266 2570 inobedientia
1289 2513 1578 2584 omnisque
1601 2513 1876 2568 vitiositas
1902 2513 2079 2568 numi-

495 2616 681 2663 natur.
710 2606 851 2661 Ante
881 2606 1154 2661 Adamum
1197 2614 1380 2660 autem
1421 2605 1608 2660 nullus
1636 2603 1921 2662 hominum
1953 2619 2080 2672 pec-

495 2698 666 2760 cavit;
704 2713 883 2767 neqtte
914 2698 1060 2752 enim
1112 2705 1250 2752 erat.
1295 2695 1341 2749 A
1390 2710 1629 2765 quonam
1668 2694 1835 2764 igitur
1887 2708 2080 2764 perpe-

496 2798 700 2844 tratum
752 2791 947 2859 prius,
981 2799 1100 2847 erat
1155 2797 1462 2853 mortuum,
1511 2798 1561 2846 et
1617 2788 1804 2845 reuixit
1851 2787 2078 2844 veniente

498 2881 751 2938 mandato
786 2881 868 2934 3’?
898 2896 1024 2936 nam
1056 2882 1290 2936 duorum
1325 2879 1548 2938 illorum
1581 2879 1952 2940 necessarium
1975 2879 2081 2940 erit

497 2983 761 3044 sequatur
795 2973 1067 3036 alterum;
1104 2981 1202 3035 aut
1235 2981 1476 3034 statuere
1506 2981 1558 3030 te
1593 2970 1799 3042 peccati
1823 2978 2078 3028 naturam

495 3063 792 3135 quamdam
835 3079 992 3127 esse;
1040 3073 1136 3118 aut
1169 3073 1544 3134 perpetratum
1579 3065 1771 3134 ipsum
1805 3061 1976 3117 fuisse
2013 3062 2082 3116 ab

496 3155 683 3232 aliquo
706 3164 833 3212 ante
864 3155 1156 3211 Atlamum.

1111 3240 1424 3308 Responsio.

566 3323 753 3395 Apage
778 3338 907 3382 cum
934 3321 1173 3384 dictione
1214 3333 1426 3383 naturae
1457 3323 1750 3384 malorum.
1789 3323 2079 3382 Peccatum

496 3416 634 3477 mihi
693 3417 907 3476 videtur
943 3432 1067 3474 esse
1115 3418 1297 3476 omnis
1344 3418 1611 3478 adversus
1643 3416 1899 3476 virtutem
1941 3415 2080 3469 resi-

497 3511 677 3568 stendi
705 3522 935 3568 conatus
984 3520 1039 3564 et
1067 3509 1447 3580 repugnantia.
1491 3507 1550 3568 ld.
1576 3519 1758 3570 autem
1808 3509 1934 3572 dico
1967 3507 2084 3564 dia-

497 3602 683 3658 bolum
711 3617 854 3668 esse,
884 3615 992 3654 non
1035 3609 1251 3666 natura,
1286 3599 1382 3658 sed
1405 3599 1691 3656 voluntate
1724 3598 1790 3653 ad
1841 3598 2082 3659 deterius

496 3709 850 3756 conversum.
889 3691 1024 3746 Nam
1079 3692 1147 3750 ab
1198 3706 1264 3746 eo
1319 3691 1468 3762 quod
1520 3691 1890 3752 calumniatur
1937 3691 2080 3760 apud

497 3785 670 3843 Deum
736 3785 1053 3856 angelorum
1118 3783 1316 3842 choros
1348 3821 1364 3846 .
1439 3782 1788 3846 convenienti
1859 3783 2083 3844 nomine

498 3887 730 3936 vocatus
791 3887 877 3934 est
931 3877 1224 3943 diabolus,
1273 3890 1402 3935 cum
1439 3875 1593 3948 prius
1643 3882 1794 3938 esset
1854 3873 2082 3943 angelus

498 3974 772 4046 princeps.
811 3970 889 4025 Ex
925 3969 1365 4028 ultramundanis
1396 3976 1577 4023 autem
1613 3967 1749 4022 locis
1775 3966 2084 4036 praecipita-

499 4073 626 4129 tus,
663 4081 724 4119 re
755 4065 870 4134 ipsa
889 4062 983 4118 Dei
1013 4061 1119 4118 fuit
1145 4062 1432 4126 inimicus,
1460 4058 1705 4118 nondum
1731 4057 1912 4118 adhuc
1939 4056 2083 4116 facto

499 4159 607 4214 hoc
626 4155 942 4227 aspectabili
965 4155 1191 4218 mundo,
1208 4168 1448 4224 cumque
1463 4151 1708 4211 nondum
1729 4161 1876 4208 esset
1893 4153 2079 4216 homo,

499 4249 592 4319 qui
633 4259 818 4319 postea
850 4248 918 4303 ab
965 4247 1084 4318 ipso
1117 4246 1381 4304 seductus
1409 4253 1515 4301 est.
1547 4243 1850 4313 Postquam
1897 4252 2079 4306 autem

501 4345 668 4399 homo
707 4340 962 4398 conditus
996 4347 1080 4395 est
1099 4379 1121 4408 ,,
1153 4353 1302 4394 mox.
1325 4337 1492 4395 Deum
1523 4335 1672 4408 apud
1699 4335 1966 4394 Adamum
1992 4349 2083 4392 ca-

499 4435 764 4494 lumniari
813 4433 1016 4502 coepit,
1055 4431 1274 4486 invidiae
1327 4429 1536 4484 crimen
1578 4427 1683 4500 ipsi
1737 4426 2078 4498 impingens;

499 4531 819 4598 Adamoque
846 4527 1076 4593 relicto,
1106 4525 1345 4594 primum
1392 4533 1656 4592 tanquam
1694 4520 2074 4584 infirmiorem,

500 4624 676 4682 Evam
707 4619 1021 4692 aggreditur
1043 4661 1059 4684 ,
1090 4626 1146 4673 et
1197 4615 1410 4686 inquit:
1444 4614 1587 4682 Quid
1629 4622 1706 4667 est
1753 4610 1892 4682 quod
1944 4611 2082 4666 dixit

499 4715 677 4770 Deus:
719 4709 804 4764 No
825 4708 1159 4764 comederitis
1181 4706 1244 4761 de
1265 4705 1408 4759 omni
1438 4705 1582 4774 ligno,
1602 4703 1844 4772 paradisi
1869 4701 1954 4754 “‘l
1991 4701 2081 4756 Si-

500 4805 744 4866 mulatas
781 4802 939 4858 all‘ert
991 4799 1325 4870 quaestiones
1373 4797 1465 4851 ille
1503 4795 1727 4868 pestifer
1756 4836 1774 4859 ,
1810 4803 1870 4847 ut
1918 4809 1984 4847 ex
2019 4807 2084 4847 ea

499 4899 760 4961 disceret,
792 4894 974 4966 qualis
1018 4908 1084 4950 ea
1107 4891 1247 4946 foret
1288 4889 1474 4954 arbor,
1508 4889 1668 4956 cujus
1698 4885 1878 4940 cibum
1907 4883 2087 4954 probi-

502 4989 716 5048 buisset
742 4985 1032 5045 Dominus.
1074 4980 1262 5052 Neque
1293 4980 1438 5037 enim
1473 4979 1709 5043 sciebat,
1750 4978 1816 5033 de
1839 4991 2078 5047 quanam

502 5081 788 5146 arborum,
823 5093 890 5134 ac
919 5077 1080 5147 cuius
1111 5074 1285 5146 gratia
1332 5081 1663 5143 praeceptum
1693 5070 1881 5125 datum
1914 5076 2080 5128 esset.

503 5173 602 5229 Illa
634 5186 766 5228 vero
791 5167 1199 5240 simplicissima
1218 5207 1235 5231 ,
1266 5173 1322 5220 et
1347 5163 1580 5220 antehac
1621 5175 1818 5218 natura
1861 5159 2086 5214 minime

502 5265 590 5322 vel
617 5265 809 5320 vitiata
843 5261 931 5319 vel
991 5259 1293 5327 adulterata
1323 5293 1338 5320 ,
1373 5254 1636 5324 quidnam
1691 5251 1783 5306 ille
1815 5257 2087 5320 spectaret

504 5358 786 5429 ignorans,
820 5353 1034 5410 letalem
1076 5351 1182 5406 sibi
1210 5349 1425 5421 plagam
1459 5345 1662 5410 infert;
1692 5343 1871 5414 inquit
1899 5342 2084 5396 enim:

504 5448 586 5503 De
621 5446 792 5502 omnis
820 5445 1032 5514 quidem
1064 5441 1195 5512 ligni
1243 5441 1299 5493 in
1335 5437 1590 5508 paradiso
1625 5435 1802 5504 fructu
1852 5432 2087 5490 comedi-

508 5559 649 5609 mus,
679 5542 744 5595 de
773 5539 917 5609 ligno
951 5546 1130 5592 autem
1156 5535 1213 5588 in
1243 5533 1414 5588 medio
1455 5527 1693 5601 paradisi
1717 5545 1820 5583 non
1855 5526 2088 5584 comedi-

507 5651 624 5689 mus
656 5633 726 5688 ⁸³.
753 5631 894 5688 Tum
943 5631 1033 5686 ille
1060 5627 1232 5684 Deum
1262 5625 1544 5687 incusans,
1585 5625 1694 5681 ait:
1729 5619 1891 5676 Novit
1922 5619 2086 5683 Deus,

1561 370 1620 426 S.
1660 371 1964 430 CAESAR"
1997 373 2330 432 GREGORII
2371 374 2674 432 FRATRIS

3621 378 3758 434 1016

2179 494 2270 548 τοῦ
2295 512 2354 548 τε
2387 496 2539 557 ὄντος
2571 493 2784 549 καὶτοῦ
2821 493 3105 556 δοκοῦντος
3145 492 3331 547 καλοῦ.
3362 493 3563 548 Τούτου
3592 497 3755 567 χάριν

2181 587 2214 655 ἡ
2245 585 2378 655 πρὸς
2399 585 2459 636 τὸ
2480 584 2648 638 κακὸν
2669 583 2746 646 ὡς
2774 583 2908 653 πρὸς
2945 583 3004 635 τὸ
3042 581 3243 650 ἀγαθὸν
3280 583 3538 652 γινομένη
3571 583 3759 637 ἐπιθυ-

2181 675 2302 744 μία,
2335 674 2500 728 καλοῦ
2529 675 2622 726 καὶ
2655 672 2824 728 κακοῦ
2869 672 3070 741 γνῶσις
3102 671 3395 742 ὠνομάσθη
3416 713 3430 736 ,
3467 671 3592 726 οὕτε
3621 675 3758 728 ἁπο-

2179 762 2352 824 λύτως
2381 763 2570 826 κακὸν,
2605 763 2737 816 διότι
2770 762 3150 833 περιήνθισται
3182 761 3259 832 τῷ
3292 761 3464 832 καλῷ,
3496 762 3617 816 οὔτε
3663 782 3761 818 κα·-

2179 854 2361 926 θαρῶς
2391 855 2615 923 ἀγαθὸν,
2641 855 2774 909 διότι
2805 855 3216 924 ὑποκέκρυπται
3242 854 3303 910 τὸ
3341 854 3529 910 κακόν.
3549 855 3623 907 Τὸ
3649 857 3758 928 γὰρ

2177 947 2346 1010 ὅντως
2378 947 2581 1015 ἀγαθὸν
2601 990 2616 1015 ,
2657 947 2863 1004 ἁπλοῦν
2896 951 3009 1001 ἐστι
3031 989 3046 1012 ,
3078 948 3138 1002 τὸ
3167 947 3223 1002 δὲ
3256 947 3453 1010 κακὸν,
3490 948 3756 1012 ποικίλον,

2178 1037 2306 1091 ἄλλο
2335 1038 2687 1108 νομιζόμενον
2709 1079 2724 1102 ,
2769 1040 2862 1094 καὶ
2895 1040 3082 1108 ἕτερον
3114 1038 3204 1092 διὰ
3253 1040 3353 1109 τῆς
3403 1039 3599 1109 πείρας
3636 1040 3758 1093 ἁνα-

2178 1130 2525 1199 φαινόμενον.
2557 1129 2656 1187 Διὰ
2690 1131 2847 1185 τοῦτο
2879 1131 3255 1202 προδείκνυσιν
3297 1133 3325 1184 ὁ
3370 1130 3493 1198 ὄφις
3529 1131 3624 1185 τὸν
3668 1148 3760 1184 πο-

2176 1221 2340 1292 w;pr
2359 1223 2458 1291 τῆς
2497 1223 2769 1292 ἁμαρτίας
2803 1222 3035 1294 καρπὸν,
3071 1223 3172 1292 οὑχ
3199 1222 3275 1286 ὡς
3308 1217 3421 1296 εἶχε
3456 1222 3670 1290 φύσεως
3695 1221 3758 1275 τὸ

2175 1314 2344 1374 κακὸν
2377 1315 2442 1367 ὲκ
2472 1315 2564 1367 τοῦ
2595 1313 2904 1384 προφανοῦς
2929 1315 3213 1379 ὑποδείξας
3233 1330 3246 1342 ·
3291 1315 3350 1368 οὑ
3379 1315 3488 1384 γὰρ
3525 1313 3590 1368 ἂν
3617 1316 3760 1383 ἠπα-

2175 1405 2312 1477 τήθη
2340 1406 2370 1465 δ
2393 1404 2675 1476 ἄνθρωπος
2704 1406 2782 1477 τῷ
2815 1407 3064 1478 προδήλῳ
3099 1407 3274 1473 κακῷ.
3312 1407 3470 1464 Ἀλλὰ
3502 1408 3589 1466 διά
3615 1425 3758 1470 τινος

2174 1499 2324 1571 ὥρας
2371 1499 2432 1559 τὸ
2470 1499 2792 1570 φαινόμενον
2830 1499 3130 1566 ἀγλαΐσας,
3185 1497 3409 1562 πιθανὸς
3465 1499 3636 1570 ἐφάνη
3688 1502 3756 1569 τῇ

2175 1587 2416 1659 γυναικί.
2436 1589 2695 1657 Καίεῖδε,
2742 1591 2927 1662 φησὶν,
2958 1592 2996 1658 ’ἡ
3027 1589 3184 1659 γυνὴ
3219 1591 3309 1644 ὅτι
3335 1591 3526 1646 καλὸν
3556 1590 3623 1646 τὸ
3649 1591 3756 1652 εὑ-

2175 1685 2291 1737 .lor
2323 1682 2409 1745 είς
2433 1678 2690 1748 βρῶσιν.
2722 1679 2788 1734 El
2818 1679 2874 1734 δὲ
2908 1679 3109 1750 βρῶσις
3141 1680 3323 1750 εκείνη
3349 1720 3365 1745 ,
3396 1679 3628 1736 Θανάτου
3661 1682 3758 1748 μή·

2180 1788 2288 1843 τηρ
2313 1771 2560 1840 ἐγένετο·
2589 1772 2731 1828 οὕτω
2763 1771 3002 1841 γνωστὸν
3032 1771 3199 1824 καλοῦ
3244 1773 3339 1824 καὶ
3385 1771 3557 1826 κακοῦ
3583 1771 3644 1824 τὸ
3676 1771 3758 1836 ξύ-

2180 1863 2272 1918 λον
2307 1863 2598 1935 ὠνομάσθη
2624 1864 2801 1917 ὲκεῖνο
2822 1907 2837 1929 ,
2883 1864 2945 1916 τὸ
2973 1864 3112 1917 κατὰ
3143 1865 3242 1935 τὴν
3275 1865 3384 1920 τῶν
3411 1864 3756 1934 δηλητηρίων

2181 1955 2380 2025 κάκην,
2431 1957 2530 2025 τὴν
2564 1956 3008 2028 παραρτηθεῐσαν
3052 1957 3130 2028 τῷ
3160 1957 3368 2027 μέλιτι·
3411 1957 3440 2010 ὃ
3486 1957 3623 2012 καθὸ
3659 1957 3756 2026 μὲν

2179 2047 2458 2120 γλυκαίνει
2480 2049 2579 2120 τὴν
2615 2049 2869 2118 αἴσθησιν
2921 2049 3083 2104 καλὸν
3115 2046 3256 2108 εἶναι
3314 2050 3493 2113 δοκεῖ,
3528 2050 3661 2104 καθὸ
3697 2050 3758 2104 δὲ

2182 2139 2394 2212 φθείρει
2426 2140 2519 2194 τὸν
2550 2142 2968 2212 προσαψάμενον
2995 2180 3011 2206 ,
3055 2141 3228 2200 κακὸν
3278 2143 3480 2207 παντὸς
3529 2142 3757 2213 ἔσχαται

2179 2233 2409 2300 γίνεται.

2735 2439 2984 2492 ΠΕΥΣΙΣ
3033 2438 3205 2493 ΡΚΓ.

2263 2529 2532 2601 Ἀμαρτία
2561 2533 2594 2601 ἡ
2631 2531 2881 2602 παρακοὴ
2919 2531 3011 2583 καὶ
3042 2532 3189 2584 πᾶσα
3218 2529 3385 2584 κακία
3409 2529 3754 2600 ὀνομάζεται,

2179 2621 2286 2694 πρὸ
2313 2622 2371 2674 δὲ
2422 2622 2514 2674 τοῦ
2557 2623 2726 2692 Ἀδὰμ
2758 2622 2934 2686 οὐδεὶς
2975 2622 3279 2693 ἀνθρώπων
3312 2624 3593 2694 ἥμαρτενο
3633 2621 3758 2678 οὔτε

2182 2722 2290 2791 γὰρ
2311 2716 2398 2791 ἦν.
2437 2717 2575 2771 Ὑπὸ
2597 2717 2741 2780 τίνος
2765 2710 2858 2769 οὖν
2885 2713 3189 2786 πραχθεϊσα
3219 2713 3541 2783 προϋπῆρχε
3568 2712 3757 2782 νεκρὰ.

2182 2813 2282 2866 καί
2303 2809 2593 2878 ἀνέζησεν
2615 2808 2918 2876 ἐλθούσης
2943 2804 3054 2874 τῆς
3081 2803 3375 2872 ἐντολῆς;
3402 2804 3512 2856 τῶν
3535 2803 3628 2856 δύο
3648 2803 3757 2874 γὰρ

2183 2904 2244 2957 τὸ
2272 2904 2479 2975 ἓτερον,
2511 2901 2544 2971 ἢ
2573 2900 2736 2970 φύσιν
2774 2899 3125 2954 ὑποτίθεσθαι
3165 2897 3438 2968 ἁμαρτίας
3469 2897 3758 2968 ὑπάρχειν,

2185 2995 2219 3068 ἢ
2255 2994 2592 3067 πραχθεῖσαν
2616 2992 2788 3064 αὐτὴν
2817 2992 2924 3045 ὑπὸ
2947 3007 3090 3054 τινος
3118 2989 3222 3062 πρὸ
3244 2987 3339 3043 τοῦ
3375 2988 3566 3058 Ἀδάμ.

2794 3229 3163 3298 Ἀπόκρισις.

2259 3323 2473 3391 Ἄπαγε
2502 3321 2665 3392 φύσιν
2692 3321 2872 3389 λέγειν
2902 3321 3008 3373 τῶν
3040 3318 3226 3376 κακῶν
3256 3337 3268 3350 ·
3297 3319 3540 3390 ἁμαρτία
3585 3319 3643 3372 δέ
3673 3334 3764 3388 μοι

2181 3413 2330 3469 δοκεῖ
2357 3415 2505 3468 πᾶσα
2541 3413 2634 3466 τοῦ
2670 3412 2975 3484 κρείττονος
2999 3414 3312 3478 ἀντίστασις
3340 3412 3434 3467 καὶ
3464 3409 3766 3484 ἀντιπαρά-

2182 3506 2354 3572 ταξις.
2390 3505 2608 3576 Ταύτην
2660 3504 2717 3557 δέ
2753 3521 2896 3574 φημι
2937 3504 3204 3574 ὑπάρχειν
3240 3503 3330 3556 τὸν
3380 3500 3622 3555 διάϐολον
3645 3543 3660 3566 ,
3701 3499 3763 3552 οὐ

2184 3601 2366 3669 φύσει,
2406 3599 2542 3652 ἀλλὰ
2598 3597 2918 3669 προαιρέσει
2973 3599 3066 3650 ἐπὶ
3123 3598 3182 3651 τὺ
3227 3599 3409 3668 χεῖρον
3463 3595 3762 3666 τραπέντα.

2197 3693 2292 3752 Ἐκ
2335 3692 2444 3763 γάρ
2483 3691 2576 3744 τοῦ
2615 3691 2918 3747 διαϐάλλειν
2957 3690 3076 3760 Θεῷ
3123 3691 3223 3754 τὰς
3265 3689 3374 3766 τῶν
3403 3687 3648 3757 ἀγγέλων
3677 3703 3767 3757 χο-

2184 3785 2336 3856 ρείας
2360 3824 2374 3848 ,
2406 3784 2742 3856 φερωνύμως
2764 3783 2968 3856 ἐκλήθη
3001 3783 3244 3847 διάϐολος
3264 3822 3278 3846 ,
3334 3767 3594 3854 ὑπάρχων
3641 3782 3768 3852 ἀρχ-

2181 3878 2432 3946 άγγελος.
2477 3877 2596 3930 Τῶν
2621 3877 2678 3932 δὲ
2707 3877 3093 3948 ὑπερκοσμίων
3118 3877 3485 3948 καταρραγεὶς
3503 3916 3518 3939 ,
3553 3875 3766 3946 ὑπῆρχε

2181 3974 2251 4040 τῇ
2279 3969 2475 4042 πράξει
2500 3969 2693 4041 ἐχθρὸς
2712 4011 2728 4033 ,
2766 3971 2932 4038 μήπω
2955 3969 3248 4039 γενομένου
3279 3967 3374 4021 τοῦ
3409 3966 3606 4038 ὁρατοῦ
3647 3966 3769 4019 τού-

2181 4079 2277 4114 του
2331 4062 2560 4132 κόσμου,
2600 4061 2734 4134 μηδὲ
2764 4060 3100 4132 ὑπάρχοντος
3133 4059 3228 4114 τοῦ
3269 4059 3400 4130 παρ’
3447 4059 3612 4113 αὑτοῦ
3664 4059 3771 4110 ὑπ-

2184 4154 2440 4226 αχθέντος
2468 4153 2778 4225 ἀνθρώπου.
2813 4153 3190 4228 Γενομένουδὲ
3218 4149 3376 4218 αὖθις
3394 4151 3668 4210 διαϐάλλει
3690 4150 3768 4221 τῷ

2197 4243 2368 4314 Ἀδάμ
2392 4243 2482 4296 τὸν
2510 4245 2643 4296 Θεὸν
2670 4285 2685 4309 ,
2731 4243 3031 4313 βασκανίας
3077 4243 3226 4313 αὑτῷ
3281 4242 3635 4312 καταληρῶν,
3673 4241 3769 4294 καὶ

2183 4334 2341 4404 ἀφεὶς
2369 4335 2459 4388 τὸν
2505 4335 2694 4406 Ἀδὰμ,
2726 4336 2940 4406 πρῶτον
2966 4336 3333 4408 ἀσθενεστέρα
3357 4339 3422 4407 τῇ
3454 4334 3568 4406 Εὕα
3596 4350 3767 4405 προσ-

2186 4430 2425 4499 έρχεται,
2461 4429 2554 4488 καί
2589 4447 2746 4501 φησι,
2783 4430 2846 4483 Τί
2871 4431 2962 4484 ὅτι
3009 4425 3183 4483 εἶπεν
3207 4433 3240 4482 ό
3273 4429 3418 4496 Θεὸς
3440 4429 3527 4498 μὴ
3557 4425 3771 4497 φαγεῖν

2184 4521 2304 4585 ἀπὸ
2339 4521 2564 4588 παντὸς
2599 4523 2792 4587 ξύλου
2832 4521 2940 4576 τοῦ
2971 4521 3043 4575 ἐν
3067 4516 3147 4588 τῷ
3171 4521 3556 4590 παραδείσφ;
3599 4520 3770 4590 Είρω-

2184 4613 2340 4678 νικὰς
2365 4613 2422 4667 δὲ
2456 4614 2721 4685 προσάγει
2744 4612 2846 4677 τὰς
2869 4611 3091 4676 πεύσεις
3123 4614 3151 4666 ὁ
3184 4611 3459 4682 ἀλιτήριος
3478 4654 3492 4675 ,
3527 4611 3614 4663 ἵνα
3637 4609 3766 4679 παρ’

2184 4704 2403 4776 ἐκείνης
2453 4704 2716 4777 παιδευθῇ
2773 4708 2923 4758 ποῖον
2977 4706 3039 4758 τὸ
3065 4705 3264 4774 φυτὸν,
3321 4699 3382 4758 οῦ
3420 4706 3518 4774 τὴν
3566 4702 3766 4776 βρῶσιν

2185 4798 2457 4854 ἐκώλυσεν
2487 4801 2516 4852 ὁ
2541 4797 2764 4868 Κύριος.
2793 4799 2866 4852 Οὑ
2894 4799 3002 4870 γὰρ
3027 4799 3296 4869 ἠπίστατο
3325 4799 3430 4851 τίνι
3453 4798 3560 4850 τῶν
3588 4796 3770 4865 φυτῶν

2185 4887 2219 4960 ἢ
2253 4889 2398 4954 τίνος
2431 4889 2592 4961 χάριν
2626 4889 2660 4960 ἡ
2684 4889 2869 4960 ἐντολὴ
2896 4892 3220 4964 ἐπήρτηται.
3255 4891 3316 4943 Ἡ
3341 4890 3396 4943 δὲ
3418 4888 3765 4960 ἁπλουστάτη

2191 4983 2290 5040 καὶ,
2321 4982 2457 5047 τέως
2487 4982 2773 5047 ὰνόθευτος
2795 4983 2958 5051 φύσις
2981 4981 3252 5050 ἀγνοοῦσα
3279 4983 3339 5035 τὸ
3377 4980 3769 5051 σκοπούμενον,

2190 5077 2410 5149 καιρίαν
2471 5078 2644 5148 ἑαυτῇ
2697 5076 2912 5148 πληγὴν
2971 5075 3174 5130 δίδωσι.
3230 5076 3369 5147 Φησὶ
3426 5074 3578 5146 γὰρ,
3627 5071 3771 5126 Ἀπὸ

2189 5170 2416 5236 παντὸς
2453 5168 2572 5238 μὲν
2626 5169 2737 5239 γὰρ
2774 5167 2967 5234 ξύλου
3019 5167 3126 5222 τοῦ
3174 5168 3244 5222 ἐν
3298 5165 3380 5232 τῷ
3430 5166 3774 5235 παραδείσῳ

2183 5261 2412 5334 ,βρώσει
2442 5260 2708 5331 φάγεσθε
2726 5301 2741 5325 ,
2771 5259 2890 5316 ἀπὸ
2924 5258 2991 5314 δὲ
3019 5259 3126 5315 τοῦ
3158 5260 3348 5324 ξύλου
3377 5259 3484 5313 τοῦ
3516 5258 3772 5327 ἐνμέσῳ
3855 5272 3874 5294 ι

2193 5353 2301 5408 τοῦ
2328 5350 2699 5420 παραδείσου
2723 5352 2795 5403 οὐ
2819 5347 3104 5418 φάγεσθε.
3145 5349 3202 5401 Ὀ
3228 5348 3282 5402 δέ
3309 5367 3442 5420 φησι
3470 5347 3773 5400 διαϐάλλων

2193 5445 2285 5499 τὸν
2314 5443 2467 5505 Θεὸν,
2502 5438 2683 5500 Εἶδεν
2730 5443 2763 5494 ό
2814 5443 2958 5506 Θεὸς
2980 5481 2996 5505 ,
3047 5439 3137 5493 ὅτι
3163 5434 3203 5512 ᾗ
3230 5439 3281 5492 δ’
3324 5439 3402 5493 ἂν
3437 5440 3626 5509 ἡμέρᾳ
3657 5435 3774 5506 φά-

2193 5537 2376 5609 γεσθε
2412 5534 2514 5592 ἀπ’
2541 5533 2751 5596 αὐτοῦ,
2773 5531 3260 5603 διανοιγιὶσονται
3277 5531 3445 5603 ὑμῶν
3468 5534 3521 5585 οἱ
3553 5531 3778 5599 ὀφθαλ-

2189 5628 2315 5702 μοὶ,
2352 5626 2452 5684 καὶ
2476 5627 2696 5688 ἔσεσθε,
2733 5627 2814 5694 ὡς
2841 5625 2992 5696 θεοί,
3025 5625 3424 5696 γινώσκοντες
3451 5625 3642 5679 καλὸν
3675 5623 3774 5678 καὶ

506 5729 648 5798 quod
691 5742 997 5798 quocunque
1041 5723 1126 5778 die
1178 5737 1244 5777 ea:
1276 5737 1336 5778 eo
1380 5719 1752 5781 comederitis,
1793 5717 2079 5786 aperientut

2195 5718 2484 5787 πονηρὸν,
2512 5719 2608 5773 καὶ⁸
2632 5717 2720 5773 διὰ
2756 5717 2914 5774 τοῦτο
2939 5717 3234 5776 ἐκώλυσεν.
3263 5717 3448 5772 Πείθει
3476 5713 3646 5782 οὕτως
3675 5713 3776 5789 τὴν

579 5859 627 5894 ⁸⁸
658 5856 796 5916 Gen.
839 5874 926 5926 ut,
964 5856 1017 5913 6.
1097 5857 1142 5890 ²⁹
1185 5855 1460 5921 Romam,
1498 5853 1551 5908 9.
1630 5851 1674 5883 ³⁸
1713 5849 1850 5906 Gen.
1892 5863 1974 5914 ιιι,
2013 5847 2063 5902 l.

2219 5841 2348 5898 ibid.
2388 5835 2445 5900 ἓν
