4142 6382
416 324 556 382 ιοη

411 443 671 497 τάλαιναν
705 442 918 497 ἑδεσθαι
937 442 1031 498 τοῦ
1062 445 1532 519 ἀπηγορευμένον,
1568 452 1661 508 καὶ
1692 453 1757 507 δι’
1780 457 1995 529 ἐκείνης

412 534 688 606 χειροῦται
714 534 807 587 τὸν
844 535 1042 608 ἄνδρα,
1071 536 1431 609 ὀρεγομένους
1462 540 1731 612 θεότητος.
1768 546 1966 617 Pup.th

416 645 517 691 σας
572 628 751 681 τοίνυν
806 629 1002 692 αὐτοὺς
1053 630 1148 682 καὶ
1192 624 1269 684 ὧν
1308 632 1518 703 εἴχοντο
1565 634 1865 701 ἀθανασίας
1899 642 1993 694 καὶ

414 717 723 789 ἀφθαρσίας
757 718 850 770 καὶ
882 720 1284 791 μακαριότητος
1308 761 1322 783 ,
1372 723 1603 795 άνέζησε
1637 729 1703 797 τῇ
1736 728 1934 799 πράξει
1966 731 1996 783 ό

420 810 667 882 μισόθεος
719 812 813 863 καὶ
860 811 1345 884 ἀνθρωποκτόνος⁶
1384 817 1477 871 καὶ
1525 815 1681 881 αὖθις
1719 819 1995 875 διαϐάλλει

416 902 534 974 Θεῷ
566 904 657 957 τὸν
688 903 973 973 ἄνθρωπον
1006 906 1349 975 παραϐάντα.
1383 909 1587 980 Γράφει
1621 911 1677 963 δὲ
1721 913 1929 983 Μωσῆς
1967 915 1998 965 ό

418 994 651 1066 θεόπτνης
697 997 790 1048 καὶ
845 996 986 1059 θεῖος
1043 998 1378 1068 νομοθέτης,
1430 1001 1531 1069 τῆς
1587 1002 1841 1073 διαϐολῆς
1898 1005 1998 1058 αὐ-

415 1086 508 1141 τοῦ
556 1088 624 1141 τὰ
658 1090 914 1158 ῥήματα·
975 1091 1033 1142 ὲν
1064 1082 1109 1157 ᾧ
1147 1089 1210 1162 δὴ
1268 1093 1632 1163 ὲκτραγῳδῶν
1664 1095 1755 1148 τὸν
1799 1095 1993 1149 δόλιον.

414 1180 554 1250 Φησὶ
600 1181 729 1248 γοῦν
761 1180 1063 1235 διαϐάλλων
1114 1181 1234 1252 Θεῷ
1288 1182 1379 1236 τὸν
1434 1185 1605 1256 Ἀδὰμ
1638 1189 1666 1240 ό
1705 1186 1949 1251 διάϐολος
1979 1205 1996 1224 ο

416 1274 524 1325 Καὶ
554 1272 779 1341 ἕξραῖεν
806 1272 1008 1327 Ἰακὼϐ
1021 1317 1033 1336 ,
1084 1276 1184 1328 καὶ
1234 1276 1606 1346 ἐνεπλήσθη,
1644 1280 1743 1332 καὶ
1773 1280 1999 1335 ἀπελά-

418 1378 627 1415 κτισεν
678 1363 712 1415 ὁ
763 1362 1170 1432 ἡταπημένος.
1226 1365 1555 1437 Ἐλιπάνθη
1611 1369 1719 1441 γὰρ
1744 1409 1758 1431 ,
1809 1373 1994 1441 φησὶν,

413 1453 748 1520 ἐπαχύνθη,
778 1454 1150 1523 tumore",
1193 1455 1290 1508 καὶ
1327 1457 1683 1525 ἐγκατέλιπε
1721 1462 1865 1515 Θεὸν
1890 1463 1999 1516 τὸν

416 1545 757 1613 ποιήσαντα
780 1546 986 1611 αὑτὸν,
1016 1546 1115 1602 καὶ
1137 1548 1373 1618 ἀπέστη
1400 1552 1520 1605 ἀπὸ
1553 1553 1701 1607 Θεοῦ
1728 1555 1999 1631 σωτῆρος

416 1639 623 1693 αὑτοῦ.
665 1640 837 1694 Τοῦτο
885 1641 993 1713 γὰρ
1050 1642 1144 1696 καί
1200 1642 1280 1713 τῷ
1325 1643 1518 1697 Ἰακὼϐ
1569 1644 1864 1716 ἐποίησεν,
1919 1649 1999 1709 είς

416 1730 755 1803 κρεωόορίαν
781 1733 877 1786 καὶ
906 1734 1192 1804 παροινίαν
1223 1736 1387 1788 αὐτὸν
1421 1737 1746 1801 ὲκκυλίσας,
1781 1738 1881 1792 εἴθ’
1916 1738 2001 1792 οὖ-

414 1838 524 1885 τως
572 1824 653 1887 είς
704 1823 1147 1895 είδωλολατρείαν
1203 1828 1401 1891 αὐτοὺς
1462 1829 1811 1900 καταρῤάξας
1876 1830 1999 1885 καθ’

414 1909 492 1967 ὧν
522 1915 727 1985 Μωσῆς
757 1917 849 1969 τὸν
894 1917 1056 1971 Λευῒν
1090 1917 1378 1984 ὲξοπλίσας
1403 1959 1419 1983 ,
1461 1923 1788 1994 εἰκοσιτρεῖς
1821 1924 1996 1994 χιλιά-

413 2004 510 2069 δας
536 2005 630 2059 τοῦ
671 2007 863 2060 Ἰακὼϐ
900 2012 957 2063 ὲν
993 2011 1095 2080 μιᾷ
1126 2011 1313 2083 ἡμέρᾳ
1372 2015 1431 2065 ὲν
1480 2016 1546 2084 τῇ
1588 2016 1783 2085 ἐρήμῳ
1841 2016 1999 2088 δίκην

414 2098 610 2171 χόρτου
649 2100 927 2171 ὲδρέψατο.
978 2102 1117 2155 Ἀλλ’
1149 2104 1299 2173 ὅμως
1358 2105 1387 2156 ό
1441 2105 1825 2175 φιλάνθρωπος
1864 2106 1998 2171 Θεὸς

416 2192 703 2261 ἀτρέπτως
762 2193 905 2247 κατὰ
952 2194 1042 2247 τὸν
1101 2194 1459 2266 διαῦληθέντα
1512 2198 1841 2267 γενόμενος,
1894 2201 1999 2253 ἐπ-

413 2282 701 2353 ιφοίτησεν
741 2286 873 2355 ἡμῖν
904 2285 997 2340 τὸν
1059 2287 1317 2357 πολέμιον
1373 2288 1759 2359 χειρώσασθαι.
1801 2292 1859 2344 ὲν
1899 2290 2000 2363 θέᾳ

412 2375 508 2427 τοῦ
565 2376 937 2446 ἀπατηθέντος
995 2377 1214 2449 άληθῶς
1269 2380 1562 2451 γενόμενος
1590 2421 1605 2444 ,
1652 2382 1742 2435 ἵνα
1798 2383 1873 2454 μὴ
1924 2382 2001 2453 δῷ

415 2467 648 2536 φάσκειν
701 2468 793 2521 τὸν
844 2467 1104 2540 Ἐχθρὸν,
1154 2472 1235 2523 ὅτι
1268 2471 1490 2542 Βροτοῖς
1525 2473 1845 2544 πολεμήσας
1895 2475 2001 2527 ὑπὸ

413 2554 510 2607 τοῦ
568 2554 704 2608 Θεοῦ
763 2557 1047 2627 ἥττημαι,
1100 2559 1263 2622 αὐτὸς
1323 2560 1514 2631 βροτὸς
1553 2563 1762 2630 γίνεται
1825 2565 2002 2635 μένων

413 2646 584 2712 Θεὸς,
621 2650 716 2701 καὶ
768 2650 893 2720 ἥκει
946 2652 1199 2723 πολεμῶν
1232 2653 1376 2724 ὑπὲρ
1421 2654 1650 2727 βροτῶν.
1687 2657 1862 2728 Ὅπερ
1897 2658 2003 2728 πρὸ

414 2740 787 2794 πεντακοσίων
815 2740 952 2794 ὲτῶν
986 2742 1091 2813 ἤδη
1125 2744 1154 2796 ὁ
1200 2743 1309 2797 τῶν
1361 2744 1520 2801 θείων
1554 2748 1788 2817 μελῳδὸς
1839 2749 2004 2802 Δαδὶδ

417 2834 853 2905 προεφήτευσεν
888 2836 1316 2906 Εὐλογημένος
1354 2838 1463 2910 γὰρ
1488 2881 1504 2906 ,
1541 2841 1739 2912 φησὶν,
1770 2845 1803 2896 d
1831 2843 2004 2911 ἐρχό-

410 2943 596 2994 μενος
619 2928 689 2980 ἐν
715 2927 958 2996 ὀνόματι
990 2932 1235 2999 Κυρίου.
1272 2932 1368 2996 Τίς
1400 2927 1555 2997 οὗτος
1577 2975 1591 2999 ,
1626 2929 1671 2987 ὦ
1705 2933 1960 2987 θεσπέσιε
1986 2950 2004 2998 ;

417 3019 563 3085 Θεὸς
590 3023 838 3088 Κύριος,
872 3020 973 3073 καὶ
1013 3021 1287 3093 ἐπεφάνη
1315 3024 1479 3093 ἡμῖν.
1512 3027 1621 3078 Καὶ
1672 3028 1815 3090 τίνος
1846 3028 2005 3099 χάριν

414 3115 443 3167 ό
490 3112 621 3177 Θεὸς
656 3113 849 3184 βροτὸς
895 3116 1141 3185 γίνεται,
1198 3110 1243 3169 ὧ
1293 3118 1496 3184 Δαὸίδ;
1543 3117 1649 3170 Τοῦ
1703 3118 2007 3172 καταλῦσαι

416 3204 633 3277 ἐχθρὸν,
667 3208 855 3277 φησὶν,
892 3208 989 3263 καὶ
1022 3208 1314 3279 ἐκδικητὴν
1355 3209 1446 3262 τὸν
1480 3209 1745 3264 διάϐολον.
1779 3210 2011 3266 Διαὸωι-

415 3298 495 3351 lsi
529 3299 639 3370 γάρ
662 3300 781 3371 Θεῷ
807 3300 878 3353 τὰ
910 3302 1106 3365 πάντα,
1146 3303 1244 3356 καὶ
1274 3302 1455 3365 ἄλλοις
1487 3305 1716 3367 ἐκεῖνον,
1751 3305 1845 3357 καὶ
1876 3305 2005 3357 ἑκα-

414 3390 595 3461 τέροις
619 3392 717 3463 τὴν
745 3394 1028 3465 ἐκδίκησιν
1061 3394 1397 3448 ὑποτίθεται.
1427 3396 1609 3467 Ὅπερ
1641 3396 1734 3449 ἐπὶ
1758 3395 1852 3449 τοῦ
1887 3396 2009 3449 Ἰὼϐ

416 3484 513 3538 καὶ
538 3484 633 3537 τοῦ
664 3484 799 3538 Θεοῦ
825 3486 1159 3555 ἀμφικάκως
1182 3490 1344 3541 ποιεῖ·
1371 3487 1492 3558 Θεῷ
1515 3488 1617 3558 μὲν
1642 3489 1888 3558 φάσκων,
1907 3489 2007 3558 Μὴ

415 3576 645 3645 δωρεὰν
689 3578 935 3632 σέϐεται
976 3578 1102 3633 ³1ὼὸ
1143 3578 1254 3632 τὸν
1294 3581 1479 3643 Θεὸν,
1524 3580 1558 3651 ἢ
1614 3583 1670 3632 ἐν
1721 3582 2009 3652 περιουσίᾳ

417 3670 587 3740 πολλῇ
623 3669 1007 3741 θωπευόμενός
1036 3672 1131 3725 καὶ
1162 3672 1418 3743 τρυφῶν;
1452 3673 1541 3743 Τῷ
1571 3673 1627 3726 δὲ
1669 3672 1789 3726 Ίὼ6
1821 3691 2005 3744 φησιν,

418 3761 545 3830 Πῦρ
570 3761 798 3816 ἔπεσεν
853 3764 920 3817 ἐκ
949 3763 1056 3817 τοῦ
1097 3764 1360 3832 οὐρανοῦ
1384 3804 1399 3827 ,
1429 3765 1529 3819 καὶ
1563 3764 1842 3819 κατέδετό
1892 3782 2010 3821 σου

419 3853 638 3909 πάντα.
667 3855 780 3908 Καὶ
830 3851 987 3919 αὖθίς
1039 3872 1172 3926 φησι
1217 3855 1297 3926 τῷ
1347 3855 1505 3926 Θεῷ,
1558 3843 1641 3911 Οὐ
1686 3857 1815 3927 μὴν
1848 3859 2011 3913 ἀλλὰ

418 3948 788 4004 ἀπόστειλον
816 3948 933 4016 τὴν
962 3948 1132 4018 χεῖρά
1156 3964 1299 4013 σου,
1338 3950 1437 4002 καὶ
1474 3948 1627 4017 ἅψαι
1661 3948 1780 4003 τῶν
1812 3950 2010 4004 ὀστῶν

419 4041 608 4094 αὐτοῦ
638 4041 735 4095 καὶ
764 4041 885 4095 τῶν
910 4040 1158 4111 σαρκῶν
1191 4040 1379 4094 αὑτοῦ
1400 4058 1413 4072 ·
1444 4043 1537 4095 καὶ
1566 4039 1724 4105 αὖθις
1754 4042 1833 4113 τῷ
1867 4042 2010 4108 Ἰὼϐ,

417 4132 507 4187 διὰ
526 4132 629 4202 τῆς
655 4132 906 4204 συμδίου,
925 4134 1071 4199 Ἕως
1098 4135 1245 4188 πότε
1266 4135 1761 4203 ὄιακιιρτερήσεις
1785 4137 2011 4206 αἴθριος

421 4224 516 4280 ἐπὶ
545 4223 657 4293 τῆς
686 4226 977 4293 κοπρίας;
1007 4225 1145 4279 ἀλλ’
1175 4227 1305 4281 ειπέ
1330 4245 1384 4281 τι
1398 4227 1567 4297 ῥῆμα
1596 4229 1745 4297 πρὸς
1769 4231 2008 4297 Κύριον,

420 4319 517 4373 καὶ
543 4320 813 4383 τελεύτα,
840 4319 939 4373 καὶ
968 4319 1462 4391 ἀπαλλάττειωθ)
1481 4320 1603 4374 τῶν
1623 4321 2013 4389 συνεχόντων

419 4410 656 4465 δεινῶν.
688 4410 889 4464 Τοῦτον
915 4406 1015 4465 οὖν
1030 4411 1225 4482 ἐχθρὸν
1245 4413 1340 4466 καὶ¹
1360 4412 1656 4484 ἐκδικητὴν
1681 4413 1965 4485 καθαιρῶν
1984 4417 2012 4471 ὁ

420 4504 625 4575 Κύριος
646 4506 713 4575 τῇ
742 4503 1032 4575 θεανδρικῇ
1058 4504 1228 4558 αὐτοῦ
1249 4506 1615 4577 ἐπιφοιτήσει.
1642 4508 1831 4576 φησιν’
1864 4507 2011 4563 Ἰδοὺ

419 4596 651 4651 δέδωκα
686 4597 829 4666 ὑμῖν
865 4597 1160 4661 ἐξουσίαν
1203 4597 1416 4651 πατεῖν
1451 4596 1655 4651 ἐπάνω
1682 4598 1878 4666 ὄφεων
1912 4600 2012 4654 καὶ

422 4692 730 4758 σκορπίων
753 4690 850 4743 καί
868 4690 968 4743 ἐπὶ
985 4689 1192 4744 πᾶσαν
1213 4690 1331 4759 τὴν
1356 4689 1614 4759 δύναμιν
1636 4690 1745 4744 τοῦ
1772 4691 2011 4760 ἐχθροῦ.

1799 341 2153 403 DIALOGUS
2189 346 2281 406 Ill.

3546 356 3684 413 1018

2104 463 2245 517 oculi
2277 466 2467 533 vestri,
2506 476 2557 521 et
2606 468 2754 523 eritis
2793 478 3048 539 tanquam
3086 468 3196 535 dii,
3237 470 3460 524 scientes
3498 471 3688 526 bonum

2101 563 2151 607 et
2181 554 2460 621 malum",
2485 557 2714 628 ideoque
2744 560 3041 627 prohibuit.
3075 559 3190 615 Hoc
3220 563 3381 616 modo
3400 564 3694 632 persuadet

2103 646 2318 702 miserae
2341 687 2356 711 ,
2392 659 2454 704 ut
2480 652 2625 719 quod
2666 654 2892 707 vetitum
2930 663 3049 708 erat
3109 655 3456 718 comederet,
3495 666 3550 711 et
3601 673 3694 723 per

2100 736 2246 790 illam
2278 740 2425 808 capit
2472 742 2686 797 virum:
2722 754 3066 813 appetentem
3103 754 3400 815 utrumque
3428 747 3691 803 divinita-

2099 833 2230 880 tem.
2270 827 2569 901 Postquam
2600 833 2768 903 igitur
2800 835 3055 903 spoliavit
3092 836 3242 904 ipsos
3267 837 3430 891 etiam
3465 838 3534 893 iis
3571 854 3693 907 quae

2099 919 2389 985 habebant,
2422 927 2679 982 nimirum
2710 928 3150 992 immortalitate,
3173 929 3694 999 incorruptibilitate

2098 1022 2152 1065 et
2190 1013 2574 1073 beatitudine:
2627 1035 2687 1073 re
2725 1019 2844 1089 ipsa
2899 1021 3179 1075 reviviscit
3224 1021 3398 1076 hostis
3451 1022 3541 1076 ille
3598 1022 3692 1078 Dei

2098 1115 2153 1159 et
2195 1105 2502 1173 homicida;
2555 1124 2796 1179 moxque
2838 1113 2980 1181 apud
3031 1110 3223 1175 Deum,
3284 1112 3558 1166 hominem
3598 1112 3694 1182 qui

2102 1205 2479 1266 transgressus
2525 1210 2664 1267 erat,
2713 1213 2957 1258 accusat.
2990 1202 3227 1274 Exponit
3276 1212 3457 1257 autem
3491 1202 3692 1268 Moses,

2101 1289 2191 1345 ille
2244 1290 2337 1345 Dei
2386 1303 2663 1362 spectator
2706 1303 2761 1349 et
2814 1295 3091 1366 legislator
3135 1295 3375 1361 divinus,
3429 1296 3544 1365 ipsa
3599 1312 3692 1350 ca-

2098 1380 2324 1437 lumnia
2352 1383 2556 1438 diaboli
2609 1386 2794 1450 verba,
2831 1385 3242 1441 fraudulentum
3296 1387 3450 1440 illum
3490 1387 3694 1457 tragice

2100 1470 2441 1528 describens.
2488 1472 2585 1529 His
2631 1475 2777 1529 enim
2812 1476 3064 1531 diabolus
3099 1476 3242 1546 apud
3292 1476 3472 1547 ipsum
3511 1476 3694 1532 verbis

2099 1562 2367 1618 Adamum
2407 1581 2593 1620 curam
2638 1566 2749 1622 Deo
2785 1566 3049 1623 incusans
3100 1568 3273 1622 utitur
3314 1587 3327 1622 :
3362 1565 3431 1621 Et
3468 1568 3696 1621 comedit

2100 1654 2355 1720 Iacobus,
2398 1668 2445 1711 et
2489 1668 2768 1713 saturatus
2798 1669 2895 1725 est,
2940 1670 2992 1715 et
3034 1662 3395 1715 recalcitravit
3444 1660 3695 1720 dilectus.

2103 1743 2477 1816 Impiuguatus
2508 1750 2653 1802 enim
2678 1759 2777 1813 est,
2805 1750 3003 1820 inquit,
3035 1762 3084 1805 et
3117 1753 3451 1806 incrassatus
3479 1761 3578 1815 est,
3609 1752 3697 1804 di—

2101 1836 2303 1891 latatus
2331 1849 2430 1903 est,
2463 1850 2513 1894 et
2548 1841 2835 1912 dereliquit
2868 1842 3034 1895 Deum
3077 1844 3402 1898 conditorem
3431 1860 3608 1906 suum,
3647 1850 3698 1897 et

2104 1931 2319 1984 recessit
2356 1948 2389 1984 a
2422 1930 2529 1985 Deo
2574 1943 2844 1987 servatore
2875 1951 2971 1988 suo
2999 1935 3065 1989 ³³.
3105 1935 3219 1992 Hoc
3251 1937 3399 1992 enim
3426 1946 3479 1991 et
3509 1933 3698 1990 Jacobi

2101 2024 2336 2092 posteris
2372 2022 2521 2089 fecit,
2560 2041 2683 2080 cum
2715 2042 2812 2081 eos
2856 2028 2923 2083 ad
2953 2029 3296 2084 saturitatem
3326 2028 3512 2084 carnis
3540 2037 3594 2083 ct
3614 2029 3697 2082 vi-

2103 2117 2399 2171 nolentiam
2422 2118 2684 2187 ﬂexisset,
2714 2136 2778 2175 ac
2799 2120 2994 2176 deinde
3025 2122 3091 2175 ad
3112 2122 3477 2177 idololatriam
3507 2122 3704 2192 praei-

2104 2208 2334 2276 pitasset
2364 2228 2376 2263 :
2412 2211 2479 2265 de
2504 2213 2707 2280 quibus
2739 2211 2942 2277 Moses,
2989 2229 3114 2268 cum
3149 2225 3416 2269 armasset
3458 2213 3698 2274 Levilas,

2102 2301 2297 2370 viginti
2329 2302 2432 2356 tria
2479 2302 2649 2357 millia
2687 2302 3062 2359 Jacobitarum
3111 2321 3222 2361 uno
3261 2306 3348 2360 die
3390 2307 3444 2360 in
3486 2305 3707 2359 deserto

2106 2397 2371 2464 graminis
2426 2398 2606 2452 instar
2671 2398 2991 2454 demessuit.
3043 2398 3415 2453 Nihilominus
3471 2398 3700 2452 humani

2106 2489 2323 2557 generis
2353 2500 2571 2545 amator
2600 2489 2767 2557 Deus,
2796 2507 2923 2562 erga
2946 2506 3072 2546 eum
3109 2494 3201 2562 qui
3232 2501 3527 2548 accusatus
3556 2499 3700 2555 erat,

2108 2581 2537 2650 haudquaquam
2576 2592 2845 2647 mutatus,
2880 2586 2947 2639 ad
2976 2600 3077 2639 nos
3119 2586 3263 2639 venit
3290 2596 3349 2640 ut
3374 2585 3584 2640 hostem
3611 2600 3705 2640 ca—

2107 2683 2280 2743 peret,
2316 2676 2369 2727 in
2395 2675 2515 2744 ejus
2558 2674 2733 2729 forma
2762 2677 2857 2746 qui
2888 2677 3150 2747 deceptus
3183 2686 3324 2743 erat,
3360 2693 3485 2731 vere
3518 2686 3703 2731 natus.

2109 2766 2287 2835 Atque
2321 2781 2390 2820 ne
2420 2766 2564 2821 hosti
2595 2768 2942 2822 occasionem
2976 2769 3134 2824 daret
3165 2758 3403 2831 dicendi,
3448 2767 3706 2824 Mortales

2110 2871 2435 2928 oppugnaris
2459 2873 2489 2912 a
2520 2856 2630 2913 Deo
2668 2869 2960 2928 superatus
2990 2876 3111 2916 sum
3142 2879 3156 2917 :
3192 2863 3308 2930 ipse
3346 2862 3593 2915 mortalis
3625 2860 3704 2925 ﬁt,

2111 2965 2344 3005 manens
2372 2948 2541 3013 Deus,
2577 2959 2632 3004 et
2663 2954 2813 3007 venit
2842 2959 2905 3006 ut
2955 2966 3054 3021 pro
3093 2952 3419 3007 mortalibus
3462 2952 3708 3006 homini-

2111 3042 2216 3096 bus
2260 3050 2486 3112 pugnet.
2536 3039 2591 3096 Id
2639 3044 2787 3112 quod
2825 3043 2940 3114 jam
2991 3053 3117 3099 ante
3164 3045 3495 3115 quingentos
3530 3058 3707 3098 annos

2112 3134 2443 3204 praedixerat
2475 3143 2630 3188 vates
2663 3135 2753 3189 ille
2785 3136 3211 3206 divinorumque
3253 3137 3561 3189 carminum
3605 3150 3707 3188 au—

2115 3235 2232 3279 ctor
2262 3223 2536 3281 Davides:
2573 3224 2890 3280 Benedictus
2918 3229 3090 3294 enim,
3124 3227 3325 3297 inquit,
3364 3227 3456 3298 qui
3487 3227 3621 3281 vl-nit
3651 3225 3705 3279 in

2113 3317 2324 3370 nomine
2366 3316 2588 3371 Domini
2618 3318 2683 3372 ³⁸.
2716 3317 2985 3383 Quisnam
3026 3330 3111 3374 est
3139 3320 3251 3383 ille,
3285 3330 3437 3373 vates
3484 3318 3710 3373 divine?

2114 3408 2372 3463 Dominus
2404 3409 2564 3472 Deus,
2595 3417 2645 3464 et
2680 3412 2930 3480 apparuit
2958 3414 3111 3466 nobis
3138 3412 3205 3467 ³⁸.
3238 3414 3309 3466 At
3333 3412 3494 3481 cujus
3533 3408 3707 3481 gratia

2110 3500 2257 3555 Dens
2311 3503 2561 3557 mortalis
2596 3502 2675 3566 ﬁt,
2727 3503 2800 3556 mi
2836 3502 3111 3558 Davides?
3162 3504 3244 3557 Ad
3285 3504 3706 3569 destruendum,

2112 3596 2313 3666 inquit,
2366 3594 2655 3651 inimicum
2711 3607 2766 3651 et
2798 3606 3111 3653 exactorem
3153 3596 3454 3650 diabolum.
3505 3595 3707 3649 Crimi-

2114 3699 2278 3744 natur
2309 3689 2455 3743 enim
2489 3691 2631 3760 apud
2669 3689 2837 3745 Deum
2871 3691 3078 3752 omnia,
3108 3698 3162 3743 et
3183 3687 3327 3758 apud
3357 3687 3496 3743 alios
3525 3687 3706 3753 illum,

2111 3790 2166 3836 et
2196 3782 2443 3850 utrisque
2491 3782 2756 3836 ultionem
2793 3781 3055 3851 suggerit.
3092 3779 3146 3834 Id
3187 3778 3337 3849 quod
3365 3788 3420 3834 et
3450 3794 3579 3849 erga
3610 3776 3707 3832 10-

2111 3875 2266 3940 bum,
2305 3883 2361 3929 ct
2405 3890 2535 3945 erga
2567 3875 2740 3930 Deum
2792 3875 3050 3944 utrinque
3101 3872 3375 3926 malitiose
3425 3871 3577 3927 facit.
3624 3870 3707 3925 Ad

2113 3965 2285 4021 Deum
2300 3966 2520 4036 quidem
2543 3968 2765 4023 dicens:
2788 3966 2840 4020 Ν
2845 3983 2933 4019 um
2950 3966 3118 4035 gratis
3135 3965 3259 4017 colit
3271 3964 3307 4018 .l
3313 3965 3440 4018 obus
3454 3962 3625 4017 Deum
3637 3962 3705 4027 ³⁸,

2114 4058 2286 4112 autin
2309 4058 2478 4112 multa
2498 4059 2820 4113 facultatum
2843 4057 3190 4129 possessione
3209 4056 3419 4110 fovetur
3438 4063 3601 4123 atque
3615 4054 3708 4107 de-

2113 4147 2369 4203 iiciatur?
2386 4147 2466 4203 Ad
2494 4147 2691 4202 Jobum
2714 4158 2894 4203 autem
2920 4148 3102 4217 inquit
3124 4166 3137 4200 :
3160 4146 3309 4217 Ignis
3335 4146 3399 4198 de
3420 4144 3548 4198 cmlo
3564 4144 3709 4197 deci-

2113 4240 2213 4305 dit,
2249 4250 2299 4293 et
2321 4239 2615 4309 absumpsit
2657 4257 2834 4293 omnes
2862 4239 3144 4309 facultates
3172 4247 3290 4291 tuas
3310 4237 3374 4291 ³⁷.
3397 4236 3710 4305 lterumque

2114 4333 2293 4402 inquit
2329 4332 2400 4387 ad
2426 4332 2595 4387 Deum
2624 4351 2637 4387 :
2680 4331 2804 4386 Non
2837 4341 3043 4385 tantum
3069 4332 3186 4393 hoc,
3213 4330 3304 4384 sed
3329 4331 3479 4383 mitte
3493 4344 3709 4383 manuus

2116 4433 2284 4486 nam,
2318 4433 2375 4479 et
2398 4434 2553 4494 tange
2585 4441 2711 4478 ossa
2738 4425 2853 4494 ejus
2878 4432 2928 4477 et
2953 4439 3137 4477 carnes
3169 4422 3284 4490 ejus
3306 4421 3370 4473 ³⁸.
3412 4420 3478 4475 Et
3510 4420 3709 4477 iterum

2116 4517 2182 4569 ad
2209 4514 2415 4571 Johum
2436 4533 2531 4587 per
2556 4516 2682 4570 vita:
2712 4524 3026 4570 consortem
3059 4533 3071 4567 :
3112 4513 3368 4579 Quandiu
3412 4527 3711 4581 persevera-

2119 4606 2199 4660 bis
2239 4608 2333 4660 sub
2372 4610 2462 4662 dio
2493 4609 2546 4661 in
2586 4608 2857 4662 stercore?
2886 4607 3012 4675 quin
3042 4606 3130 4659 dic
3161 4605 3373 4659 verbum
3400 4604 3616 4674 aliquod
3641 4604 3711 4657 ad

2121 4696 2433 4761 Dominum,
2460 4708 2515 4752 et
2536 4715 2758 4763 morere,
2792 4710 2849 4751 ιιι
2885 4699 3124 4753 libereris
3153 4714 3187 4751 ο
3218 4697 3377 4749 malis
3399 4712 3517 4766 qua
3550 4706 3597 4749 te
3619 4696 3712 4748 de-

422 4785 589 4838 tinent
611 4785 676 4838 ".
710 4783 870 4839 Hunc
898 4784 1062 4854 igitur
1086 4784 1370 4839 inimicum
1396 4792 1455 4838 et
1480 4793 1791 4840 exactorem
1824 4786 2018 4844 tollens
2047 4788 2313 4847 Dominus
2347 4808 2444 4862 per
2469 4792 2777 4847 divinitatis
2806 4792 2862 4844 in
2893 4807 3117 4846 carnem
3143 4791 3458 4853 adventum,
3485 4789 3663 4857 inquit
3690 4803 3707 4843 :

422 4874 560 4933 Ecce
581 4877 703 4933 dedi
725 4878 871 4933 vobis
888 4886 1204 4946 potestatem
1232 4877 1481 4932 ωιυαηάὶ
1509 4895 1668 4948 super
1695 4890 1965 4949 serpentes
1995 4893 2049 4938 et
2078 4887 2406 4955 scorpiones,
2435 4894 2486 4939 st
2519 4901 2678 4957 super
2707 4901 2912 4939 omnem
2940 4892 3253 4953 potestatem
3280 4882 3486 4935 inimici
3514 4882 3583 4935 ⁸ο.

983 4970 1237 5023 ΗΕΥΣιΣ
1272 4972 1445 5025 PKA'.

493 5063 607 5119 Kal.
631 5066 679 5117 εί
707 5061 928 5117 καθεῖλε
954 5061 1047 5119 τὸν
1088 5061 1285 5133 ἐχθρὸν
1314 5063 1344 5115 ὁ
1370 5060 1596 5133 Κύριος,
1624 5063 1709 5127 τίς
1739 5064 1873 5134 ἡμῖν
1912 5083 2012 5119 πο-

423 5156 582 5227 λεμεῖ
607 5155 882 5217 ἑκάστοις,
913 5154 1009 5207 καὶ
1034 5155 1363 5225 πειρασμοῖς
1391 5153 1679 5226 ἀδοκήτοις
1703 5155 1803 5208 καὶ
1830 5157 2013 5228 ἁμαρ-

422 5248 633 5321 τήμασι
665 5246 980 5319 περιϐάλλει
998 5263 1014 5313 ;

1051 5336 1407 5404 Ἀπόκρισις.
1422 5377 1429 5381 .

511 5432 675 5487 Ἀλλά
718 5432 815 5486 καὶ
840 5427 951 5494 οἷός
980 5447 1041 5482 τε
1074 5428 1157 5483 ὢν
1184 5429 1423 5500 παντελῆ
1491 5430 1658 5483 αὐτοῦ
1703 5428 2015 5501 ἀφανισμὸν

426 5525 522 5579 καὶ
552 5524 833 5596 ἀναίρεσιν
870 5520 1231 5595 ποιήσασθαι,
1266 5521 1368 5574 οὐκ
1392 5520 1701 5593 ἠϐουλήθη,
1722 5522 1815 5576 διὰ
1835 5522 1898 5577 τὸ
1932 5524 2008 5596 μὴ

2517 4972 3045 5033 ΙΝΤΕΒΒΟΕΑΤΙΟ
3075 4973 3311 5031 CXXIV.

2190 5066 2349 5133 Quod
2398 5066 2445 5121 si
2503 5068 2730 5123 sustulit
2764 5067 3049 5121 inimicum
3105 5065 3395 5123 Dominus.
3437 5063 3563 5133 quis
3614 5076 3710 5118 ne-

2119 5168 2294 5215 strum
2330 5160 2633 5230 quemlibet
2663 5170 2962 5231 oppugnat.
2993 5171 3047 5214 et
3081 5158 3476 5214 testationibus
3503 5158 3709 5226 improo

2117 5251 2256 5307 visis
2294 5260 2457 5324 atque
2485 5254 2729 5324 peccatis
2763 5252 3043 5306 involvit?

2755 5344 3064 5414 Responsio.

2184 5436 2357 5507 Atqui
2377 5438 2503 5493 licet
2533 5436 2679 5494 Deus
2715 5436 3095 5492 omnimodam
3126 5435 3248 5505 ejus
3283 5433 3706 5490 exstinctionem

2114 5537 2280 5599 atque
2320 5529 2684 5585 sublationem
2718 5527 2898 5584 facere
2928 5535 3136 5600 posset,
3172 5527 3351 5581 misit
3380 5527 3483 5580 hoc
3523 5535 3707 5580 tamen

502 5644 546 5675 ³¹
579 5643 713 5699 Gen.
743 5659 824 5708 ιη,
866 5643 917 5699 5.
993 5642 1045 5675 ³³
1077 5640 1233 5696 Deut.
1273 5639 1521 5711 “L715.
1573 5640 1620 5672 ”
1656 5639 1802 5697 PSal.
1837 5657 2002 5708 cxm,

2107 5643 2139 5698 ἰ.
2217 5648 2269 5680 ³⁸
2297 5648 2431 5703 ibid.
2465 5647 2556 5701 27.
2598 5646 2643 5678 ³⁸
2679 5643 2781 5701 Job
2822 5660 2862 5711 ι,
2905 5645 2956 5699 9.
3041 5644 3085 5676 "
3123 5642 3255 5697 ibid.
3301 5640 3385 5696 16.
3428 5641 3474 5673 ³⁸
3511 5639 3704 5704 Job".

429 5714 487 5775 ι.
515 5713 568 5769 5.
634 5716 678 5748 ⁸³
718 5715 851 5770 ibid.
886 5714 941 5769 9.
1018 5712 1065 5744 “
1105 5711 1243 5767 Luc.
1274 5727 1328 5775 x,
1367 5710 1455 5764 1-9.

501 5805 611 5871 (89l
669 5810 776 5860 Καὶ
821 5805 1208 5861 ἀπαλλάττει.
1272 5801 1384 5858 Sic.
1443 5804 1523 5857 An
1585 5804 1995 5858 rescribendum

2107 5814 2343 5861 exstant.
2383 5800 2521 5858 LXX
2565 5803 2766 5856 habent
2793 5820 2805 5871 ξ
2842 5842 2855 5854 .
2884 5842 2896 5854 .
2923 5841 2938 5855 .

432 5876 814 5938 ἀπαλλάττουῖ
866 5878 1136 5937 Cancrum
1188 5875 1305 5936 haec
1355 5875 1522 5935 verba
1568 5875 1623 5935 in
1658 5872 1851 5936 Bibliis
1895 5891 2006 5937 non

3010 5800 3125 5857 ἀλλ’
3163 5796 3317 5857 εἶπόν
3356 5816 3408 5855 τι
3438 5798 3595 5875 ῥῆμα
3630 5797 3711 5863 εἰς

2116 5876 2343 5953 Κύριον,
2383 5876 2475 5931 καὶ
2502 5873 2751 5932 τελεύτα.
2788 5870 2950 5937 Ευιτ.
