4142 6382
456 354 593 409 lilii)

447 479 518 518 ne
557 482 655 521 nos
693 467 1010 526 inhonorati
1044 472 1486 545 relinquerentur
1519 476 1574 532 in
1608 478 1793 534 futura
1822 481 2027 550 sempi-

447 565 600 612 terna
635 561 764 626 vita,
797 564 842 618 si
885 582 993 620 non
1031 579 1178 624 esset
1217 570 1418 641 aliquis
1459 574 1617 628 nobis
1647 575 1736 629 hic
1773 576 2030 631 adversa-

447 647 584 714 rius,
639 653 902 711 adversus
946 674 1107 728 quem
1153 662 1497 720 decertantes
1544 666 1694 721 velut
1746 667 1801 721 in
1852 669 2034 724 stadio

446 744 738 808 praesentis-
794 747 941 811 vitae,
990 755 1452 811 remunerationis
1507 767 1752 827 tempore
1797 772 2033 814 coronas

448 849 895 904 assequeremur.
929 842 1199 901 Percusso
1233 857 1414 902 autem
1449 848 1626 918 capite
1649 850 1926 914 draconis,
1953 861 2035 904 to-

447 933 570 986 tum.
598 929 692 1000 qui
724 939 848 999 post
877 932 1056 1002 ipsuut
1093 937 1328 998 trahitur
1360 940 1684 994 comitatum
1727 940 1837 996 leto
1861 941 2031 1009 dedit,

447 1017 639 1072 saltem
683 1023 883 1094 exiguo
933 1028 1171 1096 quodam
1230 1029 1284 1086 in
1331 1031 1452 1100 ipso
1504 1041 1656 1086 motu
1710 1033 1922 1100 relicto,
1965 1035 2034 1089 ad

446 1110 769 1168 exercitium
807 1125 1056 1172 nostrum
1105 1129 1269 1190 atque
1307 1122 1527 1177 virtutis
1577 1123 2031 1181 declarationem.

445 1197 753 1270 Aliquoties
788 1205 935 1260 enim
984 1218 1038 1263 et
1073 1223 1177 1266 nos
1216 1226 1480 1280 percusso
1519 1215 1794 1283 serpentis
1833 1218 2032 1288 capite,

448 1303 791 1361 Irrepeutem
825 1307 1062 1353 tractuum
1097 1303 1348 1371 corporis
1377 1304 1565 1374 pueris
1609 1305 1916 1364 feriendum
1948 1327 2036 1365 re-

445 1380 772 1453 linquimus,
804 1388 970 1444 simul
1016 1393 1167 1460 ipsos
1207 1403 1266 1449 ut
1301 1395 1539 1455 audaces
1565 1407 1616 1453 et
1664 1400 1926 1456 adversus
1958 1401 2031 1456 l'e~

446 1487 540 1529 ras
575 1475 784 1533 alacres
822 1479 954 1545 sint,
997 1481 1505 1539 condocefacimus.
1553 1485 1740 1556 Neque
1771 1487 1916 1542 enim
1953 1488 2034 1543 vel

446 1563 712 1627 mersus
727 1583 930 1638 porcos
949 1581 1270 1640 potestatein
1287 1574 1564 1632 daemones
1594 1578 1814 1643 habent,
1839 1596 2035 1650 quem-

447 1650 747 1712 admodum
797 1671 959 1713 sacra
993 1657 1273 1730 Evangelii
1314 1662 1592 1732 scriptura
1625 1667 1786 1722 docet
1809 1668 1874 1723 “.
1900 1667 2036 1729 Nam

448 1751 580 1798 ante
605 1744 848 1802 divinam
879 1749 1087 1806 Christi
1117 1754 1562 1822 permissionem.
1606 1775 1715 1813 non
1746 1771 1877 1816 sunt
1908 1762 2031 1818 ausi

446 1842 674 1906 tangere
702 1855 920 1910 gregem
954 1857 1248 1911 porcorum
1285 1845 1732 1917 Gergesiuorum.
1760 1850 2033 1914 Permittit

445 1939 629 1987 autem
688 1931 821 2001 ipsis
862 1931 1132 1994 Dominus
1180 1952 1288 1994 non
1341 1949 1398 1993 ut
1457 1955 1567 1997 una
1618 1957 1743 1996 cum
1788 1944 2042 2000 subulcis.

445 2020 866 2093 submergerent
904 2043 1151 2098 gregem,
1191 2029 1292 2087 sed,
1323 2040 1382 2085 ut
1421 2033 1488 2088 iis
1517 2033 1764 2101 omissis,
1795 2052 1908 2107 quo
1941 2054 2037 2094 ca-

445 2126 668 2188 pessere
694 2115 881 2188 fugam
904 2130 1152 2188 possent,
1191 2122 1245 2176 in
1272 2123 1434 2179 bruta
1460 2128 1850 2196 egrederentur
1883 2149 1896 2185 :
1923 2133 2036 2186 evi-

443 2205 788 2265 denter-nos
830 2211 1061 2278 docens,
1115 2217 1260 2286 quod
1302 2218 1410 2272 nisi
1452 2235 1549 2288 per
1580 2220 1755 2290 ipsius
1791 2222 2035 2280 divinam

443 2305 500 2353 et
535 2299 723 2355 omnia
758 2304 1212 2374 complectentem
1247 2318 1569 2379 potestatem
1603 2314 2032 2381 custodiremur,

443 2389 528 2444 vel
550 2393 931 2463 consimiliter,
961 2399 1046 2454 vel
1093 2401 1257 2457 etiam
1310 2403 1488 2474 pejus,
1525 2421 1692 2475 quam
1736 2423 1864 2478 erga
1903 2426 2034 2479 por-

439 2497 562 2550 cos,
591 2498 723 2556 erga
763 2503 864 2544 nos
891 2490 1072 2546 aﬂ‘ecti
1104 2493 1381 2553 daemones
1412 2499 1618 2563 forent,
1641 2500 1738 2570 qui
1771 2500 1827 2556 in
1870 2502 2037 2573 hujus

438 2571 567 2629 vitae
595 2576 732 2630 mari
762 2579 1069 2648 periculose
1095 2585 1442 2654 navigamus.

850 2672 1372 2736 INTERROGATIO
1411 2681 1623 2739 CXXV.

509 2758 648 2815 Cum
661 2765 1038 2830 nossetﬂeus,
1062 2772 1208 2840 quod
1230 2772 1474 2830 Adamus
1501 2788 1830 2846 praeceptum
1855 2787 2035 2837 trans.-

439 2869 734 2930 gressurls
779 2870 950 2928 esset,
995 2879 1095 2921 cur
1147 2865 1281 2920 illud
1340 2869 1389 2922 ei
1437 2869 1624 2924 dedit?
1663 2872 1745 2926 vel
1795 2874 2036 2945 denique

438 2963 613 3019 quare
651 2959 1124 3024 transgressorem
1160 2959 1442 3016 damnavit
1477 2965 1695 3018 morte?-

1074 3047 1330 3120 Responsi
1334 3069 1385 3107 ο.

509 3131 674 3204 Atqui
701 3135 808 3191 nisi
837 3151 1192 3210 praeceptum,
1225 3145 1374 3198 velut
1404 3147 1688 3216 praemium
1711 3151 2033 3208 certaminis

438 3234 495 3284 et
539 3225 702 3281 luctze
735 3231 1043 3299 statuisset,
1090 3249 1155 3289 ac
1193 3237 1536 3305 permisisset
1584 3240 1639 3294 in
1683 3242 1896 3298 arbitrii
1945 3245 2032 3300 sui

440 3327 714 3387 potestate
747 3322 1150 3390 adversarium,
1182 3343 1286 3382 non
1317 3341 1697 3397 coronaretur,
1726 3349 1906 3404 neque
1935 3336 2034 3391 de»

438 3413 830 3481 praedicaretur
857 3416 1051 3473 vietor.
1079 3421 1236 3486 Quod
1270 3421 1316 3476 si
1341 3437 1448 3477 non
1483 3425 1799 3482 mandasset
1832 3443 2033 3496 praece-

439 3503 516 3579 pti
555 3504 1022 3574 observationem,
1056 3520 1111 3564 et
1155 3519 1387 3567 mortent
1425 3518 1879 3586 transgressionis
1916 3535 2033 3590 pte-

441 3611 570 3651 nam
600 3613 708 3652 nou
746 3599 988 3656 minatus
1019 3600 1234 3670 fuisset,
1271 3606 1467 3661 merito
1496 3607 1550 3662 in
1583 3624 1709 3663 eum
1733 3611 1827 3681 qui
1859 3612 2029 3682 legem

439 3690 647 3760 posuit,
679 3691 896 3761 culpam
935 3693 1239 3750 retulisses.
1289 3696 1346 3750 Si
1381 3713 1512 3753 vero
1545 3709 1666 3770 post
1714 3703 2030 3758 mandatum

440 3782 629 3852 lapsus
657 3793 759 3850 est,
801 3794 854 3839 et
884 3785 1083 3841 cecidit
1113 3787 1294 3844 factus
1331 3789 1674 3861 inobediens,
1713 3803 2030 3865 superatum

439 3892 667 3943 accusa,
698 3895 806 3934 non
842 3895 968 3934 eum
1003 3880 1096 3950 qui
1125 3892 1404 3939 certamen
1433 3889 1738 3957 proposuit.
1773 3889 1904 3946 Item
1941 3909 2026 3948 se-

439 3970 678 4024 cundum
714 3971 876 4025 aliam
908 3973 1177 4030 rationem
1207 3993 1220 4028 :
1259 3977 1730 4043 Quemadmodum
1757 3983 2028 4041 Adamum

437 4065 919 4134 praecognoscebat
947 4075 1450 4138 transgressurum,
1492 4073 1746 4131 similiter
1775 4081 2032 4148 praescie-

437 4156 533 4212 bat
561 4166 811 4226 posteros
836 4158 958 4226 ejus
985 4161 1335 4228 praestatione
1372 4175 1766 4234 praaeeptorum
1793 4169 1864 4225 ab
1910 4171 2030 4240 ipso

439 4251 587 4303 velut
609 4249 846 4304 victores
871 4249 1296 4318 deprtedieatum
1327 4265 1380 4309 et
1406 4270 1730 4313 coronatum
1758 4261 1856 4328 iri;
1891 4263 2030 4320 alios

439 4341 662 4412 quidem
706 4350 952 4410 tempore
996 4344 1148 4412 pacis
1185 4360 1282 4414 per
1325 4347 1753 4407 declarationem
1786 4356 2029 4424 probata:

437 4449 562 4489 cum
592 4434 795 4489 virtute
828 4433 978 4498 vitae,
1011 4435 1150 4491 alios
1179 4446 1362 4492 autem
1397 4447 1640 4510 tempore
1678 4449 2026 4514 persecutio-

437 4543 569 4582 num
597 4542 693 4597 per
723 4529 1185 4597 perseverantiam
1212 4545 1310 4599 pro
1332 4531 1450 4601 ipso
1474 4549 1649 4604 usque
1671 4537 1738 4592 ad
1762 4549 2017 4597 mortem.

437 4618 927 4688 Prazcognoscebat
954 4621 1101 4675 enim
1141 4623 1372 4679 Abelum
1400 4626 1612 4695 justum
1659 4630 1799 4696 fore,
1831 4635 2024 4692 simili-

435 4721 520 4766 ter
551 4720 606 4766 et
636 4708 904 4773 Setinum;
951 4711 1239 4768 Enochum
1270 4717 1736 4788 transferendum,
1773 4740 1842 4780 ne
1873 4727 2023 4783 vide-

435 4814 520 4862 ret
550 4815 819 4872 mortem;
862 4803 1034 4860 Noam
1083 4805 1296 4876 justum
1333 4807 1612 4881 futurum;
1643 4813 2019 4876 Abrahamum

435 4899 676 4955 radicem
729 4897 852 4954 ﬁdei
889 4898 1030 4964 fore,
1069 4915 1135 4956 ac
1174 4909 1383 4970 patrem
1425 4906 1719 4963 multarum
1753 4913 2017 4981 gentium.

434 4989 702 5044 Praeterea
737 4989 883 5060 quod
910 4988 1132 5046 lsaacus
1161 5007 1353 5048 servus
1386 5009 1521 5051 suus
1552 5006 1813 5057 strenuus
1845 5003 2022 5060 decla-

433 5082 640 5137 randos
672 5092 841 5142 esset.
875 5083 1226 5152 przrsciebat;
1255 5087 1401 5154 quod
1434 5085 1673 5146 Jacobus
1700 5091 1880 5162 ipsum
1916 5112 2024 5151 ve-

434 5177 515 5229 lut
554 5174 831 5228 hominem
867 5174 924 5228 in
974 5175 1120 5230 lucta
1165 5185 1528 5246 superaturus
1575 5192 1744 5250 esset,
1778 5194 1834 5240 et
1873 5189 2022 5257 quod

436 5279 656 5337 torpore
704 5268 988 5323 soluturus
1016 5278 1165 5324 esset
1211 5271 1383 5325 latum
1434 5288 1662 5330 nervum
1710 5285 1856 5334 tacto
1903 5281 2023 5351 ejus

433 5357 673 5424 femore;
721 5357 867 5427 quod
915 5368 1135 5427 propter
1192 5364 1613 5431 temperantiam
1671 5366 1726 5421 iu
1769 5371 2019 5426 custodia

429 5465 763 5520 carcereque
791 5448 1066 5520 Josephus
1099 5452 1447 5511 habitaturus
1469 5467 1648 5525 esset;
1677 5461 1825 5529 quod
1859 5461 2018 5518 faetis

430 5543 547 5599 suis
567 5559 798 5612 regnum
829 5543 1158 5601 obtenturus
1183 5563 1198 5613 ;
1240 5549 1387 5618 quod
1415 5550 1483 5605 ad
1519 5551 1830 5609 ducendum
1859 5571 2020 5611 exer-

430 5638 601 5697 citum
643 5644 699 5692 et
746 5635 1027 5692 ferendam
1069 5639 1242 5710 legem
1294 5640 1473 5698 Moses
1525 5644 1756 5702 idoneus
1801 5647 2017 5707 futurus

431 5738 611 5793 esset;
658 5729 806 5798 quod
837 5727 996 5786 Jesus
1026 5729 1174 5786 Nave
1219 5735 1638 5796 liliushostium
1677 5749 1878 5812 tropaea
1924 5759 2016 5800 ca-

507 5841 553 5874 “
592 5838 787 5897 Matth.
829 5857 950 5908 vm,
987 5843 1076 5909 50,
1120 5843 1210 5898 52.

1529 362 1588 418 S.
1623 360 1926 417 CAESAR“
1965 361 2294 419 GBEGORII
2330 363 2630 420 FRATRIS

3582 366 3730 425 1020-

2130 476 2468 548 ἀγεράστους
2521 479 2668 548 ἡμᾶς
2718 477 3148 548 καταλειφθῆναι
3207 478 3266 531 ἐν
3318 479 3384 548 τῇ
3448 478 3717 553 μελλούσῃ

2132 569 2288 640 ἀϊδίῳ
2322 568 2455 641 ζωῇ,
2501 571 2575 640 μὴ
2610 570 2760 632 ὄντος
2794 571 2936 639 ἡμῖν,
2957 569 3192 627 ἐνταῦθά
3223 587 3367 632 τινος
3397 572 3715 633 ἀντιπάλου,

2133 659 2269 730 πρὸς
2301 659 2360 712 ὃν
2387 660 2822 730 ἀγωνιζομένους
2851 661 3014 712 οἱονεὶ
3052 661 3110 714 ἐν
3151 660 3348 730 σταδίῳ
3371 663 3436 730 τῇ
3469 663 3718 736 παρούσῃ

2133 750 2281 822 ζωῇ.
2331 752 2389 802 ἐν
2432 755 2497 821 τῇ
2554 752 2782 822 ἀμείψει
2837 751 3039 822 ταύτης
3090 752 3369 820 στεφάνων
3419 755 3714 823 ἐπιτυχεῖν.

2133 840 2348 912 Πλήξας
2395 843 2452 894 δὲ
2494 843 2593 913 τὴν
2644 842 2886 914 κεφαλὴν
2939 842 3035 896 τοῦ
3083 843 3409 914 δράκοντος,
3461 843 3595 902 ὅλον.
3628 847 3718 897 τὸν

2134 930 2496 1003 ξυνεπόμενον
2556 934 2717 992 ὁλκὸν
2777 934 3249 1007 συναπενέκρωσε,
3307 935 3569 1007 ἀμυδράν.
3601 954 3720 988 τινα

2133 1024 2346 1096 κίνησιν
2379 1027 2437 1078 ἐν
2483 1025 2632 1096 αὐτῷ
2667 1026 3026 1096 καταλείψας,
3063 1027 3200 1098 πρὸς
3231 1028 3536 1097 γυμνασίαν
3565 1029 3727 1098 ἡμῶν.

2134 1118 2230 1171 καὶ
2261 1119 2464 1190 ἀρετῆς
2502 1120 2782 1185 ἐπίδειξιν.
2828 1121 3098 1184 Πολλάκις
3127 1121 3237 1189 γὰρ
3286 1121 3379 1182 καὶ
3425 1123 3584 1190 ἡμεῖς
3622 1124 3728 1192 τὴν.

2133 1209 2375 1282 κεφαλὴν
2413 1211 2508 1265 τοῦ
2536 1212 2713 1282 όφεως
2744 1213 3068 1284 πλήξαντες,
3108 1214 3200 1271 τὸν
3233 1214 3540 1285 ἐφέρποντα
3565 1212 3724 1267 όλκὺν

2132 1305 2248 1366 τοῖς
2291 1303 2450 1356 παισὶ
2500 1304 2683 1358 παίειν
2741 1305 3131 1376 ἐπιτρέπομεν,
3178 1305 3296 1376 ἅμα
3349 1306 3570 1376 θαρρεῖν
3627 1307 3723 1360 καὶ

2135 1393 2485 1465 θηρολεκτείν
2550 1397 2748 1460 αὐτοὺς
2803 1397 3171 1462 παιδεύοντες.
3223 1398 3363 1452 Οὔτε
3414 1399 3523 1468 γὰρ
3581 1398 3724 1452 συῶν

2134 1483 2466 1551 ἐξουσιάζειν
2499 1488 2549 1540 οἱ
2583 1486 2860 1557 δαίμονες,
2891 1486 3074 1552 καθὼς
3106 1490 3139 1559 ἡ
3189 1488 3310 1541 θεία
3351 1489 3460 1542 τῶν
3492 1488 3727 1557 εὐαγγε-

2135 1575 2302 1629 λικῶν
2337 1576 2584 1630 παιδεύει
2626 1579 2838 1649 Πυκτή.
2872 1579 2987 1650 Πρὸ
3027 1579 3136 1651 γὰρ
3171 1579 3272 1650 τῆς
3302 1578 3453 1642 θείας
3484 1576 3724 1648 Χριστοῦ

2139 1671 2562 1742 συγχωρήσεως,
2602 1671 2705 1724 οὐκ
2728 1671 3037 1742 ἐτόλμησαν
3079 1673 3291 1741 ψαῦσαι
3321 1674 3420 1744 τῆς
3456 1673 3564 1725 τῶν
3594 1673 3728 1742 Γερ-

2137 1763 2368 1833 γεσινῶν
2411 1764 2613 1834 ἀγέλης
2645 1763 2808 1817 συῶν.
2859 1766 3173 1836 Ἐπιτρέπει
3206 1765 3262 1819 δέ
3309 1767 3492 1829 αὐτοῖς
3523 1766 3552 1816 6
3608 1764 3722 1818 Κύ·

2143 1872 2278 1926 ριος,
2314 1855 2414 1925 οὐχ
2441 1855 2556 1926 ἅμα
2591 1855 2697 1909 τῶν
2729 1857 3046 1928 συοφόρϐων
3076 1858 3352 1911 ποντῶσαι
3377 1857 3476 1927 τὴν
3498 1855 3724 1927 ἀγέλην,

2138 1947 2252 1999 ἀλλ’
2304 1947 2547 2010 ἐκείνους
2590 1949 2749 2002 ἐᾶσαι
2803 1947 3034 2019 δρασμῷ
3083 1949 3421 2020 χρήσασθαι,
3479 1947 3621 2001 κατά
3666 1948 3734 2002 δὲ·

2134 2038 2245 2092 τῶν
2284 2039 2495 2108 ἀλόγων
2530 2039 2815 2110 χωρῆσαιο
2865 2039 3111 2112 ἐναργῶς
3137 2040 3411 2093 παιδεύων
3450 2041 3618 2110 ἡμᾶς,
3648 2039 3725 2102 ὡς

2136 2130 2186 2180 εἰ
2218 2129 2294 2200 μὴ
2328 2131 2394 2199 τῇ
2429 2128 2550 2200 θείᾳ
2573 2128 2738 2181 αὑτοῦ
2769 2129 2864 2181 καὶ
2893 2132 3216 2200 περιεκτικῇ
3247 2131 3466 2183 πάντων
3496 2128 3724 2197 δυνάμει

2136 2222 2573 2294 ἐφρουρούμεθα,
2609 2220 3008 2293 παραπλησίως
3039 2223 3070 2294 ἢ
3107 2223 3200 2276 καὶ
3234 2223 3402 2293 χείρω
3429 2221 3538 2274 τῶν
3580 2219 3724 2274 συῶν

2135 2316 2183 2368 oi
2215 2315 2466 2384 δαίμονες
2489 2314 2778 2374 διετίθεντο
2808 2316 2954 2385 ἡμᾶς
2981 2314 3434 2386 ναυτιλλομένους
3467 2313 3501 2385 ἢ
3529 2312 3738 2367 θαλατ-ε.

2135 2421 2419 2468 τευοντας.

2692 2708 2944 2762 ΠΕΥΣΙΣ
2981 2710 3158 2766 PKE".

2206 2793 2494 2850 Γινώσκων
2524 2799 2553 2852 6
2585 2797 2718 2864 Θεὸς
2750 2801 2831 2856 ὅτι
2881 2801 3066 2873 μέλλει
3104 2803 3462 2875 παραϐαίνειν
3499 2805 3599 2876 τὴν
3635 2808 3732 2858 ἑνε-Δ

2133 2887 2294 2959 τολὴν
2325 2891 2353 2942 6
2399 2889 2591 2961 Ἀδάμ,
2629 2892 2771 2946 διατί
2819 2895 2969 2966 αὐτῷ
3009 2895 3209 2949 ἔδωκεν
3245 2896 3434 2968 αὐτὴν,
3482 2897 3516 2968 ἢ
3563 2897 3738 2956 πάλιν.

2134 2981 2462 3053 παραϐάντα
2489 2985 2630 3039 διατί
2666 2987 2881 3059 θανάτῳ
2916 2989 3274 3062 κατέκρινεν;

2753 3082 3108 3152 Ἀπόκρισις.

2217 3167 2357 3221 Ἀλλ’
2391 3171 2440 3222 εἰ
2495 3169 2571 3241 μὴ
2604 3170 2832 3244 ἔστησεν
2873 3169 2985 3227 οἷον
3029 3175 3281 3247 βραϐεῖον
3317 3176 3410 3230 καὶ
3441 3177 3734 3249 πάλαισμα.

2132 3258 2232 3330 τὴν
2274 3261 2516 3332 ἐντολὴν,
2548 3266 2643 3316 καλ⁵
2687 3267 2870 3320 εἴασεν
2902 3268 3250 3333 αὐτεξούσιον
3277 3270 3369 3323 τὸν
3411 3271 3726 3340 ἀνταγωνι-

2135 3351 2287 3422 στὴν,
2329 3353 2430 3408 οὐκ
2476 3355 2860 3424 ἐστεφανοῦτο,
2909 3360 3030 3413 οὐδὲ
3083 3362 3507 3432 ἀνεκηρύττετο.
3559 3363 3621 3417 El
3665 3363 3730 3418 δὲ

2134 3443 2230 3494 καὶ
2284 3443 2359 3514 μὴ
2415 3446 2773 3518 παρεγγύησε
2821 3449 3198 3520 φυλάξασθαι,
3251 3455 3346 3506 καὶ
3401 3453 3631 3507 θάνατον
3656 3457 3724 3526 τῇ

2133 3537 2446 3606 παραϐάσει
2498 3540 2828 3612 ἠπείλησεν,
2871 3543 3099 3607 εἰκότως
3145 3545 3283 3614 ᾐτιῶ
3338 3547 3428 3599 τὸν
3475 3547 3722 3618 θέμενον.

2136 3625 2200 3678 El
2232 3627 2289 3680 δὲ
2331 3629 2469 3699 μετά
2507 3631 2604 3702 τὴν
2659 3633 2999 3706 παρεγγυὴν,
3051 3634 3280 3689 ὤλισθεν
3319 3639 3414 3690 καὶ
3465 3639 3725 3692 πέπτωκε

2134 3723 2510 3792 παρακούσας,
2540 3725 2636 3778 τοῦ
2679 3727 2994 3797 ἡττωμένου
3036 3729 3352 3800 κατηγόρει,
3401 3731 3492 3784 καὶ
3525 3731 3599 3801 μὴ
3629 3731 3725 3784 τοῦ

2133 3814 2362 3884 θεμένου
2391 3815 2482 3868 τὸν
2503 3816 2712 3887 ἀγῶνα.
2755 3819 2994 3891 Ἑτέρως
3021 3837 3082 3872 τε
3104 3820 3181 3886 δὲ,
3213 3822 3405 3894 ὥσπερ
3424 3824 3516 3875 τὸν
3551 3823 3723 3894 Ἀδὰμ

2132 3908 2540 3979 προεγίνωσκεν
2585 3910 3064 3983 παραϐησόμενον,
3107 3914 3312 3984 ὁμοίως
3349 3917 3744 3988 προηπίστατο.

2131 3995 2257 4058 τοὺς
2315 3997 2573 4064 ἐκγόνους
2621 3998 2785 4052 αὑτοῦ
2835 4003 2900 4072 τῇ
2956 4001 3293 4073 κατορθώσει
3336 4005 3444 4058 τῶν
3498 4007 3726 4060 ἐντολῶν

2132 4083 2629 4157 ἀνακηρύττεσθαι,
2663 4090 2758 4143 καὶ
2791 4091 3184 4160 στεφανοῦσθαι
3223 4097 3356 4164 παρ’
3379 4095 3574 4149 αὑτοῦ*
3597 4099 3725 4160 τοὺς

2135 4179 2235 4249 μὲν
2261 4179 2320 4231 ἐν
2344 4183 2557 4253 καιροῖς
2584 4182 2809 4254 εἰρήνης
2839 4183 2906 4236 δι’
2941 4183 3255 4250 ἐπιδείξεως
3280 4186 3538 4257 ἐναρέτου
3581 4188 3720 4257 βίου,

2128 4269 2255 4334 τοὺς
2277 4272 2337 4325 δὲ
2369 4275 2427 4326 ἐν
2458 4275 2637 4346 καιρῷ
2667 4277 2946 4348 διωγμῶν,
2970 4277 3058 4331 διὰ
3079 4278 3179 4350 τῆς
3202 4279 3341 4350 ὑπὲρ
3370 4280 3536 4333 αὐτοῦ
3563 4281 3734 4352 μέχρι·Δ

2131 4361 2363 4418 θανάτου
2394 4368 2720 4433 ἐνστάσεως.
2751 4369 3136 4440 Προεγίνωσκε
3175 4372 3285 4444 γὰρ
3315 4373 3411 4426 τὸν
3452 4374 3618 4427 Ἀϐελ
3647 4374 3724 4428 δι-

2131 4456 2443 4523 καιοῦσθαι,
2471 4461 2563 4515 τὸν
2585 4463 2692 4534 Σὴθ
2723 4464 2947 4534 ὁμοίως,
2974 4464 3067 4518 τὸν
3102 4464 3274 4535 Ἑνὼχ
3313 4467 3734 4536 μετατίθεσθαι,

2133 4548 2208 4620 μὴ
2273 4550 2401 4604 ἰδεῖν
2451 4551 2704 4618 θάνατον,
2755 4555 2848 4609 τὸν
2903 4556 3028 4609 Νῶε
3079 4556 3572 4629 δικαιωθήσεσθαι,
3628 4559 3721 4613 τὸν

2142 4642 2394 4714 Ἀϐραὰμ
2444 4645 2602 4714 ῥίζαν
2641 4647 2744 4718 τῆς
2791 4649 3029 4715 πίστεως
3057 4652 3326 4720 γίνεσθαι,
3371 4655 3465 4706 καὶ
3509 4655 3722 4726 πατέρα

2127 4735 2342 4790 πολλῶν
2389 4736 2578 4792 ἐθνῶν.
2614 4740 2737 4795 Ὅτι
2796 4743 2982 4798 Ἰσαὰκ
3023 4743 3208 4809 δοῦλος
3255 4747 3422 4800 αὑτοῦ
3467 4748 3720 4818 ἐνάρετος

2126 4827 2600 4901 ἀναδειχθήσεται,
2633 4835 3037 4903 προεγίνωσκεν
3059 4852 3074 4866 ·
3115 4837 3201 4890 ὅτι
3240 4837 3437 4892 Ἰακὼϐ
3466 4839 3627 4892 αὑτὸν
3662 4841 3719 4893 ἐν

2125 4923 2192 4992 τῇ
2235 4921 2379 4994 πάλῃ
2419 4925 2689 4996 κρατήσει
2722 4925 2799 4989 ὡς
2834 4925 3045 4998 βροτὸν,
3081 4928 3176 4982 καὶ
3213 4931 3463 5001 ναρκήσῃ
3502 4930 3718 5001 ἀψαμέι

2126 5029 2217 5065 νου
2244 5012 2338 5066 τοῦ
2374 5016 2552 5088 μηροῦ
2582 5017 2644 5070 τὸ
2685 5017 3074 5091 πλατύνευρον·
3124 5021 3206 5074 ὅτι
3249 5021 3445 5092 Ἰωσὴφ
3477 5021 3564 5075 διὰ
3611 5039 3717 5076 σω-

2127 5105 2403 5178 φροσύνην
2435 5110 2676 5182 φρουρὰν
2701 5111 2936 5182 οἰκήσει,
2968 5113 3050 5165 ὅτι
3087 5111 3174 5166 διά
3199 5113 3314 5167 τῶν
3346 5113 3522 5185 ἔργων
3564 5113 3714 5185 βασι-

2123 5196 2274 5262 λείας
2325 5203 2628 5272 κρατήσει’
2675 5205 2758 5257 ὅτι
2804 5204 3013 5276 Μωσῆς
3057 5204 3196 5275 πρὸς
3244 5207 3579 5279 στρατηγίαν
3620 5209 3717 5261 καὶ

2123 5287 2446 5358 νομοθεσίαν
2479 5293 2786 5363 ἐπιτήδειος
2819 5293 3108 5363 φυήσεταιο
3140 5293 3222 5346 ὅτι
3251 5295 3278 5346 6
3313 5293 3522 5364 Ἰησοῦς
3563 5293 3592 5346 ό
3617 5293 3711 5346 τοῦ

2123 5380 2280 5452 Ναυῆ
2324 5382 2601 5453 πολεμίων
2642 5385 2968 5456 χειρώσεται
3011 5385 3268 5456 τρόπαια,
3314 5386 3410 5438 καὶ
3453 5385 3713 5440 δουλώσει

2125 5471 2495 5538 Γαϐαωνίτας,
2524 5475 2606 5529 δτι
2651 5476 2815 5530 Δαϐὶδ
2843 5478 3134 5549 πρόμαχον
3165 5476 3499 5546 ἀλλοφύλων,
3545 5479 3712 5531 κατάο

2126 5581 2367 5635 φρακτον
2411 5568 2676 5639 κνημίδας
2713 5571 2808 5623 καὶ
2835 5570 3070 5643 κορύνην
3099 5570 3423 5641 γιγαντικὴν
3467 5571 3712 5640 περικεί-

2127 5672 2311 5726 μενον,
2332 5658 2534 5713 ἀσπίδα
2562 5663 2658 5715 καὶ
2681 5661 2810 5732 δόρυ
2840 5664 3054 5734 ἔχοντα,
3084 5663 3178 5715 καὶ
3207 5662 3328 5715 ὅλον
3350 5662 3711 5732 σιδηράμφιον

2127 5749 2472 5823 ὑπάρχοντα,
2528 5757 2626 5828 μιᾷ
2679 5756 3028 5826 σφενδονήσει
3074 5755 3225 5810 λίθου
3264 5758 3343 5819 εὶς
3373 5756 3476 5826 γῆν
3504 5759 3708 5833 καταρ-
