4142 6382
366 344 499 403 ιοει

369 465 539 537 ρἀςι,
583 467 677 518 καὶ
712 467 849 536 μετά
889 469 1066 540 βραχὺ
1103 471 1431 539 βασιλεύσει,
1466 477 1559 528 καὶ
1593 475 1764 530 πολλὰ
1815 479 1942 545 περὶ

366 557 531 623 α.ηᾶτοῦ
560 559 940 629 προφητεύσει.
978 563 1410 633 Προεγίνωσκεν,
1441 567 1776 630 ἀποστόλων,
1813 586 1941 638 προ-

370 650 578 719 φητῶν,
612 650 925 721 μαρτύρων,
956 653 1312 719 διδασκάλων,
1354 657 1451 711 καὶ
1473 658 1580 711 τῶν
1610 658 1812 711 λοιπῶν
1844 660 1943 728 τῆς

380 743 705 813 Ἐκκλησίας
741 743 800 807 ἐξ
834 744 1041 798 ἐκείνου
1073 747 1388 815 βλαστάνειν
1426 749 1611 802 θίασον
1634 766 1648 781 ·
1695 750 1788 803 καὶ
1823 767 1946 802 συν-

368 833 552 886 ελόντα
577 832 760 901 φάναι,
790 835 890 889 οὐκ
913 835 1018 888 ἔδει
1045 840 1109 907 τῇ
1142 836 1235 889 τοῦ
1267 838 1385 901 ἐνὸς
1412 838 1634 910 εὐηθείᾳ.
1658 841 1753 893 καὶ
1771 842 1945 911 τροπῇ

371 924 532 975 πᾶσιν
573 922 997 995 ἀποκλεισθῆναι
1048 926 1109 979 τὸ
1161 929 1392 993 στάδιον,
1432 931 1526 987 καὶ
1563 932 1693 993 τοὺς,
1730 929 1947 997 ἀγῶνας

370 1013 684 1159 ἔὸεέεέῆναι,
717 1015 812 1070 καὶ
836 1018 935 1087 τὴν
954 1018 1208 1090 ἀνδρείαν
1231 1020 1520 1091 κροὸἧναι,
1539 1022 1634 1075 καὶ
1665 1022 1853 1091 ἀργεῖν
1881 1020 1948 1074 τά

403 1123 477 1159 πα
545 1124 600 1159 α.

403 1123 600 1163 παυλα.

1736 359 2084 418 DIALOGUS
2157 362 2247 419 ιιι.

3480 369 3624 423 ίθῆ

2048 490 2264 549 pturus,
2298 481 2431 535 etin
2467 483 2780 539 servitutem
2817 486 3144 540 redacturus.
3164 492 3310 538 esset
3344 482 3619 538 Gabaoni-

2049 580 2163 637 las;
2210 573 2356 641 quod
2408 573 2638 631 Davides
2677 586 3139 646 propugnatorem
3189 575 3622 644 alienigenarum

2043 672 2313 716 armatum
2340 663 2639 728 tibialibus,
2668 674 2724 720 et
2751 667 2900 735 galea
2926 666 3176 735 gigantea
3201 663 3619 728 circumdatum,

2045 762 2259 806 scutum
2297 762 2353 807 et
2385 756 2597 809 hastam
2646 757 2958 819 habentem,
3003 765 3177 809 totum
3222 753 3465 822 undique
3510 751 3621 806 fer-

2046 858 2222 908 reum,
2251 844 2402 913 jactu
2440 847 2634 915 lapidis
2663 847 2828 900 unico
2866 861 2931 901 ex
2969 844 3137 899 funda
3182 844 3235 897 in
3269 852 3468 897 terram
3498 856 3622 910 pro-

2053 947 2348 1000 straturus,
2384 949 2437 992 et
2467 940 2629 1008 paulo
2652 948 2776 1009 post
2803 948 3150 1008 regnaturus,
3178 943 3234 991 et
3265 934 3437 988 multa
3467 932 3533 985 de
3566 945 3631 984 se

2051 1027 2451 1083 vaticinaturus
2479 1036 2645 1082 esset.
2688 1026 3195 1097 Praecognoscebat,
3232 1022 3624 1093 apostolorum.

2055 1113 2471 1181 prophetarum,
2510 1122 2837 1185 martyrum,
2868 1113 3157 1168 doctorum
3198 1121 3631 1177 caeterorumque

370 1200 437 1255 ad
464 1200 761 1257 Ecclesiam
817 1204 1206 1273 pertinentium
1245 1221 1309 1262 ex
1358 1207 1456 1262 illo
1505 1209 1945 1276 germinaturum
1983 1220 2204 1259 sacrum
2247 1215 2485 1274 emtum;
2535 1218 2609 1274 et,
2666 1216 2725 1262 ut
2761 1207 2999 1262 breviter
3036 1206 3220 1260 omnia
3256 1205 3457 1266 dicam,
3501 1216 3606 1255 non

372 1294 659 1361 oportebat
694 1304 917 1364 propter
956 1296 1121 1351 unius
1168 1298 1441 1366 ignaviam
1487 1307 1542 1351 et
1585 1297 1950 1354 defectionem
1996 1294 2257 1353 omnibus
2287 1298 2467 1352 claudi
2510 1297 2772 1363 stadium,
2812 1306 2868 1352 et
2897 1297 3111 1351 aboleri
3137 1295 3461 1358 certamina,
3486 1293 3651 1348 fortia

373 1386 729 1459 tudinemque
752 1390 1036 1456 occultari,
1061 1401 1110 1445 et
1135 1391 1381 1446 victoriae
1406 1407 1625 1447 cessare
1651 1392 1894 1462 prannia.

918 1481 1167 1534 ΠΕΥΣΙΣ
1206 1484 1397 1550 Ρκςν.

446 1570 570 1634 Πῶς
602 1569 775 1639 λέγων
793 1573 822 1626 6
841 1572 1053 1644 Σωτὴρ,
1088 1575 1170 1627 ὅτι
1197 1573 1424 1643 ’Ὠσπερ
1456 1576 1489 1628 ό
1513 1573 1717 1642 Πατὴρ
1740 1572 1952 1643 ἐγείρει

376 1661 517 1727 τοὺς
539 1662 794 1729 νεκροὺς
828 1664 928 1717 καί
955 1661 1235 1728 ζωοποιεῖ,
1274 1665 1462 1731 οὕτως
1499 1665 1595 1718 καὶ
1622 1668 1655 1717 ό
1692 1663 1824 1729 Υἱός
1848 1662 1955 1728 οὓς

376 1753 536 1806 θέλει
582 1750 866 1819 ζωοποιεῖ,
918 1754 1089 1808 ἐλθὼν
1136 1755 1230 1808 ἐπὶ
1268 1756 1519 1826 Λαζάρου
1565 1757 1666 1808 οὐκ
1701 1753 1956 1824 αὐθεντίᾳ

376 1841 582 1915 ἐγείρει
633 1843 816 1909 αὐτὸν,
864 1844 1001 1898 ἀλλὰ
1028 1846 1336 1914 παρακαλεῖ
1362 1846 1453 1899 τδν
1487 1846 1727 1917 Πατέρα,
1756 1845 1954 1913 λέγων,

376 1934 589 2002 Πάτερ,
632 1934 900 1999 δόξασόν
936 1951 1052 1989 σου
1081 1934 1191 1989 τὸν
1228 1938 1367 1990 Υίόν
1394 1953 1407 1966 ·
1454 1937 1547 1991 καὶ
1578 1934 1753 2000 οὕτως
1791 1936 1959 2004 φωνεῖ

378 2026 443 2077 ὲκ
469 2023 679 2093 νεκρῶν
715 2025 807 2077 τὸν
835 2025 1117 2095 Λάζαρον;

991 2116 1346 2183 Ἀπόκρισις.

452 2204 617 2258 Οὐδὲν
669 2204 873 2258 τούτων
920 2205 1020 2276 τῆς
1078 2200 1330 2273 ἐξουσίας
1378 2206 1411 2277 ἢ
1462 2204 1754 2269 αὐθεντίας
1798 2204 1960 2258 αὐτὸν

380 2299 712 2369 ἀφαιρεῖται.
748 2296 885 2368 Φησὶ
921 2300 1050 2369 γὰρ,
1089 2297 1192 2351 Διὰ
1235 2296 1342 2351 τὸν
1367 2296 1719 2366 παρεστῶτα
1749 2297 1959 2367 ὄχλον,

381 2385 550 2442 εἷπον
589 2387 692 2440 ἵνα
726 2384 1122 2441 πιστεύσωσι.
1172 2387 1238 2439 Τί
1286 2387 1331 2439 δ’
1366 2388 1562 2456 ἐπάγει
1609 2385 1787 2454 αὖθις,
1830 2388 1965 2441 Ἵνα

386 2479 483 2536 καὶ
513 2482 547 2533 ό
587 2480 717 2545 Υἱός
748 2494 867 2533 σου
891 2477 1126 2548 δοξάσῃ
1174 2494 1284 2541 σε;
1319 2473 1446 2549 'Ap‘
1478 2476 1570 2532 οὖν
1612 2480 1769 2550 δόξης
1815 2480 1965 2551 παρὰ

383 2570 479 2624 τοῦ
506 2570 636 2623 Υίοῢ
664 2571 977 2642 προσδεῖται
1007 2572 1036 2624 6
1068 2572 1294 2642 Πατήρ;
1324 2571 1609 2642 Οὐδαμῶς,
1640 2571 1755 2624 ἀλλ’
1785 2570 1967 2636 ἐδόξα-

385 2682 477 2722 σεν
504 2663 533 2716 6
563 2664 753 2735 Πατὴρ
779 2663 873 2717 τὸν
925 2662 1075 2726 Υίὸν,
1118 2663 1210 2715 καὶ
1240 2664 1269 2716 6
1298 2663 1426 2727 Υἱὸς
1451 2664 1541 2717 τὸν
1575 2664 1794 2734 Πατέρα
1813 2679 1828 2693 ο
1861 2680 1965 2733 φα-

384 2754 667 2827 νεροῦντες
696 2757 829 2826 ἡμῖν
855 2754 916 2807 τὸ
957 2753 1165 2808 ἑαυτῶν
1197 2755 1516 2825 όμόγνωμον
1547 2755 1639 2808 καὶ
1680 2754 1959 2825 ὁμόδοξον.

386 2849 512 2913 Πῶς
567 2848 625 2902 δὲ
663 2848 757 2902 καὶ
797 2847 891 2900 ἐπὶ
932 2846 1041 2899 τῶν
1093 2845 1353 2916 μειζόνων
1404 2846 1679 2900 αὐθεντῶν
1715 2846 1893 2919 πάντη
1938 2849 1968 2902 6

386 2940 533 3003 Υἱὸς,
575 2938 669 2991 ἐπὶ
714 2938 823 2991 τῶν
862 2938 1157 2991 ἐλαττόνων
1196 2938 1296 3008 τῆς
1340 2941 1617 3010 πατρικῆς
1663 2940 1852 3003 δεῖται,
1892 2939 1969 3004 ὡς

387 3034 511 3105 φὴςν
540 3031 842 3103 ἐπιτροπῆς
874 3030 908 3101 ἦ
944 3029 1229 3101 βοηθείας;
1260 3029 1518 3094 Κολάζων
1544 3030 1654 3100 γὰρ
1680 3032 1773 3084 καὶ
1807 3032 1968 3103 εὐερ-

387 3121 579 3191 γετῶν,
612 3120 849 3191 οὐδαμοῦ
892 3120 984 3173 τὸν
1030 3120 1250 3190 Πατέρα
1294 3121 1663 3175 ἐπικαλεῖται·
1704 3121 1882 3175 Δεῦτε
1913 3126 1969 3177 οἱ

385 3214 779 3285 εὐλογημένοι
833 3214 941 3270 τοῦ
993 3215 1226 3281 Πατρός
1265 3233 1416 3283 μου,
1471 3216 1968 3285 κληρονομήσατε

388 3309 503 3377 τὴν
547 3307 995 3376 ἡτοιμασμένην
1040 3306 1186 3376 ὑμῖν
1209 3306 1540 3371 βασιλείαν
1570 3307 1690 3362 ἀπὸ
1723 3310 1971 3362 καταϐο-

389 3397 507 3464 λῆς
542 3397 792 3464 κόσμου.
828 3395 972 3469 Πρὸς
1023 3394 1158 3449 δὲτὸ
1194 3393 1380 3466 ἕτερον
1422 3396 1607 3467 μέρος,
1638 3397 1971 3465 Πορεύεσθε

389 3490 491 3547 ἀπ’
517 3488 683 3558 ἐμοῦ,
719 3490 771 3541 οἱ
811 3485 1225 3555 κατηραμένοι,
1256 3489 1343 3551 εὶς
1373 3486 1438 3541 τὸ
1468 3488 1588 3555 πῦρ
1618 3488 1682 3541 τὸ
1708 3489 1968 3543 αἰώνιον.

393 3581 483 3650 Τῷ
534 3578 827 3648 παραλύτῳ
880 3578 1066 3647 φησὶν,
1138 3579 1432 3647 Ἐγερθεὶς
1489 3572 1639 3647 ἆρόν
1688 3595 1805 3635 σου
1863 3580 1974 3635 τὸν

393 3672 745 3741 κράϐϐατον,
789 3669 887 3723 καὶ
932 3670 1124 3739 ὕπαγε
1166 3672 1254 3739 εὶς
1294 3670 1402 3725 τὸν
1430 3668 1598 3726 οἶκόν
1628 3686 1765 3727 σου.
1821 3673 1973 3727 Ἑτέ-

399 3762 532 3836 ρωθι
562 3760 745 3823 πάλιν,
778 3760 881 3813 Σοὶ
925 3758 1103 3828 λέγω,
1130 3761 1440 3823 νεανίσκε,
1468 3762 1738 3832 ἐγέρθητι
1780 3764 1850 3818 ἐκ
1879 3781 1974 3818 νε-

396 3852 576 3925 κρῶν.
618 3852 892 3916 Ὡσαύτως
908 3854 975 3924 τῇ
999 3851 1231 3924 θυγατρ)⁸
1265 3853 1361 3906 τοῦ
1398 3856 1847 3925 ἀρχισυναγώγου
1879 3856 1975 3909 θα-

395 3945 562 4019 νούσῃ
588 3945 740 4016 φησὶ,
788 3943 858 3999 Τό
884 3943 1191 4015 κοράσιον,
1224 3945 1519 4014 ἀνάστηθι
1538 3962 1553 3979 ·
1582 3946 1660 4017 τῷ
1696 3947 1754 4000 δὲ
1790 3947 1975 4018 λεπρῷ

396 4037 504 4097 ἀπὸ
547 4035 791 4105 κορυφῆς
847 4034 1009 4105 μέχρι
1053 4034 1229 4088 ποδῶν
1274 4036 1683 4109 καθηλκωμένῳ
1730 4038 1976 4103 ἐκτείνας

398 4128 496 4203 τὴν
556 4128 730 4197 χεῖρα,
769 4126 923 4194 φησὶ,
978 4126 1160 4189 Θέλω,
1206 4130 1631 4196 καθαρίσθητιο
1683 4131 1777 4184 καί
1821 4127 1977 4196 αὖθις

396 4219 460 4273 τὸ
485 4217 654 4280 πάθος
688 4216 1011 4289 δραπετεύει
1040 4216 1372 4284 φυγαδευθὲν
1410 4217 1487 4288 τῷ
1516 4219 1643 4290 Οείῳ
1686 4219 1973 4292 θελήματι.

413 4308 708 4381 Ἐπιτιμῶν
724 4309 782 4369 δέ
800 4326 955 4380 φησι,
980 4309 1085 4366 Σοὶ
1110 4308 1283 4378 λέγω,
1306 4309 1387 4375 τῷ
1406 4313 1650 4381 πονηρῷ
1669 4313 1973 4383 δαιμονίῳ,

400 4402 611 4466 ἔξελθε
656 4402 758 4455 ἀπ’
813 4399 1023 4454 αὑτοῦ.
1074 4402 1440 4455 Καταστέλ).ει
1507 4405 1670 4462 πάλιν
1719 4407 1977 4477 ἐπιτιμίῳ

403 4492 812 4563 κορυφουμένην
857 4492 959 4562 τὴν
1006 4491 1273 4545 ἄϐυσσονο
1328 4495 1657 4567 αὐτάνδρους
1699 4497 1757 4550 δὲ
1795 4498 1978 4562 πόλεις

403 4584 765 4653 κατακρίνωνς
791 4585 906 4653 μετ’
923 4583 1168 4648 ἐξουσίας
1188 4585 1369 4659 φησὶν,
1393 4588 1540 4640 Οὐαί
1560 4604 1679 4651 σοι,
1697 4589 1975 4657 Χωραζὶν,

404 4677 538 4730 οὐαί
572 4693 691 4739 σοι,
726 4675 1055 4744 Βηθσαϊδᾶ,
1086 4677 1186 4730 καὶ
1219 4677 1323 4738 σὺ,
1352 4680 1765 4750 Καπερναοὺμ,
1793 4685 1829 4751 ὴ
1867 4682 1977 4749 ἕως

404 4767 663 4834 οὐρανοῦ
697 4768 1024 4835 ὐψωθεῖσα,
1055 4766 1166 4833 ἕως
1196 4767 1343 4833 ᾅδου
1376 4771 1708 4843 καταϐήσῃ.
1731 4774 1840 4827 Καὶ
1878 4776 1978 4844 τὴν

408 4859 639 4912 παλαιάν
669 4858 946 4928 καθαιρῶν
982 4859 1352 4930 Ἰερουσαλὴμ,
1381 4863 1562 4932 φησὶν,
1586 4866 1668 4916 Οὺ
1687 4864 1773 4932 μὴ
1796 4866 1977 4935 μείνῃ

406 4954 576 5017 λίθος
605 4951 704 5005 ἐπὶ
738 4952 913 5005 ,λίθον
940 4952 1030 5003 ἐπ’
1056 4952 1231 5020 αὐτῇ,
1262 4954 1399 5024 ὅπερ
1426 4955 1713 5025 γενόμενον
1741 4958 1977 5028 ὁρῶμεν.

410 5044 533 5106 Πῶς
562 5038 653 5097 οὖν
680 5043 773 5094 ἐπὶ
794 5041 998 5095 τούτων
1028 5041 1134 5095 τῶν
1178 5045 1438 5112 μειζόνων
1464 5045 1710 5116 μηδαμοῦ
1739 5047 1830 5100 τὸν
1864 5050 1979 5101 Πα-

408 5136 542 5205 τέρα
604 5133 1087 5202 ἐπικαλεσάμενος,
1139 5134 1172 5203 ἥ
1221 5135 1317 5204 τῆς
1365 5136 1492 5204 παρ’
1546 5138 1753 5191 ἐκείνου
1800 5139 1982 5210 ἰσχύος

409 5229 681 5298 δεόμενος,
722 5225 827 5278 ὑπὸ
852 5225 960 5277 τῶν
992 5225 1290 5279 ἐλαττόνων
1324 5228 1590 5298 πατρόθεν
1622 5228 1721 5291 τὰς
1762 5231 1984 5301 εὐεργε-

413 5322 533 5383 σίας
566 5318 939 5388 δανειζόμενος
968 5317 1092 5380 τοὺς
1126 5318 1433 5387 κάμνοντας
1470 5320 1721 5383 άκέεταις
1770 5322 1985 5390 Ἀπαγε

411 5408 526 5473 οὖν,
560 5411 876 5477 ἁξιάγαστε,
907 5410 1005 5479 τῆς
1036 5408 1290 5476 τοιαύτης
1327 5410 1456 5479 περ).
1489 5410 1721 5479 Χριστοῦ
1757 5412 1981 5476 ἐννοίας.

414 5505 488 5557 Οὐ
523 5504 631 5574 γὰρ
661 5502 782 5555 καθ’
815 5501 1105 5573 ὑστέρησιν
1139 5500 1425 5565 αὐθεντίας
1464 5502 1497 5572 ἢ
1544 5504 1731 5573 ῥώμης
1782 5505 1840 5559 ἐν
1875 5523 1984 5560 τισι

486 5662 531 5692 ⁸⁸
573 5659 730 5716 Joan.
770 5678 823 5720 v.
865 5660 953 5713 Ἡ.
1028 5659 1073 5690 ⁸⁸
1110 5657 1266 5713 Joan.
1302 5675 1381 5722 ιι,
1418 5660 1505 5714 ιι.
1582 5661 1626 5692 ⁸⁸
1664 5660 1819 5716 Joan.
1864 5678 1939 5728 χι,
1980 5661 2069 5715 42.

2447 1475 2648 1530 INTER
2660 1474 2964 1530 ROGATIO.
2998 1472 3230 1527 CXXVI.

2130 1567 2233 1635 Qui
2267 1568 2325 1623 Iit
2355 1575 2415 1621 ut
2445 1562 2569 1620 eum
2601 1565 2749 1620 dicat
2794 1564 3073 1626 Servator,
3116 1563 3262 1633 quod
3297 1560 3635 1631 quemadmo-

2060 1662 2185 1713 dum
2206 1660 2371 1715 Pater
2394 1658 2591 1712 excitat
2636 1666 2868 1710 mortuos
2899 1669 2947 1711 et
2979 1656 3231 1725 viviﬁcat,
3268 1655 3343 1707 sic
3365 1664 3413 1706 et
3456 1649 3632 1706 Filius

2059 1768 2191 1822 quos
2217 1750 2327 1805 vult
2358 1751 2588 1819 uiviﬁcat
2613 1750 2692 1815 “;
2730 1749 2794 1802 ad
2829 1748 3094 1803 Lazarum
3126 1747 3373 1811 veniens,
3406 1761 3512 1799 non
3542 1761 3637 1799 ex-

2061 1847 2191 1900 citet
2219 1845 2397 1913 ipsum
2433 1850 2701 1913 potestate
2736 1841 2980 1910 propria,
3021 1838 3115 1895 sed
3151 1838 3365 1893 invocet
3394 1835 3634 1900 Patrem,

2061 1938 2287 1993 dicens:
2325 1936 2507 2000 Pater,
2547 1933 2793 2005 gloriﬁca
2826 1931 3031 1986 Filium
3063 1940 3211 1985 tuum
3232 1930 3298 1996 υ,
3331 1930 3515 1999 sicque
3549 1944 3636 1983 re-

2063 2039 2217 2086 vocet
2243 2045 2311 2084 ex
2345 2026 2581 2082 mortuis
2608 2024 2875 2079 Lazarum
2899 2024 2922 2076 ?

2690 2114 2998 2183 Responsio.

2131 2209 2277 2264 Nihil
2306 2210 2505 2263 horum
2535 2206 2642 2277 ipsi
2672 2206 2973 2276 quidquam
3004 2202 3291 2272 potestatis
3332 2200 3411 2255 vel
3449 2209 3651 2253 aucto-.

2062 2304 2239 2359 ritatis
2278 2301 2491 2356 adimit.
2534 2299 2715 2369 lnquit
2741 2298 2891 2352 enim
2928 2315 2942 2350 :
2977 2295 3203 2364 Propter
3233 2302 3497 2347 astantem
3531 2300 3643 2344 tur-

2063 2397 2183 2451 bam
2232 2395 2370 2458 dixi,
2406 2402 2464 2446 ut
2497 2392 2715 2446 credant
2746 2390 2810 2442 “.
2841 2388 2983 2455 Quid
3011 2403 3139 2441 vero
3172 2400 3366 2440 rursus
3414 2381 3671 2453 subjun-y

2063 2486 2165 2557 git,
2201 2483 2267 2538 Ut
2292 2493 2342 2538 et
2374 2482 2549 2537 Filius
2582 2493 2629 2536 te
2680 2481 2981 2551 gloriﬁcet?
3012 2475 3269 2546 Nunquid
3304 2476 3469 2546 igitur
3505 2472 3647 2527 indi-

2065 2585 2154 2646 get
2183 2574 2380 2646 gloria,
2423 2587 2589 2643 quam
2634 2580 3006 2639 consequatur
3048 2582 3079 2621 a
3113 2567 3272 2632 Filio,
3310 2564 3509 2619 Pater?
3542 2561 3648 2617 Ne-

2065 2681 2364 2737 quaquam.
2398 2663 2505 2717 Sed
2549 2660 2874 2733 glorilicavit
2920 2657 3077 2715 Pater
3106 2657 3331 2719 Filium,
3377 2665 3433 2710 et
3476 2654 3652 2711 Filius

2068 2757 2306 2821 Patrem,
2352 2754 2772 2809 manifestantes
2822 2751 2982 2806 nobis
3032 2764 3192 2804 suum
3229 2763 3558 2804 consensum
3595 2756 3651 2802 et

2065 2850 2435 2921 aequalitatem
2470 2846 2677 2917 gloriae.
2725 2842 3015 2909 Quomodo
3061 2856 3189 2896 vero
3241 2840 3298 2895 in
3347 2839 3650 2910 majoribus

2067 2958 2296 3013 prorsus
2342 2938 2669 2994 auctoritate
2724 2950 2823 2989 sua
2859 2933 3069 2987 faciens
3120 2932 3302 2988 omnia
3350 2931 3544 2996 Filius,
3594 2930 3651 2984 in

2069 3034 2378 3089 minoribus
2407 3037 2633 3100 paterna
2672 3025 2900 3097 indiget,
2941 3035 3001 3079 ut
3030 3024 3136 3089 ais,
3174 3023 3537 3094 permissione
3566 3021 3653 3075 vel

2072 3127 2318 3183 auxilio?
2341 3124 2585 3179 Puniens
2612 3121 2758 3175 enim
2789 3128 2845 3173 et
2876 3118 3225 3172 benefaciens
3254 3132 3522 3185 nusquam
3548 3113 3654 3169 Pa-

2077 3232 2215 3277 trem
2249 3219 2484 3273 invocat.
2533 3213 2692 3279 Nam,
2741 3210 2938 3273 Venite,
2978 3210 3175 3279 inquit,
3229 3208 3484 3262 benedicti
3543 3206 3655 3259 Pa-

2073 3316 2173 3369 tris
2201 3311 2326 3377 mei,
2353 3308 2614 3379 possidete
2643 3314 2892 3375 paratum
2919 3301 3064 3356 vobis
3097 3316 3314 3370 regnum
3344 3299 3465 3352 inde
3492 3312 3656 3366 usque

2072 3405 2137 3460 ab
2168 3405 2333 3474 jactis
2376 3402 2735 3472 fundamentis
2775 3399 2961 3451 mundi
2986 3397 3054 3450 “.
3088 3395 3169 3449 Ad
3206 3395 3434 3448 alteram
3471 3402 3654 3446 autem

2073 3508 2309 3568 partem,
2340 3493 2604 3548 Discedite
2634 3509 2669 3545 a
2715 3509 2819 3560 me,
2849 3490 3143 3551 maledicti,
3187 3489 3239 3539 in
3284 3486 3455 3555 ignem
3501 3493 3656 3537 teter—

2074 3605 2200 3643 num
2220 3588 2285 3639 ⁴⁶.
2331 3584 2411 3639 Ad
2449 3583 2810 3654 paralyticum
2859 3580 3073 3650 inquit;
3122 3576 3310 3646 Surge,
3355 3573 3478 3628 tolle
3508 3585 3654 3626 tuum

2074 3680 2411 3750 grabbatum,
2441 3687 2490 3729 et
2524 3675 2611 3729 abi
2634 3676 2692 3729 in
2721 3676 2938 3727 domum
2974 3682 3121 3725 tuam
3144 3670 3211 3722 ".
3242 3666 3386 3721 Alibi
3416 3680 3610 3719 rursus
3636 3682 3651 3719 :

2078 3770 2197 3825 Tibi
2220 3771 2358 3836 dico,
2402 3769 2725 3832 adolescens,
2757 3781 2911 3835 surge
2936 3779 3000 3817 ea:
3036 3762 3260 3815 mortuis
3282 3761 3349 3812 ⁸⁸.
3387 3758 3655 3813 Similiter

2076 3872 2130 3917 et
2154 3861 2276 3915 tiliae
2301 3858 2566 3929 principis
2597 3871 2888 3926 synagoga:
2912 3852 3183 3908 defuncta
3207 3851 3417 3920 inquit:
3440 3847 3652 3910 Puella,

2075 3969 2230 4023 surge
2252 3952 2317 4003 ⁸⁸.
2344 3949 2583 4020 Leproso
2605 3959 2787 4001 autem
2810 3963 2841 4000 a
2866 3947 3070 4000 vertice
3095 3944 3161 3999 ad
3186 3943 3347 4012 pedes
3373 3956 3547 4009 usque
3570 3939 3653 3992 ul-

2077 4046 2295 4101 ceribus
2326 4044 2503 4114 pleno,
2536 4049 2757 4095 extenta
2786 4054 2975 4101 manu,
3016 4035 3168 4100 Volo,
3193 4034 3390 4103 inquit,
3426 4031 3653 4085 mundus

2076 4147 2187 4194 esto
2208 4138 2255 4169 ⁸ο
2292 4155 2306 4190 :
2334 4136 2424 4189 ubi
2456 4132 2661 4188 recedit
2700 4130 2948 4193 morbus,
2978 4128 3160 4182 divina
3190 4126 3469 4182 voluntate
3499 4121 3654 4192 fuga-

2078 4239 2183 4284 tus.
2214 4228 2352 4283 Cum
2386 4225 2755 4295 increpatione
2785 4224 2911 4276 item
2938 4220 3118 4289 inquit
3148 4238 3161 4273 :
3193 4217 3309 4271 Tibi
3334 4218 3477 4283 dico,
3513 4216 3651 4268 malo

2078 4320 2327 4383 dwmoni,
2369 4319 2455 4371 exi
2504 4319 2567 4370 ab
2610 4333 2668 4369 eo
2686 4316 2754 4369 5‘.
2795 4313 3027 4367 Cohibet
3069 4310 3232 4366 etiam
3281 4307 3652 4376 increpatione

2080 4414 2341 4468 tumidam
2371 4412 2649 4482 abyssum.
2678 4407 2745 4462 Et
2764 4422 2887 4462 cum
2911 4405 3045 4459 viris
3070 4404 3233 4458 urbes
3256 4401 3650 4464 condemnatis,

2080 4518 2204 4556 cum
2246 4510 2511 4572 potestate
2545 4500 2766 4569 inquit:
2805 4496 2892 4551 Va:
2931 4496 3047 4559 tibi,
3099 4494 3387 4557 Chorazin,
3428 4510 3504 4547 va:
3536 4493 3650 4557 tibi,

2083 4594 2411 4655 Bethsaida;
2461 4602 2509 4646 et
2555 4601 2634 4657 tu,
2687 4590 3046 4659 Capernaum,
3089 4603 3207 4658 qua:
3245 4603 3297 4639 es
3349 4585 3405 4638 in
3464 4583 3653 4637 cwlum

2083 4703 2245 4757 usque
2292 4685 2552 4749 multata,
2609 4698 2771 4753 usque
2824 4682 2893 4734 ad
2927 4680 3123 4748 inferos
3162 4677 3438 4731 descendas
3463 4676 3527 4727 ⁵³.
3587 4673 3654 4726 Et

2083 4785 2321 4831 veterem
2346 4775 2539 4829 tollens
2556 4772 3011 4841 Iliernsolymam,
3040 4770 3215 4838 inquit
3239 4789 3252 4822 :
3276 4766 3399 4819 Non
3423 4766 3652 4819 manebit

2084 4869 2139 4921 in
2155 4884 2216 4921 ea
2240 4866 2376 4935 lapis
2404 4881 2558 4934 super
2580 4864 2754 4933 lapide
2772 4863 2838 4915 ⁵³.
2873 4862 2928 4915 Id
2954 4864 3099 4931 quod
3128 4860 3330 4913 factum
3354 4858 3650 4912 cernimus.

2083 4959 2368 5027 Quomodo
2396 4958 2561 5027 igitur
2601 4958 2652 5008 in
2699 4955 2999 5024 majoribus
3036 4951 3157 5007 istis
3192 4965 3459 5019 nusquam
3497 4950 3653 5003 invo-

2085 5061 2207 5107 cato
2238 5050 2416 5113 Patre,
2467 5059 2558 5102 aut
2611 5047 2858 5116 indigens
2905 5046 2973 5099 ab
3010 5046 3128 5113 ipso
3175 5045 3388 5099 collatis
3415 5043 3649 5108 viribus,

2086 5144 2139 5197 in
2182 5142 2485 5196 minoribus
2530 5156 2561 5192 a
2604 5137 2765 5192 Patre
2815 5137 3072 5191 beneﬁcia
3114 5136 3272 5205 quasi
3319 5142 3509 5187 mutuo
3550 5149 3648 5188 su-

2088 5250 2264 5296 mens,
2297 5232 2543 5286 medetur
2576 5228 2985 5283 laborantibus?
3022 5227 3179 5280 Absit
3208 5226 3373 5294 igitur
3402 5225 3590 5295 procul
3617 5238 3649 5277 a

2088 5332 2163 5385 te,
2226 5338 2260 5376 o
2312 5318 2745 5390 praeclarissime,
2797 5318 2920 5370 talis
2962 5315 3030 5369 de
3080 5316 3296 5370 Christo
3350 5316 3647 5384 cogitatio!

2090 5413 2210 5467 Non
2240 5412 2384 5466 enim
2416 5410 2713 5469 secundum
2748 5406 3022 5461 defectum
3065 5405 3406 5459 auctoritatis
3439 5415 3535 5459 aut
3567 5420 3656 5457 ro-

2090 5506 2241 5562 boris
2295 5505 2351 5559 in
2400 5500 2727 5574 quibusdam
2774 5499 2909 5555 locis
2956 5498 3171 5554 Patrem
3207 5498 3522 5568 alloquitur,
3561 5496 3657 5551 sed

2144 5662 2189 5693 ⁸⁵
2226 5659 2413 5714 Mallh.
2452 5676 2578 5721 xxv,
2613 5658 2702 5713 Si.
2782 5657 2827 5688 ’⁵⁸
2868 5652 3110 5711 ibidJil.
3188 5654 3231 5685 ⁸⁷
3270 5653 3458 5707 Matth.
3500 5670 3571 5717 Ix,
3602 5655 3654 5707 6.

417 5729 464 5761 ⁸⁸
504 5730 636 5784 Luc.
678 5748 771 5797 vn,
815 5730 899 5783 Μ.
976 5731 1020 5762 δ’
1060 5732 1193 5783 Luc.
1238 5746 1355 5793 vm,
1398 5731 1449 5785 5.
1529 5733 1572 5762 ‘0
1618 5732 1805 5787 Matth.
1848 5724 1965 5800 vui,
2005 5734 2072 5800 Ξ,
2101 5731 2269 5790 Marc.
2298 5733 2460 5798 1,“;
2503 5732 2634 5786 Luc.
2666 5728 2828 5794 v,l3.
2904 5729 2946 5761 ⁵¹
2990 5727 3153 5783 Marc.
3193 5739 3232 5790 ι,
3272 5725 3361 5778 ‘25.
3436 5726 3484 5757 ⁵⁸
3521 5724 3654 5779 Luo.

421 5816 476 5866 δ,
508 5802 593 5866 l5,
639 5803 723 5857 l5.
798 5803 846 5834 ⁵³
885 5801 1017 5857 Luc.
1062 5817 1177 5867 χιχ,
1213 5800 1300 5859 Η.
