4142 6382
311 501 523 574 ηγορῶν
572 497 753 570 φαίνει
803 497 998 570 λέγων,
1042 499 1182 554 Ὅτι.
1229 497 1376 564 Θεὸς
1419 494 1501 569 ἦν
1546 497 1613 554 ἐν
1641 499 1904 567 Χριστῷι

311 599 540 663 κόσμον
565 590 757 656 ἑαυτῷ
785 591 1232 650 καταλλάσσων
1250 607 1265 623 ο
1300 591 1399 662 οὐχ
1437 593 1467 648 6
1491 591 1745 662 Χριστὸς,
1779 590 1897 648 ἀλλ’

311 688 335 740 3
362 686 589 752 ενοικῶν
622 683 774 755 αὺτῷ
805 683 957 748 Θεός.

929 777 1291 847 Ἀπόκρισις.

380 870 570 940 Πὰσης
613 869 916 942 ὑπέρτερον
961 869 1247 940 δυνάμεως
1274 870 1369 925 καὶ
1417 868 1760 941 κυριότητος,
1795 869 1900 922 ἰσο-

311 962 440 1033 ιιλεῆ
474 962 602 1015 ὄντα
626 961 703 1032 τῷ
743 962 864 1032 Θεῴ
889 961 985 1016 καὶ
1041 963 1221 1034 Πατρὶ
1254 961 1430 1032 ἔγωγέ
1457 979 1600 1034 φημι
1641 961 1732 1015 τὸν
1768 959 1904 1014 Θεὸν

313 1054 566 1126 Χριστόν.
620 1054 754 1110 Ούδὲ
795 1054 906 1126 γὰρ
942 1055 1004 1107 τὸ
1049 1053 1253 1125 Κύριον
1297 1054 1549 1126 εἰρῆσθαι
1588 1053 1749 1106 αὐτὸν
1792 1051 1902 1106 ὑπὸ

310 1146 406 1200 τοῦ
434 1147 640 1218 ὑψηλοῦ
674 1147 1022 1212 Ἀποστόλου,
1051 1149 1370 1220 ἀφαιρεῖται
1401 1147 1568 1202 αὑτὸν
1584 1147 1686 1216 τῆς
1715 1145 1904 1216 θεότη-

311 1255 420 1303 τος.
456 1241 579 1293 Οὐδ’
604 1235 672 1294 αὖ
703 1241 867 1294 πάλιν
894 1240 957 1294 τὸ
987 1243 1154 1307 Θεὸς,
1190 1243 1248 1294 ὲν
1267 1239 1490 1313 Χριστῷ
1525 1237 1904 1308 ὲνοικούμενον

312 1332 472 1388 αὐτὸν
499 1332 768 1386 δείκνυσιν
789 1349 804 1362 ο
839 1331 916 1396 ὥς
945 1350 1010 1402 γε
1049 1333 1110 1398 ἐξ
1143 1333 1309 1388 αὑτοῦ
1333 1332 1524 1387 τούτου
1552 1333 1647 1387 καὶ
1673 1330 1768 1384 τοῦ
1796 1328 1903 1400 πρὸ

314 1422 480 1476 αὑτοῦ
537 1422 747 1494 ὑψηλοῦ
813 1424 1040 1478 Ἦσαῖου
1087 1423 1477 1495 παιδευόμεθα.
1542 1426 1600 1477 '0
1656 1422 1754 1494 μὲν
1795 1419 1905 1492 γὰρ

313 1511 480 1564 πάλαι
525 1511 890 1584 προφητεύων
929 1515 1060 1585 περὶ
1103 1513 1342 1586 Χριστοῦ
1375 1531 1529 1584 φησι,
1565 1514 1676 1566 Καὶ
1707 1513 1760 1565 οι
1799 1514 1905 1570 Σε-

321 1605 474 1673 ϐωῒμ
504 1603 723 1672 ἄνδρες
746 1605 975 1673 ὑψηλοὶ
991 1606 1090 1658 ἐπὶ
1118 1605 1194 1659 σὲ
1220 1605 1632 1672 διαϐήσονται,
1659 1601 1761 1656 καὶ
1789 1599 1905 1658 σοῦ

312 1695 558 1749 ἔσονται
607 1693 836 1762 δοῦλοι,
873 1697 973 1750 καὶ
1013 1698 1208 1752 ὀπίσω
1239 1714 1356 1752 σου
1390 1695 1907 1764 ἀκολουθήσουσι,

314 1785 622 1856 δεδεμένοι
651 1787 1046 1856 χειροπέδαις,
1081 1788 1170 1842 ὅτι
1193 1789 1264 1842 ἐν
1300 1789 1399 1843 σοὶ
1427 1789 1571 1854 Θεός
1604 1787 1755 1840 ἐστι.
1797 1784 1909 1838 Καὶ

314 1878 556 1952 ὸναιρῶν
601 1879 700 1950 τὴν
731 1880 873 1934 κατὰ
909 1881 968 1934 σὲ
1008 1882 1302 1953 ἐνοίκησιν,
1338 1877 1492 1945 αὖθις
1539 1880 1757 1949 ἐπάγει,
1789 1878 1900 1933 Καὶ

317 1973 462 2040 Θεὸς
491 1976 604 2028 οὐκ
631 1975 764 2029 ἔστι
793 1975 963 2045 πλὴν
1000 1976 1147 2031 σοῦ·
1180 1977 1264 2030 σὺ
1292 1975 1404 2047 γὰρ
1448 1973 1506 2031 εἷ
1537 1975 1679 2042 Θεὸς
1711 1973 1902 2046 ἡμῶν.

316 2066 417 2120 καὶ
439 2069 552 2122 οὐκ
576 2068 840 2138 ᾔδειμεν,
871 2072 903 2123 ὁ
932 2069 1077 2137 Θεὸς
1104 2071 1212 2124 τοῦ
1252 2069 1500 2138 Ἰσραὴλ
1531 2067 1750 2136 σωτήρ.
1795 2065 1907 2119 Καὶ

316 2161 478 2215 πάλιν
510 2162 539 2214 6
572 2161 733 2224 αὐτὸς
767 2162 1056 2232 προφήτης
1100 2161 1400 2232 ἡδει¹ὲτῶν
1444 2177 1600 2231 φησι,
1659 2157 1908 2212 Παιδίον

314 2253 610 2327 ἐγεννήθη
637 2252 803 2322 ἡμῖν,
828 2253 926 2307 καὶ
956 2252 1224 2307 καλεῖται
1247 2253 1312 2307 τὸ
1339 2253 1526 2322 ὄνομα
1553 2253 1739 2308 αὐτοῦ
1763 2252 1907 2320 Θεὸς

321 2344 596 2417 ἰσχυρὸς,
630 2344 1061 2413 ἑξουσιαστής.
1115 2344 1173 2399 '0
1213 2346 1270 2398 δὲ
1303 2346 1504 2416 ὑψηλὸς
1537 2345 1633 2417 τὴν
1670 2345 1908 2404 διάνοιαν

319 2435 534 2499 Παῢλός
571 2453 730 2508 φησι,
779 2437 1036 2505 Χριστὸς
1067 2438 1153 2492 ὢν
1184 2438 1284 2491 ἐπὶ
1325 2437 1568 2492 πάντων
1602 2438 1766 2506 Θεὸς,
1807 2441 1908 2492 εὑ-

319 2529 579 2598 λογητός
618 2533 706 2596 εὶς
742 2530 878 2596 τοὺς
925 2529 1168 2596 αἰῶνας,
1208 2531 1390 2601 ἀμήν.
1439 2532 1513 2584 Τὸ
1549 2531 1626 2595 δὲ,
1671 2533 1913 2600 Κύριος,

325 2618 652 2692 ἱεροψάλτης
689 2621 932 2675 δείκνυσι
975 2622 1164 2687 Δαδὶδ,
1219 2623 1295 2694 μὴ
1342 2622 1448 2688 ἔξω
1493 2623 1760 2694 ὑπάρχειν
1811 2624 1910 2692 τῆς

320 2711 592 2783 θεότητος.
644 2714 755 2785 Τὴν
797 2713 906 2785 γὰρ
951 2713 1271 2786 θεανδρικὴν
1300 2714 1398 2767 τοῦ
1439 2713 1578 2767 Θεοῦ
1617 2715 1709 2767 καὶ
1735 2713 1910 2781 Λόγου

322 2803 588 2875 ἔνσαρκον
619 2804 965 2876 ἑπιφοίτησιν
1012 2804 1378 2876 προμελῳδῶν
1415 2821 1601 2874 φησιν,
1637 2805 1910 2871 Εὐλογητ-

317 2894 502 2965 μένος
534 2899 566 2950 ό
601 2895 927 2966 ἐρχόμενος
953 2896 1024 2955 ἐν
1063 2897 1307 2970 ὀνόματι
1341 2897 1584 2964 Κυρίου,
1621 2893 1765 2960 Θεὸς
1792 2895 1910 2947 K15-

317 2984 468 3052 ρίος,
537 2985 636 3040 καὶ
692 2983 964 3054 ἐπεφάνη
1027 2967 1193 3055 ἡμῖν.
1239 2986 1421 3057 Πάντη
1475 2986 1532 3038 δὲ
1581 2988 1646 3056 τῇ
1699 2984 1913 3055 Παλαιᾷ

324 3080 510 3148 Πυκτῇ
549 3077 641 3129 τὸν
686 3077 907 3141 Πατέρα
956 3075 1161 3148 Κύριον
1207 3078 1255 3132 οἱ
1306 3075 1588 3130 θεσπέσιοι
1632 3074 1912 3147 προφῆται

323 3185 523 3240 φασιν·
579 3170 809 3234 Ἡσαΐας
869 3169 968 3240 μὲν
1019 3168 1242 3239 ὑψηλὸς,
1292 3167 1435 3222 Τόδε
1485 3166 1646 3237 λέγει
1696 3169 1913 3234 Κύριος

323 3263 586 3317 Σαϐαὼθ.
641 3261 915 3334 Ἱερεμίας
947 3261 1005 3315 δὲ
1031 3264 1060 3316 6
1105 3262 1508 3328 πολυκινδυνος,
1566 3259 1711 3314 Τάδε
1749 3259 1912 3330 λέγει

323 3357 539 3424 Κύριος
568 3353 1018 3422 παντοκράτωρ.
1064 3353 1323 3425 Ἰεζεκιὴλ
1356 3354 1413 3406 δὲ
1450 3353 1479 3404 6
1502 3353 1609 3406 τῶν
1633 3351 1915 3423 Χερουϐὶμ

327 3447 633 3518 ἐξηγητὴς,
692 3445 842 3500 Τάδε
887 3445 1050 3515 λέγει
1092 3447 1305 3514 Κύριος
1367 3445 1635 3504 Ἀδωγαῖ.
1691 3443 1912 3515 Κύριος,

325 3539 526 3610 ὁμοίως
546 3539 640 3592 καὶ
669 3537 866 3608 Δανιὴλ
892 3538 986 3590 καὶ
1015 3539 1065 3589 oi
1093 3537 1270 3592 λοιποὶ
1298 3536 1408 3590 τών
1434 3535 1748 3609 προφητῶν.
1782 3535 1914 3590 Οὐδὲ

327 3631 436 3702 γὰρ
458 3629 670 3692 Παῦλος
696 3629 940 3698 φάσκων,
982 3624 1089 3694 Εἷς
1122 3628 1266 3694 Θεὸς
1299 3632 1332 3682 ὁ
1353 3629 1580 3697 Πατὴρ,
1612 3628 1716 3692 ἔξω
1755 3628 1915 3682 αὐτὸν

327 3721 425 3790 τῆς
457 3719 778 3791 κυριότητος
812 3717 1047 3789 τίθησιν,
1087 3717 1119 3788 ἢ
1157 3718 1320 3774 πάλιν
1357 3717 1549 3786 λέγων,
1581 3713 1670 3783 εἷς
1700 3718 1916 3785 Κύριος

343 3811 584 3877 Ἰησοῦς
602 3808 881 3878 Χριστὸς,
907 3809 1010 3873 ἔξω
1031 3809 1192 3862 αὐτὸν
1221 3809 1322 3879 τῆς
1353 3811 1602 3880 θεότητος
1621 3810 1912 3864 δείκνυσιν.

330 3903 452 3956 Οὐδ’
464 3897 532 3955 αὖ
552 3901 713 3956 πάλιν
742 3901 1020 3973 θεηγορῶν
1044 3901 1072 3952 6
1089 3901 1236 3966 Υἱὸς,
1267 3902 1397 3957 Ἐπὶ
1421 3900 1496 3974 τῇ
1523 3901 1710 3970 πέτρᾳ
1727 3905 1914 3972 ταύτῃ

330 3994 705 4064 οἰκοδομήσω
741 4012 861 4063 μου
908 3992 1023 4063 τὴν
1087 3994 1486 4062 Ἐκκλησίαν,
1538 3993 1766 4067 ἄμοιρον
1817 3995 1916 4066 τῆς

343 4086 668 4157 Ἐκκλησῐας
707 4087 800 4139 τὸν
831 4086 1056 4156 Πατέρα
1095 4086 1390 4142 δείκνυσιν.
1444 4087 1650 4142 Πάντα
1695 4088 1804 4160 γὰρ
1843 4088 1918 4143 τὰ

328 4178 462 4247 ἐμὰ,
492 4178 648 4250 φησὶ,
682 4177 765 4232 σά
797 4178 952 4242 ἐστι,
987 4179 1189 4250 Πάτερ,
1219 4180 1319 4234 καὶ
1347 4179 1419 4234 τὰ
1445 4179 1528 4234 σὰ
1566 4179 1696 4250 ἐμά.
1731 4182 1916 4253 Πάντη

329 4269 386 4322 δὲ
419 4272 486 4340 τῇ
520 4265 642 4341 θείᾳ.
682 4270 866 4340 Πυκτῇ
911 4269 974 4322 τὸ
1020 4271 1164 4337 Θεὸς
1209 4271 1301 4326 καὶ
1337 4271 1398 4325 τὸ
1441 4273 1652 4342 Κύριος
1685 4275 1914 4346 ἥνωται.

333 4360 698 4432 Ταυτώνυμον
724 4361 780 4413 δὲ
820 4361 915 4416 καὶ
937 4362 1252 4428 ταυτόδοξον
1281 4364 1546 4436 ὑπάρχειν
1575 4366 1752 4420 καὶτὸ
1772 4366 1916 4421 θεῖον

330 4454 427 4506 καὶ
472 4453 740 4522 πανάγιον
787 4452 1047 4524 Πνεῦμα,
1099 4457 1191 4510 καὶ
1233 4456 1331 4514 τοῦ,
1379 4457 1527 4527 ἱεροῦ
1589 4459 1918 4512 Ἀποστόλου

333 4544 701 4615 παιδευόμεθα
767 4545 1206 4612 ἐπιστέλλοντος·
1286 4549 1349 4602 '0
1411 4551 1520 4626 γὰρ
1578 4552 1797 4620 Κύριος
1847 4551 1914 4606 τὸ

331 4637 570 4706 πνεῦμά
621 4638 772 4691 ἐστι.
808 4639 932 4703 Τοῖς
976 4635 1070 4693 οὖν
1116 4639 1423 4707 όξυωποῦσι
1457 4642 1586 4714 περὶ
1625 4643 1724 4715 τὴν
1761 4643 1917 4702 θείαν

331 4729 578 4798 Γραφὴν,
618 4729 680 4782 οὐ
735 4727 875 4795 δόξει
944 4731 1076 4784 ποτὲ
1125 4731 1414 4802 διαφωνεῖν
1469 4733 1504 4804 ἢ
1550 4733 1911 4805 διαμάχεσθαι

340 4822 501 4892 αὐτῇ.
542 4821 638 4876 νῦν
701 4821 801 4892 μὲν
847 4821 918 4875 τὰ
977 4821 1246 4894 θειότερα,
1283 4824 1379 4878 νῦν
1407 4825 1464 4878 δὲ
1505 4826 1600 4898 τὴν
1644 4828 1915 4896 συγκατά-

333 4913 493 4966 6ασιν
551 4913 890 4984 κηρύττουσα
953 4915 1089 4986 πρὸς
1156 4917 1256 4988 τὴν
1321 4917 1560 4972 διάνοιαν
1599 4920 1693 4973 τοῦ
1771 4921 1914 4993 ὑπη-

332 5003 460 5056 κόου
495 5004 910 5076 ἁρμοττομένηο
947 5007 1108 5060 οἱονεὶ
1147 5007 1457 5076 φιλότεκνος
1488 5012 1670 5082 μήτηρ
1721 5013 1916 5072 καταλ-

332 5093 510 5165 λήλως
571 5097 699 5160 τοὺς
782 5095 978 5159 παῖδας
1035 5099 1411 5170 ἐκτρέφουσα,
1481 5104 1608 5166 τοὺς
1653 5104 1754 5174 μὲν
1827 5105 1922 5160 ἔτι.

334 5187 576 5251 ἁπαλοὺς
603 5187 712 5240 τῶν
753 5187 1077 5254 ὑποτίτθων,
1107 5191 1268 5244 οἱονεὶ
1286 5193 1428 5261 γάλα
1452 5196 1764 5261 ποτίζουσα,
1788 5200 1915 5264 τοὺς

332 5278 389 5330 δὲ
435 5281 861 5350 ὲκφοιτήσαντας
911 5281 1012 5350 τῆς
1052 5283 1252 5352 νηπίας
1295 5289 1701 5354 καταστάσεως,
1742 5291 1914 5363 λαχά-

335 5386 446 5433 νοις
472 5370 905 5442 ὑπεκτρέφουσα,
925 5374 1039 5434 τοῖς
1073 5373 1130 5426 δὲ
1161 5376 1511 5450 τελειοτέροις
1537 5380 1714 5453 ἄρτον
1747 5365 1914 5455 noui.

338 5463 524 5525 ζουσα.
573 5462 715 5534 Πρὸς
752 5462 862 5535 γὰρ
883 5464 1227 5537 ἀμφοτέρους
1262 5471 1426 5539 φησὶν
1449 5473 1476 5524 6
1503 5471 1710 5545 ὑψηλὸς
1753 5478 1916 5534 Ἀπό-

339 5555 542 5622 στολος,
570 5555 741 5611 Γάλα
772 5553 928 5627 ὑμᾶς
952 5556 1227 5625 ἐπότισα,
1259 5562 1356 5614 καὶ
1396 5564 1467 5622 οὐ
1492 5565 1723 5636 βρῶμα,
1753 5571 1918 5630 οὔπω

1690 372 2042 441 'DIALOGUS
2074 375 2163 440 111.

3450 377 3592 443 10211

2005 503 2143 559 mihi
2195 501 2374 558 fatere
2423 501 2658 567 videtnr,
2709 498 2857 569 quod
2903 501 3078 572 mquit
3109 520 3123 557 :
3151 500 3416 567 Quoniam
3453 502 3596 558 Deus

1999 607 2116 650 erat
2147 596 2203 650 in
2234 593 2470 658 Christo,
2503 596 2760 650 mundum
2805 594 3161 649 reconcilians
3191 594 3316 650 sibi.
3349 593 3470 650 Non
3507 595 3597 650 la-

2001 689 2181 745 ciebst
2212 689 2320 749 hoc
2361 687 2640 754 Christus,
2691 688 2783 742 sed
2821 687 3140 742 inhabitans
3173 687 3228 741 in
3263 687 3386 756 ipso
3420 687 3592 744 Deus.

2643 779 2950 850 Responsio.

2074 871 2344 943 Equidem
2392 873 2481 928 aio
2513 873 2796 928 Christum
2845 887 2965 927 esse
2990 871 3162 926 Deum
3207 885 3372 940 supra
3405 885 3601 927 omnes

2003 977 2308 1038 potestates
2331 977 2385 1021 et
2408 967 2746 1030 dominatus,
2785 965 3048 1036 aequalem
3073 963 3247 1036 gloria
3275 964 3385 1019 Deo
3411 973 3464 1018 et
3494 963 3599 1018 Pa-

2005 1061 2094 1114 tri.
2126 1057 2314 1129 Neque
2344 1056 2489 1113 enim
2523 1067 2811 1128 propterea
2839 1057 2983 1126 quod
3018 1055 3286 1111 Dominus
3314 1071 3344 1110 a
3375 1055 3598 1110 sublimi

2005 1152 2182 1208 dictus
2213 1152 2284 1206 sit
2325 1151 2612 1221 Apostolo,
2645 1149 2906 1204 divinitas
2952 1148 3054 1218 ipsi
3093 1149 3372 1204 adimitur.
3410 1145 3600 1218 Neque

2004 1243 2134 1298 item
2167 1243 2397 1300 alterum
2414 1243 2567 1310 illud,
2585 1242 2744 1308 Deus,
2761 1257 2790 1297 a
2805 1241 2913 1302 Deo
2932 1241 3291 1312 iuisseipsum
3321 1239 3598 1294 inhabita—

2005 1343 2121 1388 tum
2150 1333 2356 1390 indicat
2392 1351 2406 1386 :
2437 1332 2900 1403 quemadmodum
2929 1346 3026 1400 per
3060 1331 3208 1385 hunc
3240 1331 3418 1401 ipsum
3446 1330 3597 1400 Apo-

2006 1425 2231 1488 stolum,
2282 1435 2446 1494 prout
2491 1441 2557 1479 ex
2591 1425 2695 1478 hoc
2745 1424 2886 1493 ipso,
2925 1431 2980 1477 et
3027 1437 3123 1493 per
3168 1431 3327 1476 mtate
3360 1422 3599 1492 priorem

2008 1517 2128 1588 ipso
2160 1517 2454 1573 sublimem
2487 1515 2686 1572 Isaiam
2737 1516 3017 1571 docemur.
3062 1510 3198 1568 Nam
3250 1513 3340 1568 hic
3366 1515 3495 1568 olim
3531 1515 3601 1568 de

2006 1609 2227 1666 Christo
2257 1609 2581 1673 vaticinans,
2609 1609 2820 1678 inquit:
2844 1605 2914 1660 Et
2942 1607 3042 1661 viri
3070 1604 3282 1661 Seboim
3313 1606 3497 1660 eximii
3527 1603 3598 1662 ad

2009 1711 2058 1754 te
2086 1699 2411 1765 transibunt,
2440 1709 2491 1753 et
2523 1708 2676 1756 erunt
2715 1700 2849 1752 servi
2881 1699 2982 1765 tui,
3012 1707 3061 1752 et
3087 1706 3203 1766 post
3237 1706 3285 1751 te
3314 1706 3604 1766 sequentur

2010 1795 2171 1850 vincti
2217 1794 2466 1860 manicis,
2506 1794 2759 1864 quoniam
2790 1793 2844 1848 in
2877 1801 2925 1846 te
2970 1791 3109 1845 Deus
3145 1799 3222 1845 est
3248 1789 3316 1843 δ’.
3348 1787 3603 1844 Tolleus-

2009 1901 2116 1956 que
2157 1899 2278 1940 eam
2313 1884 2382 1940 de
2426 1900 2535 1954 qua
2583 1896 2638 1938 tu
2687 1883 2822 1938 dicis
2868 1883 3348 1948 inhabitationem,
3400 1895 3598 1936 rursus

2008 1976 2292 2047 subiungit
2319 1995 2334 2033 :
2363 1974 2434 2030 Et
2480 1992 2584 2029 non
2613 1986 2692 2029 est
2734 1975 2877 2029 Deus
2919 1983 3112 2045 prceter
3161 1983 3251 2027 te:
3284 1983 3340 2026 tu
3379 1974 3520 2027 enim
3545 1987 3605 2026 es

2006 2069 2151 2132 Deus
2210 2081 2409 2133 noster,
2464 2081 2510 2123 et
2564 2067 2948 2134 nesciebamus,
2998 2067 3139 2121 Deus
3190 2065 3364 2120 Israel
3419 2064 3600 2120 saluu-

2010 2170 2095 2215 tor
2116 2162 2178 2214 '°.
2217 2160 2284 2216 Et
2315 2175 2513 2216 rursus
2535 2162 2679 2216 idem
2711 2169 2864 2216 vates
2900 2171 3145 2215 ante.....
3181 2173 3359 2216 annos
3384 2157 3598 2228 inquit:

2008 2253 2155 2309 Puer
2202 2263 2361 2309 natus
2395 2263 2472 2310 est
2521 2255 2675 2308 nobis
2705 2263 2756 2308 et
2793 2253 2964 2323 ﬁlius,
3007 2264 3056 2307 et
3093 2251 3368 2308 vocabitur
3414 2265 3601 2306 nomen

2009 2347 2125 2416 ejus
2192 2345 2334 2402 Deus
2400 2346 2596 2414 fortis,
2648 2344 3063 2402 Dominator“.
3125 2341 3360 2398 Sublimi
3417 2349 3605 2396 autem

1953 2498 1958 2501 _
2011 2446 2194 2492 mente
2239 2437 2501 2508 praeditus
2561 2436 2767 2493 Paulus
2812 2435 3012 2506 inquit,
3070 2432 3317 2488 Christus
3380 2433 3472 2503 qui
3522 2439 3602 2487 est
3642 2421 3655 2436 ’

2012 2545 2168 2599 super
2211 2529 2392 2584 omnia
2442 2528 2580 2586 Deus
2621 2526 2922 2582 benedictus
2971 2526 3022 2578 in
3077 2523 3303 2588 saecula,
3351 2525 3514 2577 Amen
3534 2522 3601 2574 °'.

2011 2617 2145 2674 Illud
2188 2629 2367 2676 autem
2396 2621 2542 2689 quod
2578 2617 2846 2674 Dominus
2881 2616 3102 2683 dicitur,
3145 2615 3356 2670 Psaltes
3386 2614 3610 2668 divinus

2014 2711 2244 2767 Davides
2265 2712 2527 2774 ostendit,
2576 2727 2685 2766 non
2723 2718 2876 2766 extra
2925 2709 3267 2764 divinitatem
3297 2721 3447 2772 esse;
3477 2720 3604 2760 nam

2014 2802 2296 2870 conjuncti
2322 2817 2448 2858 cum
2484 2801 2600 2858 Deo
2637 2801 2903 2864 hominis.
2939 2799 3030 2854 Dei
3072 2809 3130 2854 et,
3154 2796 3316 2854 Verbi
3354 2797 3409 2850 in
3440 2808 3610 2851 carne

2014 2895 2316 2952 adventum
2357 2895 2410 2951 in
2453 2895 2570 2950 suis
2627 2893 2930 2966 praedicens
2967 2891 3332 2951 carminibus,
3380 2888 3604 2958 inquit:

2014 2985 2330 3042 Benedictus
2356 2986 2445 3055 qui
2477 2986 2615 3042 venit
2651 2989 2705 3038 in
2738 2984 2950 3038 nomine
2985 2982 3218 3044 Domini,
3251 2980 3392 3036 Deus
3419 2980 3607 3034 Domia

2017 3094 2137 3142 nus,
2190 3088 2239 3132 et
2287 3087 2540 3148 apparuit
2588 3077 2740 3133 nobis
2760 3075 2827 3131 ⁸³.
2890 3073 3092 3144 Utique
3135 3083 3316 3128 autem
3356 3073 3412 3127 in
3462 3071 3610 3127 Scrie

2019 3181 2183 3241 plura
2205 3171 2389 3226 Veteri
2419 3169 2637 3228 Patrem
2663 3169 2957 3223 Dominum
2995 3169 3275 3238 prophetae
3307 3167 3476 3222 divini
3513 3183 3611 3220 vo-

2019 3270 2169 3316 cant.
2203 3261 2396 3320 Esaias
2427 3262 2648 3330 quidem
2685 3261 2775 3314 ille
2803 3259 3035 3314 eximius
3066 3273 3190 3312 cum
3221 3257 3330 3311 ait:
3363 3255 3493 3311 Haec
3522 3255 3614 3309 dia-

2017 3355 2091 3407 cit
2120 3353 2381 3410 Dominus
2409 3354 2632 3412 sabaoth
2657 3351 2724 3406 “.
2756 3350 3063 3404 Hieremias
3097 3363 3227 3404 vero
3261 3348 3430 3401 multa
3483 3362 3610 3416 per-

2015 3462 2235 3516 pessus,
2257 3445 2386 3502 Ηιεε
2408 3447 2536 3502 dicit
2569 3445 2824 3498 Dominus
2848 3447 3175 3512 omnipotens
3194 3441 3262 3494 ⁸⁸.
3289 3440 3622 3496 Ezechieltts

2017 3551 2200 3597 autem
2248 3550 2538 3596 enarrator
2592 3538 2683 3594 ille
2717 3536 3085 3602 clieruborum
3119 3551 3132 3586 :
3166 3531 3295 3588 Haec
3345 3533 3476 3587 dicit
3507 3531 3613 3587 Do;

2018 3637 2196 3688 minus
2237 3633 2542 3688 Adonai“.
2594 3631 2860 3687 Similiter
2907 3638 2965 3684 et
3004 3626 3287 3691 Danielus,
3338 3636 3393 3681 et
3424 3627 3606 3682 caeteri

2018 3737 2196 3782 vates.
2237 3727 2426 3796 Neque
2469 3725 2619 3780 enim
2647 3723 2853 3780 Paulus
2897 3739 3025 3779 eum
3080 3721 3278 3791 inquit,
3337 3717 3482 3772 Unus
3529 3718 3612 3773 es!

2020 3817 2161 3872 Deus
2208 3816 2374 3870 Pater
2397 3818 2462 3884 “7,
2515 3816 2703 3885 ipsum,
2743 3825 2902 3870 extra
2943 3810 3376 3868 dominationem
3432 3808 3611 3878 ponit.

2017 3908 2105 3962 vel
2138 3909 2256 3962 vice
2309 3922 2487 3971 versa,
2515 3921 2639 3964 cum
2687 3905 2901 3975 inquit:
2941 3903 3088 3959 Unus
3145 3901 3400 3955 Dominus
3451 3897 3616 3957 Jews

2021 3999 2268 4056 Christus
2288 3999 2362 4067 “,
2390 3999 2568 4070 ipsum
2601 4006 2758 4055 extra
2781 3997 3122 4054 divinitatem
3156 4007 3280 4048 esse
3317 3989 3611 4061 signiﬁcat.

2019 4094 2210 4164 Neque
2256 4095 2386 4149 item
2443 4107 2567 4148 cum
2625 4091 2743 4160 ipse
2789 4089 2960 4144 Filius
3016 4081 3614 4152 concionatur:Super

2020 4189 2156 4242 hanc
2180 4195 2387 4257 petram
2408 4185 2687 4252 atdiﬁcabo
2718 4181 3014 4236 Ecclesium
3043 4179 3302 4242 meam”,
3329 4185 3610 4246 expertem

2020 4279 2282 4336 Ecclesiae
2327 4276 2543 4335 Patrem
2588 4274 2868 4332 ostendit:
2901 4272 3096 4329 Omnia
3143 4273 3296 4326 enim,
3341 4286 3480 4330 mea.
3527 4267 3618 4324 in-

2023 4371 2164 4443 quit.
2193 4379 2290 4429 tua,
2319 4377 2463 4433 sunt,
2496 4367 2680 4431 Pater,
2720 4376 2770 4420 et
2804 4377 2898 4420 tua,
2929 4381 3044 4417 mea
3089 4372 3212 4417 sunt
3235 4363 3302 4414 ⁷⁸.
3340 4359 3622 4418 Nimirum

2024 4464 2230 4533 ubique
2259 4463 2430 4518 sacris
2464 4463 2518 4515 in
2556 4459 2777 4518 Litteris
2803 4458 2919 4513 haec
2953 4458 3063 4512 duo
3094 4455 3382 4521 vocabula,
3413 4469 3614 4523 nempe

2026 4555 2169 4610 Deus
2203 4564 2262 4614 et,
2288 4554 2547 4608 Dominus
2568 4553 2754 4625 juncta
2787 4557 2934 4606 sunt.
2976 4549 3234 4618 Ejusdem
3265 4561 3394 4602 vero
3441 4545 3623 4600 nomi-

2023 4652 2109 4710 nis
2133 4649 2378 4718 ejusdem
2417 4647 2603 4718 gloriae
2637 4655 2692 4700 et
2715 4644 2963 4699 divinum
2999 4653 3162 4712 atque
3193 4647 3610 4696 sacrosanctum

2025 4735 2291 4807 Spiritum
2344 4750 2469 4794 esse
2522 4748 2592 4788 ex.
2650 4733 2776 4786 divo
2829 4731 3100 4787 discimus
3139 4729 3424 4799 Apostolo,
3475 4727 3622 4783 scri-

2024 4831 2187 4885 bente
2229 4829 2283 4882 in
2318 4827 2435 4884 huic
2481 4827 2644 4882 verba
2679 4843 2696 4880 :
2727 4824 2988 4878 Dominus
3029 4823 3249 4891 spiritus
3301 4819 3467 4874 est".
3501 4817 3620 4872 lllis

2024 4921 2195 4993 igitur
2241 4921 2337 4990 qui
2401 4917 2603 4974 divinis
2664 4917 2720 4972 in
2779 4914 3000 4970 Litteris
3054 4912 3397 4984 perspicaces
3450 4918 3622 4975 sunt,

2022 5029 2308 5086 nunquam
2364 5027 2444 5072 eat
2475 5011 2808 5068 videbuntur
2845 5025 2877 5065 a
2927 5023 2987 5064 se
3027 5005 3340 5071 dissentire,
3391 5001 3474 5057 vel
3510 4999 3620 5056 sibi

2020 5119 2368 5176 repugnare;
2401 5117 2527 5156 cum
2564 5115 2712 5158 nunc
2739 5098 2967 5167 quidem
3000 5096 3291 5157 diviniora,
3329 5107 3476 5146 nunc
3515 5105 3619 5144 au-

2021 5208 2130 5256 tem
2193 5195 2490 5252 humiliora
2537 5191 2929 5262 praedicantes,
2984 5186 3253 5242 auditoris
3312 5179 3617 5237 intellectui

2027 5306 2160 5352 sese:
2187 5286 2642 5351 accommodant,
2677 5283 2842 5340 veluti
2891 5281 3190 5336 liberorum
3249 5275 3380 5330 facit
3422 5288 3616 5329 amans

2029 5394 2236 5449 mater...
2281 5380 2641 5442 conveniente
2685 5375 2924 5448 quadam
2977 5373 3193 5428 ratione
3236 5368 3442 5423 liberos
3481 5365 3617 5419 edu-

2029 5491 2183 5541 cans,
2230 5488 2358 5544 qua:
2390 5471 2526 5532 alios
2567 5468 2787 5538 quidem
2836 5465 3017 5520 adhuc
3062 5475 3298 5525 teneros,
3346 5461 3494 5512 velut
3528 5456 3616 5510 in-

2030 5567 2208 5630 fantes
2252 5567 2398 5624 lacte
2447 5571 2630 5636 potat;
2683 5574 2777 5615 eos
2819 5572 2951 5612 vero
2983 5556 3077 5626 qui
3123 5551 3366 5612 infantiae
3414 5557 3614 5605 statum

409 5755 455 5832 ιτ
495 5756 598 5813 lsa.
636 5759 1263 5832 ην,14.-ξ⁶ι11›ἱι1.-1τξο
1338 5758 1525 5832 “3'83-
1567 5776 1643 5826 ιιμ
1687 5765 1737 5821 θ·
1816 5770 1860 5801 ⁶¹
1896 5768 1910 5825 ¹

2013 5785 2053 5826 ι.
2098 5784 2173 5832 ιι,
2214 5768 2266 5822 5.
2343 5765 2394 5797 ⁴¹⁸
2419 5764 2564 5818 Psal.
2593 5779 2760 5827 cxvu,
2787 5763 2876 5819 27.
2953 5761 3001 5792 ⁸⁸
3027 5761 3135 5832 lsa.
3164 5750 3619 5832 καθέξω-ιη.

341 5825 626 5908 f‘hterem:
669 5845 843 5893 χχχιι,
879 5829 1087 5908 “sec.
1115 5829 1292 5908 _l.X_X._
1363 5831 1412 5862 “
1450 5825 1647 5908 Eze_c_h.
1685 5851 1782 5908 χιι,
1817 5838 1887 5897 23
1926 5825 2228 5898 παιδιᾶς,
2305 5839 2347 5874 οῖ
2392 5836 2412 5890 ι
2453 5837 2576 5892 εστ,
2621 5825 2833 5901 νιιι,’9.
2910 5833 2956 5866 ⁸⁸
2995 5831 3128 5888 ibid.
3207 5828 3252 5863 ⁸³
3293 5825 3620 5890 Matthqu

341 5895 431 5954 18.
507 5899 552 5930 ⁷⁸
589 5897 746 5957 Joan.
788 5915 920 5970 xvu,
949 5900 1036 5958 10.
1113 5902 1157 5936 τί
1195 5903 1214 5957 Ι
1252 5900 1382 5957 Cor.
1422 5901 1627 5972 "1,17.
