4142 6382
532 386 666 442 N927

524 501 728 572 egressi
765 510 915 564 sunt,
946 500 1186 554 oleribus
1213 502 1405 566 nutrit,
1439 500 1968 569 perfectiorihusque
2005 514 2103 568 ps-

1615 383 1671 438 S.
1714 380 2016 438 CAESAR"
2050 373 2380 436 GREGOBII
2420 377 2719 434 FRATRIS

3648 371 3787 430 4028

2212 501 2322 568 γὰρ
2350 497 2676 566 ἠδύνασθε·
2705 496 2841 550 ἀλλ’
2883 495 3026 549 οὺδὲ
3055 486 3141 549 ἔτι
3175 494 3292 547 νῦν
3319 495 3600 548 δύνασθε.
3644 497 3788 566 Πρὸς

524 609 653 649 nem
689 593 953 662 porrigit;
989 608 1113 646 nam
1150 593 1216 647 ad
1246 604 1509 662 utrosque
1539 594 1718 664 inquit
1749 594 1986 647 eximius
2016 591 2107 646 illa

2211 584 2266 642 δὲ
2298 587 2514 658 ἑτέρους
2554 587 2990 651 ἀποτεινόμενος,
3036 587 3098 639 '0
3129 586 3196 638 δὲ
3227 585 3520 650 ἀσθενῶν,
3550 586 3788 655 λάχανα

524 688 818 756 Apostolus
861 686 1066 740 :Lacte
1112 675 1290 756 potaui
1347 705 1473 749 eos,
1518 704 1621 741 non
1666 689 1828 750 cibo;
1873 686 2103 740 nondum

520 781 659 832 enim
692 779 788 832 hoc
817 780 951 831 vesci
985 783 1265 847 poteratis,
1299 781 1406 833 imo
1446 797 1508 834 ne
1545 797 1684 833 nunc
1712 780 1924 850 quidem
1959 789 2104 847 pote-

521 873 620 926 stis
642 873 709 924 ⁷¹ι
747 871 824 924 Ad
848 873 989 927 alios
1025 882 1204 926 autem
1237 889 1546 927 sermonem
1570 874 1850 942 dirigens:
1882 872 1989 936 Qui
2021 872 2104 923 in-

522 963 710 1032 ﬁrmus
748 973 846 1026 est,
881 964 1110 1018 oleribus
1153 967 1379 1019 vescitur
1399 966 1466 1031 ",
1521 967 1732 1036 inquit;
1783 982 1904 1034 quae
1942 963 2104 1018 veluti

2209 680 2419 744 ἐσθίει,
2452 679 2585 749 φησί
2607 697 2619 708 ο
2661 679 2730 732 τὰ
2765 679 2945 749 μέσως
2987 679 3277 748 νοημάτων
3320 678 3534 747 έχοντα,
3569 679 3644 748 μὴ
3677 674 3787 742 οἷός

2209 789 2269 825 τε
2319 771 2394 824 ὢν
2435 773 2586 842 ἄρτῳ
2629 770 2927 840 τρέφεσθαι
2976 773 3118 824 κατὰ
3156 771 3282 834 τοὺς
3324 771 3424 842 ἤδη
3467 773 3535 841 τῇ
3569 771 3790 842 παιδείᾳ

2213 861 2473 923 τελείους,
2520 859 2608 912 διὰ
2653 861 2714 913 τὸ
2748 859 2953 912 ἁπλοῦν
2990 860 3072 913 ἔτι
3096 863 3196 931 τῆς
3225 861 3461 924 διανοίας
3495 862 3591 914 καὶ
3618 862 3788 933 ἀστή-

2217 972 2421 1029 ρικτον.

524 1057 701 1108 media
744 1057 1006 1125 quadam,
1047 1058 1194 1128 quod
1243 1059 1437 1112 attinet
1485 1059 1867 1128 cogitationes.
1905 1058 2121 1112 ratione
2177 1051 2367 1105 alii-cla
2401 1055 2549 1104 sunt.
2596 1061 2718 1098 cum
2762 1045 2886 1099 talis
2929 1059 3069 1114 pane
3111 1045 3256 1098 vesci
3311 1055 3562 1114 nequeat,
3595 1060 3788 1114 quem-

523 1149 816 1204 admodum
845 1152 880 1204 ii
904 1152 997 1221 qui
1019 1152 1126 1216 jam
1156 1153 1379 1222 perfecti
1411 1167 1539 1208 sunt
1574 1154 1936 1217 institutione,
1966 1160 2189 1222 promer
2215 1155 2464 1198 tenerqu
2495 1148 2547 1193 et
2576 1140 2848 1192 inlirmum
2876 1139 3055 1192 adhuc
3083 1137 3434 1191 intellectum.

915 1265 1436 1323 INTERROGATIO
1473 1269 1712 1324 CXXIX.

582 1354 881 1422 Quomodo
907 1375 1037 1412 vero
1072 1361 1320 1415 terminis
1370 1362 1666 1430 subjiciens
1697 1361 1989 1430 Apostolus
2017 1375 2103 1415 re-

522 1462 687 1515 gnum
718 1449 943 1512 Chrisu,
981 1453 1191 1518 scribit,
1219 1452 1435 1520 Oportet
1465 1455 1636 1520 ipsum
1673 1469 1890 1522 regnare
1917 1467 2102 1521 usque-

519 1539 647 1591 dum
679 1543 913 1606 posuerit
954 1544 1196 1597 inimitas
1231 1547 1346 1614 ejus
1371 1545 1465 1597 sub
1499 1546 1654 1614 pedes
1687 1546 1802 1614 ejus
1833 1546 1916 1598 7‘?
1946 1545 2100 1610 Quod

522 1629 745 1696 quidem
797 1631 962 1700 aliqui
1015 1632 1376 1702 interpretati,
1411 1634 1771 1699 tradiderunt,
1800 1634 1944 1704 quod
1981 1642 2103 1704 post

525 1719 691 1788 hujus
749 1723 936 1775 mundi
1001 1724 1186 1787 linem,
1249 1734 1608 1793 praetereunte
1664 1741 1834 1796 regno
1874 1725 2098 1788 Christi,

522 1811 752 1881 ipsoque
787 1814 839 1866 in
871 1809 1089 1867 Patrem
1140 1817 1420 1881 redeunte,
1469 1817 1686 1872 futurus
1723 1819 1794 1873 sit
1838 1819 2018 1872 omnia
2044 1821 2098 1872 in

520 1903 765 1958 menibus
791 1903 955 1970 Deus,
990 1906 1132 1960 sicut
1166 1906 1337 1974 inquit
1374 1908 1666 1976 Apostolus
1691 1908 1760 1964 ⁷⁸.

1157 2089 1466 2158 Responsio.

593 2179 719 2241 llos
751 2180 884 2234 mihi
927 2179 1140 2234 videtur
1183 2180 1470 2250 deplorare
1519 2177 1822 2234 Hieremias
1864 2179 2050 2233 dicens
2087 2195 2101 2232 :

522 2275 654 2340 Quis
683 2275 834 2327 dabi’t
856 2289 1049 2344 aquam
1069 2275 1232 2344 capiti
1277 2290 1410 2337 meo,
1454 2282 1505 2328 et
1547 2273 1716 2327 oculis
1741 2273 1869 2326 meis
1904 2273 2104 2341 fontem

519 2364 903 2435 lacrymarum,
943 2373 994 2417 et
1039 2365 1224 2434 lugebo
1269 2375 1418 2418 nacte
1458 2373 1508 2418 et
1554 2365 1640 2418 die
1677 2363 1977 2418 vulneratos
2011 2373 2106 2431 po-

518 2455 632 2524 ιηιίί
665 2457 766 2509 mei
805 2456 896 2506 "‘t
939 2455 1031 2523 qui
1085 2455 1404 2510 clauserunt
1446 2470 1634 2518 aures,
1697 2455 1898 2508 nullam
1935 2453 2102 2507 divini

521 2547 793 2600 sermonis
843 2547 1110 2600 rationem
1159 2546 1443 2614 habentes,
1489 2547 1584 2616 qui
1627 2554 1816 2616 aperte
1857 2547 2100 2601 clamat'

522 2635 700 2692 Filius
757 2649 931 2692 manet
953 2639 1011 2692 in
1035 2648 1287 2693 (sternunt
1318 2635 1384 2692 ’⁷.
1419 2638 1813 2693 Adversabitur
1847 2639 1926 2693 eis
1952 2653 2105 2692 acer-

522 2733 624 2784 bus
666 2730 950 2786 dementiae
998 2732 1266 2787 refutator
1311 2731 1590 2798 Danielus,
1628 2733 1710 2788 vir
1748 2732 2104 2802 emptatissi-

521 2839 666 2891 mus,
697 2825 884 2880 dicens
918 2842 932 2880 :
969 2822 1381 2895 Contemplabar
1414 2828 1471 2880 in
1494 2828 1692 2880 visione
1727 2835 2011 2889 nocturna,
2053 2839 2103 2879 et

519 2933 636 2970 ecce
666 2917 718 2970 in
751 2916 974 2970 nubibus
995 2919 1112 2971 caeli
1135 2917 1272 2972 velut
1303 2916 1482 2973 Filius
1509 2919 1741 2973 hominis
1770 2921 2003 2973 veniebat
2035 2920 2101 2973 "'.

523 3007 590 3062 Et
615 3009 778 3078 paulo
809 3019 930 3078 post
963 3009 1138 3079 inquit
1168 3028 1181 3063 :
1214 3009 1462 3064 Potestas
1495 3011 1611 3080 ejus
1636 3021 1869 3080 potestas
1905 3020 2104 3066 azterna

518 3111 621 3164 est,
651 3117 770 3171 qua
803 3118 906 3155 non
951 3101 1267 3170 prwteribit,
1295 3112 1346 3156 et
1373 3119 1588 3173 regnum
1634 3103 1749 3173 ejus
1792 3120 1894 3158 non
1940 3105 2104 3157 inter-

521 3193 620 3245 ibit
647 3193 713 3246 ".
761 3193 1024 3247 Similiter
1063 3201 1119 3246 et
1149 3191 1380 3248 Davides
1424 3194 1738 3248 divinorum
1787 3205 1978 3250 auctor
2013 3195 2102 3249 ille

520 3285 829 3338 culminum
877 3303 891 3339 :
951 3284 1192 3339 Throuus
1247 3294 1389 3350 tuus,
1452 3302 1483 3337 ο
1541 3284 1701 3350 Deus,
1753 3287 1808 3340 in
1848 3286 2104 3340 sa'culunt

520 3379 707 3434 steruli
738 3395 756 3432 :
803 3380 952 3446 virga
1001 3379 1360 3446 rectitudinis,
1415 3382 1563 3450 rirga
1616 3382 1763 3450 regni
1806 3383 1883 3435 tui
1922 3381 1990 3434 “.
2042 3379 2107 3435 Et

521 3483 645 3542 post
676 3473 778 3526 alia
812 3489 826 3523 :
859 3471 936 3524 Ab
963 3471 1118 3524 initio
1153 3481 1232 3534 tu,
1280 3470 1520 3537 Domine,
1546 3481 1743 3524 terram
1771 3471 2033 3541 fundasti,
2055 3479 2106 3524 et

521 3580 682 3632 Opera
721 3580 975 3617 manuum
1009 3574 1223 3618 tuarum
1247 3575 1368 3618 sunt
1397 3564 1532 3619 (teli.
1572 3562 1686 3629 Ipsi
1713 3565 2021 3629 interibunt,
2050 3574 2105 3616 tu

524 3666 702 3710 autem
743 3672 1040 3725 permanes,
1091 3667 1141 3711 et
1192 3673 1245 3710 es
1282 3657 1444 3720 idem,
1500 3665 1550 3711 et
1599 3657 1726 3710 anni
1779 3659 1855 3710 tui
1888 3674 1988 3710 non
2017 3657 2109 3710 de-

523 3751 703 3821 ﬁcient
734 3752 800 3804 ⁸¹.
837 3750 969 3816 Quae
1003 3751 1070 3804 de
1120 3749 1352 3805 Domino
1397 3765 1677 3819 exponens
1721 3749 1975 3804 sublimis
2020 3750 2108 3803 ille

525 3843 880 3914 intelligentia
917 3841 1140 3908 Paulus,
1173 3843 1350 3912 ipsqu
1381 3842 1582 3909 ubique
1611 3843 1800 3896 scribit
1835 3843 2105 3912 opificem,

523 3941 578 3990 εἰ
616 3951 819 4003 regem,
860 3943 914 3989 et
961 3932 1128 3988 Deum
1165 3944 1292 3988 ante
1321 3935 1522 3988 sarcula
1550 3944 1602 3988 et
1634 3934 1686 3988 in
1718 3936 1937 3989 saecula.
1967 3933 2110 3989 Prte-

524 4039 670 4083 terea
708 4026 885 4082 Moses
930 4025 1023 4081 Dei
1060 4036 1332 4096 spectator
1367 4035 1424 4082 et
1463 4026 1742 4096 legislator
1781 4027 1999 4081 divinus
2053 4028 2105 4081 in

525 4121 633 4176 line
673 4119 886 4174 C‘antici
935 4118 1119 4174 Maria:
1169 4119 1361 4174 scribit
1411 4137 1424 4172 :
1479 4118 1735 4174 Dominus
1782 4135 2006 4185 regnans
2052 4119 2109 4172 in

523 4211 779 4267 sarculum
811 4222 861 4266 et
887 4211 1139 4267 saeculum
1166 4212 1234 4266 ".
1280 4210 1560 4266 Christum
1593 4211 1828 4282 denique
1850 4212 1963 4282 jam
1999 4211 2107 4266 Do-

524 4309 733 4364 minum
761 4324 883 4364 esse
921 4310 1259 4378 prolitemur.
1310 4306 1387 4363 Ne
1439 4307 1604 4379 igitur
1646 4322 1713 4362 ex
1752 4321 1818 4361 eo
1843 4306 1987 4377 quod
2021 4307 2110 4364 hic

524 4399 726 4455 dicitur
759 4416 772 4453 :
810 4398 1112 4469 Usquedum
1158 4411 1214 4452 et
1265 4413 1558 4469 usquequo,
1601 4398 1896 4467 aliquando
1946 4396 2104 4451 [luem

525 4492 840 4547 habiturum
873 4508 1099 4563 regnum
1145 4492 1342 4546 Christi
1385 4502 1679 4562 nugentur,
1726 4491 1869 4546 male
1900 4491 2103 4546 intelli-

526 4594 716 4654 gentes
739 4599 860 4652 quae
884 4584 1019 4639 bene
1047 4594 1177 4638 sunt
1203 4585 1369 4638 dicta.
1398 4581 1534 4637 Nam
1579 4598 1647 4638 ex
1696 4583 1813 4653 ipsa
1857 4582 2102 4652 Apostoli

523 4693 659 4732 voce
701 4677 1043 4747 redarguitur
1085 4677 1326 4746 ipsorum
1374 4675 1606 4731 vanitas.
1667 4674 1920 4745 Regnavit
1955 4675 2102 4730 enim

526 4782 668 4822 mors
698 4769 763 4821 ab
785 4767 990 4821 Adamo
1013 4765 1082 4820 ad
1107 4764 1310 4820 Mosem
1334 4781 1520 4835 usque,
1548 4765 1725 4836 inquit
1746 4763 1812 4819 ⁸³.
1843 4763 1982 4818 Num
2006 4765 2106 4835 igi-

529 4871 620 4917 tur
649 4861 714 4915 ad
749 4861 901 4914 illum
933 4872 1106 4929 usque
1146 4869 1360 4934 tantum
1396 4857 1660 4927 regnavit,
1692 4865 1787 4911 aut
1810 4857 1974 4910 etiam
2006 4856 2106 4910 ul-

527 4952 650 5008 tra?
673 4949 943 5006 Nimirum
973 4951 1026 5003 in
1055 4949 1256 5002 multas
1288 4947 1375 5001 illa
1408 4947 1788 5017 generationes
1819 4944 2105 5015 imperium

527 5058 686 5096 suum
718 5039 1005 5095 extendit:
1040 5054 1204 5108 quam
1246 5035 1484 5107 denique
1531 5050 1748 5090 omnem
1781 5034 2106 5090 rationalem

527 5144 740 5189 aetatem
775 5131 1175 5202 pervadentem,
1207 5129 1462 5184 Christus
1495 5128 1713 5192 evertit,
1746 5128 2008 5184 adversus
2042 5126 2108 5181 ll-

530 5227 637 5280 iam
671 5226 867 5278 robore
906 5223 1166 5279 mortales
1193 5221 1563 5283 circumdans,
1605 5219 1722 5289 ipse
1767 5219 1928 5273 morti
1953 5233 2103 5273 mors

533 5322 730 5376 factus.
763 5317 829 5373 Et
853 5317 982 5388 quia
1029 5316 1096 5371 de
1133 5315 1279 5370 Mose
1330 5312 1618 5384 magniﬁce
1665 5311 1974 5366 sentiebant
2002 5308 2105 5365 Ju-

527 5415 652 5473 d:ei,
678 5427 787 5482 pra:
811 5410 902 5464 illo
923 5418 1150 5464 caeteros
1169 5413 1603 5467 contemnentes,
1623 5403 1916 5473 ipsumque
1940 5396 2102 5456 deum

523 5521 645 5557 esse
676 5511 947 5572 putantes,
979 5499 1124 5570 quod
1158 5514 1225 5552 ne
1259 5495 1573 5568 sepulcrum
1616 5493 1839 5566 quidem
1866 5492 1986 5563 ejus
2013 5492 2102 5546 in-

524 5597 773 5649 veniatur
819 5608 992 5664 usque
1041 5592 1097 5647 iu
1139 5590 1463 5646 hodiernum
1497 5587 1664 5652 diem,
1707 5584 1962 5657 quodque
1993 5597 2101 5638 una

593 5757 688 5810 "I
729 5756 854 5808 (lor.
894 5773 974 5819 ιιι,
1004 5755 1059 5812 2.
1136 5756 1182 5787 ⁷³
1223 5753 1380 5808 Rom.
1436 5767 1548 5818 xw,
1589 5750 1670 5819 2.7
1721 5750 1771 5782 ⁷⁸
1803 5749 1820 5802 l
1850 5747 1977 5802 Cor.
2022 5761 2112 5819 xy,
2151 5745 2244 5819 25.

1575 5823 1621 5852 ⁸⁸
1655 5818 1798 5875 Psal.
1846 5835 1992 5882 Iuv,
2037 5817 2089 5872 7.

525 5825 570 5859 ⁷⁸
612 5827 743 5880 Dan.
800 5844 896 5886 vn.
941 5829 1025 5883 13.
1129 5828 1175 5857 ⁷⁹
1218 5827 1345 5880 ibid.
1386 5824 1472 5878 Μ.

522 5896 568 5929 ⁸³
605 5899 759 5954 ιὶοιιι.
792 5914 846 5964 v,
889 5897 972 5950 14.

2773 1255 3022 1308 ΠΕΥΣΙΣ
3060 1254 3233 1307 ΡΚΘ’.

2280 1350 2391 1404 Kal.
2427 1348 2544 1410 πῶς
2575 1347 2723 1416 ὅροις
2773 1344 3064 1398 ὑποϐαλὼν
3093 1346 3122 1397 6
3173 1344 3494 1408 Ἀπὸστολος
3519 1345 3619 1416 τὴν
3652 1347 3786 1418 Χρι-

2211 1443 2338 1496 στοῦ
2373 1439 2672 1512 βασιλείαν,
2701 1439 2926 1509 γράφει,
2959 1437 3059 1490 Δεῖ
3085 1437 3197 1512 γὰρ
3219 1436 3407 1490 αὐτὸν
3430 1438 3789 1502 βασιλεύειν

2209 1535 2385 1604 ἄχρις
2431 1530 2498 1589 οὗ
2553 1533 2630 1586 ἂν
2669 1531 2745 1599 θῇ
2788 1532 2930 1597 τοὺς
2971 1532 3222 1600 ἐχθροὺς
3272 1531 3460 1586 αὐτοῦ
3497 1533 3614 1586 ὑπὸ
3650 1534 3791 1598 τοὺς

2209 1626 2400 1692 πόδας
2429 1625 2660 1688 αὑτοῦ;
2699 1625 2879 1694 Ὅπερ
2917 1625 2966 1676 οί
3011 1623 3450 1695 ἑρμηνεύσαντες
3493 1625 3784 1690 ἐξέδωκαν,

2209 1726 2291 1779 ὄτι
2341 1723 2479 1794 μετὰ
2514 1722 2572 1774 τὸ
2606 1721 2756 1784 τέλος
2788 1720 2882 1773 τοῦ
2916 1721 3124 1791 κόσμου
3159 1721 3351 1773 τούτου
3387 1721 3788 1793 περαιουμένης

2205 1819 2307 1889 τῆς
2363 1817 2638 1888 βασιλείας
2693 1815 2953 1888 Χριστοῦ,
2991 1816 3155 1870 αὑτοῦ
3197 1817 3254 1869 δὲ
3301 1819 3378 1880 είς
3429 1817 3520 1870 τὸν
3569 1817 3787 1887 Πατέρα

2206 1909 2552 1972 ἀναλύοντος.
2581 1908 2732 1960 ἔσται
2776 1905 2849 1959 τὰ
2861 1901 3058 1956 πάντα
3071 1907 3143 1961 ἐν
3154 1903 3344 1961 πᾶσιν
3362 1909 3393 1960 ὸ
3409 1912 3576 1980 Θεὸς,
3609 1907 3788 1972 καθὼς

2205 2001 2353 2069 λέγει
2382 2003 2411 2055 6
2455 2002 2509 2054 Ἀ
2519 1999 2798 2063 πόττολος.

2811 2091 3155 2159 Ἀπόκρισις

2291 2186 2562 2250 Ἑκείνους
2604 2185 2752 2239 δοκεῖ
2802 2203 2892 2256 μοι
2933 2186 3203 2256 Ἱερεμίας
3245 2179 3647 2256 ἀποδυρόμενος
3689 2185 3789 2254 φάο

2207 2293 2382 2342 σκειν,
2425 2278 2520 2343 Τίς
2552 2277 2733 2330 δώσει
2768 2275 2841 2344 τῇ
2893 2271 3131 2344 κεφαλῇ
3150 2293 3270 2343 μου
3317 2274 3498 2343 ὕδωρ,
3534 2276 3630 2328 καὶ
3667 2273 3792 2338 τοῖς

2206 2371 2534 2442 ὀφθαλμοῖς
2562 2389 2681 2440 μου
2721 2368 2927 2438 πηγὴν
2969 2367 3280 2436 δακρύων,
3316 2368 3414 2420 καὶ
3451 2369 3789 2437 κλαύσομαι

2206 2463 2434 2532 ἡμέρας
2466 2463 2563 2516 καὶ
2592 2460 2812 2528 νυκτὸς
2839 2460 2980 2526 τοὺς
3012 2456 3636 2528 τετραυματισμένους
3683 2459 3789 2513 τοῦ

2205 2555 2361 2610 λαοῦ
2385 2573 2505 2625 μου
2534 2571 2551 2619 ;
2590 2556 2716 2619 τοὺς
2756 2553 3038 2625 μύσαντας
3067 2553 3135 2607 τὰ
3168 2543 3304 2617 ὦτα,
3343 2553 3437 2606 καὶ
3469 2553 3672 2624 μηδένα
3701 2552 3789 2606 λὸο

2206 2663 2302 2715 γον
2330 2649 2430 2717 τῆς
2464 2645 2759 2714 θεηγορίας
2805 2643 3185 2715 ποιουμένους,
3219 2642 3520 2714 διαρρήδην
3553 2642 3785 2712 βοῶπις,

2220 2738 2282 2790 '0
2328 2736 2464 2802 Υιὸς
2504 2736 2674 2806 μένει
2709 2737 2798 2802 είς
2843 2735 2948 2789 τὸν
2980 2733 3188 2789 αίῶνα.
3242 2736 3792 2806 Ἀντικαταστήσεται

2207 2830 2390 2893 αὐτοῖς
2424 2830 2618 2899 πικρὸς
2641 2830 2740 2900 τῆς
2776 2827 3064 2902 παροινίας
3104 2828 3327 2898 ἔλεγχος
3356 2827 3557 2900 Δανιὴλ
3587 2830 3616 2882 6
3647 2828 3788 2898 ἀνὴρ

2205 2923 2314 2977 τῶν
2371 2921 2698 2992 ἐπιθυμιῶν,
2751 2923 2996 2991 φάσκων,
3059 2919 3383 2989 Ἐθεώρουν
3422 2921 3494 2974 ἐν
3545 2920 3791 2991 ὁράματι

2205 3014 2316 3083 τῆς
2372 3014 2632 3080 νυκτὸς,
2693 3013 2792 3067 καὶ
2849 3013 2976 3068 ἰδοὺ
3037 3012 3136 3066 ἐπὶ
3192 3011 3310 3066 τῶν
3356 3011 3632 3082 νεφελῶν
3685 3014 3792 3068 τοῦ

2208 3106 2472 3176 οὐρανοῦ
2547 3106 2627 3171 ὠς
2683 3101 2817 3171 Υἱὸς
2882 3103 3203 3173 ἀνθρώπου
3278 3106 3625 3176 ἐρχόμενος.
3685 3107 3794 3160 Kal
3849 3177 3852 3181 _

2212 3200 2352 3271 μετὰ
2399 3198 2606 3271 βραχέα
2650 3197 2836 3266 φησὶν,
2896 3197 2967 3253 Ἦ
3009 3197 3265 3261 ἐξουσία
3302 3197 3490 3251 αὐτοῦ
3539 3197 3796 3262 ἐξουσία

2207 3291 2467 3359 αἰώνιος,
2509 3292 2638 3360 ἥτις
2686 3293 2762 3345 οὐ
2796 3292 3255 3359 παρελεύσεται,
3295 3292 3392 3345 καί
3422 3293 3460 3360 ἡ
3505 3293 3796 3356 ,βασιλεία

2207 3384 2397 3439 αὑτοῦ
2445 3385 2519 3438 οὐ
2571 3383 3068 3453 διαφθαρήσεται.
3137 3382 3372 3454 Ὁμοίως
3417 3383 3581 3435 Δαὸὶδ
3618 3385 3648 3437 6
3684 3383 3795 3436 τῶν

2213 3474 2375 3528 θείων
2411 3471 2668 3546 μελῳδὸς,
2729 3475 2791 3528 '0
2823 3471 3037 3544 θρόνος
3090 3491 3231 3536 σου,
3277 3477 3311 3528 ό
3361 3473 3527 3540 Θεὸς,
3560 3477 3644 3538 είς
3690 3473 3797 3528 τὸν

2208 3565 2395 3620 αἰῶνα
2446 3566 2552 3620 τοῦ
2585 3564 2800 3632 αίῶνος
2823 3609 2836 3631 ,
2861 3565 3087 3635 ῥάϐδος
3137 3568 3462 3634 εὐθύτητος
3507 3568 3543 3634 ἠ
3571 3566 3798 3635 ῥάϐδος

2207 3655 2320 3725 τῆς
2336 3657 2662 3722 βασιλείας
2685 3673 2824 3711 σου.
2850 3657 2959 3710 Καὶ
2987 3656 3104 3727 μεθ’
3131 3657 3312 3728 ἕτερα·
3346 3656 3659 3727 Καταρχάς
3692 3660 3796 3720 σὺ.

2209 3751 2406 3817 Κύριε,
2435 3747 2548 3816 τὴν
2567 3747 2685 3818 γῆν
2709 3749 3132 3818 ἐθεμελίωσας,
3157 3749 3255 3802 καὶ
3277 3749 3421 3820 ἔργα
3444 3749 3561 3803 τῶν
3587 3750 3799 3820 χειρί,ῐο⁹

2209 3856 2326 3894 σου
2354 3839 2514 3894 εἰσιν
2547 3843 2602 3894 οι
2636 3842 2902 3908 οὐρανοί·
2957 3841 3128 3894 αὐτοὶ
3173 3842 3566 3903 ἀπολοῦνται.
3613 3843 3696 3897 σὺ
3731 3842 3800 3896 δὲ

2219 3931 2540 4002 διαμένεις,
2584 3933 2682 3986 καί
2727 3936 2759 3986 ὀ
2806 3933 3015 3998 αὐτὸς,
3074 3933 3175 3986 καὶ
3226 3934 3300 3988 τὰ
3347 3935 3451 4002 ἐτη
3511 3952 3630 3988 σου
3686 3935 3798 3988 οὐκ

2210 4025 2632 4095 ἐκλείψουσιν.
2699 4026 2882 4097 Ἀπερ
2939 4027 3020 4090 είς
3069 4027 3161 4079 τὸν
3209 4026 3414 4098 Κύριον
3470 4027 3798 4099 ἑρμηνεύων

2220 4116 2432 4181 Παῦλος
2477 4119 2506 4171 ὁ
2540 4113 2744 4188 ὑψηλὲς
2789 4117 2886 4189 τὴν
2926 4116 3190 4184 διάνοιαν,
3236 4119 3413 4190 πάντη
3465 4117 3799 4172 ἐπιστέλλων

2210 4207 2565 4280 δημιουργὸν.
2603 4210 2700 4261 καὶ
2745 4207 2974 4278 βασιλέα
3010 4209 3105 4262 καὶ
3139 4206 3272 4261 Θεὸν
3304 4209 3410 4279 πρὸ
3450 4207 3666 4262 αἰώνων
3702 4209 3798 4262 καὶ

2211 4297 2298 4353 ἐπ’
2328 4299 2522 4354 αίῶνα.
2557 4301 2666 4353 Kal
2699 4301 2778 4352 ἔτι
2817 4299 2990 4354 ταῦτα
3021 4300 3078 4354 δὲ
3119 4297 3325 4371 Μωσῆς
3373 4303 3402 4354 6
3446 4301 3681 4370 θεόπτης
3704 4301 3800 4356 καὶ

2211 4392 2357 4456 θεῖος
2388 4391 2681 4464 νομοθέτης
2707 4395 2764 4446 ὲν
2797 4391 2875 4463 τῷ
2901 4391 3047 4445 τέλει
3075 4392 3178 4463 τῆς
3211 4393 3360 4464 ᾠδῆς
3403 4393 3627 4464 Μαρίας
3658 4395 3799 4465 γρά-

2212 4497 2323 4554 φει,
2356 4486 2572 4554 Κύριος
2587 4486 2943 4549 ,ϐασιλεύων
2983 4484 3103 4540 τῶν
3133 4485 3366 4539 αἰώνων
3395 4486 3493 4540 καί
3521 4487 3628 4540 ἐπ’
3666 4485 3800 4540 ald)-

2209 4593 2353 4631 νων.
2394 4578 2505 4631 Kal
2535 4577 2639 4642 ἔτι,
2674 4577 2879 4648 Κύριος
2906 4577 2963 4632 δὲ
2989 4579 3017 4632 ὁ
3054 4578 3312 4650 Χριστὸς,
3354 4578 3449 4632 καὶ
3478 4580 3612 4650 παρ’
3639 4579 3798 4650 ἡμῶν

2210 4668 2312 4739 ἥδη
2347 4669 2712 4740 ὁμολογεῖται.
2755 4671 2846 4741 Μὴ
2889 4665 2981 4725 οῦν
3018 4671 3083 4724 έκ
3132 4670 3229 4724 τοῦ
3279 4670 3454 4741 ἄχρις
3502 4667 3599 4735 οὗ,
3643 4673 3797 4736 τέλος

2210 4759 2352 4824 ἕξειν
2381 4761 2511 4812 ποτὲ
2544 4761 2644 4832 τὴν
2678 4757 2914 4832 Χριστοῦ
2955 4760 3259 4832 βασιλείαν,
3313 4761 3652 4833 ληρείτωσαν
3694 4780 3795 4815 κα-

2210 4851 2324 4915 κῶς
2349 4851 2596 4915 νοοῦντες
2621 4853 2689 4906 τὰ
2721 4841 2901 4917 καλῶς
2929 4852 3276 4923 πεφασμένα.
3317 4853 3412 4906 Ἐκ
3443 4853 3549 4926 γὰρ
3578 4855 3676 4920 τῆς
3701 4855 3798 4907 αὑ-

2206 4943 2307 5014 τῆς
2359 4941 2455 4996 τοῦ
2517 4943 2843 4996 Ἀποστόλου
2899 4943 3084 5015 φωνῆς
3131 4944 3471 5015 διελέγχεται
3525 4945 3708 4998 αὐτῶν
3759 4947 3795 5013 ἡ

2205 5034 2592 5088 είκαιοϐουλία.
2660 5035 3058 5090 Ἑϐασίλευσε
3110 5034 3222 5107 γὰρ
3273 5038 3306 5089 ὀ
3368 5034 3626 5102 θάνατος
3675 5036 3794 5090 ἀπὸ

2219 5123 2401 5194 Ἀδὰμ
2450 5123 2632 5195 μέχρι
2687 5126 2970 5191 Μωσέως,
3027 5125 3211 5195 φησίν.
3265 5121 3394 5197 Ἆρ’
3447 5117 3542 5180 οῦν
3601 5126 3794 5198 μέχρις

2213 5217 2424 5270 ἐκείνου
2479 5217 2852 5280 ἐϐασίλευσεν,
2898 5216 2931 5288 ἢ
2982 5219 3075 5272 καὶ
3115 5218 3413 5283 ὲπέκεινα;
3446 5220 3541 5284 Εἰς
3595 5218 3794 5282 πολλάς

2213 5309 2410 5378 γενεάς
2445 5309 2694 5371 ἐκτείνας
2742 5309 2808 5362 τὸ
2849 5310 3084 5380 κράτος·
3140 5311 3198 5363 ὂν
3239 5304 3326 5363 διὰ
3365 5311 3539 5382 πάσης
3569 5311 3793 5382 λογικῆς

2212 5401 2428 5472 ἡλικίας
2455 5401 2647 5454 θέοντα
2674 5401 2912 5472 Χριστὸς
2947 5401 3272 5455 ὑπεσκέλισε
3292 5444 3306 5465 ,
3335 5397 3400 5456 τὸ
3427 5401 3544 5458 κατ’
3585 5401 3793 5455 ἐκείνου

2211 5495 2413 5567 κράτος
2445 5494 2673 5566 βροτοὺς
2725 5496 3035 5567 ἀναδήσας,
3069 5496 3232 5559 αὐτὸς
3277 5494 3357 5565 τῷ
3397 5495 3612 5566 θανάτῳ
3641 5495 3796 5564 γενό-

2212 5601 2372 5656 μενος
2407 5585 2636 5648 θάνατος
2655 5599 2668 5617 ο
2703 5587 2831 5649 τοὺς
2856 5587 3000 5658 μέγα
3028 5603 3080 5639 τι
3118 5587 3211 5639 ἐπὶ
3238 5588 3430 5640 Μωσεί
3459 5584 3794 5658 φρονοῦντας

2319 5745 2366 5776 ’⁷⁸
2407 5745 2541 5799 ibid.
2567 5744 2662 5800 38.
2738 5743 2786 5776 "
2822 5741 3027 5801 Jerem.
3069 5760 3146 5806 Ix,
3189 5745 3239 5799 l.
3305 5742 3531 5798 "Joan-
3561 5741 3787 5802 “H.35-

2199 5817 2244 5846 "
2297 5816 2436 5872 Psal.
2497 5832 2571 5883 CI,
2616 5815 2811 5871 26-28.
2917 5816 2963 5847 “
3005 5814 3177 5872 Exod.
3231 5831 3319 5880 xv,
3363 5814 3431 5869 18
3472 5828 3584 5870 sec.
3627 5809 3791 5868 LXX.
