4142 6382
353 357 356 364 ’
372 356 508 412 I099

379 469 667 530 Ἰουδαίους
697 467 791 520 xa‘t
819 460 1251 530 ὲξουδενοῦντας,
1285 462 1379 515 καὶ
1409 459 1542 513 Θεὸν
1566 457 1730 512 αὐτὸν
1762 457 1939 525 ὑπάρ-

365 580 482 634 χειν
508 561 809 632 οἰομένους,
831 557 920 612 διὰ
938 557 1000 610 τὸ
1030 557 1168 626 μηδὲ
1197 555 1368 623 τάφον
1399 551 1566 605 αὑτοῦ
1592 547 1949 622 εὑρίσκεσθαι

369 654 531 724 μέχρι
557 655 820 722 τήμερον,
851 649 944 702 καὶ
970 650 1102 702 ὅταν
1151 646 1271 717 ἆμα
1309 644 1491 698 Ἡλίου
1527 642 1624 696 τοῦ
1666 641 1950 712 προφήτου

364 742 458 794 ἐπὶ
476 742 572 812 τῆς
585 739 896 812 ἀκρωρείας
912 737 1161 807 παρέστη
1179 733 1401 807 Χριστῷ
1421 730 1908 804 μεταμορφωθέντι
1933 747 1951 764 ο

364 833 504 888 ὥστε
535 833 629 903 μὲν
679 832 855 885 δοκεῖν
902 830 1100 892 αὐτοὺς
1141 828 1222 882 ἔτι
1265 827 1364 898 ζῇν
1399 826 1563 880 αὐτὸν
1604 821 1701 877 ἶσα
1768 823 1950 876 Ἠλίου

368 922 732 994 μετατεθέντα
780 924 836 974 ὲν
873 919 1074 991 σαρκίο
1119 917 1496 972 καταστέλλων
1533 915 1714 970 αὐτῶν
1745 915 1806 968 τὸ
1853 914 1954 982 φύ-

366 1022 549 1086 σημα,
613 1015 712 1069 ’καὶ
760 1015 860 1084 τὴν
912 1012 1224 1083 φλεγμονὴν
1267 1011 1373 1080 τῆς
1419 1008 1633 1072 εἰκαίας
1680 1006 1812 1080 περὶ
1857 1007 1952 1087 τρν

364 1102 536 1180 ἄνδρα
570 1106 729 1177 δόξης
754 1147 769 1171 ,
792 1103 987 1174 θνητὸν
1019 1103 1342 1164 ἀποδεικνὺς
1372 1101 1556 1162 αὐτὸν,
1593 1099 1687 1152 καλ⁵
1716 1099 1813 1168 τῆς
1855 1097 1954 1150 αὺ-

364 1201 466 1270 τῆς
502 1202 634 1271 ἡμῖν
679 1187 896 1267 φῦσεως
918 1239 932 1258 ,
963 1195 1126 1249 οἱονεὶ
1167 1192 1630 1248 δακτυλοδεικτῶν
1663 1193 1828 1246 αὐτὴν
1859 1182 1953 1246 καὶ

367 1293 614 1360 φάσκων,
665 1290 872 1360 Θνητὸς
913 1281 1178 1358 ὑπάρχων
1222 1287 1399 1340 ἔθανε
1433 1283 1681 1355 Μωσῆς,
1715 1286 1767 1338 τί
1813 1303 1953 1354 κομ-

367 1384 592 1448 πάζετε.
624 1377 668 1436 ὦ
705 1371 946 1435 Ἰουδαῖοι
971 1397 1004 1446 ;,
1023 1381 1118 1433 καὶ
1141 1371 1303 1433 πάλιν
1337 1379 1366 1432 6
1393 1379 1557 1442 αὑτός
1582 1397 1720 1450 φησι
1746 1380 1954 1448 διελέγ-

367 1486 478 1546 χων
513 1475 709 1538 αὐτοὺς
733 1516 746 1534 .
774 1472 962 1542 Μέχρι
988 1473 1099 1542 γὰρ
1131 1471 1420 1542 σήμερον,
1451 1467 1636 1540 ἡνίκα
1669 1466 1957 1542 ἀναγινώ-

368 1575 576 1621 σκεται
599 1563 852 1633 Μωσῆς,
885 1564 1166 1634 κάλυμμα
1185 1563 1282 1616 ἐπὶ
1307 1561 1424 1629 τὴν
1457 1561 1712 1630 καρδίαν
1757 1561 1958 1616 αὐτῶν

372 1659 578 1712 κεῖται.
624 1652 750 1728 Ἆρ’
789 1653 882 1710 οὖν
920 1655 1081 1727 μέχρι
1116 1653 1331 1708 Παύλου
1371 1651 1532 1722 μόνον
1580 1652 1614 1724 ἢ
1659 1651 1758 1706 καὶ
1792 1651 1956 1723 μέχρι

377 1751 688 1813 συντελείας
746 1749 920 1812 αὐτῆς
1001 1747 1242 1800 Ἰουδαῖοι
1315 1743 1726 1814 τυφλώττουσι;
1783 1742 1954 1797 Πάλιν

371 1844 416 1898 δ’
455 1846 484 1897 6
543 1843 709 1906 αὐτὸς
757 1839 1091 1895 ἐπιστέλλων
1151 1837 1466 1909 Κορινθίοις
1531 1836 1736 1908 φησίν’
1789 1837 1954 1906 Ἄχρι

381 1935 481 1988 καὶ
533 1931 706 2002 ὑμῶν
767 1929 1122 2000 ἐφθάσαμεν
1172 1928 1244 1981 ἐν
1294 1926 1374 1993 τῷ
1442 1926 1791 1996 Εὐαγγελίφ
1850 1924 1958 1979 τοῦ

374 2025 655 2095 Χριστοῦ.
706 2003 835 2095 θΛρ’
882 2023 943 2075 οὐ
993 2023 1153 2094 μέχρι
1209 2019 1476 2091 Κορίνθου
1526 2019 1730 2091 μόνης,
1777 2018 1811 2090 ἢ
1861 2020 1958 2072 καὶ

377 2119 486 2173 ἀπὸ
530 2119 627 2189 τῆς
679 2115 818 2187 ἑῴας
868 2114 1033 2186 μέχρι
1075 2112 1184 2166 τῶν
1221 2112 1493 2184 ἐσπερίων
1537 2111 1770 2180 ἔφθασεν
1817 2109 1962 2163 ὠκυ-

376 2211 556 2264 ποδῶν
578 2208 762 2276 κύκλῳ
782 2208 844 2261 τδ
882 2205 1194 2278 Ἰλλυρικὸν,
1222 2207 1318 2258 καὶ
1367 2204 1561 2276 μέχρις
1605 2203 1780 2273 αὐτῆς
1821 2199 1960 2255 Ῥώ-

381 2319 487 2372 μης
521 2299 802 2354 καταντῶν
840 2299 1138 2369 ἐκήρυττε;
1179 2299 1290 2350 Καὶ
1336 2297 1498 2351 πάλιν
1523 2296 1550 2349 6
1585 2296 1750 2359 αὑτός
1791 2311 1959 2366 φησιο

380 2391 882 2463 Παρακαλοῦντες
926 2389 1182 2456 ἑαυτοὺς
1214 2391 1354 2443 καθ’
1385 2389 1658 2459 ἑκάστην
1705 2387 1960 2457 ἡμέραν,

379 2488 552 2556 ἄχρις
594 2474 665 2541 οὗ
697 2485 762 2538 τὸ
801 2482 1071 2553 σήμερον
1105 2481 1395 2536 καλεῖται.
1456 2480 1615 2534 ’Λλλά
1659 2483 1755 2535 καὶ
1803 2477 1964 2536 Δαὸὶδ

379 2579 642 2649 προεῖπεν
684 2579 712 2630 6
752 2574 1074 2639 θεσπέσιος,
1128 2573 1402 2642 Σήμερον
1447 2573 1556 2626 ἐὰν
1606 2571 1716 2640 τῆς
1755 2574 1962 2643 φωνῆς

377 2669 566 2724 αὐτοῦ
610 2668 934 2734 ἀκούσητε,
972 2665 1068 2720 τοῦ
1096 2664 1233 2719 Θεοῦ
1261 2663 1538 2736 δηλονότι,
1560 2663 1647 2735 μὴ
1687 2668 1964 2734 σκληρύ-

378 2778 523 2827 νητε
549 2759 658 2825 τὰς
688 2758 938 2827 καρδίας
957 2752 1124 2828 ὑμῶν
1147 2757 1226 2823 ὡς
1249 2757 1320 2810 ἐν
1352 2754 1432 2822 τῷ
1459 2757 1962 2827 παραπικρασμῷ,

381 2853 529 2906 κατὰ
569 2851 686 2920 τὴν
734 2849 965 2919 ἡμέραν
1005 2849 1112 2905 τοῦ
1160 2847 1495 2918 πειρασμοῦ
1531 2848 1602 2901 ἐν
1645 2846 1720 2918 τῇ
1747 2849 1962 2917 ἐρήμῳ.

381 2946 558 3017 Μέχρι
593 2947 706 3008 τοῖς
753 2939 848 2997 οὖν
881 2941 1047 2997 Δαϐὶδ
1096 2941 1278 3009 μόνοις
1318 2941 1597 3011 ἀναγκαία
1626 2935 1737 3013 ἆρα
1783 2944 1816 3013 ἡ
1865 2942 1968 3012 τῆς

381 3038 533 3101 θείας
583 3033 766 3106 φωνῆς
809 3035 1026 3106 ὑπακοή
1048 3029 1070 3099 ’;
1125 3030 1189 3086 Ὢ
1231 3031 1331 3104 τῆς
1377 3031 1669 3103 παροινίας
1699 3032 1808 3086 τῶν
1841 3033 1967 3104 εἱκῆ

381 3128 563 3197 σοφῶν
581 3130 592 3182 !
615 3126 768 3181 αὐτοὶ
789 3121 886 3198 μὲν
901 3126 1140 3198 Χριστοῦ
1157 3125 1498 3197 ὑπάρχοντες
1510 3126 1972 3198 δημιουργήματα

387 3222 524 3292 μετὰ
568 3221 658 3273 τὸν
710 3220 985 3274 ἐνεστῶτα
1030 3218 1202 3272 αἰῶνα
1251 3217 1521 3289 ἄφθαρτοι
1565 3221 1659 3273 καὶ
1706 3219 1970 3274 ἀθάνατοι

383 3315 732 3385 ἀνιστάμενοι
762 3312 849 3366 διὰ
876 3310 1080 3376 παντὸς
1110 3312 1385 3382 μένωμεν,
1416 3312 1578 3376 αὐτὸς
1607 3313 1662 3365 δὲ
1684 3308 1793 3384 ἆρα
1822 3315 1850 3366 ὁ
1875 3313 1969 3366 τοῦ

384 3409 587 3471 παντὸς
617 3408 956 3478 ἀρχιτέκτων
990 3407 1084 3460 καὶ
1115 3405 1403 3477 πρύτανις,
1438 3407 1517 3468 εἰς
1558 3406 1782 3476 Πατέρα
1813 3405 1972 3457 παλι-

385 3501 653 3566 νοστήσας
695 3498 794 3552 οὐκ
827 3497 1015 3564 ἕτται;
1053 3496 1178 3560 Πῶς
1207 3495 1261 3549 δὲ
1292 3499 1388 3550 καὶ
1428 3495 1735 3566 βασιλεύειν
1786 3497 1973 3560 ἅῖδίως

394 3587 488 3642 καὶ
514 3588 802 3652 ἀθανάτως
833 3589 930 3642 σὺν
963 3587 1113 3659 αὑτῷ
1142 3586 1353 3660 βροτοῖς
1382 3588 1800 3656 ἐπαγγέλλεται,
1833 3589 1975 3642 αὐτὰ

401 3681 611 3735 ἐκείνου
644 3680 1083 3752 ἀφαιρουμένου,
1134 3682 1229 3734 καὶ
1273 3681 1508 3752 πέρασιν
1557 3684 1656 3751 τὴν
1696 3680 1974 3750 βασιλείαν

389 3772 732 3842 ἀποθεμένου
764 3813 779 3837 ,
812 3771 955 3826 κατά
986 3771 1114 3834 τοὺς
1140 3767 1579 3844 ματαιόφρονας;
1619 3772 1759 3826 Ἀλλ’
1794 3772 1976 3841 ἄπαγε

389 3867 488 3936 τῆς
519 3866 750 3930 ἀτοπίας
772 3905 785 3927 ,
823 3864 980 3932 ἀξιῶ.
1025 3857 1263 3933 Ἐλέγξει
1291 3867 1401 3938 γάρ
1443 3864 1640 3930 αὐτοὺς
1677 3868 1736 3919 ὲν
1783 3867 1882 3938 μὲν
1907 3868 1975 3938 τῇ

393 3959 610 4030 Παλαιᾷ
641 3957 804 4011 Δαϐὶδ
831 3959 962 4030 περὶ
985 3959 1084 4030 τῆς
1111 3957 1348 4029 Χριστοῦ
1381 3957 1638 4029 μελῳδῶν
1677 3957 1976 4030 βασιλείας,

407 4049 1110 4121 Ἐξομολοτνησάσθωσάν
1137 4065 1258 4112 σοι,
1295 4051 1490 4118 Κύριε,
1517 4049 1716 4104 πάντα
1740 4050 1814 4105 τὰ
1836 4051 1982 4120 ἔργα

417 4160 535 4196 σου
561 4159 572 4172 ·
618 4142 780 4213 ἔργον
807 4143 863 4195 δὲ
893 4140 1131 4213 Χριστοῦ
1164 4141 1232 4195 τὰ
1264 4140 1578 4212 σύμπαντα,
1613 4140 1981 4218 καθώς-φησιν

395 4235 424 4284 ὁ
459 4233 661 4304 ὑψηλὸς
707 4234 978 4304 Ἰωάννης,
1017 4234 1098 4286 ὅτι
1140 4234 1243 4287 Ἐν
1275 4230 1434 4302 ἀρχῇ
1461 4230 1542 4304 ἦν
1565 4237 1598 4288 ό
1632 4238 1843 4304 Λόγος,
1881 4232 1980 4287 καί

399 4324 430 4374 ό
459 4324 650 4390 Λόγος
688 4318 768 4393 ἦν
794 4323 944 4391 πρὸς
975 4323 1082 4376 τὸν
1111 4324 1279 4383 Θεὸν,
1313 4323 1410 4375 καὶ
1443 4323 1586 4388 Θεὸς
1606 4319 1686 4392 ἦν
1709 4325 1742 4376 ό
1766 4323 1980 4392 Λόγος,

400 4415 496 4468 καὶ
525 4418 557 4467 ό
578 4415 768 4484 Λόγος
789 4414 946 4483 σὰρξ
969 4415 1228 4484 ἐγένετο,
1252 4415 1351 4468 καὶ
1381 4414 1820 4483 ἐσκήνωσενέν
1836 4415 1983 4485 ἡμῖν

402 4506 654 4574 Χριστός
678 4523 692 4538 ·
743 4507 838 4559 καὶ
867 4507 948 4559 ὃτι
988 4506 1195 4561 Πάντα
1235 4505 1311 4560 δι’
1345 4507 1533 4560 αὐτοῦ
1571 4506 1828 4576 ἐγένετο.
1873 4509 1983 4562 Καὶ

403 4597 564 4651 πάλιν
598 4597 799 4660 Δαϐὶδ,
864 4598 926 4653 Ἠ
962 4599 1255 4661 ,ϐασιλεία
1298 4613 1440 4658 σου,
1492 4599 1647 4670 φησι,
1692 4600 1987 4663 ,βασιλεία

404 4689 647 4743 πάντων
688 4688 808 4742 τῶν
847 4690 1096 4753 αἰώνων,
1156 4691 1255 4746 καὶ
1304 4693 1343 4760 ἡ
1385 4689 1709 4744 δεσποτεία
1755 4707 1872 4745 σου
1920 4692 1992 4745 ἐν

404 4781 571 4848 πάσῃ
603 4780 778 4850 γενεᾷ
804 4781 900 4834 καὶ
926 4781 1118 4851 γενεᾷ.
1138 4782 1454 4853 Συμφὼνως
1473 4783 1529 4836 δὲ
1548 4784 1789 4855 Γαϐριὴλ
1813 4783 1991 4848 τούτῳ

412 4876 441 4927 6
475 4875 572 4942 τῆς
618 4872 929 4943 ἀπεράντου
967 4873 1246 4942 βασιλείας
1287 4871 1526 4942 Χριστοῦ
1560 4875 1807 4938 διάκονος
1836 4874 1986 4947 διαρ-

410 4962 575 5034 ῥήδην
719 5001 732 5024 ν
769 4963 879 5014 καὶ
903 4963 1267 5026 βασιλεύσει
1293 4966 1390 5018 ἐπὶ
1418 4966 1525 5019 τὸν
1571 4963 1740 5021 οἷκον
1781 4966 1991 5021 Ἰακὼϐ

406 5061 494 5123 εἰς
527 5056 668 5121 τοὺς
709 5057 949 5123 αἰῶνας,
993 5059 1091 5111 καὶ
1139 5059 1249 5127 τῆς
1273 5061 1599 5126 ,Βασιλείας
1642 5061 1828 5115 αὑτοῦ
1873 5062 1986 5114 οὐκ

407 5147 577 5201 ἔσται
609 5148 805 5212 τέλος.
833 5150 908 5200 Οὐ
933 5149 1138 5219 χρόνων
1159 5151 1339 5204 τοίνυν
1366 5151 1788 5223 περιοριστικῶν
1811 5153 1985 5224 ὑπάρ·

409 5240 492 5309 χει
523 5238 583 5292 τὺ
605 5238 874 5304 εἰωθότως
903 5241 1174 5311 πολλαχοῦ
1198 5243 1298 5314 τῆς
1332 5244 1484 5308 θείας
1511 5246 1824 5318 πεφρᾶσθαι
1848 5247 1992 5318 Γρα-

410 5334 537 5403 φῆς,
570 5333 631 5387 τὸ
669 5333 824 5405 ιγάρῖ
854 5335 1025 5404 ἄχρις
1051 5331 1145 5396 οὗ,
1181 5335 1214 5406 ἢ
1245 5336 1521 5405 τήμερον.
1558 5337 1716 5410 Παρὰ
1739 5339 1849 5410 γὰρ
1876 5338 1995 5410 Θεῷ

410 5425 711 5496 ἀνέσπερος
741 5426 836 5478 καὶ
871 5425 966 5495 μία
995 5425 1179 5494 ἡμέρα
1213 5427 1321 5489 πᾶς
1358 5428 1386 5478 ὀ
1418 5425 1574 5479 αἰών.
1616 5426 1849 5497 Ὁμοίως
1895 5428 1994 5481 καὶ

411 5517 616 5579 πάσαις
662 5519 784 5577 ταῖς
826 5519 1040 5588 νοεραῖς
1080 5518 1174 5569 καὶ
1206 5516 1455 5586 λογικαῖς
1499 5517 1816 5588 δυνάμεσιν,
1864 5520 1992 5572 ἐπεὶ

409 5608 687 5679 ἀδιάδοχον
716 5610 873 5662 νυκτὶ
904 5609 966 5662 τὸ
995 5611 1364 5680 ὑπερκόσμιον
1389 5610 1524 5679 φῶς.

487 5784 533 5814 ’⁸
575 5783 728 5842 Deut.
771 5801 960 5851 χχχιιι,
993 5787 1046 5841 5.
1123 5789 1168 5819 ⁸⁵
1208 5788 1243 5840 Il
1280 5789 1407 5843 Cor.
1444 5805 1524 5849 III,
1557 5791 1643 5843 15.

1759 332 2110 399 ὈιΑιιΟἶῖυὲ
2159 341 2242 398 Ill.

1760 5791 1806 5822 ⁸⁸
1849 5791 1884 5842 ll
1929 5791 2056 5845 Cor.
2090 5811 2142 5853 κ,
2187 5794 2270 5846 Η.
2349 5796 2392 5826 ⁸⁷
2437 5794 2820 5861 llebr.m,13.

414 5865 596 5912 cmv.
652 5857 740 5912 10.
814 5857 860 5890 ⁹⁰
901 5855 1058 5916 Joan.
1099 5875 1137 5926 ι,
1190 5859 1240 5914 l.
1318 5861 1360 5894 "
1403 5861 1537 5917 ibid.
1580 5863 1668 5917 14.
1747 5862 1790 5894 ⁹¹
1818 5862 1949 5918 ibid.
1988 5863 2038 5918 5.

3492 320 3636 391 tam

2052 471 2175 508 cum
2228 453 2344 507 Elia
2398 454 2663 525 [replicta
2717 453 2774 507 in
2824 449 3111 506 cacumine
3160 447 3366 502 mohth
3397 455 3639 502 astiterit

2054 547 2274 602 Christo
2308 548 2721 610 transformata,
2754 547 2828 600 ita
2860 553 2918 599 ut
2953 544 3055 614 ipsi
3089 551 3282 614 putent
3307 556 3432 595 eum
3459 540 3639 595 adhuc

2055 640 2237 693 vivere
2265 648 2319 694 et
2356 639 2411 693 in
2442 655 2629 703 carne,
2655 638 3113 710 quemadmodum
3144 646 3198 691 et
3227 636 3423 701 Eliam,
3455 645 3640 689 transa

2053 732 2224 786 latum
2257 750 2273 788 :
2314 733 2508 786 horum
2537 732 2874 786 inﬂationem
2908 730 3236 786 contrahens
3259 735 3642 797 tumoremque

2052 839 2208 879 vana:
2237 824 2304 879 de
2335 824 2441 879 hoc
2473 825 2588 879 viro
2633 825 2929 894 opinionis,
2969 823 3252 878 mortalem
3284 822 3524 877 ostendit
3558 822 3642 890 ip-

2056 931 2177 971 sum
2207 929 2261 971 et
2287 917 2534 986 ejusdem
2566 918 2852 972 nobiscum
2898 926 3128 982 naturae,
3159 917 3315 984 quasi
3347 916 3518 985 digito
3543 918 3640 969 de-

2056 1013 2372 1060 monstrans
2403 1021 2551 1068 eum,
2600 1013 2654 1060 et
2700 1007 2930 1061 dicens:
2970 1005 3214 1058 Mortuus
3247 1013 3324 1058 est
3372 1003 3546 1057 Moses
3571 1003 3641 1070 ⁸⁸,

2055 1098 2151 1168 qui
2189 1091 2440 1152 mortalis
2460 1111 2600 1161 erat,
2635 1099 2769 1168 quid
2803 1097 3138 1169 gloriamini,
3181 1113 3215 1151 o
3256 1095 3468 1150 Judaei?
3501 1094 3646 1149 Rur-

2058 1205 2266 1260 susque
2293 1191 2434 1243 idem
2464 1191 2995 1260 inquitredarguens
3017 1190 3167 1257 ipsos
3196 1207 3210 1243 :
3246 1187 3307 1242 In
3328 1188 3646 1242 hodiernum

2057 1297 2220 1352 usque
2270 1282 2430 1347 diem,
2459 1287 2669 1351 quando
2712 1282 2904 1353 legitur
2953 1281 3146 1347 Moses,
3188 1282 3358 1335 uelum
3408 1282 3647 1349 ipsorum

2058 1373 2205 1429 cordi
2238 1376 2544 1444 impositum
2585 1385 2662 1429 est
2699 1375 2766 1429 ⁸⁸.
2811 1373 2952 1428 Num
3006 1375 3171 1443 igitur
3198 1389 3371 1443 usque
3407 1374 3472 1426 ad
3507 1383 3648 1428 tem-

2059 1483 2192 1532 pora
2225 1466 2378 1520 Pauli
2415 1477 2650 1532 tantum,
2680 1483 2749 1521 an
2791 1467 2858 1520 ad
2905 1468 3078 1535 ipsam
3111 1465 3645 1520 consummationem

2063 1575 2235 1628 usque
2267 1558 2440 1614 Judaei
2470 1559 2804 1615 caecutiunt?
2834 1559 3045 1613 Rursus
3069 1558 3208 1611 idem
3236 1559 3300 1612 ad
3329 1557 3649 1614 Corinthios

2061 1651 2329 1716 scribens,
2361 1652 2535 1720 inquit
2581 1669 2595 1704 :
2648 1649 2828 1704 Etiam
2879 1667 3043 1718 usque
3094 1652 3164 1703 ad
3195 1667 3284 1704 vos
3315 1652 3650 1720 pervenimus

2064 1759 2184 1795 cum
2221 1741 2503 1813 Evangelia
2529 1742 2732 1797 Christi
2775 1742 2842 1796 ⁸⁸.
2889 1741 3029 1796 Νιιιη
3084 1743 3249 1811 igitur
3290 1750 3502 1797 tantum
3538 1742 3650 1797 Co-

2063 1836 2308 1890 riuthum
2343 1852 2540 1906 usque,
2584 1853 2655 1891 an
2698 1837 2767 1891 ab
2796 1837 3157 1893 orientalibus
3184 1839 3250 1892 ad
3281 1837 3650 1894 occidentales

2064 1944 2239 2000 usque
2273 1930 2542 1999 pewenit,
2571 1931 2852 2000 relocique
2895 1947 3057 1986 cursu
3101 1931 3432 1987 circumiens
3478 1929 3652 2002 Illyri--

2061 2037 2210 2086 cum,
2241 2021 2473 2077 Romam
2515 2039 2692 2092 usque
2721 2024 2936 2078 delatus
2973 2024 3323 2093 praedicavit?
3357 2023 3423 2078 Et
3451 2027 3648 2078 iterum

2063 2113 2205 2167 idem
2255 2114 2434 2185 inquit
2483 2133 2499 2170 :
2554 2115 2912 2171 Eas/tortantes
2970 2133 3058 2169 vos
3127 2117 3348 2171 invicem
3389 2118 3649 2188 quotidie,

2062 2205 2241 2274 quoad
2271 2205 2559 2260 hodiernus
2589 2205 2702 2261 dies
2729 2217 2948 2260 vocatur
2977 2208 3044 2259 ⁸⁷.
3073 2206 3128 2260 1(Ι
3153 2207 3298 2276 quod
3323 2219 3483 2262 antea
3513 2225 3652 2277 quo-

2063 2309 2174 2364 que
2215 2305 2368 2351 vates
2413 2297 2633 2351 divinus
2666 2297 2900 2354 Davides
2955 2300 3256 2369 protulerat
3305 2319 3320 2355 :
3378 2300 3553 2355 Hodie
3604 2302 3653 2356 si

2064 2401 2238 2440 uocem
2265 2387 2379 2456 ejus
2405 2387 2736 2455 audiveritis,
2773 2408 2970 2462 nempe
2989 2393 3103 2458 Dei,
3122 2411 3186 2448 ne
3210 2395 3470 2450 induretis
3491 2397 3653 2450 corda

2065 2489 2240 2534 vestra
2271 2482 2410 2534 sicut
2446 2483 2500 2536 in
2548 2484 2968 2548 exacerbatione,
3015 2486 3072 2538 in
3111 2487 3197 2540 die
3237 2489 3545 2543 tentationis
3597 2491 3653 2543 in

2065 2572 2269 2626 deserto
2315 2573 2380 2629 ⁸⁸.
2439 2573 2578 2629 Num
2618 2577 2784 2646 igitur
2829 2578 2936 2631 illis
2989 2587 3235 2644 tantum,
3287 2581 3381 2649 qui
3432 2580 3656 2636 fuerunt

2068 2661 2138 2715 ad
2179 2672 2424 2732 tempora
2483 2662 2726 2731 Davidis,
2771 2670 3080 2722 necessaria
3127 2669 3229 2723 fuit
3275 2671 3472 2726 divinae
3505 2673 3657 2727 vocis

2068 2753 2424 2809 obcdientia?
2453 2753 2498 2810 Ο
2541 2756 2814 2811 dementia
2863 2774 3131 2814 vanorum
3168 2762 3508 2832 sapientum!
3545 2761 3658 2819 Nos

2067 2847 2286 2917 quidem
2340 2849 2434 2917 qui
2494 2847 2666 2918 ipsius
2721 2849 2924 2905 Christi
2983 2868 3178 2908 sumus
3227 2854 3466 2925 opiﬁcia.
3534 2867 3660 2926 post

2068 2951 2309 3007 praesens
2337 2939 2600 2994 Steculum
2632 2940 3080 3011 incorruptibiles
3124 2955 3179 2999 et
3214 2946 3550 3004 immortales
3573 2965 3660 3003 re.

2071 3039 2380 3099 surgentes,
2438 3046 2655 3102 semper
2704 3048 3026 3102 manemus;
3094 3037 3208 3107 ipse
3247 3047 3430 3094 autem
3491 3043 3660 3097 totius

2078 3121 2456 3179 universitatis
2486 3125 2821 3182 architectus
2853 3136 2908 3182 et
2951 3128 3304 3198 gubernator,
3349 3132 3404 3186 in
3441 3130 3684 3188 Patrem'

2069 3226 2351 3278 reversus,
2388 3229 2499 3268 non
2531 3216 2770 3286 amplius
2793 3217 2939 3273 erit?
2970 3217 3256 3285 Quomodo
3281 3237 3412 3278 vero
3430 3239 3660 3296 regnum

2071 3303 2175 3373 ipsi
2204 3315 2468 3360 aaternum
2505 3316 2557 3361 et
2595 3309 2904 3364 immortale
2937 3311 3080 3366 inter
3107 3315 3358 3370 homines
3387 3319 3663 3384 promitti-

2073 3403 2184 3462 tur,
2213 3397 2258 3451 si
2285 3398 2503 3466 quidem
2539 3399 2644 3455 hoc
2687 3401 2975 3470 spoliatur,
3029 3417 3096 3456 ac
3138 3414 3259 3473 post
3291 3416 3470 3462 certos
3493 3423 3663 3477 quos-

2072 3485 2197 3542 dam
2233 3490 2496 3558 temporis
2523 3492 2790 3548 terminos
2834 3493 2884 3547 id
2914 3494 3170 3563 deponet,
3201 3499 3662 3566 quemadmodum

2075 3581 2328 3636 homines
2359 3583 2433 3636 illi
2466 3597 2606 3639 vana
2652 3594 2834 3640 mente
2874 3588 3085 3656 praediti
3131 3591 3353 3645 volunt?
3407 3591 3512 3647 Sed
3549 3610 3580 3649 a
3612 3605 3664 3650 te

2079 3673 2296 3742 procul,
2340 3672 2588 3740 obsecro,
2626 3674 2770 3730 absit
2808 3678 2936 3732 talis
2981 3679 3314 3737 absurditas.
3354 3679 3666 3754 Redarguet

2077 3766 2222 3820 enim
2252 3767 2400 3836 ipsos
2423 3767 2477 3820 in
2496 3768 2673 3823 Veteri
2709 3770 2930 3839 quidem
2962 3771 3304 3827 Testamento
3339 3773 3571 3833 Davides
3595 3778 3667 3834 de

2079 3857 2282 3913 Christi
2333 3875 2501 3929 regno
2540 3876 2788 3917 canens:
2833 3861 3201 3932 Conﬁteantur
3248 3868 3367 3935 tibi,
3420 3869 3663 3937 Domine,

2082 3952 2265 4005 omnia
2293 3968 2452 4020 opera
2475 3963 2568 4006 tua
2596 3948 2663 4007 ε’.
2691 3951 2838 4022 Opus
2865 3964 3044 4009 autem
3075 3955 3272 4012 Christi
3301 3969 3431 4014 suut
3459 3960 3512 4014 in
3540 3963 3666 4016 uni-

2080 4060 2301 4098 versum
2338 4045 2546 4111 omnia,
2577 4047 3041 4115 quemadmodum
3078 4049 3255 4120 inquit
3289 4052 3542 4108 sublimis
3577 4055 3669 4111 ille

2082 4131 2361 4194 Joannes:
2392 4135 2461 4193 In
2481 4141 2744 4210 principio
2777 4149 2892 4194 erat
2937 4139 3184 4205 Verbum,
3215 4153 3264 4197 et
3300 4143 3524 4200 Verbum
3550 4159 3668 4202 erat

2083 4233 2224 4294 apud
2258 4232 2445 4298 Deum,
2482 4244 2530 4286 et
2581 4232 2725 4288 Deus
2757 4245 2872 4289 erat
2920 4234 3145 4290 Verbum
3175 4237 3220 4269 9°
3265 4256 3279 4293 :
3317 4239 3409 4309 qui
3445 4241 3668 4311 quidem

2085 4347 2210 4383 caro
2254 4331 2456 4399 factum
2510 4344 2608 4399 est,
2639 4344 2690 4387 et
2717 4334 2975 4390 habitavit
3008 4337 3062 4392 in
3108 4337 3260 4391 nobis
3309 4337 3557 4392 Christus
3595 4340 3664 4394 ".

2090 4423 2233 4478 Idem
2267 4443 2280 4480 :
2319 4424 2512 4480 Omnia
2559 4445 2652 4496 per
2695 4430 2868 4496 ipsum
2912 4431 3058 4497 facta
3110 4442 3233 4485 sunt
3277 4433 3345 4485 ".
3387 4432 3448 4486 Et
3477 4447 3672 4486 rursus

2089 4516 2321 4572 Davides
2348 4520 2528 4589 inquit
2561 4541 2574 4576 :
2605 4521 2841 4593 Regnum
2885 4534 3033 4577 tuum
3056 4542 3273 4595 regnum
3304 4528 3542 4580 omnium
3567 4542 3673 4581 ste-

2087 4611 2348 4676 culorum,
2389 4623 2438 4666 et
2471 4613 2765 4668 dominium
2797 4625 2944 4669 tuum
2977 4618 3138 4672 durat
3184 4619 3240 4672 in
3283 4634 3490 4672 onmem
3519 4634 3673 4688 geneo

2088 4701 2346 4756 rationem
2374 4714 2422 4758 et
2470 4708 2858 4774 generationem
2893 4709 2961 4763 “.
3005 4709 3141 4765 Cum
3185 4711 3289 4766 hoc
3330 4719 3508 4766 autem
3537 4726 3671 4766 con-

2089 4793 2330 4846 sentiens
2381 4791 2664 4850 Cabrielus
2714 4797 2860 4852 illius
2917 4815 3197 4868 nunquam
3248 4800 3469 4853 ﬁniendi
3515 4802 3672 4870 regni

2091 4882 2294 4938 Christi
2329 4886 2577 4941 minister
2621 4889 2826 4943 diserte
2874 4889 3074 4944 clamat
3107 4910 3120 4945 :
3155 4890 3221 4944 Et
3248 4892 3488 4960 regnabit
3516 4909 3676 4961 super

2093 4976 2307 5031 domum
2333 4977 2499 5032 Jacob
2527 4981 2582 5033 in
2601 4981 2818 5043 swcula,
2839 4992 2888 5035 et
2911 4985 3052 5054 regni
3075 4985 3188 5054 ejus
3218 5002 3321 5039 non
3341 4988 3442 5040 erit
3465 4989 3590 5056 ﬁnis
3605 4990 3672 5040 “.

2094 5067 2211 5123 Non
2258 5072 2423 5137 igitur
2482 5082 2783 5142 temporum
2843 5075 3328 5131 determinatorum
3371 5091 3476 5144 est,
3527 5078 3676 5148 quod

2093 5174 2357 5242 consueto
2416 5180 2570 5221 more
2624 5167 2812 5222 multis
2867 5168 2920 5222 in
2972 5167 3105 5224 locis
3160 5185 3330 5225 sacrae
3379 5173 3679 5241 Scriptura:

2093 5255 2296 5310 dictum
2325 5265 2427 5322 est,
2458 5274 2640 5323 usque,
2668 5260 2850 5326 donec,
2875 5265 2930 5315 et
2949 5260 3124 5315 hodie.
3151 5263 3306 5332 Apud
3331 5263 3502 5318 Deum
3528 5265 3676 5320 enim

2094 5363 2318 5418 vespere
2369 5365 2565 5404 carens
2614 5358 2670 5405 et
2719 5353 2916 5406 unicus
2948 5354 3064 5408 dies
3104 5363 3190 5409 est
3237 5364 3350 5410 tota
3379 5358 3677 5413 aeternitas.

2095 5436 2359 5492 Similiter
2395 5448 2448 5493 et
2492 5441 2749 5496 omnibus
2792 5441 3193 5499 intellectilibus
3225 5461 3288 5501 ac
3318 5447 3680 5502 rationalibus

2093 5527 2200 5581 illis
2229 5530 2614 5597 potestatibus,
2647 5532 2908 5598 quoniam
2946 5546 2975 5584 a
3024 5533 3172 5586 nulla
3218 5547 3479 5604 sequente
3520 5545 3682 5590 nocte

2103 5620 2522 5674 ultramundaua
2557 5621 2645 5674 lux
2675 5623 2962 5698 ex’cipitur.

2899 5799 2944 5829 ⁸⁸
2983 5799 3124 5852 Psal.
3160 5816 3299 5870 XCIV,
3325 5802 3379 5857 8.
3451 5803 3496 5836 ⁸⁸
3535 5795 3682 5856 l‘sal.

2119 5865 2164 5896 ⁸³
2203 5862 2345 5922 Psal.
2385 5882 2569 5934 cum,
2608 5868 2702 5929 13,
2775 5869 2820 5902 ⁸⁵
2853 5867 2989 5926 Lur.
3031 5888 3071 5940 ι,
3109 5871 3198 5931 ὃὸ.
