4142 6382
492 359 623 418 £03!

900 476 1419 537 INTERROGATIO
1451 481 1672 540 CXXX.

577 587 744 657 Atqui
771 589 818 642 si
844 593 992 649 Patri
1011 595 1240 664 aequalis
1271 605 1377 661 est,
1404 597 1683 666 quomodo
1708 598 1892 668 inquit
1929 598 2073 668 ipse,

492 675 647 734 Nihil
677 691 842 748 potest
872 681 1053 740 Filius
1100 687 1278 752 facere
1329 706 1362 741 α
1409 699 1570 745 umet
1615 691 1755 759 ipso,
1796 690 1903 744 nisi
1941 689 2083 757 quod

490 769 680 826 viderit
711 772 994 837 facientem
1020 775 1236 831 Patrem
1255 780 1301 811 ’⁸
1325 778 1349 832 l

1133 885 1452 956 Responsio.

559 993 820 1063 Ejusdem
855 997 1150 1055 dementia:
1190 1010 1296 1066 est,
1345 1002 1413 1055 ad
1473 1003 1621 1058 hunc
1671 1003 1896 1059 modum
1953 1021 2084 1078 erga

490 1084 583 1140 Dei
638 1087 837 1142 Filium
905 1093 1252 1162 unigenitum
1313 1094 1570 1149 affectum
1634 1111 1777 1152 esse.
1812 1096 2086 1168 Sequetur

489 1178 638 1232 enim
706 1181 936 1234 omnino
983 1183 1262 1250 duplicem
1324 1185 1672 1240 Statuendam
1735 1202 1860 1241 esse
1926 1204 2084 1242 crea-

492 1269 726 1334 tionem;
759 1270 921 1323 aliam
951 1272 1172 1341 quidem
1202 1270 1383 1328 Patris
1421 1274 1536 1345 jam
1569 1275 1891 1346 perfectam,
1921 1279 2084 1333 aliam

488 1374 619 1414 vero
649 1359 772 1415 Filii
814 1378 938 1432 qua:
977 1365 1162 1419 adhuc
1194 1365 1534 1435 perficiatur,
1566 1377 1620 1423 et
1649 1369 1914 1436 paulatim
1958 1384 2086 1440 pro-

487 1452 792 1523 gradiatur,
828 1470 893 1508 ac
947 1456 1014 1509 ad
1064 1456 1429 1512 imitationem
1503 1460 1804 1514 creatiouis
1845 1471 2086 1531 paternae

489 1547 714 1600 condat.
747 1544 1055 1603 Ostendam
1082 1549 1249 1620 igitur
1276 1551 1435 1606 nobis
1474 1551 1695 1606 Arianae
1734 1553 1964 1607 insaniae
1991 1570 2082 1609 se-

490 1645 732 1692 ctatores
756 1640 896 1694 duos
929 1642 1075 1696 soles
1104 1651 1158 1696 et
1187 1642 1327 1696 duas
1353 1643 1502 1698 faces
1531 1643 1773 1710 lunares,
1803 1655 1858 1699 et
1888 1647 2090 1700 discer-

488 1741 623 1783 naut
655 1730 815 1786 nobis
840 1733 1069 1802 quinam
1108 1733 1189 1788 sol
1219 1732 1400 1787 Patris
1425 1739 1520 1799 sit,
1554 1745 1649 1788 aut
1680 1737 1776 1806 qui
1807 1737 1880 1792 sit
1917 1736 2039 1792 Filii
2069 1754 2084 1804 ;

486 1838 609 1894 quae
650 1825 721 1878 sit
750 1825 882 1879 luna
908 1826 1114 1890 Patris,
1156 1844 1280 1896 quae
1320 1826 1469 1883 Filii.
1509 1828 1778 1883 Similiter
1817 1841 1998 1884 autem
2031 1844 2086 1888 et

485 1917 552 1969 de
586 1925 730 1970 terra
762 1927 816 1972 et
843 1918 982 1971 mari
1030 1919 1226 1972 merito
1278 1920 1570 1990 quaesiero.
1615 1919 1905 1986 Quomodo
1952 1922 2079 1976 item

481 2016 614 2061 Vera
645 2007 791 2063 dicet
815 2008 963 2063 ﬁlius
1000 2010 1090 2063 ille
1143 2011 1375 2065 tonitrni
1417 2010 1682 2079 Joannes,
1739 2014 1832 2083 qui
1883 2015 2083 2068 doctri-

501 2114 627 2151 nam
657 2100 725 2154 de
755 2097 936 2155 Verbo
971 2101 1261 2155 incarnato
1289 2117 1354 2155 ex
1382 2103 1556 2172 ipsius
1585 2105 1708 2158 sinu
1739 2121 1836 2174 per
1867 2105 2082 2161 deriva-

485 2187 690 2240 tionem
722 2188 929 2253 hausit,
965 2199 1023 2242 et
1057 2191 1215 2258 quasi
1253 2190 1478 2246 divinus
1506 2193 1650 2246 calix
1701 2194 1962 2264 impletus
2011 2210 2080 2249 ex

484 2279 709 2348 perenni
768 2279 939 2344 fonte,
1005 2282 1231 2336 verbum
1283 2283 1441 2345 illud,
1501 2283 1697 2339 Omnia
1753 2302 1847 2354 per
1907 2289 2078 2356 ipsum

477 2377 630 2446 facta
669 2387 793 2430 sunt
822 2377 893 2442 ",
950 2383 1006 2431 in
1062 2393 1284 2432 omnem
1349 2380 1450 2432 soli
1506 2380 1812 2450 subiectam
1876 2395 2079 2440 terram

479 2471 646 2540 pluit,
697 2471 858 2541 quasi
923 2471 1108 2526 dicere
1167 2471 1332 2525 vellet
1383 2472 1454 2526 ad
1526 2473 1743 2526 nullum
1797 2477 2079 2544 exemplar

485 2570 580 2614 aut
611 2563 975 2618 simulacrum
997 2564 1389 2634 respicientem
1412 2564 1614 2619 Filium
1644 2571 1830 2620 omnia
1862 2565 2087 2622 facere?

484 2656 557 2707 At
579 2670 764 2724 quem,
789 2657 1043 2721 obsecro,
1075 2657 1276 2710 Filium
1301 2656 1326 2709 ?
1353 2656 1458 2722 Qui
1491 2667 1693 2712 nostne
1720 2668 1930 2712 naturae
1958 2662 2079 2712 uui-

485 2755 588 2806 tus,
607 2758 692 2802 est
721 2750 777 2802 in
809 2759 968 2803 utero
994 2758 1271 2819 perpetua:
1296 2751 1534 2820 virginis
1567 2750 1771 2814 Marize,
1826 2753 2076 2822 adeoque

491 2840 811 2910 unigenitus
843 2843 936 2896 ille
981 2841 1076 2896 Dei
1107 2841 1282 2896 Filius
1310 2843 1514 2897 missus
1562 2857 1590 2896 a
1639 2840 1820 2908 Patre,
1849 2845 1944 2914 qui
1978 2861 2078 2898 ιιςι-

478 2942 734 2988 aceretur
762 2949 798 2988 e
832 2934 1084 2997 muliere,
1122 2936 1591 3003 quemadmodum
1619 2935 1838 2991 divinus
1863 2938 1951 2992 ille
1974 2945 2077 2991 do-

479 3037 575 3081 cet
604 3027 924 3096 Apostolus.
959 3025 1062 3082 Ubi
1097 3028 1287 3099 igitur,
1317 3038 1412 3080 aut
1442 3028 1668 3098 quando
1710 3041 2080 3100 conspexerat

483 3121 707 3175 Patrem
747 3122 1205 3186 incarnatum,et
1262 3132 1476 3187 natum,
1521 3133 1576 3177 et
1624 3125 1976 3188 crucifixum,
2027 3133 2080 3178 et

479 3214 783 3283 sepultum,
817 3221 873 3267 et
897 3229 964 3267 ex
1001 3223 1177 3267 morte
1203 3215 1617 3278 resuscitatum,
1654 3224 1713 3267 ut
1745 3215 1860 3268 lucc
1902 3203 2078 3284 ipsius

482 3307 738 3376 exemplo
771 3315 958 3376 ageret
981 3307 1004 3359 ?
1031 3303 1133 3359 Ubi
1170 3322 1299 3360 vero
1323 3308 1548 3362 Patrem
1598 3308 1852 3371 audiens,
1892 3310 2080 3364 consi-

483 3399 698 3454 militer
731 3399 948 3469 inqu-it:
977 3397 1305 3453 Poteslalem
1339 3398 1504 3451 habeo
1555 3401 1779 3468 ponendi
1847 3402 2081 3453 animam

485 3507 680 3554 meam,
700 3501 749 3544 et
783 3506 970 3544 rursus
998 3489 1244 3543 sumendi
1283 3505 1401 3542 eam
1419 3490 1462 3520 ’⁷
1496 3489 1519 3542 ?
1545 3489 1700 3556 Item,
1727 3489 1868 3555 Quia
1900 3492 2080 3546 nullus

480 3583 673 3636 adimit
693 3599 808 3636 eam
839 3582 986 3643 mihi,
1017 3582 1107 3635 sed
1135 3599 1228 3652 ego
1265 3598 1402 3651 pono
1457 3599 1575 3635 eam
1622 3599 1686 3636 ex
1730 3600 1807 3637 me
1852 3585 1964 3654 ipso
1991 3585 2084 3638 98?

485 3675 590 3733 Ubi
622 3692 752 3731 vero
785 3676 998 3730 Patrem
1035 3677 1326 3746 conspexit
1349 3676 1606 3744 jumento
1651 3685 1895 3744 vectum,
1927 3689 1982 3731 et
2013 3679 2081 3732 ad

487 3773 637 3826 imus
689 3772 1050 3826 imitationem
1111 3769 1557 3841 Hierosolymam
1625 3771 1783 3825 asino
1837 3771 2082 3826 insidens

485 3859 777 3918 venit?Ut
836 3862 1155 3918 summatim
1200 3861 1408 3924 dicam,
1462 3861 1531 3917 ad
1580 3863 1722 3916 nihil
1774 3863 2078 3932 respiciens

485 3955 679 4023 Filius,
707 3972 770 4009 ea
803 3971 928 4025 qua:
954 3954 1099 4009 dicta
1155 3963 1285 4009 sunt
1333 3954 1514 4009 facere
1555 3955 1754 4010 solitus
1807 3955 1928 4010 fuit.
1983 3954 2082 4011 Ne-

481 4063 596 4119 que
619 4049 766 4102 enim
791 4047 1063 4100 Adamum
1097 4043 1369 4109 formans,
1429 4054 1484 4097 et
1541 4060 1611 4100 ex
1646 4045 1738 4099 illo
1774 4047 1940 4099 Evam
1992 4045 2078 4100 fa-

482 4146 655 4206 ciens,
700 4142 868 4196 alium
919 4142 1232 4212 quempiam
1277 4141 1512 4197 rationis
1545 4142 1896 4212 participem,
1957 4158 2078 4197 ma-

486 4236 706 4290 sculum
737 4243 832 4289 aut
884 4233 1180 4299 feminam,
1221 4249 1249 4288 a
1286 4233 1446 4290 Patre
1499 4235 1660 4290 condi
1716 4236 1957 4299 viderat,
2011 4237 2078 4291 ad

481 4341 648 4396 quem
680 4341 847 4380 suum
881 4325 1216 4391 fabricaret;
1262 4326 1354 4378 sed
1391 4341 1518 4380 cum
1565 4334 1711 4380 esset
1751 4326 1936 4395 0pil'ex
1983 4342 2080 4397 per

482 4437 564 4482 se,
619 4421 864 4488 adeoque
909 4420 1225 4474 liberrimus
1276 4421 1649 4474 universitatis
1702 4422 1868 4490 hujus
1908 4421 2076 4486 Deus,

485 4521 612 4567 ante
641 4511 1078 4565 incarnationem
1114 4523 1168 4565 et
1199 4522 1322 4580 post
1349 4513 1498 4568 illam
1533 4513 1702 4579 idem,
1738 4514 1832 4584 qui
1865 4525 1920 4569 et
1942 4517 2079 4572 velle

481 4608 664 4662 facere
679 4608 870 4661 omnia
898 4615 1128 4676 poterat,
1163 4623 1227 4660 ne
1255 4607 1433 4676 ipsum
1463 4607 1553 4662 Dei
1578 4608 1952 4663 adversarium
1977 4609 2071 4666 Pa-

478 4701 652 4754 trisve
691 4713 1072 4769 oppressorem
1117 4699 1542 4764 arbitrarentur,
1594 4699 1686 4768 qui
1727 4716 1856 4771 erga
1891 4702 2068 4772 ipsum

483 4790 801 4852 cmcutiunt,
849 4788 1030 4858 inquit
1089 4807 1105 4844 -ε
1160 4789 1313 4842 Nihil
1359 4800 1530 4859 potest
1583 4791 1756 4860 facere
1811 4790 1988 4847 Filius
2042 4812 2077 4848 a

477 4901 539 4938 se
592 4885 728 4953 ipso,
773 4883 874 4936 nisi
903 4884 1043 4953 quod
1073 4883 1211 4936 videt
1240 4882 1458 4937 Patrem
1486 4885 1764 4954 facientem
1784 4888 1847 4938 ’9.
1899 4887 2074 4942 Simul

477 4983 538 5027 et
571 4973 644 5026 de
681 4987 870 5039 amore
904 4972 1218 5040 parentibus
1263 4973 1444 5027 debito
1495 4989 1593 5027 nos
1627 4975 2072 5033 commonefacit.

887 5063 1412 5120 INTERROGATIO
1432 5064 1668 5119 CXXXI.

552 5155 838 5223 Quomodo
866 5164 1049 5210 autem
1075 5153 1283 5210 Jacobo
1318 5166 1370 5210 ct
1407 5155 1626 5220 .l'oauni,
1667 5156 1908 5212 Z’ebedaei
1947 5159 2072 5215 ﬁliis

480 5267 800 5309 comes-um
830 5266 960 5305 cum-
995 5250 1116 5319 ipso
1159 5251 1486 5318 petentibus,
1541 5250 1748 5319 inquit:
1802 5251 1992 5307 Sedere
2038 5271 2071 5309 a

1537 368 1597 424 S.
1637 366 1946 426 C£SABII
1983 367 2317 426 GREGORII
2359 367 2664 429 FRATRIS

3643 374 3788 432 ωτι

2790 485 3040 541 ΠΕΥΣΙΣ
3076 488 3201 540 Ριν.

2262 601 2373 654 Καὶ
2393 602 2443 654 εἰ
2469 600 2564 654 τοῦ
2613 601 2830 674 Πατρὺς
2858 598 2976 666 ἴσος
2997 642 3012 662 ,
3046 603 3164 666 πῶς
3200 600 3363 665 αὐτὸς
3387 602 3558 671 λέγει,
3590 603 3789 657 οὐδὲν

2187 691 2438 745 δύναται
2460 695 2493 746 ὀ
2530 693 2662 759 Υἱὸς
2681 694 2879 746 ποιεῖν
2896 695 2996 764 ἀφ’
3021 695 3262 760 ἑαυτοῦ,
3288 695 3396 749 ἐὰν
3413 697 3558 765 μήτε
3573 696 3785 767 ,βλέπῃ

2186 783 2294 836 τὸν
2315 784 2548 853 Πατέρα
2577 786 2906 851 ποιοῦντας

2807 897 3180 967 Ἀπόκρισις.

2258 1006 2450 1078 Πάσης
2461 1007 2647 1071 ἀνοίας
2658 1009 2719 1061 τὸ
2739 1007 2911 1072 οὕτως
2937 1027 3004 1062 πε
3012 1010 3066 1081 pi
3077 1010 3168 1063 τὸν
3181 1011 3314 1064 Θεοῦ
3334 1012 3504 1065 Παῐδα
3520 1009 3782 1084 μονογενῆ

2186 1098 2320 1152 Θεὸν
2343 1099 2912 1170 διακεῖσθαι.”Εψεται
2932 1101 3041 1174 γὰρ
3063 1102 3230 1166 ὄντως
3251 1103 3431 1175 διττὴν
3448 1105 3659 1159 οἴεσθαι
3681 1108 3786 1158 πᾶ-

2190 1207 2288 1242 σαν
2308 1191 2408 1262 τὴν
2437 1191 2634 1256 κτίσιν,
2656 1193 2756 1262 τὴν
2779 1192 2876 1262 μὲν
2894 1191 2984 1244 τοῦ
3014 1192 3225 1258 Πατρὸς
3237 1192 3337 1265 ἤδη
3349 1195 3778 1269 ἀπηρτισμένην,

2187 1281 2287 1353 τὴν
2303 1283 2359 1335 δὲ
2383 1283 2475 1338 τοῦ
2497 1284 2626 1338 Υἱοῦ
2652 1284 2732 1338 ἔτι
2763 1285 3073 1357 δρωμένην,
3092 1284 3349 1339 καὶκατὰ
3375 1285 3542 1356 μέρος
3562 1285 3783 1353 εἰσαγοι

2192 1373 2383 1443 μένην,
2418 1373 2560 1428 κατά
2604 1376 2839 1446 μίμησιν
2875 1377 2975 1447 τῆς
3022 1374 3285 1446 πατρῴας
3313 1377 3775 1447 τεκταινομένην.

2187 1464 2532 1528 Δειξάτωσαν
2569 1467 2749 1522 τοίνυν
2797 1469 2928 1539 ἡμῖν
2971 1469 3022 1521 οἱ
3058 1468 3158 1537 τῆς
3209 1467 3422 1537 Ἀρείου
3459 1469 3658 1539 μανίας
3689 1468 3785 1520 δύο

2189 1557 2375 1627 ἡλίους
2403 1559 2500 1612 καὶ
2547 1557 2640 1611 δύο
2677 1559 2946 1628 φαίνοικας
2973 1599 2988 1623 ,
3019 1559 3115 1612 καὶ
3160 1559 3602 1631 διακρινάτωσαν
3644 1561 3782 1630 ἡμῖν

2191 1653 2343 1713 ποῖος
2369 1653 2398 1704 ὁ
2436 1651 2530 1703 τοῦ
2575 1649 2824 1723 Πατρδς,
2853 1651 2938 1715 τίς
2966 1651 3012 1704 δ’
3041 1653 3070 1704 ὁ
3102 1649 3196 1704 τοῦ
3244 1650 3377 1705 Tim")
3401 1669 3415 1682 ·
3451 1653 3546 1705 καὶ
3577 1653 3708 1705 ποία
3741 1654 3776 1722 ἡ

2189 1742 2284 1796 τοῦ
2323 1743 2534 1814 Πατρὸς
2573 1745 2751 1814 μήνη,
2784 1743 2869 1806 τίς
2900 1743 2956 1795 δὲ
2991 1744 3025 1813 ἡ
3061 1741 3156 1795 τοῦ
3193 1744 3414 1806 Παιδὸς.
3463 1743 3696 1814 Ὁμοίως
3724 1743 3783 1795 δὲ

2195 1837 2290 1889 καὶ
2326 1838 2454 1906 περὶ
2487 1835 2587 1905 τῆς
2617 1836 2815 1907 χέρσου
2845 1837 2938 1888 καὶ
2979 1837 3082 1906 τῆς
3111 1835 3390 1906 Θαλάσσης
3418 1837 3644 1900 εἰκότως
3675 1836 3780 1906 ζη-

2189 1931 2359 2000 τήσω.
2410 1927 2532 1991 Πῶς
2579 1928 2636 1980 δὲ
2688 1929 2779 1982 καὶ
2825 1927 3118 2001 ἀληθεύσει
3159 1929 3188 1980 ὁ
3239 1930 3340 1998 τῆς
3386 1927 3619 1999 βροντῆς
3668 1929 3784 1992 uit;

2199 2019 2472 2088 Ἰωάννης.
2503 2021 2532 2073 ὁ
2565 2019 2656 2072 τὸν
2699 2019 2858 2089 λόγον
2901 2021 3030 2090 περὶ
3067 2020 3162 2072 τοῦ
3195 2020 3370 2088 Λόγου
3401 2019 3785 2093 σαρκωθέντος

2187 2115 2252 2185 τῇ
2294 2114 2409 2166 ἐκεῖ
2444 2114 2507 2165 ἐκ
2551 2111 2662 2166 τῶν
2696 2112 2912 2166 κόλπων
2965 2111 3132 2167 αὑτοῦ
3191 2112 3525 2184 μετακλήσει
3567 2113 3783 2184 ἀρυσά-

2192 2221 2373 2276 μενος,
2408 2205 2502 2258 καὶ
2529 2205 2690 2256 οἱονεὶ
2717 2203 2859 2266 θεῖος
2897 2203 3111 2275 κρατὴρ
3144 2204 3252 2257 ἀπὸ
3297 2205 3510 2276 κρήνης
3553 2205 3782 2258 ἁεννάου

2191 2295 2522 2366 πληρωθεὶς,
2549 2295 2642 2347 xa‘t
2670 2293 2752 2354 τὸ,
2779 2291 2982 2347 Πάντα
3005 2292 3082 2346 δι’
3109 2294 3297 2348 αὐτοῦ
3319 2294 3580 2362 ἐγένετο,
3618 2293 3783 2364 ἐξομ-

2189 2382 2383 2452 6ρίσας
2431 2384 2496 2451 τῇ
2546 2381 2636 2450 ὑφ’
2685 2382 2860 2451 ἡλίῳ·
2907 2381 2982 2446 ὡς
3033 2383 3172 2454 πρὸς
3220 2382 3425 2454 μηδένα
3465 2384 3783 2454 ἀρχέτυπόν

2187 2491 2308 2527 τινα
2345 2475 2378 2544 ἢ
2431 2474 2785 2545 παράδειγμα
2817 2475 3028 2545 ὁρῶντα
3073 2475 3164 2528 τὸν
3205 2476 3334 2530 Υἱὸν
3387 2476 3570 2530 πάντα
3602 2479 3778 2550 aps»;

2191 2564 2287 2627 Τίς
2337 2564 2394 2618 δὲ
2431 2563 2576 2636 ipa;
2631 2565 2688 2618 Ὀ
2738 2567 2804 2637 τῇ
2844 2566 3091 2637 ἡμετέρᾳ
3126 2565 3286 2635 φύσει
3341 2566 3562 2630 ὲνωθεὶς
3608 2570 3664 2621 ὲν
3712 2571 3782 2640 τῇ

2189 2657 2347 2726 νηδύϊ
2373 2656 2474 2725 τῆς
2505 2656 2831 2720 ’Δείπαιδος,
2861 2659 2894 2728 ἢ
2918 2660 3135 2722 πάντως
3157 2662 3184 2713 ὁ
3216 2659 3509 2731 μονογενὴς
3534 2661 3627 2714 τοῦ
3645 2661 3782 2714 Θεοῦ

2191 2749 2363 2812 Παῖς,
2401 2749 2730 2812 ἀποσταλεὶς
2777 2750 2883 2802 ὑπὸ
2922 2751 3016 2802 τοῦ
3060 2752 3272 2822 Πατρὸς
3306 2753 3638 2822 γεννηθῆναι
3673 2753 3782 2806 ὑπὸ

2190 2839 2443 2906 γυναικὸς
2465 2881 2479 2903 ,
2511 2838 2693 2897 καθὼς
2726 2843 2753 2893 ὁ
2784 2839 2926 2904 θεῖος
2975 2841 3221 2894 παιδεύει
3276 2843 3618 2907 Ἀπόστολος.
3666 2844 3780 2898 Π(ιῦ

2187 2925 2281 2982 οὖν
2319 2931 2350 3001 ἢ
2387 2930 2518 2983 πότε
2567 2931 2816 3003 ἀθρήσας
2861 2932 2952 2984 τὸν
3005 2934 3224 3004 Πατέρα
3278 2936 3633 3006 σαρκωθέντα
3684 2937 3783 2990 καὶ

2187 3022 2464 3091 τεχθέντα,
2506 3021 2600 3075 καὶ
2649 3023 3052 3092 σταυρωθέντα,
3089 3028 3183 3078 καὶ
3215 3028 3474 3096 ταφέντα,
3507 3029 3602 3081 καὶ
3641 3029 3781 3082 ἀνα-

2190 3114 2390 3167 στάντα
2412 3115 2532 3167 κατ⁹
2564 3116 2747 3167 ἐκεῖνα
2772 3115 3135 3186 διεπράξατο;
3171 3117 3280 3172 Ποῦ
3324 3117 3382 3172 δὲ
3403 3121 3498 3173 τοῦ
3520 3119 3783 3192 Γεννήτο-

2191 3222 2282 3277 ρος
2331 3207 2537 3259 ἐπαΐων
2591 3207 2990 3278 παραπλησίως
3039 3212 3241 3281 φησὶν,
3292 3210 3619 3274 Ἐξουσίαν
3660 3214 3784 3282 ἕχω

2185 3295 2373 3348 θεῖναι
2396 3295 2510 3364 τὴν
2543 3298 2758 3366 ψυχήν
2779 3317 2922 3368 μου,
2965 3301 3065 3353 καὶ
3103 3301 3294 3355 πάλιν
3312 3302 3523 3355 λαϐεῖν
3544 3303 3782 3370 auctir;

2183 3394 2278 3443 καὶ
2311 3392 2392 3443 ὅτι
2433 3391 2641 3458 Οὐδεὶς
2683 3395 2834 3461 αὶζρει
2877 3395 3073 3464 αὐτὴν
3119 3397 3220 3449 ἀπ’
3261 3397 3430 3466 ἐμοῦ,
3475 3399 3628 3452 ἀλλ’
3662 3399 3783 3467 ἐγὼ

2182 3484 2379 3552 τίθημι
2425 3486 2622 3553 αὐτὴν
2674 3487 2780 3556 ἀφ’
2831 3488 3089 3553 ἐαυτοῦ;
3144 3490 3252 3544 1Ιοῦ
3299 3490 3356 3542 δὲ
3406 3490 3499 3543 τὸν
3549 3490 3778 3563 Πατέρα

2182 3575 2430 3648 ἀθρήσας
2481 3579 2761 3652 ὑποζυγίῳ
2801 3581 3190 3653 ἐποχούμενον,
3229 3584 3353 3636 κατ’
3406 3585 3638 3647 ἐκεῖνον,
3694 3587 3781 3647 εἰς

2193 3669 2553 3743 Ἰερουσαλὴμ
2603 3673 2709 3744 ὄνῳ
2739 3672 3103 3746 καθεζόμενος
3141 3672 3280 3746 ﬁxe;
3319 3678 3426 3729 Καὶ
3470 3677 3778 3748 συλλήϐδην

2182 3764 2378 3828 εἰπεῖν,
2414 3765 2550 3836 πρὸς
2581 3765 2732 3818 οὐδὲν
2767 3767 2990 3835 ἀφορῶν
3024 3770 3072 3824 et
3095 3768 3225 3832 Υἱὸς
3270 3767 3337 3820 τὰ
3376 3767 3610 3839 ρηθέντα
3641 3769 3780 3838 δρᾷν

2182 3856 2396 3911 εἴωθεν.
2425 3857 2563 3911 Ούτε
2590 3859 2696 3929 γὰρ
2723 3860 2814 3912 τὸν
2856 3861 3027 3932 Ἀδὰμ
3053 3861 3334 3926 πλάττων,
3355 3864 3452 3915 καὶ
3476 3862 3538 3926 ἐξ
3557 3861 3778 3915 ἐκείνου

2181 3947 2280 4020 τὴν
2307 3948 2451 4001 Εὕαν
2480 3950 2852 4022 δημιουργῶν,
2892 3951 3079 4023 ἕτερον
3111 3953 3330 4020 λογικὸν
3363 3953 3532 4024 ἄρσεν
3559 3953 3594 4024 ἢ
3639 3952 3782 4024 θῆλυ

2183 4041 2288 4094 ὑπὸ
2315 4041 2410 4094 τοῦ
2443 4043 2655 4114 Πατρὸς
2684 4043 2904 4112 γεγονὸς
2929 4043 3096 4114 ἐώρα,
3131 4047 3268 4116 πρὸς
3293 4047 3470 4098 ἐκεῖνο
3490 4042 3551 4097 τδ
3573 4046 3780 4098 οἰκεῖον

2181 4134 2801 4204 ἀποτεχνούμενοςοάλΥ
2832 4135 3095 4207 αὐθέντης
3114 4138 3376 4208 ὑπάρχων
3405 4136 3775 4208 δημιουργὸς,

2181 4231 2276 4284 καὶ
2320 4228 2665 4294 αὑτεξούσιος
2711 4230 2820 4282 τῶν
2868 4228 3004 4282 ὅλων
3035 4230 3198 4294 Θεὸς,
3248 4231 3362 4302 πρὸ
3397 4230 3776 4302 σαρκώσεως,

2181 4328 2276 4381 καὶ
2314 4325 2430 4397 μετ’
2478 4325 2695 4394 ἐκείνην
2748 4325 2777 4376 ὁ
2822 4324 2986 4388 αὐτὸς
3037 4323 3368 4396 βουληθῆναι
3407 4325 3591 4379 πάντα
3631 4325 3779 4396 δρᾷν

2179 4413 2291 4481 οἶός
2321 4435 2380 4468 τε
2410 4416 2503 4469 ῶν.
2539 4417 2660 4469 Ἵνα.
2689 4412 2784 4470 οὖν
2831 4419 2906 4488 μὴ
2939 4417 3181 4470 ἀντίθεον
3214 4417 3376 4470 αὐτὸν
3409 4418 3442 4488 ἢ
3496 4419 3776 4490 πατρολύ-

2184 4529 2290 4582 μαν
2330 4511 2586 4582 οῖηθῶσιν
2614 4515 2663 4565 oi
2703 4512 2838 4584 πρὸς
2872 4509 3036 4563 αὐτὸν
3066 4510 3472 4580 ἀμϐλύττοντδς
3497 4551 3512 4574 ,
3567 4513 3774 4582 φησίν

2174 4603 2368 4658 Οὐδὲν
2411 4601 2661 4657 δύναται
2710 4607 2741 4658 ὀ
2794 4601 2926 4669 Υἱὸς
2957 4601 3151 4655 ποιεῖν
3189 4602 3291 4671 ἀφ’
3339 4602 3604 4667 ἑαυτοῦ,
3660 4604 3777 4660 ἐὰν

2174 4693 2321 4765 μήτι
2353 4695 2560 4762 ,ϐλέπῃ
2615 4695 2721 4749 τὸν
2762 4696 2995 4763 Πατέρα
3028 4694 3342 4748 ποιοῦντα·
3389 4696 3507 4766 ἅμα
3549 4697 3607 4750 δὲ
3667 4701 3770 4753 καὶ

2181 4787 2573 4860 φιλοπατορίαν
2607 4790 2754 4860 ἡμᾶς
2792 4788 3082 4842 παιδεύων.

2737 5071 2987 5124 ΠΕΥΣΙΣ
3020 5069 3189 5127 PAA'.

2245 5165 2368 5220 Καὶ
2386 5162 2501 5226 πῶς
2536 5160 2780 5232 Ἰακώϐῳ
2804 5164 2898 5215 καὶ
2931 5164 3154 5238 Ἰωάννῃ
3179 5166 3294 5227 τοῖς
3309 5163 3450 5228 υἱοῖς
3473 5165 3770 5223 Ζεϐεδαίου

2175 5255 2573 5326 συγκαθεδρίαν
2606 5252 2819 5307 αἰτοῦσι
2850 5268 2982 5323 φησι
3007 5296 3021 5317 ,
3058 5253 3130 5308 Td
3159 5255 3410 5308 καθίσαι
3436 5255 3506 5308 ἐκ
3541 5255 3769 5320 δεξιῶν

483 5345 671 5394 dextra
690 5351 744 5393 ει
771 5358 804 5393 a
832 5341 1072 5403 sinistra,
1123 5357 1232 5394 non
1253 5352 1327 5394 est
1363 5357 1534 5394 meum
1564 5343 1713 5409 dare,
1761 5345 1850 5398 sed
1879 5346 2066 5415 quibus

2185 5365 2289 5409 nov
2325 5347 2422 5400 καὶ
2476 5345 2546 5409 ἐξ
2583 5346 2925 5414 εὐωνύμων,
2969 5347 3082 5400 οὐκ
3108 5346 3286 5400 ἔστιν
3311 5346 3462 5415 ἐμὸν
3506 5347 3724 5401 δοῦναι
3749 5389 3776 5413 ,.

482 5443 736 5503 pamtwn
757 5443 833 5485 eu
858 5430 1072 5486 aPatre
1097 5448 1210 5484 meo
1229 5432 1288 5484 "l'
1312 5431 1492 5498 Quare
1520 5449 1627 5488 non
1658 5445 1918 5505 tanquam
1948 5452 2068 5507 pro-

484 5528 601 5596 pria
617 5525 878 5594 praeditus
893 5525 1234 5589 auctori-tate,
1269 5525 1438 5579 dixit:
1468 5526 1678 5590 Quibus
1698 5529 1916 5597 paravi;
1951 5537 2067 5591 aut,

488 5616 697 5681 Quibus
716 5619 961 5686 voluero;
1023 5617 1118 5672 sed
1164 5618 1230 5670 ad
1272 5615 1486 5671 Patrem
1536 5619 1686 5686 ipsos
1728 5621 1971 5690 relegat?
2012 5621 2067 5676 ld

483 5718 663 5762 autem
695 5726 802 5766 non
841 5719 926 5765 est
951 5709 1184 5778 alicujus
1221 5709 1654 5782 libereagentis._

560 5875 610 5910 ⁸⁸
640 5876 798 5935 Joan.
840 5898 890 5945 ν,
934 5883 1022 5938 19.
1097 5883 1144 5917 ³³
1182 5881 1343 5939 J‘oan.
1382 5900 1428 5952 ι,
1461 5885 1516 5940 5.

2174 5438 2312 5492 ἀλλ’
2347 5433 2437 5502 οἷς
2476 5437 2833 5504 ἡτοίμασται
2865 5434 2984 5490 ὑπὸ
3011 5434 3117 5488 τοῦ
3161 5437 3394 5504 Πατρός
3422 5455 3565 5506 μου.
3607 5440 3770 5493 Aur-ci

2181 5530 2255 5601 μὴ
2283 5529 2359 5592 ὡς
2385 5528 2646 5598 αὐθέντης
2684 5523 2859 5594 εἶπεν,
2891 5523 2985 5590 Οἷς
3007 5528 3301 5599 ήτοίμασα,
3323 5530 3356 5599 ἦ
3386 5524 3482 5593 Οἷς
3508 5531 3768 5601 θελήσως

2177 5621 2291 5674 ἀλλ’
2339 5622 2428 5674 ἐπὶ
2465 5619 2558 5674 τὸν
2589 5619 2811 5692 Πατέρα
2848 5620 3046 5685 αὐτοὺς
3066 5619 3466 5690 ἀπεπέμψατο;
3498 5623 3676 5677 Τοῦτο
3703 5622 3777 5678 δὲ

2176 5711 2277 5764 οὐκ
2307 5710 2454 5764 ἔστιν
2487 5708 2864 5776 αὑτεξουσίου.

1590 5886 1636 5918 ⁸⁷
1674 5885 1834 5942 Joan.
1873 5905 1926 5955 ι,
1981 5888 2070 5945 18η.
2147 5887 2350 5962 ”_ibid.
2429 5888 2472 5919 ³³
2497 5884 2658 5942 Joan.
2690 5901 2741 5952 ν,
2781 5885 2862 5940 l9.
2936 5883 3174 5941 ‘Mattb.
3210 5900 3303 5953 xx,
3330 5885 3421 5941 εδ.
