4142 6382
374 391 517 454 1053

979 516 1329 584 Ἀπόκρισις.

447 606 559 677 Οὑχ
604 604 679 668 ὠς
725 606 799 677 μὴ
846 602 957 670 οἷός
999 625 1061 660 τε
1103 610 1424 680 παρασχεῖν,
1481 606 1779 669 ἀπείπατο,
1833 606 1948 660 ἀλλ’

376 694 586 767 εὐλόγῳ
622 696 728 749 τινὶ
760 697 1031 765 ἀποφάσει
1070 698 1425 753 καταστέλλει
1466 698 1647 752 αὐτῶν
1675 699 1773 769 τὴν
1801 698 1950 767 οἴδη-

378 802 485 854 σιν,
521 788 616 840 καὶ
652 788 751 857 τὴν
777 791 918 843 κατὰ
949 790 1057 843 τῶν
1104 791 1486 863 συμφοιτητῶν
1516 791 1853 862 κορύφωσιν,
1878 792 1951 845 δι’

375 881 598 935 ἐκείνων
629 884 723 937 καὶ
750 884 876 947 τοὺς
902 884 1121 949 λοιποὺς
1151 886 1519 957 σωφρονίζων,
1548 886 1643 939 καὶ
1675 886 1767 939 τὸν
1803 886 1946 956 σμύ-

375 990 539 1044 χοντα
570 975 750 1039 αὑτοῖς
779 977 977 1030 ἄτοπον
1002 976 1178 1047 ἔρωτα
1214 977 1322 1030 τῶν
1350 978 1631 1052 πρωτείων
1665 979 1947 1050 μαραίνων

374 1065 454 1136 τῷ
474 1066 757 1139 πληκτικῷ
779 1069 877 1139 τῆς
892 1071 1236 1138 ἀποφάσεως.
1255 1071 1329 1124 Οὐ
1355 1070 1464 1141 γάρ
1490 1088 1671 1142 φησιν,
1699 1072 1780 1125 ὅτι
1800 1072 1949 1142 Παρ-

376 1158 487 1230 έχει
510 1161 638 1232 ὑμῖν
667 1161 882 1226 πάντως
906 1166 933 1216 ὁ
954 1164 1163 1235 Πατὴρ,
1188 1163 1322 1227 ἀλλ’,
1352 1159 1451 1230 Οἷς
1474 1164 1828 1232 ἡτοίμασται
1854 1181 1950 1216 πο-

374 1250 577 1310 νοῦσιν,
619 1253 932 1307 ὑπονύττων
961 1257 1155 1319 αὐτοὺς
1185 1257 1319 1325 πρὸς
1349 1257 1549 1328 ἀρετὴν
1572 1258 1666 1310 καὶ
1696 1255 1945 1328 ἀνδρίαψ

374 1343 593 1415 πρῶτον
647 1346 743 1417 τὴν
787 1346 995 1403 εὔνοιαν
1047 1348 1438 1416 ἐπιδείξασθαι,
1496 1350 1766 1420 καὶπρὸς
1819 1349 1947 1411 τοὺς

370 1431 590 1501 ἀγῶνας
619 1436 1010 1503 ἀποδύσασθαι,
1040 1440 1133 1493 καὶ
1164 1438 1262 1511 τὴν
1294 1441 1432 1510 ὑπὲρ
1457 1439 1619 1493 αὑτοῦ
1650 1440 1753 1503 ἓως
1781 1438 1946 1493 θανά-

374 1537 470 1575 του
513 1521 762 1577 ἔνστασιν
813 1529 906 1579 καὶ
951 1528 1249 1598 ἀναίρεσιν.
1296 1528 1463 1581 Οὑπω
1504 1529 1634 1599 γὰρ,
1676 1531 1830 1601 φησὶ,
1877 1529 1946 1582 τά

373 1618 484 1689 ἐμὰ
512 1620 837 1691 ἐκηρύξατε,
880 1624 972 1676 καί
1004 1624 1122 1686 πῶς
1147 1624 1246 1687 τὰς
1274 1625 1455 1693 φωνὰς
1483 1624 1774 1695 κηρύττειν
1801 1624 1945 1696 ἱμεί-

378 1708 557 1780 ρεσθε,
581 1709 790 1764 οὐδέπω
822 1712 1173 1783 ραπισθέντες
1202 1714 1342 1785 ὑπὲρ
1371 1714 1505 1785 ἐμοῦ
1531 1731 1544 1779 ;
1583 1714 1946 1768 Ἀποδύσασθε

373 1800 552 1854 τοίνυν
597 1801 734 1873 πρὸς
782 1804 911 1867 τοὺς
939 1803 1155 1872 ἀγῶνας
1183 1806 1240 1858 ὲν
1268 1804 1347 1876 τῷ
1393 1805 1619 1877 σταδίῳ,
1652 1806 1945 1859 κατέλθετε

373 1891 469 1945 ἐπὶ
494 1892 555 1945 τδ
588 1894 844 1965 σκάμμα,
889 1895 1319 1967 αὑτομολήσατε,
1355 1897 1645 1969 ἀχείρωτοι
1688 1899 1907 1968 μείνατε
1928 1937 1944 1963 ,

374 1984 469 2039 καὶ
496 1985 610 2055 ἅμα
632 1984 712 2057 τῷ
733 1985 960 2059 λυθῆναι
980 1986 1073 2040 τοῦ
1108 1988 1374 2058 παρόντος
1395 1988 1590 2052 αίῶνος
1618 1988 1677 2041 τὸ
1698 1989 1944 2061 θέατρον,

373 2075 485 2145 ἐγὼ
542 2079 670 2147 ὑμῖν
714 2077 921 2131 ἔπαθλα
961 2081 1086 2143 τοὺς
1130 2079 1352 2150 θρόνους
1390 2076 1548 2145 αὖθις
1591 2082 1944 2153 παρέχομαι,

372 2166 469 2223 νῦν
503 2168 547 2221 δ’
588 2169 732 2239 ὑμᾶς
761 2171 984 2232 εἰκότως
1030 2171 1392 2242 ἀποσείομαν
1434 2173 1530 2226 τοῦ
1570 2173 1791 2243 Πατρὸς
1841 2174 1945 2242 φά-

373 2276 595 2325 σκοντος
632 2263 859 2327 ἐκείνοις
890 2262 1198 2333 δωρεῖσθαι.
1235 2265 1310 2318 Οὑ
1353 2264 1461 2337 γὰρ
1493 2266 1695 2337 ἑτέρως
1734 2261 1843 2319 οἷόν
1887 2284 1947 2320 τε

373 2353 530 2423 ὑμῶν
559 2354 660 2425 τὴν
686 2355 897 2426 μητέρα
924 2355 1018 2408 καὶ
1047 2356 1191 2426 ὑμᾶς
1215 2356 1561 2427 διοχλοῦντας
1591 2359 1942 2430 ἀποκρούσα-

374 2446 519 2501 σθαι.
559 2447 631 2499 ’Ἦ
675 2446 815 2499 κατὰ
864 2449 988 2510 τοὺς
1022 2450 1327 2519 παρασχεῖν
1370 2466 1422 2501 τι
1455 2449 1561 2520 πρὸ
1600 2449 1793 2519 καιροῦ
1830 2452 1945 2513 τοῖς

371 2538 581 2591 αἰτοῦσι
619 2538 693 2611 μὴ
729 2538 1105 2610 βουλομένους,
1140 2540 1256 2594 ἀλλ’
1289 2541 1462 2612 ἑτέρῳ
1493 2541 1598 2594 τινὶ
1626 2542 1723 2613 τὴν
1756 2543 1946 2596 αὐθεν-

372 2630 495 2682 τίαν
526 2630 792 2700 ὑπάρχειν
824 2630 1371 2701 προσωπευομένους,
1408 2632 1607 2701 μήπως
1637 2631 1945 2701 κομισάμε-

372 2738 474 2787 νοι,
512 2722 868 2793 ῥᾳθυμότεροι
906 2723 1043 2793 πρὸς
1087 2723 1187 2792 τὴν
1221 2721 1433 2776 εὑνοιαν
1464 2724 1559 2775 καὶ
1593 2724 1817 2794 ἀνδρίαν
1844 2724 1943 2792 γέ-

371 2833 591 2882 νωνται,
626 2814 952 2886 ἀρκούμενοι
982 2814 1059 2886 τῷ
1091 2815 1318 2882 δοθέντι,
1368 2816 1565 2886 μηκέτι
1607 2819 1789 2869 πονεῖν
1822 2817 1947 2887 βου-

370 2911 603 2980 λόμενοι.
625 2908 781 2962 Οὕτω
800 2910 908 2979 γὰρ
927 2910 1021 2962 καὶ
1045 2912 1094 2980 οἱ
1121 2910 1213 2962 ἐπὶ
1240 2910 1341 2980 γῆς
1364 2910 1738 2979 βασιλεύοντες
1769 2914 1944 2965 ποιεῖν

373 2999 618 3061 εἰώθασι,
649 2998 969 3070 προεδρείας
999 3000 1032 3070 ἦ
1067 3003 1401 3069 στρατηγίας
1430 2998 1579 3070 παρά
1602 3017 1764 3053 τινων
1797 3001 1944 3054 έκλι-

372 3091 732 3164 παρούμενοι·
763 3091 943 3163 κύριοι
984 3091 1081 3161 μὲν
1109 3092 1203 3144 τοῦ
1233 3090 1413 3144 δοῦναι
1449 3092 1804 3165 ὑπάρχοντες,
1836 3094 1943 3162 πρὸ

373 3181 565 3255 καιροῦ
586 3181 734 3252 δὲμὴ
769 3180 1101 3253 βουλόμενοι,
1127 3181 1315 3253 ἕτερος
1347 3182 1534 3255 ἑτέρου
1566 3184 1661 3254 τὴν
1694 3183 1944 3249 ἐξουσίαν

370 3274 774 3349 ἀποτιθέμενοι,
804 3278 869 3346 τῇ
900 3275 1205 3347 καραδοκίᾳ
1233 3278 1328 3347 τῆς
1364 3277 1635 3349 ὑπεροχῆς
1657 3280 1784 3341 τοὺς
1844 3279 1949 3332 ίκέ-

370 3388 470 3434 τας
492 3371 631 3440 ὑπὲρ
651 3370 749 3440 τῆς
781 3367 1055 3438 βασιλείας
1083 3367 1460 3438 διεγείροντες,
1489 3370 1583 3422 καὶ
1617 3364 1945 3438 ἁμιλλᾶσθαι

371 3464 570 3526 αὑτοὺς
616 3461 901 3530 ἀλλήλοις,
946 3459 1039 3512 καὶ
1093 3461 1329 3531 σφριγᾷν
1380 3460 1476 3513 καὶ
1528 3460 1943 3532 παραθήγεσθαι

373 3552 515 3607 κατὰ
543 3552 650 3604 τῶν
669 3538 940 3619 πολεμίων
964 3548 1491 3619 παρασκευάζοντες.
1527 3550 1762 3622 Ἑτέρως
1783 3569 1841 3604 τε
1864 3552 1942 3605 δέ·

373 3644 495 3699 ista!
548 3642 764 3695 ἐδόκουν
787 3638 946 3693 αὑτὸν
965 3638 1064 3709 τὴν
1088 3638 1182 3692 ἐπὶ
1197 3639 1299 3709 γῆς
1317 3639 1649 3711 πρόσκαιρον
1671 3640 1946 3710 βασιλείαν

377 3732 699 3806 βασιλεύειν,
740 3732 903 3801 φησὶν
942 3730 1145 3796 αὑτοῖς,
1175 3733 1297 3784 Οὐκ
1320 3732 1520 3786 οἴδατε
1548 3733 1606 3785 τί
1642 3732 1902 3788 αἰτεῖσθε
1925 3750 1941 3765 ’

374 3825 609 3889 ὡσανεὶ,
670 3822 972 3893 Ἐκνήψατε
997 3862 1010 3885 ,
1049 3815 1094 3875 ὦ
1136 3822 1388 3891 φοιτηταί
1433 3840 1566 3894 μου,
1608 3824 1844 3896 ἀνάϐητε
1877 3829 1945 3898 τῇ

374 3914 583 3986 διανοίᾳ
609 3914 665 3967 ἐν
684 3915 749 3985 τῇ
776 3914 880 3982 ἐμῇ
914 3911 1177 3983 βασιλεία,
1214 3912 1289 3983 μὴ
1320 3914 1447 3985 περὶ
1473 3913 1542 3967 τὰ
1559 3915 1946 3986 παριπτάμενα

374 4006 528 4077 δίκην
564 4002 880 4080 νυκτερινοῦ
912 4004 1195 4074 φάσματος
1215 4043 1231 4068 ,
1284 4006 1360 4075 μὴ
1386 4006 1514 4075 περὶ
1536 4005 1606 4058 τὰ
1632 4007 1947 4078 χαμαίζηλα

373 4095 473 4171 ἦτε
502 4097 829 4168 γεγηθότεψ
870 4098 1078 4166 μήποτε
1116 4097 1210 4148 καὶ
1238 4096 1390 4166 παρὰ
1436 4097 1531 4150 τοῦ
1580 4099 1793 4171 Πατρός
1844 4118 1946 4171 μου

373 4190 664 4261 ἀκούσητε,
676 4192 788 4243 Ούκ
800 4189 943 4243 ἔστιν
958 4190 1089 4259 ἐμὸν
1104 4188 1284 4243 δοῦναι
1295 4191 1500 4255 ἁπλῶς,
1514 4191 1626 4245 ἀλλ’
1643 4194 1771 4263 ὑμῖν
1787 4195 1949 4248 ἀπαι-

373 4284 532 4354 τῆσαι
561 4282 657 4353 τὴν
678 4282 784 4335 τῶν
802 4280 1024 4350 ἀγώνων
1050 4283 1143 4335 καὶ
1170 4282 1403 4354 ἱδρώτων
1428 4285 1949 4355 ἀντάμειῴιν.”Δγα-

381 4374 606 4445 μαινγὰρ
638 4373 874 4444 ὀφείλειν
899 4374 1027 4443 ὑμῖν
1054 4374 1285 4438 εὐνοίας,
1316 4375 1349 4445 ἦ
1376 4376 1626 4443 ἐγκαλεῖν
1653 4378 1945 4449 ῥᾳθυμίας.

377 4469 491 4521 Οὐκ
535 4467 680 4519 ἐστιν
712 4467 843 4537 ἐμὸν
887 4464 1091 4530 δοῦναι,
1134 4465 1247 4520 ἀλλ’
1293 4467 1536 4521 οὐδὲτοῦ
1586 4470 1799 4539 Πατρός
1842 4489 1947 4541 μου

376 4559 563 4622 ἁπλῶς
600 4561 712 4621 τοῖς
745 4556 1007 4623 αἰτοῦσιν,
1048 4559 1169 4610 ἐπεὶ
1200 4556 1267 4611 ἂν
1310 4562 1491 4626 φονεῖς
1520 4561 1611 4613 καὶ
1642 4563 1820 4631 μοιχοὶ
1851 4565 1947 4617 καὶ

381 4652 489 4713 πᾶς
540 4649 812 4720 μοχθηρὸς
861 4650 951 4702 καὶ
994 4650 1290 4713 ἀκόλαστος
1345 4651 1621 4715 αἰτοῦντες
1679 4654 1770 4723 μοὶ
1818 4672 1950 4723 συγ-

377 4741 710 4795 καθίσονται.
742 4743 852 4794 Ούκ
871 4740 1015 4793 ἔστιν
1038 4740 1324 4812 ἡμέτερον,
1350 4742 1443 4795 τοῦ
1473 4742 1652 4796 δοῦναι
1677 4744 1823 4814 είκῆ,
1856 4747 1949 4799 καὶ

379 4830 766 4901 παραχαράξαι
793 4829 855 4882 τὸ
880 4830 1109 4884 δίκαιον.
1157 4831 1537 4901 Δικαιοκρίτου
1574 4832 1685 4901 γὰρ
1715 4833 1778 4886 τὸ
1807 4836 1950 4905 πρὸς

376 4920 532 4986 ἀξίαν
558 4921 772 4990 ἑκάστῳ
796 4920 1105 4989 ἀπονέμειν,
1129 4921 1222 4973 καὶ
1255 4921 1326 4992 μὴ
1357 4922 1479 4984 τοὺς
1505 4921 1782 4993 ίδροῦντας
1808 4941 1949 4995 παρ-

380 5011 529 5074 ιδεῖν,
570 5010 664 5062 καὶ
693 5009 955 5081 ῥᾳθύμοις
992 5013 1311 5081 παρασχεῖν.
1336 5011 1400 5063 Εἰ
1419 5010 1594 5063 τοίνυν
1614 5011 1721 5064 τῶν
1740 5012 1946 5082 θρόνων

375 5101 560 5172 ἐρᾶτε,
589 5103 714 5165 τοὺς
737 5100 955 5169 ἀγῶνας
983 5101 1083 5154 οὑκ
1113 5103 1378 5170 ἀγνοεῖτε.
1412 5103 1549 5175 πρὸς
1574 5103 1666 5167 οὒς
1701 5104 1943 5173 ὀφείλετε

377 5194 748 5247 ἀποδύσασθαι
773 5210 787 5226 ο
835 5193 910 5264 μὴ
945 5191 1024 5264 τῷ
1050 5193 1272 5265 τρίϐωνι
1311 5194 1403 5248 καὶ
1432 5197 1499 5265 τῇ
1526 5195 1710 5268 ὑπήνῃ
1751 5196 1847 5249 καὶ
1876 5198 1940 5267 τῇ

380 5283 650 5355 βακτηρίᾳ
701 5284 880 5355 μόνοις
912 5283 1331 5355 ὲναὸρυνόμενοι
1353 5325 1393 5346 ,,
1422 5285 1555 5339 ἀλλὰ
1591 5288 1705 5349 τοῖς
1753 5286 1943 5350 πόνοις

376 5378 504 5439 τοὺς
536 5376 756 5449 θρόνους
798 5375 1178 5447 ἐξωνούμενοι,
1221 5378 1315 5430 καὶ
1358 5379 1420 5430 τὸ
1449 5380 1728 5450 κριτήριον
1767 5378 1944 5433 ἱλεού-

379 5485 547 5540 μενοι.

939 5652 1185 5705 ΠΕΥΣῙΣ
1223 5652 1390 5707 ΡΛΒ’.

459 5742 571 5797 Καὶ
602 5744 650 5797 sl
680 5743 755 5807 ὡς
788 5745 815 5796 ὁ
842 5743 1031 5814 Πατὴρ
1071 5742 1369 5813 δυνάμενος
1414 5745 1513 5801 καὶ
1537 5743 1880 5810 αὑτεξούσιος
1911 5749 1940 5800 ὁ

455 5881 480 5915 ³
510 5878 695 5939 Matth.
723 5895 820 5947 xx,
854 5878 951 5935 22.

541 5977 959 6061 Ρλτειοι-βει.
998 5970 1358 6037 XXXVIII.

1764 396 2113 455 DIALOGUS
2148 399 2233 457 lli.

3502 398 3636 457 1054

2692 517 2992 587 Responsio.

2128 606 2247 661 Non
2297 608 2454 678 quasi
2501 609 2807 678 praestando
2833 625 2943 663 non
2972 617 3138 672 esset,
3180 608 3484 681 denegavit,
3540 609 3639 666 sed

2058 699 2307 768 prudenti
2350 700 2585 769 quodam
2637 708 2895 769 praetextu
2924 702 2991 755 ad
3037 702 3360 757 modestiam
3419 714 3639 760 revocat

2056 791 2298 860 ipsorum
2318 790 2539 856 fastum,
2552 802 2605 847 et
2619 795 2881 850 adversus
2899 795 3301 865 condiscipulos
3316 796 3603 851 elationem
3619 814 3638 851 :

2056 899 2153 953 per
2177 884 2299 940 illos
2340 885 2502 940 etiam
2539 887 2779 957 reliquos
2821 888 3114 958 castigans,
3154 897 3210 943 et
3250 903 3541 943 accensum
3577 888 3635 941 in

2056 978 2189 1045 ipsis
2223 978 2518 1034 absurdum
2565 995 2808 1035 amorem
2855 982 3127 1050 primatus
3152 981 3507 1051 exstinguens
3529 989 3640 1035 ter-

2056 1086 2181 1125 rore
2210 1073 2605 1141 denegationis.
2637 1072 2755 1129 Non
2781 1073 2924 1128 enim
2953 1074 3115 1128 dicit:
3147 1074 3385 1129 Omnino
3413 1074 3638 1145 largitur

2055 1162 2109 1216 id
2137 1166 2288 1219 vehis
2304 1165 2487 1231 Pater,
2522 1165 2832 1236 sed,quibus
2855 1176 3105 1235 paratum
3133 1176 3207 1221 est
3232 1168 3637 1231 laborantibus,

2053 1256 2411 1311 exstimulans
2456 1256 2607 1325 ipsos
2647 1258 2712 1311 ad
2744 1259 3002 1311 virtutem
3033 1266 3087 1312 et
3117 1258 3518 1323 fortitudinem,
3574 1267 3638 1312 ut

2054 1348 2291 1416 primum
2326 1347 2761 1401 benevolentiam
2803 1349 3268 1412 demonstrarent,
3326 1350 3391 1404 ad
3456 1358 3638 1404 certa-

2055 1439 2198 1492 mina
2225 1449 2398 1494 semet
2429 1440 2793 1509 accingerent,
2824 1455 2924 1509 pro
2953 1441 3071 1510 ipso
3104 1440 3171 1494 ad
3204 1450 3437 1495 mortem
3461 1456 3639 1512 usque

2054 1540 2370 1585 constanter
2424 1542 2854 1600 perseverarent.
2910 1531 3165 1588 Nondum
3219 1534 3385 1601 enim,
3437 1534 3634 1605 inquit,

2052 1625 2173 1679 aliis
2203 1640 2323 1680 mea
2366 1626 2732 1695 praedicastis:
2777 1636 2831 1680 et
2872 1640 2981 1694 quo
3021 1626 3236 1679 tandem
3276 1636 3435 1695 pacto
3472 1642 3635 1682 voces

2055 1718 2382 1771 annuntiare
2438 1716 2785 1782 desideratis,
2833 1718 3078 1772 nondum
3124 1732 3224 1787 pro
3260 1733 3349 1773 me
3386 1720 3632 1789 colaphis

2049 1809 2215 1864 caesi?
2254 1808 2486 1864 Proinde
2529 1809 2857 1878 expedimini
2902 1809 2967 1863 ad
2999 1810 3299 1864 certamina
3332 1810 3387 1864 in
3427 1811 3629 1871 stadio,

2047 1899 2359 1955 descendite
2383 1901 2437 1954 in
2457 1901 2651 1956 theatri
2670 1915 2910 1963 caveam,
2934 1901 3141 1956 alacres
3170 1900 3420 1965 incedite,
3444 1901 3632 1954 invicti

2047 2000 2284 2058 manete,
2314 2000 2368 2046 et
2390 1993 2793 2062 quamprimum
2828 1990 3109 2061 praesentis
3137 1990 3324 2045 szeeuli
3354 1990 3631 2045 theatrum

2048 2082 2287 2138 solutum
2322 2082 2505 2146 fuerit,
2554 2097 2659 2150 ego
2687 2097 2813 2137 mox
2859 2081 3015 2136 vobis
3062 2081 3152 2135 illa
3183 2080 3321 2137 solia
3367 2088 3627 2150 tanquam

2046 2180 2267 2247 prtemia
2296 2175 2615 2232 certaminis
2643 2175 2861 2247 largiar.
2897 2172 3055 2229 Nunc
3089 2184 3269 2227 autem
3297 2189 3394 2229 vos
3427 2174 3628 2226 merito

2048 2267 2257 2336 rejicio.
2301 2266 2584 2321 Dabuntur
2614 2267 2682 2320 iis
2717 2267 2920 2336 quibus
2961 2264 3120 2320 Pater
3143 2265 3389 2333 jusserit.
3439 2262 3629 2333 Neque

2047 2360 2190 2413 enim
2220 2358 2327 2412 alio
2371 2359 2534 2412 modo
2564 2366 2744 2413 vestra
2768 2367 2943 2411 mater
2974 2365 3028 2411 et
3054 2370 3151 2410 vos
3173 2370 3297 2410 cum
3332 2357 3432 2410 hac
3449 2362 3629 2409 vestra

2048 2448 2298 2502 molestia
2352 2447 2538 2516 repelli
2577 2448 2827 2517 potestis.
2878 2447 2987 2501 Aut
3028 2447 3136 2515 agit
3175 2461 3241 2500 eo
3276 2445 3460 2509 modo,
3517 2460 3628 2515 quo

2048 2541 2225 2596 solent
2255 2540 2348 2610 qui
2369 2540 2573 2610 aliquid
2597 2547 2723 2593 ante
2747 2547 2961 2607 tempus
2992 2547 3251 2608 praestare
3280 2538 3498 2604 nolunt,
3530 2537 3627 2591 sed

2045 2632 2137 2686 alii
2165 2632 2325 2686 alicui
2354 2633 2637 2701 potestatis
2661 2632 3041 2685 auctoritatem
3083 2644 3210 2685 esse
3239 2630 3520 2689 simulant,
3559 2642 3640 2685 ne.

2045 2721 2263 2793 quando
2294 2721 2617 2790 receperint,
2646 2721 2927 2790 segniores
2962 2720 3030 2773 ad
3064 2719 3398 2775 alacritatem
3427 2732 3480 2775 et
3514 2720 3630 2776 I'or—

2046 2814 2332 2868 titudinem
2383 2812 2534 2877 ﬁant,
2580 2812 2824 2865 contenti
2850 2812 3093 2880 eo'quod
3138 2812 3326 2866 datum
3359 2822 3461 2878 est,
3515 2828 3627 2867 non

2047 2907 2278 2977 amplius
2301 2906 2551 2959 laborare
2585 2905 2848 2959 volentes.
2888 2903 2981 2959 Sic
3011 2905 3156 2960 enim
3184 2914 3237 2959 et
3260 2903 3352 2975 qui
3389 2906 3442 2959 in
3470 2909 3631 2961 terris

2051 3009 2300 3068 regnant,
2329 2996 2507 3052 facere
2536 3012 2888 3060 consuevere,
2931 2996 3150 3065 quando
3184 2996 3253 3050 ab
3296 2996 3429 3067 ipsis
3459 2998 3625 3068 aliqui

2053 3089 2343 3160 dignitates
2370 3088 2660 3157 praesidum
2691 3096 2745 3141 et
2777 3086 2971 3149 ollicia,
3009 3088 3088 3142 vel
3124 3087 3346 3157 imperia
3386 3089 3463 3143 rei
3488 3090 3629 3142 mili-

2054 3180 2189 3233 taris
2220 3178 2531 3249 eﬂlagitant,
2570 3180 2693 3234 licet
2733 3196 2899 3249 penes
2927 3181 3074 3249 ipsos
3109 3181 3203 3245 sit,
3259 3188 3385 3235 ante
3413 3191 3627 3252 tempus

2056 3279 2235 3325 tamen
2269 3269 2401 3323 dare
2448 3270 2716 3334 nolentes,
2752 3270 2891 3325 alius
2936 3272 3001 3325 ad
3044 3270 3210 3324 alium
3244 3270 3295 3324 id
3345 3269 3629 3340 potestatis

2054 3359 2317 3421 referunt.
2333 3362 2739 3431 exspectatione
2756 3362 3031 3432 dignitatis
3047 3362 3329 3416 ministros
3346 3376 3443 3431 pro
3460 3376 3627 3431 regno

2052 3453 2373 3518 excitantes,
2428 3462 2595 3522 utque
2656 3454 2799 3506 inter
2848 3468 2907 3506 se
2958 3462 3183 3517 certent,
3244 3463 3297 3507 et
3353 3453 3629 3507 enitantur

2052 3544 2293 3598 acriores
2319 3548 2576 3598 adversus
2605 3543 2786 3601 hostes
2809 3543 3052 3611 ﬁeri,eos
3084 3552 3474 3612 prmparantes.
3531 3540 3628 3597 Vcl

2052 3631 2215 3686 etiam
2245 3632 2352 3685 alia
2384 3632 2613 3696 ratione,
2657 3629 2780 3700 quia
2812 3630 3072 3699 putabant
3116 3631 3292 3698 ipsum
3329 3631 3626 3700 temporan

2052 3741 2279 3798 regnum
2311 3726 2525 3780 interra
2553 3724 3083 3789 administraturum,
3114 3724 3190 3777 ait
3218 3710 3355 3777 illis:
3395 3721 3627 3776 Nescitis

2051 3817 2178 3888 quid
2210 3818 2457 3887 petilis’:
2504 3815 2665 3886 quasi
2709 3816 2858 3871 dicat
2898 3833 2911 3869 :
2954 3813 3235 3885 Evigilate,
3284 3828 3488 3884 quaeso,
3542 3814 3627 3867 di—

2054 3907 2689 3979 scipulimei,ascendite
2718 3917 2899 3963 mente
2927 3907 2980 3961 in
3013 3922 3192 3960 meum
3228 3921 3486 3976 regnum;
3514 3920 3623 3959 non

2053 4018 2119 4057 ex
2149 4002 2217 4057 iis
2262 4016 2383 4072 qua:
2414 4002 2588 4056 instar
2634 4001 2886 4056 nocturni
2915 3999 3109 4069 spectri
3165 3998 3624 4063 circumvolitant,

2055 4109 2231 4162 neque
2252 4094 2317 4147 de
2356 4092 2605 4148 sordibus
2644 4091 2794 4144 humi
2835 4090 3139 4160 iacentibus
3170 4089 3499 4158 voluptatem
3534 4105 3628 4144 ca-

2054 4189 2186 4257 pite,
2222 4202 2289 4240 ne
2320 4186 2539 4255 quando
2564 4202 2593 4238 a
2622 4183 2781 4240 Patre
2805 4199 3022 4255 quoque
3058 4197 3181 4238 meo
3204 4183 3474 4237 audiatis:
3502 4180 3621 4237 Non

2054 4288 2137 4333 est
2174 4294 2355 4333 meum
2402 4277 2719 4345 simpliciter
2757 4276 2909 4342 dare,
2966 4276 3059 4331 sed
3111 4291 3140 4329 a
3180 4275 3335 4331 vobis
3381 4276 3622 4331 vicissim

2048 4371 2262 4439 exigere
2304 4370 2661 4423 certaminum
2705 4377 2757 4422 et
2807 4368 3068 4423 sudorum
3102 4372 3621 4438 compensationem.

2049 4461 2191 4515 ΗυΙο
2233 4461 2376 4516 enim
2415 4461 2569 4515 vobis
2605 4460 2805 4515 debere
2834 4468 3051 4530 propter
3082 4460 3395 4515 benevolam
3423 4461 3649 4515 alacri-‘

2049 4562 2235 4619 tatem,
2270 4569 2431 4623 quam
2475 4567 2734 4606 accusare
2775 4552 3102 4606 socordiam.
3163 4550 3282 4605 Non
3315 4561 3397 4606 est
3440 4568 3621 4606 meum

2050 4646 2200 4709 dare,
2250 4653 2307 4699 at
2347 4659 2523 4712 neque
2550 4641 2727 4696 Patris
2755 4642 2865 4696 mei
2912 4643 3231 4712 simpliciter
3279 4643 3617 4712 petentibus:

2051 4737 2315 4806 siquidem
2344 4736 2640 4797 occisores,
2674 4744 2728 4788 et
2759 4734 3011 4800 adulteri,
3038 4743 3091 4790 et
3113 4736 3291 4805 quivis
3321 4734 3622 4804 ﬂagitiosus

2050 4838 2103 4884 et
2158 4832 2545 4899 intemperans,
2593 4828 2637 4881 si
2674 4834 2878 4895 petant,
2932 4842 3142 4882 mecum
3174 4828 3375 4881 sessuri
3414 4835 3617 4881 essent.

2049 4923 2164 4977 Non
2200 4932 2285 4977 est
2328 4930 2573 4975 nostrum
2612 4903 2744 4974 dare
2770 4928 2992 4985 temere,
3044 4929 3097 4973 et
3142 4920 3440 4988 depravare
3473 4920 3622 4989 quod

2048 5018 2253 5086 justum
2294 5023 2396 5068 est.
2453 5011 2593 5066 Justi
2623 5010 2769 5065 enim
2798 5010 3001 5079 judicis
3044 5019 3127 5065 cst
3176 5011 3471 5081 unicuique
3520 5026 3622 5080 pro

2048 5108 2310 5177 dignitate
2334 5104 2510 5158 meriti
2545 5104 2801 5168 tribuere,
2832 5119 2938 5157 non
2973 5103 3241 5173 negligere
3286 5105 3618 5168 laborantes,

2048 5214 2113 5254 ac
2146 5199 2354 5269 ignavis
2376 5196 2576 5267 aliquid
2598 5197 2800 5265 largiri.
2826 5195 3061 5251 Proinde
3088 5196 3133 5250 si
3160 5197 3387 5251 thronos
3403 5196 3619 5259 amatis.

2049 5293 2215 5347 nolite
2236 5291 2487 5360 ignorare
2501 5291 2821 5350 certamina,
2839 5290 2903 5343 ad
2925 5304 3045 5358 qua:
3063 5290 3393 5358 capessenda
3415 5289 3622 5344 debetis

2055 5382 2317 5453 expediri.
2345 5378 2531 5449 Neque
2557 5378 2716 5449 pallio
2746 5388 2980 5446 tantum,
3021 5388 3076 5433 et
3100 5379 3287 5442 barba,
3320 5380 3622 5448 baculoque

2054 5473 2308 5531 convenit
2327 5488 2425 5528 vos
2454 5472 2679 5528 delicate
2697 5471 2938 5542 gloriari,
2975 5471 3068 5527 sed
3098 5471 3621 5526 lahoribusthronos

2054 5567 2323 5632 redimite,
2353 5565 2727 5637 iudiciumque
2756 5563 2986 5633 placate.

2438 5650 2952 5710 INTERROGATIO
2972 5650 3232 5709 CXXXII.

2121 5747 2277 5815 Quod
2307 5748 2350 5806 si
2380 5747 2601 5819 perinde
2644 5762 2707 5803 ac
2730 5748 2912 5815 Pater,
2954 5758 3146 5819 potens
3176 5756 3230 5802 et
3267 5743 3356 5801 sui
3374 5744 3519 5818 juris
3540 5751 3622 5802 est

3265 5981 3348 6045 33
