4142 6382
518 331 657 389 I035

513 452 705 519 Filius,
737 452 1012 523 quomodo
1050 460 1281 507 terretur
1308 467 1490 521 cruce,
1546 452 1871 528 Patremque
1914 470 2086 532 rogat,

509 546 732 602 dicens:
769 543 958 609 Pater,
993 544 1041 597 si
1079 544 1197 613 ﬁeri
1233 555 1423 615 potest,
1465 557 1703 603 transeat
1740 567 1773 603 a
1814 566 1895 605 me
1926 568 2090 621 pocu-

509 637 622 690 lum
649 624 1102 690 hoc'?Nimirutn
1135 651 1245 690 non
1276 637 1395 706 ejus
1434 650 1517 694 est
1544 642 1638 709 qui
1666 656 1766 695 suo
1794 652 1917 712 agat
1942 643 2088 713 jure,

507 743 685 799 neque
718 736 1029 797 spontaneae
1065 728 1374 792 voluntatis,
1416 731 1482 785 ad
1519 732 1685 786 alium
1708 734 2002 803 confugere
2035 737 2089 790 in

507 820 956 886 necessitatibus,
1007 835 1072 875 ac
1108 820 1253 875 velut
1299 821 1580 893 indigum,
1638 824 1784 879 illius
1822 826 2086 882 auxilium

506 910 814 982 implorare.

1142 1002 1448 1070 Responsio.

581 1092 764 1148 Letale
794 1095 990 1150 vulnus
1025 1105 1079 1150 et
1132 1095 1262 1150 hinc
1302 1095 1472 1167 inﬂigi
1527 1096 1709 1155 divina
1772 1119 1935 1160 manu
1980 1106 2086 1165 illis

505 1201 643 1242 vana
675 1197 857 1242 mente
884 1190 1126 1259 prteditis
1154 1200 1312 1260 puto,
1352 1206 1478 1247 cum
1510 1195 1757 1264 ejusdem
1800 1204 2087 1269 potestatis

504 1281 668 1337 etiam
701 1298 848 1338 nunc
881 1298 1004 1338 cum
1030 1282 1192 1339 Patre
1229 1282 1425 1341 Filium
1476 1302 1599 1343 esse
1651 1289 2081 1352 demonstratum

504 1375 599 1439 sit,
629 1389 729 1429 nec
768 1375 1065 1446 quidquam
1118 1390 1347 1445 prorsus
1391 1378 1510 1448 ejus
1562 1385 1873 1439 auctoritati
1916 1388 2081 1443 adimi

502 1482 597 1530 per
624 1481 718 1522 eas
741 1481 904 1523 voces
928 1483 1050 1537 quas
1086 1468 1155 1522 ab
1183 1468 1302 1537 ipso
1351 1485 1447 1540 per
1475 1470 1877 1530 simulationem
1921 1479 2078 1535 editze

501 1567 650 1615 sunt.
688 1558 1141 1630 Quandoquidem
1177 1561 1323 1615 enim
1354 1577 1495 1631 aegre
1528 1566 1891 1635 recipiebatur
1916 1573 2082 1628 unitas

500 1666 626 1705 cum
664 1649 774 1705 Deo
805 1650 1158 1706 humanitatis
1198 1652 1369 1721 ipsius
1414 1653 1701 1722 adventus,
1737 1667 1955 1729 propter
1994 1661 2077 1715 ni-

504 1745 666 1798 miam
694 1742 1052 1798 humilitatem
1100 1752 1155 1798 et
1183 1760 1310 1814 erga
1345 1745 1594 1801 homines
1644 1748 2074 1807 benevolentiam

500 1839 661 1894 ﬁdem
686 1854 972 1909 superans.
1002 1840 1343 1909 propositum
1375 1841 1450 1895 illi
1488 1840 1591 1896 fuit
1633 1858 1743 1898 non
1779 1844 2078 1903 divinitatis

503 1931 742 2002 potentia
795 1931 1127 2001 propulsare
1184 1932 1483 2003 malignum
1516 1935 1841 2001 daemonem,
1902 1954 2078 2009 neque

500 2022 783 2093 principali
814 2032 1085 2093 potestate
1111 2033 1355 2079 evertere
1380 2025 1552 2094 ipsius
1579 2028 1773 2094 aciem,
1804 2030 1898 2085 sed
1924 2044 2077 2085 man-

501 2115 791 2171 suetudine
811 2115 1003 2186 potius
1032 2125 1085 2168 et
1112 2115 1371 2170 diuturna
1410 2119 1668 2185 patientia
1711 2122 2077 2178 condemnare

498 2208 873 2263 adversarium
909 2207 1312 2272 reluctantem;
1350 2223 1473 2262 nam
1504 2210 1550 2265 si
1602 2212 1841 2268 venisset
1873 2230 2075 2269 usurus

495 2306 768 2368 potestate
803 2298 1062 2364 naturali,
1089 2297 1222 2352 nihil
1251 2298 1616 2355 admiratione
1645 2301 1869 2372 dignum
1895 2303 2075 2360 facere

501 2392 650 2445 risus
690 2389 904 2449 fuisset.
943 2389 987 2445 si
1030 2390 1297 2446 adversus
1329 2392 1582 2463 angelum
1616 2393 1944 2450 defectorem
1976 2396 2073 2452 de-

494 2491 760 2537 certasset
786 2479 931 2536 Deus
956 2499 970 2536 :
1010 2482 1121 2537 imo
1149 2482 1429 2539 diversum
1457 2485 1639 2555 potius
1677 2487 1992 2556 accidisset,
2020 2500 2074 2544 et

494 2575 550 2628 in
573 2575 946 2646 arrogantiam
974 2574 1262 2631 extulisset
1297 2576 1607 2643 diabolum,
1637 2581 1793 2649 quasi
1830 2578 1941 2634 Deo
1968 2597 2072 2651 par

494 2665 693 2723 fuisset
732 2666 1103 2721 adversarius.
1164 2666 1360 2723 Merito
1409 2668 1578 2741 igitur
1636 2670 1876 2727 humana
1911 2682 2071 2730 utens

495 2759 820 2820 humilitate,
853 2756 1107 2828 deprimit
1139 2758 1314 2828 ipsius
1352 2761 1669 2828 elationem,
1727 2773 1783 2820 et
1826 2766 2072 2824 victoria:

493 2859 760 2920 tropaum
790 2848 951 2903 nobis
981 2849 1219 2904 asserit:
1245 2865 1378 2905 nam
1414 2851 1484 2916 si,
1515 2867 1640 2907 cum
1677 2854 1748 2909 ab
1791 2854 1948 2910 initio
1979 2872 2066 2912 se-

490 2943 690 2997 ductus
723 2939 887 2995 fuerit
939 2938 1137 3005 homo,
1191 2956 1299 2994 non
1352 2957 1449 3011 per
1482 2943 1719 3013 aliquem
1757 2947 1849 3015 qui
1900 2947 2066 3003 homo

489 3047 612 3087 esse
643 3030 940 3094 videretur,
993 3028 1210 3083 tametsi
1243 3044 1302 3083 re
1350 3030 1463 3099 ipsa
1500 3029 1644 3087 Deus
1688 3030 1847 3099 foret,
1877 3045 2066 3103 captus

488 3131 634 3179 esset
666 3123 781 3192 ipse
801 3119 1044 3175 vicissim
1080 3119 1287 3189 praedo,
1339 3121 1660 3187 praeclarum
1695 3124 1795 3179 hoc
1847 3124 2060 3181 facinus

491 3220 733 3273 humano
755 3216 941 3286 generi
974 3215 1239 3268 tributum
1272 3229 1381 3268 non
1411 3213 1626 3269 fuisset.
1662 3214 1819 3270 Nunc
1847 3233 1972 3273 cum
2005 3218 2057 3272 in

488 3318 684 3366 natura
707 3317 815 3364 tam
856 3306 1039 3362 divina
1068 3322 1232 3377 quam
1267 3306 1506 3361 humana
1535 3308 1737 3363 factum
1768 3310 1901 3365 illud
1930 3309 2063 3366 Ver-

484 3403 616 3457 bum
647 3402 715 3456 ad
763 3415 867 3456 nos
925 3400 1154 3461 venerit,
1208 3408 1262 3454 et
1296 3398 1350 3452 in
1408 3397 1584 3454 forma
1646 3402 1789 3470 capti
1850 3400 2059 3458 hostem

1609 337 1667 393 S.
1709 337 2009 396 CAESARI!
2045 341 2372 400 GREGORII
2412 344 2715 404 FRATRIS

3637 356 3776 412 4050

2196 462 2345 529 Υἱὸς,
2371 464 2487 530 πῶς
2515 466 2761 534 φοϐεῖται
2788 467 2879 522 τὸν
2910 470 3164 541 σταυρὸν,
3194 475 3288 528 καὶ
3322 475 3505 530 δέεται
3531 473 3627 527 τοῦ
3657 475 3774 528 lla-

2192 555 2355 625 τρὸς,
2414 555 2587 625 λέγων
2620 573 2635 589 ·
2670 556 2884 627 Πάτερ,
2936 562 2989 613 εἰ
3037 561 3318 630 δυνατὸν,
3369 566 3438 621 τὸ
3486 566 3776 635 ποτήριον⁹

2206 645 2382 700 τοῦτο
2411 649 2750 713 παρελθέτω
2764 652 2865 704 ἀπ’
2893 652 3039 721 ἐμοῦ
3056 669 3076 716 ;
3092 654 3263 709 Τοῦτο
3286 657 3342 710 δὲ
3366 659 3466 711 οὐκ
3484 657 3773 723 αὐθεντίας

2191 734 2345 787 ἐστὶν
2401 738 2522 790 οὐδὲ
2554 740 2952 811 έκουσιότητος.
3004 745 3068 797 τὸ
3099 747 3235 818 πρὸς
3270 748 3456 821 ἕτερον
3491 750 3770 820 καταφεύ-

2191 841 2314 889 γειν
2342 826 2401 880 ὲν
2427 831 2548 892 ταῖς
2576 831 2861 900 ἀνάγκαις.
2905 837 2999 888 καὶ
3031 836 3128 909 τῆς
3160 840 3370 893 ἐκείνου
3400 841 3609 896 δεῖσθαι
3644 842 3770 913 βοη-

2191 916 2356 982 θείας.

2800 1015 3153 1086 Ἀπόκρισις.

2259 1097 2495 1170 Καιρίαν
2514 1095 2666 1170 οἶμαι
2692 1101 2906 1175 πληγὴν
2931 1108 3043 1169 τοῖς
3064 1107 3425 1179 ματαιόφροσι
3463 1111 3557 1163 καὶ
3584 1110 3768 1164 ἐντεῦ-

2187 1186 2278 1241 θεν
2311 1191 2609 1259 ἐπάγεσθαι
2642 1192 2747 1245 ὑπὸ
2777 1195 2876 1264 τῆς
2915 1195 3067 1261 θείας
3090 1198 3290 1270 χειρὸς,
3322 1200 3627 1265 ίσοσθενοῦς
3673 1202 3769 1255 καὶ

2186 1280 2281 1334 νῦν
2308 1282 2448 1353 πρὸς
2478 1285 2569 1338 τὸν
2594 1288 2897 1358 Γεννήτορα
2933 1288 3337 1361 δεικνυομένου,
3372 1292 3467 1346 καὶ
3497 1293 3768 1364 μηδεμιᾶς

2185 1372 2451 1445 ὑπάρχειν
2487 1376 2771 1442 αὐθεντίας
2793 1379 3070 1453 ἀναίρεσιν
3105 1384 3167 1437 ἐκ
3191 1383 3299 1437 τῶν
3325 1384 3447 1439 καθ’
3479 1386 3765 1459 ὑπόκρισιν

2182 1467 2483 1537 γινομένων
2527 1470 2692 1523 αὐτοῦ
2732 1471 2945 1539 φωνῶν.
2991 1473 3144 1527 Ἐπεὶ
3176 1474 3285 1546 γὰρ
3327 1475 3764 1553 δυσωράδεκτος

2178 1554 2247 1628 ἦν
2269 1561 2300 1630 ἡ
2324 1557 2615 1635 θεανδρικὴ
2647 1565 2809 1618 αὐτοῦ
2844 1566 3207 1637 ἐπιφοίτησις,
3243 1570 3517 1643 ὑπερϐολῇ
3549 1578 3765 1644 μετριόν

2181 1669 2342 1724 τητος
2388 1655 2482 1709 καὶ
2530 1656 2938 1730 φιλανθρωπίας
2994 1660 3368 1733 ἀπιστουμένῃ
3398 1679 3411 1692 ο
3455 1664 3653 1728 σκοπὸς
3692 1662 3761 1736 ἦν

2182 1744 2331 1815 αὐτῷ
2360 1747 2422 1799 οὐ
2471 1747 2630 1819 ῥώμῃ
2664 1747 2941 1821 θειότητος
2985 1750 3295 1821 ἀμύνασθαι
3339 1755 3431 1807 τὸν
3463 1754 3757 1827 ἀλάστορα.

2179 1834 2279 1888 οὐκ
2329 1835 2746 1903 ὲξουσιαστικῶς
2801 1838 3051 1894 καθελεῖν
3104 1842 3268 1895 αὐτοῦ
3321 1844 3423 1914 τὴν
3463 1845 3756 1915 φάλαγγαο

2180 1926 2449 1998 πραότητι
2494 1928 2550 1981 δὲ
2605 1930 2803 2000 μᾶλλον
2854 1931 2949 1985 καὶ
3003 1933 3357 2005 μακροθυμίᾳ
3412 1939 3759 2009 κατακρίνειν

2178 2018 2270 2071 τὸν
2325 2020 2636 2074 ἀντίπαλον.
2670 2022 2732 2075 Εἰ
2762 2022 2871 2091 γὰρ
2903 2026 2969 2095 τῇ
3026 2028 3228 2098 φυσικῇ
3278 2027 3422 2099 ἰσχύϊ
3475 2030 3759 2100 χρώμενος

2177 2104 2346 2180 ἧκεν,
2383 2111 2562 2176 ἔδοξεν
2620 2112 2686 2166 ἂν
2728 2115 2893 2186 μηδὲν
2939 2115 3373 2187 ἀξιοθαύμαστον
3424 2120 3590 2191 δρᾷν,
3627 2122 3759 2186 Θεὸς

2178 2202 2314 2271 πρὸς
2352 2204 2585 2271 ἄγγελον
2628 2205 2942 2279 ἀποστάτην
2972 2207 3394 2283 ἀγωνιζόμενος.
3429 2214 3503 2268 Τὸ
3526 2215 3572 2269 δ’
3601 2217 3756 2269 ἐναν-

2173 2293 2306 2359 τίον,
2334 2296 2539 2367 ἐπῆρεν
2571 2296 2637 2350 ἂν
2669 2298 2869 2370 μᾶλλον
2892 2300 2983 2353 τὸν
3003 2300 3246 2357 διάϐολον
3266 2306 3346 2370 είς
3373 2306 3649 2371 ἀπόνοιαν,
3681 2308 3758 2373 ὡς

2174 2388 2579 2461 ἀνταγωνιστὴν
2629 2390 2749 2462 Θεῷ
2795 2395 3218 2465 γινωσκόμενον.
3274 2397 3513 2464 Εἰκότως
3564 2397 3658 2455 οὖν
3687 2404 3755 2474 τῇ

2177 2479 2384 2551 βροτῶν
2418 2480 2698 2553 χρώμενος
2731 2483 2979 2557 εὐτελείᾳ
3003 2485 3256 2561 καθαιρεῖ
3288 2489 3452 2544 αὐτοῦ
3482 2493 3543 2546 τὸ
3585 2493 3757 2567 φρύα-

2174 2589 2311 2643 γμα,
2349 2574 2443 2626 καὶ
2486 2574 2585 2645 τῆς
2629 2575 2784 2648 νίκης
2815 2576 2877 2628 τὸ
2911 2579 3172 2649 τρόπαιον
3210 2583 3343 2653 ἡμῖν
3370 2588 3663 2656 περιποιεῖ.
3691 2588 3753 2640 Εἰ

2172 2668 2282 2736 γὰρ
2324 2665 2611 2737 ἀνθρώπου
2649 2670 2771 2720 κατ’
2794 2669 2973 2741 ἀρχὰς
3004 2673 3360 2744 ὑπαχθέντος,
3402 2675 3477 2747 μὴ
3527 2677 3616 2732 διὰ
3658 2677 3752 2732 τοῦ

2171 2756 2335 2811 αὑτοῦ
2357 2757 2659 2830 ὁρωμένου,
2688 2760 2823 2813 Θεοῦ
2852 2760 2908 2815 δὲ
2934 2764 3248 2834 νοουμένου.
3278 2767 3545 2842 ἐχειρώθη
3566 2773 3595 2825 ὁ
3620 2789 3748 2844 πορ-

2171 2848 2378 2920 θήσας,
2423 2848 2600 2916 ἔδοξεν
2643 2852 2710 2906 ἂν
2760 2853 3173 2926 ἀλλοτριοῦσθαι
3217 2859 3375 2931 ἡμῶν
3421 2861 3518 2915 τοῦ
3566 2864 3755 2932 γένους

2168 2942 2229 2993 τὸ
2263 2941 2609 3014 κατόρθωμα.
2656 2944 2957 3020 Θεανδρικῇ
3007 2949 3064 3002 δὲ
3108 2950 3267 3019 φύσει
3313 2954 3343 3006 ὁ
3390 2953 3545 3023 ἀγιος
3585 2957 3753 3025 Λόγος

2174 3035 2554 3104 ὲπιφοιτήσας,
2578 3037 2672 3091 καὶ
2699 3038 2819 3108 ὕψει
2848 3040 2941 3093 τοῦ
2966 3041 3183 3107 ἁλόντος
3210 3045 3452 3115 ἡττήσας
3477 3047 3567 3101 τὸν
3595 3049 3754 3102 πολέ-

2174 3143 2329 3196 μιον,
2376 3126 2437 3179 τὸ
2471 3129 2590 3182 κατ’
2624 3130 2833 3183 ἐκείνου
2889 3134 3087 3204 κράτος
3117 3138 3269 3207 ἡμῖν,
3311 3137 3406 3192 ἅτε
3452 3138 3586 3204 Θεὸς
3613 3158 3754 3214 παρ-

2171 3219 2687 3293 ἐσχετο,θεηγορῶν,
2720 3225 2873 3280 Ἰδοὺ
2905 3226 3132 3284 δέδωκα
3167 3232 3309 3302 ὑμῖν
3330 3233 3621 3297 ἐξουσίαν
3643 3254 3753 3290 πα-

2170 3311 2297 3365 τεῖν
2335 3312 2537 3367 ἐπάνω
2579 3314 2774 3384 ὄφεων
2799 3323 2896 3372 καὶ
2929 3323 3256 3391 σκορπίων,
3295 3326 3509 3380 καὶέπὶ
3546 3327 3753 3383 πᾶσαν

2171 3403 2286 3471 τὴν
2309 3403 2567 3476 δύναμιν
2597 3409 2704 3463 τοῦ
2732 3410 2969 3479 ἐχθροῦ.

485 3501 664 3569 ipsum
699 3498 904 3567 ceperit
934 3510 951 3548 °.
977 3505 1242 3565 tanquam
1274 3494 1417 3550 Deus
1452 3496 1743 3565 imperium
1797 3498 1958 3553 nobis
2011 3500 2065 3553 in
2104 3499 2280 3570 ipsum
2311 3501 2481 3569 dedit,
2512 3503 2776 3561 divinitus
2827 3507 2916 3561 illa
2973 3509 3136 3565 verba
3162 3515 3562 3582 pronuntians:
3616 3516 3750 3573 Ecce

483 3596 608 3651 dedi
647 3594 785 3651 vobis
833 3600 1148 3663 potestatem
1196 3591 1442 3646 ealcandi
1475 3607 1632 3662 super
1675 3604 1936 3663 serpentes
1968 3606 2017 3650 et
2048 3600 2368 3666 scorpiones,
2396 3608 2445 3653 et
2467 3616 2624 3669 super
2645 3617 2849 3656 omnem
2868 3613 3179 3675 potestatem
3218 3608 3421 3663 inimici
3439 3610 3479 3664 δ.

858 3704 1373 3761 ΙΝΤΙΞΒΒΟΘΛΤΙΟ
1400 3706 1683 3762 CXXXI“.

556 3801 693 3869 Quis
723 3809 805 3856 est
834 3799 1021 3870 igitur,
1056 3798 1150 3868 qui
1178 3797 1475 3854 cruciﬁxus
1528 3808 1631 3865 est,
1686 3800 1798 3855 imo
1834 3801 1928 3870 qui
1965 3801 2059 3857 de-

484 3902 759 3965 precatur,
795 3898 851 3946 et
882 3888 1104 3960 inquit:
1141 3887 1327 3958 Pater,
1356 3891 1405 3944 si
1443 3890 1558 3958 ﬁeri
1592 3899 1788 3961 potest,
1825 3900 2059 3947 transeat

483 4004 516 4039 υ
555 4001 636 4038 me
658 3982 904 4053 poculum
931 3983 1027 4034 hoc
1049 3980 1106 4034 ’ἲ

1112 4071 1416 4141 Responsio.

557 4168 665 4224 Nec
698 4166 861 4233 Deus,
899 4182 1001 4222 nec
1025 4165 1189 4220 homo
1219 4180 1492 4220 seorsum.
1519 4164 1707 4223 Nudus
1726 4167 1872 4222 enim
1895 4168 2059 4223 homo

482 4276 586 4315 nos
633 4273 852 4314 servare
885 4272 992 4311 non
1031 4256 1318 4327 potuisset,
1354 4256 1496 4312 Deus
1558 4273 1687 4312 vero
1736 4260 1916 4313 nudus
1949 4259 2058 4328 pati

482 4348 688 4418 nequit.
722 4345 1088 4413 Quamobrem
1142 4343 1271 4399 fecit
1326 4345 1430 4399 hoc
1487 4362 1629 4401 unus
1663 4362 1730 4401 ex
1765 4348 2055 4411 ambobus,

482 4456 580 4512 per
609 4452 936 4493 concursum
964 4445 1019 4491 et
1046 4436 1303 4489 unionem
1341 4446 1662 4491 naturarum
1704 4453 1771 4492 ex
1795 4448 2052 4508 perpetua

484 4532 707 4602 Virgine.
736 4540 895 4583 natus
919 4529 1005 4582 ille
1034 4526 1395 4586 Homo-Deus.
1417 4530 1508 4597 qui
1535 4529 1892 4585 nihilominus
1909 4532 2053 4600 quod

483 4633 621 4690 erat,
658 4621 912 4676 servavit.
943 4619 1085 4674 Idem
1116 4617 1279 4682 Deus,
1327 4619 1467 4673 idem
1518 4619 1706 4685 homo,
1744 4630 1933 4675 neutra
1968 4636 2055 4676 se-

481 4726 670 4787 parata
710 4721 927 4776 natura,
956 4725 1175 4765 crucem
1243 4710 1581 4765 conscendit.
1645 4712 1881 4781 ldeoque
1919 4711 2054 4768 alias

480 4807 699 4877 quidem
732 4804 943 4869 divino,
979 4802 1115 4858 alias
1144 4818 1275 4858 vero
1304 4802 1546 4857 humane
1583 4818 1734 4857 more
1781 4804 2009 4872 loquens
2036 4844 2050 4868 ,

478 4894 870 4951 convenienter
889 4907 947 4947 se
968 4891 1204 4961 tempori
1230 4893 1627 4946 accommodat.
1651 4890 1810 4946 Nunc
1834 4892 2053 4962 quidem

482 4988 640 5044 hoste
668 5002 727 5041 se
777 4984 1073 5039 extollente
1134 4999 1230 5053 per
1260 4985 1424 5039 verba
1476 4993 1533 5039 et
1571 4986 1725 5056 signa
1772 4984 1941 5040 Deum
1996 5002 2056 5042 se

482 5075 747 5147 subjectis
775 5074 1042 5138 declarat,
1087 5088 1283 5128 rursus
1333 5089 1460 5129 vero
1492 5075 1612 5145 ipso
1663 5075 1956 5131 accedente
2001 5088 2055 5133 et

479 5167 744 5224 attentius
800 5164 1149 5234 inspiciente,
1210 5181 1341 5219 num
1375 5181 1502 5221 vere
1559 5165 1703 5222 Deus
1757 5177 1925 5232 esset.
1959 5172 2051 5239 qui

478 5262 827 5331 aliquatenus
858 5271 983 5313 esse
1015 5255 1328 5326 apparebat,
1364 5266 1607 5312 et........
1642 5259 1709 5313 ad
1742 5260 2050 5315 certamina

476 5352 785 5415 etinctam,
817 5362 1013 5403 rursus
1044 5348 1293 5403 mortalia
1344 5363 1456 5418 pra:
1519 5364 1578 5405 se
1631 5349 1756 5423 fert,
1808 5367 1878 5407 ne
1911 5353 2054 5409 forte

476 5455 853 5513 expavescens
882 5440 1234 5495 adversarius
1268 5438 1540 5511 refugeret
1581 5457 1752 5512 usque
1802 5443 1869 5497 ad
1921 5459 2049 5500 cru-

476 5553 596 5594 cem
658 5545 712 5591 et
766 5544 996 5589 mortem
1057 5533 1234 5604 ipsum
1288 5548 1645 5604 oppugnare:
1694 5536 1748 5590 in
1802 5551 1912 5607 quo
1942 5552 2051 5593 uno

479 5639 595 5684 tota
619 5625 914 5681 Homo-Dei
947 5626 1173 5679 victoria
1210 5625 1312 5679 sita
1352 5634 1488 5679 erat.

2727 3720 2977 3775 ΠΕΥΣΙΣ
3017 3723 3186 3777 ΡΛΓν.

2240 3808 2334 3874 Τίς
2360 3804 2454 3864 οὖν
2478 3812 2668 3864 ὲστινό
2691 3812 3115 3884 σταυρούμενος,
3148 3815 3349 3887 μᾶλλον
3373 3817 3428 3872 δὲ
3449 3822 3748 3892 παραιτού-

2170 3915 2350 3968 μενος,
2386 3900 2480 3953 καὶ⁵
2510 3900 2702 3970 λέγων,
2740 3900 2950 3971 Πάτερ,
2992 3906 3047 3957 εὶ
3084 3903 3378 3973 δυνατὸν,
3407 3912 3748 3977 παρελθέτω

2165 3990 2267 4042 ἀπ’
2290 3990 2436 4060 ἐμοῦ
2472 3992 2537 4044 τὸ
2581 3993 2867 4059 ποτήριον
2907 3993 3120 4059 τοῦτο;

2787 4086 3146 4155 Ἀπόκρισις.
3206 4128 3211 4133 -

2236 4173 2536 4247 Οὑθέτερος
2570 4176 2690 4231 καθ’
2714 4178 2924 4232 ἑαυτόν.
2972 4179 3170 4249 Βροτὸς
3209 4181 3318 4254 γὰρ
3359 4183 3512 4254 ψιλὸς
3549 4184 3746 4252 σώζειν

2158 4265 2255 4335 οὐχ
2301 4261 2411 4330 οἷός
2439 4284 2499 4320 τε
2528 4283 2540 4295 ⁸
2575 4268 2708 4333 Θεὸς
2753 4271 2808 4323 δὲ
2841 4273 3045 4341 γυμνὸς
3092 4273 3319 4345 πάσχειν
3363 4277 3424 4330 οὐ
3476 4278 3737 4348 πέφυκεν.

2172 4355 2309 4408 Ἀλλ’
2338 4351 2418 4421 εἷς
2466 4357 2527 4423 ἐξ
2555 4360 2757 4430 ἀμφοῖν
2786 4365 2851 4433 τῇ
2885 4365 3087 4435 συνόδῳ
3136 4368 3228 4419 καὶ
3260 4367 3450 4424 ένὼσει
3495 4370 3605 4425 τῶν
3636 4373 3739 4442 φύ-

2162 4464 2318 4511 σεων,
2361 4451 2388 4503 ὁ
2425 4451 2489 4503 ὲκ
2513 4453 2610 4520 τῆς
2644 4453 2943 4518 Ἀείπαιδος
2975 4458 3187 4527 τεχθεὶς·
3220 4458 3492 4534 θέανδρος,
3522 4463 3738 4536 ἀλώόη-

2158 4558 2249 4593 τον
2275 4541 2443 4613 αὐτὴν
2476 4542 2829 4616 διατηρήσας,
2856 4550 2885 4601 ὁ
2911 4550 3071 4614 αὐτὸς
3096 4552 3249 4616 Θεὸς.
3284 4554 3313 4605 ὁ
3337 4556 3499 4620 αὐτὸς
3525 4556 3737 4629 βροτὸς,

2158 4629 2272 4683 οὔθ’
2300 4632 2493 4703 ἐτέρας
2544 4635 2935 4708 ἀποκριθείσης
2982 4639 3195 4708 φύσεως
3221 4643 3311 4696 τὸν
3348 4646 3582 4717 σταυρὸν
3606 4648 3737 4702 ἀνα-

2162 4721 2462 4785 ϐαίνοντος.
2482 4723 2573 4777 Διὸ
2597 4727 2673 4796 πὴ
2699 4727 2799 4797 μὲν
2821 4728 2996 4792 θείως.
3023 4732 3098 4801 πὴ
3122 4731 3177 4784 δὲ
3212 4730 3568 4805 ἀνθρωπίνως
3597 4740 3737 4809 φρά-

2152 4812 2261 4877 ζων
2314 4815 2661 4886 καταλλήλως
2710 4816 2792 4888 τῷ
2843 4819 3020 4889 καιρῷ
3067 4823 3419 4892 ἀρμόττεται.
3468 4829 3586 4882 Νῦν
3635 4831 3736 4900 μὲν

2151 4905 2245 4957 τοῦ
2276 4905 2468 4976 ἐχθροῦ
2507 4910 2993 4978 μετεωριζομένου,
3029 4912 3115 4966 διὰ
3141 4915 3246 4968 τῶν
3291 4917 3464 4987 λόγων
3495 4922 3590 4974 καὶ
3633 4938 3732 4994 σηο

2154 4993 2323 5061 μείων
2372 4994 2504 5047 Θεὸν
2544 4997 2734 5049 ἑαυτὸν
2781 4998 3130 5053 ἀποδείκνυσι
3181 5005 3318 5074 πρὸς
3354 5006 3414 5058 τὸ
3453 4993 3726 5079 ὑπήκοον·

2153 5084 2314 5138 πάλιν
2352 5085 2409 5138 δὲ
2450 5086 2615 5140 αὐτοῦ
2670 5090 3077 5158 ἐπιφοιτοῦντος
3110 5096 3205 5148 καὶ
3249 5097 3649 5165 ἐνατενίζοντος
3680 5103 3728 5155 εί

2151 5175 2367 5246 ἀληθῶς
2392 5176 2524 5241 Θεὸς
2547 5179 2779 5249 ὑπάρχει
2808 5183 2836 5233 ὁ
2867 5182 3181 5253 ὑποφαίνων
3208 5187 3303 5239 καὶ
3323 5227 3336 5241 .
3363 5229 3374 5241 .
3396 5227 3408 5240 .
3434 5228 3446 5241 .
3472 5226 3486 5241 .
3508 5229 3522 5243 .
3547 5231 3558 5243 .
3594 5192 3727 5261 πρὸς

2149 5269 2275 5332 τοὺς
2314 5269 2530 5336 ἀγῶνας
2570 5271 2666 5323 καὶ
2692 5272 2756 5325 τὸ
2780 5274 3031 5346 σκάμμα,
3054 5271 3214 5340 αὖθις
3252 5277 3321 5331 τὰ
3361 5278 3569 5351 βροτῶν
3594 5283 3728 5336 ὑπο-

2151 5359 2432 5431 κρίνεται,
2473 5364 2666 5434 μήπως
2705 5365 2913 5435 πτήξας
2956 5369 2984 5420 ὁ
3033 5367 3099 5421 δι’
3142 5371 3394 5435 ἐναντίας
3447 5372 3729 5447 ἀποδράσῃ

2155 5451 2316 5523 μέχρι
2356 5452 2587 5524 σταυροῦ
2623 5455 2715 5507 καὶ
2765 5454 2997 5510 θανάτου
3039 5461 3514 5529 καταγωνίσασθαι
3544 5481 3558 5496 ·
3594 5465 3655 5521 ιν

2151 5542 2212 5593 τὸ
2250 5543 2355 5596 πᾶν
2384 5542 2484 5614 τῆς
2519 5541 2844 5615 θεανδρικῆς
2873 5546 3029 5619 νίκης
3057 5549 3280 5623 ἧρτητο.

551 5807 575 5842 ³
600 5807 789 5864 Matth.
820 5825 967 5874 xxvi,
998 5810 1084 5875 59_
1163 5811 1181 5842 δ
1214 5810 1322 5866 Luc
1381 5828 1430 5875 χ,
1458 5812 1539 5867 19.
1622 5814 1640 5844 ⁸
1674 5810 1862 5868 Matth.
1904 5828 2049 5881 xxvi,
2088 5814 2172 5869 59.
