4142 6382
355 370 495 429 1857

925 485 1172 538 ΠΕΥΣΙΣ
1210 484 1374 538 ΡΛΔ’.

431 599 541 651 Καὶ
579 598 721 652 διατί
758 597 929 653 ἐλθὼν
969 601 1043 670 μὴ
1083 602 1147 652 ἐκ
1195 597 1288 651 τοῦ
1338 594 1573 667 φανεροῦ
1616 591 1935 663 ἐσταυρώθη

356 689 582 761 θαρρῶν
632 693 699 760 τῇ
740 690 933 743 ἑαυτοῦ
972 689 1115 761 ἰσχύϊ
1154 708 1166 719 ·
1198 689 1331 743 ἀλλὰ
1375 687 1506 742 ποτὲ
1549 686 1648 757 μὲν
1704 682 1939 752 πτωχὸς,

362 784 494 835 ποτὲ
520 782 575 834 δὲ
620 783 842 853 φαιδρὸς
893 781 1192 851 διαγίνεται
1216 799 1230 847 ;
1257 781 1343 834 διὰ
1372 780 1423 833 τί
1451 779 1547 833 καὶ
1580 777 1784 831 δειλίαν
1809 777 1945 829 ὑποο

360 871 612 943 ⁴κρίνεται
633 872 765 936 Θεὸς
799 871 875 926 ῶν
913 890 929 940 ;

975 986 1337 1054 Ἀπόκρισις.

431 1098 585 1151 Ἐπεὶ
604 1099 709 1151 οὐδ’
761 1098 954 1170 ἐχθρὸς
983 1098 1233 1170 φανερῶς
1254 1100 1365 1158 τοῖς
1390 1097 1761 1167 προπάτορσιν
1786 1093 1945 1166 ήμῶν

364 1194 421 1244 ὲν
457 1191 769 1262 παραδείσῳ
800 1191 1053 1260 ἔψαυσεν,
1088 1192 1211 1243 ἐπεὶ
1247 1190 1311 1244 ἂν
1334 1188 1666 1258 ἐφυλάξαντο
1696 1187 1795 1259 τὴν
1822 1189 1948 1240 ὑπο-

368 1283 576 1355 σπορὰν
605 1284 699 1337 καὶ
749 1284 838 1335 τὸν
871 1284 1081 1336 ὄλισθον
1110 1300 1122 1313 ·
1155 1282 1249 1335 νῦν
1287 1282 1343 1334 δὲ
1390 1280 1622 1350 κρύπτει
1655 1280 1751 1349 μὲν
1784 1281 1841 1331 ἐν
1871 1277 1947 1349 τῷ

366 1374 489 1440 ὄφει
520 1373 617 1444 τὴν
640 1373 820 1442 φύσιν,
850 1372 1073 1436 ἐνωθεὶς
1106 1371 1275 1442 αὑτῷ,
1311 1373 1403 1424 καί
1431 1388 1563 1442 φησι
1594 1374 1658 1442 τῇ
1688 1370 1943 1441 ταλαίνῃ’

368 1457 451 1538 ’ᾙ
464 1464 514 1517 δ’
537 1464 613 1518 ἂν
636 1464 823 1534 ἡμέρᾳ
843 1463 1106 1533 φάγεσθε
1135 1464 1241 1517 τοῦ
1274 1463 1785 1533 ἀπηγορευμένον,
1810 1462 1949 1516 ἔσε-

368 1561 479 1612 σθε
524 1558 605 1625 ὠς
659 1554 801 1612 θέοἰ.
844 1556 953 1611 Καὶ
993 1558 1266 1610 συνελόντι
1296 1556 1492 1626 φάναι,
1532 1555 1619 1609 διὰ
1662 1555 1772 1608 τῶν
1801 1554 1949 1626 ἑξῆς,

367 1649 601 1722 δολερῶς
645 1650 741 1719 τῆς
779 1647 1055 1719 μακαρίας
1099 1648 1297 1711 αὑτοὺς
1345 1648 1601 1719 ἀπήγαγε
1636 1646 1801 1719 ζωῆς.
1831 1647 1954 1718 Ῥή-

373 1759 508 1813 μασι
537 1743 716 1795 τοίνυν
743 1742 979 1813 δολεροῖς
1006 1742 1313 1812 ἀπατήσας,
1348 1742 1555 1811 ῥήμασι
1586 1740 1786 1803 θεῖκοῖς
1810 1743 1954 1809 ἡπασ-

369 1838 509 1907 τήθη
536 1837 563 1887 ὁ
589 1835 817 1901 δείλαιος
859 1834 1072 1906 ἐχθρός.
1108 1834 1183 1887 Οὐ
1229 1834 1411 1887 τοίνυν
1451 1835 1567 1886 ἐκεῖ
1610 1833 1734 1903 δφις
1766 1832 1957 1903 ψιλὸς,

369 1927 492 1982 οὐδὲ
524 1927 768 1989 διάϐολος
815 1927 1043 1997 γυμνὸς,
1089 1926 1212 1979 οὐδὲ
1258 1924 1493 1978 ἐνταῦθα
1545 1924 1736 1995 βροτὸς
1780 1924 1957 1995 ψιλὸς,

370 2020 493 2074 οὑδὲ
525 2020 657 2083 Θεὸς
695 2019 924 2090 γυμνός.
960 2018 1080 2072 Οὐδ’
1120 2014 1187 2072 αὖ
1228 2017 1392 2072 πάλιν
1441 2017 1612 2088 δειλιᾷ
1636 2060 1652 2082 ,
1682 2016 1816 2069 ἀλλὰ
1860 2034 1959 2069 σα-

373 2113 490 2183 φῶς
522 2111 638 2164 λύει
672 2110 765 2164 τοῦ
808 2109 995 2182 μωροῦ
1025 2110 1087 2163 τὸ
1136 2110 1393 2180 σόφισμα.
1434 2107 1625 2180 Ἀθρει
1671 2108 1734 2177 δὴ
1769 2102 1859 2161 οὖν
1900 2108 1961 2160 τὸ

373 2204 693 2275 αὐθαίρετον
720 2203 813 2255 καὶ
842 2202 1123 2273 ῥωμαλέον
1148 2202 1246 2270 τῆς
1273 2200 1393 2254 καθ’
1413 2201 1702 2271 ὑπόκρισιν
1734 2198 1955 2262 δειλίας.

375 2299 542 2349 Ὅταν
575 2294 724 2366 αὑτῷ
748 2294 979 2366 ὲτᾱιλθον
1005 2296 1053 2347 οἱ
1084 2293 1449 2365 συλλήπτορες
1484 2292 1748 2356 Ἰουδαῖοι,
1774 2292 1962 2363 πηρώ-

376 2406 476 2452 σας
517 2388 714 2452 αὑτοὺς
745 2388 911 2458 φησί·
945 2387 1085 2441 Τίνα
1122 2385 1377 2453 ζητεῖτε;
1405 2386 1524 2438 Τῶν
1562 2385 1619 2437 δὲ
1664 2386 1962 2455 εἰρηκότων

388 2482 599 2553 Ἰησοῦν
628 2482 839 2551 ζητεῖν,
864 2476 1019 2544 αὖθις
1055 2480 1293 2533 δείκνυσι
1324 2478 1383 2532 τὸ
1426 2478 1696 2541 ἑκούσιον,
1734 2478 1827 2531 καὶ
1860 2495 1963 2547 φη-

380 2577 463 2628 σὶν
491 2577 691 2638 αὐτοῖς,
733 2574 889 2629 Ἰδοὺ
935 2572 1050 2643 ἐγώ
1080 2576 1218 2642 ειμι,
1257 2572 1351 2626 καὶ
1390 2572 1583 2625 θᾶττον
1615 2572 1808 2624 ἕπεται
1851 2573 1964 2633 τοῖς

380 2670 621 2739 ζητοῦσι.
665 2670 761 2733 Τίς
796 2664 889 2722 οὑν
944 2664 1130 2739 εἶργεν
1165 2667 1327 2720 αὑτὸν
1367 2666 1656 2737 διαπτῆναι
1705 2666 1832 2728 τοὺς
1863 2661 1965 2732 γῦ-

381 2761 630 2827 παςςτίς
663 2759 899 2813 ἐκώλυεν
931 2759 1253 2829 ὲκφοιτῆσαι
1291 2757 1399 2812 τῶν
1439 2757 1827 2830 πηρωθέντων,
1863 2761 1968 2827 φά-

381 2870 601 2915 σκοντα,
646 2852 973 2917 Ἐξουσίαν
1012 2852 1131 2922 ἔχω
1178 2852 1366 2908 θεῖναι
1416 2850 1533 2919 τὴν
1585 2848 1800 2918 ψυχήν
1821 2868 1964 2920 μου,

380 2945 478 3000 καὶ
508 2943 695 2998 πάλιν
722 2943 930 2998 λαϐεῖν
954 2944 1182 3009 αὑτήν;
1212 2943 1336 3007 Πῶς
1378 2943 1435 2996 δὲ
1481 2942 1574 2996 καὶ
1603 2942 1795 3013 Πέτρῳ
1828 2941 1968 3012 πλη-

380 3038 586 3100 κτικῶς
616 3038 1003 3108 ὲπιτιμήσαντι
1031 3036 1179 3108 αὑτῷ
1205 3035 1648 3107 ἀποκαλούμενος
1673 3038 1765 3088 τὸν
1803 3051 1967 3087 σταυ-

386 3132 478 3202 ρὸν
534 3129 683 3200 αὑτῷ
734 3129 1152 3201 άπευχόμενοῊ
1201 3129 1342 3199 Φησὶ
1394 3129 1503 3199 γὰρ
1550 3126 1628 3198 τῷ
1676 3125 1968 3197 ἀγαπητῷ,

384 3223 614 3290 "ferare
638 3222 830 3275 ὀπίσω
838 3240 982 3292 μου,
999 3219 1256 3282 Σατανᾶ,
1275 3220 1365 3274 ὅτι
1392 3222 1464 3274 οὐ
1492 3219 1735 3288 φρονεῖς
1764 3217 1838 3272 τὰ
1865 3217 1971 3272 τοῦ

387 3314 556 3378 Θεοῦ,
586 3313 746 3368 ἀλλὰ
782 3314 854 3367 τὰ
882 3312 999 3366 τῶν
1030 3312 1374 3381 ἀνθρώπων.
1410 3309 1644 3374 Ὦσανεὶ,
1676 3310 1854 3365 Ἔπου
1882 3326 1973 3378 μοι

384 3408 481 3460 καὶ
523 3406 602 3478 μὴ
658 3404 912 3477 προπήδα
965 3405 1178 3473 ἀγνοῶν
1235 3403 1334 3476 τὴν
1372 3403 1721 3473 οἰκονομίαν,
1760 3402 1854 3455 καὶ
1902 3401 1970 3471 τῇ

385 3499 506 3569 ὃψει
559 3499 655 3564 τῆς
686 3498 885 3567 σαρκὸς
931 3496 1357 3567 περικλώμενος.
1391 3495 1514 3558 Πῶς
1539 3495 1647 3565 γὰρ
1677 3494 1841 3546 δείσω
1878 3492 1976 3546 θά-

388 3609 545 3645 νατον
590 3593 623 3661 ή
674 3590 939 3651 ἀθάνατος
991 3588 1143 3658 Coiﬁ;
1186 3588 1310 3649 Πῶς
1368 3587 1538 3650 πάθος
1594 3586 1904 3655 ἀπεύξομαι
1945 3586 1975 3637 6

387 3682 560 3754 λυτὴρ
596 3681 704 3735 τῶν
741 3680 959 3745 παθῶν;
982 3683 1009 3733 ὁ
1037 3682 1147 3751 ἁφῇ
1181 3679 1363 3751 χειρὸς
1391 3680 1623 3749 τυφλοὺς
1660 3678 1973 3749 ἰασάμενος,

389 3778 419 3827 ὁ
455 3777 659 3848 ῥήματι
708 3772 850 3844 ψιλῷ
898 3773 1268 3845 παρειμένους
1321 3770 1614 3837 σθενώσας,
1647 3774 1740 3825 καὶ¹
1788 3772 1976 3842 φέρειν

389 3870 516 3932 τοὺς
555 3866 821 3938 φέροντας
867 3866 1169 3936 σκίμποδας
1217 3865 1466 3934 ποιήσας.
1502 3867 1530 3917 6
1556 3865 1764 3935 κρήνας
1807 3863 1976 3933 αἱμά-

392 3979 501 4014 των
555 3959 884 4031 κρασπέδοις
921 3956 1158 4029 ξηράνας
1184 3997 1198 4021 ,
1235 3958 1329 4010 καὶ
1383 3957 1619 4028 λεπροὺς
1664 3957 1764 4026 τὴν
1795 3955 1979 4026 λώϐην

393 4053 670 4116 ἀποδύσας
696 4096 709 4118 ,
740 4055 768 4106 6
801 4052 1072 4121 λεγεῶνας
1133 4052 1403 4121 δαιμόνων
1444 4050 1827 4121 προστάγματι
1882 4067 1981 4117 φυ-

394 4146 698 4215 γαδεύσας,
733 4148 761 4199 6
803 4145 901 4217 τὴν
944 4144 1177 4197 ἄϐυσσον
1234 4144 1390 4214 δίκην
1435 4144 1631 4214 χέρσου
1672 4144 1920 4212 πατήσας
1961 4157 1976 4201 ;

396 4241 425 4291 6
462 4241 670 4310 σιωπᾷν
722 4238 891 4307 αὑτὴν
930 4237 1024 4291 καὶ
1074 4235 1371 4306 φιμοῦσθαι
1411 4234 1825 4307 κορυφουμένην
1886 4232 1981 4286 καὶ

396 4330 773 4401 ἀραττομένην
794 4331 1049 4399 ποιήσας,
1074 4330 1101 4381 6
1118 4331 1231 4391 τοῖς
1259 4327 1530 4397 πνεύμασι
1552 4326 1649 4396 τὴν
1675 4328 1830 4397 χεῖρα
1850 4327 1985 4396 πρὸς

397 4416 633 4489 ἠρεμίαν
680 4418 953 4480 ἐκτείνας,
983 4417 1050 4469 δι’
1084 4409 1159 4469 ὧν
1186 4416 1283 4487 τὴν
1319 4417 1523 4487 οἴδησιν
1571 4418 1664 4469 καὶ
1698 4417 1789 4469 τὸν
1823 4416 1986 4469 σάλον

399 4511 694 4580 ὑπέμενον·
724 4513 751 4564 6
792 4510 953 4564 πέντε
1000 4510 1185 4581 ἄρτοις
1224 4510 1694 4579 πεντακισχιλίους
1716 4510 1796 4573 εἰς
1825 4511 1986 4579 κόρον

402 4598 828 4668 ἑστιασάμενός,
867 4599 960 4652 καὶ
1016 4604 1127 4661 τοῖς
1171 4599 1380 4651 ἐκεῖθεν
1434 4598 1708 4668 λειψάνοις
1758 4599 1986 4655 δεκαδύο

400 4688 697 4760 πληρώσας
744 4690 996 4758 κοφίνους
1031 4706 1044 4719 °
1076 4692 1104 4742 6
1143 4688 1393 4760 Λάζαρον
1431 4691 1806 4762 τετραήμερον
1850 4694 1981 4744 ὀδω-

399 4785 546 4845 δότα,
582 4782 717 4851 πρὸς
746 4783 1075 4846 παλινζωῖαν
1098 4783 1162 4835 ὲκ
1194 4783 1365 4849 τάφου
1396 4782 1673 4853 ἁλώϐητον
1704 4785 1977 4855 φωνήσας·

401 4880 431 4931 6
457 4876 562 4930 τῶν
587 4876 723 4928 ὅλων
747 4873 1076 4944 δημιουργὸς
1113 4872 1207 4925 καὶ
1232 4872 1384 4937 Θεὸς,
1419 4871 1530 4944 ζωὴ
1567 4875 1658 4927 καὶ
1686 4874 1982 4937 ἀνάστασις

403 4969 563 5030 αὑτὸς
600 4969 879 5036 ὑπάρχων.
930 4966 1323 5038 Ὑποκρίνομαι
1355 4965 1473 5030 δέος
1516 4966 1610 5019 καὶ
1653 4967 1984 5037 μετριότητα

403 5062 470 5128 τῇ
525 5057 804 5127 παραϐολῇ
843 5055 942 5126 τῆς
998 5055 1232 5127 σαρκὸς,
1264 5055 1524 5128 θηρεῦσαι
1574 5056 1664 5110 τὸν
1718 5056 1983 5128 δράκοντα

408 5150 749 5221 βουλόμενος,
784 5148 875 5202 τὸν
901 5148 991 5202 ὑπ’
1020 5147 1154 5217 ἐμοῦ
1185 5148 1284 5219 μὲν
1318 5150 1742 5219 ὲμπαιζόμενον,
1777 5149 1987 5221 βροτοῖς

405 5242 459 5295 δὲ
506 5228 846 5311 ἑμπαίζοντα
885 5240 1148 5295 διάϐολον.
1199 5240 1406 5303 Ἀλιεὺς
1439 5240 1547 5311 γὰρ
1583 5241 1843 5312 ὑπάρχων
1893 5242 1988 5295 καὶ

408 5333 703 5401 ἄγκιστρον
750 5332 985 5402 ἐμαυτὸν
1021 5332 1238 5403 καθῆκα
1268 5334 1324 5384 ὲν
1362 5332 1441 5403 τῷ
1485 5331 1630 5403 βυθῷ
1660 5334 1811 5387 τοῦδε
1848 5334 1986 5403 βίου,

411 5422 767 5495 περιθέμενος
818 5422 1076 5493 σκώληκα
1124 5424 1222 5495 τὴν
1262 5423 1493 5477 ἁλοῦσαν
1534 5423 1737 5495 βροτῶν
1784 5427 1985 5497 σάρκα,

411 5515 570 5577 αὐτὸς
602 5515 690 5582 ὑφ’
728 5512 921 5569 ἑαυτοῦ
954 5516 1073 5568 κατ’
1117 5514 1357 5579 ἐκείνους
1386 5515 1669 5586 ἀτρέπτως
1699 5519 1992 5588 γενόμενος

422 5607 596 5679 Ἀδάμ
620 5623 634 5637 ⁶
664 5609 759 5664 καὶ
779 5608 853 5673 ὡς
885 5609 1068 5671 ἁλιεὺς
1095 5608 1191 5662 νῦν
1228 5609 1325 5679 μὲν
1363 5610 1673 5665 ὑποσαίνων
1703 5614 1795 5666 καὶ
1828 5613 1991 5682 ὑφέλ-

412 5716 522 5753 κων
553 5701 609 5751 ἐν
631 5700 710 5772 τῷ
736 5699 881 5772 βυθῷ
915 5699 1197 5771 δεδομένον
1225 5700 1286 5753 τὸ
1331 5701 1647 5769 άγκριστον,
1677 5704 1769 5757 νῦν
1798 5705 1841 5757 δ’
1864 5707 1992 5765 ἦρε-

488 5874 675 5933 ‘Gen.
711 5893 791 5945 Ill,
848 5879 901 5934 5.
978 5879 1180 5937 ’Joan.
1208 5897 1362 5948 xvm,
1393 5883 1445 5936 4.
1525 5882 1545 5913 ⁸
1578 5881 1711 5937 ibid.
1758 5883 1809 5938 5.
1889 5887 1907 5913 ’
1936 5884 2095 5941 Joan.
2144 5904 2193 5953 χ,
2236 5888 2315 5943 l8.

1706 356 2056 419 DlALOGUS
2115 358 2201 415 Ill.

3486 357 3628 418 1058

2406 478 2924 537 lNTERROGATlO
2966 478 3255 535 CXXXIV.

2118 589 2186 644 Et
2218 606 2388 659 quare
2439 594 2666 648 veniens
2706 609 2815 647 non
2864 593 3153 649 manifeste
3187 590 3486 648 cruciﬁxus
3519 598 3627 657 est,

2051 685 2292 738 conlisus
2329 699 2426 737 sua
2459 684 2633 753 ipsius
2665 685 3002 750 fortitudine,
3038 684 3135 740 sed
3169 684 3470 754 aliquando
3501 685 3627 753 qui-

2051 777 2173 829 dem
2214 777 2390 847 inops,
2419 778 2712 848 aliquando
2740 795 2868 834 vero
2896 778 3217 848 splendidus
3268 778 3395 832 est?
3448 775 3632 843 Quare

2050 868 2180 923 item
2208 867 2559 924 formidinem
2590 886 2700 940 prae
2728 888 2787 926 se
2815 873 2939 935 fert,
2968 887 3091 926 cum
3126 871 3270 925 Deus
3300 870 3489 925 esset?

2695 987 2998 1057 Responsio.

2125 1098 2393 1165 Quoniam
2436 1116 2613 1172 neque
2647 1102 2761 1170 ipse
2796 1101 3050 1156 inimicus
3082 1100 3370 1155 manifeste
3404 1100 3615 1168 primos

2054 1200 2317 1262 parentes
2349 1202 2571 1248 nostros
2620 1194 2674 1246 in
2710 1193 2965 1263 paradiso
3019 1208 3313 1262 aggressus
3374 1201 3493 1255 est,
3539 1190 3637 1261 qui

2056 1285 2390 1355 caeteroquin
2432 1300 2463 1338 a
2502 1286 2893 1355 depravatione
2929 1302 2994 1341 ac
3024 1287 3180 1357 lapsu
3208 1288 3309 1341 sibi
3332 1286 3632 1350 cavissent,

2058 1377 2151 1430 sed
2190 1377 2507 1431 occultabat
2534 1378 2587 1431 in
2625 1379 2898 1447 serpentis
2929 1380 3112 1449 specie
3169 1394 3323 1435 suam
3354 1390 3633 1441 naturam,

2059 1467 2136 1520 illi
2171 1468 2397 1533 unitus;
2431 1479 2482 1523 et
2513 1469 2730 1524 dicebat
2758 1470 2825 1524 ad
2862 1470 3118 1525 miseram
3154 1490 3168 1525 :
3207 1470 3527 1541 Quocunque
3551 1470 3639 1523 a'ie

2060 1552 2395 1608 comederitis
2424 1554 2489 1609 de
2544 1558 2730 1610 arbore
2760 1558 2946 1620 vetita,
2986 1558 3134 1613 eritis
3195 1569 3446 1628 tanquam
3490 1560 3565 1614 dii
3593 1558 3637 1611 ⁸.

2060 1643 2148 1709 Ει,
2178 1653 2239 1699 ιιι
2271 1646 2512 1701 breviter
2540 1649 2722 1703 omnia
2746 1648 3019 1719 proferam
3052 1665 3177 1720 qua:
3205 1651 3280 1706 ibi
3308 1660 3635 1721 sequuntur,

2061 1736 2252 1791 dolose
2284 1736 2434 1806 ipsos
2467 1738 2537 1792 ab
2568 1739 2659 1793 illa
2690 1739 2848 1795 beata
2872 1742 2982 1796 vita
3016 1742 3257 1805 seduxit,
3286 1744 3519 1813 proinde
3543 1744 3643 1815 qui

2060 1830 2242 1884 verbis
2277 1831 2484 1885 dolosis
2522 1830 2756 1900 decepit,
2813 1835 2991 1889 verbis
3018 1834 3217 1889 divinis
3251 1834 3511 1906 deceptus
3558 1846 3646 1893 est

2060 1919 2249 1975 infelix
2283 1921 2477 1976 hostis.
2509 1921 2627 1977 Non
2660 1924 2824 1994 igitur
2855 1926 2965 1980 illic
3011 1926 3192 1981 nudus
3221 1937 3341 1981 erat
3371 1944 3597 1999 serpens
3624 1971 3642 1996 ,

2062 2030 2239 2085 neque
2268 2015 2521 2072 diabolus
2550 2018 2730 2073 nudus
2758 2037 2773 2085 ;
2813 2035 2991 2088 neque
3048 2020 3138 2075 hic
3196 2021 3362 2077 homo
3416 2024 3596 2080 nudus
3625 2067 3641 2091 ,

2062 2121 2163 2160 nec
2194 2104 2337 2161 Deus
2366 2107 2565 2163 nudus.
2592 2107 2703 2163 Nec
2734 2110 2862 2163 item
2925 2110 3318 2169 formidolosus
3372 2128 3476 2181 est,
3548 2118 3644 2171 sed

2064 2207 2251 2265 aperte
2292 2198 2445 2253 stulti
2488 2200 2674 2255 dolum
2716 2201 2964 2257 inutilem
3016 2204 3210 2259 reddit.
3246 2206 3383 2262 Vide
3412 2209 3546 2262 mihi
3579 2210 3644 2263 li-

2064 2288 2330 2344 bertatem
2362 2301 2416 2346 et
2442 2293 2613 2347 robur
2648 2295 2862 2350 timoris
2910 2312 3070 2365 quem
3125 2314 3236 2367 prae
3296 2316 3354 2356 se
3408 2301 3636 2366 ferebat,

2065 2399 2186 2436 cum
2220 2385 2399 2454 ipsum
2430 2386 2753 2442 invaderent
2804 2394 3415 2462 eum-comprehensuri
3447 2394 3643 2452 Judaei.

2066 2472 2200 2526 Nam
2242 2476 2490 2531 cazcitate
2522 2493 2814 2546 percussos
2849 2479 3153 2551 interrogat
3182 2502 3194 2536 :
3227 2482 3393 2548 Quem
3445 2488 3645 2555 quaeri-

2069 2565 2137 2649 tis
2158 2566 2176 2595 ⁷
2203 2566 2225 2618 ?
2254 2564 2332 2619 illi
2364 2582 2492 2622 vero
2522 2580 2814 2639 postquam
2851 2573 3120 2629 dixissent
3150 2591 3209 2630 se
3272 2576 3460 2632 Jesum
3494 2594 3647 2648 quaa-

2069 2673 2210 2722 rere,
2254 2674 2447 2716 rursus
2488 2664 2730 2718 ostendit
2786 2665 2921 2735 ipsis
2973 2678 3334 2736 spontaneam
3396 2674 3651 2728 volunta-

2072 2760 2201 2815 tem,
2229 2762 2282 2808 et
2322 2755 2433 2809 ait:
2479 2755 2615 2811 Ecce
2652 2775 2745 2828 ego
2776 2760 2958 2814 sum".
3004 2763 3181 2832 Atque
3225 2763 3511 2821 confestim
3560 2783 3650 2823 se-

2071 2846 2259 2914 quitur
2293 2862 2353 2901 se
2379 2858 2709 2916 qumrentes.
2734 2849 2869 2917 Quis
2900 2852 3164 2923 impedire
3202 2857 3470 2925 potuisset
3509 2876 3653 2928 quo-

2074 2938 2257 2993 minus
2288 2938 2570 2995 celeritate
2604 2944 2859 2998 avolandi
2887 2957 3171 3014 superaret
3202 2950 3448 3007 vultures
3475 2953 3500 3008 ?
3527 2956 3655 3023 quis

2073 3028 2451 3098 prohibuisset
2479 3033 2777 3101 quominus
2809 3035 3079 3091 eludendo
3131 3054 3429 3099 excascatos
3456 3045 3655 3101 evade-

2072 3130 2177 3185 ret,
2210 3123 2305 3192 qui
2339 3122 2407 3177 de
2463 3139 2523 3178 se
2560 3124 2783 3181 aiebat:
2841 3127 3168 3184 Poteslatem
3214 3133 3377 3188 habeo
3431 3139 3656 3205 ponendi

2076 3213 2314 3265 animam
2345 3230 2536 3281 meam,
2564 3224 2614 3268 et
2646 3232 2830 3270 rursus
2868 3221 3111 3274 sumendi
3143 3239 3259 3275 eam
3281 3226 3341 3277 9?
3370 3224 3655 3291 Quomodo

2075 3319 2204 3359 vero
2250 3316 2305 3360 et
2333 3306 2496 3360 Petro
2546 3322 2606 3362 se
2657 3307 2972 3380 objurganti
3033 3315 3100 3368 ad
3144 3316 3387 3371 animum
3436 3332 3657 3376 revocat

2075 3413 2296 3454 crucem
2326 3415 2357 3453 a
2393 3415 2452 3455 se
2478 3401 2704 3471 expeti?
2734 3401 2918 3473 lnquit
2945 3406 3090 3460 enim
3114 3408 3180 3462 ad
3209 3425 3334 3464 eum
3361 3416 3657 3485 czeteroqui

2076 3489 2334 3545 dilectum
2361 3505 2376 3542 :
2406 3491 2508 3545 Abi
2537 3504 2651 3561 post
2683 3510 2782 3561 me,
2823 3495 3047 3563 Satana,
3076 3502 3325 3568 quoniam
3356 3521 3459 3557 non
3510 3509 3655 3577 sapis

2075 3599 2139 3637 ea
2203 3600 2321 3653 quis
2390 3583 2489 3639 Dei
2545 3597 2664 3639 sunt
2700 3627 2715 3651 ,
2778 3588 2868 3642 sed
2923 3605 3040 3660 qua:
3093 3604 3216 3646 sunt
3292 3597 3561 3653 hominum
3590 3601 3657 3657 η.

2078 3673 2247 3740 Quasi
2316 3676 2503 3741 dicat,
2583 3676 2824 3747 Sequere
2883 3695 3010 3745 me,
3095 3692 3151 3737 et
3216 3687 3323 3740 noli
3410 3690 3657 3757 resilire,

2080 3767 2336 3836 ignorans
2403 3770 2910 3840 dispensationem,
2988 3777 3170 3844 specie
3239 3780 3422 3834 carnis
3499 3783 3659 3838 dece-

2082 3871 2232 3930 ptus.
2264 3860 2552 3927 Quomodo
2582 3865 2725 3917 enim
2754 3866 3060 3921 formidabo
3094 3878 3347 3936 mortem,
3388 3874 3480 3942 qui
3536 3892 3661 3931 sum

2081 3951 2226 4006 aliud
2255 3952 2392 4005 nihil
2431 3968 2595 4022 quam
2630 3954 2740 4008 vita
2782 3954 3154 4012 immortalis?
3197 3958 3484 4025 Quomodo
3534 3981 3661 4035 pas-

2081 4044 2293 4099 sionem
2326 4046 2682 4114 deprecabor,
2723 4048 2878 4117 quia
2928 4050 3283 4118 passionibus
3336 4054 3531 4120 libero,
3562 4059 3661 4128 qui

2081 4145 2228 4190 tactu
2262 4151 2459 4191 manus
2492 4138 2683 4191 sanavi
2714 4154 2911 4205 caecos,
2937 4141 3030 4210 qui
3053 4143 3200 4197 nudo
3234 4145 3401 4201 verbo
3445 4146 3662 4204 firmavi

2084 4230 2454 4300 paralyticos,
2508 4238 2558 4284 et
2618 4229 2721 4286 feci
2777 4242 2837 4285 ut
2884 4233 3091 4289 ferrent
3147 4238 3408 4306 grabbata
3460 4242 3661 4308 quibus

2084 4329 2243 4374 antea
2276 4321 2651 4390 gestabantur,
2686 4324 2779 4393 qui
2813 4324 2990 4380 fontes
3040 4330 3367 4398 sanguinum
3431 4333 3663 4391 ﬁmbriis

2085 4411 2306 4477 siccavi,
2334 4424 2388 4466 et
2421 4429 2450 4467 a
2484 4413 2717 4483 leprosis
2747 4418 3016 4471 maculam
3058 4420 3312 4490 abstersi,
3348 4427 3442 4494 qui
3490 4428 3665 4499 legio-

2085 4516 2183 4556 nes
2224 4501 2537 4556 dmmonum
2598 4507 2857 4560 mandato
2915 4507 3118 4578 fugavi,
3175 4512 3431 4584 abyssum
3491 4518 3666 4573 instar

2086 4603 2246 4648 terra:
2274 4597 2505 4661 calcavi,
2536 4596 2823 4667 ipsamque
2857 4601 3118 4655 tumidam
3170 4613 3224 4658 et
3252 4606 3448 4661 elatam
3506 4610 3668 4665 silere

2091 4702 2155 4740 ac
2191 4686 2571 4742 obmutescere
2628 4689 2751 4753 feci,
2800 4693 2893 4760 qui
2948 4693 3013 4746 ad
3068 4704 3259 4751 ventos
3312 4714 3532 4754 manum
3566 4718 3667 4771 pro

2090 4777 2486 4846 tranquillitate
2521 4780 2761 4842 extendi,
2789 4796 2885 4849 per
2911 4797 3051 4851 quos
3085 4785 3248 4839 etiam
3291 4786 3488 4844 ﬂuctus
3536 4805 3666 4859 pro-

2091 4868 2405 4937 cellamque
2434 4870 2773 4924 sustinebam
2806 4874 2935 4941 ;qui
2967 4874 3210 4944 quinque
3239 4879 3471 4946 panibus
3500 4882 3667 4950 quin-

2092 4974 2198 5027 que
2227 4960 2394 5014 millia
2430 4960 2497 5013 ad
2531 4962 2838 5016 satietatem
2901 4965 3099 5032 cibavi,
3135 4980 3187 5021 et
3240 4969 3365 5025 inde
3420 4973 3666 5043 reliquiis

2093 5052 2321 5107 sublatis
2353 5053 2639 5107 duodecim
2668 5056 2934 5124 cophinos
2959 5057 3176 5127 implevi
3205 5078 3218 5126 ;
3256 5063 3346 5130 qui
3374 5062 3666 5130 Lazarum,

2094 5145 2287 5201 diebus
2312 5156 2547 5215 quatuor
2571 5145 2853 5215 fetentem,
2883 5150 2948 5204 ad
2984 5153 3420 5209 reviviscendum
3451 5172 3516 5210 ex
3552 5173 3671 5213 mo-

2095 5246 2357 5289 numento
2397 5236 2587 5290 vocavi
2640 5236 2913 5304 illaesum;
2947 5240 3041 5308 qui
3095 5243 3339 5297 omnium
3383 5245 3565 5314 opifex
3616 5257 3671 5301 et

2097 5329 2260 5393 Deus,
2297 5328 2400 5382 vita
2441 5336 2495 5381 et
2529 5330 2860 5384 resurrectio
2883 5346 3027 5388 sum.
3052 5331 3171 5387 Prae
3198 5348 3285 5387 me
3320 5334 3436 5390 fero
3464 5347 3668 5393 metum

2098 5431 2150 5474 et
2183 5420 2548 5474 humilitatem
2571 5460 2587 5485 ,
2616 5435 2712 5490 per
2738 5422 3187 5478 assimilatiOnem
3235 5427 3416 5481 carnis
3454 5437 3672 5499 captare

2102 5516 2289 5570 volens
2320 5514 2638 5582 draconem,
2684 5525 2740 5570 et
2763 5531 2792 5570 a
2821 5531 2909 5571 me
2937 5517 3157 5587 quidem
3186 5518 3429 5585 illusum,
3464 5533 3673 5579 morta-

2102 5611 2244 5664 libus
2274 5620 2455 5665 autem
2515 5609 2830 5664 illudentem
2861 5610 3158 5665 diabolum.
3220 5611 3467 5669 Piscator
3524 5614 3689 5672 enim

2102 5720 2226 5756 cum
2266 5703 2389 5768 sim,
2426 5702 2590 5757 etiam
2621 5701 2867 5766 hamum,
2906 5717 3101 5773 nempe
3148 5706 3416 5776 meipsum
3476 5709 3671 5768 demisi

2398 5888 2437 5919 ¹⁰
2494 5886 2662 5946 Marc.
2704 5904 2821 5956 vni,
2874 5888 2962 5943 55.
