4142 6382
521 345 664 399 rosa
1555 323 1630 396 's.
1669 333 1970 394 CAESAR“
2005 331 2337 390 caecoun
2379 331 2677 388 FBATRIS
3638 337 3776 393 uno

521 467 577 521 in
607 465 938 538 profundum
978 467 1145 537 hujus
1187 467 1329 532 vitae,
1363 465 1736 520 circumdatus
1767 463 1933 519 veluti
1973 477 2078 516 ver-

2205 476 2324 529 μον,
2341 457 2648 526 ἐγγίζοντος
2673 457 2766 510 τοῦ
2793 457 3166 528 σκοπουμένων
3187 455 3367 528 ἰχθύος
3388 456 3775 528 ἀνθρωποκτό-

522 572 630 620 me,
663 566 939 626 assumpta
970 556 1285 612 mortalium
1309 571 1495 621 carne,
1532 555 1648 624 ipse
1675 570 1770 624 per
1826 553 2078 622 meipsun

2200 568 2313 615 νου,
2346 551 2541 620 μήπως
2565 549 2747 614 δείσας
2774 551 3125 623 ἀποπηδήσῃ.
3155 549 3246 602 Διὸ
3283 548 3376 602 καί
3404 567 3549 620 φημι
3572 549 3661 604 διὰ
3678 549 3773 604 τοῦ

519 650 826 705 consimilis
863 650 1036 718 ipsis,
1087 649 1224 703 citra
1273 648 1633 703 mutationem
1689 655 1868 701 tamen
1916 643 2078 699 factu:

2198 643 2384 705 παιδός
2434 659 2532 712 μου
2575 642 2759 702 Δαὸὶδ,
2813 643 2967 712 Ἐγὼ
2997 643 3065 696 δέ
3107 645 3223 713 ειμι
3246 641 3492 710 σκώληξ
3534 642 3632 696 καὶ
3663 646 3776 698 οὐκ

517 740 786 795 Adamus.
823 740 889 793 Et
919 741 1067 795 velut
1109 741 1368 810 piscator,
1420 756 1565 796 nunc
1617 741 1837 810 quidem
1899 737 2078 794 blandi

2195 737 2522 808 ἅνθρωπος.
2551 738 2762 810 Ὥσπερ
2809 741 2917 811 γὰρ
2950 739 3156 802 ἐκεῖνος
3203 741 3269 792 ἐκ
3312 738 3414 808 τῆς
3455 739 3556 809 γῆς
3604 739 3774 809 χωρίς

517 832 747 886 demitto
771 842 826 887 ct
857 833 1120 888 subtraho
1171 835 1225 888 in
1281 832 1556 905 profundo
1584 835 1769 888 datum
1827 833 2046 886 hamum
2075 852 2078 901 ;

2193 844 2338 890 τινος
2377 829 2699 898 συμπλοκῆς
2728 828 3022 900 σαρκοῦται
3075 830 3168 883 καὶ
3198 829 3564 898 ζωογονεῖται,
3597 847 3774 902 παραο

517 939 666 977 nunc
700 939 828 978 vero
880 925 1125 994 quietum
1185 935 1365 992 teneo,
1417 926 1889 996 appropinquante
1944 926 2094 994 pisce

517 1014 792 1069 homicida
825 1031 988 1086 quem
1045 1017 1298 1080 observo,
1346 1034 1414 1072 ne
1445 1034 1550 1086 qua
1584 1018 1806 1071 territus
1859 1017 2086 1072 resiliat.

515 1105 858 1176 Quapropter
887 1118 940 1162 et
962 1124 1057 1178 per
1083 1125 1300 1165 servum
1337 1126 1516 1164 meum
1543 1108 1800 1163 Davidem
1824 1110 2046 1179 inquam
2073 1128 2085 1163 :

513 1193 627 1264 Ego
654 1212 771 1248 vero
799 1212 915 1250 sunt
949 1201 1158 1264 vermis,
1199 1211 1246 1252 et
1281 1214 1382 1251 non
1439 1199 1591 1252 homo
1620 1198 1684 1253 “.
1717 1200 2086 1266 Quemadmoo

513 1287 644 1340 dum
681 1289 829 1342 enim
863 1290 954 1343 ille
978 1306 1043 1343 ex
1072 1300 1213 1346 terra
1241 1291 1453 1360 absque
1489 1291 1670 1360 aliqua
1703 1292 2090 1361 conjunctione

514 1393 733 1432 carnem
769 1379 987 1447 accipit,
1020 1380 1156 1434 etin
1197 1379 1361 1433 vitam
1396 1379 1749 1449 producitur:
1787 1380 2088 1434 consimili-

515 1477 598 1523 ter
632 1476 684 1521 et
715 1483 816 1537 ego
843 1483 909 1524 ex
937 1484 1003 1524 ea
1031 1484 1156 1538 quae
1188 1483 1404 1540 semper
1435 1480 1518 1524 est
1545 1470 1700 1538 virgo
1747 1471 1955 1540 absque
1989 1471 2087 1524 ali-

513 1576 621 1630 qua
647 1561 1031 1616 commistione
1063 1572 1118 1617 et
1149 1563 1540 1632 conjunctione
1568 1562 1695 1628 viri,
1726 1563 2042 1619 incarnatus
2068 1606 2082 1629 ,

516 1653 836 1706 naturaliter
866 1653 1042 1709 iactus
1073 1670 1194 1709 sunt
1227 1655 1413 1716 homo,
1454 1669 1683 1710 manens
1737 1653 1900 1709 Deus.
1937 1653 2086 1721 Qua-

514 1753 732 1812 propter
768 1745 843 1798 ait
867 1746 1032 1800 multa
1066 1747 1304 1815 pericula
1344 1761 1637 1816 perpessus
1675 1747 1766 1802 ille
1795 1757 1945 1802 vates
1995 1744 2087 1800 Je-

513 1835 714 1890 remias
747 1876 763 1902 ,
820 1837 1012 1891 videns
1079 1838 1394 1907 prophetica
1445 1837 1654 1892 visione
1707 1837 2082 1906 decipiendum

511 1927 882 1996 deceptorem,
918 1937 970 1980 et
997 1929 1158 1997 quasi
1187 1929 1443 1984 deridens
1494 1930 1666 1999 ipsius
1722 1929 1996 1984 fremitum
2029 1939 2086 1981 et

512 2019 920 2087 arrogantiam,
984 2029 1108 2072 ante
1163 2033 1339 2075 annos
1397 2021 1722 2091 quingentos
1761 2031 1817 2074 et
1871 2020 2084 2091 longius

511 2107 703 2174 etiam,
737 2108 804 2161 de
837 2125 960 2163 me:
995 2107 1169 2162 Ilomo
1202 2119 1300 2172 est,
1333 2121 1382 2163 et
1411 2113 1529 2180 quis
1560 2113 1823 2182 cognoscit
1849 2128 1965 2165 eum
1999 2112 2086 2162 "‘1

511 2196 667 2265 quasi
695 2197 862 2259 dicat.
908 2198 1052 2269 quod
1078 2199 1170 2267 qui
1204 2197 1346 2254 Deus
1371 2210 1473 2261 est,
1500 2216 1592 2268 per
1619 2201 2078 2270 dispensationem

507 2299 733 2358 propter
764 2305 866 2346 nos
897 2293 1062 2345 homo
1088 2290 1267 2347 [actus
1291 2291 1382 2358 sit,
1417 2293 1691 2361 sapienter
1718 2292 1972 2347 deludere
2027 2293 2079 2343 in

507 2382 718 2438 malitia
755 2384 1055 2452 sapientem
1094 2384 1303 2449 volens,
1336 2386 1569 2454 impleas
1616 2384 1955 2454 prophetiam
1989 2401 2080 2454 ge-

2198 919 2442 991 πλησίως
2477 920 2632 989 κάγὼ
2659 925 2722 975 ἐκ
2751 922 2849 992 τῆς
2867 923 3166 986 Ἀείπαιδος
3195 923 3362 993 χωρίς
3399 921 3594 994 μίξεως
3629 940 3772 987 τινος

2194 1012 2287 1064 καὶ
2319 1013 2636 1084 συμπλοκῆς
2662 1013 2855 1084 ἀνδρὸς
2893 1014 3216 1086 σαρκωθεὶς,
3261 1013 3546 1084 αὐτοφυῶς
3573 1015 3770 1084 γέγονα

2193 1104 2383 1175 βροτὸς
2416 1107 2591 1176 μένων
2619 1107 2772 1170 Θεός.
2804 1108 2894 1160 Διό
2936 1125 3098 1180 φησιν
3142 1107 3410 1178 Ἱερεμίας
3432 1110 3461 1161 ὁ
3484 1107 3593 1160 τῶν
3638 1124 3772 1179 προ-

2190 1198 2378 1268 φητῶν
2406 1199 2808 1264 πολυκίνδυνος,
2847 1200 2990 1272 ὁρῶν
3024 1199 3345 1274 προφητικῷ
3385 1200 3590 1270 ὄμματι
3637 1200 3772 1275 ἀπαέ

2187 1292 2382 1345 τᾶσθαι
2412 1293 2628 1363 μέλλειν
2655 1294 2746 1347 τὸν
2775 1294 3085 1358 ἀπατεῶνα,
3123 1293 3285 1347 οἱονεὶ
3313 1292 3485 1360 γελῶν
3523 1291 3688 1345 αὑτοῦ
3707 1292 3770 1346 τὸ

2188 1387 2454 1458 φρύαγμα
2486 1388 2579 1441 καὶ
2612 1388 2708 1460 τὴν
2731 1389 2915 1443 ἄνοιαν
2940 1430 2956 1453 ,
2989 1389 3096 1460 πρὸ
3128 1387 3495 1442 πεντακοσίων
3518 1384 3654 1438 ἑτῶν
3673 1386 3770 1442 καὶ

2185 1476 2317 1539 ἄνω,
2361 1479 2524 1547 φησὶν
2579 1478 2708 1549 περ)⁵
2753 1479 2919 1550 ὲμοῦο
2956 1479 3291 1546 Ἄνθρωπός
3333 1475 3483 1538 ἐστι,
3521 1475 3622 1530 καὶ
3676 1477 3768 1542 τίς

2184 1567 2473 1636 γνώσεται
2503 1571 2720 1636 αύτόν;
2746 1571 2821 1634 ὡς
2863 1573 3059 1637 εἰπεῖν,
3090 1572 3173 1624 δτι
3205 1570 3338 1633 Θεός
3371 1571 3539 1634 ἔστιν,
3565 1570 3768 1622 οἰκονο-

2189 1660 2362 1729 μικῶς
2393 1660 2461 1712 δι’
2494 1663 2642 1730 ἡμᾶς
2687 1661 3013 1732 γενόμενος,
3055 1660 3232 1729 σοφῶς
3274 1662 3522 1732 μωρᾶναι
3564 1660 3656 1714 τὸν
3707 1661 3766 1713 ὲν

2187 1750 2355 1821 κακία
2392 1749 2552 1818 σοφὸν
2592 1749 3056 1823 προαιρούμενος,
3097 1748 3321 1820 πληρῶν
3366 1747 3460 1801 τοῦ
3514 1746 3762 1815 γενναίου

2200 1837 2318 1890 ’1ὼῦ
2351 1838 2450 1908 τὴν
2472 1839 2828 1909 προφητείαν,
2869 1839 3203 1908 φάσκουσαν,
3239 1837 3440 1903 Ἀξεις
3467 1835 3766 1906 δράκοντα

2186 1929 2255 1981 ἐν
2284 1929 2602 1998 ἀγκίστρῳ.
2620 1930 2729 1984 Καὶ
2754 1929 2915 1984 πάλιν
2948 1930 2976 1981 ό
3010 1929 3191 1997 αὐτὸς,
3239 1930 3341 1983 Ἐν
3370 1925 3448 1994 τῷ
3470 1928 3630 1994 τόπῳ
3653 1925 3764 1994 τῆς

2187 2022 2462 2076 ἀϐύσσου
2489 2021 2950 2090 περιεπάτησας,
2969 2023 3043 2076 τὰ
3071 2023 3432 2091 καταχθόνια
3456 2019 3761 2090 περιθέων,

2185 2112 2281 2164 καὶ
2336 2114 2464 2175 τοὺς
2522 2114 2636 2166 ὲκεὶ
2689 2113 3071 2184 αἰχμαλώτους
3126 2113 3446 2184 ἐλευθερῶν·
3479 2114 3573 2166 καὶ
3601 2112 3764 2165 πάλιν

2186 2205 2213 2255 ὁ
2243 2204 2404 2267 αὑτός
2430 2221 2613 2274 φησιν,
2655 2205 3097 2275 Ἀνοιτήσονται
3137 2203 3203 2256 δέ
3250 2222 3347 2258 σοι
3385 2206 3546 2274 φόϐῳ
3576 2205 3760 2258 πύλαι

2187 2295 2449 2347 θανάτου
2479 2313 2490 2325 ·
2543 2297 2802 2365 πυλωροὶ
2864 2297 2932 2349 δὲ
2979 2297 3127 2363 ᾅδου
3183 2297 3408 2362 ἰδόντες
3451 2295 3528 2350 σὲ
3581 2297 3760 2362 ἕπτηο

2190 2386 2322 2448 ξαν.

505 2478 687 2533 nerosi
716 2476 835 2533 Jobi
863 2479 1091 2533 dicentis
1121 2501 1132 2533 :
1166 2479 1334 2533 Duces
1360 2480 1613 2534 dracones
1655 2476 1894 2534 homo“.
1926 2476 2068 2533 Idem
2133 2496 2327 2537 rursus
2386 2483 2494 2538 ait:
2532 2483 2758 2539 Semitas
2810 2486 2986 2555 abyssi
3047 2485 3443 2555 perambulasti,
3493 2483 3760 2539 subterra-

506 2585 603 2624 nea
630 2585 937 2638 percurrens
962 2571 1027 2633 ιδ,
1062 2581 1114 2626 et
1145 2571 1252 2624 illic
1280 2581 1468 2641 captos
1506 2571 1766 2626 liberans.
1801 2568 1866 2622 Et
1897 2570 2090 2624 iterum
2123 2571 2262 2627 idem
2297 2574 2476 2645 inquit
2503 2595 2514 2630 :
2575 2576 2890 2645 Aperientur
2923 2578 3014 2631 tibi
3064 2590 3260 2632 terrore
3311 2590 3476 2646 portw
3537 2578 3716 2631 mortis
3739 2592 3760 2631 :

506 2667 759 2731 ianitores
788 2665 982 2733 inferni
1021 2675 1069 2718 te
1095 2666 1324 2720 videntes
1355 2666 1727 2720 inhorruerunt
1748 2665 1812 2718 ¹⁵.

882 2754 1397 2812 INTERROGATIO
1447 2755 1709 2811 CXXXV.

575 2841 716 2899 Num
753 2844 922 2914 igitur
975 2847 1257 2902 illusorem
1309 2848 1452 2903 dicis
1499 2848 1806 2915 Christum,
1848 2857 1907 2904 et
1935 2849 2080 2918 quod

505 2934 632 2989 dolo
661 2937 1004 3005 superaverit
1029 2937 1356 2993 diabolum?

1140 3030 1442 3094 Responsio.

576 3118 724 3173 Nihil
758 3121 809 3173 id
839 3129 1034 3189 praeter
1053 3120 1335 3175 decorum.
1361 3121 1642 3192 Siquidem
1686 3132 1742 3176 et
1783 3123 1898 3192 ipse
1923 3132 2078 3178 ante-

505 3227 670 3280 quam
710 3212 896 3267 unitus
925 3213 1132 3267 homini
1163 3212 1306 3268 Deus
1331 3224 1498 3278 esset,
1533 3223 1866 3282 conspectus
1895 3215 1965 3269 ab
1993 3215 2079 3268 in-

504 3313 743 3373 terprete
768 3319 949 3357 rerum
980 3304 1290 3360 divinarum
1323 3305 1496 3370 Mose,
1545 3307 1722 3376 inquit
1754 3324 1768 3360 :
1814 3307 1970 3362 Vides
2023 3308 2078 3361 in

503 3409 662 3463 quam
695 3394 874 3448 multis
900 3395 1156 3450 illuserim
1201 3396 1468 3468 Egyptiis
1489 3399 1570 3453 "i
1613 3398 1874 3454 Similiter
1903 3401 2080 3454 illudit

510 3483 830 3542 incarnatus
858 3487 1156 3543 intellectili
1189 3488 1464 3544 Pharaoni
1521 3508 1644 3546 cum
1679 3502 1793 3547 toto
1835 3493 2075 3548 exercitu

503 3592 605 3632 suo
638 3576 1087 3649 Egyptiacorum
1126 3581 1457 3644 daemonum,
1508 3585 1855 3641 invisibiliter
1889 3586 2078 3656 ﬂagel-

502 3672 617 3726 lato
649 3681 703 3727 et
737 3673 1028 3729 submerso
1063 3675 1204 3745 ipso,
1228 3690 1325 3745 per
1351 3675 1404 3729 id
1425 3677 1568 3746 quod
1596 3679 1793 3748 inquit,
1824 3677 2005 3739 Pater,
2028 3681 2079 3732 si

503 3763 618 3830 ﬁeri
654 3771 842 3832 potest,
885 3773 1119 3818 transeat
1153 3782 1186 3818 a
1221 3781 1301 3820 me
1337 3770 1580 3834 poculum
1606 3769 1782 3822 hoc”.
1830 3766 1874 3822 Ο
1907 3784 2070 3838 pocu-

505 3857 615 3909 lum
649 3856 895 3912 diabolos
932 3857 1254 3922 vulnerans,
1281 3858 1560 3914 daemonas
1595 3859 1810 3929 fugatis,
1856 3871 2076 3929 peccata

502 3948 794 4012 vcntilans,
821 3959 1140 4018 peccatores
1171 3951 1424 4020 expians,
1474 3961 1730 4006 aeternam
1765 3952 1930 4006 vitam
1954 3967 2077 4021 ope.

503 4041 666 4094 i-attsl
716 4038 893 4093 Homo
937 4041 1102 4110 igitur
1165 4042 1345 4112 reipsa
1394 4041 1534 4097 Deus
1597 4041 1829 4098 Verbum
1876 4042 2073 4109 factus,

503 4130 914 4185 inimutabiliter
972 4131 1156 4186 omnia
1201 4147 1325 4186 cum
1367 4132 1593 4187 veritate
1627 4141 1952 4202 prosecutus
1989 4143 2077 4189 est

503 4220 764 4283 humana,
807 4230 1018 4292 excepto
1051 4223 1340 4289 peccato".
1385 4222 1477 4279 Sic
1514 4233 1754 4295 tempore
1804 4226 2076 4295 passionis

501 4313 819 4381 deprecatur
850 4316 1126 4384 poculum,
1173 4331 1279 4368 non
1319 4325 1568 4372 metuens
1589 4316 1643 4371 id
1678 4318 1822 4386 quod
1848 4318 1960 4384 jam
1979 4333 2077 4371 an-

504 4412 591 4457 tea
616 4404 878 4471 voluerat,
933 4407 1025 4460 sed
1084 4422 1182 4460 nos
1223 4407 1523 4474 instruens,
1579 4409 1633 4463 in
1686 4409 1926 4471 pericula
1964 4425 2068 4462 non

503 4495 850 4549 insiliendum
881 4511 1024 4562 esse,
1058 4498 1151 4554 sed
1179 4498 1528 4554 adventantia
1552 4497 1766 4554 fortiter
1802 4515 1866 4553 ac
1900 4499 2072 4553 virili-

505 4595 587 4638 ter
613 4602 732 4640 esse
761 4587 1099 4656 excipienda.
1140 4588 1261 4644 Ideo
1288 4605 1502 4644 crucem
1539 4605 1634 4658 per
1662 4589 2070 4644 meditationem

503 4676 824 4730 aestimatam
882 4686 1030 4730 certo
1075 4678 1306 4732 consilio
1352 4678 1746 4747 deprecabatur
1809 4679 2081 4750 quidem;

504 4767 801 4820 exhibitam
844 4781 972 4821 vero
998 4783 1161 4837 super
1189 4769 1444 4824 humeros
1471 4779 1732 4839 tanquam
1761 4769 1933 4826 victor
1963 4771 2070 4825 tol-

505 4861 640 4920 lens,
692 4859 805 4914 ibat
838 4869 1050 4928 sponte,
1103 4861 1158 4915 in
1189 4876 1253 4916 ea
1305 4862 1472 4918 clavis
1528 4863 1847 4935 atﬁgendus.
1895 4865 2069 4920 Simul

501 4962 682 5004 autem
715 4950 969 5005 omnibus
999 4952 1302 5006 acclamare
1332 4955 1609 5018 convenit,
1655 4971 1778 5024 qua:
1805 4973 1834 5009 a
1868 4953 2070 5011 Davide

499 5040 685 5092 divino
707 5038 989 5093 decantata
1025 5050 1152 5094 sunt
1185 5059 1198 5094 ι
1243 5039 1414 5105 Quam
1443 5042 1596 5097 valde
1631 5045 1912 5114 magniﬁca
1949 5055 2070 5098 sunt

499 5146 656 5194 opera
695 5140 806 5196 tua,
850 5128 1107 5184 Domine!
1163 5133 1341 5186 omnia
1395 5135 1451 5187 in
1499 5136 1762 5204 sapientia
1812 5137 1982 5206 fecisti
2007 5139 2069 5189 ⁸³.

502 5219 770 5272 similiter
802 5221 1191 5291 magniloquus
1219 5231 1274 5276 et
1299 5223 1532 5280 eximius
1559 5226 1648 5279 ille
1671 5227 1966 5296 Apostolus
1999 5226 2074 5280 di-

499 5322 644 5365 serte
706 5312 942 5367 clamat:
997 5314 1041 5368 0
1092 5316 1504 5384 profunditatem
1532 5317 1833 5372 divitiarum
1874 5330 1922 5374 et
1979 5337 2072 5374 sa-

497 5405 712 5471 pientia:
741 5415 787 5457 et
821 5407 1130 5476 cognitionis
1159 5406 1297 5461 Dei!
1325 5410 1496 5473 Quam
1517 5410 1880 5465 inscrutabilia
1921 5413 2076 5482 judi-

499 5499 583 5550 cia
624 5507 745 5550 sunt
786 5500 922 5564 ejus,
969 5507 1018 5552 et
1053 5500 1548 5570 impervestigabiles
1586 5502 1698 5570 ejus
1739 5502 1876 5557 viae!
1939 5502 2070 5567 Quis

499 5587 636 5641 enim
660 5591 893 5657 cognovit
915 5602 1137 5644 mentem
1177 5592 1388 5647 Domini
1415 5597 1439 5649 ?
1493 5603 1586 5647 aut
1611 5595 1727 5664 quis
1751 5595 1854 5663 fuit
1877 5597 1925 5649 ei
1947 5612 2070 5649 con-

2745 2757 2991 2810 ΠΕΥΣΙΣ
3026 2757 3196 2810 ΡΛΕ’.

2257 2851 2322 2903 Τί
2352 2847 2444 2903 οὖν
2492 2850 2805 2920 ὲμπαίκτην
2851 2849 3030 2917 λέγεις
3077 2850 3168 2902 τὸν
3209 2847 3463 2919 Χριστὸν,
3493 2849 3588 2902 καὶ
3625 2847 3760 2920 δόλῳ

2183 2945 2494 3013 ἡττήσαντα
2517 2942 2606 2995 τὸν
2641 2941 2883 2994 διάϐολον
2907 2958 2920 3003 ;

2793 3033 3147 3101 Ἀπόκρισις.

2252 3125 2417 3179 Οὐδὲν
2444 3125 2691 3188 ἀπεικός.
2714 3125 2824 3178 Καὶ
2856 3124 2963 3196 γὰρ
2997 3124 3160 3187 αὐτὸς
3192 3123 3298 3194 πρὸ
3321 3123 3418 3193 τῆς
3438 3121 3757 3194 θεανδρικῆς

2180 3214 2356 3284 ὅψεως
2408 3213 2594 3282 ὀφθεὶς
2647 3214 2726 3286 τῷ
2774 3215 3069 3288 ἱεροφάντῃ
3118 3215 3327 3277 Μωσεῖ,
3376 3214 3540 3284 φησὶν
3586 3199 3756 3283 αύτῷ,

2192 3305 2358 3374 Ὁρᾷς
2381 3307 2545 3360 πόσα
2568 3307 2901 3376 ἐμπέπαικα
2925 3307 3049 3372 τοῖς
3076 3306 3444 3375 Αίγυπτιόις;
3485 3304 3759 3367 Ὡσαύτως

2180 3397 2441 3468 ἐμπαίζει
2483 3398 2784 3468 σαρκωθεὶς
2828 3398 2917 3450 τὸν
2961 3398 3148 3466 νοητὸν
3181 3396 3378 3470 Φαραὼ
3419 3398 3758 3468 πανστρατιᾷ

2179 3488 2288 3542 τῶν
2318 3487 2484 3543 αὐτοῦ
2534 3490 2846 3558 Αἰγυπτίων
2885 3489 3176 3559 δαιμόνων,
3207 3490 3455 3560 ἀοράτως
3491 3489 3754 3558 μαστίξας

2181 3582 2274 3635 καὶ
2307 3579 2588 3644 ποντώσας
2608 3581 2791 3645 αὑτὸν,
2817 3581 2904 3634 διὰ
2930 3581 3022 3634 τοῦ
3053 3581 3304 3650 φάσκειν,
3340 3581 3552 3647 Πάτερ,
3579 3584 3632 3634 εί
3657 3581 3756 3634 δυο

2179 3673 2382 3736 φατὸν,
2415 3671 2754 3741 παρελθέτω
2804 3671 2867 3725 τὸ
2915 3671 3202 3740 ποτήριον
3242 3671 3418 3726 τοῦτο
3458 3673 3562 3726 ἀπ’
3587 3671 3750 3742 ἐμοῦ.

2185 3764 2248 3816 Ὢ
2274 3767 2530 3836 ποτήριον
2557 3764 2806 3819 διαϐόλου
2840 3768 3163 3836 τρωτήριον,
3197 3765 3465 3835 δαιμόνων
3491 3764 3756 3835 φυγαδευ-

2177 3854 2388 3923 τήριον,
2421 3854 2707 3925 ἁμαρτιῶν
2751 3853 3128 3926 λικμητήριον,
3165 3854 3501 3926 ἁμαρτωλῶν
3546 3854 3754 3926 ἱλαστή-

2181 3961 2316 4013 ριον,
2361 3941 2504 4016 ζωῆς
2533 3944 2751 3999 αἰωνίου
2783 3945 3172 4016 ἐργαστήριονί
3212 3944 3529 4016 ’Ἄνθρωπος
3574 3946 3755 3997 τοίνυν

2179 4036 2321 4089 κατὰ
2359 4035 2615 4107 ἀλήθειαν
2646 4038 2675 4089 ὁ
2716 4035 2850 4100 Θεὸς
2884 4036 3056 4105 Λόγος
3092 4036 3400 4107 γενόμενος,
3442 4036 3751 4108 ἀτρέπτως,

2179 4129 2358 4181 πάντα
2396 4128 2493 4182 σὺν
2521 4128 2750 4200 ἀληθείᾳ
2797 4127 2867 4182 τὰ
2915 4127 3121 4199 βροτῶν
3163 4123 3430 4199 διεξῆλθε,
3464 4129 3604 4201 πλὴν
3652 4129 3752 4198 τῆς

2178 4220 2394 4274 ἀνοσίου
2423 4221 2621 4285 κακίας
2644 4239 2657 4251 ·
2690 4219 2866 4285 οὕτως
2895 4222 2988 4274 καὶ
3016 4223 3074 4274 ὲν
3100 4220 3178 4292 τῷ
3204 4219 3300 4273 τοῦ
3339 4220 3545 4284 πάθους
3575 4221 3752 4292 καιρῷ

2179 4314 2525 4383 παραιτεῖται
2564 4312 2626 4364 τὸ
2657 4313 2935 4384 ποτήριον,
2962 4313 3024 4365 ού
3053 4310 3304 4373 δεδοικὼς
3342 4312 3478 4383 ὅπερ
3505 4311 3752 4364 ἐϐούλετο

2178 4405 2300 4476 ἥδη,
2326 4403 2462 4458 ἀλλὰ
2481 4403 2768 4471 παιδεύων,
2803 4407 2877 4476 μὴ
2903 4405 3010 4457 δεῖν
3036 4408 3148 4467 τοῖς
3171 4400 3432 4467 κινδύνοις
3457 4405 3748 4474 ὲπιπηδᾲν,

2182 4495 2505 4558 ἐπελθόντας
2533 4495 2590 4548 δὲ
2618 4495 2900 4566 καρτερῶς
2930 4495 3022 4548 καὶ
3051 4494 3312 4565 ἀνδρείως
3355 4493 3626 4564 δέχεσθαι.
3657 4494 3752 4546 Διὸ

2180 4585 2552 4657 μελετώμενον
2613 4585 2712 4655 μὲν
2763 4586 2854 4637 τὸν
2909 4585 3140 4655 σταυρὸν
3195 4583 3550 4654 οἰκονομικῶς
3607 4599 3749 4655 παρ-

2174 4683 2375 4752 ῃτεῖτο,
2397 4676 2773 4748 ἁποφανθέντα
2794 4676 2850 4730 δὲ
2866 4677 2953 4728 ἐπ’
2979 4675 3143 4747 ὤμων
3159 4675 3234 4739 ὠς
3256 4675 3548 4746 νικηφόρος
3569 4673 3748 4728 λαϐὼν

2174 4772 2484 4843 ηὐτομόλει,
2525 4770 2609 4824 ἐπ’
2655 4768 2802 4839 αὐτῷ
2853 4766 3214 4838 καθηλοῦσθαι
3260 4767 3597 4836 αὐθαιρέτως
3629 4783 3748 4834 φοι-

2175 4865 2305 4918 τῶν.
2351 4863 2636 4934 Ἀρμόττει
2665 4861 2722 4914 δὲ
2750 4862 2915 4915 πᾶσιν
2933 4858 3068 4930 ὁμοῦ
3107 4858 3403 4929 ἀναὸοῆσαι
3427 4857 3494 4910 τὰ
3520 4857 3624 4910 ὑπὸ
3651 4855 3744 4909 τοῦ

2177 4957 2460 5011 θεσπεσίου
2490 4953 2654 5009 Δαδὶδ
2685 4951 3064 5024 μελῳδούμενα
3082 4967 3096 4980 ·
3142 4950 3238 5016 Ὡς
3268 4950 3642 5019 ἐμεγαλύνθη
3671 4947 3746 5002 τὰ

2175 5048 2319 5117 ἔργα
2335 5063 2472 5113 σου,
2491 5045 2700 5113 Κύριε]
2727 5043 2924 5100 πάντα
2946 5043 3016 5096 ἐν
3034 5042 3220 5110 σοφίᾳ
3243 5042 3554 5108 ἐποίησας.
3586 5042 3743 5094 Ἀνα-

2175 5139 2368 5209 φωνῶν
2401 5141 2430 5192 ὁ
2457 5137 2657 5208 ὑψηλὸς
2702 5133 3019 5196 ’Λπόστολος
3042 5131 3337 5203 διαρρήδην
3373 5131 3472 5203 βοᾷ
3490 5149 3502 5162 ο
3537 5129 3604 5186 ’Ὠ
3626 5131 3744 5198 ,βόα

2174 5235 2278 5297 θος
2311 5231 2577 5285 πλούτου
2603 5227 2700 5283 καὶ
2741 5225 2962 5294 σοφίας
2995 5222 3092 5276 καί
3117 5221 3396 5291 γκόσεως
3435 5223 3580 5276 Θεοῦ
3608 5241 3620 5254 ·
3663 5225 3743 5289 ὠς

2173 5322 2610 5390 ἀνεξερεύνητα
2645 5320 2717 5377 τὰ
2750 5319 3000 5386 κρίματα
3039 5314 3246 5379 αὐτοῦ,
3273 5315 3368 5368 καί
3405 5315 3742 5384 ἀνεξιχνία-

2173 5431 2306 5467 στοι
2337 5417 2396 5467 ai
2427 5412 2554 5467 ὁδοὶ
2587 5410 2807 5472 aiwa)!
2841 5409 2934 5475 Τίς
2972 5406 3080 5478 γὰρ
3108 5407 3261 5477 ἔγνω
3303 5410 3458 5460 νοῦν
3481 5407 3740 5477 Κυρίους

2177 5506 2213 5573 ἢ
2260 5505 2352 5569 τίς
2397 5505 2744 5574 σύμϐουλος
2780 5501 2967 5555 αὐτοῦ
3011 5499 3280 5569 arb-ero;
3311 5499 3358 5552 ὣ
3393 5500 3495 5570 τῆς
3535 5501 3739 5562 ἀνοίας,

2174 5611 2222 5651 οι
2261 5598 2536 5651 θεσπέσιοι
2563 5594 2884 5668 ἀποροῦσιν,
2919 5594 2969 5647 οι
2996 5590 3252 5661 τυχόντες
3281 5591 3535 5660 ζητοῦσιν
3561 5610 3573 5624 ·
3612 5609 3739 5645 σιω-

575 5691 808 5766 ξξ-Ρεοι.
844 5711 961 5766 im,
998 5697 1049 5750 7.
1131 5699 1171 5731 ¹²
1203 5697 1312 5753 Jer.
1355 5716 1487 5765 xvn,
1544 5701 1597 5759 9.
1651 5718 1762 5758 sec.
1798 5701 1957 5756 LXX.
2039 5705 2084 5736 ¹³
2139 5701 2241 5759 Job
2293 5719 2387 5766 XL,
2443 5702 2676 5757 20.5ec.
2728 5682 2890 5755 LXX.
2968 5701 3014 5731 “
3051 5693 3155 5748 Job
3211 5712 3438 5761 xxxvnt,
3482 5697 3573 5757 16.
3627 5710 3740 5750 sec.

504 5757 661 5812 LXX.
743 5765 785 5792 ²⁸

503 5829 591 5883 15.
671 5832 712 5864 ι’
734 5832 878 5891 Psal.
905 5847 1015 5902 κει,
1047 5839 1099 5892 6.

837 5763 937 5840 iob
1003 5782 1230 5840 xxxvm,
1265 5772 1353 5837 17,
1391 5763 1500 5826 sec.
1539 5771 1700 5826 LXX.
1781 5774 1823 5805 “
1857 5775 2028 5828 Lixod.
2067 5793 2117 5840 κ,
2154 5776 2208 5839 ‘2,
2272 5763 2384 5829 sec.
2417 5771 2574 5827 LXX.

2659 5773 2700 5804 ¹⁷
2757 5771 2946 5826 Matth.
3011 5779 3159 5830 xsvt,
3201 5766 3291 5823 29.
3373 5771 3415 5802 ⁸⁸
3476 5767 3610 5823 Heb.
3664 5781 3740 5835 tv,
3799 5847 3804 5852 ε
