4142 6382
344 435 492 495 ,1041

339 551 551 602 κτάσθω
586 544 762 597 τοίνυν
795 546 945 598 πᾶσα
984 544 1287 614 φιλονεικία
1318 545 1413 598 καὶ
1456 544 1730 617 λογισμῶν
1782 546 1933 616 κίνη-

358 651 481 702 σις⁸
534 635 711 707 χαίρει
760 635 868 708 γὰρ
912 636 972 690 τὸ
1017 638 1175 690 Θεῖον
1222 637 1365 709 ἁπλῇ
1416 641 1483 710 τῇ
1531 638 1708 693 πίστει
1759 638 1933 709 τιμὼ-

361 747 540 802 μενον.

907 906 1155 959 ΠΕΥΣΙΣ
1192 906 1376 974 PAq'.

428 1000 651 1053 Πάντων
680 998 858 1062 καλῶς
885 997 1362 1069 διευκρινηθέντων
1389 998 1541 1068 ἡμῖν,
1568 997 1802 1069 δεόμεθα
1832 998 1934 1053 λοι-

358 1091 458 1145 πὸν
486 1092 555 1144 τὰ
579 1091 676 1162 τῆς
697 1090 973 1161 ἡμετέρας
1002 1088 1218 1157 φύσεως
1254 1088 1466 1159 μαθεῖν.
1495 1090 1604 1143 Καὶ
1634 1091 1663 1143 6
1699 1090 1798 1160 μὲν
1826 1093 1931 1143 Δαι-

359 1184 445 1236 δὶδ
478 1183 765 1254 σμικρύνει
798 1182 892 1236 καὶ
921 1181 1181 1246 εύτελίζει
1213 1181 1304 1234 τὸν
1342 1180 1644 1251 ἄνθρωπον,
1669 1181 1841 1250 λέγων
1874 1184 1932 1235 ὲν

359 1276 437 1347 τῷ
480 1276 652 1347 ὀγδόῳ
692 1274 891 1345 ψαλμῷ
915 1291 928 1303 ·
963 1274 1158 1340 Κύριε,
1194 1274 1252 1326 τί
1276 1274 1444 1327 ἐστιν
1484 1272 1811 1340 ἄνθρωπος,
1842 1274 1933 1329 ὅτι

350 1367 666 1437 μιμνήσκῃ
681 1366 867 1422 αὐτοῦ
891 1385 910 1433 ;
933 1368 1021 1421 Ἐν
1039 1367 1094 1420 δὲ
1107 1366 1184 1436 τῷ
1202 1366 1510 1438 τριακοστῷ
1527 1367 1695 1437 ὀγδόῳ
1710 1366 1928 1438 ψαλμῷ,

353 1456 529 1525 Πλὴν
583 1455 833 1526 μάταιος
885 1455 1006 1521 πᾶς
1050 1456 1376 1523 ἅνθρωπος.
1422 1455 1512 1509 Ἐν
1565 1456 1623 1510 δὲ
1677 1456 1754 1526 τῷ
1808 1464 1930 1527 ρμγθ

353 1547 575 1619 ψαλμῷ,
615 1548 807 1618 Κύριε,
835 1548 893 1600 τί
934 1548 1105 1601 ἐστιν
1123 1547 1451 1616 ἄνθρωπος,
1492 1546 1584 1601 ὅτι
1622 1548 1933 1617 ἐγνώσθης

353 1640 534 1709 αὐτῷ,
575 1642 613 1706 ἢ
643 1642 773 1709 υἱὸς
792 1640 1125 1710 ἀνθρώπου,
1170 1640 1260 1695 ὅτι
1295 1640 1499 1711 λογίζῃ
1540 1644 1757 1707 αὺτόν;
1796 1644 1933 1696 Ἀν-

353 1736 586 1800 θρωπος
616 1733 959 1803 ματαιότητι
985 1732 1268 1802 ὡμοιώθη,
1303 1733 1487 1805 φησίν.
1526 1735 1585 1787 '0
1610 1734 1667 1788 δὲ
1695 1735 1809 1799 υίὸς
1837 1735 1933 1788 αὐ-

353 1822 449 1877 τοῦ
477 1823 727 1895 Σολομὼν
771 1822 1063 1896 μεγαλύνει
1091 1821 1183 1879 τὸν
1215 1824 1524 1897 ἄνθρωπον,
1554 1824 1648 1879 καὶ
1680 1826 1929 1896 σεμνύνει

354 1915 559 1984 λέγων·
588 1916 751 1986 Μέγα
788 1917 1099 1986 ἅνθρωπος
1131 1916 1231 1970 καὶ
1258 1918 1470 1987 τίμιον.
1504 1919 1567 1971 Ei
1598 1913 1693 1971 οὖν
1722 1916 1801 1988 τῷ
1821 1934 1930 1969 πα-

352 2005 444 2076 τρὶ
477 2004 712 2077 ὑπάρχει
742 2005 1090 2077 ἀσύμφωνος,
1130 2006 1249 2071 πῶς
1280 2009 1331 2060 οί
1365 2006 1540 2061 λοιποὶ
1578 2009 1686 2062 τῶν
1718 2025 1931 2080 προφη-

352 2096 462 2153 τῶν
495 2099 944 2170 συμφωνήσουσιν
963 2115 978 2165 ;

971 2376 1335 2448 Ἀπόκρισις.

342 2469 347 2479 ’
425 2470 591 2526 Οὐδὲν
606 2471 811 2525 τούτων
828 2464 940 2526 οἶόν
972 2488 1031 2524 τε
1061 2471 1233 2539 δεῖξαι
1253 2472 1559 2544 ἀσύμφωνα
1587 2472 1655 2527 τὰ
1684 2474 1793 2527 τῶν
1820 2474 1931 2528 θεο-

354 2560 573 2629 φάντων
604 2562 843 2632 ῥήματα.
872 2559 1186 2631 φιλομαθῶς
1217 2562 1669 2634 ἀδολεσχούμενα,
1694 2564 1787 2617 καὶ
1825 2562 1931 2630 ἔξω

354 2655 586 2725 παχείας
609 2654 818 2727 διαίτης
851 2654 1129 2727 νηφόντως
1172 2653 1544 2727 θεωρούμενα.
1576 2656 1782 2727 Πρᾶξις
1821 2656 1928 2728 γὰρ

354 2746 585 2821 θεωρίας
616 2746 889 2812 ὲπί6ασις.
929 2745 989 2802 '0
1025 2748 1124 2819 μὲν
1155 2746 1335 2801 τοίνυν
1371 2747 1471 2818 τὴν
1497 2746 1660 2815 φύσιν
1694 2747 1870 2819 ἡμῶν,
1900 2751 1924 2803 6

350 2839 407 2893 δὲ
433 2840 531 2910 τὴν
552 2840 718 2912 τιμὴν
742 2840 1090 2912 παρίστησιν,
1117 2839 1183 2910 ῆν
1210 2839 1359 2911 παρὰ
1379 2838 1473 2892 τοῦ
1502 2839 1634 2893 Θεοῦ
1662 2840 1769 2895 τῶν
1794 2841 1930 2894 ὅλων

351 2932 673 3004 εἰλήφαμεν,
709 2931 859 3002 παρὰ
892 2932 1072 2985 πᾶσαν
1100 2930 1198 3002 τὴν
1226 2930 1403 2984 κτίσιν
1444 2930 1615 2994 θείαις
1653 2932 1812 3002 χερσὶ
1840 2949 1932 3000 γε-

350 3025 585 3095 νόμενοι.
655 3021 994 3087 Ἀναπτύξας
1051 3022 1112 3076 τὸ
1165 3021 1381 3093 πρῶτον
1445 3022 1688 3086 Μωσέως
1739 3022 1930 3093 τεῦχος

350 3118 588 3188 ἑκάτερα
632 3114 969 3187 παιδευθήοῃ
988 3129 1004 3145 ο
1036 3115 1118 3168 ὅτι
1147 3114 1305 3169 ἔλαϐε
1347 3112 1475 3185 χοῦν
1502 3114 1609 3168 ἀπὸ
1644 3115 1742 3185 τῆς
1773 3115 1876 3186 γῆς
1901 3117 1930 3169 6

348 3208 499 3273 Θεὸς,
526 3208 618 3260 καὶ
656 3206 857 3260 ἔπλασε
886 3206 978 3260 τὸν
1018 3205 1321 3278 ἄνθρωπον,
1363 3205 1458 3259 καὶ
1496 3205 1828 3276 ἐνεφύσησεν
1852 3209 1932 3271 είς

346 3301 410 3353 τὸ
459 3299 747 3370 πρόσωπον
792 3299 955 3352 αὐτοῦ
1009 3299 1177 3369 πνοὴν
1225 3296 1391 3368 ζωῆς.
1442 3298 1530 3351 Ἐν
1564 3297 1663 3369 τῷ,
1712 3301 1932 3353 Ἔλαϐε

349 3391 446 3444 καὶ
484 3391 738 3457 ἔπλασε,
788 3390 846 3443 εά
873 3390 973 3460 τῆς
1018 3390 1186 3461 τιμῆς
1218 3389 1577 3457 γινώσκεταιο
1627 3391 1713 3443 ἐπ’
1755 3392 1933 3445 οὐδενὶ

347 3482 456 3537 τῶν
494 3481 727 3536 κτιστῶν
759 3481 941 3553 ῥηθὲν,
974 3481 1113 3553 πλὴν
1152 3482 1244 3535 ἐπὶ
1281 3481 1445 3552 μόνου
1479 3481 1573 3534 τοῦ
1602 3482 1891 3552 ἀνθρώπου
1911 3502 1925 3515 ·

346 3578 407 3628 ἐν
436 3576 493 3628 δὲ
523 3574 602 3645 τῷ
637 3573 897 3645 ληφθέντι
928 3573 1013 3643 χοῖ
1043 3574 1152 3627 ἀπὸ
1178 3574 1279 3645 τῆς
1317 3573 1442 3645 γῆς.
1488 3574 1549 3626 τὸ
1580 3574 1795 3638 εύτελὲς
1830 3577 1929 3647 τῆς

348 3667 564 3737 φύσεως
589 3666 745 3738 ἡμῶν
777 3664 1166 3737 παιδευόμεθα,
1192 3666 1274 3719 ὃτι
1301 3666 1374 3735 γῆ
1401 3664 1495 3719 καὶ
1526 3664 1656 3736 χοῦς
1686 3667 1928 3739 ὑπάρχο-

349 3777 472 3828 μεν,
511 3758 579 3811 τά
612 3757 837 3829 μηδενὸς
863 3756 1009 3821 ἀξια,
1038 3757 1131 3810 καὶ
1159 3756 1463 3811 εὐδιάλυτα.

1746 430 2093 487 DIALOGUS
2130 430 2225 486 III.

3477 420 3614 479 {942

2035 546 2277 599 siliarius
2300 544 2389 597 ὀἳ
2418 542 2463 598 Ο
2492 541 2853 597 dementiam!
2889 538 3076 595 Sancti
3111 538 3380 604 haesitant,
3426 538 3612 607 vulga-

2040 654 2128 693 res
2156 645 2373 691 movent
2397 636 2749 706 quaestiones.
2796 631 3030 687 Proinde
3065 630 3399 686 conticescat
3430 628 3614 681 omnis

2034 730 2332 791 contentio,
2358 738 2413 783 et
2436 737 2617 782 motus
2648 724 3065 795 cogitationum.
3097 720 3310 777 Gaudet
3342 720 3485 773 enim
3518 719 3613 772 di»

2036 823 2222 875 vinum
2255 820 2387 875 illud
2424 819 2656 875 Numen.
2692 834 2751 872 se
2785 816 3019 885 simplici
3051 815 3154 869 fide
3176 812 3458 868 honorari.

2400 906 2919 966 INTERROGATIO
2960 905 3246 962 CXXXVI.

2102 1003 2555 1074 Quandoquidem
2590 1004 2705 1058 haec
2736 1001 2919 1055 omnia
2959 1000 3219 1069 praeclare
3268 1012 3331 1051 ac
3377 993 3614 1049 dilucide

2034 1097 2193 1152 nobis
2234 1096 2565 1168 explicuisti,
2602 1096 2748 1166 quod
2794 1094 3065 1163 reliquum
3114 1100 3219 1155 est,
3264 1089 3515 1157 cupimus
3548 1100 3613 1140 ea

2033 1204 2156 1258 quae
2193 1188 2260 1242 ad
2308 1195 2557 1243 nostram
2611 1195 2864 1241 naturam
2914 1184 3210 1253 pertinent,
3253 1180 3486 1247 discere.
3535 1178 3627 1231 Ac-

2034 1279 2263 1335 Davides
2300 1280 2520 1349 quidem
2559 1288 2821 1333 extenuat
2860 1293 2925 1330 ac
2971 1273 3255 1344 vilipendit
3309 1269 3609 1333 hominem,

2032 1372 2219 1426 dicens
2250 1371 2301 1425 in
2332 1380 2526 1426 octavo
2576 1370 2829 1440 psalmo:
2874 1367 3115 1430 Domine,
3165 1362 3289 1434 quid
3337 1372 3411 1415 est
3437 1361 3627 1425 homo,

2032 1464 2168 1532 quod
2200 1478 2471 1517 memores
2508 1461 2730 1531 ejus"?
2781 1460 3005 1515 Psalmo
3033 1472 3164 1511 vero
3199 1453 3478 1509 tricesimo
3526 1465 3615 1505 oc-

2033 1565 2197 1609 tavo:
2261 1552 2629 1625 Verumtamen
2680 1554 2886 1608 vanitas
2931 1560 3008 1605 est
3049 1549 3218 1602 omnis
3265 1546 3499 1599 homo".
3548 1541 3616 1596 Et

2034 1647 2247 1717 psalmo
2313 1648 2610 1702 centesimo
2660 1645 3079 1716 quadragesimo
3123 1640 3287 1695 tertio
3324 1657 3337 1692 :
3369 1637 3609 1695 Domine,

2034 1740 2162 1809 quid
2199 1751 2278 1793 est
2322 1738 2497 1802 homo,
2538 1739 2678 1808 quod
2710 1738 2760 1791 ei
2796 1746 2949 1790 notus
2992 1735 3164 1804 factus
3207 1749 3281 1795 es,
3328 1740 3420 1784 aut
3467 1728 3611 1798 ﬁlius

2032 1831 2259 1885 hominis
2297 1832 2434 1899 quod
2462 1842 2672 1897 reputas
2692 1844 2809 1882 eum
2829 1830 2854 1882 ?
2878 1827 3050 1881 Homo
3078 1822 3505 1881 vanitatisimilis
3528 1822 3628 1889 far

2031 1935 2147 1977 ctus
2168 1932 2245 1977 est
2268 1963 2283 1989 ,
2304 1921 2554 1992 inquit".
2574 1920 2745 1976 Filius
2761 1928 2939 1975 autem
2954 1921 3075 1989 ejus
3092 1916 3373 1979 Salomon,
3402 1914 3614 1983 magni-

2030 2016 2131 2071 ﬁce
2147 2015 2471 2085 depraadicat
2486 2026 2541 2069 et
2564 2014 2881 2069 cohonestat
2908 2013 3203 2072 hominem,
3224 2010 3411 2064 dicens
3440 2026 3453 2061 :
3489 2006 3614 2061 Ma-

2028 2121 2186 2175 gnum
2212 2105 2465 2174 quiddam
2492 2113 2543 2157 et
2569 2105 2856 2173 pretiosum
2888 2112 2967 2157 est
2999 2100 3237 2154 homo“.
3286 2096 3344 2152 Si
3377 2097 3541 2167 igitur
3580 2112 3611 2149 a

2029 2210 2186 2270 patre
2247 2199 2521 2266 dissentit,
2587 2199 2869 2270 quomodo
2926 2197 3273 2257 consentient
3330 2203 3481 2249 vates
3528 2206 3625 2248 re-

2030 2292 2201 2363 liqui?
2264 2340 2269 2345 .

2665 2382 2971 2453 Responsio.
3035 2412 3039 2416 -

2103 2475 2249 2530 Nihil
2280 2476 2477 2533 borum
2520 2478 2756 2547 probare
2800 2484 3002 2546 potest,
3052 2475 3195 2529 inter
3224 2487 3283 2527 se
3326 2470 3627 2525 dissonare

2033 2568 2318 2622 hominum
2361 2566 2713 2623 fatidicorum
2763 2567 2951 2630 verba,
2998 2566 3042 2621 si
3092 2564 3311 2635 quidem
3367 2561 3625 2617 studiose-

2031 2661 2363 2725 examinata,
2386 2670 2440 2715 et
2468 2664 2650 2715 minus
2688 2659 2877 2730 pingui
2908 2657 3115 2727 judicio
3146 2655 3326 2712 sobrie
3359 2652 3612 2707 conside-

2032 2759 2151 2805 rata
2188 2748 2412 2804 fuerint.
2451 2749 2609 2805 Actio
2651 2748 2797 2803 enim
2840 2748 2908 2802 ad
2945 2746 3460 2817 contemplationem
3489 2741 3606 2813 qui-

2032 2842 2157 2897 dam
2188 2842 2336 2897 velut
2365 2857 2628 2897 ascensus
2654 2851 2756 2897 est.
2787 2839 3025 2895 Proinde
3065 2839 3207 2894 alius
3237 2837 3456 2907 quidem
3495 2852 3598 2890 na-

2030 2941 2211 2987 turam
2244 2939 2510 2996 nostram,
2543 2929 2683 2985 alius
2706 2944 2837 2984 vero
2876 2928 3196 2997 dignitatem
3241 2927 3610 2989 demonstrat,

2033 3038 2197 3094 quam
2231 3038 2260 3077 a
2296 3021 2407 3077 Deo
2442 3022 2829 3077 universorum
2865 3030 3115 3076 creatore
3157 3019 3471 3089 accepimus
3500 3033 3614 3087 prae

2033 3115 2183 3170 omni
2226 3124 2502 3179 creatura,
2571 3114 2776 3169 divinis
2830 3114 3083 3167 manibus
3131 3110 3281 3166 facti.
3347 3108 3614 3164 Revoluto

2034 3211 2215 3278 primo
2244 3206 2520 3263 volumine
2552 3204 2743 3272 Mosis,
2768 3215 3062 3275 utrumque
3098 3205 3279 3260 disces
3315 3222 3327 3258 :
3353 3203 3496 3273 quod
3523 3218 3617 3256 ac-

2034 3300 2242 3371 ceperit
2270 3300 2549 3370 pulverem
2577 3301 2644 3354 de
2675 3311 2818 3354 terra
2860 3298 3025 3361 Deus,
3084 3311 3139 3353 et
3165 3297 3485 3353 formaverit
3516 3296 3616 3349 ho-

2034 3393 2340 3459 mincm,et
2363 3392 2711 3462 inspiraverit
2734 3394 2787 3446 in
2828 3391 3024 3447 faciem
3063 3392 3183 3461 ejus
3229 3390 3418 3445 ﬂatum
3467 3389 3610 3442 vitae.

2034 3483 2114 3539 Ex
2134 3500 2200 3540 eo
2231 3484 2379 3554 quod
2409 3485 2610 3539 dicitur
2639 3502 2653 3538 :
2684 3483 2896 3553 Accepit
2923 3493 2970 3536 et
2999 3482 3330 3551 formavit",
3381 3496 3506 3549 qua:
3543 3479 3612 3533 ad

2033 3579 2353 3649 dignitatem
2409 3577 2687 3647 pertinent
2735 3583 3164 3646 cognoscuntur,
3225 3587 3348 3628 cum
3396 3572 3502 3625 hoc
3548 3573 3616 3625 de

2037 3670 2187 3724 nulla
2246 3679 2627 3724 creaturarum
2675 3667 2880 3721 dictum
2936 3665 3027 3729 sit,
3091 3665 3195 3719 nisi
3248 3663 3317 3718 de
3349 3662 3468 3717 solo
3516 3662 3616 3716 ho-

2038 3763 2209 3816 mine.
2241 3760 2320 3815 Ex
2351 3777 2417 3816 eo
2448 3772 2651 3825 autem,
2706 3760 2854 3830 quod
2891 3765 3152 3828 acceptus
3198 3764 3284 3809 est
3330 3754 3510 3824 pulvis
3548 3754 3615 3806 de

348 3860 512 3915 terra,
563 3849 823 3903 vilitatem
870 3858 1072 3903 nostra:
1112 3856 1321 3902 natura:
1362 3847 1647 3915 discimus,
1682 3849 1829 3918 quod
1872 3858 2017 3906 terra
2046 3862 2101 3908 et
2127 3854 2306 3923 pulvis
2358 3868 2573 3919 sumus,
2627 3868 2750 3922 quae
2810 3851 3015 3906 nullius
3072 3849 3334 3904 momenti
3368 3856 3515 3911 sunt,
3562 3853 3617 3900 et

348 3939 505 3996 facile
531 3940 829 3997 intereunt.

904 4052 1154 4107 ΠΕΥΣΙΣ
1184 4053 1353 4107 PAZ'.

419 4143 545 4207 Πῶς
576 4138 672 4197 οῦν
729 4142 871 4214 μέγα
925 4144 1020 4196 καὶ⁵
1056 4143 1237 4213 τίμιον
1267 4142 1577 4214 ἄνθρωπος,
1616 4146 1665 4198 εί
1708 4146 1926 4217 εὐτελὴς

347 4236 582 4307 ὑπάρχει
619 4235 715 4288 καὶ
758 4234 1087 4303 εύδιάλυτος,
1133 4234 1352 4306 μυρίοις
1390 4235 1587 4290 πάθεσι
1620 4238 1713 4292 καὶ
1754 4240 1929 4309 ἀνάγ-

348 4343 472 4390 καις
516 4326 870 4389 ὑποκείμενος
890 4342 906 4391 ;

958 4440 1316 4510 Ἀπόκρισις.

429 4532 589 4585 Ἀλλά
623 4533 736 4603 (90)
764 4533 904 4604 πρὸς
927 4534 1026 4606 τὴν
1056 4535 1219 4604 φύσιν
1250 4538 1429 4609 ἀφόρα
1459 4540 1650 4609 μόνην,
1687 4536 1925 4590 σύναπτε

345 4624 404 4677 δὲ
427 4622 597 4695 ταύτῃ
626 4624 720 4677 καὶ
748 4623 846 4693 τὴν
870 4625 1056 4694 τιμήν.
1086 4625 1161 4677 Τὸ
1184 4625 1293 4697 γὰρ
1318 4628 1627 4682 εὐδιάλυτον
1660 4626 1754 4680 καὶ
1782 4625 1927 4679 ὠκύ-

350 4732 516 4786 μορον
547 4718 612 4785 τῇ
659 4715 818 4785 φύσει
857 4716 1149 4787 ἀπένεμον,
1195 4718 1333 4788 μετά
1374 4720 1472 4790 τὴν
1503 4720 1777 4789 ἐκτροπὴν
1827 4719 1928 4788 τῆς

350 4808 514 4861 πάλαι
558 4808 833 4879 μακαρίας
857 4809 915 4860 ἐν
950 4810 1262 4882 παραδείσῳ
1292 4811 1564 4882 διαγωγῆς
1589 4813 1722 4882 ἡμῖν
1752 4814 1929 4865 ἐπεισ-

349 4901 658 4971 φρήσανταν
690 4900 780 4954 διὰ
811 4901 911 4972 τῆς
947 4902 1329 4973 παραϐάσεως.
1365 4904 1519 4957 Μετά
1548 4904 1656 4974 γὰρ
1690 4903 1789 4973 τὴν
1812 4904 1929 4957 ὀλε-

349 4993 506 5063 θρίαν
536 4993 758 5065 ἐδωδὴν,
796 4995 895 5063 τῆς
927 4996 1253 5063 ἀποφάσεως
1295 4999 1324 5050 ό
1361 4996 1528 5060 τάλας
1558 4999 1764 5068 ἀκήκοε
1787 5012 1801 5026 °
1835 4996 1929 5067 Γῆ

349 5082 422 5151 εἴ,
448 5086 546 5140 καὶ
579 5090 667 5152 εις
692 5085 809 5156 γῆν
832 5087 1165 5157 ἀπελεύσῃ,
1198 5088 1276 5160 τῷ
1303 5088 1483 5160 ἐχθρῷ
1518 5090 1718 5159 μᾶλλον
1744 5088 1776 5160 ἥ
1809 5088 1930 5161 Θεῷ

350 5178 688 5242 ὑπακούσας.

888 5289 1136 5345 ΠΕΥΣΙΣ
1172 5293 1347 5345 ΡΛΗ’.

422 5380 489 5434 Τί
525 5381 676 5451 δηλοῖ
702 5382 733 5435 6
781 5380 945 5434 Aa6‘t6
989 5382 1164 5451 λέγων
1206 5382 1282 5455 τῷ
1314 5382 1432 5455 Θεῷ
1453 5400 1466 5414 ·
1493 5386 1563 5439 Αἱ
1593 5384 1788 5455 χεῖρές
1812 5399 1931 5440 σου

350 5472 651 5541 ἐποίησάν
674 5490 774 5542 με,
797 5472 894 5527 καὶ
920 5472 1202 5529 ἔπλασάν
1223 5493 1337 5545 ps;
1362 5473 1510 5549 'Apa
1540 5477 1727 5549 ἕτερόν
1750 5496 1801 5531 τι
1835 5494 1933 5547 ση-

356 5564 538 5635 μαίνει
566 5564 665 5635 τὴν
696 5564 910 5630 πλάσιν,
936 5568 1031 5619 καὶ
1052 5566 1180 5619 ἄλλο
1202 5566 1302 5639 τὴν
1330 5568 1576 5639 ποίησιν;
1617 5567 1713 5622 Ἐκ
1738 5569 1796 5623 δὲ
1814 5569 1931 5622 τού-

428 5723 476 5756 ”
514 5722 674 5781 Rom.
712 5742 788 5789 ιι,
819 5726 912 5790 '55,
937 5728 1026 5781 54.
1103 5726 1147 5757 ¹¹
1173 5723 1316 5780 Psal.
1341 5741 1461 5788 vni,
1492 5726 1543 5779 5.

2392 4051 2912 4109 INTERROGATIO
2950 4049 3259 4107 CXXXVII.

2110 4146 2397 4215 Quomodo
2427 4147 2595 4216 igitur
2620 4159 2879 4216 magnum
2915 4153 2970 4199 et
3008 4143 3309 4214 pretiosum
3352 4140 3612 4210 quiddam

2033 4250 2118 4297 est
2145 4241 2333 4306 homo,
2360 4240 2407 4295 si
2447 4238 2571 4294 vilis
2610 4247 2693 4293 est
2726 4247 2780 4291 et
2810 4235 2971 4290 facile
3000 4233 3341 4298 dissolvitur,
3387 4232 3613 4286 infinitis

2032 4328 2536 4400 perturbationibus
2565 4338 2621 4383 et
2638 4324 3060 4383 necessitatibus
3097 4321 3415 4378 obnoxius?

2687 4439 2989 4509 Responsio.

2110 4538 2246 4591 Cum
2283 4536 2349 4591 ad
2380 4547 2632 4591 naturam
2670 4533 2898 4603 respicis
2932 4531 3127 4593 solam,
3191 4528 3459 4596 coniunge
3488 4538 3613 4577 cum

2037 4628 2141 4682 hac
2192 4637 2247 4682 et
2297 4628 2646 4698 dignitatem.
2683 4622 2819 4679 Nam
2843 4623 3109 4677 vilitatem
3142 4629 3195 4675 et
3234 4621 3394 4673 breve
3436 4616 3609 4670 fatum

2037 4732 2247 4773 naturae
2290 4718 2379 4772 illa
2426 4717 2760 4781 tribuerunt,
2811 4730 2932 4785 qua:
2980 4720 3102 4783 post
3140 4708 3612 4778 dcgenerationem

2040 4828 2067 4866 a
2109 4811 2339 4881 pristina
2370 4810 2636 4879 beataque
2669 4810 2723 4862 in
2755 4808 3011 4878 paradiso
3041 4803 3461 4861 conversatione
3511 4814 3612 4851 nos

2040 4903 2361 4956 invaserunt
2396 4916 2489 4971 per
2518 4899 3037 4969 transgressionem.
3092 4896 3231 4948 Nam
3284 4899 3405 4961 post
3457 4889 3606 4941 illam

2036 4993 2404 5062 perniciosam
2477 4989 2979 5053 manducationem,
3021 4989 3160 5040 hanc
3210 4997 3396 5036 vocem
3446 4964 3663 5032 miser'

2032 5086 2123 5141 ille
2160 5085 2401 5139 audivit:
2439 5083 2605 5138 Terra
2646 5099 2724 5144 es,
2754 5090 2803 5135 et
2839 5081 2895 5133 in
2929 5088 3125 5132 terram
3180 5074 3377 5129 redibis
3400 5072 3468 5138 ",
3515 5070 3613 5123 0b-

2034 5179 2275 5235 edientia
2303 5178 2525 5232 inimico
2556 5177 2740 5246 potius
2770 5188 2934 5244 quam
2970 5173 3079 5225 Deo
3106 5166 3365 5239 pratstita.

2390 5284 2902 5343 INTERROGATIO
2935 5279 3264 5339 CXXXVIII.

2108 5380 2248 5448 Quid
2302 5379 2485 5435 innuit
2532 5378 2785 5443 Davides,
2824 5377 3015 5431 dicens
3057 5372 3125 5429 ad
3170 5372 3339 5427 Deum
3372 5387 3385 5423 :
3418 5368 3613 5421 Manus

2036 5485 2143 5529 tne
2165 5474 2398 5543 fecerunt
2436 5488 2516 5525 me
2544 5481 2594 5526 et
2619 5470 2980 5539 formaverunt
3024 5483 3106 5521 me
3144 5466 3232 5518 '7?
3277 5462 3417 5517 Num
3463 5459 3610 5515 aliud

2038 5565 2310 5636 significat
2365 5578 2460 5632 per
2494 5561 2900 5626 formationem,
2948 5568 3003 5615 et
3052 5558 3201 5614 aliud
3238 5570 3334 5627 per
3376 5551 3612 5609 faciendi

1623 5730 1667 5759 "
1701 5726 1842 5782 Psal.
1881 5740 2111 5786 xxxviii,
2143 5725 2198 5779 6.
2280 5726 2326 5757 ’³
2353 5723 2497 5781 Psal.
2524 5737 2724 5791 cum,
2751 5721 2805 5786 5,
2836 5718 2889 5773 ι.
2971 5716 3021 5748 ’⁵
3049 5714 3208 5770 Prov.
3265 5729 3359 5779 xx,
3416 5712 3469 5777 6,
3495 5726 3608 5767 sec.

356 5790 521 5847 LXX.
599 5798 644 5829 ’⁵
692 5797 830 5854 Gen.
862 5812 923 5862 ιι,
978 5796 1033 5850 7.
1077 5797 1124 5827 "
1156 5795 1293 5852 Gen.
1331 5812 1414 5864 ιιι,
1447 5797 1536 5851 i9.
1610 5798 1654 5829 ’⁷
1695 5795 1842 5853 Psal.
1878 5811 2064 5858 cxvm,
2105 5796 2193 5853 75.

432 5956 546 6031 (90)
584 5957 787 6019 Ἀλλά.
822 5957 1049 6018 Videtur
1072 5958 1357 6035 legendum
1382 5958 1493 6015 ἀλλ’
1522 5960 1605 6014 ού.
1629 5957 1691 6016 Et
1715 5956 1930 6031 proinde

2038 5955 2320 6015 formanda
2349 5953 2550 6013 versio.
