4142 6382
557 421 694 480 1045

553 537 932 593 verbum?Ex
960 553 1026 594 eo
1070 549 1250 594 autem
1299 541 1532 614 duplicis
1583 559 1706 600 esse
1762 557 1970 603 natura:
2031 565 2130 604 nos

553 628 1002 700 intelligeremus.
1030 630 1230 698 Quales
1261 633 1389 689 item
1425 651 1621 692 manus
1652 638 1895 696 dicenda:
1925 653 2054 696 sunt
2075 643 2128 696 in

551 713 662 770 Duo
686 716 708 767 ἶ)

1191 812 1492 882 Responsio.

623 897 880 954 Faciendi
925 904 1149 958 verbum
1184 906 1251 960 de
1287 908 1468 962 anima
1518 910 1651 964 mihi
1687 912 1898 965 videtur
1937 913 2130 966 intelli-

549 990 782 1058 gendum
815 1009 829 1045 :
871 991 1217 1050 formationis
1258 1011 1457 1065 autem,
1493 1001 1558 1055 de
1600 1003 1884 1072 multiplici
1912 1005 2129 1061 fictione

549 1083 820 1151 corporis.
851 1084 1044 1142 Manus
1076 1105 1204 1143 vero
1235 1090 1324 1145 Dei
1350 1103 1404 1146 et
1442 1094 1637 1160 Patris,
1675 1095 1870 1150 Filium
1910 1107 1964 1152 et
2015 1098 2128 1169 Spi-

549 1174 714 1230 ritum
744 1177 888 1243 dico,
921 1181 986 1234 ad
1011 1199 1150 1251 quos
1176 1186 1340 1240 etiam
1383 1188 1558 1257 inquit
1590 1210 1602 1243 :
1632 1189 1920 1246 Faciamus
1963 1194 2129 1247 Itami-

549 1283 666 1320 nem
696 1272 982 1325 secundum
1008 1277 1288 1346 imaginem
1327 1289 1374 1332 et
1392 1281 2043 1339 similitudinemnoslram
2061 1286 2123 1340 ⁸⁸.

549 1357 915 1424 Quantumvis
968 1382 1098 1422 vero
1169 1370 1315 1425 dicat
1370 1372 1620 1438 historia,
1667 1376 1811 1445 quod
1861 1380 2130 1449 acceperit

548 1446 694 1504 Deus
717 1452 993 1520 pulverem
1029 1457 1095 1511 de
1142 1465 1308 1523 terra,
1343 1459 1770 1535 formaveritque
1825 1468 2124 1534 hominem,

548 1545 732 1592 tamen
766 1556 830 1595 ex
866 1553 1090 1612 aspectu
1140 1557 1193 1601 et
1228 1547 1466 1618 ipsarum
1503 1567 1685 1607 rerum
1723 1558 2128 1612 consuetudine

546 1625 839 1682 denotatur
867 1641 920 1684 et
945 1632 1076 1687 illud
1109 1635 1255 1704 quod
1287 1639 1388 1692 sub
1414 1641 1604 1697 oculos
1650 1659 1758 1698 non
1789 1645 1964 1712 cadit;
1998 1663 2124 1702 nam

547 1717 842 1776 voluntatis
884 1723 998 1778 haec
1027 1728 1275 1794 operatio
1317 1744 1545 1798 prorsus
1570 1742 1675 1795 est,
1711 1750 1816 1789 non
1854 1751 2124 1793 manuum

547 1805 824 1864 formatio.
864 1812 1256 1872 Verumtamen
1285 1836 1544 1876 manuum
1597 1825 1910 1894 figmentum
1943 1829 2009 1882 ad
2034 1829 2120 1882 di-

545 1901 803 1970 gnitatem
838 1914 1046 1961 naturae
1075 1909 1284 1964 dictum
1316 1921 1420 1966 est.
1467 1913 1919 1987 Quandoquidem
1950 1929 2002 1975 et
2045 1920 2118 1986 id,

547 1994 694 2061 q‘uod
726 1994 902 2053 factus
932 1999 998 2053 ad
1027 2001 1317 2072 imaginem
1350 2004 1444 2060 Dei
1486 2008 1706 2070 dicitur,
1751 2025 1858 2065 non
1895 2012 1964 2066 ad
2002 2013 2122 2068 inii-

545 2087 806 2142 tationem
861 2101 1070 2147 natura:
1139 2095 1340 2166 (neque
1381 2099 1526 2153 enim
1581 2103 1874 2173 quisquam
1938 2105 2121 2175 eloqui

545 2188 728 2246 queat,
781 2191 1047 2250 quantum
1102 2187 1174 2240 sit
1219 2188 1644 2260 discrepantim),
1705 2196 1799 2250 sed
1850 2195 1918 2251 ad
1966 2209 2122 2254 notas

543 2267 884 2339 principatus
905 2281 959 2326 et
988 2273 1261 2332 libertatis
1305 2279 1495 2333 referri
1531 2282 1710 2338 debet.

898 2361 1421 2422 INTERROGATIO
1479 2369 1767 2427 CXXXIX.

611 2449 752 2517 Quid
777 2453 978 2525 igitur?
1030 2475 1161 2513 num
1195 2461 1437 2516 membra
1478 2464 1734 2521 attribuis
1770 2464 1990 2521 Numini
2043 2483 2124 2523 se-

542 2545 782 2600 cundum
837 2559 1079 2604 nostram
1133 2552 1449 2624 imaginem,
1501 2570 1661 2610 aures
1712 2568 1765 2612 et
1815 2559 2036 2614 brachia
2065 2569 2121 2616 et

543 2649 704 2688 crura
735 2635 911 2706 ipsum
950 2639 1151 2696 habere
1195 2642 1559 2713 significans?

1172 2732 1483 2804 Responsio.

616 2817 904 2876 Paululum
941 2823 1095 2880 inbis
1131 2838 1531 2897 consequenter
1559 2841 1614 2886 et
1640 2833 1831 2888 ordine
1851 2849 2124 2905 exponen-

539 2908 626 2965 dis
665 2920 750 2966 est
792 2913 1219 2983 immorandum,
1261 2933 1331 2974 ne
1367 2921 1693 2978 confusione
1727 2926 2049 2993 quaestionis
2089 2941 2120 2980 a

541 3003 808 3057 sententia
847 3004 1185 3062 aberremus.
1213 3009 1292 3064 Ad
1319 3013 1575 3067 verticem
1598 3030 1726 3069 vero
1748 3017 1919 3070 nostri
1941 3028 2115 3081 ortus,

540 3106 638 3160 per
675 3095 943 3150 orationis
973 3099 1174 3151 scalam
1205 3108 1352 3155 recta
1383 3104 1832 3160 conscendamus.
1865 3106 2118 3178 Magnum

536 3196 588 3240 et
613 3189 901 3252 pretiosum
923 3189 1178 3258 quiddam
1203 3205 1280 3248 est
1300 3195 1454 3248 homo
1471 3199 1538 3256 ",
1555 3197 1648 3266 qui
1679 3200 1876 3253 etolim
1903 3211 1957 3255 et
1975 3218 2120 3258 nunc

539 3294 607 3333 ex
661 3281 823 3337 rebus
869 3283 1068 3339 vilibus
1124 3285 1287 3341 habet
1330 3297 1531 3342 ortum.
1569 3291 1704 3344 Cum
1752 3294 1897 3348 enim
1945 3297 2121 3364 possit

539 3370 692 3426 Deux
720 3388 785 3426 ex
815 3389 920 3428 aere
947 3375 1031 3430 vel
1072 3376 1218 3432 ferro
1251 3381 1335 3434 vel
1375 3380 1661 3437 adamante
1694 3385 1775 3437 vel
1823 3385 2002 3455 lapide
2036 3387 2116 3442 fa-

539 3477 662 3516 cere
692 3463 988 3530 hominem,
1029 3482 1096 3522 ex
1141 3469 1363 3538 pulvere
1395 3471 1576 3540 potius
1610 3474 1786 3543 ipsum
1834 3477 2120 3534 fabricavit

540 3554 694 3620 olim,
731 3555 895 3611 hodie
931 3574 1059 3614 vero
1090 3576 1154 3616 ex
1184 3565 1333 3617 tenui
1367 3579 1431 3618 ac
1458 3564 1607 3620 fluxo
1641 3580 2012 3625 excremento.
2044 3571 2120 3628 De

540 3643 628 3700 his
655 3647 948 3704 manifesta
975 3661 1058 3706 est
1094 3651 1662 3723 incomprehensibilis
1700 3669 1755 3712 et
1780 3660 2118 3718 intellectum

481 3723 499 3746 ⁸
539 3752 809 3808 superans
829 3741 1121 3798 efficacitas
1153 3745 1431 3814 sapientia:
1464 3746 1656 3816 ipsius.
1684 3747 1873 3822 Neque
1894 3754 2123 3809 subsan-

539 3844 632 3886 net
674 3840 770 3885 aut
807 3832 1054 3889 derideat
1099 3851 1186 3891 me
1217 3847 1412 3893 vestrae
1442 3839 1726 3897 cbaritatis
1771 3858 2026 3909 acumen,
2072 3847 2119 3901 si

537 3925 833 3981 exactioris
865 3928 1196 3998 cognitionis
1223 3932 1394 3999 gratia
1423 3948 1694 3988 summam
1717 3937 1965 4000 oratione
1993 3938 2121 3992 atti-

539 4031 669 4086 gero
716 4019 1064 4088 superficiem
1118 4023 1452 4079 naturalium
1499 4029 1888 4097 mysteriorum
1942 4032 2117 4086 nostri

539 4121 712 4164 ortus.
754 4112 940 4182 Neque
967 4113 1114 4168 enim
1141 4114 1324 4170 divina
1353 4117 1675 4187 dedignatur
1707 4120 1986 4190 Scriptura
2021 4124 2118 4178 ho-

538 4217 662 4257 rum
707 4205 1046 4269 meminisse,
1095 4222 1219 4260 cum
1264 4209 1507 4278 loquitur
1539 4212 1605 4265 de
1646 4211 1755 4265 tilio
1800 4211 1954 4268 Judae
1992 4230 2115 4268 cum

541 4296 812 4351 Thamare
844 4296 1169 4353 dormiente.
1202 4298 1470 4356 Praeterea
1501 4304 1568 4358 de
1601 4306 1892 4361 mulierum
1923 4323 2120 4376 purga-

538 4388 801 4452 tionibus,
829 4390 896 4444 de
922 4391 1149 4447 seminis
1178 4393 1382 4447 fluxum
1419 4397 1776 4465 patiente.....
1815 4400 2115 4466 sedentem,

538 4485 607 4539 de
639 4500 837 4538 novam
879 4495 935 4540 et
965 4487 1254 4558 conjugem
1303 4500 1584 4559 purgante.
1633 4492 1735 4547 Sed
1785 4504 1839 4547 et
1881 4495 2117 4550 eximius

538 4572 837 4640 Apostolus
888 4575 1166 4630 masculos
1217 4581 1686 4648 corrumpentium
1742 4584 2008 4646 virorum,
2065 4597 2119 4640 et

538 4661 906 4717 masculorum
933 4681 1082 4720 more
1110 4683 1229 4722 sese
1253 4669 1664 4738 depereuntium
1692 4675 1979 4730 mulierum
2005 4694 2111 4732 me-

537 4755 720 4817 minit,
754 4757 818 4811 ad
855 4756 1130 4816 Romanos
1170 4762 1417 4818 scribens
1449 4765 1514 4819 ³⁰.
1548 4765 1808 4837 Dejicitur
1844 4770 2027 4840 itaque
2060 4773 2112 4826 in

541 4844 799 4901 feminam
827 4866 856 4903 a
885 4866 1032 4904 mare
1065 4850 1261 4922 frigida
1292 4857 1540 4925 quaedam
1571 4859 1818 4916 humoris
1847 4863 2115 4931 ebullitio,

538 4957 712 5011 eaque
752 4947 1036 4998 commista
1077 4961 1200 5000 cum
1235 4947 1449 5017 objeeto
1495 4952 1720 5007 humore
1753 4958 2053 5025 sanguineo
2087 4975 2118 5013 a

540 5032 769 5086 muliere
799 5034 1032 5101 reddito,
1077 5039 1394 5108 coagulatur
1423 5057 1452 5094 a
1481 5041 1760 5111 frigidiore
1793 5047 1892 5100 viri
1926 5063 2116 5103 excre-

540 5135 747 5187 mento,
778 5128 1237 5193 quemadmodum
1268 5133 1445 5202 inquit
1481 5135 1894 5204 vituperationis
1925 5155 2119 5210 expers

537 5225 593 5270 et
625 5232 788 5270 verax
835 5217 930 5273 Dei
969 5223 1286 5277 testimonio
1327 5227 1628 5293 perhibitus
1664 5230 1752 5282 ille
1784 5228 1975 5297 Jobus,
2025 5235 2118 5303 qui

540 5309 593 5362 in
627 5311 710 5363 sui
748 5316 996 5381 corporis
1034 5315 1254 5370 laesione
1294 5318 1359 5370 ad
1398 5316 1564 5372 Deum
1607 5321 1888 5391 loquitur:
1930 5324 2118 5380 Nonne

539 5402 675 5454 sicut
712 5401 795 5455 Iac
833 5420 912 5457 me
951 5406 1205 5473 mulsisli,
1250 5419 1298 5462 et
1345 5411 1482 5464 velut
1531 5429 1736 5466 caseum
1783 5413 2120 5486 eoagulaSti?

543 5493 687 5546 Pelle
712 5505 762 5547 et
785 5497 1030 5551 carnibus
1073 5500 1296 5555 induisti
1328 5508 1427 5567 me‘,
1459 5505 1662 5558 ossibus
1697 5513 1745 5559 et
1774 5510 1944 5562 nervis
1975 5527 2116 5564 com-

539 5585 732 5651 pedisti
770 5602 893 5641 me:
931 5592 1093 5643 vitam
1127 5600 1176 5644 et
1220 5594 1642 5648 misericordiam
1689 5601 1978 5666 apposuisti
2014 5603 2116 5652 mi~

541 5675 597 5728 ln’
623 5675 664 5706 ³¹
686 5693 700 5742 ;
726 5688 974 5732 naturam
995 5681 1159 5735 simul
1177 5692 1230 5737 et
1249 5685 1494 5753 proprias
1519 5686 1660 5742 vires
1681 5689 1799 5757 ejus
1820 5693 2118 5760 propriam-

541 5781 649 5836 que
674 5777 997 5836 potestatem
1025 5773 1427 5830 demonstrans.
1457 5775 1630 5832 Vitam
1659 5791 1839 5835 autem
1875 5792 1922 5836 et
1954 5786 2110 5838 mise-

1653 427 1710 482 S.
1737 429 2042 487 CESARII
2083 429 2411 488 GREGOBH
2441 431 2739 486 FltATRlS

3666 430 3687 482 1
3701 425 3820 484 (ιιι

2233 567 2324 603 του
2376 550 2583 619 διφυεῖς
2617 541 2840 611 ἑαυτοὺς
2891 545 3137 618 νοοῦμεν.
3172 548 3335 610 Ποίας
3381 546 3437 598 δὲ
3474 546 3575 616 ἄρα
3620 547 3813 616 χεῖρας

2233 644 2337 714 χρὴ
2367 643 2545 711 λέγειν
2584 643 2675 694 ἐπὶ
2698 641 2869 704 Θεοῦς

2848 819 3198 886 Ἀπόκρισις.

2303 911 2412 981 Τὴν
2445 911 2659 980 ποίησιν
2684 911 2777 962 ἐπὶ
2807 909 2907 979 τῆς
2936 910 3113 981 ψυχῆς
3142 927 3231 981 μοι
3255 909 3401 962 δοκεῖ
3427 905 3681 968 νοεῖσθαι,
3708 905 3820 975 τὴν

2228 1004 2285 1057 δὲ
2318 1005 2513 1058 πλάσιν
2542 1005 2634 1057 ἐπὶ
2675 1005 2772 1075 τῆς
2820 1004 3142 1074 σωματικῆς
3181 1001 3572 1064 πολυπλασίας.
3604 1001 3813 1068 Χεῖρας

2228 1093 2283 1146 δὲ
2313 1094 2405 1147 τοῦ
2457 1094 2592 1147 Θεοῦ
2634 1095 2727 1147 καὶ
2779 1093 2991 1165 Πατρὸς
3040 1094 3132 1146 τὸν
3181 1093 3307 1145 Υἰὸν
3338 1091 3431 1144 καὶ
3475 1091 3536 1143 τὸ
3583 1088 3816 1159 Πνεῦμά

2231 1201 2392 1254 φημι,
2427 1184 2561 1255 πρὸς
2613 1183 2707 1246 οὒς
2741 1185 2833 1237 καί
2888 1201 3054 1254 φησιο
3101 1182 3452 1252 Ποιήσωμεν
3496 1181 3816 1249 ἄνθρωπον

2229 1275 2357 1328 κατ’
2387 1277 2598 1330 εἰκόνα
2639 1275 2738 1328 καί
2790 1277 3076 1344 ὁμοίωσιν
3109 1274 3421 1343 ἡμετέραν.
3453 1274 3517 1326 Εἰ
3555 1273 3612 1325 δὲ
3653 1271 3743 1324 καὶ
3768 1273 3809 1341 ἡ

2232 1367 2439 1438 ἱστορία
2487 1369 2672 1438 φησὶν,
2701 1368 2784 1421 ὅτι
2814 1367 2994 1422 λαϐὼν
3026 1370 3054 1421 ὁ
3091 1366 3222 1429 Θεὸς
3259 1365 3385 1436 χοῦν
3414 1365 3521 1418 ἀπὸ
3550 1365 3646 1434 τῆς
3678 1363 3810 1432 γῆς,

2228 1457 2429 1511 ἔπλασε
2467 1461 2558 1513 τὸν
2578 1461 2879 1535 ἄνθρωπον.
2896 1465 2959 1522 τῆ
2985 1462 3168 1522 όοᾶτει
3192 1460 3286 1515 καὶ
3305 1461 3367 1528 τῇ
3412 1455 3670 1526 συνηθείᾳ
3699 1454 3814 1505 τῶν

2228 1547 2567 1620 πραγμάτων
2587 1546 2646 1600 τὸ
2668 1547 2898 1619 ἀόρατον
2919 1547 3017 1618 τῆς
3039 1547 3319 1618 ἐνεργείας
3343 1545 3659 1617 παραδηλοῖ.
3683 1543 3814 1595 Βου-

2225 1641 2434 1712 λήσεως
2472 1639 2580 1712 γάρ
2610 1640 2857 1712 ἐνέργεια
2888 1641 2949 1693 τὸ
2972 1641 3100 1702 πᾶν,
3142 1639 3263 1709 οὐχὶ
3300 1639 3354 1692 δὲ
3387 1637 3586 1709 χειρῶν
3613 1635 3814 1698 πλάσις

2224 1732 2286 1784 τὸ
2323 1733 2771 1804 κατασκεύασμα.
2816 1732 2961 1804 Πλὴν
3009 1732 3206 1805 χειρῶν
3246 1731 3489 1802 πλάσμα,
3529 1732 3608 1793 εἰς
3640 1729 3814 1799 τιμὴν

2227 1827 2327 1896 τῆς
2357 1823 2572 1894 φύσεως
2623 1827 3082 1898 προσηγόρευται.
3127 1825 3280 1879 Ἐπεὶ
3333 1825 3426 1877 καὶ
3468 1823 3588 1877 κατ’
3621 1823 3812 1875 εἰκόνα

2225 1916 2360 1969 Θεοῦ
2390 1919 2489 1971 οὐκ
2526 1921 2605 1982 είς
2635 1919 2869 1990 μίμησιν
2921 1918 3135 1987 φύσεως
3174 1917 3314 1989 (οὐδὲ
3362 1916 3470 1986 γὰρ
3503 1915 3665 1984 φάναι
3693 1910 3814 1967 οἷόν

2225 2025 2284 2060 τε
2309 2009 2431 2062 ὅσον
2466 2010 2708 2082 ἀπᾴδει),
2756 2010 2870 2064 ἀλλ’
2907 2011 2988 2073 είς
3019 2009 3345 2081 χαρακτῆρα
3395 2007 3571 2079 ἀρχῆς
3607 2024 3664 2060 τε
3711 2007 3812 2059 καὶ

2227 2099 2687 2173 ἐλευθεριότητος.

2804 2393 3052 2447 ΠΕΥΣῙΣ
3074 2392 3245 2446 ΡΛΘ’.

2293 2482 2360 2536 Τί
2387 2479 2517 2548 οῦνς
2556 2485 2924 2556 μελογραφεῖς
2953 2486 3015 2539 τὸ
3051 2485 3206 2538 Θεῖον
3235 2481 3374 2555 πρὸς
3398 2482 3498 2554 τὴν
3532 2481 3823 2554 ἡμετέραν

2221 2578 2404 2632 εἰκόνα
2443 2579 2538 2634 καὶ
2571 2581 2851 2651 ὁμοίωσιν,
2881 2574 2996 2634 ὦτα
3036 2581 3132 2634 καὶ
3161 2577 3454 2652 βραχίονας
3493 2579 3586 2632 καὶ
3637 2577 3810 2650 σκέλη

2225 2665 2370 2737 ἔχειν
2396 2669 2558 2725 αὑτὸν
2591 2669 2768 2742 δηλῶν
2786 2687 2800 2736 ;

2837 2761 3198 2829 Ἀπόκρισις.

2293 2851 2474 2923 Βραχὺ
2507 2854 2754 2924 ἐπισχεῖν
2782 2855 2913 2926 περὶ
2940 2855 3147 2908 τούτων
3178 2857 3346 2923 είκὸς,
3376 2853 3688 2916 ἀκολούθως
3712 2851 3815 2904 και

2219 2947 2339 2998 κατ’
2374 2944 2504 3008 ἔπος
2537 2946 2938 3017 ἐκτιθεμένων·
2977 2949 3180 3018 μήπως
3210 2949 3276 3018 τῇ
3314 2947 3514 3018 ἀταξίᾳ
3547 2946 3643 3015 τῆς
3670 2942 3815 2996 πεύ-

2226 3053 2364 3100 σεως
2394 3035 2782 3107 διασφαλῶμεν
2810 3038 2909 3108 τῆς
2936 3038 3284 3108 ἀποφάσεως.
3335 3039 3457 3090 Ἐπὶ
3495 3037 3550 3090 δὲ
3588 3035 3685 3106 τὴν
3713 3049 3814 3085 κο⁴

2222 3127 2399 3199 ρυφὴν
2423 3129 2521 3199 τῆς
2558 3129 2707 3198 σφῶν
2734 3129 3001 3198 γενέσεως
3035 3131 3122 3184 διὰ
3159 3131 3258 3201 τῆς
3292 3130 3386 3184 τοῦ
3419 3131 3578 3199 λόγου
3610 3127 3819 3199 κλίμα-

2221 3237 2316 3282 κος
2365 3219 2849 3292 εὐθυπορήσωμεν.
2897 3221 3062 3288 Μέγα
3090 3223 3401 3291 ἄνθρωπος
3446 3224 3542 3276 καὶ
3587 3217 3814 3290 ⁸έίμιον,

2220 3315 2248 3366 ὁ
2274 3311 2440 3366 πάλαι
2472 3315 2565 3366 καὶ
2603 3313 2698 3366 νῦν
2737 3312 2796 3378 ἐξ
2825 3313 3056 3367 εὐτελῶν
3097 3313 3233 3385 ἔχων
3271 3317 3371 3387 τὴν
3421 3316 3652 3384 γένεσιν.
3682 3308 3816 3377 Οἷός

2219 3419 2278 3454 τε
2306 3402 2416 3474 γὰρ
2441 3401 2515 3455 ὢν
2537 3405 2565 3455 ὁ
2588 3403 2720 3466 Θεὸς
2744 3406 2808 3456 ὲκ
2835 3402 3061 3473 χαλκοῦ,
3084 3405 3116 3475 ἢ
3143 3405 3260 3475 στδή
3272 3423 3387 3475 pou,
3411 3407 3442 3476 ἢ
3476 3405 3815 3475 ἀδάμαντος,

2220 3494 2428 3565 ἢλίθου
2470 3496 2666 3567 δράσαι
2699 3496 2908 3567 βροτὸν,
2943 3499 3009 3549 ὲκ
3061 3497 3188 3567 χοὸς
3233 3498 3434 3568 μᾶλλον
3483 3499 3646 3552 αὑτὸν
3680 3497 3815 3568 ὲδη-

2223 3585 2526 3658 μιούργησε
2574 3588 2761 3651 πάλαι,
2808 3589 3049 3660 τήμερον
3081 3589 3139 3642 δὲ
3177 3590 3236 3656 ἐξ
3284 3590 3662 3661 ἀμυδροτέρας
3716 3592 3817 3643 καὶ

2223 3679 2392 3750 ῥυτῆς
2436 3680 2802 3751 ἀποκρίσεως.
2847 3681 2942 3734 Ἐκ
2991 3681 3198 3736 τούτων
3229 3682 3386 3753 δῆλον
3424 3684 3483 3736 τὸ
3523 3682 3815 3766 ἀκατάλη-

2222 3786 2376 3834 πτον,
2404 3771 2498 3824 καὶ
2520 3771 2661 3840 ὑπὲρ
2689 3771 2896 3827 ἔννοιαν
2926 3773 3026 3844 τῆς
3057 3773 3361 3845 δραπικῆς
3390 3773 3555 3829 αὑτοῦ
3585 3776 3811 3842 σοφίας.

2233 3861 2396 3914 Ἀλλά
2433 3862 2506 3933 μὴ
2543 3863 2870 3933 χλευαξέτω,
2913 3864 3049 3935 μηδὲ
3086 3865 3300 3935 γελάτω
3346 3883 3414 3937 με
3460 3868 3493 3936 ή
3538 3867 3638 3937 τῆς
3673 3867 3815 3937 ὒμε-

2219 3953 2384 4026 τέρας
2408 3955 2631 4026 ἀγάπης
2669 3957 2943 4026 ἀγχίνοια,
2976 3955 3261 4026 ἀκριϐείας
3290 3959 3451 4028 χάριν
3493 3956 3815 4028 ἀκροθιγῶς

2221 4045 2529 4116 ἀπτόμενον
2581 4047 2660 4117 τῷ
2705 4047 2851 4118 λόγῳ
2896 4047 3005 4102 τῶν
3047 4048 3289 4119 φυσικῶς
3353 4049 3665 4120 μυστηρίων
3703 4049 3814 4118 τῆς

2218 4139 2496 4210 ἡμετέρας
2521 4140 2807 4208 γενέσεως.
2832 4139 2970 4194 Οὔτε
3003 4141 3114 4212 γὰρ
3136 4142 3170 4210 ὴ
3208 4140 3326 4194 θεία
3361 4141 3582 4205 ἀπαξιοῖ
3616 4141 3816 4214 Γραφὴ

2217 4230 2424 4284 τούτων
2462 4231 2773 4302 μεμνῆσθαι
2817 4232 2910 4286 ἐπὶ
2939 4230 3030 4285 τοῦ
3083 4232 3272 4296 παιδὸς
3309 4233 3481 4286 Ἰούδα
3510 4235 3576 4304 τῇ
3603 4233 3818 4306 Θάμαρ

2221 4321 2695 4391 συγκαθεύδοντος,
2723 4323 2815 4376 καὶ
2845 4325 2937 4377 ἐπὶ
2959 4323 3068 4376 τῶν
3095 4325 3336 4395 νομικῶν
3361 4325 3674 4396 καθαρσίων
3708 4327 3814 4379 τὸν

2219 4415 2496 4486 γονορῤυῆ
2542 4453 2555 4464 .
2601 4454 2613 4466 .
2660 4454 2674 4468 .
2721 4455 2734 4467 .
2782 4455 2796 4468 .
2842 4455 2856 4470 .
2902 4456 2916 4470 .
2963 4457 2976 4469 .
3023 4453 3036 4467 .
3081 4458 3094 4470 .
3142 4457 3156 4469 .
3192 4416 3509 4487 καθημένην
3561 4417 3659 4470 καὶ
3708 4417 3816 4488 τὴν

2220 4507 2466 4578 νεόλοχον
2495 4508 2854 4579 καθαίρουσα.
2903 4509 3062 4562 Ἀλλά
3108 4510 3203 4562 καὶ⁸
3234 4513 3262 4562 ὁ
3291 4511 3494 4580 ὑψηλὸς
3546 4511 3820 4564 Ἀπόστο-

2221 4600 2332 4663 λος,
2364 4600 2909 4672 ἀρῤενοφθορούντων
2945 4602 3176 4673 ἀνδρῶν,
3207 4603 3301 4655 καὶ
3320 4604 3827 4675 ἀρρενομανουσῶν

2224 4691 2520 4758 γυναικῶν,
2563 4692 2856 4762 Ῥωμαίοις
2906 4693 3236 4760 ἐπιστέλλων
3286 4695 3580 4765 μέμνηται.
3615 4697 3824 4750 Κατα-

2225 4781 2478 4836 ϐάλλεται
2504 4783 2682 4836 τοίνυν
2710 4785 2802 4837 ἐπὶ
2830 4785 2892 4837 τὸ
2921 4784 3052 4854 θῆλυ
3077 4786 3182 4838 ὑπὸ
3213 4786 3308 4839 τοῦ
3340 4788 3588 4858 άρῤενος,
3619 4788 3821 4859 ψυχρά

2223 4890 2306 4937 τις
2327 4874 2628 4944 ἀπόδρασις
2654 4892 2667 4904 ·
2692 4875 3063 4946 ἀνακραθεῖσα
3093 4877 3148 4930 δὲ
3175 4877 3255 4948 τῷ
3281 4878 3819 4949 ἀντικαταϐληθὲντι

2226 4967 2407 5038 λύθρῳ
2440 4968 2544 5020 ύπὸ
2566 4967 2659 5019 τοῦ
2690 4970 2932 5036 γυναίου,
2967 4971 3219 5041 τυροῦται
3266 4973 3370 5024 ὑπὸ
3402 4974 3498 5043 τῆς
3529 4974 3818 5043 ψυχροτέ-

2227 5077 2327 5129 ρας
2364 5058 2459 5111 τοῦ
2507 5059 2697 5130 ἀνδρὸς
2743 5062 3111 5134 ἀποκρίσεως,
3159 5063 3339 5128 καθώς
3381 5081 3544 5137 φησιν
3591 5068 3620 5118 ὀ
3649 5069 3824 5137 παρὰ

2221 5150 2357 5203 Θεοῦ
2390 5150 2677 5222 ἄμεμπτος
2706 5155 2801 5206 καὶ
2833 5154 3086 5226 ἀληθινὸς
3129 5157 3394 5227 ὑπάρχειν
3431 5159 3825 5228 μαρτυρηθεὶς

2234 5243 2374 5297 Ἰὼϐ.
2420 5239 2586 5306 Οὗτος
2616 5246 2672 5298 ὲν
2699 5249 2765 5317 τῇ
2817 5246 3015 5319 τρώσει
3062 5249 3154 5302 τοῦ
3191 5249 3443 5320 σώματος
3496 5251 3633 5320 πρὸς
3668 5252 3825 5308 Θεὸν

2220 5337 2560 5405 διαλέγεται·
2616 5340 2738 5407 Οὐχ
2772 5340 2852 5405 ὡς
2881 5341 3036 5410 γάλα
3067 5360 3144 5411 με
3177 5343 3463 5411 ἧμελξας,
3497 5345 3825 5414 ἐτύρωσας

2220 5427 2286 5480 δέ
2313 5445 2390 5496 με
2441 5428 2546 5482 ἴσα
2583 5428 2759 5495 τυρῷ,
2804 5430 2987 5500 δέρμα
3024 5433 3123 5488 καὶ
3162 5433 3341 5502 κρέας
3371 5435 3668 5502 ἐνέδυσάς
3706 5456 3826 5506 με,

2223 5520 2461 5584 ὀστέοις
2488 5520 2556 5573 δὲ
2578 5521 2673 5574 καὶ
2698 5522 2929 5590 νεύροις
2954 5526 3187 5595 ἑνειζρας
3201 5546 3299 5596 με,
3333 5527 3486 5596 ζωὴν
3508 5529 3604 5582 καὶ
3629 5529 3830 5600 ἕλεος

2221 5609 2361 5661 ἔθου
2402 5612 2539 5677 παρ’
2567 5611 2699 5679 ἐμοί
2714 5630 2734 5676 ;
2760 5614 2858 5684 τὴν
2894 5614 3054 5682 φύσιν
3089 5617 3204 5686 ἅμα
3237 5621 3330 5672 καὶ
3362 5619 3422 5670 τὸ
3467 5621 3831 5690 αὐτοκρατὲς

2223 5699 2393 5768 αὐτῆς
2423 5703 2516 5754 καὶ
2567 5703 2913 5768 αὐτεξούσιον
2960 5709 3259 5778 παριστῶν.
3297 5710 3471 5778 Ζωὴν
3519 5711 3598 5774 δὲ,
3644 5715 3825 5782 φησὶ,

2221 5791 2319 5842 καὶ
2348 5792 2523 5845 ἔλεον
2567 5795 2708 5848 ἔθου
2754 5797 2889 5863 παρ’
2919 5798 3079 5866 ἐμοί·
3120 5799 3338 5866 ὡσανεὶ,
3384 5802 3473 5855 Ἐν
3513 5802 3640 5872 ἐμοὶ
3681 5803 3829 5860 ἔθου

613 5919 661 5952 ³⁸
698 5919 829 5977 Gen.
869 5939 908 5992 ι,
947 5923 1038 5982 26.
1079 5930 1122 5963 ³⁹
1159 5928 1319 5988 Prov.
1354 5949 1445 6002 xx,
1485 5936 1537 6000 6,
1577 5953 1686 5998 sec.
1724 5937 1883 5997 LXX.
1962 5940 2006 5973 ³⁰
2039 5939 2120 5997 R0

2234 5958 2276 6011 1,
2306 5943 2394 6013 26,
2431 5946 2522 6001 27.
2599 5949 2639 5982 δ’
2674 5947 2774 6005 Job
2808 5965 2858 6015 ιι,
2902 5950 3084 6006 10—12.
