4142 6382
399 374 423 427 Ι
436 374 542 428 ΜΕ

397 493 497 564 ῖῆν
543 491 639 546 καὶ
685 493 852 548 ἐλεεῖν
888 495 1119 566 ἐμαυτὸν
1153 497 1242 552 διὰ
1274 498 1374 570 τῆς
1400 501 1647 566 ὑπακοῆς
1689 507 1784 558 καὶ
1813 506 1979 575 φυλα-

396 588 502 652 κῆς
528 585 636 638 τῶν
672 585 780 639 σῶν
812 589 1069 643 ἐντολῶν·
1103 591 1133 660 ἢ
1178 592 1418 663 ἀναιρεῖν
1448 595 1684 665 ἐμαυτὸν
1731 600 1793 668 τῇ
1837 615 1977 672 παρ-

396 679 554 746 ακοῇ,
591 678 685 730 καὶ¹
721 680 795 749 μὴ
855 679 1120 734 ἐλεεῖσθαι
1165 683 1391 748 εἰκότως
1438 687 1867 758 τιμωρούμενον,
1898 690 1976 760 τῷ

395 766 572 838 ἐχθρῷ
645 769 844 838 μᾶλλον
868 769 900 840 ἢ
929 770 1006 840 τῷ
1033 773 1368 844 Δημιουργῷ
1399 775 1976 851 προσθέμενον.⁹’οπερ

395 860 423 911 ὁ
453 860 752 932 προπάτωρ
786 862 942 933 ἡμῶν
986 863 1189 935 δράσας
1237 867 1310 938 μὴ
1361 867 1530 920 ἐλεῶν
1567 870 1776 936 ἑαυτὸν,
1815 873 1976 926 οίονεὶ

398 948 674 1016 φάσγανον
697 952 794 1022 τὴν
826 952 1074 1024 ὀλεθρίαν
1109 972 1169 1006 συ
1178 956 1413 1026 μξουλὴν
1435 959 1554 1011 καθ’
1579 959 1774 1012 ἑαυτοῦ
1798 978 1977 1032 παρα-

394 1038 708 1110 δεξάμενος,
736 1045 1044 1116 ἀναιρεθεὶς
1072 1048 1256 1120 ἐκείνῃ
1286 1050 1380 1102 καὶ
1406 1049 1466 1114 ἐξ
1489 1050 1756 1106 ἀθανάτου
1785 1054 1977 1124 θνητὸς

393 1131 682 1202 γενόμενος
715 1134 906 1206 ᾤχετο.
935 1139 1297 1209 Συμμυόντων
1326 1141 1503 1196 τοίνυν
1532 1145 1750 1198 πάντων
1783 1145 1977 1218 αἰσθη-

391 1223 598 1292 τηρίων
646 1226 740 1278 καὶ
793 1228 1096 1299 αἰσθήσεων
1141 1231 1307 1301 ἄμφω
1354 1233 1462 1285 τῶν
1495 1235 1827 1307 προσώπων,
1881 1239 1975 1290 καὶ

393 1315 554 1368 οἱονεὶ
600 1317 1050 1392 ἀνακιρναμένων
1086 1325 1179 1376 καὶ
1213 1327 1541 1397 φυραμένων
1581 1329 1831 1400 ἀλλήλοις
1865 1329 1974 1382 τῶν

397 1408 664 1478 σωμάτιον
698 1414 756 1465 ὲν
801 1417 866 1485 τῇ
919 1416 1084 1485 μίξει,
1122 1419 1416 1488 ἐκμαγεῖον
1465 1421 1557 1474 τοῦ
1602 1425 1895 1494 προσώπου
1940 1426 1973 1496 ἡ

395 1499 707 1573 ἀπόρρητος
731 1507 1004 1579 καταϐολὴ
1033 1510 1258 1577 γίνεται,
1281 1511 1310 1563 ὃ
1333 1512 1548 1584 πρῶτον
1573 1513 1722 1567 δοθὲν
1745 1515 1840 1568 καὶ
1863 1517 1976 1569 ἐπι-

395 1594 756 1666 κρατέστεροι)
779 1600 996 1672 σπέρμα
1021 1621 1032 1632 ·
1057 1601 1177 1655 ὅθεν
1195 1604 1288 1655 καὶ
1310 1604 1444 1676 πρὸς
1470 1605 1640 1677 ἀμίαν
1663 1607 1756 1660 καὶ
1783 1608 1977 1678 ὁμοίω-

397 1699 480 1735 σιν
506 1685 534 1736 ὁ
561 1688 846 1761 χαρακτὴρ
868 1692 1192 1748 ὲντυποῦται
1221 1695 1430 1749 ἐκείνου
1460 1700 1493 1768 ἢ
1534 1699 1756 1769 ταύτης.
1788 1699 1975 1764 Οὕτως

392 1770 487 1828 οὖν
521 1778 552 1846 ἡ
600 1779 693 1832 τοῦ
733 1782 960 1854 ἄρρενος
1001 1787 1274 1859 καταϐολὴ
1303 1789 1490 1861 ψυχρά
1517 1809 1602 1855 τις
1651 1792 1972 1865 ὑπάρχουσα

393 1868 488 1919 καὶ
521 1869 814 1943 ὀστοειδὴς,
845 1877 926 1939 είς
970 1877 1170 1931 ὀστέων
1218 1882 1314 1934 καὶ
1348 1883 1553 1953 νεύρων
1593 1886 1969 1950 μεταποιεῖται

393 1956 606 2029 ῥώμην,
655 1966 1023 2039 στερῤουμένη
1065 1971 1420 2042 καταλλήλως
1457 1974 1536 2045 τῷ
1579 1976 1964 2047 ἀποκρίναντι·

388 2048 455 2139 το
488 2051 543 2105 δὲ
575 2055 678 2109 ὑπὸ
702 2057 795 2111 τοῦ
827 2063 1048 2127 γυναίου
1078 2064 1136 2116 ὲν
1164 2068 1228 2134 τῇ
1265 2068 1542 2138 συνευνείᾳ
1577 2068 1968 2139 ἁντιδιδόμενον

389 2137 528 2214 αἷμα
561 2146 760 2220 θερμὸν
793 2153 933 2208 κατὰ
963 2155 1124 2224 φύσιν
1159 2158 1422 2229 ὑπάρχον,
1457 2137 1598 2231 ὑπὲρ
1629 2161 1722 2214 τοῦ
1757 2137 1967 2232 ψυχροῦ

391 2239 566 2305 παγὲν
607 2242 688 2304 είς
729 2243 909 2314 σάρκα
949 2247 1290 2317 μεθίσταται.
1333 2251 1396 2303 ῚῙ
1438 2251 1495 2304 δὲ
1550 2251 1684 2323 σὰρξ
1735 2251 1973 2323 ζωτικὴν

390 2346 512 2382 τινα
543 2331 772 2404 δύναμιν
807 2337 990 2392 θεόθεν
1023 2342 1367 2414 ἐμπνεομένη
1419 2344 1786 2410 ζωογονεῖται.
1833 2342 1974 2412 Ἐγὼ

391 2419 500 2490 γάρ
536 2425 651 2490 εἰμι
683 2429 716 2478 ὀ
767 2428 1031 2496 ποιήσας
1061 2431 1178 2500 τὴν
1216 2433 1352 2502 γῆν,
1385 2439 1483 2489 καὶ
1527 2436 1844 2505 ἄνθρωπον
1879 2436 1973 2489 ἐπ’

390 2508 602 2578 αὐτῆς,
636 2513 734 2566 καὶ
763 2513 968 2584 διδοὺς
998 2521 1198 2590 πνοὴν·
1227 2521 1376 2592 ζωῆς
1405 2523 1556 2580 πᾶσι
1583 2525 1708 2580 tofo
1744 2525 1970 2579 πατοῦ-

388 2615 496 2653 σιν
521 2605 736 2673 αὐτὴν,
774 2611 940 2679 φησὶν
965 2616 992 2665 ὁ
1021 2613 1172 2678 Θεός.

1787 381 2135 444 DIALOGUS
2174 384 2276 442 ¹111.

3527 396 3662 454 13-38

2092 509 2378 564 ricordfam
2414 512 2707 581 apposuisti
2747 512 2896 580 mihi,
2942 512 3139 584 inquit,
3185 513 3340 584 quasi
3383 514 3561 580 dicat,
3604 516 3664 571 lu

2085 618 2172 655 me
2203 603 2436 670 posuisti
2466 612 2524 656 ιιι
2553 604 2812 668 viverem,
2845 612 2899 659 et
2932 614 2986 659 ut
3015 607 3309 660 misererer
3340 609 3443 661 mei
3490 608 3662 676 ipsius

2085 707 2181 760 per
2211 691 2574 746 obedientiam
2609 701 2660 747 et
2690 695 3128 748 observationem
3177 705 3395 750 tuorum
3434 698 3665 751 matula-

2086 791 2298 847 torum;
2331 795 2426 839 aut
2461 797 2521 840 ut
2554 788 2874 858 perimerem
2912 788 3179 858 meipsum
3222 803 3316 856 per
3342 787 3662 842 inobedirn-

2083 876 2238 939 tiam,
2282 891 2458 946 neque
2521 878 2955 933 misericordiam
3011 893 3397 947 consequerer,
3464 878 3662 932 merito

2081 983 2272 1036 poenas
2325 969 2668 1039 dependens,
2732 971 2956 1025 inimico
3021 972 3204 1040 potius
3261 986 3423 1040 quam
3479 971 3660 1041 opifici

2084 1060 2387 1115 adhaerens.
2431 1059 2486 1114 id
2521 1062 2665 1130 quod
2693 1062 2900 1130 primus
2929 1071 3117 1116 noster
3152 1077 3350 1130 parens
3387 1061 3532 1128 fecit,
3565 1063 3659 1132 qui

2084 1166 2191 1203 non
2220 1151 2480 1206 misertus
2507 1153 2592 1206 sui
2637 1152 2829 1222 ipsius,
2861 1153 3025 1207 veluti
3057 1154 3296 1224 gladium
3340 1154 3511 1223 ipsam
3542 1170 3662 1221 per~

2084 1242 2343 1297 ditionem
2382 1245 2770 1300 consultricem
2803 1246 3065 1300 adversus
3094 1247 3444 1315 semetipsum
3477 1263 3662 1301 susce-

2083 1335 2184 1404 pit,
2218 1335 2422 1405 illoque
2457 1336 2778 1392 interfectus
2805 1348 2908 1400 est,
2941 1347 2994 1392 et
3027 1354 3093 1392 ex
3121 1338 3420 1392 immortali
3457 1350 3662 1393 morta-

2083 1424 2149 1478 lis
2177 1423 2354 1479 factus
2400 1426 2581 1493 periit.
2629 1424 2764 1479 Cum
2802 1426 2966 1498 igitur
2995 1425 3197 1480 clausis
3247 1426 3503 1480 omnibus
3534 1444 3660 1480 scn-

2081 1533 2242 1572 suum
2272 1517 2492 1572 sedibus
2520 1526 2574 1571 et
2606 1517 2738 1587 ipsis
2770 1519 3054 1572 ambarum
3088 1533 3445 1588 personarum
3481 1519 3660 1574 sensi-

2081 1606 2202 1671 bus,
2237 1607 2508 1676 quasique
2545 1608 2968 1677 contemperatis
3005 1617 3170 1678 atque
3200 1609 3479 1678 permistis
3518 1608 3661 1662 inter

2080 1711 2138 1751 se
2163 1697 2490 1766 corporibus
2519 1698 2570 1751 in
2599 1699 2768 1761 coitu,
2803 1699 3072 1754 ineffabile
3100 1700 3157 1753 fit
3200 1701 3440 1761 initium,
3471 1700 3660 1754 videli-

2081 1797 2166 1843 cet
2192 1789 2350 1845 faciei
2383 1792 2684 1860 expressio.
2715 1793 2782 1846 de
2815 1804 3034 1846 excreto
3064 1792 3296 1861 primum
3340 1793 3660 1862 potioreque

2079 1884 2309 1947 semine,
2352 1885 2495 1937 unde
2540 1883 2607 1937 ad
2651 1884 3070 1937 delineationem
3118 1892 3173 1938 et
3220 1883 3658 1950 similitudinem,

2079 1976 2249 2043 figura
2290 1975 2373 2028 vel
2422 1973 2638 2028 feminae
2678 1975 2760 2028 vel
2804 1975 2905 2027 viri
2947 1975 3314 2044 exprimitur:
3358 1986 3518 2044 atque
3557 1977 3660 2032 hoc

2076 2068 2239 2122 modo
2265 2083 2390 2121 cum
2418 2069 2518 2121 viri
2543 2077 2946 2122 excrementum
2971 2067 3226 2138 frigidum
3253 2068 3659 2138 quodammodo

2077 2162 2149 2215 sit
2173 2169 2226 2215 et
2257 2174 2476 2215 osseum
2501 2199 2515 2223 ,
2548 2159 2602 2212 in
2636 2160 2846 2214 ossium
2876 2169 2931 2215 et
2963 2175 3254 2214 nervorum
3286 2169 3661 2214 commutatur

2075 2251 2263 2316 robur,
2306 2265 2408 2320 pro
2462 2249 2674 2304 ratione
2718 2249 2864 2304 illius
2917 2249 3009 2318 qui
3042 2248 3283 2303 excrevit
3331 2248 3658 2302 soliditatem

2070 2340 2296 2394 habens.
2327 2338 2480 2405 Quod
2523 2348 2704 2393 autem
2739 2354 2766 2391 a
2801 2338 3027 2392 muliere
3057 2339 3110 2392 in
3149 2338 3446 2392 concubitu
3485 2340 3655 2392 vicis-

2070 2434 2173 2488 sim
2206 2434 2474 2487 redditum
2507 2441 2614 2496 est,
2657 2446 2779 2486 cum
2805 2431 3016 2485 calidus
3060 2431 3133 2486 sit
3177 2440 3371 2485 natura
3406 2429 3652 2499 sanguis,

2072 2545 2099 2582 a
2138 2527 2334 2598 frigido
2373 2527 2791 2587 condensatum,
2837 2525 2889 2578 in
2927 2524 3246 2593 sanguinem
3285 2523 3644 2578 convertitur.

2076 2620 2218 2673 Caro
2261 2626 2443 2672 autem
2494 2633 2588 2686 per
2633 2617 2853 2670 vitalem
2892 2616 3188 2686 quamdam
3228 2615 3339 2668 vim
3391 2613 3656 2668 divinitus

391 2695 739 2764 inspiratam,
763 2702 1083 2762 vivificatur.
1118 2710 1232 2780 Ego
1268 2713 1410 2766 enim
1437 2731 1556 2768 sum
1595 2716 1684 2786 qui
1729 2715 1832 2785 feci
1862 2723 2079 2782 terram,
2109 2723 2158 2768 et
2185 2713 2448 2767 hominem
2487 2727 2552 2765 ex
2597 2728 2680 2776 ea,
2725 2714 2916 2782 quique
2942 2710 3035 2764 dat
3062 2712 3249 2778 {latum
3275 2710 3396 2764 vita:
3417 2710 3655 2762 omnibus

390 2788 482 2856 qui
512 2789 787 2848 ambulant
810 2797 864 2850 in
888 2814 973 2865 ea,
1002 2799 1197 2870 inquit,
1225 2802 1368 2860 Deus
1395 2805 1461 2859 ³¹¹.

461 2903 611 2959 Alter
643 2907 726 2962 llic
753 2911 899 2966 locus
924 2924 1002 2968 est
1028 2932 1094 2971 ea:
1122 2919 1188 2972 iis
1215 2934 1441 2988 quorum
1468 2922 1631 2991 paulo
1666 2932 1789 2975 ante
1817 2923 2133 2975 mentionem
2162 2916 2282 2986 feci.
2321 2911 2462 2967 Nam
2495 2910 2706 2979 adjecta
2738 2909 2902 2977 fuisse
2929 2907 3162 2960 arbitror
3198 2907 3309 2960 licet:
3346 2906 3410 2958 ab
3455 2905 3654 2975 aliqua,

387 3001 479 3068 qui
515 3019 636 3056 cum
661 3003 886 3062 Caesarii
915 3013 1175 3067 sententia
1211 3015 1552 3085 canjunctam
1582 3018 1762 3072 eodem
1793 3017 1904 3071 loco
1942 3013 2373 3082 philosophorum
2401 3007 2563 3062 etiam
2589 3012 2892 3058 exterarum
2917 3004 3213 3072 opinionem
3241 3004 3305 3056 de
3343 3001 3657 3071 formatione

387 3093 616 3153 hominis
656 3101 846 3158 habere
876 3105 1048 3161 vellet.

869 3222 1060 3292 Λόγος
1089 3221 1158 3274 ἐκ
1196 3219 1316 3274 τῶν
1351 3221 1488 3288 ἔξω.

468 3304 534 3357 Ἥ
563 3304 728 3375 φύσις
752 3307 1100 3363 ὲνυπόκειται
1126 3311 1205 3382 τῷ
1240 3312 1547 3384 σπέρματι·
1576 3315 1609 3385 ὴ
1639 3312 1748 3384 γάρ
1775 3314 1833 3366 ἐν
1859 3313 1972 3365 τού-

387 3414 466 3467 τῳ
503 3397 754 3469 δύναμις,
793 3401 1013 3455 ἐπειδὰν
1047 3402 1284 3476 ἄρχηται
1323 3406 1611 3470 κινεῖσθαι,
1648 3407 1808 3475 φύσις
1852 3407 1972 3459 ὀνο-

392 3487 644 3556 μάζεται,
673 3489 762 3543 διὰ
780 3491 840 3543 τὸ
861 3492 1017 3560 φύειν
1047 3495 1142 3546 καὶ
1169 3497 1384 3567 γεννᾷν.
1413 3496 1684 3567 Τρέφεται
1706 3497 1760 3550 δὲ
1784 3499 1847 3549 ἐκ
1873 3497 1972 3566 τῆς

391 3581 448 3630 ἐν
472 3578 548 3649 τῷ
580 3578 792 3649 σώματι
812 3583 1020 3653 τροφῆς
1045 3599 1056 3611 ·
1087 3583 1161 3648 ὡς
1189 3585 1309 3638 οὐδὲ
1332 3586 1504 3658 τροφὴ
1532 3588 1659 3640 ἄνευ
1688 3587 1839 3659 ὕλης.
1871 3589 1970 3640 Κι-

391 3675 561 3726 νεῖται
593 3671 649 3725 δὲ
679 3675 757 3737 είς
807 3676 1006 3746 ἑαυτὴν
1040 3677 1390 3732 ὲκπέπτουσα
1437 3682 1536 3742 τὰς
1557 3682 1762 3752 τροφάς
1787 3699 1799 3712 ·
1836 3681 1972 3734 ἀλλὰ

392 3766 485 3817 καὶ
518 3766 609 3835 ἀφ’
632 3765 832 3835 ἑαυτῆς
867 3768 1198 3823 συντελοῦσα
1242 3769 1339 3834 τὰς
1366 3773 1666 3837 ἀναδόσεις.
1703 3773 1973 3844 Δυνάμεις

390 3857 448 3910 δὲ
487 3857 587 3927 τῆς
636 3859 851 3927 φύσεως
896 3863 1132 3933 τρεῖς,ή
1183 3865 1499 3934 γεννητική,
1533 3867 1656 3936 ἥτις
1706 3867 1833 3930 τοὺς
1876 3865 1971 3920 τοῦ

393 3951 708 4022 σπέρματος
734 3953 1032 4025 προείληφε
1058 3955 1252 4023 λόγους
1273 3977 1288 3991 ·
1313 3964 1342 4032 ἡ
1366 3957 1852 4030 αὐξητικὴ,ἔχουσα
1872 3960 1972 4031 τὴν

391 4043 533 4096 κατὰ
576 4044 770 4114 χρόνον
805 4046 1016 4117 κίνησιν
1041 4063 1054 4077 ·
1092 4050 1186 4101 καὶ
1234 4049 1266 4118 ὴ
1308 4047 1596 4120 θρεπτικὴ,
1635 4051 1732 4120 τῆς
1764 4051 1974 4123 τροφῆς

390 4136 490 4205 τὴν
524 4134 868 4208 ἐξεργασίαν.
907 4140 1163 4209 Διήκουσι
1206 4139 1262 4192 δὲ
1304 4139 1394 4194 διὰ
1434 4140 1633 4205 παντὸς
1660 4141 1754 4195 τοῦ
1787 4141 1974 4214 σώμα-

390 4243 482 4290 τος
529 4229 562 4299 ἡ
617 4227 887 4301 θρεπτικὴ
933 4231 1026 4283 καὶ
1076 4229 1340 4302 αὐξητικὴ
1367 4248 1382 4264 ⁸
1417 4234 1450 4303 ὴ
1491 4233 1547 4286 δὲ
1590 4233 1882 4305 γεννητική
1916 4237 1974 4289 ἐν

391 4323 504 4383 τοῖς
527 4325 952 4387 παραστατικοῖς
984 4324 1145 4395 μόνον
1164 4326 1274 4388 τοῖς
1297 4329 1662 4396 περιεκτικοῖς
1684 4325 1776 4378 τοῦ
1807 4327 1974 4397 σπέρ-

395 4428 582 4481 ματος·
628 4414 1042 4484 κατασχολεῖται
1083 4414 1142 4468 δὲ
1189 4417 1222 4486 ἠ
1269 4416 1429 4484 φύσις
1464 4415 1534 4468 τὰ
1583 4416 1776 4486 πρῶτα
1847 4417 1976 4488 περὶ

392 4503 595 4574 τροφὴν
621 4505 710 4557 καὶ
739 4505 971 4576 πνεῦμα.
993 4506 1216 4576 Πνεῦμα
1246 4506 1504 4578 ἔνθερμον
1525 4509 1580 4574 ἐξ
1597 4507 1760 4560 αὐτοῦ
1793 4505 1974 4561 κινού-

395 4613 554 4664 μενον
574 4599 714 4652 κατὰ
740 4599 866 4661 τοὺς
898 4599 1305 4669 σπερματικοὺς
1321 4599 1531 4668 λόγους,
1567 4599 1770 4667 γεννῶν
1794 4616 1852 4651 τε
1880 4599 1974 4652 καὶ

391 4689 630 4743 τελειοῦν
668 4691 757 4742 τδν
828 4689 1116 4762 ἄνθρωπον
1181 4694 1238 4744 ἐν
1277 4693 1491 4765 χρόνοις
1533 4693 1626 4745 καὶ
1679 4690 1970 4762 μεγέθεσιν

393 4779 735 4849 ὡρισμένοις.

977 4960 1225 5012 ΠΕΥΣΙΣ
1260 4961 1396 5015 PM'.

461 5050 835 5122 Συνυπάρχειν
882 5053 1042 5122 ἡμεῖς
1085 5052 1316 5123 λέγομεν
1348 5053 1446 5124 τὴν
1495 5053 1672 5125 ψυχὴν
1706 5057 1770 5124 τῇ
1819 5053 1971 5126 παρὰ

393 5143 489 5196 τοῦ
515 5143 706 5213 ἀνδρὸς
729 5143 1021 5214 καταϐολῇ,
1045 5145 1138 5197 καὶ
1166 5144 1273 5208 ζῶν
1300 5147 1394 5198 καὶ
1415 5145 1655 5217 ἔμψυχον
1681 5148 1970 5218 ὑπάρχειν,

394 5236 582 5307 ἐπειδὴ
621 5237 715 5288 καὶ
752 5235 862 5288 ἀπὸ
907 5235 1108 5300 ζῶντος
1156 5237 1247 5290 καὶ
1290 5238 1684 5309 ἐμψυχωμένου
1723 5240 1974 5312 σώματος

393 5331 452 5382 αῖ
478 5329 723 5401 ἀφορμαὶ
755 5329 854 5399 τῆς
901 5331 1194 5400 ἡμετέρας,
1230 5333 1326 5385 καὶ
1365 5331 1554 5404 ὥσπερ
1605 5335 1662 5386 αἱ
1711 5333 1820 5387 τῶν
1857 5334 1974 5387 δένο

395 5425 539 5495 δρων
568 5423 902 5487 ἀποσπάδες,
935 5423 990 5476 αἳ
1020 5424 1080 5477 τὸ
1108 5425 1340 5478 ἑκάστου
1374 5425 1596 5498 σπέρμα
1629 5426 1830 5498 ἔχουσι,
1875 5427 1973 5496 τὴν

396 5517 457 5584 ἐξ
488 5509 563 5570 ὧν
589 5517 942 5588 ἀφῃρέθησαν
982 5515 1219 5589 ζωτικὴν
1251 5517 1498 5590 δύναμιν.
1533 5521 1593 5572 Εἰ
1625 5519 1734 5589 γὰρ
1763 5520 1821 5573 τὸ
1852 5519 1975 5590 θερί

400 5609 499 5678 μὸν
528 5608 591 5660 τὸ
631 5604 790 5678 αἷμα,
825 5610 917 5662 καὶ
958 5609 1018 5662 τὸ
1047 5609 1185 5674 ζῶον
1227 5610 1334 5664 ἀπὸ
1359 5611 1453 5664 τοῦ
1495 5611 1690 5682 ἀνδρὸς
1721 5612 1938 5684 σπέρμα
1957 5629 1970 5643 ·

398 5701 448 5753 ει
477 5701 572 5753 καὶ
594 5702 690 5771 οὺχ
713 5701 914 5772 ὁμοίως
941 5703 1019 5756 τῶ
1051 5703 1244 5774 αἵματι
1276 5704 1520 5772 πάντως,
1553 5705 1736 5777 ἔχουσι
1767 5706 1823 5759 τὲ
1865 5707 1970 5772 ζωη

471 5872 516 5904 ³³
547 5871 652 5929 lsa.
684 5889 816 5941 xw,
855 5876 908 5932 5.
941 5865 944 5869 ’

2330 3215 2494 3270 Verba
2521 3214 2585 3268 de
2611 3213 2761 3268 libris
2791 3221 3090 3267 exterarum
3115 3211 3402 3280 descripta.

2143 3309 2350 3365 Natura
2403 3309 2547 3364 inest
2601 3307 2819 3362 semini.
2866 3303 3004 3360 Nam
3045 3320 3166 3375 qum
3210 3313 3295 3360 est
3337 3306 3392 3360 in
3437 3319 3504 3360 eo
3552 3306 3661 3371 vis,

2072 3402 2293 3475 quando
2341 3401 2550 3456 moveri
2595 3399 2844 3469 coeperit,
2886 3407 3083 3452 natura
3125 3400 3464 3463 nominatur,
3527 3413 3660 3468 pro-

2072 3506 2260 3568 pterea
2287 3495 2434 3565 quod
2464 3494 2744 3548 nascendo
2775 3491 3028 3561 producit
3054 3499 3108 3545 et
3135 3500 3376 3561 generat.
3411 3488 3659 3545 Nutritur

2073 3599 2253 3644 autem
2281 3588 2537 3642 alimento
2565 3585 2712 3655 quod
2763 3591 2848 3639 est
2900 3583 2956 3637 in
2998 3597 3247 3651 corpore,
3296 3583 3658 3652 quemadmo-

2073 3684 2202 3738 dum
2240 3695 2416 3749 neque
2449 3678 2847 3732 nutrimentum
2891 3675 3099 3745 absque
3134 3676 3363 3730 materia
3407 3683 3510 3729 est.
3544 3673 3660 3728 Mo-

2073 3783 2230 3827 vetur
2258 3781 2440 3825 autem
2484 3769 2539 3823 in
2582 3769 2953 3836 semetipsam,
2996 3766 3152 3821 cibos
3187 3781 3564 3834 concoquens,
3604 3774 3660 3821 et

2074 3881 2171 3936 per
2215 3863 2564 3932 semetipsam
2605 3861 2893 3930 perficiens
2940 3860 3297 3930 digestiones.
3348 3857 3658 3913 Facultates

2073 3971 2206 4012 vero
2237 3964 2446 4009 natura:
2467 3963 2576 4008 tres
2607 3960 2773 4007 ειιιιιι
2807 3965 3098 4021 generans,
3131 3950 3199 4004 de
3227 3966 3338 4020 qua
3358 3951 3472 4019 jam
3497 3959 3658 4006 antea

2075 4047 2282 4103 dictum
2313 4045 2367 4099 in
2392 4043 2672 4098 mentione
2704 4043 2964 4108 seminis;
2990 4057 3313 4111 augescens,
3346 4057 3468 4111 quae
3494 4041 3660 4097 habet

2075 4117 2288 4194 inotum
2339 4137 2642 4193 secundum
2688 4144 3028 4206 tempus;et
3053 4134 3324 4201 nutriens,
3375 4133 3443 4189 ad
3489 4149 3657 4205 quam

2075 4231 2184 4287 cibi
2219 4228 2492 4286 confectio
2531 4229 2785 4298 pertinet.
2821 4227 2923 4282 Per
2957 4227 3278 4282 universum
3310 4237 3494 4283 autem
3529 4243 3652 4283 cor-

2075 4339 2178 4393 pus
2215 4323 2464 4377 nutriens
2505 4334 2560 4375 et
2597 4335 2899 4389 augescens
2940 4320 3224 4375 facultates
3258 4335 3380 4374 sese
3425 4320 3652 4380 didunt;

2076 4431 2344 4487 generans
2373 4431 2503 4469 vero
2552 4422 2763 4468 tantum
2801 4413 2904 4467 sita
2938 4421 3020 4468 est
3069 4413 3122 4466 in
3155 4414 3388 4484 geminis
3424 4414 3656 4468 testibus

2078 4527 2264 4565 semen
2309 4509 2740 4564 continentibus.
2793 4505 3068 4577 Occupata
3116 4515 3297 4563 autem
3343 4517 3426 4562 est
3462 4517 3657 4562 natura

2083 4603 2324 4672 primum
2355 4603 2504 4657 circa
2531 4601 2715 4656 cibum
2759 4609 2812 4655 ct
2841 4601 3094 4670 spiritum
3119 4618 3147 4666 ;_
3180 4599 3274 4668 qui
3309 4599 3532 4669 spiritus
3571 4598 3658 4653 iu-

2071 4707 2226 4751 terna
2263 4697 2314 4750 vi
2351 4695 2581 4760 calidus,
2625 4703 2683 4748 ut
2717 4693 2809 4763 qui
2847 4709 2942 4763 per
2977 4709 3035 4748 se
3075 4702 3322 4746 movetur
3353 4693 3657 4747 secundum

2070 4788 2123 4842 id
2159 4787 2304 4858 quod
2350 4788 2557 4841 dictum
2602 4792 2687 4840 est
2729 4784 2798 4839 de
2831 4785 3062 4846 semine,
3109 4783 3280 4852 gignit
3321 4793 3375 4837 et
3423 4781 3658 4836 absolvit

2072 4881 2352 4935 hominem
2387 4877 2724 4946 temporibus
2756 4885 2809 4930 et
2845 4875 3315 4944 magnitudinibus
3355 4872 3614 4928 definitis.

2499 4965 3014 5021 INTERROGATIO
3053 4963 3212 5020 CXL.

2150 5059 2327 5114 Simul
2348 5060 2611 5115 exsistere
2638 5074 2738 5112 nos
2763 5059 2998 5112 animam
3018 5058 3254 5112 dicimus
3275 5071 3400 5111 cum
3424 5071 3491 5110 eo
3507 5054 3654 5124 quod

2079 5167 2109 5206 a
2137 5153 2253 5206 viro
2280 5152 2613 5215 excernitur,
2644 5159 2700 5203 et
2731 5151 2913 5202 vivum
2948 5151 3365 5217 animatumque
3391 5147 3654 5216 quiddam

2077 5252 2180 5307 est,
2209 5242 2654 5313 quandoquidem
2682 5250 2735 5295 et
2764 5256 2796 5294 a
2830 5241 3045 5294 vivente
3074 5248 3126 5293 et
3153 5239 3393 5294 animato
3425 5252 3655 5306 corpore

2080 5351 2248 5391 causa
2286 5350 2350 5390 ac
2379 5335 2533 5404 origo
2561 5333 2736 5387 nostri
2769 5341 2924 5386 ortus
2952 5340 3054 5393 est,
3104 5329 3567 5400 quemadmodum
3601 5337 3656 5383 et

2082 5429 2150 5482 ab
2174 5427 2463 5481 arboribus
2490 5425 2666 5479 avulsi
2697 5422 2855 5486 rami,
2883 5423 2980 5492 qui
3009 5422 3443 5491 uniuscujusque
3468 5434 3654 5474 semen

2083 5520 2308 5584 habent,
2333 5519 2550 5573 vitalem
2584 5517 2898 5572 facultatem
2929 5531 3117 5570 earum
3151 5531 3182 5569 a
3219 5515 3422 5584 quibus
3451 5511 3654 5582 sumpti

2083 5623 2234 5678 sunt,
2262 5612 2563 5666 continent.
2596 5609 2730 5665 Nam
2768 5610 2814 5664 si
2848 5608 3059 5664 calidus
3090 5616 3173 5662 est
3207 5605 3453 5673 sanguis,
3487 5605 3654 5659 etiam

2081 5707 2264 5760 vivum
2300 5703 2431 5759 illud
2467 5717 2651 5759 semen
2701 5701 2803 5755 viri
2836 5699 3075 5756 calidum
3104 5707 3222 5764 est;
3261 5711 3325 5754 ac
3358 5695 3485 5752 licet
3521 5709 3641 5751 san-
