4142 6382
533 327 672 387 1047

1596 347 1654 406 S.
1691 350 1990 408 CESARII
2024 351 2354 414 GBEGORH
2402 361 2702 425 FRATRlS

3643 385 3792 444 1048

530 443 696 512 guine
753 462 860 502 non
917 465 1108 508 omnes
1157 455 1408 512 similiter
1451 458 1705 531 dispositi
1741 467 1871 534 sint,
1925 480 2062 524 tame

530 533 750 564 υἷοοιη...
783 541 1069 564 -..μ-4-...
1122 561 1267 564 ,μυί
1375 549 1390 564 ι
1448 549 1464 564 ι
1976 562 1986 564 -

2209 475 2362 530 τικδν
2401 479 2594 549 αἴτιον,
2623 484 2760 557 ὅπερ
2785 485 2932 540 ἐστὶν
2964 489 2997 560 ἡ
3039 490 3206 564 ψυχή.
3234 495 3335 550 Διὰ
3375 494 3431 550 δέ
3469 496 3530 551 τδ
3565 499 3785 564 εὐτελὲς

529 533 750 591 vitalem
779 541 1074 610 quamdam
1115 561 1336 603 causam
1373 549 1598 616 habent,
1637 571 1759 625 quae
1785 533 1870 614 est
1901 562 2103 616 anima.

527 621 756 692 Propter
791 632 1110 688 tenuitatem
1144 646 1325 692 autem
1356 649 1410 694 et
1443 621 1794 712 exiguitatem
1835 651 2104 705 constitu-

527 716 696 774 tionis
731 718 890 789 primi
925 725 1054 792 diei,
1087 743 1210 784 cum
1240 747 1346 788 non
1380 737 1551 804 possit
1589 755 1720 796 suas
1759 744 2104 810 operationes

522 810 764 878 perfecte
805 815 1087 874 declarare
1124 833 1347 893 propter
1379 829 1738 887 subtilitatem
1769 839 1774 844 '
1800 835 1922 904 ejus
1953 837 2102 906 quod

523 908 608 954 est
641 902 934 973 dejectum,
1231 931 1341 985 quo
1380 918 1637 992 deinceps
1671 902 1997 996 augescente
2043 931 2099 986 in

521 993 645 1046 alvo
677 1007 942 1065 materna,
973 1012 1029 1058 et
1055 1003 1110 1060 in
1143 1022 1359 1064 carnem
1399 1028 1580 1079 verso,
1613 1026 1667 1071 et
1701 1019 1828 1075 inde
1861 1037 2017 1078 verso
2043 1025 2095 1079 in

520 1083 716 1149 fctum,
753 1105 858 1145 una
887 1105 1154 1164 augetur;
1181 1101 1370 1172 sicque
1397 1104 1617 1162 demum
1642 1110 1884 1179 perfecte
1913 1117 2097 1172 anima

519 1191 649 1232 suas
679 1180 956 1241 declarare
981 1187 1316 1259 effectiones,
1342 1205 1398 1251 et
1413 1211 1678 1269 apparere
1700 1217 1827 1259 cum
1853 1207 2097 1278 perfecto

511 1284 627 1336 jam
659 1287 890 1344 corpore
920 1289 1123 1348 potest.

586 1455 742 1512 Absit
773 1467 832 1513 ut
847 1462 1108 1521 exsistere
1127 1469 1366 1526 animam
1384 1489 1509 1530 cum
1536 1480 1745 1537 semine
1765 1484 2087 1553 cogitemus.

515 1543 650 1600 Nam
683 1565 794 1618 quo
826 1562 984 1620 pacto
1011 1557 1175 1615 simul
1213 1565 1494 1623 exstitisse
1527 1585 1650 1625 cum
1687 1543 1896 1630 Adaiiio
1932 1591 2090 1647 puta-

513 1637 698 1696 bimus
731 1644 994 1712 animam,
1024 1649 1117 1720 qui
1149 1653 1354 1724 absque
1381 1661 1767 1730 conjunctione
1793 1637 1975 1740 aliqua
2001 1671 2086 1727 vel

512 1735 892 1798 procreatione
931 1737 1110 1797 factus
1155 1743 1297 1799 fuit?
1342 1745 1478 1805 Nam
1509 1753 1556 1808 si
1590 1769 1657 1810 ex
1690 1757 1811 1813 viro
1839 1735 2083 1818 animam

507 1818 672 1874 simul
726 1827 945 1880 cxcerni
995 1834 1451 1904 concesserimus,
1508 1853 1768 1914 sequetur
1832 1851 2081 1921 omnino,

505 1909 670 1967 etiam
696 1912 789 1969 Dei
830 1915 992 1975 Verbi
1028 1922 1295 1982 incarnati
1330 1931 1566 1989 animam
1588 1909 1662 1991 ex
1705 1941 1914 1998 semine
1960 1947 2083 2001 uni-

500 2013 612 2059 tam
653 2007 867 2076 corpori
899 2051 910 2062 .
943 2008 998 2066 id
1062 2019 1212 2088 quod
1236 2019 1399 2078 fuerit
1419 2036 1675 2086 extremae
1700 2033 1987 2092 dementiae
2015 2053 2081 2094 ac

501 2091 878 2168 blasphemiae,
925 2103 1197 2176 ingentem
1230 2119 1490 2174 merentis
1516 2135 1756 2190 pcenam.
1783 2125 1983 2184 Eadem
2011 2145 2080 2187 ex

505 2189 727 2245 vesania
753 2207 1034 2266 sequetur,
1058 2216 1250 2271 poenas
1275 2208 1502 2268 daturos
1518 2189 1725 2284 potius,
1751 2234 1916 2289 quam
1940 2237 2079 2291 prae-

498 2279 608 2332 mia
633 2286 992 2344 certaminum
1019 2307 1360 2368 coronasque
1381 2313 1774 2373 reportaturos,
1800 2312 1894 2380 qui
1919 2330 2075 2369 scor-

501 2372 759 2429 tationem
779 2376 1014 2448 fugiunt,
1027 2384 1306 2444 etfortiter
1321 2393 1584 2453 adversus
1602 2399 1773 2468 ipsam
1792 2372 2078 2463 decertan-

495 2471 598 2528 tes.
626 2482 690 2522 ac
718 2482 942 2540 propter
963 2491 1190 2547 regnum
1225 2486 1491 2542 caelorum
1528 2494 1852 2563 semetipsos
1893 2501 2073 2555 conti-

495 2558 1496 2640 nentiacastrantes,quemadmodum
1533 2582 2071 2659 inquitDominus”,

492 2651 709 2710 animas
747 2657 888 2714 intra
919 2666 1242 2735 semetipsos
1287 2672 1576 2740 sutl‘ocant,
1598 2690 1652 2733 et
1681 2695 1786 2735 una
1816 2699 1941 2739 cum
1964 2696 2072 2742 ter-

493 2743 644 2799 renis
670 2745 993 2807 interimunt
1020 2759 1300 2823 membris,
1329 2777 1426 2818 sua
1457 2768 1752 2827 sobrietate
1772 2773 2070 2835 deteriores

490 2834 782 2894 evadentes
815 2858 980 2912 quam
1023 2847 1133 2903 sint
1157 2849 1454 2910 cﬂ’eminati
1482 2871 1537 2913 et
1561 2862 1822 2931 voluptati
1875 2866 2064 2925 dediti.

489 2925 630 2984 Num
664 2931 834 3002 igitur
860 2947 914 2992 et
945 2937 1150 2998 Paulus
1186 2944 1277 3000 ille
1313 2950 1536 3006 sublimi
1571 2925 1828 3022 pranlitus
1859 2963 2070 3020 intelle-

486 3028 580 3074 ctu
621 3025 862 3080 manebit
908 3029 1286 3096 iuhonoratus,
1338 3053 1637 3114 ptenasque
1683 3050 1880 3116 pendet
1909 3056 2066 3123 quasi

485 3113 581 3180 qui
603 3117 868 3186 supplicia
883 3122 1040 3179 nobis
1052 3127 1471 3202 animarumque
1490 3150 1651 3192 neces
1669 3141 2063 3212 conciliaverit,

484 3211 597 3257 tam
624 3221 682 3261 re
701 3208 815 3277 ipsa
836 3226 1000 3281 quam
1026 3217 1206 3273 verbis
1223 3221 1445 3288 docens,
1469 3235 1522 3280 et
1538 3229 1784 3286 scribens
1805 3235 2063 3294 universo

483 3293 628 3359 orbi,
660 3295 972 3368 fugiendam
1000 3320 1123 3363 esse
1145 3315 1536 3371 scortationem
1567 3322 1924 3380 etmulierem
1949 3344 2060 3383 non

480 3391 831 3458 tangendam,
866 3394 910 3448 si
946 3395 1062 3450 fieri
1089 3403 1294 3470 queat?
1341 3404 1522 3472 Quare
1572 3408 1738 3481 igitur
1764 3423 1817 3469 et
1849 3427 2061 3475 scorta-

482 3486 656 3534 torem
700 3481 1049 3542 Corinthium
1098 3493 1333 3560 punivit,
1384 3498 1438 3551 in
1487 3516 1546 3556 se
1589 3503 1908 3561 suil‘ocatam
1939 3510 2058 3564 ani-

479 3580 626 3620 mam
662 3573 728 3623 ad
755 3573 917 3628 vitam
941 3578 1316 3638 emittentem?
1335 3585 1517 3652 Quare
1541 3591 1671 3648 item
1703 3599 1932 3654 seminis
1951 3600 2056 3655 ﬂu-

476 3672 547 3712 xu
574 3659 914 3721 laborantem
939 3669 1023 3724 lex
1047 3674 1323 3741 puriﬂcari
1354 3689 1408 3734 et
1440 3697 1582 3752 aqua
1609 3688 1886 3763 submergi
1918 3708 2060 3762 prte-

475 3753 638 3822 cepit,
674 3755 720 3810 si
756 3757 1009 3815 videlicet
1038 3774 1242 3820 arctata
1270 3768 1432 3826 nimis
1467 3775 1648 3830 anima
1685 3778 1752 3834 de
1778 3781 1897 3851 ejus
1921 3783 2056 3838 lum-

473 3841 546 3897 bo
573 3859 860 3916 progressa
883 3850 1400 3918 est?Qualiumnam
1430 3877 1556 3918 vero
1586 3867 1898 3936 plantarum
1933 3872 2053 3930 fru-

475 3945 774 4010 ctuumque
809 3958 1015 4009 ramos,
1046 3958 1141 4002 aut
1174 3966 1360 4006 semen
1398 3959 1608 4028 accepit
1643 3959 1802 4031 Deus,
1850 3968 2052 4038 quibus

473 4031 542 4084 ab
557 4032 711 4088 initio
727 4045 926 4091 terram
945 4045 1270 4099 exornavit?
1285 4045 1573 4112 Quomodo
1593 4051 1726 4109 Sara
1741 4073 1863 4112 cum
1881 4060 2052 4116 Abra-

471 4125 637 4182 hamo
651 4128 718 4182 ad
741 4134 1098 4188 centesimum
1118 4139 1186 4192 ab
1202 4139 1566 4199 adolescentia
1584 4149 1796 4206 cubans
1817 4166 2047 4220 annum,

470 4218 728 4290 idemque
754 4238 939 4280 semen
967 4229 1266 4298 excipiens,
1300 4249 1582 4306 nunquam
1610 4239 1819 4298 invenit
1844 4246 2052 4304 anima-

468 4317 584 4362 tum
615 4327 737 4368 esse
767 4316 898 4372 illud
927 4334 1358 4394 excrementum,
1398 4329 1500 4385 nisi
1532 4333 1718 4390 divino
1749 4351 2042 4411 praecepto,

466 4413 527 4458 ut
558 4419 877 4464 nasceretur
906 4410 1127 4470 lsaacus
1155 4420 1467 4488 unigenitus
1495 4426 1639 4482 filius
1662 4442 1877 4486 centum
1902 4436 2046 4491 natis

465 4497 682 4552 annos?
712 4497 778 4554 Et
804 4506 1083 4570 quomodo
1123 4507 1278 4564 Anna
1309 4527 1432 4566 cum
1472 4515 1704 4574 llelcana
1747 4524 1870 4578 leCti
1908 4543 2042 4584 con-

465 4588 808 4646 suetudinem
831 4594 1038 4652 habens
1059 4599 1311 4668 pluribus
1332 4608 1511 4675 annis,
1533 4627 1811 4684 nunquam
1842 4619 1896 4672 in
1924 4631 2042 4676 ute-

387 4701 401 4718 ε
462 4691 527 4731 ro
561 4680 863 4738 animatum
893 4700 1304 4748 excrementum
1342 4701 1606 4771 suscepit,
1636 4707 1957 4778 priusquam
1985 4714 2038 4767 in

459 4774 760 4830 sacrarium
807 4780 1036 4849 veniret,
1087 4785 1404 4861 Numenque
1443 4809 1542 4864 pro
1574 4797 1908 4860 fecunditate
1936 4822 2034 4862 ex-

460 4867 715 4922 orasset?
751 4868 923 4940 Cujus
959 4877 1190 4946 supplici
1215 4885 1529 4950 precatione
1561 4887 1708 4946 Deus
1757 4909 2034 4968 suscepta,

458 4975 581 5028 quae
623 4965 811 5021 multis
854 4968 1078 5036 quidem
1129 4977 1470 5044 temporibus
1501 4979 1569 5036 de
1599 4997 1659 5038 se
1692 4965 2037 5055 judicaverat

458 5064 518 5106 se
549 5051 766 5108 vitalem
827 5055 996 5112 fetum
1028 5077 1306 5132 nunquam
1356 5071 1660 5136 parituram
1701 5113 1717 5138 ,
1753 5079 1900 5135 velut
1948 5083 2033 5138 in-

456 5146 696 5201 animam
727 5153 1012 5207 materiam
1035 5159 1285 5226 sequenti
1311 5165 1604 5220 concubitu
1625 5182 1891 5229 consueto
1910 5192 1999 5231 mo
2015 5206 2032 5219 ο

451 5255 514 5292 re
553 5241 817 5307 dejectam
855 5245 1138 5314 animavit,
1167 5259 1222 5305 et
1246 5253 1512 5313 eximium
1555 5259 1710 5316 illum
1745 5264 2025 5324 divinum-

452 5346 558 5400 que
615 5329 930 5390 Samuelum
963 5338 1237 5410 formavit,
1279 5362 1443 5415 quem
1494 5363 1615 5420 post
1667 5359 1917 5424 pueritiae
1945 5362 2029 5416 in-

451 5420 753 5495 fantiaeque
802 5427 1061 5488 lactentis
1111 5443 1341 5504 statum,
1398 5457 1588 5500 sancto
1647 5420 1728 5502 illi
1777 5449 1887 5506 Deo
1935 5455 2027 5523 qui

451 5523 704 5571 sanctum
777 5535 1006 5588 puerum
1086 5529 1429 5598 praebuerat,
1520 5539 1700 5595 tunica
1767 5544 2027 5602 amictum

453 5616 627 5663 mater
694 5611 932 5678 obtulit,
999 5634 1028 5671 a
1092 5624 1384 5680 cunabulis
1441 5625 1551 5683 Leo
1601 5641 2025 5694 consecratum?

455 5698 742 5763 Quomodo
780 5705 909 5761 item
941 5724 1081 5767 anus
1130 5717 1346 5786 egregia
1372 5717 1641 5779 Elisabeta
1678 5740 1709 5781 a
1745 5737 1930 5785 tenera
1961 5741 2016 5788 et

526 5836 572 5871 ⁸³
591 5837 782 5900 Matth.
821 5859 933 5913 XIX,
963 5845 1047 5900 1‘2.

2209 570 2306 621 καὶ
2347 571 2631 644 οὐδαμινδν
2653 576 2755 647 τῆς
2795 580 3018 653 πρώτης
3048 585 3260 656 ἡμέρας
3291 592 3672 655 καταστάσεως
3701 609 3782 665 μη

2201 657 2509 733 δυναμένης
2537 663 2637 727 τὰς
2673 669 2874 740 ἑαυτῆς
2904 673 3182 744 ἐνεργείας
3210 677 3429 742 τελείως
3471 657 3783 736 ἐπιδείκνυλ

2210 751 2357 815 σθαι,
2395 753 2487 807 διὰ
2534 756 2596 809 τὸ
2620 758 2836 825 εὐτελὲς
2865 763 2964 834 τῆς
3007 767 3334 839 καταϐολῆς,
3369 771 3672 845 αὐξομένης
3714 775 3780 830 δὲ

2202 844 2408 916 ταύτης
2431 848 2489 898 ἐν
2510 851 2577 919 τῇ
2599 853 2798 925 γαστρὶ
2819 856 2912 907 καὶ
2935 858 3014 919 είς
3038 858 3215 929 σάρκα
3240 865 3600 936 τρεπομένης,
3632 844 3783 921 ἐκεῖ·

2203 935 2295 990 θεν
2325 940 2401 1002 εἰς
2434 940 2634 1012 βρέφος
2657 947 3000 1018 τρεπομένης
3032 952 3409 1019 συναύξεσθαι,
3436 935 3782 1026 καὶίτελείως

2201 1027 2607 1086 ἐπιδείκνυσθαι
2645 1034 2745 1105 τὴν
2773 1036 2950 1106 ψυχὴν
2979 1040 3081 1103 τὰς
3110 1043 3310 1114 ἑαυτῆς
3348 1047 3645 1117 ἐνεργείας,
3676 1053 3779 1106 καὶ

2201 1121 2655 1190 συνεπιφαίνεσθαι
2682 1125 3049 1199 τελειουμένου
3075 1130 3169 1186 τοῦ
3198 1133 3460 1204 σώματος.

2806 1411 3164 1481 Ἀπόκρισις.

2267 1497 2483 1566 ’Δπαγε
2525 1499 2862 1571 συνύπαρξιν
2905 1507 3046 1557 νοεῖν
3084 1505 3194 1558 τῶν
3218 1506 3425 1578 ψυχῶν.
3459 1509 3628 1564 Πόθεν
3653 1511 3776 1584 γάρ

2193 1591 2558 1661 συνυπάρχειν
2600 1592 2678 1664 τῷ
2731 1594 2899 1664 ’Δδὰμ
2940 1596 3040 1666 τὴν
3088 1597 3264 1670 ψυχὴν
3301 1603 3601 1672 νοήσωμεν,
3632 1604 3770 1658 ἄνευ

2194 1681 2516 1752 συμπλοκῆς
2540 1700 2684 1748 τινος
2711 1685 2742 1755 ἢ
2786 1689 2995 1758 σπορᾶς
3023 1689 3514 1763 δημιουργηθέντις
3560 1693 3622 1748 Et
3653 1696 3772 1766 γὰρ

2192 1773 2696 1845 συναποκρίνασθαι
2741 1777 2805 1830 ἐκ
2847 1776 2939 1831 τοῦ
2968 1779 3159 1851 ἀνδρὸς
3189 1781 3289 1852 τὴν
3335 1783 3511 1854 ψυχὴν
3549 1784 3770 1856 ἔδομεν,

2189 1862 2378 1933 ῑψεται
2418 1864 2637 1930 πάντως
2665 1866 2761 1920 καὶ
2787 1868 2890 1939 τὴν
2924 1868 3018 1922 τοῦ
3047 1869 3186 1924 Θεοῦ
3210 1873 3305 1927 καὶ
3337 1873 3514 1942 Λόγου
3544 1891 3767 1945 σαρκωο

2187 1953 2376 2018 θέντος
2416 1955 2594 2028 ψυχὴν
2623 1959 2688 2010 ἐκ
2727 1959 2935 2030 σπορᾶς
2972 1960 3340 2030 ὑποτίθεσθαι,
3368 1967 3654 2039 ἡνωμένην
3679 1967 3768 2038 τῷ

2185 2043 2430 2113 σώματι·
2453 2046 2590 2118 ὅπερ
2611 2048 2759 2102 ἐστὶν
2781 2050 3018 2121 ἐσχάτης
3039 2052 3248 2118 ἀνοίας,
3271 2056 3362 2108 καὶ
3388 2055 3764 2131 βλασφημίας,

2179 2137 2486 2207 ἀπέραντον
2527 2137 2758 2211 ἐχούσης
2803 2142 3046 2198 κόλασιν.
3089 2145 3184 2198 Ἐκ
3225 2147 3281 2199 δὲ
3324 2151 3423 2218 τῆς
3472 2151 3767 2222 παροινίας

2177 2227 2384 2300 ταύτης
2413 2229 2567 2294 δίκας
2601 2233 2802 2303 μᾶλλον
2843 2236 3102 2297 τίσουσιν,
3132 2238 3165 2310 ἢ
3193 2238 3401 2296 ἔπαθλα
3429 2244 3522 2295 καὶ
3561 2246 3766 2314 στεφά-

2177 2337 2304 2384 νους
2333 2323 2668 2392 κομίσονται,
2697 2327 2743 2380 οἱ
2765 2325 2867 2397 τὴν
2897 2328 3152 2401 πορνείαν
3177 2332 3487 2400 φεύγοντες,
3519 2334 3612 2387 καὶ
3631 2351 3766 2404 γεν-

2177 2413 2342 2478 ναίως
2375 2419 2495 2470 κατ’
2527 2419 2696 2490 αὐτῆς
2738 2420 3152 2492 ἀγωνιζόμενοι,
3209 2426 3302 2478 καὶ⁵
3341 2424 3430 2479 διὰ
3470 2427 3566 2496 τὴν
3597 2426 3765 2498 βασι-

2175 2504 2322 2560 λείαν
2340 2507 2448 2560 τῶν
2472 2509 2739 2580 οὐρανῶν,
2759 2513 2985 2575 ἑαυτοὺς
3010 2513 3308 2586 ἐγκρατείᾳ
3330 2514 3763 2586 εὐνουχίζοντες,

2175 2600 2357 2666 καθώς
2391 2620 2556 2673 φησιν
2605 2606 2634 2657 ὁ
2687 2605 2910 2676 Κύριος,
2936 2605 3115 2676 ψυχὰς
3160 2608 3370 2671 ἑαυτοῖς
3424 2610 3764 2678 ἐγκαταπνί-

2173 2711 2362 2762 γοντες
2423 2697 2515 2750 καὶ
2569 2698 2989 2770 συννεκροῦντες
3031 2703 3144 2764 τοῖς
3192 2702 3458 2770 ἐπιγείοις
3508 2702 3760 2774 μέλεσιν,

2172 2786 2393 2857 ἥττονες
2437 2787 2639 2858 μᾶλλον
2675 2793 2743 2862 τῇ
2793 2791 3118 2866 σωφροσύνῃ
3150 2794 3244 2847 καὶ
3285 2795 3482 2866 ἁγνείᾳ
3514 2795 3624 2848 τῶν
3657 2797 3761 2852 λά-

2171 2894 2314 2946 γνων
2338 2880 2432 2934 καὶ
2465 2881 2761 2953 φιληδόνων
2790 2883 3198 2949 ἀποϐαίνοντες.
3224 2882 3371 2958 τΔρα
3398 2888 3454 2941 δὲ
3479 2889 3574 2940 καὶ
3603 2887 3761 2942 Παῦ-

2169 2971 2260 3034 λος
2295 2972 2324 3025 ό
2366 2971 2564 3044 ὑψηλὸς
2587 2975 2687 3048 τὴν
2720 2976 2956 3030 διάνοιαν
3011 2978 3384 3049 άναγέραστος
3432 2981 3613 3051 μείνῃ,
3653 2983 3759 3035 καὶ

2169 3061 2398 3126 εὐθύνας
2425 3064 2680 3138 ἀποτίσῃ,
2712 3066 2788 3130 ὡς
2824 3068 3096 3140 τιμωρίας
3127 3072 3259 3141 ἡμῖν
3288 3072 3623 3143 προξενήσεις
3653 3072 3761 3127 καὶ

2167 3151 2524 3222 ψυχοκτονίας
2561 3155 2708 3228 ἔργῳ
2740 3157 2833 3210 καὶ
2870 3157 3013 3230 λόγῳ
3057 3159 3329 3214 παιδεύων
3360 3163 3454 3215 καὶ
3492 3163 3758 3216 ἐπιστέλ-

2166 3244 2274 3296 λων
2308 3246 2372 3315 τῇ
2395 3246 2709 3318 οίκουμένῃ.
2738 3247 2959 3318 φεύγειν
2995 3247 3092 3321 τὴν
3123 3250 3400 3322 πορνείαν,
3432 3252 3527 3305 κα).
3557 3269 3758 3321 γυναι-

2162 3333 2257 3397 κὸς
2297 3336 2373 3406 μὴ
2414 3335 2701 3403 ἅπτεσθαι,
2732 3341 2780 3391 εί
2807 3333 2920 3392 οἶόν
2953 3357 3012 3393 τε
3037 3358 3051 3406 ;
3083 3341 3237 3393 Διατὶ
3268 3341 3325 3395 δὲ
3363 3344 3455 3396 καὶ
3486 3343 3580 3397 τὸν
3609 3362 3756 3416 πορ-

2160 3426 2428 3481 νεύσαντα
2447 3429 2728 3501 Κορίνθιον
2746 3433 3147 3503 ἐτιμωρήσατο,
3169 3435 3576 3506 ἐμπνιγομένην
3595 3437 3756 3506 αὐτῷ

2157 3517 2336 3588 ψυχὴν
2370 3517 2506 3589 πρὸς
2540 3519 2687 3588 ζωὴν
2730 3522 3084 3592 προιέμενον;
3119 3523 3273 3576 Διατί
3305 3523 3348 3576 δ’
3381 3525 3494 3596 ἄρα
3523 3525 3621 3578 καὶ
3650 3527 3752 3580 τὸν

2157 3610 2426 3683 γονορῤυῆ
2459 3611 2488 3663 ό
2525 3611 2688 3682 νόμος
2729 3612 3089 3684 καθαίρεσθαι
3119 3613 3214 3667 καὶ
3249 3613 3402 3669 ὕδατι
3439 3616 3755 3683 ἀποκλύζε-

2159 3701 2283 3756 σθαι
2328 3702 2683 3774 προσέταξεν,
2724 3706 2772 3757 εί
2804 3705 2911 3776 ἄρα
2952 3705 3098 3776 ψυχὴ
3147 3707 3542 3782 ὲνστενουμένῃ
3572 3711 3749 3765 αὐτοῦ

2155 3797 2220 3866 τῇ
2252 3795 2412 3863 ὀσφύϊ
2441 3796 2870 3868 προσελήλυθεν;
2905 3799 3081 3853 Ποίων
3112 3801 3156 3854 δ’
3186 3803 3297 3874 ἄρα
3325 3802 3506 3872 φυτῶν
3537 3803 3571 3874 ἢ
3605 3820 3752 3873 καρ-

2155 3885 2272 3939 πῶν
2295 3887 2637 3952 ἀποσπάδας,
2664 3889 2697 3960 ἢ
2723 3889 2947 3962 σπέρμα
2967 3891 3146 3946 λαϐὼν
3168 3893 3196 3944 ὁ
3222 3893 3355 3958 Θεὸς
3381 3897 3437 3948 ἐν
3465 3895 3608 3966 ἀρχῇ
3639 3894 3750 3966 τὴν

2153 3978 2257 4050 γῆν
2289 3979 2704 4052 κατεκόσμησεν
2731 3998 2744 4047 ;
2776 3981 2900 4046 Πῶς
2934 3983 2991 4035 δὲ
3034 3984 3219 4055 Σάρρα
3262 3983 3340 4055 τῷ
3377 3985 3629 4057 Ἀϐραὰμ
3661 3988 3752 4050 είς

2153 4071 2348 4125 ἑκατὸν
2373 4074 2438 4126 ἐκ
2475 4073 2660 4138 παιδὸς
2694 4074 3138 4143 συγκαθεύδουσα
3166 4075 3286 4146 ἔτη,
3318 4077 3412 4130 καὶ
3436 4078 3534 4148 τὴν
3564 4077 3751 4150 αὐτὴν

2152 4165 2523 4236 ὑποδεχομένη
2578 4167 2907 4238 καταϐολὴν,
2943 4168 3156 4222 οὐδέπω
3201 4169 3447 4239 ἔμψυχον
3505 4165 3631 4241 εὗρε
3679 4171 3750 4224 τὸ

2150 4257 2434 4328 ἀπόκριμα
2491 4257 2620 4328 θείῳ
2673 4257 3092 4328 προστάγματι,
3153 4259 3248 4311 καὶ
3299 4257 3555 4325 γενέσθαι
3609 4259 3747 4330 (sic)

2162 4350 2350 4403 Ἰσαὰκ
2383 4342 2679 4421 μονογενὴς
2712 4352 2843 4413 παῖς
2883 4353 2998 4414 τοῖς
3027 4351 3478 4417 ἐκατονταέταις;
3509 4350 3638 4414 Πῶς
3682 4353 3750 4406 δὲ

2152 4443 2320 4495 ’Ἄννα
2348 4441 2428 4513 τῷ
2459 4442 2694 4512 Ἐλκανᾷ
2729 4442 3122 4514 συγκλινομένη
3167 4445 3252 4511 ἐφ’
3283 4445 3489 4506 ἱκανοῖς
3532 4444 3746 4512 ἐτεσιν,

2149 4533 2300 4588 οὔπω
2347 4535 2489 4589 κατὰ
2528 4535 2766 4606 γαστρὸς
2813 4535 3232 4606 ἐμψυχουμένην
3291 4535 3391 4604 τὴν
3426 4536 3749 4608 καταϐολὴν

2151 4628 2384 4698 ἐδέχετο,
2422 4627 2551 4698 πρὶν
2595 4629 2674 4690 είς
2717 4627 2778 4680 τὸ
2833 4627 2975 4698 ἱερὸν
3027 4627 3304 4697 φοιτῆσαι,
3340 4627 3435 4680 καὶ
3466 4626 3528 4680 τὸ
3575 4627 3748 4683 Θεῖον

2147 4720 2516 4791 ἐκλιπαρῆσαι
2551 4718 2897 4787 παιδογονίας
2923 4717 3144 4782 ἐνεκεν;
3177 4714 3286 4782 Ἦς
3329 4717 3392 4770 τὸ
3430 4717 3589 4772 Θεῖον
3627 4720 3742 4791 τὴν

2147 4810 2383 4865 ἱκετείαν
2409 4808 2860 4880 προσδεξάμενον.
2893 4808 2990 4879 τὴν
3016 4807 3230 4870 πολλοῖς
3261 4808 3360 4878 μὲν
3385 4810 3601 4880 χρόνοις
3631 4827 3750 4864 κα-

2144 4902 2544 4974 τακρινομένην
2597 4902 2734 4973 αὐτῇ
2787 4901 3056 4973 μηδέποτε
3112 4899 3596 4972 ζωογονουμένην,
3656 4903 3748 4969 ὡς

2143 4996 2350 5066 ἄψυχον
2385 4994 2516 5066 ὓλην
2567 4997 2631 5067 τῇ
2681 4994 2911 5066 ἐπιούσῃ
2961 4995 3394 5063 συγκατευνάσει
3453 4995 3748 5061 εἰωθότως

2141 5087 2575 5158 καταϐληθεῖσαν
2608 5086 2939 5158 ἐνεψύχωσε,
2978 5088 3073 5140 καὶ
3108 5087 3201 5140 τὸν
3228 5087 3430 5157 ὑψηλὸν
3466 5088 3746 5160 Σαμουὴλ

2147 5179 2290 5248 ἱερὸν
2320 5177 2671 5240 διετύπωσεν,
2703 5177 2763 5231 ὃν
2805 5180 2870 5231 ἐκ
2897 5179 3098 5248 νηπίας
3130 5179 3225 5232 καὶ¹
3269 5178 3374 5232 ὑπὸ
3407 5179 3592 5233 τίτθου
3627 5198 3747 5236 κα-

2137 5271 2454 5334 ταστάσεως
2486 5271 2888 5342 ἀπορραγέντα,
2923 5270 3001 5340 τῷ
3029 5273 3428 5344 παρασχομένῳ
3465 5274 3597 5346 ἱερῷ
3632 5276 3745 5333 τὸν

2142 5365 2284 5437 ἱερὸν
2321 5365 2508 5426 παῖδα,
2539 5363 2768 5416 διπλοῖδι
2813 5362 3205 5434 περιστείλασα
3240 5367 3274 5434 ἡ
3323 5366 3507 5436 μήτηρ
3551 5383 3748 5436 προσ..

2137 5458 2392 5528 ενήνοχεν
2430 5457 2494 5510 ὲκ
2517 5454 2846 5525 σπαργάνων
2877 5453 2998 5526 Θεῷ
3042 5455 3462 5527 καθιερώσασα;
3507 5459 3637 5524 Πῶς
3672 5462 3747 5519 δὲ

2136 5547 2228 5601 καὶ
2258 5549 2291 5618 ή
2322 5545 2628 5617 καλογραῦς
2671 5544 2952 5600 Ἐλισάϐετ
2991 5546 3054 5610 ἐξ
3083 5548 3296 5618 ἁπαλῆς
3335 5549 3430 5602 καὶ
3477 5553 3746 5622 σφριγῶ-

2136 5658 2235 5712 σης
2287 5639 2503 5710 ἡλικίας
2541 5638 2620 5710 τῷ
2653 5638 2903 5708 συνήλικι
2949 5640 3194 5712 Ζαχαρία
3246 5641 3741 5716 συγκαθεύδουσα,

2135 5737 2213 5797 εἰς
2247 5730 2418 5804 αὐτὴν
2462 5729 2652 5785 πολιὰν
2698 5730 3011 5797 ἐλάσαντες,
3057 5733 3152 5785 καὶ
3184 5733 3294 5788 τῶν
3331 5735 3592 5807 γαμικῶν
3614 5737 3744 5796 οὐκ
