4142 6382
356 370 500 432 1039

360 493 729 564 ἀπειπάμενοι
776 492 997 563 νόμων,
1044 491 1300 545 οὐδέποτε
1351 490 1531 562 ζώσης
1592 491 1944 562 συγκράσεως

362 589 649 658 ἐπέτυχον,
680 586 810 655 πρὶν
835 588 901 656 τῇ
931 584 1026 639 τοῦ
1059 585 1292 654 ἀγγέλου
1319 588 1470 656 φωνῇ
1501 584 1815 654 ψυχωθῆναι
1850 585 1947 657 τὴν

363 682 421 734 ἐν
446 682 511 751 τῇ
539 679 700 746 ὀσφύϊ
747 677 1008 747 κειμένην
1043 676 1209 746 ὓλην·
1245 671 1313 748 ἦς
1347 679 1478 747 παρ’
1503 677 1778 747 ἑκατέρων
1819 693 1947 746 συγ-

366 768 821 841 καταὸληθείσης,
852 768 946 821 καὶ
981 769 1062 830 εἰς
1104 768 1284 838 σάρκα
1329 767 1619 837 παγείσης,
1652 767 1815 820 οἰονεί⁷
1854 767 1947 819 λα-

364 860 533 930 sopora
566 859 711 922 τινὸς
739 860 883 928 χειρὶ
915 858 973 923 ἐξ
998 858 1160 928 ὅρους
1192 858 1224 928 ἢ
1260 859 1523 929 μετάλλου
1563 859 1946 913 ἀποσπασθέν-

363 970 458 1015 τος
487 951 657 1015 λίθου,
689 953 784 1005 καὶ
810 954 875 1023 τῇ
903 951 1023 1004 καθ’
1045 953 1258 1023 ἡμέραν
1286 951 1472 1022 λαξείᾳ
1492 952 1944 1023 διαγλυφομένου,

372 1045 564 1115 μέχρις
596 1044 663 1096 ἂν
701 1043 835 1112 πρὸς
865 1042 925 1097 τὸ
961 1043 1237 1113 ὲρῤωσθὲν
1278 1042 1373 1096 τοῦ
1414 1043 1731 1115 ἀνδριάντος
1762 1043 1946 1118 φθάσῃ

369 1136 704 1206 ἐκτύπωμα;
731 1134 891 1189 Οὕτω
914 1137 982 1205 τῇ
1012 1135 1233 1206 ἀρρήτῳ
1266 1138 1506 1206 μηχανῇ,
1536 1137 1570 1207 ἦ
1598 1154 1727 1190 ποτε
1757 1138 1813 1190 ὲν
1834 1141 1946 1201 τοῖς

368 1227 702 1299 πρεσϐύταις
737 1228 962 1298 ἄψυχος,
994 1228 1088 1281 καὶ
1134 1227 1379 1300 εἰδεχθὴς
1414 1228 1513 1300 ὕλη
1564 1231 1643 1292 εἰς
1692 1230 1946 1301 Ἰωάννην

366 1319 738 1388 διαγλύφεται,
774 1319 869 1374 καὶ
897 1320 947 1372 δι
985 1361 999 1373 .
1045 1358 1060 1373 .
1106 1360 1120 1372 .
1164 1356 1181 1373 .
1212 1321 1303 1373 τὸν
1338 1321 1648 1391 Βαπτιστὴν
1688 1324 1784 1376 καὶ
1812 1322 1947 1393 πρό-

366 1411 583 1480 δρομον.
621 1408 925 1462 Σιωπάσθω
944 1404 1037 1462 οὖν
1058 1410 1090 1479 ή
1110 1408 1219 1461 τῶν
1248 1407 1433 1478 ψυχῶν
1466 1408 1805 1479 μυθευομένη
1830 1426 1950 1464 συν-

369 1501 603 1572 ύπαρξις
654 1502 711 1553 ὲν
745 1503 809 1572 τῇ
860 1499 1160 1572 ἀπαφρίσει
1204 1501 1297 1554 τοῦ
1337 1502 1582 1573 ἄρρενος.
1626 1501 1749 1565 Πῶς
1775 1502 1880 1573 γὰρ
1908 1505 1942 1575 ἡ

367 1592 641 1664 ἄφθαρτος
670 1595 763 1646 καὶ
789 1592 1053 1657 ἀθάνατος
1079 1592 1156 1664 τῷ
1186 1594 1410 1665 φθαρτῷ
1435 1594 1527 1648 καὶ
1563 1594 1794 1665 εἰδεχθεῖ
1821 1612 1947 1649 συν-

368 1683 632 1755 υπάρχει;
681 1684 801 1749 Πῶς
846 1687 1022 1757 γὰρὴ
1069 1686 1329 1756 ἀμείνους
1369 1689 1462 1741 καὶ
1508 1690 1817 1758 κρείττονος
1844 1689 1947 1758 φύ-

370 1793 506 1840 σεως
530 1778 596 1829 ὲκ
633 1777 731 1846 τῆς
755 1777 953 1847 ἥττους
977 1778 1070 1830 καὶ
1110 1777 1351 1849 χείρονος
1381 1778 1477 1848 τὴν
1511 1778 1691 1831 αἰτίαν
1720 1778 1834 1849 ἔχοι
1865 1782 1946 1844 είς
1982 1808 1988 1815 -

364 1867 464 1938 τὴν
502 1868 618 1939 βίου
662 1870 924 1940 πρόοδον;
954 1870 1078 1934 Πῶς
1113 1871 1169 1923 δὲ
1211 1871 1311 1923 οὐκ
1341 1871 1541 1926 ἄτοπον
1590 1872 1838 1925 ὑπονοεῖν
1886 1875 1947 1925 ὲν

366 1959 542 2031 φθορᾷ
590 1960 760 2030 αὑτὴν
795 1961 1282 2032 κατασπείρεσθαι,
1329 1962 1423 2015 τοῦ
1474 1963 1798 2018 Ἀποστόλου
1840 1965 1944 2033 φά-

364 2067 588 2115 σκοντος
630 2052 760 2123 περὶ
804 2052 900 2105 τοῦ
956 2052 1228 2125 σώματος,
1261 2055 1569 2123 Σπείρεται
1612 2057 1683 2109 ἐν
1729 2055 1941 2127 φθορᾷ,

362 2143 648 2212 ἐγείρεται
674 2143 745 2197 ἐν
776 2144 1099 2213 ἀφθαρσίᾳ,
1128 2147 1434 2215 σπείρεται
1466 2146 1639 2219 σῶμα
1657 2148 1941 2217 ψυχικὸν,

361 2237 482 2306 οὑχὶ
506 2237 563 2289 δὲ
591 2236 767 2309 ψυχή;
803 2238 876 2291 Τὸ
898 2238 1009 2311 γὰρ
1030 2238 1261 2309 ψυχικὴν
1283 2240 1402 2294 ἀντί
1429 2241 1524 2294 τοῦ
1561 2241 1689 2295 ἰδίου
1715 2243 1813 2313 τῆς
1844 2243 1947 2312 ψυ-

363 2328 465 2399 Χῆς
494 2329 829 2400 ὑπάρχοντος
851 2330 1101 2401 ὄργανον.
1149 2333 1453 2403 Ἠρεμείτω
1476 2334 1534 2387 δὲ
1562 2335 1655 2388 καὶ
1683 2335 1716 2406 ἡ
1741 2334 1943 2406 ληρου-

365 2418 500 2490 μένη
540 2418 898 2491 μεθύπαρξις.
922 2423 1073 2493 "Atta
1102 2424 1211 2495 γὰρ
1231 2424 1323 2478 τοῦ
1351 2425 1542 2496 νοῆσαι
1572 2425 1726 2489 Θεὸν,
1760 2429 1944 2486 ὁποῖόν

360 2527 414 2564 τι
442 2511 547 2582 χρὴ
583 2510 851 2583 ὑπάρχειν
888 2512 1138 2581 ἕκαστον,
1168 2513 1324 2580 αὖθις
1375 2519 1529 2589 καὶὴ
1569 2518 1667 2590 ὕλη
1712 2523 1943 2593 πάρεστι

362 2603 455 2655 καὶ
492 2603 560 2656 τά
592 2604 766 2675 ἄστρα
797 2605 898 2676 τῆς
938 2608 1167 2663 ἑκάστου
1196 2610 1483 2682 ὑπάρξεως
1515 2612 1593 2683 τῷ
1639 2612 1769 2686 θείῳ
1804 2633 1944 2686 συμ-

361 2694 582 2763 πάρεισι
616 2695 891 2767 δραστικῷ
923 2698 1241 2772 βουλήματι.
1279 2702 1417 2757 Οὔτε
1456 2705 1565 2777 γάρ
1598 2708 1943 2778 προῦπαρξιν

359 2784 392 2856 ἢ
429 2784 769 2857 μεθύπαρξιν
797 2789 984 2859 ψυχῶν
1016 2794 1049 2862 ἡ
1078 2792 1197 2847 θεία
1231 2796 1475 2849 παιδεύει
1504 2799 1717 2870 Πυκτὴ,
1752 2800 1835 2853 ἵνα
1866 2801 1940 2873 μὴ

359 2880 673 2951 πρεσϐύτης
704 2883 798 2936 καὶ
827 2882 945 2947 νέος
966 2885 1128 2950 αὑτὸς
1153 2887 1346 2941 ἑαυτοῦ
1374 2889 1529 2960 οἰηθῇ
1560 2892 1588 2942 ὀ
1618 2890 1904 2960 ἄνθρωπος
1922 2910 1937 2924 ο

358 2971 474 3023 ἀλλ’
498 2972 612 3041 ἅμα
648 2973 742 3026 τοῦ
774 2974 966 3044 φῆσαι,
996 2976 1107 3031 Καὶ
1142 2978 1347 3032 λαϐὼν
1391 2983 1423 3033 ό
1458 2981 1603 3047 Θεὸς
1634 2980 1789 3049 χοῦν
1820 2983 1940 3037 ἀπὸ

358 3063 470 3132 τῆς
507 3063 636 3134 γῆς,
675 3065 911 3121 ἔπλασε
949 3069 1056 3122 τὸν
1098 3069 1432 3139 ἄνθρωπον,
1476 3074 1670 3129 θᾶττον
1719 3077 1938 3145 ἐπάγει,

357 3156 468 3210 Kal
504 3157 890 3227 ἐνεφύσησεν
914 3164 1002 3227 εἰς
1038 3161 1105 3215 τὸ
1145 3165 1474 3231 πρόσωπον
1513 3168 1700 3221 αὑτοῦ
1739 3168 1942 3237 πνοὴν

358 3247 524 3315 (ouk,
552 3251 650 3303 καὶ
686 3250 921 3321 ἐγένετο
950 3257 982 3307 ό
1019 3254 1331 3324 ἄνθρωπος
1359 3260 1447 3322 εἰς
1481 3258 1696 3326 ψυχὴν
1724 3260 1939 3320 ζῶσαν.

358 3341 497 3394 Οὔτε
526 3338 619 3396 οὑν
649 3345 681 3413 ὴ
726 3343 871 3415 ψυχὴ
906 3345 1027 3398 καθ’
1058 3346 1277 3417 ἑαυτὴν,
1312 3346 1435 3401 οὔτε
1471 3351 1531 3403 τὸ
1575 3350 1734 3421 σῶμα
1766 3353 1944 3423 ὑπάρ-

359 3451 443 3504 χει
492 3436 797 3503 ἄνθρωπος.
854 3439 1163 3510 Ἐκατέρων
1200 3442 1309 3511 γὰρ
1354 3443 1450 3514 τὴν
1503 3445 1797 3513 συνάφειαν
1849 3448 1945 3501 καὶ

357 3525 552 3579 ἕνωσιν
591 3528 928 3599 άπηρτίοθαι
963 3530 1153 3603 βροτὸν
1185 3534 1214 3585 ὀ
1252 3531 1360 3585 τῶν
1399 3535 1559 3589 θείων
1591 3540 1942 3609 συγγραφεὺς

356 3619 562 3689 Μωσῆς
590 3620 925 3692 ἀπεφήνατο.

1756 367 2102 427 DIALOGUS
2141 370 2229 428 Ill.

3485 371 3626 428 £050

2051 490 2243 545 ﬂorida
2270 498 2432 546 aetate
2484 507 2611 547 cum
2654 500 2933 547 comtaneo
2978 490 3243 547 Zacharia
3305 490 3513 546 cubans
3554 494 3625 550 ad

2050 585 2225 651 ipsam
2260 597 2435 651 usque
2465 581 2891 649 canitiem,cum
2942 582 3163 651 quidem
3197 582 3625 635 matrimoniali-

2047 674 2152 729 bus
2208 673 2421 742 legibus
2471 688 2580 727 non
2641 673 3044 737 renuntiarent,
3097 686 3380 741 nunquam
3437 680 3623 726 tamen

2050 776 2177 823 sunt
2234 765 2470 821 assecuti
2525 765 2965 819 commistionem
3026 763 3239 830 vivam,
3296 764 3625 834 priusquam

2048 858 2226 929 angeli
2258 871 2392 912 voce
2422 858 2759 911 auimaretur
2800 856 2854 909 in
2888 855 3076 910 lumbo
3106 856 3298 925 jacens
3333 856 3621 920 materies,

2048 950 2118 1003 ab
2154 949 2402 1018 utrisque
2436 954 2647 1003 secreta
2683 955 2737 1001 et
2784 946 2839 1000 in
2886 961 3107 1001 carnem
3157 947 3412 1007 solidata,
3461 946 3622 1017 quasi

2051 1039 2339 1111 cujusdam
2383 1039 2632 1110 lapicidas
2660 1052 2822 1092 manu
2858 1054 2889 1092 a
2923 1047 3109 1094 monte
3140 1039 3226 1093 vel
3258 1038 3480 1094 metallo
3533 1053 3625 1093 re-

2047 1132 2208 1187 vulso
2254 1131 2467 1201 lapide,
2517 1140 2572 1186 et
2617 1130 2941 1199 quotidiana
3007 1131 3266 1185 caelatura
3288 1130 3575 1197 exsculpto
3604 1168 3622 1194 .

2050 1240 2226 1295 usque
2260 1226 2388 1280 dum
2414 1223 2709 1294 perfectam
2737 1222 2967 1293 eﬂigiem
3006 1233 3199 1278 statua:
3216 1223 3627 1293 consequatur?

2053 1317 2145 1372 Sic
2168 1325 2220 1371 et
2263 1316 2521 1371 inetl'abili
2562 1326 2682 1372 arte
2739 1317 3004 1371 materies
3070 1330 3194 1385 qua:
3245 1315 3526 1386 quondam
3561 1316 3620 1370 in

2050 1412 2276 1467 senibus
2301 1418 2419 1465 erat
2456 1412 2698 1465 inanima
2732 1417 2787 1465 et
2835 1409 3110 1474 informis,
3139 1409 3193 1463 in
3226 1408 3493 1464 Joannem
3526 1424 3625 1462 ex-

2049 1501 2519 1570 sculpitur,et.....
2550 1500 2848 1569 Baptistam
2881 1511 2934 1553 et
2950 1513 3368 1569 praecursorem.
3387 1496 3624 1551 Proinde

2049 1604 2227 1650 cesset
2254 1594 2567 1651 fabulosum
2599 1594 2732 1649 illud
2773 1603 3150 1648 commentum
3182 1592 3249 1647 de
3293 1591 3621 1646 exsistentia

2050 1687 2355 1741 animarum
2385 1688 2439 1741 in
2458 1687 2687 1753 semine,
2713 1687 2843 1741 dum
2880 1687 3015 1741 illud
3044 1702 3075 1741 a
3106 1700 3257 1739 mare
3282 1684 3620 1739 excernitur.

2050 1775 2338 1843 Quomodo
2392 1777 2539 1832 enim
2608 1792 2696 1832 res
2740 1776 3176 1846 incorruptibilis
3206 1785 3261 1830 et
3297 1774 3626 1829 immortalis

2046 1885 2172 1925 eum
2223 1870 2569 1940 corruptibili
2618 1879 2674 1925 et
2704 1868 2927 1925 informi
2968 1869 3307 1925 exsisteret?
3339 1868 3627 1935 Quomodo

2046 1962 2174 2016 item
2200 1962 2385 2016 anima
2416 1977 2537 2031 qua:
2584 1962 2827 2017 melioris
2858 1969 2913 2017 et
2972 1960 3369 2031 praestantioris
3408 1968 3494 2016 est
3525 1976 3626 2015 na-

2045 2061 2202 2119 tura},
2243 2068 2311 2109 ex
2331 2054 2603 2109 deteriore
2633 2069 2697 2109 ac
2723 2054 2918 2109 viliore
2936 2068 3163 2108 causam
3196 2061 3355 2107 ortus
3371 2051 3426 2105 in
3451 2053 3624 2105 vitam

2044 2146 2317 2202 haberet?
2346 2144 2634 2214 Quomodo
2678 2162 2790 2201 non
2815 2146 3116 2201 absurdum
3153 2145 3245 2210 sit,
3285 2153 3478 2214 putare
3502 2143 3628 2197 ani-

2044 2254 2191 2295 mam
2228 2239 2287 2293 iu
2337 2240 2697 2309 corruptione
2745 2238 3051 2311 procreari,
3088 2252 3215 2293 cum
3258 2235 3329 2292 de
3386 2249 3626 2306 corpore

2043 2330 2193 2385 dicat
2233 2330 2532 2399 Apostolus
2560 2349 2573 2385 :
2601 2329 2815 2385 Seritur
2838 2332 2893 2385 in
2926 2331 3284 2398 corruptione,
3322 2329 3628 2383 suscitatur

2043 2423 2099 2475 in
2126 2421 2623 2490 incorruptibilitate
2655 2436 2675 2475 .'
2702 2422 2895 2476 seritur
2936 2422 3060 2475 item
3082 2437 3271 2490 corpus
3300 2418 3533 2474 animale
3554 2418 3626 2484 “,

2044 2530 2154 2568 non
2212 2522 2396 2568 autem
2447 2512 2668 2566 anima?
2722 2510 2856 2565 Nam
2914 2511 3154 2566 animale
3215 2510 3442 2573 dicitur,
3501 2519 3626 2564 tan-

2042 2620 2207 2677 quam
2255 2604 2452 2659 anima:
2510 2603 2814 2674 proprium,
2870 2618 2999 2658 cum
3060 2618 3265 2673 corpus
3324 2604 3525 2658 anima:
3555 2603 3630 2658 sit

2043 2710 2334 2767 erganum.
2389 2694 2612 2750 Desinat
2661 2696 2828 2749 etiam
2871 2696 3131 2749 delirium
3186 2702 3254 2767 de
3308 2710 3409 2761 eo,
3471 2695 3625 2765 quod

2043 2790 2303 2859 deinceps
2330 2791 2568 2859 primum
2601 2789 2853 2845 exsistat.
2891 2786 3028 2842 Nam
3058 2788 3225 2843 simul
3274 2798 3443 2858 atque
3472 2788 3624 2845 Deus

2042 2884 2267 2954 cogitat,
2309 2883 2661 2953 qualemuam
2720 2890 2978 2952 oporteat
3013 2883 3438 2952 unumquolibet
3478 2898 3623 2948 esse,

2046 2992 2171 3031 mox
2195 2977 2361 3030 etiam
2418 2975 2679 3029 materies
2726 2976 2906 3041 adest,
2959 2983 3136 3030 et.....
3177 2976 3626 3046 uniuscujusque

2044 3079 2256 3123 naturae
2286 3083 2411 3122 cum
2437 3067 2764 3121 elticacitate
2809 3067 3011 3121 divinae
3044 3068 3345 3123 voluntatis
3377 3083 3617 3122 concur-

2044 3169 2192 3215 runt.
2229 3159 2415 3229 Neque
2443 3163 2586 3215 enim
2605 3159 2688 3212 vel
2730 3161 2883 3229 prius
2911 3162 3200 3225 exsistere,
3228 3161 3312 3215 vel
3338 3161 3616 3216 exsistere

2040 3255 2314 3325 posterius
2338 3254 2553 3309 animas
2603 3253 2803 3307 divinae
2830 3252 3055 3308 Littera:
3087 3253 3310 3314 docent,
3343 3268 3413 3309 ne
3455 3268 3624 3307 senex

2039 3355 2093 3402 et
2119 3347 2341 3418 juvenis
2375 3345 2516 3399 idem
2545 3347 2628 3400 sui
2659 3346 2833 3414 ipsius
2866 3354 3119 3415 respectu
3168 3352 3461 3415 putaretur
3516 3350 3623 3398 ho-

2040 3456 2153 3507 mo,
2189 3440 2285 3494 sed
2308 3440 2471 3493 simul
2501 3453 2567 3493 ac
2591 3439 2797 3493 dictum
2820 3448 3002 3494 esset:
3058 3439 3286 3507 Accepto
3334 3437 3473 3492 Deus
3506 3438 3627 3507 pul-

2040 3550 2157 3587 vere
2185 3532 2249 3587 de
2288 3542 2430 3587 terra
2454 3531 2703 3601 formavit
2733 3531 3023 3596 hominem,
3049 3530 3345 3585 confestim
3382 3529 3619 3600 subjun-

2049 3633 2195 3705 gitur
2230 3647 2244 3682 :
2282 3626 2347 3680 Et
2382 3627 2660 3694 inspirarit
2696 3627 2752 3679 in
2788 3626 2974 3695 faciem
3007 3625 3121 3693 ejus
3156 3625 3348 3693 ﬂatum
3386 3626 3529 3689 vita,
3574 3634 3626 3678 et

358 3711 531 3778 factus
555 3722 634 3765 est
661 3712 812 3766 homo
840 3714 895 3768 in
926 3719 1160 3770 animam
1179 3718 1432 3773 viventem
1455 3720 1522 3775 ³⁵.
1550 3720 1738 3793 Neque
1761 3726 1929 3797 igitur
1959 3728 2143 3784 anima
2182 3738 2279 3793 per
2312 3736 2393 3782 se,
2424 3734 2603 3789 neque
2630 3733 2832 3787 corpus
2856 3727 2941 3772 est
2968 3717 3154 3782 homo,
3180 3732 3303 3771 cum
3334 3717 3627 3786 utriusque

358 3807 706 3876 copulatione
741 3825 805 3865 ac
837 3812 1037 3866 unione
1076 3813 1380 3882 perfectum
1424 3831 1547 3872 esse
1588 3819 1864 3877 hominem
1911 3824 2218 3880 divinorum
2260 3816 2592 3885 scriptorum
2635 3820 2827 3867 auctor
2876 3812 2964 3867 ille
3016 3811 3196 3867 Moses
3239 3810 3622 3865 declaraverit.

440 3900 579 3953 Ἀλλ’
610 3900 703 3953 ἐπὶ
730 3902 797 3957 τά
821 3902 942 3956 ὅθεν
966 3904 1248 3976 ἀπέϐημεν
1277 3907 1371 3960 τοῦ
1413 3908 1593 3978 λόγου,
1630 3913 1792 3966 πάλιν
1820 3931 1940 3984 φοι-

356 3994 632 4064 τήσωμεν.
665 3993 755 4066 Τῷ
790 3996 983 4067 ψυχρῷ
1010 3998 1186 4067 παγὲν
1217 4000 1280 4052 τὸ
1325 3994 1463 4070 αἷμα
1490 4004 1571 4065 εἰς
1604 4003 1782 4077 σάρκα
1812 4008 1942 4077 μεθ-

2113 3910 2218 3966 Sed
2268 3907 2335 3962 ad
2385 3922 2447 3961 ea
2500 3906 2643 3960 unde
2693 3905 2924 3975 digressi
2981 3921 3197 3968 sumus,
3254 3912 3622 3959 revertamur.

2042 4001 2281 4071 Sanguis
2312 3998 2609 4069 frigiditate
2664 3996 2932 4052 solidatus
2982 3997 3036 4052 in
3080 4011 3301 4051 carnem
3342 4002 3625 4050 transmu-

360 4085 569 4139 ίσταται
591 4104 605 4118 ·
627 4087 928 4160 αὐξομένην
960 4090 1017 4142 δὲ
1040 4093 1159 4153 ταῖς
1192 4091 1334 4144 κατὰ
1362 4093 1527 4163 μέρος
1550 4095 1659 4150 τῶν
1686 4098 1942 4170 σιτηρίων

2042 4101 2208 4148 tatur.
2241 4090 2457 4146 Crescit
2493 4098 2674 4143 autem
2704 4103 2803 4159 pro
2843 4090 3058 4145 ratione
3100 4089 3464 4143 nutrientium
3487 4104 3623 4155 qua-

355 4178 656 4248 ποιοτήτων
686 4179 824 4251 αὑτῇ
865 4179 1189 4250 ένιζομένων
1218 4180 1322 4234 ὑπὸ
1349 4181 1444 4235 τοῦ
1475 4183 1707 4249 διδόντος
1734 4187 1943 4259 τροφὴν

356 4268 505 4340 πάσῃ
544 4272 740 4339 σαρκὶ,
780 4271 963 4333 καθώς
1012 4288 1145 4343 φησι
1189 4273 1352 4327 Δασὶδ
1400 4278 1428 4328 ό
1468 4276 1577 4329 τῶν
1610 4276 1769 4351 θείων
1818 4280 1939 4349 μελ·

354 4362 507 4433 ῳδός.
541 4364 653 4415 Καὶ
697 4362 886 4435 ὥσπερ
908 4364 1186 4419 θαλάττιαι
1216 4366 1438 4439 σάρκες,
1483 4369 1645 4424 οἱονεὶ
1674 4373 1733 4424 ἐν
1780 4372 1937 4443 νηδύϊ

353 4457 473 4518 ταῖς
516 4455 625 4509 τῶν
660 4456 897 4526 ὀστρέων
948 4459 1042 4511 καὶ
1083 4458 1288 4512 κτενῶν
1335 4460 1530 4525 κάλυξι
1576 4463 1931 4533 τρεφόμεναι,

354 4543 589 4617 ζωτικὴν
646 4548 742 4617 μὲν
786 4547 970 4601 θεόθεν
1009 4550 1229 4620 ἔχουσαι
1270 4550 1534 4621 δύναμιν,
1569 4556 1926 4626 σκαίρουσαι,

353 4636 671 4704 πάλλουσαι,
692 4640 1002 4710 στόματοςῆ
1035 4642 1204 4711 ἀκοῆς
1238 4642 1270 4712 ἢ
1304 4643 1532 4698 ὀδόντων
1564 4646 1596 4715 ἢ
1626 4649 1930 4713 γευστικῶν

350 4729 599 4798 ὀργάνων
624 4729 839 4800 ἄμοιροι
872 4732 966 4784 καὶ
1012 4731 1401 4803 ἁδιάρθρωτοι,
1439 4735 1575 4807 μόνῃ
1606 4735 1663 4788 δὲ
1715 4740 1784 4809 τῇ
1824 4740 1933 4793 ἐνι-

352 4820 552 4892 ζομένῃ
584 4820 693 4873 τῶν
723 4821 933 4875 ὑδάτων
962 4822 1125 4875 νοτίδι
1167 4823 1518 4895 τρεφόμεναι.
1569 4825 1708 4879 Ἀλλ’
1748 4829 1930 4882 ἐκεῖνα

351 4914 444 4965 ἐπὶ
492 4912 586 4965 τοῦ
628 4912 793 4966 αὑτοῦ
844 4914 1122 4983 σχήματος
1175 4915 1323 4985 μένει
1362 4917 1647 4989 διηνεκῶς,
1672 4919 1930 4990 τοιαύτης

351 5002 501 5072 παρὰ
530 5000 625 5054 τοῦ
684 5002 828 5055 θείου
882 5003 1307 5073 προστάγματος
1350 5004 1584 5075 λαχόντα
1618 5006 1860 5075 φύσεως·
1892 5011 1926 5080 ἡ

347 5092 406 5147 re
437 5096 535 5165 τῆς
556 5096 830 5165 ἡμετέρας
857 5096 1123 5164 γενέσεως
1174 5096 1397 5169 ἀφορμὴ
1441 5097 1668 5169 βραχεῖα
1703 5099 1803 5168 μέν
1845 5116 1930 5164 τις

351 5187 676 5258 ὑπάρχουσα
724 5186 862 5241 κατά
911 5187 1011 5259 τὴν
1045 5187 1269 5260 πρώτην
1296 5189 1404 5242 τῶν
1450 5190 1782 5262 σπερμάτων
1806 5191 1932 5260 σύγ-

351 5296 569 5349 κρασιν,
610 5282 731 5342 ταῖς
758 5278 897 5333 κατὰ
940 5279 1105 5351 μέρος
1142 5280 1478 5353 προσθήκαις
1515 5282 1624 5335 τῶν
1664 5284 1934 5353 εἰσκρινο-

355 5372 530 5441 μένων
572 5371 829 5443 σιτηρίων
887 5373 1188 5444 ποιοτήτων
1234 5374 1697 5444 περιῦφαινομένη
1734 5375 1827 5427 καὶ
1863 5375 1937 5429 δι-

350 5466 655 5536 ογκουμένη
694 5467 944 5538 ἀρρήτως
971 5464 1362 5537 διαμορφοῦται
1404 5468 1471 5537 τῇ
1506 5468 1666 5537 νοερᾷ
1712 5468 1803 5521 καὶ
1834 5468 1930 5521 ἀο-

354 5559 500 5629 ράτῳ
529 5559 649 5630 θείᾳ
679 5558 824 5629 χειρὶ
870 5558 961 5611 τοῦ
988 5560 1050 5611 ὲκ
1080 5558 1202 5629 χοὸς
1234 5557 1628 5622 διαπλάσαντος
1654 5557 1812 5629 ήμῶν
1836 5558 1930 5612 τὸν

354 5650 694 5723 προπάτορα.
718 5651 831 5704 Εἶθ’
860 5649 1033 5714 οὕτως
1052 5652 1108 5703 έν
1128 5652 1194 5720 τῇ
1218 5650 1467 5721 παρολκῇ
1520 5652 1901 5721 ὲνναμηνιαίου

353 5742 566 5813 χρόνου,
599 5741 1009 5814 τελειουργηθὲν
1044 5742 1106 5795 τὸ
1140 5741 1337 5813 βρέφος
1371 5740 1490 5814 θεία
1515 5744 1696 5816 ῥώμῃ,
1726 5748 1790 5815 τῇ
1813 5743 1921 5815 ῥώ-

423 5882 468 5915 "
492 5881 648 5939 lCor.
676 5899 764 5952 xv,
788 5882 879 5949 42,
904 5882 994 5938 44.
1062 5882 1117 5915 ν³³
1141 5880 1275 5939 Gen.
1303 5896 1363 5948 ll,
1394 5881 1446 5936 7.
1476 5882 1519 5912 ³⁸
1544 5879 1688 5937 Psal.
1712 5898 1909 5951 cxxxv,
1933 5884 2023 5943 95.

2038 4184 2257 4239 litatum
2298 4198 2424 4237 cum
2468 4181 2589 4249 ipsa
2626 4182 2929 4247 unitarum,
2962 4181 3031 4235 ab
3062 4197 3128 4237 eo
3172 4180 3268 4251 qui
3315 4180 3500 4234 cibum
3528 4181 3624 4235 dat

2042 4275 2194 4332 omni
2222 4274 2373 4330 carni
2410 4274 2477 4340 ³⁵,
2505 4273 2963 4343 quemadmodum
2995 4273 3174 4343 inquit
3204 4272 3460 4337 Davides,
3498 4286 3625 4325 ear-

2043 4370 2256 4426 minum
2286 4368 2596 4422 divinorum
2625 4375 2837 4420 auctor.
2884 4365 3361 4433 Quemadmodum
3392 4374 3448 4421 et
3497 4380 3624 4420 car-

2044 4476 2145 4517 nes
2184 4460 2435 4525 marinae,
2455 4459 2605 4513 velut
2629 4457 2686 4513 in
2725 4467 2904 4523 utero,
2934 4460 2991 4513 in
3022 4467 3333 4515 ostrearum
3367 4466 3423 4514 et
3446 4460 3619 4530 pecti-

2040 4568 2173 4608 num
2224 4552 2563 4606 marinorum
2599 4550 2755 4606 testis
2795 4552 3038 4616 nutritur,
3070 4552 3293 4607 vitalem
3344 4551 3611 4606 divinitus

2040 4645 2242 4700 habent
2266 4644 2373 4698 vim
2419 4644 2681 4700 salientes
2716 4653 2769 4699 et
2798 4645 3082 4700 vibrantes
3113 4661 3257 4711 sese,
3301 4660 3425 4701 cum
3474 4646 3609 4707 oris.

2036 4737 2295 4801 auditus,
2348 4736 2595 4791 dentium
2655 4747 2822 4807 atque
2862 4745 3072 4811 gustus
3117 4751 3449 4807 organorum
3496 4737 3608 4791 sint

2037 4838 2311 4897 expertes,
2372 4834 2429 4880 et
2476 4826 2732 4885 articulis
2778 4836 3025 4890 careant,
3064 4844 3130 4882 ac
3170 4828 3289 4882 solo
3343 4842 3610 4897 aquarum

2036 4917 2268 4972 humore
2294 4916 2633 4973 nutriantur.
2654 4916 2759 4971 Sed
2791 4927 2973 4972 tamen
3007 4917 3094 4970 illa
3126 4918 3178 4971 iu
3210 4916 3399 4972 eadem
3433 4916 3611 4971 forma

2036 5017 2306 5079 perpetuo
2354 5017 2606 5075 manent,
2671 5010 2831 5064 talem
2903 5010 3092 5065 divino
3139 5009 3297 5079 jussu
3350 5023 3611 5064 naturain

2037 5099 2254 5153 sortita.
2304 5098 2516 5154 Nostrae
2588 5108 2772 5155 autem
2844 5101 3214 5171 generationis
3258 5114 3448 5164 causa,
3482 5100 3613 5155 licet

2035 5192 2235 5262 exigua
2272 5192 2520 5261 quaedam
2558 5194 2629 5248 sit
2685 5193 2754 5247 ad
2786 5193 3019 5264 primani
3078 5193 3351 5248 seminum
3384 5193 3619 5246 commi-

2035 5284 2295 5350 stionem,
2352 5286 2780 5355 particularibus
2831 5287 3220 5340 additamentis
3276 5286 3614 5355 iugestarum

2032 5378 2400 5434 nutrientium
2427 5380 2758 5450 qualitatem
2778 5381 2935 5450 quasi
2954 5388 3210 5433 contexta
3227 5387 3280 5433 et
3311 5392 3614 5448 augescens

2038 5471 2388 5528 ineffabiliter
2420 5472 2687 5528 formatur
2716 5488 2816 5543 per
2844 5473 3220 5528 intellectilem
3251 5480 3304 5527 et
3356 5471 3610 5528 invisibi-

2031 5564 2140 5619 lem
2170 5563 2265 5619 Dei
2295 5579 2544 5631 manum,
2576 5564 2672 5636 qui
2700 5581 2766 5620 ex
2802 5564 3030 5635 pulvere
3074 5562 3331 5619 formavit
3363 5562 3608 5634 primum

2034 5664 2287 5711 nostrum
2316 5664 2617 5726 parentem.
2673 5654 2873 5726 Sicque
2906 5652 3104 5709 deinde
3132 5668 3285 5709 mora
3336 5650 3605 5724 temporis

2031 5758 2227 5805 norem
2260 5748 2556 5815 mensium,
2596 5746 2837 5819 perfecte
2871 5746 3162 5804 absolutus
3195 5743 3385 5801 divina
3418 5744 3474 5801 vi
3515 5739 3602 5801 fe-
