4142 6382
562 394 694 452 1051

563 521 674 576 tus,
711 528 807 584 per
831 513 1001 569 robur
1024 516 1294 585 gestantis
1352 519 1493 574 uteri
1521 521 1787 576 nutritur.
1817 521 1934 577 Non
1979 523 2137 592 quasi

558 617 671 659 non
719 605 897 674 possit
949 607 1334 662 universorum
1385 608 1569 679 opifex
1608 612 1866 682 exiguum
1918 614 2049 667 illud
2085 616 2138 669 in

561 695 791 748 tnatrice
823 693 1093 765 dejectum
1136 699 1310 753 nostri
1345 699 1584 765 initium,
1632 703 1713 757 vel
1739 704 1900 758 etiam
1933 706 2141 775 absque

558 786 676 847 illo.
707 787 1169 855 quemadmodum
1224 792 1409 845 omnia
1440 808 1505 847 ex
1551 794 1980 867 nulla‘subjecta
2022 814 2142 852 ma-

559 877 697 932 teria
750 878 1028 947 produxit,
1087 895 1189 938 nos
1250 897 1374 937 mox
1426 884 1701 953 perfectos
1762 897 1817 944 et
1855 890 2139 948 absolutos

559 966 830 1039 formare,
890 973 1043 1028 velut
1078 973 1379 1040 Adamum,
1434 978 1668 1049 ideoque
1700 980 1946 1054 indigeat
1985 1000 2138 1040 mora

559 1063 825 1130 temporis
865 1077 1060 1118 novem
1100 1067 1372 1122 mensium
1431 1070 1485 1123 in
1540 1071 1877 1142 imperfectis
1914 1075 2136 1146 fetibus,

555 1152 656 1208 sed
676 1161 736 1207 ut
766 1154 942 1210 instar
972 1156 1130 1225 pellis
1155 1166 1251 1213 aut
1286 1162 1619 1219 membranae
1644 1180 1743 1235 per
1770 1165 1966 1223 factam
2004 1184 2141 1240 pau-

557 1243 714 1299 latim
738 1244 1124 1303 formationem
1161 1251 1312 1306 intus
1347 1254 1605 1321 jacentis,
1662 1259 1838 1329 major
1874 1260 1966 1317 ﬁat
2019 1274 2139 1318 ute-

554 1351 678 1401 rus,
713 1347 768 1393 et
803 1341 951 1396 intus
988 1342 1218 1399 saliente
1252 1345 1385 1411 fetu,
1416 1347 1645 1405 femellas
1695 1368 1899 1421 organa
1943 1365 2137 1411 exten-

556 1429 782 1485 dantur.
832 1430 952 1487 Non
981 1436 1127 1489 enim
1157 1450 1425 1506 caperent
1483 1442 1743 1499 infantem
1796 1447 2135 1519 absolutum,

556 1523 606 1576 si
666 1538 793 1578 mox
853 1524 962 1581 illis
1014 1527 1411 1598 imponeretur.
1470 1534 1752 1607 Habctque
1805 1541 1985 1597 locum
2023 1544 2132 1610 hic,

557 1615 702 1684 quod
732 1615 768 1669 ii
800 1615 1033 1681 faciunt,
1075 1637 1186 1691 quo
1221 1625 1423 1696 exiguo
1466 1639 1519 1685 et
1582 1632 1803 1700 quidem
1837 1635 1988 1691 sicco
2019 1649 2138 1695 utre

554 1708 730 1762 multa
756 1711 1047 1780 complecti
1102 1716 1376 1783 volentes,
1403 1735 1529 1776 eum
1591 1723 1896 1795 subigendo
1949 1737 2003 1783 et
2040 1746 2136 1785 ex-

555 1801 829 1857 tendendo
863 1805 1169 1862 lirmiorem
1230 1812 1688 1885 capacioremque
1723 1820 1981 1877 reddunt.
2039 1820 2132 1879 Sic

553 1891 725 1962 igitur
756 1894 887 1949 mihi
923 1897 1164 1963 videtur,
1194 1917 1538 1976 quaecunque
1562 1924 1723 1965 ossea
1760 1922 1889 1968 sunt
1917 1923 1973 1969 et
2008 1932 2134 1971 ner-

553 1996 705 2049 vosa,
730 2000 796 2041 ex
852 1989 1022 2045 maris
1055 2005 1407 2050 excremento
1445 2001 1693 2056 roborari
1725 2023 1739 2059 :
1791 2021 2135 2079 quaecunque

553 2087 689 2129 vero
723 2080 1025 2149 sanguinea
1058 2092 1112 2138 et
1134 2100 1388 2152 carnosa,
1422 2104 1487 2143 ex
1512 2106 1578 2146 eo
1610 2095 1754 2163 quod
1780 2094 1979 2151 femina
2001 2115 2133 2153 con-

552 2164 765 2234 tribuit,
798 2171 1127 2228 consolidari
1160 2194 1172 2229 :
1203 2191 1268 2232 ac
1295 2178 1488 2237 dicens
1518 2198 1646 2239 mox
1693 2189 1848 2257 sequi
1881 2189 2128 2245 divinum

550 2255 683 2313 illud
704 2260 930 2318 verbum
964 2276 1019 2320 et
1047 2281 1186 2337 opus
1215 2287 1228 2323 :
1257 2268 1486 2327 Crescite
1516 2287 1564 2330 et
1598 2255 2048 2347 multiplicamini,
2080 2292 2131 2337 et

553 2350 746 2419 replete
771 2363 968 2410 terram
1009 2357 1077 2422 ³⁷,
1119 2361 1261 2417 sicut
1300 2365 1479 2437 inquit
1504 2368 1573 2423 ad
1622 2372 1831 2440 primos
1877 2385 2132 2443 parentes

551 2451 775 2500 nostros
795 2444 958 2515 Deus,
988 2450 1153 2506 simul
1181 2454 1370 2513 dicens
1391 2460 1529 2529 ipse.
1558 2475 1612 2517 et
1640 2462 1850 2521 faciens
1875 2483 1977 2524 nos
2005 2485 2130 2525 cre-

549 2545 705 2588 scere
736 2537 959 2605 quidem
1000 2541 1053 2595 in
1084 2543 1362 2601 definitam
1385 2551 1454 2605 ab
1488 2552 1607 2621 ipso
1632 2559 1882 2626 corporis
1910 2563 2124 2631 magni-

547 2624 818 2688 tudinem,
875 2631 1225 2702 utultiplicari
1274 2647 1458 2695 autem
1499 2624 1755 2712 posteris,
1809 2656 1867 2703 et
1900 2624 2128 2722 imp—lere

549 2722 777 2773 terram.
814 2718 894 2775 Ex
943 2722 1051 2778 illis
1088 2736 1270 2782 autem
1308 2732 1444 2801 ipsis
1478 2738 1834 2806 protoplastis
1855 2718 2125 2802 discimus

547 2820 673 2877 qua:
693 2825 761 2866 ex
798 2828 908 2868 uno
942 2817 1187 2885 quolibet
1237 2822 1485 2892 ipsorum
1537 2828 1590 2882 in
1627 2835 2010 2900 procreatione
2055 2839 2125 2894 li-

544 2898 804 2958 berorum
833 2920 1184 2968 concurrant.
1210 2912 1283 2968 Ex
1312 2916 1522 2973 Adamo
1549 2898 1677 2977 osse
1706 2924 1889 2983 lateris
1917 2929 2122 2998 ablato,

545 2990 678 3049 et’m
705 2995 963 3055 feminam
1005 3003 1150 3060 lacto
1182 3008 1367 3064 divina
1410 3027 1600 3079 manu,
1633 3017 1801 3074 simul
1844 3024 2122 3093 copulatio

544 3096 604 3142 et
636 3090 768 3145 uuio
796 3105 1006 3151 naturae
1039 3097 1370 3160 declaratur.

614 3350 928 3413 Secundum
957 3360 1072 3417 haec
1118 3364 1263 3422 scire
1296 3366 1585 3437 debemus,
1624 3374 1807 3433 inesse
1832 3379 1992 3437 nobis
2033 3398 2124 3439 se-

542 3445 786 3501 cundum
831 3449 1399 3517 elementorum.......
1432 3476 1644 3533 partem
1672 3469 1913 3539 aliquam
1956 3476 2118 3531 calidi

540 3543 597 3588 et
628 3535 830 3610 frigidi,
862 3553 917 3598 et
969 3547 1197 3604 alterius
1243 3553 1392 3621 quod
1425 3566 1597 3613 restat
1640 3535 1813 3630 paris,
1860 3566 2119 3623 nimirum

542 3629 753 3687 humidi
782 3644 948 3705 atque
989 3639 1146 3697 sicci.
1167 3642 1302 3698 Nam
1352 3655 1499 3703 terra
1550 3666 1617 3705 ex
1642 3629 1761 3723 qua
1802 3672 1903 3712 nos
1923 3658 2121 3728 Opifex

540 3724 802 3793 produxit
829 3743 955 3783 cum
984 3735 1245 3792 omnibus
1289 3737 1443 3795 hisce
1466 3741 1628 3798 mista
1652 3760 1777 3802 esse
1803 3749 1937 3802 mihi
1969 3752 2122 3807 vide-

539 3820 670 3872 tur:
716 3820 833 3888 ipsa
863 3823 1085 3891 quidem
1139 3829 1295 3885 arida
1324 3833 1616 3901 appellata,
1670 3838 1899 3894 humido
1935 3851 2117 3898 autem

540 3906 820 3981 innatans,
851 3915 1031 3985 ignem
1062 3935 1193 3977 vero
1220 3923 1275 3978 in
1326 3927 1498 3991 saxis,
1552 3940 1609 3985 et
1669 3931 1834 3999 ferro,
1871 3945 1926 3989 et
1957 3935 2119 4008 lignis

537 4002 786 4059 abditum
837 4007 1068 4079 habens,
1089 4022 1145 4067 et
1183 4030 1312 4072 aera
1352 4033 1449 4088 per
1478 4022 1652 4090 ipsam
1687 4002 2119 4084 universam'di-

538 4091 738 4160 ditum,
775 4114 1006 4172 eamque
1050 4103 1348 4165 foventem.
1384 4111 1650 4170 Formato
1703 4117 1757 4171 in
1790 4130 1947 4175 utero
1977 4124 2115 4190 l'etu,

535 4199 593 4241 et
660 4190 731 4244 ad
809 4196 1158 4252 articulatatn
1224 4204 1600 4263 membrorum
1675 4213 2106 4272 commissuram

537 4280 777 4337 obscura
829 4285 1164 4359 humidaque
1222 4295 1455 4349 materia
1506 4300 1817 4370 exsculpta,
1872 4308 2117 4363 nutritur

536 4372 799 4444 deinceps
870 4387 922 4432 et
974 4383 1178 4436 ert-scit
1228 4391 1687 4458 unumquodlibet
1741 4399 2117 4458 membrorum

535 4481 638 4535 pro
656 4469 924 4537 qualitate
955 4471 1173 4528 illorum
1196 4491 1319 4546 quae
1353 4483 1546 4538 matris
1571 4485 1756 4541 alvum
1795 4489 1939 4545 intra
1974 4497 2117 4549 reci-

536 4559 786 4628 piuntur,
823 4563 966 4618 sicut
1012 4565 1067 4620 in
1101 4570 1432 4638 agricultura
1471 4573 1585 4629 fieri
1618 4579 1779 4643 solet,
1821 4597 1886 4637 ex
1950 4587 2114 4642 nubi-

535 4650 641 4707 bus
672 4652 867 4719 imbre,
892 4667 984 4710 aut
1012 4659 1211 4714 elicum
1269 4664 1401 4719 rivis
1426 4682 1556 4723 arva
1589 4672 1832 4742 subjecta
1880 4678 2107 4748 riganti-

534 4742 661 4799 bus.
694 4746 775 4800 Sit
811 4757 992 4803 autem
1020 4751 1211 4807 hortus
1237 4756 1439 4826 aliquis
1469 4759 1536 4815 de
1568 4778 1679 4833 quo
1712 4781 1891 4824 sermo
1911 4742 2133 4827 h'abeat

534 4845 643 4903 tur,
674 4840 917 4896 infinitas
952 4844 1264 4913 plantarum
1295 4853 1508 4920 Species
1544 4859 1848 4927 enutriens,
1882 4862 2114 4921 diversae

533 4938 649 4983 tum
677 4935 877 5001 speciei
909 4944 1022 4989 tum
1053 4935 1263 5005 formas,
1298 4942 1351 4996 in
1391 4960 1500 5000 uno
1533 4957 1696 5018 atque
1744 4954 1934 5010 eodem
1964 4957 2114 5012 ordi-

530 5037 620 5087 ne,
654 5023 910 5079 similiter
939 5028 1173 5101 irrigans
1209 5034 1330 5089 illas
1353 5052 1458 5091 una
1496 5042 1745 5109 quaedam
1802 5056 1922 5103 esto
1955 5065 2111 5121 aqua:

531 5124 763 5170 natura:
791 5118 1148 5180 nihilominus
1201 5141 1394 5182 eorum
1445 5146 1571 5202 quae
1601 5130 1945 5208 lt“!!‘ltlltllll",
1976 5160 2103 5213 pro-

528 5204 734 5274 prietas
764 5207 817 5261 in
853 5210 1096 5270 diversas
1112 5216 1395 5276 humorem
1426 5224 1578 5280 illum
1614 5230 1908 5297 qualitates
1932 5244 2116 5292 trans-

529 5308 727 5355 mutat.
754 5299 888 5355 Nam
920 5304 1060 5360 idem
1082 5309 1172 5363 ille
1188 5311 1386 5368 humor
1403 5321 1697 5374 amarescit
1728 5322 1779 5375 in
1806 5324 2107 5390 absinthio,

528 5386 587 5442 in
627 5389 895 5459 liquorem
933 5410 1061 5449 vero
1082 5399 1294 5454 letalem
1330 5403 1383 5457 in
1416 5406 1594 5462 cicuta
1631 5412 1851 5478 transit,
1888 5423 1940 5469 et
1963 5416 2110 5472 aliud

526 5480 624 5535 alii
654 5483 712 5535 ﬁt
739 5499 883 5539 unus
931 5496 986 5541 et
1015 5489 1182 5554 idem,
1207 5494 1262 5547 in
1305 5510 1489 5565 croco,
1529 5499 1582 5552 in
1617 5502 1884 5568 balsamo,
1928 5507 1981 5560 in
2012 5524 2112 5578 pa-

526 5587 751 5642 pavere,
778 5592 1016 5647 quorum
1064 5585 1213 5641 aliud
1269 5589 1489 5657 quidem
1534 5594 1802 5663 calefacit,
1831 5599 1977 5655 aliud
2014 5617 2103 5655 re-

527 5665 774 5737 frigerat,
803 5674 950 5729 aliud
984 5692 1117 5734 vero
1160 5681 1395 5739 mediam
1448 5686 1610 5741 habet
1648 5690 1984 5758 qualitatem.
2042 5694 2097 5749 In

1638 397 1697 454 S.
1737 396 2038 456 CESARII
2076 394 2407 457 GHECORII
2441 402 2746 463 FRATRIS

3675 413 3821 472 ιοετ

2249 541 2323 594 μῃ
2362 525 2459 595 τῆς
2506 526 2779 599 φερούσης
2822 526 3216 585 ἐκθυλακοῦται
3248 531 3468 604 νηδύος’
3503 533 3600 604 οὑχ
3629 533 3705 598 ὡς
3737 537 3813 607 μὴ

2242 617 2355 670 οἵου
2375 636 2433 671 τε
2462 621 2552 674 τοῦ
2576 620 2918 693 Δημιουργοῦ
2937 621 3043 675 τῶν
3066 623 3204 677 ὅλων
3225 624 3324 697 τὴν
3339 626 3583 699 ἀμυδρὰν
3600 630 3819 700 ἐκείνην

2244 708 2301 760 ἐν
2342 711 2408 779 τῇ
2467 711 2652 782 μήτρα
2686 713 3117 785 καταϐληθεῖσαν
3166 717 3479 790 ἀφορμὴνῆ
3516 721 3608 773 καὶ
3647 725 3817 792 χωρὶς

2242 801 2478 872 ἐκείνης,
2496 801 2572 866 ὡς
2592 804 2763 857 πάντα
2788 807 2850 859 ἐκ
2874 806 3101 878 μηδενὸς
3125 809 3481 879 ὑποκειμένου
3505 814 3813 883 παρήγαγε,

2241 894 2481 960 τελείους
2507 898 2655 969 ἡμᾶς
2712 895 2866 963 αὖθις
2898 901 2992 954 καὶ
3045 903 3488 974 ἀπηρτισμένους
3535 905 3826 971 πλάττειν,

2243 988 2383 1041 κατὰ
2413 989 2506 1042 τὸν
2549 990 2747 1063 Ἀδάμ,
2766 993 2862 1046 καὶ
2884 993 3073 1047 τούτου
3096 995 3254 1065 χάριν
3281 995 3487 1050 δεῖσθαι
3526 997 3626 1068 τῆς
3672 1014 3821 1069 παρ-

2239 1082 2409 1152 ολκῆς
2448 1082 2542 1136 τοῦ
2570 1086 2951 1156 ἐνναμηνιαίου
3003 1087 3194 1159 χρόνου
3227 1089 3320 1141 ἐπὶ
3370 1088 3479 1140 τῶν
3519 1089 3773 1162 ἐμϐρύων
3795 1104 3826 1123 ι

2237 1171 2355 1225 ἀλλ’
2375 1172 2562 1247 ὥσπερ
2604 1175 2788 1249 δέρριν
2822 1176 2943 1230 τινὰ
2978 1177 3011 1249 ἥ
3044 1178 3216 1247 ὑμένα
3237 1182 3303 1250 τῇ
3340 1180 3477 1233 κατά
3510 1180 3675 1253 μέρος
3708 1181 3829 1235 διαα

2242 1264 2522 1333 μορφώσει
2548 1265 2643 1319 τοῦ
2682 1267 3001 1339 ἐγκειμένου
3045 1268 3391 1338 διογκοῦσθαι
3419 1272 3518 1343 τὴν
3552 1275 3813 1345 γαστέρα,

2239 1357 2334 1410 καὶ
2375 1357 2733 1413 διατείνεσθαι
2776 1360 2854 1432 τῷ
2908 1362 3264 1435 ὲνσκαίροντι.
3311 1365 3386 1417 Ού
3430 1364 3539 1436 γὰρ
3574 1365 3813 1437 ἐχώρουν

2238 1450 2338 1520 τῆς
2393 1448 2616 1522 θηλείας
2665 1454 2733 1508 τὰ
2781 1454 2988 1525 ὄργανα
3039 1456 3445 1527 ἀπηρτισμένην
3483 1458 3574 1511 τὸν
3621 1459 3810 1523 παῖδα.

2237 1542 2449 1614 ἁθρόως
2497 1545 2679 1609 αὑτοῖς
2723 1546 3016 1600 ἐπεθεῖναι
3041 1564 3055 1577 ·
3091 1548 3317 1613 εἰκότως
3355 1549 3513 1603 τοῦτο
3563 1550 3814 1623 δρώντων

2237 1635 2331 1687 καὶ
2363 1635 2469 1687 τῶν
2513 1638 2572 1689 ἐν
2617 1636 2941 1710 βραχυτάτῳ
2968 1641 3061 1693 καὶ
3096 1640 3368 1712 αὐχμηρῷ
3395 1642 3611 1714 θυλάκῳ
3646 1662 3815 1698 κατα-

2237 1726 2532 1782 ϐάλλεσθαι
2558 1745 2617 1782 τε
2643 1730 2813 1783 πλείω
2846 1733 3200 1803 πειρωμένων
3228 1736 3295 1805 τῆ
3331 1734 3545 1806 μαλαγῇ
3580 1737 3674 1789 καὶ
3696 1735 3814 1789 δια-

2234 1819 2390 1873 τάσει
2410 1821 2676 1893 καρτερὸν
2699 1823 2793 1875 καὶ
2820 1822 2913 1876 τοῦ
2942 1824 3184 1889 πλείονος
3201 1825 3411 1897 χωροῦν
3430 1827 3592 1879 αὑτὸν
3620 1827 3815 1896 ἀπειρο

2235 1914 2544 1984 γασμένων.
2576 1913 2774 1978 Καθὼς
2819 1911 2908 1969 οὖν
2950 1916 3097 1970 δοκεῖ
3143 1934 3264 1986 μοι,
3298 1918 3399 1971 ὅσα
3457 1917 3663 1989 ὀστώδη
3717 1919 3816 1971 καὶ

2234 2008 2476 2081 νευρώδη
2507 2010 2572 2063 ἐκ
2600 2010 2699 2081 τῆς
2726 2008 2820 2064 τοῦ
2847 2010 3075 2083 ἄρρενος
3092 2011 3436 2083 ἀποκρίσεως
3468 2010 3813 2083 στεροῦσθαι,

2233 2102 2335 2155 ὅσα
2372 2100 2428 2155 δὲ
2461 2100 2676 2173 αίμώδη
2709 2103 2805 2156 καλ⁸
2834 2102 3089 2175 σαρκώδη
3124 2103 3189 2157 ἐκ
3214 2103 3311 2174 τῆς
3332 2102 3572 2176 θηλυκῆς
3596 2098 3812 2159 ἀντιδόὲ

2236 2209 2374 2256 σεως
2410 2194 2851 2264 συμπήγνυσθαι.
2883 2196 2993 2249 Καὶ
3034 2191 3190 2259 αὖθις
3224 2196 3399 2266 τούτῳ
3428 2196 3820 2250 ἐπακολουθεῖν

2232 2286 2293 2339 τὸ
2322 2286 2462 2339 θεῖον
2495 2287 2645 2358 ῥῆμα
2686 2288 2780 2342 καὶ⁵
2816 2288 3019 2361 δρᾶμα,
3055 2288 3398 2353 Αὐξάνεσθε
3442 2290 3538 2343 καὶ
3585 2291 3815 2356 «anau-

2232 2383 2411 2435 νεσθε
2444 2381 2544 2435 καὶ
2592 2381 2949 2450 πληρώσατε
2990 2382 3105 2451 τὴν
3126 2381 3265 2453 γῆν,
3297 2384 3431 2454 φησι
3476 2385 3586 2446 τοῖς
3620 2382 3821 2454 πριιγό-

2231 2489 2343 2536 νοις
2388 2472 2546 2545 ήμῶν
2586 2475 2615 2528 ὁ
2661 2475 2830 2539 Θεὸς,
2863 2474 2980 2544 ἅμα
3021 2475 3245 2543 φάσκων
3291 2474 3453 2538 αὐτὸς
3507 2475 3603 2529 καὶ
3642 2474 3825 2528 me»

2231 2568 2380 2639 ἡμᾶς
2428 2566 2751 2632 αὐξάνεσθαι
2783 2569 2882 2639 μὲν
2912 2569 2992 2632 είς
3033 2567 3094 2621 τὸ
3126 2570 3258 2636 παρ’
3297 2568 3462 2621 αὑτοῦ
3504 2567 3815 2638 ὡρισμένον

2229 2657 2325 2712 τοῦ
2356 2656 2608 2729 σώματος
2641 2659 2889 2729 μέγεθος,
2917 2659 3284 2730 πληθύνεσθαι
3319 2659 3376 2713 δὲ
3400 2662 3513 2724 τοῖς
3544 2660 3809 2728 ἐκγόνοις,

2232 2753 2327 2806 καὶ
2356 2751 2698 2823 πληροῦσθαι
2729 2751 2826 2824 τὴν
2858 2752 2985 2822 γῆν.
3044 2753 3132 2819 Ἐξ
3170 2751 3349 2805 αὐτῶν
3387 2752 3444 2805 δὲ
3473 2751 3679 2806 τούτων
3700 2750 3821 2806 τῶν.

2229 2845 2672 2919 πρωτοπλάστων
2701 2845 3085 2917 παιδευόμεθα,
3103 2846 3174 2901 τά
3204 2848 3263 2912 ἐξ
3279 2849 3508 2902 ἑκάστου
3529 2847 3708 2901 αὐτῶν
3730 2848 3812 2910 είς

2227 2939 2327 3009 τὴν
2357 2939 2701 3006 τεκνογονίαν
2737 2940 3126 3011 συνερχόμενα,
3147 2941 3212 2993 ὲκ
3248 2940 3346 3011 μὲν
3375 2939 3469 2993 τοῦ
3512 2939 3683 3009 ’Δδὰμ
3712 2936 3824 2993 toil

2228 3027 2419 3080 ὀστέου
2476 3027 2579 3097 τῆς
2622 3027 2864 3097 πλευρᾶς
2912 3027 3335 3100 ἀφαιρεθέντος,
3371 3027 3527 3088 εἰςδὲ
3572 3031 3812 3097 γυναῖκα

2227 3120 2421 3174 τούτου
2463 3120 2961 3192 δημιουργηθέντος
2995 3121 3099 3175 ὑπὸ
3130 3121 3231 3192 τῆς
3259 3121 3407 3185 θείας
3439 3121 3647 3192 χειρὸς,
3670 3119 3815 3192 ὁμοῦ

2226 3213 2329 3283 τὴν
2353 3212 2644 3281 συνάφειαν
2672 3213 2768 3266 καὶ
2805 3212 2999 3267 ἕνωσιν
3038 3213 3134 3284 τῆς
3165 3214 3379 3284 φύσεως
3398 3214 3686 3287 δηλούσης,
3712 3215 3812 3268 καὶ

2226 3304 2298 3357 τὰ
2324 3307 2381 3368 ἐς
2407 3304 2634 3359 ἑκάστου
2656 3305 2754 3375 τὴν
2797 3305 3141 3360 παιδοποιίαν
3171 3307 3558 3379 συμϐαίνοντα.

2312 3395 2408 3450 Ἐκ
2437 3396 2494 3449 δὲ
2520 3395 2724 3451 τούτων
2751 3395 2978 3451 νοείσθω
3007 3398 3334 3469 ἐνυπάρχειν
3363 3400 3495 3468 ἡμῖν
3521 3398 3629 3451 τῶν
3659 3415 3809 3452 στοι-

2228 3488 2467 3560 χειωδῶς
2493 3528 2507 3543 .
2528 3528 2541 3542 .
2564 3527 2579 3542 .
2598 3530 2612 3543 .
2631 3529 2646 3543 .
2675 3490 3064 3561 θεωρουμένων
3090 3489 3191 3561 τὴν
3233 3493 3428 3562 μοῖραν
3471 3490 3561 3544 τοῦ
3601 3491 3821 3562 θερμοῦᾷ

2228 3581 2325 3634 καὶ
2365 3579 2459 3634 τοῦ
2505 3579 2805 3651 ψύχοντος,
2841 3581 2937 3635 καὶ
2984 3582 3086 3652 τῆς
3145 3583 3340 3654 ἐτέρας
3388 3581 3819 3653 συζυγίας,τῆς.

2229 3675 2371 3729 κατὰ
2401 3675 2462 3727 τὸ
2494 3675 2664 3745 ὑγρόν
2716 3692 2777 3728 τε
2812 3676 2906 3729 καὶ
2947 3674 3111 3748 ξηρὸν
3137 3675 3455 3747 νοουμένης.
3498 3677 3563 3729 Ἡ
3597 3676 3707 3747 γὰρ
3733 3675 3806 3747 γῆ

2227 3764 2287 3829 ἐξ
2324 3761 2392 3838 ἧς
2431 3769 2577 3834 ἡμᾶς
2601 3767 2630 3819 ὀ
2660 3766 3004 3839 Δημιουργδς
3048 3768 3369 3839 παρήγαγε,
3401 3765 3478 3837 τῷ
3521 3767 3683 3820 παντὶ
3711 3784 3812 3819 κε·-

2226 3857 2460 3928 κρᾶσθαί
2493 3875 2581 3927 μοι
2608 3857 2771 3923 δοκεῖ,
2792 3857 2933 3932 ξηρά
2974 3859 3071 3930 μὲν
3099 3860 3237 3931 αὑτὴ
3260 3859 3805 3932 προσαγορευομένη,

2224 3950 2291 4019 τῇ
2319 3947 2373 4002 δὲ
2408 3949 2547 4020 ὑγρᾷ
2577 3953 2941 4022 ὲπινηχομένη
2969 3968 2983 3982 ·
3023 3952 3085 4005 τὸ
3120 3952 3175 4005 δὲ
3217 3952 3329 4022 πῦρ
3361 3954 3417 4004 ὲν
3449 3952 3679 4023 πέτραις
3706 3960 3811 4005 καὶ

2228 4038 2429 4110 σιδήρῳ
2472 4041 2567 4093 καὶ
2615 4039 2754 4112 ξύλῳ
2804 4041 3274 4113 ἐγκεκρυμμένον,
3301 4042 3394 4096 τὸν
3439 4042 3496 4097 δὲ
3538 4043 3673 4113 ἀέρα
3714 4040 3813 4094 διὰ.

2226 4131 2428 4194 παντὸς
2457 4130 2714 4202 διήκοντα
2745 4132 2939 4204 αὐτῆς,
2974 4134 3069 4188 καὶ
3097 4133 3489 4187 συνθάλποντα.
3526 4135 3809 4186 Autum-

2225 4220 2406 4285 θέντος
2435 4221 2490 4274 δὲ
2522 4222 2579 4275 ὲν
2606 4225 2672 4294 τῇ
2701 4222 2855 4293 νηδύϊ
2887 4223 2976 4276 τοῦ
3000 4223 3233 4294 βρέφους
3252 4264 3267 4288 ,
3295 4224 3389 4278 καὶ
3419 4222 3557 4295 πρὸς
3589 4222 3810 4276 τελείαν

2222 4312 2550 4384 διάρθρωσιν
2599 4314 2699 4385 τῆς
2732 4315 2947 4386 ἀσήμου
2979 4316 3072 4369 καὶ
3119 4315 3349 4386 ἀνύδρου
3397 4314 3533 4385 ὕλης
3585 4314 3808 4383 διαγλυ-

2223 4404 2435 4477 φείσης,
2473 4404 2736 4476 τρέφεται
2787 4405 2971 4461 λοιπὸν
3020 4407 3115 4460 καὶ
3172 4406 3394 4472 αὔξεται
3451 4407 3561 4462 τῶν
3622 4408 3811 4479 μελῶν

2218 4497 2446 4551 ἕκαστον
2473 4499 2539 4568 τῇ
2572 4497 2816 4569 ποιότητι
2844 4497 2953 4553 τῶν
2983 4500 3481 4570 ἐπεισκρινομένων
3506 4502 3571 4572 τῇ
3603 4502 3809 4571 γαστρὶ

2216 4589 2317 4660 τῆς
2367 4588 2671 4661 φερούσης’
2712 4589 2875 4642 οἱονεὶ
2913 4589 3054 4643 κατά
3100 4589 3198 4661 τὴν
3246 4592 3523 4661 γεωργίαν
3585 4591 3804 4660 πέφυκε

2216 4681 2458 4750 γίνεσθαι
2484 4684 2546 4734 ἐκ
2566 4679 2744 4749 νεφῶν
2771 4681 3095 4753 ἐπομϐρίας,
3119 4682 3152 4753 ἢ
3174 4682 3378 4752 ὀχετῶν
3396 4682 3659 4753 ἐπιρροῆς
3682 4680 3810 4734 δια-

2221 4771 2527 4844 ϐρεχούσης
2547 4772 2609 4825 τὸ
2645 4772 3024 4842 ὑποκείμενον.
3060 4773 3250 4842 Κῆπος
3276 4773 3331 4825 δέ
3368 4790 3452 4835 τις
3490 4771 3813 4825 ὑποκείσθω

2221 4865 2296 4935 τῷ
2333 4865 2479 4935 λόγῳ
2510 4865 2709 4936 μυρίας
2745 4863 2925 4933 φυτῶν
2955 4863 3098 4927 ἰδέας
3131 4865 3190 4916 ἐν
3223 4864 3400 4935 ἐαυτῷ
3435 4865 3649 4936 τρέφων
3678 4865 3811 4918 ἀλλ-

2217 4958 2416 5022 όπτους
2443 4959 2536 5012 καὶ
2561 4958 2819 5029 ἐτεροσχή
2830 4972 2962 5025 μους
2986 4957 3126 5010 κατὰ
3154 4957 3245 5010 τὸν
3289 4958 3451 5010 αὑτὸν
3484 4958 3579 5011 ἕνα
3604 4957 3767 5029 χορόν
3785 4975 3802 4988 ·

2218 5052 2480 5115 ὡσαύτως
2503 5052 2560 5104 δὲ
2593 5054 2688 5106 καὶ
2717 5055 2749 5124 ἡ
2783 5053 3072 5106 πιαίνουσα
3100 5050 3275 5104 ταῦτα
3310 5052 3408 5122 μία
3451 5070 3534 5115 τις
3561 5052 3809 5122 ὑπάρχει

2218 5143 2312 5197 τοῦ
2353 5144 2541 5206 ὓδατος
2565 5143 2745 5211 φύσις,
2777 5147 2810 5215 ἡ
2844 5145 2900 5196 δὲ
2949 5144 3055 5197 τῶν
3084 5145 3437 5217 τρεφομένων
3478 5145 3675 5215 ἰδιότης
3720 5149 3810 5209 εἰς

2212 5232 2503 5303 διαφόρους
2533 5234 2593 5286 τὸ
2623 5233 2789 5305 ὑγρὸν
2821 5233 3083 5303 μετέϐαλε
3111 5236 3422 5305 ποιότητας.
3447 5235 3519 5287 Τὸ
3556 5235 3664 5304 γὰρ
3699 5236 3810 5288 αὑ-

2212 5324 2273 5379 τὸ
2305 5327 2656 5397 πικραίνεται
2701 5325 2799 5396 μὲν
2831 5328 2889 5378 ὲν
2917 5329 2981 5397 τῇ
3010 5326 3239 5397 ἀψίνθῳ,
3270 5328 3351 5390 εἰς
3384 5326 3709 5397 φθοροποιὸν
3741 5326 3806 5381 δὲ

2210 5417 2383 5490 χυμὸν
2419 5420 2475 5471 ὲν
2519 5417 2597 5489 τῷ
2640 5418 2850 5489 κωνείῳ
2885 5418 3220 5489 μεθίσταται,
3248 5421 3342 5473 καὶ
3378 5420 3565 5491 ἕτερον
3620 5420 3845 5518 ἑτέρῳ⁴

2215 5511 2424 5579 γίνεται
2465 5511 2525 5564 τὸ
2554 5510 2633 5575 ἓν,
2670 5512 2728 5563 ἐν
2773 5509 2996 5581 κρόκῳ,
3027 5511 3083 5561 ἐν
3127 5509 3411 5582 βαλσάμῳ,
3447 5515 3504 5565 ἐν
3554 5513 3804 5583 μήκωνι.

2216 5601 2288 5654 Τὸ
2327 5601 2424 5670 μὲν
2447 5599 2554 5672 γὰρ
2585 5599 3031 5671 ἐκθερμαίνεται,
3052 5599 3114 5652 τὸ
3139 5599 3198 5652 δὲ
3223 5600 3613 5672 καταψύχεται,
3641 5601 3707 5654 τὺ
3738 5602 3808 5658 δὲ

2215 5693 2394 5764 μέσην
2439 5692 2551 5761 ἔχει
2607 5693 2889 5763 ποιότητα.
2938 5691 3026 5743 Ἐν
3058 5690 3230 5762 δάφνῃ
3257 5690 3314 5744 δὲ
3343 5693 3438 5745 καὶ
3469 5693 3663 5763 σχοίνῳ
3698 5697 3810 5748 καὶ

2211 5791 2326 5852 τοῖς
2372 5789 2578 5859 ὁμοίοις
2632 5782 3083 5858 ἀρωματοφόροις
3120 5782 3256 5855 πνοὴ
3285 5782 3527 5854 γίνεται,
3554 5785 3616 5839 ἐν
3648 5790 3824 5859 cur}
