4142 6382
358 406 497 461 1055

361 529 419 583 δὲ
450 528 545 581 καὶ
596 526 725 599 ὄχνῃ
769 530 1279 599 καταγλυκαίνεται,
1320 534 1413 586 καὶ
1440 534 1527 589 διὰ
1558 537 1657 606 τῆς
1686 537 1932 608 ἀμπέλου

360 622 437 685 εἰς
458 616 717 673 οἷνονκαὶ
739 622 828 673 τὸν
860 621 1052 693 βότρυν
1084 624 1427 693 μεθίσταται,
1455 628 1513 679 ὲν
1553 628 1630 697 τῷ
1660 630 1814 701 μήλῳ
1843 650 1939 700 χυ-

365 712 654 782 μαίνεται,
686 714 742 763 ὲν
770 711 849 781 τῷ
884 713 1055 784 κρίνῳ
1082 713 1455 781 λευκαίνεται,
1489 719 1544 770 ὲν
1584 720 1662 790 τῷ
1702 722 1765 792 ίῳ
1799 739 1936 781 κυα-

360 802 585 867 νίζεται.
630 802 881 855 Τοιοῦτόν
910 822 964 857 τι
1011 806 1106 858 καὶ
1152 806 1292 860 κατὰ
1320 807 1411 860 τὸν
1448 808 1689 879 ἔμψυχον
1723 811 1815 864 τοῦ
1842 812 1939 864 σώ-

366 911 533 963 ματος
556 893 710 963 ἡμῶν
728 895 902 965 κῆπον
931 895 1429 968 θαυματουργεῖται
1455 899 1559 951 ὑπὸ
1575 902 1673 971 τῆς
1701 902 1936 971 φύσεως,

366 986 566 1056 μᾶλλον
593 987 651 1040 δὲ
688 988 842 1059 παρά
888 988 982 1041 τοῦ
1035 990 1309 1044 Δεσπότου
1352 992 1454 1062 τῆς
1494 992 1731 1062 φύσεως.
1771 996 1936 1059 ὀστᾶ,

363 1078 458 1131 καὶ
477 1079 691 1149 χόνδροι
716 1120 731 1145 ,
769 1080 961 1149 φλέϐες
987 1123 1002 1146 ,
1030 1082 1326 1154 ἀρτηρίαι,
1367 1083 1536 1157 νεῦρα
1562 1127 1577 1152 ,
1615 1085 1937 1158 σύνδεσμοι,

366 1172 567 1242 σάρκες
591 1213 606 1239 ,
639 1173 815 1245 δέρμα
837 1215 851 1238 ,
890 1173 1115 1245 πιμελαί
1133 1214 1148 1236 ,
1183 1176 1369 1246 τρίχες
1393 1217 1408 1240 ,
1445 1177 1630 1243 ἀδένες
1650 1220 1663 1243 ,
1713 1179 1900 1249 ὄνυχες
1926 1220 1941 1243 ,

364 1266 655 1336 ὀφθαλμοὶ,
689 1267 1004 1337 μυκτῆρες,
1034 1261 1147 1320 ὦτα
1167 1307 1181 1333 ,
1209 1272 1302 1323 καὶ
1341 1271 1514 1342 μυρία
1553 1273 1690 1343 πρὸς
1735 1273 1944 1337 τούτοις

364 1356 460 1409 ἀπ’
510 1356 753 1427 ἀλλήλων
797 1357 1120 1428 διιστάμενα
1158 1377 1171 1389 ·
1202 1360 1301 1430 μία
1332 1361 1388 1414 δὲ
1434 1363 1534 1433 τῆς
1571 1364 1777 1434 τροφῆς
1835 1364 1947 1418 ἰδέα

368 1448 546 1502 πάντα
597 1450 951 1521 καταλλὴλως
989 1454 1055 1522 τῇ
1105 1452 1313 1507 ἑαυτῶν
1350 1455 1608 1526 τρέφεται
1652 1456 1843 1525 φύσει·
1872 1456 1947 1521 ὡς

368 1542 598 1597 ἑκάστου
624 1541 731 1595 τῶν
754 1543 1131 1614 ὑποκειμένων
1151 1546 1253 1618 τὴν
1276 1547 1481 1619 τροφὴν
1508 1548 1946 1619 προσϐαλοῦσαν,

367 1635 504 1703 ὅπερ
536 1633 601 1686 ἂν
634 1633 878 1708 ὲπελάσῃ
923 1637 1045 1689 κατ’
1088 1638 1266 1691 ἐκεῖνο
1321 1639 1697 1705 ἀλλοιοῦσθαι,
1740 1641 1949 1695 οἰκείαν

368 1726 463 1780 καὶ
491 1727 745 1796 προσφυῆ
779 1728 846 1796 τῇ
880 1726 976 1780 τοῦ
1026 1728 1227 1799 μέρους
1265 1730 1485 1800 ἰδιότητι
1534 1733 1850 1805 γινομένην.
1888 1734 1950 1785 Εἰ

368 1818 477 1888 γὰρ
510 1818 648 1872 κατά
691 1818 781 1870 τὸν
818 1818 1095 1890 ὀφθαλμὸν
1130 1821 1360 1889 γένοιτο,
1401 1821 1478 1892 τῷ
1506 1824 1745 1894 όρατικῷ
1794 1825 1951 1895 μέρει

371 1911 794 1981 συγκατεκράθη
816 1950 830 1974 ,
866 1912 957 1964 τὸν
985 1912 1160 1983 ὑμένα
1193 1914 1509 1983 ὑπαλείφων
1539 1915 1637 1968 τοῦ
1670 1916 1917 1987 ὄμματος
1936 1933 1950 1948 ο

369 2000 599 2063 καὶτοῖς
626 2001 973 2063 ἀκουστικοῖς
1010 2001 1201 2071 μέρεσι
1231 2001 1545 2066 διενιζάνων
1586 2022 1957 2077 συμπεριτορ·

369 2091 556 2145 νοῦται
585 2095 652 2162 τῇ
685 2092 958 2163 ἀκοῇ,καὶ
980 2092 1048 2145 τὰ
1078 2093 1227 2163 χείλη
1249 2093 1491 2160 νοτίζων,
1524 2091 1635 2149 οἷον
1653 2097 1806 2169 δέριά
1836 2116 1957 2153 τινα

370 2183 471 2236 οὐκ
493 2184 557 2255 ἑᾷ
596 2184 1082 2255 καταφρυχθῆναι,
1121 2186 1216 2239 καὶ
1263 2187 1518 2254 γενέσθαι
1573 2188 1826 2257 ἐξίτηλα·
1864 2191 1959 2244 καὶ

372 2274 429 2326 ὲν
451 2274 623 2344 ὀστέῳ
659 2275 953 2345 πήγνυται,
978 2276 1071 2327 καὶ
1093 2277 1151 2328 ὲν
1186 2276 1369 2348 μυελῷ
1398 2278 1732 2331 ἀπαλύνεται
1750 2296 1763 2309 ο
1794 2281 1852 2332 ὲν
1881 2280 1959 2351 τῷ

372 2364 549 2435 νεύρῳ
569 2364 841 2428 τονοῦται,
857 2366 952 2418 καί
977 2368 1042 2437 τῇ
1070 2367 1363 2439 ἐπιφανείᾳ
1394 2370 1848 2428 συνεπιτείνεται,
1866 2370 1960 2423 καί⁵

371 2455 452 2518 εἰς
477 2454 643 2525 ὄνυχα
669 2454 958 2519 διαϐαίνει,
992 2457 1085 2509 καὶ
1116 2459 1196 2520 εἰς
1230 2458 1416 2529 τριχὸς
1451 2459 1667 2527 γένεσιν
1698 2460 1962 2533 λεπτουρ-

370 2549 551 2617 γείται
588 2551 703 2610 τοῖς
737 2547 1095 2619 καταλλήλοις
1127 2550 1339 2620 ἀτμοῖς.
1372 2552 1484 2603 Καὶ
1507 2552 1555 2603 εἰ
1594 2552 1695 2621 μὲν
1724 2550 1812 2605 διὰ
1832 2568 1962 2605 σκο-

372 2638 503 2693 λιῶν
560 2638 911 2710 ὲξατμίξεται
960 2640 1164 2712 πόρων,
1210 2641 1530 2713 οὐλοτέρους
1577 2645 1665 2696 καὶ
1714 2644 1964 2708 ἐλικτοὺς

376 2730 632 2784 ἀποτελεῖ
670 2732 795 2794 τοὺς
833 2731 1175 2803 βόστρυχαςσ
1209 2734 1258 2785 εἰ
1292 2734 1348 2787 δὲ
1376 2734 1442 2787 δι’
1466 2734 1670 2787 εὐθέων
1704 2736 1795 2788 καὶ
1826 2736 1965 2789 άπα-

373 2820 648 2893 λωτὲρων,
682 2821 890 2884 ἁπλοῦς
928 2823 1024 2875 καὶ
1051 2825 1293 2894 νήματος
1314 2825 1488 2895 δίκην,
1510 2826 1598 2879 διὰ
1627 2826 1739 2879 τῶν
1774 2826 1963 2898 ἀτμῶν

372 2912 757 2984 τριχευομένου
796 2913 890 2967 τοῦ
926 2917 991 2968 ὲκ
1022 2915 1131 2969 τῶν
1176 2917 1361 2971 σιτίων
1399 2917 1727 2981 διιζάνοντος
1764 2918 1960 2989 ὑγροῦ·

373 3009 422 3059 εἰ
456 3006 513 3058 δὲ
550 3007 637 3059 διὰ
686 3006 1037 3079 θερμοτέρων
1084 3009 1185 3079 τῆς
1234 3009 1461 3081 καρδίας
1504 3011 1599 3063 καὶ
1628 3010 1723 3063 τοῦ
1755 3011 1963 3081 ἥπατος

374 3097 431 3148 αἰ
453 3094 847 3166 ἀναθυμιάσεις
882 3097 974 3151 ἐπὶ
1007 3098 1104 3169 τὴν
1128 3098 1338 3169 κράνην
1368 3098 1770 3169 έξατμίζονται,
1796 3100 1967 3167 φαλα-

375 3185 543 3257 κροῦν
575 3186 805 3256 πέφυκε,
842 3187 937 3241 τοῦ
965 3188 1173 3260 ψυχροῦ
1203 3189 1575 3251 ἐπιλείποντος
1597 3208 1609 3219 ·
1638 3190 1732 3242 τοῦ
1752 3191 1808 3244 δὲ
1838 3191 1956 3262 θερ-

380 3280 482 3350 μοῦ
510 3283 957 3354 ἐπικρατοῦντος,
982 3286 1461 3357 καταφρύττεσθαι
1503 3287 1596 3340 καὶ
1635 3290 1964 3357 τριχορυεῖν.

389 3373 531 3427 Ἀλλ’
575 3375 747 3439 ὄντως
799 3376 1057 3449 εὖκαιρον
1107 3380 1239 3448 ἡμῖν
1293 3379 1516 3450 χρῆμα,
1563 3379 1735 3447 γλυκύ
1770 3396 1830 3431 τε
1872 3379 1965 3431 καὶ

377 3463 710 3532 ἀξιάγαστον
749 3468 845 3520 καὶ
882 3467 975 3519 τοῦ
1025 3469 1226 3531 παντὸς
1262 3470 1413 3535 ἀξιον
1454 3469 1637 3537 λόγου,
1679 3470 1770 3521 τὸν
1813 3468 1962 3537 σφῶν

376 3557 649 3629 δεσπότην
684 3559 777 3611 καὶ
817 3558 1085 3629 πρύτανιν
1122 3561 1428 3632 γεραίρειν,
1460 3563 1535 3632 τῷ
1557 3562 1830 3633 θεσπεσίῳ
1864 3565 1966 3614 Δα-

380 3654 467 3707 6ἰδ
518 3653 896 3724 συμμελῳδεῖν
919 3693 934 3717 ,
973 3655 1067 3720 Ὡς
1108 3656 1486 3726 ἐμεταλύνθη
1540 3656 1613 3709 τὰ
1657 3656 1803 3725 ἔργα
1825 3673 1963 3721 σου,

378 3748 574 3815 Κύριε’
608 3744 806 3799 πάντα
849 3746 919 3799 ἐν
946 3749 1132 3817 σοφίᾳ
1157 3748 1474 3814 ἐποίησας.
1508 3750 1604 3815 Τίς
1635 3749 1744 3819 γὰρ
1778 3748 1968 3814 λαλή-

379 3858 479 3897 σει
498 3842 604 3908 τὰς
633 3841 998 3904 δυναστείας
1017 3838 1124 3892 τοῦ
1154 3838 1375 3905 Κυρίου
1401 3838 1438 3907 ἣ
1462 3840 1552 3904 τίς
1581 3837 1969 3905 διηγήσεταω

381 3934 480 3997 Τίς
526 3934 634 4004 γὰρ
674 3934 918 4003 ἐφίξεται
951 3931 1110 4001 λόγος
1153 3930 1504 4001 παραστῆσαι
1553 3929 1717 3993 ;Πῶς
1754 3931 1861 4002 γὰρ
1909 3931 1969 3996 ἐξ

383 4025 710 4097 ἐτερουσίων
767 4025 862 4076 καὶ
910 4023 1220 4094 διαφόρων,
1267 4021 1397 4091 μίαν
1459 4021 1560 4091 τὴν
1609 4021 1771 4090 φύσιν
1814 4022 1971 4092 ἡμῶν

384 4117 813 4190 ἐδημιούργησε,
855 4118 949 4169 καὶ
971 4116 1031 4168 οὑ
1055 4114 1339 4183 διαφεύγει
1364 4112 1590 4185 θάτερον
1620 4114 1850 4185 θατέρου
1873 4114 1972 4183 τὴν

384 4211 672 4265 κοινωνίαν
707 4210 800 4264 καὶ
844 4209 1061 4273 ἕνωσιν,
1098 4208 1206 4279 πρὸ
1236 4207 1347 4260 τῶν
1386 4207 1542 4278 παρὰ
1585 4206 1679 4260 σοῦ
1710 4208 1852 4277 ὅρων
1875 4206 1974 4276 τῆς

384 4303 615 4356 ἑκάστου
641 4302 786 4372 ζωῆς
811 4319 825 4332 ·
854 4301 969 4355 ἀλλ’
1010 4300 1258 4369 ἀφθόνως
1290 4297 1577 4352 διικνεῖται
1618 4301 1779 4370 μέχρι
1807 4298 1978 4371 περά-

381 4408 489 4448 ⁴των
518 4393 595 4463 τῷ
613 4392 792 4463 θνητῷ
821 4395 852 4463 ἡ
885 4392 1150 4454 ἀθάνατος
1174 4407 1187 4421 ’
1208 4390 1301 4443 καὶ
1330 4390 1491 4443 πάλιν
1530 4391 1746 4462 μακρὰν
1768 4392 1977 4462 χαίρειν

384 4487 576 4557 ἀφίησι
625 4490 691 4557 τῇ
741 4486 1068 4556 συνημμένη
1102 4484 1179 4554 τῷ
1234 4483 1487 4553 σώματι,
1518 4484 1816 4555 πειθομένη
1873 4486 1971 4556 τῆς

383 4579 716 4641 διαστάσεως
739 4577 815 4648 τῷ
832 4579 1215 4647 προστάγματι
1236 4593 1250 4640 ;
1280 4577 1375 4639 Τίς
1395 4576 1450 4628 δὲ
1472 4577 1544 4646 μὴ
1575 4578 1820 4647 ὲκπλαγή
1831 4594 1979 4631 σεται

386 4673 451 4725 ὲκ
470 4671 592 4741 χοὸς
612 4671 751 4742 ὁρῶν
771 4669 1008 4722 τοσαῦτα
1034 4670 1169 4739 μέλη
1193 4670 1287 4722 καὶ
1312 4669 1448 4739 μέρη
1468 4668 1562 4722 τοῦ
1586 4668 1856 4739 σώματος,
1876 4669 1986 4723 διά-

388 4778 529 4831 φορα
551 4760 685 4813 ὀστᾶ
711 4760 823 4830 (91)
843 4760 1176 4830 κατάλληλα,
1197 4762 1458 4829 στροφαῖς
1485 4761 1574 4812 καὶ
1596 4760 1812 4831 τόρναις
1844 4778 1906 4813 συ
1916 4779 1981 4831 μ-

389 4852 720 4923 ϐεϐλημένα,
747 4852 822 4915 ὡς
846 4852 1063 4923 σαρκῶν
1088 4851 1486 4923 ὑπερείσματα,
1519 4851 1613 4905 καὶ
1643 4852 1778 4924 πρὸς
1801 4855 1980 4907 πᾶσαν

389 4944 586 5001 εὔκολα
611 4946 844 5015 κίνησιν,
877 4944 1018 5016 ἅπερ
1048 4944 1123 5007 ὡς
1148 4944 1252 4996 ὑπὸ
1303 4946 1432 5014 μιᾶς
1483 4945 1751 5015 γραμμῆς
1800 4947 1979 5011 πάσας

387 5036 697 5101 ἀποσώζειν
720 5037 816 5100 τὰς
834 5037 1076 5104 ἀλογίας,
1097 5037 1230 5106 μέλη
1260 5036 1477 5107 μέλεσιν
1512 5038 1795 5108 ἰσόρροπα,
1827 5038 1976 5106 δεξιὰ

387 5131 511 5201 χεὶρ
541 5130 809 5207 ἰσομήκης
837 5146 896 5181 τε
944 5128 1081 5198 λείᾳ,
1117 5129 1211 5181 καὶ
1248 5128 1509 5192 δάκτυλος
1561 5128 1810 5200 δακτύλῳ
1834 5170 1848 5193 ,
1878 5136 1971 5184 καὶ

386 5220 586 5291 ταρσὸς
609 5218 815 5290 ταρσῷ.
831 5223 924 5271 καὶ
959 5218 1113 5289 βάσις
1142 5219 1296 5290 βάσει
1317 5258 1330 5281 ,
1349 5220 1441 5271 καὶ
1469 5218 1539 5270 τά
1562 5220 1684 5272 καθ’
1717 5221 1967 5278 ἕκαστον.

1765 415 2064 473 DIALOGU
2077 419 2110 474 S
2137 415 2221 473 III.

3484 416 3623 473 1031

2044 535 2422 593 ferentibusin
2472 534 2835 606 fragrantiam
2880 545 3268 604 commutatur,
3337 537 3390 592 in
3430 540 3531 595 ﬁcu
3562 550 3621 597 et

2050 647 2182 701 pyro
2209 629 2497 693 dulcescit,
2528 643 2623 697 per
2655 629 2818 682 vitem
2852 629 2903 682 in
2929 631 3117 683 vinum
3147 638 3200 683 et
3248 634 3464 685 botrutn
3497 649 3620 686 mu-

2050 732 2212 782 tatur,
2252 722 2304 775 in
2338 737 2501 791 pomo
2532 722 2791 784 rubescit,
2814 722 2866 775 iu
2895 722 3006 775 lilio
3031 723 3281 787 albescit,
3313 725 3367 777 in
3396 725 3535 778 viola
3566 725 3625 778 fit

2047 812 2335 866 caaruleus.
2390 808 2520 879 Tale
2550 812 2807 880 quiddam
2864 821 2919 867 et
2960 813 3014 865 in
3068 813 3311 868 animato
3371 816 3621 885 corporis

2048 906 2211 959 horto
2250 903 2573 958 mirabiliter
2630 919 2658 957 a
2702 912 2899 958 natura
2945 904 3198 970 efﬁcitur,
3262 906 3375 961 imo
3436 922 3624 963 veroa

2051 1004 2259 1049 natura:
2278 993 2528 1048 Domino.
2566 991 2702 1047 Ossa
2747 1003 2875 1048 sunt
2900 995 3009 1057 hic,
3048 996 3420 1065 cartilagines,
3448 1013 3623 1065 venae,

2052 1085 2287 1150 arteriae,
2353 1083 2527 1146 nervi,
2584 1084 2863 1155 ligamina,
2917 1100 3139 1149 carnes,
3180 1088 3346 1151 cutis,
3402 1089 3616 1153 arvina,

2052 1176 2169 1244 pili,
2206 1174 2460 1239 tonsillae,
2484 1189 2716 1243 ungues,
2742 1174 2909 1236 oculi,
2937 1190 3117 1241 nares,
3146 1190 3330 1242 aures,
3364 1183 3629 1245 etpraater

2056 1267 2168 1321 haec
2197 1265 2410 1320 inﬁnita
2439 1266 2688 1335 quaedam
2728 1265 2858 1329 alia,
2886 1266 3029 1320 inter
3056 1283 3113 1321 se
3136 1266 3377 1331 diversa,
3405 1282 3529 1321 cum
3556 1268 3630 1322 sit

2055 1357 2216 1410 unica
2248 1355 2567 1411 nutritnenti
2588 1357 2823 1425 species,
2862 1373 2969 1426 qua
3008 1361 3188 1413 on‘nia
3241 1360 3630 1413 convenienter

2054 1464 2154 1518 pro
2180 1464 2276 1502 sua
2295 1457 2488 1501 natura
2508 1449 2845 1514 nutriuntur,
2872 1449 2941 1502 ita
2968 1457 3025 1502 ut
3045 1449 3632 1519 uuicuiquesubjecto-

2055 1557 2174 1595 rum
2202 1541 2466 1610 applicata
2488 1541 2772 1602 alimenta,
2801 1539 2855 1593 in
2884 1541 3004 1609 ejus
3020 1547 3270 1594 naturam
3320 1550 3626 1606 mutentur,

2056 1634 2121 1689 ad
2137 1636 2280 1704 quod
2300 1633 2642 1693 deferuntur,
2665 1649 2730 1687 ac
2752 1634 3027 1703 propriam
3047 1634 3216 1702 partis
3236 1632 3356 1702 ejus
3390 1635 3635 1702 proprie-

2058 1734 2222 1779 tatem
2249 1724 2500 1778 induant.
2531 1723 2665 1777 Nam
2692 1724 2734 1777 si
2766 1724 2832 1777 ad
2888 1724 3107 1778 oculum
3137 1723 3403 1777 alimonia
3452 1732 3641 1793 perveé

2060 1820 2222 1884 nerit,
2259 1818 2399 1888 parti
2432 1818 2678 1872 cernenti
2730 1816 2892 1871 mista
2950 1817 3325 1871 membranam
3373 1817 3519 1870 oculi
3550 1815 3631 1869 ri-

2056 1921 2169 1981 gat.
2190 1910 2253 1964 Et
2276 1911 2499 1966 auditus
2526 1910 2776 1980 partibus
2800 1908 3065 1974 insidens,
3096 1909 3529 1964 circumrotatur
3560 1908 3630 1962 ad

2058 2005 2329 2059 auditum.
2392 2002 2459 2057 Et
2519 2003 2672 2057 labra
2734 2002 3081 2066 humectans,
3140 2002 3303 2055 veluti
3358 2000 3640 2071 pelliculas

2057 2098 2347 2168 quasdam,
2375 2112 2481 2151 non
2513 2096 2644 2151 sinit
2669 2109 2734 2149 ea
2764 2094 2960 2148 siccari
2984 2104 3039 2148 et
3066 2107 3406 2147 exarescere.
3432 2091 3490 2145 In
3516 2106 3642 2147 osse

2058 2192 2318 2257 durescit,
2345 2190 2398 2244 in
2433 2189 2670 2244 medulla
2696 2188 2989 2242 mollescit.
3020 2185 3075 2241 In
3116 2201 3285 2241 nervo
3321 2186 3638 2248 roboratur,

2062 2285 2115 2339 in
2148 2283 2439 2352 superﬁcie
2475 2296 2581 2335 una
2612 2279 2943 2341 extenditur,
2977 2278 3029 2332 in
3063 2292 3299 2346 unguem
3328 2276 3550 2338 desinit,
3580 2276 3641 2329 in

2058 2374 2238 2445 capilli
2269 2360 2624 2444 generatione
2656 2386 2752 2441 per
2794 2371 3054 2425 humores
3088 2369 3472 2425 convenientes
3502 2379 3645 2424 atte-

2062 2472 2283 2519 nuatur.
2337 2463 2417 2517 Ac
2459 2463 2504 2517 si
2552 2461 2773 2532 quidem
2833 2476 2930 2530 per
2982 2468 3260 2514 tortuosos
3311 2470 3523 2514 meatus
3552 2460 3647 2513 liat

2060 2556 2396 2627 evaporatio,
2432 2554 2728 2625 crispiores
2760 2554 3181 2624 ituplicatosque
3206 2552 3389 2607 crines
3427 2552 3590 2607 efﬁcit
3628 2569 3643 2605 :

2063 2649 2109 2704 si
2135 2664 2264 2703 vero
2303 2664 2399 2717 per
2442 2657 2620 2702 rectos
2663 2654 2718 2701 et
2767 2646 3089 2707 teneriores,
3141 2645 3419 2714 simplices
3467 2655 3521 2697 et
3551 2660 3648 2697 ex-

2063 2749 2242 2795 tentos
2305 2739 2478 2793 instar
2522 2738 2618 2804 ﬁli,
2675 2753 2773 2809 per
2826 2737 3245 2805 evaporationes
3312 2736 3366 2791 in
3419 2737 3648 2805 capillos

2064 2842 2402 2888 commutato
2457 2831 2553 2885 illo
2598 2831 2854 2895 humore,
2905 2829 2999 2899 qui
3047 2846 3113 2883 ex
3160 2829 3299 2884 cibis
3339 2829 3557 2884 residet.
3589 2827 3649 2882 Si

2064 2941 2194 2981 vero
2221 2940 2316 2994 per
2353 2923 2641 2979 calidiores
2679 2922 2863 2978 cordis
2899 2930 2951 2976 et
2998 2921 3262 2990 jecinoris
3307 2931 3489 2991 partes
3525 2937 3653 2975 eva-

2065 3019 2384 3089 porationes
2422 3018 2477 3071 in
2513 3026 2677 3086 caput
2720 3016 2998 3077 exhalant,
3029 3014 3307 3069 calvitium
3350 3013 3465 3067 ﬁeri
3489 3014 3651 3078 solet,

2068 3112 2139 3165 ob
2194 3108 2412 3178 frigoris
2466 3107 2761 3162 defectum.
2812 3105 3118 3175 Superante
3164 3119 3405 3173 namque
3446 3104 3650 3168 calore,

2067 3201 2334 3256 exsiccari
2376 3208 2596 3255 constat
2634 3215 2699 3255 ac
2728 3199 2964 3254 deﬂuere
3005 3198 3206 3252 crines.
3242 3196 3534 3257 Enimvero
3567 3213 3653 3253 res

2068 3305 2377 3364 opportuna
2408 3303 2461 3348 et
2488 3295 2694 3357 suavis,
2720 3305 2775 3348 et
2815 3276 3177 3348 admiratione
3210 3292 3369 3360 digna
3395 3292 3653 3361 omnique

2068 3386 2457 3457 praedicatione
2486 3384 2673 3449 fuerit,
2721 3394 2971 3440 nostrum
3014 3384 3104 3439 ltic
3137 3400 3237 3439 nos
3272 3384 3564 3439 Dominum
3596 3392 3652 3437 et

2068 3479 2490 3549 gubernatorem
2522 3477 2819 3540 celebrare,
2852 3491 2917 3530 ac
2943 3492 3046 3530 una
3082 3491 3205 3531 cum
3239 3475 3441 3531 Davide
3469 3476 3655 3530 divino

2066 3578 2189 3625 vale
2238 3584 2437 3624 canere
2480 3588 2493 3624 :
2555 3568 2729 3633 Quam
2780 3568 3125 3637 magniﬁcam
3169 3577 3293 3621 sunt
3332 3583 3489 3637 opera
3538 3576 3653 3629 tua,

2069 3662 2326 3716 Domine!
2353 3673 2543 3715 cuncta
2582 3662 2851 3729 sapienter
2895 3660 3069 3724 fecisti
3102 3660 3169 3715 ³⁸.
3207 3659 3338 3726 ραις
3365 3659 3507 3713 enim
3535 3674 3657 3727 pos-

2069 3756 2138 3809 sit
2179 3754 2371 3824 eloqui
2412 3755 2674 3824 potentias
2714 3752 2950 3818 Domini,
2994 3761 3087 3805 aut
3117 3753 3233 3822 quis
3270 3750 3540 3805 enarrabit
3573 3750 3657 3804 ὀἳ

2070 3847 2204 3913 Quis
2229 3856 2550 3917 assequetur
2581 3861 2780 3905 sermo,
2804 3855 2863 3899 ut
2895 3846 3009 3899 haec
3038 3844 3348 3914 exprimat?
3373 3843 3658 3909 Quomodo

2071 3940 2215 3993 enim
2243 3956 2306 3994 ex
2333 3940 2399 3994 iis
2434 3955 2556 4009 qua:
2586 3940 2818 3993 diversae
2848 3937 3172 3993 substantiae
3196 3945 3323 3991 sunt
3347 3947 3399 3990 et
3426 3936 3567 3990 inter
3598 3951 3658 3989 se

2073 4030 2351 4093 diﬂ’erunt,
2385 4046 2549 4085 unam
2588 4040 2842 4084 naturam
2888 4038 3135 4083 nostram
3175 4027 3449 4091 condidit;
3481 4040 3659 4095 neque

2073 4120 2273 4191 refugit
2309 4121 2540 4175 alterum
2566 4120 2635 4174 ab
2660 4118 2887 4173 alterius
2909 4116 3294 4172 communione
3315 4115 3400 4170 vel
3432 4116 3656 4179 unione,

2075 4222 2200 4268 ante
2235 4214 2443 4284 positos
2473 4229 2502 4267 a
2537 4221 2589 4266 te
2627 4213 2923 4282 unicuique
2953 4210 3081 4265 vita:
3125 4213 3409 4275 terminos,
3456 4209 3549 4265 sed
3589 4207 3658 4262 ad

2077 4306 2237 4359 tinem
2264 4321 2436 4375 usque
2475 4314 2667 4358 natura
2699 4303 3023 4358 immortalis
3057 4319 3182 4357 cum
3227 4301 3444 4356 mortali
3478 4301 3656 4370 degit;

2076 4413 2380 4467 rursusque
2447 4397 2667 4467 longum
2721 4396 2976 4450 valedicit
3040 4382 3347 4463 conjunctae
3400 4393 3657 4461 corpori,

2079 4489 2336 4543 obediens
2378 4489 2605 4558 imperio
2648 4487 3055 4557 separationis?
3092 4487 3226 4553 Quis
3261 4499 3391 4539 vero
3421 4500 3530 4537 non
3561 4485 3660 4537 ob-

2082 4589 2381 4649 stupescat,
2414 4597 2477 4634 ex
2511 4579 2734 4650 pulvere
2762 4578 2905 4633 facta
2940 4579 3128 4631 videns
3162 4587 3237 4631 tot
3270 4577 3512 4629 membra
3536 4591 3662 4645 par-

2086 4681 2276 4742 tesque
2304 4671 2571 4741 corporis.
2614 4670 2991 4725 convenientia
3029 4671 3169 4724 inter
3210 4685 3268 4723 se
3307 4682 3453 4733 ossa,
3490 4675 3664 4719 verte—

2086 4765 2199 4819 bris
2226 4776 2278 4819 et
2302 4765 2686 4833 juncturarum
2724 4763 2897 4817 tornis
2927 4763 3068 4816 inter
3096 4777 3155 4816 se
3194 4760 3510 4823 commissa,
3540 4771 3663 4827 quae

2082 4856 2245 4908 veluti
2299 4857 2544 4909 carnium
2592 4854 2928 4909 adminicula
2970 4853 3252 4921 fulcraquc
3298 4856 3446 4913 sunt,
3499 4857 3553 4901 et
3594 4845 3664 4900 ad

2081 4962 2296 4999 omnem
2335 4946 2536 4999 habilia
2583 4954 2815 5007 tnotum,
2848 4945 3116 5012 quasique
3162 4942 3227 4995 ad
3258 4956 3421 4994 unam
3460 4939 3562 4992 sila
3594 4938 3663 4990 li-

2078 5054 2259 5103 neam,
2298 5047 2358 5091 ut
2404 5053 2745 5107 quascunque
2786 5051 2979 5107 parum
3030 5043 3155 5088 sunt
3190 5032 3387 5086 rationi
3434 5043 3667 5085 consen-

2080 5139 2269 5195 tanea,
2300 5130 2644 5184 removeam?
2684 5130 2824 5182 Sunt
2871 5130 2997 5182 item
3043 5128 3285 5180 membra
3333 5138 3456 5178 cum
3493 5136 3665 5174 mem-

2079 5223 2193 5277 bris
2248 5224 2392 5276 velut
2442 5224 2495 5275 in
2544 5220 2853 5291 atquilibrio
2913 5218 3091 5287 posita
3132 5234 3145 5269 :
3192 5215 3414 5268 dextera
3468 5225 3663 5265 manus

387 5312 503 5381 pari
553 5310 892 5381 longitudine
956 5327 1082 5364 cum
1150 5311 1305 5375 laeva,
1335 5311 1535 5379 digitus
1591 5328 1716 5367 cum
1771 5314 1959 5385 digito,
2004 5315 2186 5386 planta
2214 5332 2339 5371 cum
2380 5316 2583 5388 planta,
2624 5331 2716 5384 pes
2754 5329 2878 5368 eum
2913 5312 3067 5381 pede,
3107 5310 3401 5376 itidemque
3440 5318 3664 5371 compa-

385 5413 505 5457 rata
537 5412 661 5457 sunt
691 5404 795 5455 alia
826 5402 1057 5470 singula.

472 5493 613 5547 Ἀλλ’
646 5494 872 5556 εἰκότως
900 5494 992 5545 ἐπὶ
1022 5494 1121 5564 τὴν
1152 5495 1398 5567 κορυφὴν
1422 5496 1521 5567 τῆς
1546 5497 1694 5565 σφῶν
1717 5499 1978 5570 δημιουρ-

388 5585 514 5656 γίας
547 5586 625 5657 τῷ
660 5586 802 5657 λόγῳ
837 5584 1271 5658 ἀναδράμωμεν,
1309 5588 1517 5640 ἐκεῖθεν
1563 5589 1656 5641 ἐπὶ
1694 5589 1794 5655 τὰς
1845 5591 1978 5661 πρό-

391 5677 557 5742 ποδας
605 5678 699 5731 καὶ
736 5677 803 5730 τὰ
840 5678 1030 5730 πέδιλα
1079 5678 1373 5746 φοιτῶντες
1398 5696 1410 5708 ⁶
1452 5680 1650 5750 μᾶλλον
1697 5682 1757 5735 δὲ
1792 5683 1886 5737 καὶ
1920 5680 1979 5746 ἐξ
2010 5712 2011 5715 η

465 5759 509 5791 ³⁸
545 5760 689 5815 Psal.
723 5776 841 5825 cm,
870 5760 962 5813 24.
998 5761 1042 5792 ³⁹
1065 5758 1211 5815 Psal.
1247 5777 1333 5825 cv,
1365 5763 1421 5817 2.

2154 5498 2257 5552 Sed
2307 5504 2391 5551 est
2436 5510 2616 5566 operat
2662 5492 2891 5563 pretium
2939 5498 2997 5542 ut
3037 5487 3104 5541 ad
3152 5487 3408 5540 verticem
3462 5491 3665 5537 nostra:

2079 5589 2373 5644 creationis
2412 5588 2663 5642 oratione
2711 5595 3080 5642 recurramus,
3131 5578 3261 5631 inde
3301 5575 3367 5629 ad
3412 5574 3576 5643 pedes
3609 5584 3663 5626 et

2082 5680 2271 5734 talaria
2302 5678 2669 5733 devenientes.
2693 5673 2836 5739 Quin
2856 5672 2924 5725 ab
2951 5670 3067 5739 ipsa
3090 5666 3227 5737 jam,
3261 5664 3307 5719 si
3334 5663 3449 5715 lieri
3472 5669 3654 5731 queat,

462 5806 1089 5903 (913'750'2'5'k3zlmx'.
1110 5806 1342 5887 "iis;ch
1368 5806 1495 5903 quae
1528 5839 1832 5901 sequuntur
1859 5830 2231 5902 dcsumpsisse
2264 5828 2559 5885 Caesarium
2591 5842 2654 5882 ex
2690 5823 2951 5895 Recognit.
2984 5822 3076 5878 lib.
3099 5837 3216 5888 vm,
3252 5834 3373 5890 cap.
3394 5817 3483 5883 29,
3508 5806 3655 5868 haud

394 5897 604 5956 dubitat
651 5902 955 5957 Uotelerius
991 5903 1027 5956 l.
1062 5917 1109 5956 c.
