4142 6382
505 344 647 402 1055

505 458 690 513 anima
711 457 1012 515 ordiamur.
1030 460 1325 520 Considera
1347 464 1533 536 igitur,
1555 469 1805 536 obsecro,
1826 472 2084 543 teipsum,

504 559 560 599 et
606 549 840 605 neminis
888 552 1154 610 adhibens
1200 559 1622 627 expositionem,
1655 579 1761 632 qua
1808 566 1876 620 de
1919 567 2087 620 totius

509 640 880 699 universitatis
906 646 1125 715 opificio
1153 649 1493 707 conditorem
1539 654 1858 727 investiges,
1905 659 1959 713 in
2007 667 2088 714 te-

509 739 762 808 metipso,
795 743 944 798 velut
982 745 1037 800 in
1062 761 1231 815 parvo
1252 750 1480 818 mundo,
1511 753 1838 811 ineﬂ‘abile’m
1872 757 1966 814 Dei
1998 775 2088 815 sa-

507 831 767 902 pientiam
818 839 1137 908 perspicies.
1187 841 1365 914 Atque
1427 857 1553 902 ante
1603 851 1788 904 omnia
1834 852 2087 924 incorpo-

508 941 662 981 reum
720 944 842 986 esse
903 933 1038 987 mihi
1092 936 1378 992 considera
1433 939 1625 1006 Deum,
1672 957 1739 997 ex
1781 952 1870 997 tua
1913 944 2086 1014 ipsius

509 1020 828 1090 incorporea
873 1026 1081 1090 anima,
1115 1029 1265 1086 nullo
1299 1031 1774 1104 circumscriptum
1815 1037 1959 1101 loco,
2012 1040 2087 1093 si-

507 1113 726 1182 quidem
784 1132 962 1187 neque
1005 1136 1161 1178 mens
1192 1132 1379 1179 nostra
1427 1126 1578 1195 prius
1637 1127 1800 1183 habet
1856 1131 2084 1186 localem

506 1207 1094 1278 circumscriptionem,
1129 1215 1223 1270 sed
1259 1232 1354 1286 per
1376 1221 1620 1288 corporis
1639 1221 2084 1292 coniunctionem

507 1297 562 1351 in
594 1299 716 1355 loco
740 1311 843 1358 est.
878 1303 1136 1361 Eamdem
1179 1307 1621 1380 inaspectabilem
1672 1328 1794 1370 esse
1829 1313 2086 1373 fateberis

505 1407 572 1444 ex
605 1392 794 1447 eadem
841 1395 1079 1466 imagine
1119 1401 1541 1460 ratiocinatione
1572 1405 1735 1463 ducta
1773 1427 1786 1463 :
1821 1424 1941 1465 sese
1977 1425 2086 1466 non

508 1483 887 1552 subjicientem
933 1492 1116 1548 carnis
1153 1495 1349 1563 oculis,
1378 1511 1485 1552 non
1520 1499 1723 1567 colore,
1751 1517 1857 1556 non
1889 1502 2084 1569 forma,

509 1591 687 1645 neque
715 1579 818 1633 alia
843 1583 1078 1649 quadam
1117 1588 1387 1656 corporali
1421 1591 1592 1661 ﬁgura
1623 1607 1957 1663 expressam,
1993 1597 2086 1650 sed

508 1681 576 1720 ex
596 1667 909 1726 eliicacitate
935 1688 1054 1741 sua,
1081 1692 1254 1748 eaque
1280 1680 1396 1735 sola
1419 1683 1715 1750 cognitam.
1745 1684 2089 1757 Quapropter

508 1775 578 1816 ue
601 1763 655 1815 iu
685 1761 799 1820 Deo
824 1767 1042 1836 quidem
1071 1785 1192 1824 eam
1215 1787 1338 1842 quae
1371 1777 1430 1828 tit
1453 1791 1549 1845 per
1585 1779 1796 1843 oculos,
1828 1781 2083 1834 conside-

508 1855 777 1910 rationem
807 1857 979 1929 ipsius
1005 1872 1214 1918 natura:
1245 1869 1498 1935 querito,
1538 1871 1645 1926 nisi
1688 1881 1961 1941 quatenus
1989 1889 2087 1944 per

507 1947 799 2004 obscuram
827 1957 1120 2022 quamdam
1155 1957 1382 2015 ulterius
1415 1964 1766 2033 progrediare
1796 1965 2085 2021 demissio-

507 2055 656 2104 nem,
673 2050 729 2096 et
744 2042 816 2096 ita
839 2043 1056 2114 quidem
1081 2055 1139 2100 ut
1159 2063 1267 2103 non
1285 2050 1376 2104 tiat
1393 2052 1496 2108 hoc
1515 2065 1669 2108 extra
1713 2057 2079 2112 velamentum

505 2133 747 2205 aliquod.
792 2134 979 2208 Neque
1033 2140 1180 2195 enim
1226 2142 1295 2198 ab
1339 2142 1474 2213 ipsis
1529 2147 1751 2216 quidem
1800 2149 2084 2206 cherubim

506 2225 723 2281 ratione
750 2239 959 2284 naturae
995 2232 1261 2299 cernitur,
1305 2234 1611 2306 objectione
1643 2241 1854 2295 alarum
1894 2243 2088 2297 obum-

505 2318 794 2377 brantibus
848 2320 1064 2391 faciem,
1108 2337 1395 2398 propterea
1447 2333 1595 2402 quod
1643 2335 1764 2405 ejus
1821 2336 1925 2406 ipsi
1976 2354 2087 2394 non

505 2410 618 2465 sint
644 2428 891 2483 capaces.
923 2414 1160 2475 Proinde
1183 2424 1348 2478 menti
1377 2432 1431 2479 et
1454 2424 1575 2480 fidei
1608 2429 1876 2496 permissa
1904 2431 2086 2487 consi-

505 2504 807 2573 deratione,
863 2505 956 2563 Dei
1005 2513 1399 2582 contemplator
1429 2517 1559 2581 eris,
1613 2519 1804 2575 videns
1852 2529 2085 2591 tantum,

504 2605 769 2665 quantum
823 2603 1114 2660 recesseris
1139 2605 1209 2660 ab
1247 2605 1352 2662 hac
1391 2624 1576 2665 crassa
1607 2610 1731 2667 vita:
1768 2614 1999 2683 ratione,
2033 2625 2088 2672 et

505 2686 574 2740 ad
597 2687 938 2757 spiritualem
967 2696 1288 2762 accesseris,
1333 2698 1636 2757 admiratus
1665 2704 1838 2774 ipsius
1864 2707 2086 2776 sapien-

506 2780 636 2834 tiam
671 2785 993 2853 :quomudo
1021 2787 1273 2845 videlicet
1306 2792 1546 2848 animam
1602 2795 1806 2852 inserat
1845 2801 2084 2870 corpori,

505 2885 680 2942 usque
731 2875 800 2930 ad
848 2880 1223 2938 extremitates
1271 2884 1394 2952 ejus
1438 2886 1739 2944 extendens
1783 2891 1981 2960 ipsam,
2033 2901 2087 2948 et

503 2966 804 3035 plurimum
856 2971 999 3026 inter
1046 2987 1105 3027 se
1146 2973 1469 3032 dissidentia
1508 2981 1754 3035 membra
1803 2984 1871 3038 ad
1917 3000 2082 3040 unam

505 3059 665 3126 quasi
701 3063 1164 3132 conspirationem
1193 3081 1259 3121 ac
1287 3069 1602 3126 societatem
1641 3073 1864 3130 ducens.
1887 3075 2088 3133 Consi-

505 3151 638 3204 dera
677 3151 835 3215 mihi,
867 3154 1142 3223 quodnam
1182 3157 1252 3212 ab
1296 3159 1478 3214 anima
1513 3162 1664 3216 carni
1714 3165 1844 3219 insit
1893 3167 2083 3232 robur,

503 3252 559 3296 ct
585 3258 834 3312 quanam
869 3261 898 3300 a
935 3262 1102 3303 carne
1141 3249 1208 3304 ad
1256 3253 1497 3306 animam
1533 3253 1846 3311 reﬂectatur
1873 3257 2085 3314 aﬂectio

506 3345 717 3390 mutua.
743 3336 1031 3403 Quomodo
1062 3342 1221 3411 quasi
1254 3358 1414 3399 suum
1441 3347 1638 3403 eﬂiciat
1671 3364 1737 3404 ex
1764 3351 2083 3422 incorporea

504 3428 616 3482 vita
651 3444 872 3498 corpus,
898 3441 953 3487 et
983 3435 1255 3504 particeps
1305 3437 1557 3494 dolorum
1591 3456 1660 3496 ex
1706 3459 1938 3514 corpore
1969 3448 2081 3510 fiat,

506 3521 624 3588 ipsa
657 3523 905 3591 corporis
932 3538 1145 3595 expers.
1175 3527 1464 3594 Quomodo
1509 3533 1615 3590 hoc
1655 3535 1808 3601 lasso,
1835 3539 1924 3594 illa
1969 3541 2078 3596 cla.

506 3619 637 3674 inet,
677 3615 950 3678 quomodo
997 3617 1086 3671 illa
1129 3617 1364 3674 feliciter
1418 3632 1634 3693 agente,
1682 3641 1884 3699 corpus
1927 3644 2086 3701 vege-

506 3710 624 3758 tum
670 3705 761 3773 sit,
788 3714 842 3762 et
878 3709 1166 3777 pulchrius
1213 3712 1430 3768 evadat.
1485 3713 1531 3770 0
1579 3718 1897 3786 praeclaram
1947 3736 2085 3776 con-

497 3796 864 3866 junctionem,
895 3815 930 3855 ο
962 3801 1338 3858 admirabilem
1366 3806 1646 3874 unionem,
1683 3824 1718 3864 o
1759 3810 2081 3880 sapientiam

501 3890 625 3959 ejus
674 3892 766 3962 qui
816 3893 1018 3948 unwit!
1061 3893 1198 3962 Quis
1243 3897 1390 3952 enim
1441 3901 1622 3969 eloqui
1674 3912 1859 3971 queat,
1895 3905 2085 3974 quales

505 3997 680 4050 penus
712 3984 984 4055 quasique
1009 3987 1317 4041 conditoria
1366 3988 1777 4058 disciplinarum
1821 4008 1884 4048 ea
1912 3993 2084 4050 fabri-

502 4077 731 4140 caverit,
802 4092 871 4132 ne
918 4077 1289 4135 obscurentur
1337 4089 1520 4135 vetera
1568 4098 1662 4148 per
1713 4087 2079 4156 cognitionem

505 4180 697 4220 eorum
727 4180 851 4235 qua:
877 4177 1072 4236 praeter
1104 4166 1195 4221 illa
1235 4170 1605 4240 reperiuntur,
1633 4188 1764 4230 neve
1792 4185 2086 4232 arceantur

502 4259 692 4329 aliquo
727 4267 882 4328 septo
910 4273 1102 4314 eorum
1137 4277 1261 4330 quae
1291 4264 1535 4332 quotidie
1577 4267 1893 4335 audiuntur,
1946 4286 2085 4340 quo-

506 4349 691 4404 minus
716 4357 954 4418 exponat
977 4349 1140 4406 hotlie
1169 4351 1294 4421 quis
1326 4361 1452 4407 ante
1480 4355 1874 4428 quinquaginta
1911 4376 2084 4418 annos

504 4441 756 4496 auditum
801 4458 1144 4508 sermonem,
1195 4443 1291 4500 sed
1338 4445 1626 4504 distinctas
1669 4459 1725 4504 et
1767 4451 2086 4509 inconfusas

505 4534 716 4590 servari
757 4534 1168 4591 recordationes
1212 4536 1595 4602 institutionis,
1646 4543 1796 4597 velut
1845 4544 1900 4597 in
1951 4561 2086 4602 saxo

505 4627 790 4697 scalptas"
830 4625 1117 4692 Quomodo
1163 4631 1230 4683 ad
1267 4631 1516 4686 carnales
1545 4633 1794 4691 residens
1834 4636 2084 4713 affectus,

504 4722 739 4792 pmpria!
761 4721 1186 4790 pulchritudinis
1211 4722 1401 4779 florem
1431 4726 1665 4794 amittat,
1689 4737 1743 4784 et
1763 4731 1884 4786 vice
1907 4746 2085 4800 versa,

505 4814 806 4884 profectam
840 4829 871 4870 a
909 4815 1206 4871 vitiositate
1235 4818 1625 4888 turpitudinem
1658 4821 1857 4878 virtute
1888 4839 2085 4894 repur-

503 4922 660 4986 gans,
694 4915 944 4962 recurrat
983 4907 1053 4962 ad
1110 4908 1522 4966 similitudinem
1565 4916 1852 4969 creatoris.
1904 4913 2089 4987 lnquit

502 4977 648 5054 enim
677 5000 792 5069 ipse
837 5000 892 5055 in
935 4999 1234 5072 Evangelio
1270 5017 1284 5055 :
1315 5002 1481 5056 Amen
1519 5003 1638 5059 dico
1684 5007 1849 5073 vobis,
1893 5008 1940 5062 si
1981 5009 2085 5064 duo

505 5107 666 5160 super
696 5100 892 5146 terram
924 5092 1288 5148 consenserint
1320 5094 1377 5148 in
1402 5095 1543 5148 idem
1568 5095 1650 5163 “;
1673 5099 1912 5154 animam
1945 5101 2086 5157 indi-

505 5197 638 5238 cans
669 5191 726 5236 et
755 5196 978 5250 corpus,
1007 5183 1288 5238 dominam
1314 5195 1369 5240 et
1405 5183 1702 5253 famulam;
1730 5189 1778 5241 si
1807 5205 2086 5246 consense-

506 5272 615 5324 rint
639 5285 696 5324 m
722 5269 861 5322 idem
891 5286 909 5322 :
937 5285 1066 5325 caro
1103 5271 1325 5340 quidem
1375 5273 1642 5340 serviens,
1677 5276 1859 5331 anima
1903 5286 2086 5334 autem

505 5361 562 5414 in
591 5363 794 5416 virtute
818 5376 1146 5431 progressus
1182 5363 1410 5428 faciens,
1447 5379 1517 5420 ne
1561 5365 1728 5420 nimia
1766 5370 2086 5427 austeritate

506 5457 765 5524 depressa
805 5464 1059 5524 gravetur
1104 5463 1159 5510 et
1198 5456 1478 5512 laboribus
1520 5460 1797 5515 renuntiet
1828 5460 2033 5519 famula
2067 5482 2083 5519 :

507 5558 686 5614 neque
716 5543 836 5600 vice
864 5560 1023 5601 versa
1059 5546 1126 5600 ad
1160 5545 1383 5602 vitiosas
1415 5547 1730 5607 affectiones
1761 5560 1816 5608 et
1837 5553 2086 5624 volupta-

573 5700 622 5736 “
645 5702 838 5760 Matth.
867 5722 1021 5770 xvm,
1048 5706 1134 5762 19.

1535 355 1593 410 S.
1633 355 1932 412 CAESARI!
1972 355 2301 412 CREGORII
2337 355 2639 414 FRATBIS

3627 363 3780 421 1058

2186 473 2355 545 αὐτῆς
2382 475 2484 545 ἤδη
2521 475 2622 546 τῆς
2665 474 2841 547 ψυχῆς
2875 476 2925 528 εί
2956 471 3068 532 οἷόν
3101 496 3191 546 τε,
3231 478 3619 552 ἀπαρξώμεθα.
3655 478 3776 535 (ita.

2191 583 2281 635 μοι
2327 566 2509 622 τοίνυν
2541 567 2769 634 σαυτὸν,
2805 568 2900 622 καὶ
2952 570 3165 635 οὐδενὸς
3217 571 3401 642 δεήσει
3429 573 3494 624 ὲκ
3525 570 3628 641 τῆς
3655 569 3778 624 τῶν

2187 659 2324 712 ὅλων
2352 660 2696 731 κατασκευῆς
2728 661 2820 714 τὸν
2849 663 3194 736 Δημιουργδν
3228 664 3542 736 ἐξιχνεύειν,
3573 663 3684 717 ἀλλ’
3707 666 3777 716 ὲν

2188 750 2372 822 σαυτῷ
2404 753 2568 806 οἱονεὶ
2620 754 2678 807 ὲν
2736 753 2930 826 βραχεί
2963 756 3153 828 κόσμῳ
3199 757 3300 829 τὴν
3337 758 3612 828 ἄφραστον
3638 773 3777 810 κιτ-

2185 840 2308 910 όψει
2341 841 2436 895 τοῦ
2461 841 2596 896 Θεοῦ
2629 844 2839 912 σοφίαν.
2867 845 2978 898 Καὶ
3004 845 3111 917 πρό
3139 863 3202 915 γε
3230 845 3504 905 ἁπάντων,
3543 841 3775 912 ἀσώμα-

2186 933 2278 986 τόν
2328 951 2417 1004 μοι
2457 934 2568 988 νόει
2610 933 2671 988 τὸ
2703 936 2856 990 Θείον
2917 937 2984 989 ὲκ
3017 937 3118 1006 τῆς
3152 935 3318 992 αὑτοῦ
3347 934 3639 1006 ἀσωμάτου
3664 934 3776 1004 ψυ-

2188 1029 2289 1097 χῆς
2307 1068 2324 1093 ,
2358 1027 2546 1099 μηδενὶ
2591 1031 3065 1102 περιγραφόμενον
3097 1031 3281 1102 τόπῳο
3329 1031 3451 1084 ἐπεὶ
3482 1029 3591 1084 οὐδ’
3625 1029 3778 1100 ἠμέ-

2187 1135 2342 1190 τερος
2369 1119 2494 1184 νοῦς
2521 1123 2944 1195 προηγουμένην
2970 1124 3084 1194 ἔχει
3109 1125 3209 1196 τὴν
3239 1126 3298 1176 ἐν
3322 1124 3471 1192 τόπῳ
3501 1139 3775 1194 περιγρα-

2188 1212 2294 1284 φὴν
2318 1253 2333 1277 ,
2365 1212 2503 1266 ἀλλά
2528 1213 2618 1266 διὰ
2647 1215 2747 1287 τῆς
2775 1215 2871 1269 τοῦ
2915 1215 3166 1287 σώματος
3202 1216 3498 1284 συναφείας
3527 1217 3586 1268 ὲν
3617 1214 3781 1284 τόπερ

2187 1304 2418 1373 γίνεται.
2460 1305 2712 1378 ’Δόρατον
2754 1306 3017 1378 ὑπάρχειν
3062 1308 3315 1380 ὁμολόγει
3369 1309 3435 1360 ὲκ
3465 1305 3564 1378 τῆς
3599 1306 3781 1377 αὐτῆς

2188 1397 2398 1462 εἰκόνος
2465 1400 2900 1472 τεκμαιρόμενος
2934 1439 2950 1466 ,
3009 1400 3084 1472 μὴ
3159 1401 3490 1455 ὑπείκουσαν
3567 1398 3777 1470 capbe

2187 1488 2486 1562 ὀφθαλμοῖς
2503 1531 2518 1556 .
2547 1492 2608 1545 οὐ
2635 1492 2910 1564 χρώματι,
2945 1494 3007 1546 οὐ
3043 1494 3304 1565 σχήματι,
3331 1492 3439 1545 οὐδ’
3463 1491 3634 1563 ἑτέρῳ
3662 1489 3777 1542 τινὶ

2188 1582 2496 1654 χαρακτῆρι
2542 1585 2840 1658 σωματικῷ
2882 1587 3360 1658 ἀπεικαζομένην,
3406 1583 3522 1639 ἀλλ’
3555 1585 3618 1636 ὲκ
3669 1580 3782 1653 τῆς

2189 1674 2470 1746 ἐνεργείας
2498 1678 2594 1731 καὶ
2640 1678 2811 1750 μόνης
2848 1678 3279 1752 γνωριζομένην.
3317 1679 3478 1730 Ὥστε
3519 1674 3640 1747 μηδ’
3678 1673 3778 1727 ἐπὶ

2191 1765 2326 1820 Θεοῦ
2366 1766 2518 1840 ζήτει
2548 1769 2648 1841 τὴν
2675 1769 2745 1824 δι’
2767 1771 3065 1843 ὀφθαλμῶν
3105 1770 3432 1841 κατανόησιν
3463 1766 3628 1822 αὑτοῦ
3668 1765 3776 1835 τῆς

2191 1857 2444 1926 φύσεως,
2492 1860 2633 1934 πλὴν
2679 1862 2927 1934 ἀμυδράς
2981 1863 3169 1937 πρόσω
3198 1861 3366 1935 χώρει
3417 1857 3778 1929 συγκαταϐά-

2192 1967 2366 2018 σεως,
2392 1954 2488 2008 καὶ
2532 1953 2704 2019 οὕτως
2751 1955 2851 2009 οὐκ
2887 1955 2992 2021 ἔξω
3040 1956 3187 2019 τινὸς
3247 1953 3773 2025 παραπετάσματος.

2191 2041 2314 2095 Οὐδ’
2345 2045 2534 2106 αὐτοῖς
2563 2044 2672 2116 γὰρ
2719 2047 2863 2101 κατά
2892 2047 3056 2116 φύσιν
3099 2046 3290 2117 ὁρᾶται
3326 2046 3439 2108 τοῖς
3466 2040 3770 2114 Χερουϐὶμ,

2185 2136 2254 2205 τῇ
2284 2135 2524 2208 προϐολῇ
2557 2136 2670 2190 τῶν
2715 2139 3007 2212 πτερύγων
3061 2138 3437 2210 σκιαζομένων
3480 2137 3579 2207 τὴν
3621 2134 3774 2204 δψινν

2187 2233 2276 2288 διά
2302 2232 2364 2286 τὸ
2397 2228 2684 2300 ἀχώρητον
2709 2234 2899 2304 αὐτῆς.
2924 2233 3003 2304 Τῇ
3028 2232 3236 2304 διανοίᾳ
3255 2231 3437 2285 τοίνυν
3465 2229 3558 2283 καὶ
3586 2229 3772 2282 πίστει

2189 2327 2492 2398 ἐπιτρέψας
2539 2327 2642 2398 τὴν
2684 2325 3012 2397 κατανόησιν
3037 2362 3052 2387 ,
3089 2323 3190 2397 ἔσῃ
3217 2322 3451 2393 θεόπτης
3493 2319 3767 2384 τοσοῦτον,

2187 2419 2312 2474 ὅσον
2349 2419 2558 2489 ἀπέϐης
2589 2418 2690 2488 τῆς
2723 2417 2920 2488 ὑλικῆς
2950 2416 3228 2478 πολιτείας
3256 2415 3350 2469 καὶ
3381 2412 3586 2483 ἐπέϐης
3615 2427 3772 2464 πνευ-

2191 2511 2426 2583 ματικῆς
2450 2551 2466 2576 ,
2505 2509 2804 2579 θαυμάζων
2855 2507 3022 2563 αὐτοῦ
3079 2508 3182 2580 τὴν
3222 2506 3461 2603 σοφίαν·
3503 2502 3620 2566 πῶς
3647 2503 3774 2603 ’τὴν

2185 2604 2365 2676 ψυχὴν
2398 2604 2641 2676 ἐγκρίνει
2686 2602 2764 2674 τῷ
2820 2602 3034 2674 σώματι
3087 2599 3247 2672 μέχρι
3297 2597 3551 2669 περάτων
3603 2595 3771 2648 αὑτοῦ

2185 2698 2386 2768 διάγων
2416 2697 2585 2768 αὐτὴν
2610 2739 2625 2763 ,
2675 2695 2774 2750 καὶ
2804 2695 2873 2748 τά
2925 2692 3193 2746 πλείστων
3234 2689 3347 2762 (99.)
3407 2687 3649 2758 ἀλλήλων
3688 2687 3769 2740 δι-

2187 2791 2400 2845 εστῶτα
2455 2791 2623 2863 μέλη,
2658 2788 2794 2860 πρὸς
2837 2787 2963 2858 μίαν
2993 2785 3298 2856 σύμπνοιαν
3344 2782 3442 2835 καὶ
3486 2779 3776 2834 κοινωνίαν

2187 2883 2356 2953 ἄγων.
2390 2884 2592 2937 Σκόπει
2619 2881 2674 2934 δέ
2713 2898 2801 2951 μοι
2835 2879 2920 2942 τίς
2948 2881 2982 2949 ή
3033 2877 3142 2932 ἀπὸ
3170 2876 3270 2946 τῆς
3291 2875 3470 2945 ψυχῆς
3507 2875 3572 2944 τῇ
3606 2872 3770 2943 σαρκὶ

2187 2976 2504 3040 ὲνιζάνουσα
2533 2973 2691 3047 ῥώμη
2716 2989 2730 3003 °
2761 2971 2846 3035 τίς
2869 2970 2914 3023 δ’
2945 2972 2979 3039 ἡ
3023 2968 3131 3023 ἀπὸ
3156 2967 3258 3037 τῆς
3289 2966 3491 3066 σαρκὸς
3526 2968 3592 3066 τῇ
3621 2964 3769 3066 iungit

2185 3066 2548 3138 ἀνακλωμένη
2590 3062 2927 3136 συμπάθεια.
2966 3062 3092 3124 Πῶς
3137 3057 3524 3155 σφετερίζεται.Δ
3563 3059 3627 3155 ὲκ
3670 3057 3770 3155 τῆς

2192 3157 2486 3228 ἀσωμάτου
2525 3156 2671 3226 ζωῆς
2718 3153 2780 3208 τὸ
2836 3153 3032 3225 σῶμα,
3068 3153 3440 3223 ἀναμάττεται
3481 3149 3537 3202 δὲ
3581 3151 3646 3200 ὲκ
3675 3149 3770 3199 τοῦ

2195 3248 2448 3320 σώματος
2474 3247 2777 3318 ἀλγηδόνας
2801 3249 2834 3316 ἡ
2860 3246 3170 3317 ἀσώματος.
3203 3244 3326 3308 Πῶς
3346 3243 3539 3296 τούτου
3565 3237 3774 3302 αἰκιζο-

2197 3343 2358 3413 μένου
2397 3341 2580 3411 ὲκείνη
2612 3339 2711 3410 βοᾷ
2726 3345 2745 3369 ὀ
2786 3337 2902 3402 πῶς
2943 3337 3158 3408 ὲκείνης
3183 3333 3606 3405 εὐδαιμονούσης
3629 3329 3769 3400 αὕτη

2195 3435 2398 3505 σφριγᾷ
2426 3434 2521 3487 καὶ⁵
2564 3431 2878 3503 ὡραΐζεταί.
2917 3431 2982 3482 Ὢ
3013 3430 3111 3499 τῆς
3137 3428 3308 3500 καλῆς
3341 3426 3671 3529 συναφείαςα,
3717 3420 3777 3529 ’ὦ

2190 3529 2289 3598 τῆς
2329 3523 2712 3596 θαυμαπικῆς
2745 3521 3024 3585 ἐνώσεως,
3061 3519 3108 3573 ὣ
3149 3520 3249 3591 τῆς
3278 3518 3470 3588 σοφίας
3505 3516 3599 3569 τοῦ
3639 3516 3774 3567 ἑνώ-

2195 3635 2408 3682 σαντος.
2425 3619 2522 3681 Τίς
2551 3615 2657 3688 γὰρ
2683 3609 2793 3678 οἷός
2814 3631 2874 3666 τε
2895 3613 3068 3683 φῆσαι
3097 3614 3226 3665 ποῖα
3251 3611 3472 3681 ταμιεῖα
3500 3610 3618 3678 ἦτοι
3637 3607 3775 3661 ἀποο

2193 3712 2367 3782 θήκας
2397 3709 2507 3762 τῶν
2548 3706 2886 3780 μαθημάτων
2931 3703 3070 3775 αὕτη
3117 3703 3440 3774 ἐτεκτήνατο
3464 3741 3477 3764 ,
3511 3698 3651 3752 ὥστε
3695 3696 3777 3768 μὴ

2193 3799 2600 3856 ἐπισκοτεῖσθαι
2623 3801 2693 3854 τά
2724 3801 2890 3854 πάλαι
2940 3800 3006 3869 τῇ
3035 3796 3234 3866 γνώσει
3265 3794 3372 3849 τῶν
3405 3793 3778 3856 ὲπεισάκτωνί

2196 3895 2318 3966 μηδ’
2345 3892 2626 3966 εἴργεσθαί
2655 3910 2764 3946 τινι
2811 3891 3185 3962 διαφράγματι
3215 3886 3324 3941 τῶν
3358 3886 3594 3954 ἑκάστης
3631 3883 3773 3954 ὴμέ-

2195 4005 2294 4061 ρας
2321 3986 2685 4058 ἀκουομένων.
2707 3986 2946 4056 σήμερον
2968 3983 3300 4052 ἀπαγγεῖλαι
3328 3980 3417 4034 τὸν
3441 3979 3547 4049 πρὸ
3573 3975 3775 4046 πεντή-

2191 4099 2358 4135 κοντα
2414 4082 2622 4153 χρόνων
2687 4078 3021 4134 ἀκουσθέντα
3073 4075 3230 4144 λόγον
3267 4091 3283 4105 ο
3332 4073 3448 4127 ἀλλ’
3495 4070 3777 4140 εὐκρινεῖς

2191 4173 2286 4227 καὶ
2311 4171 2648 4242 ἀσυγχύτους
2679 4171 2872 4235 σώζειν
2896 4169 2996 4232 τάς
3023 4168 3244 4239 μνήμας
3275 4165 3376 4235 τῆς
3412 4162 3773 4224 παιδεύσεως,

2191 4266 2352 4319 οἱονεὶ
2383 4269 2439 4318 ὲν
2472 4265 2648 4336 πέτρᾳ
2676 4261 3114 4334 κεχαραγμένας.
3136 4259 3260 4322 Πῶς
3284 4257 3342 4310 δὲ
3372 4256 3508 4329 πρὸς
3535 4253 3605 4308 τά
3636 4270 3777 4324 σαρο

2193 4357 2326 4411 κικά
2381 4355 2835 4410 ύπολισθαίνουσα
2887 4351 3034 4422 πάθη
3069 4349 3130 4403 τὸ
3173 4350 3371 4403 οἰκεῖον
3411 4345 3779 4409 ἀπανθίζεται

2193 4449 2425 4512 κάλλος·
2473 4448 2637 4502 πάλιν
2684 4446 2741 4500 δὲ
2799 4445 2862 4499 τὸ
2903 4443 3012 4499 ἀπὸ
3082 4441 3284 4504 κακίας
3356 4435 3543 4508 αἶσχος
3598 4435 3775 4509 ἀρετὴ

2193 4540 2584 4612 καθαιρομένη,
2617 4538 2752 4611 πρὸς
2786 4536 2889 4608 τὴν
2925 4534 3182 4606 ὁμοίωσιν
3215 4532 3503 4602 ἀνατρέχει
3527 4527 3621 4581 τοῦ
3649 4527 3775 4580 κτί-

2190 4647 2402 4694 σαντος.
2455 4629 2627 4692 Αὐτὸς
2672 4629 2780 4700 γὰρ
2839 4629 2898 4679 ὲν
2941 4623 3296 4693 Εὐαγγελίοις
3349 4621 3545 4690 φησίν·
3583 4619 3780 4686 Ἀμὴν

2184 4725 2340 4795 λέγω
2366 4723 2508 4793 ὑμῖν
2526 4763 2541 4786 ,
2570 4723 2678 4776 ἐὰν
2702 4721 2810 4775 δύο
2846 4720 2945 4772 ἐπὶ
2970 4718 3080 4786 τῆς
3130 4717 3244 4789 γῆς
3275 4713 3778 4785 συμφωνήσωσιν

2184 4817 2285 4872 ἐπὶ
2315 4817 2382 4872 τὸ
2407 4815 2552 4870 αὐτὸ
2591 4815 2712 4885 (τὴν
2737 4813 2917 4885 ψυχὴν
2943 4811 3222 4882 ἐμφαίνων
3249 4810 3342 4862 καὶ
3368 4807 3428 4860 τὸ
3458 4806 3636 4877 σῶμα,
3663 4804 3772 4876 τὴν

2187 4909 2383 4982 κυρίαν
2415 4909 2510 4962 καὶ
2546 4905 2646 4976 τὴν
2687 4906 2913 4976 οἰκέτιν)
2937 4944 2952 4969 ,
2993 4902 3103 4957 ἐὰν
3146 4898 3644 4971 συμφωνήσωσιν
3669 4895 3775 4949 ἐπὶ

2188 5002 2255 5055 τὸ
2281 4999 2448 5068 αὐτὸ,
2481 5002 2514 5071 ἠ
2549 4999 2650 5070 μὲν
2680 4997 2817 5069 σάρξ
2854 4996 3199 5060 δουλεύουσα,
3225 4997 3258 5064 ἡ
3292 4993 3350 5046 δὲ
3381 4991 3529 5062 ψυχὴ
3555 4992 3612 5043 ὲν
3637 4989 3773 5060 ἀρε-

2188 5097 2254 5165 τῇ
2283 5093 2684 5165 προϐαίνουσαο
2717 5092 2865 5153 ὅπως
2901 5090 2978 5162 μὴ
3009 5091 3076 5160 τῇ
3122 5084 3542 5156 ὑπερϐαλλούσῃ
3599 5081 3774 5151 σκληο

2192 5185 2386 5258 ρουχία
2425 5182 2846 5239 καταπονεῖσθαι
2879 5183 2974 5234 καὶ
3017 5177 3380 5248 ἀπολέγεσθαι
3409 5177 3538 5239 τοὺς
3576 5175 3776 5237 πόνους

2186 5279 2286 5352 τὴν
2312 5279 2512 5333 οἰκέτιν
2537 5297 2549 5310 ’
2604 5279 2728 5350 μήτ’
2756 5273 2822 5332 αὖ
2854 5277 3015 5332 πάλιν
3049 5276 3155 5330 ὑπὸ
3199 5273 3407 5344 ταύτης
3443 5272 3580 5342 πρὸς
3621 5267 3772 5338 πάθη

2189 5373 2284 5426 καὶ
2306 5371 2615 5443 φιληδονίαν
2640 5369 2738 5443 τὴν
2763 5371 2959 5443 κυρίαν
2995 5365 3432 5439 καταφέρεσθαι·
3462 5363 3600 5419 ἀλλὰ
3632 5377 3775 5430 συμ-

2193 5464 2388 5535 φώνως
2413 5466 2491 5537 τῷ
2525 5465 2624 5537 ίσῳ
2648 5465 2748 5535 τῆς
2775 5464 2978 5536 ἀρετῆς
3002 5462 3186 5517 κανόνι
3218 5455 3631 5533 συμπαραθέειν
3674 5453 3777 5510 ἀλ-

2190 5556 2373 5628 ληλοις
2387 5595 2402 5621 ,
2428 5557 2522 5610 καὶ¹
2546 5552 3023 5626 συμπαρέπεσθαι.
3045 5552 3170 5608 Ε’ὰν
3189 5551 3300 5621 γὰρ
3314 5545 3777 5620 συμφωνήσωσι

585 5851 697 5927 (92)
751 5855 860 5912 Kai
907 5856 976 5912 τὰ
1019 5859 1347 5918 πλείστων.
1395 5859 1649 5921 Libenter
1699 5863 2078 5938 rescripserim

2189 5865 2375 5924 εἰστον.
2412 5865 2570 5924 Enn.
