4142 6382
365 340 389 396 Ι
400 341 501 397 057

362 462 437 516 τὰ
465 460 576 516 δύο
602 461 789 515 ταῦτα
807 502 821 526 ,
853 462 886 532 ἥ
916 480 973 515 τε
993 463 1138 535 ψυχὴ
1165 464 1260 518 καὶ
1291 464 1353 517 τὸ
1390 467 1547 538 σῶμα
1573 510 1587 533 ,
1626 470 1758 536 περὶ
1793 484 1941 524 παν-

363 555 465 619 τὸς
491 549 563 608 οὗ
592 553 700 607 ἐὰν
729 553 1089 621 αἰτήσωνται
1110 597 1124 619 ,
1158 561 1477 626 γενήσεται
1506 560 1710 627 αὐτοῖς
1728 601 1743 625 ,
1774 563 1941 633 φησιν

360 647 390 698 6
436 646 655 717 Κύριος.
702 647 764 699 Ei
814 648 913 716 μὲν
964 650 1096 721 παρ’
1145 650 1309 704 αὑτοῦ
1360 653 1659 723 αἰτοῦμεν,
1698 654 1939 725 δηλονότι

360 736 575 804 ἀγαθὰ,
610 738 917 808 γενήσεται.
960 740 1025 793 Ei
1058 742 1116 795 δὲ
1164 740 1243 811 τῷ
1276 742 1506 813 διαϐόλῳ
1546 745 1613 798 δι’
1644 745 1941 815 ἀμελεστέ-

364 844 457 897 ρου
504 830 597 882 καὶ
641 831 923 901 ἐμπαθοῦς
977 832 1090 901 βίου
1131 836 1644 906 προσχωρήσωμεν,
1678 837 1815 909 ὅπερ
1850 854 1940 907 μοι

358 922 507 975 δοκεῖ
543 922 759 993 αἴτησιν
791 924 1055 996 ὑπάρχειν
1082 926 1145 980 τὸ
1168 928 1441 999 ὑπόφορον
1481 926 1631 996 αὑτῷ
1666 928 1935 996 γίνεσθαι,

361 1014 552 1067 σκολιά
585 1017 803 1081 πάντως
832 1018 1167 1089 ἀποϐήσεται
1195 1021 1327 1090 ἡμῖν
1358 1022 1453 1074 καὶ
1486 1019 1698 1090 χαλεπά
1720 1020 1788 1075 τὰ
1817 1023 1939 1074 ὲπι-

358 1108 517 1178 τηδεύ
526 1127 693 1179 ματα.
1284 1122 1289 1132 ·

1776 348 2126 407 DIALOGUS
2166 351 2251 407 lll.

3485 357 3626 415 1058

2054 480 2159 528 tem
2196 488 2292 545 per
2330 474 2471 528 hanc
2501 473 2785 544 dejiciatur
2809 475 3049 544 domina,
3095 478 3190 533 sed
3239 486 3298 534 ut
3326 495 3452 537 cum
3489 498 3628 539 cono

2050 581 2215 621 sensu
2248 566 2364 635 pari
2398 567 2619 621 virtutis
2659 568 2842 638 regula
2882 568 3026 623 inter
3075 584 3196 625 sese
3241 581 3463 627 currant
3495 588 3627 640 una,

2048 676 2215 729 seque
2270 662 2619 716 comitentur.
2669 660 2815 715 Nam
2862 663 2910 716 si
2944 666 3298 718 consenserint
3345 667 3451 720 ista
3496 665 3626 732 duo,

2048 767 2244 820 nempe
2282 753 2463 806 anima
2496 762 2551 806 et
2594 767 2817 821 corpus,
2862 755 2926 807 de
2958 770 3267 824 quocunque
3306 760 3626 826 rogaverim,

2047 843 2314 917 continget
2362 843 2457 904 eis,
2512 842 2689 910 inquit
2729 840 3012 909 Dominus,
3063 846 3335 914 siquidem
3385 847 3456 902 ab
3507 847 3629 917 ipso

2046 916 2385 1004 petierimus,
2425 932 2566 987 bona
2601 934 2867 997 videlicet,
2910 935 3241 1005 contingent.
3278 935 3337 990 Si
3378 952 3508 992 vero
3530 916 3630 1006 per

2046 1024 2495 1093 negligentiorem
2528 1032 2584 1079 et
2616 1023 2798 1092 pravis
2825 1025 3107 1081 affectibus
3135 1027 3428 1082 obnoxiam
3456 1029 3624 1083 vitam

2046 1113 2114 1167 ad
2148 1113 2420 1168 diabolum
2457 1115 2845 1169 recesserimus
2893 1132 2906 1168 :
2961 1116 3013 1169 id
3057 1119 3203 1187 quod
3249 1118 3382 1172 mihi
3416 1119 3628 1174 videtur

356 1219 480 1259 esse
533 1207 720 1275 petitio
765 1224 871 1278 qua
916 1208 1040 1279 quis
1088 1210 1137 1265 ei
1187 1209 1511 1267 tributarius
1555 1210 1649 1266 ﬁat
1682 1229 1697 1265 :
1729 1210 1956 1267 omnino
2004 1210 2320 1280 perplexum
2378 1209 2658 1265 habebunt
2700 1220 2757 1266 et
2795 1210 3067 1267 diﬁirilem‘
3117 1212 3325 1267 exitum
3376 1212 3625 1279 instituta

361 1309 570 1354 nostra.

443 1434 732 1505 Ἀψώμεθα
759 1436 959 1501 τοίνυν,
996 1438 1044 1489 εἰ
1084 1436 1267 1503 δοκεῖ,
1298 1438 1394 1491 καὶ
1425 1439 1524 1509 τῆς
1552 1437 1645 1490 τοῦ
1686 1437 1937 1509 σώματος

358 1530 705 1598 κατασκευῆς
743 1530 837 1581 καὶ
866 1527 1283 1600 διαρθρώσεως,
1319 1529 1688 1599 θαυμάζοντες
1722 1528 1813 1581 τὸν
1844 1545 1936 1580 σο-

359 1620 458 1688 φὸν
514 1619 607 1674 τοῦ
662 1619 860 1684 παντὸς
897 1621 1254 1694 ἀρχιτέκτονα
1308 1621 1476 1675 Θεόν⁹
1518 1622 1635 1685 πῶς
1680 1620 1938 1693 ἁρμόδιον

358 1712 541 1766 αὐτῶν
588 1712 930 1781 καταγώγιον
960 1717 1027 1785 τῇ
1062 1714 1254 1786 λογικῇ
1293 1714 1322 1766 6
1371 1715 1762 1787 ἀριστοτέχνης
1801 1713 1939 1766 ἐδεί-

361 1823 520 1875 ματο,
559 1806 651 1859 καὶ
678 1805 836 1876 μόνον
869 1806 977 1859 τῶν
1008 1806 1101 1859 ὑπ’
1139 1806 1367 1878 οὐρανὸν
1410 1806 1585 1872 ζώων,
1628 1806 1809 1876 ὄρθιον
1846 1806 1936 1860 τὸν

358 1897 643 1969 ἄνθρωπον
672 1899 995 1970 παρήγαγεν
1021 1938 1035 1963 ,
1077 1899 1138 1964 ἐξ
1167 1899 1331 1953 αὑτοῦ
1367 1898 1635 1953 παιδεύων
1662 1897 1759 1952 τοῦ
1807 1898 1938 1971 σχή-

361 2007 531 2059 ματος
552 2028 566 2051 ,
603 1992 669 2041 ὲκ
692 1988 791 2058 τῆς
820 1990 931 2043 ἅνω
966 1991 1286 2059 συγγενείας
1311 1991 1455 2061 ἔχειν
1474 1993 1623 2062 ἡμᾶς
1648 1990 1744 2061 τὴν
1769 1989 1935 2062 ζωήν.

358 2082 439 2134 Td:
476 2082 584 2153 γὰρ
623 2083 791 2151 ἄλογα
823 2082 999 2137 πάντα
1028 2083 1180 2137 κάτω
1236 2084 1373 2155 πρὸς
1418 2084 1517 2155 τὴν
1558 2083 1803 2155 γαστέρα
1853 2083 1941 2137 νέ-

358 2165 517 2226 νευκέ
538 2192 551 2204 ·
586 2173 793 2244 βροτοῖς
818 2173 874 2226 δὲ
911 2176 1090 2246 μόνοις
1117 2174 1393 2245 αὐτοφυὴς
1422 2173 1517 2229 καὶ
1551 2174 1765 2245 ἓτοιμος
1803 2173 1940 2246 πρὸς

354 2265 587 2338 οὐρανὸν
636 2266 963 2336 ἀνάϐλεψις,
1018 2266 1158 2321 ὥστε
1214 2266 1289 2339 μὴ
1350 2266 1617 2338 ὑπάρχειν
1658 2266 1940 2337 φιλήδονον

362 2359 498 2428 μηδὲ
545 2359 697 2412 κάτω
745 2359 919 2413 νεύειν
958 2361 1069 2424 τοῖς
1115 2360 1381 2425 πάθεσιν,
1435 2360 1572 2415 ἀλλά
1608 2360 1940 2415 διανεστῶτα

358 2451 629 2521 ὑπάρχειν
664 2452 757 2505 καὶ
786 2453 924 2523 πρὸς
971 2451 1038 2506 τὰ
1070 2453 1182 2508 ἄνω
1215 2452 1454 2523 βλέπειν,
1484 2453 1626 2525 ἔχειν
1662 2453 1761 2524 τὴν
1787 2452 1941 2525 κίνη·

363 2561 465 2596 σιν.
514 2546 742 2598 Ἔπειτα
771 2546 869 2617 τὴν
913 2546 1153 2616 κεφαλὴν
1194 2547 1354 2601 οἱονεὶ
1399 2547 1492 2600 ἐπὶ
1539 2546 1815 2617 γεωλόφου
1846 2545 1937 2599 τοῦ

364 2636 613 2706 σώματος
640 2636 893 2707 θέμενος,
921 2639 978 2690 ὲν
1003 2639 1139 2710 αύτῇ
1167 2640 1264 2704 τάς
1292 2639 1479 2710 τιμίας
1498 2639 1606 2692 τῶν
1635 2638 1941 2710 αἰσθήσεων

360 2730 743 2803 καθιδρύσατο.
778 2730 881 2784 Τὸν
938 2730 1035 2802 μὲν
1080 2731 1380 2802 ἐγκέφαλον
1416 2732 1553 2803 μηδὲ
1582 2730 1778 2785 κύλικα
1808 2730 1945 2801 πλη-

368 2822 538 2895 ρῶσαι
571 2822 875 2877 κενωθέντα
901 2824 1129 2877 οῐονται’
1176 2824 1366 2892 σοφίαν
1395 2824 1453 2878 δὲ
1477 2822 1819 2895 Δημιουργοῦ
1854 2840 1946 2875 πε-

365 2916 727 2986 πιστευμένου
760 2917 853 2969 καὶ
884 2915 1099 2969 σύνεσιν
1124 2915 1219 2969 τοῦ
1253 2916 1388 2969 Θεοῦ
1424 2916 1585 2988 βουλῇ
1617 2916 1711 2969 καὶ
1731 2915 1944 2968 συνέσει

362 3006 769 3079 τεκτηναμένου
811 3008 881 3061 τὰ
908 3008 1220 3079 σύμπαντα.
1248 3008 1371 3061 Ὅτι
1398 3006 1453 3060 δὲ
1484 3007 1576 3060 καὶ
1607 3006 1861 3078 μέγιστόν
1894 3024 1946 3059 τι

363 3101 499 3172 πρὸς
530 3100 591 3154 τὸ
621 3098 719 3173 ζῇν
767 3102 795 3153 ὁ
832 3099 1136 3170 ἐγκέφαλος
1160 3139 1175 3165 ,
1204 3099 1449 3171 ὲναργῶς
1486 3100 1547 3153 τὸ
1590 3099 1650 3166 ἐξ
1696 3099 1946 3165 ἐναντίας

366 3193 661 3261 συμϐαῖνον
687 3192 839 3263 δηλοῖ
860 3209 874 3222 ο
907 3195 954 3246 εἰ
982 3192 1091 3264 γὰρ
1117 3191 1320 3264 τρῶσιν
1354 3191 1387 3263 ἢ
1414 3191 1571 3263 ῥῆξιν
1601 3194 1630 3245 ὀ
1667 3192 1946 3262 περιέχων

362 3285 526 3338 αὑτὸν
561 3284 705 3356 ὑμὴν
731 3284 998 3356 ὑποσταίη
1019 3325 1033 3349 ,
1067 3281 1222 3348 αὖθις
1250 3284 1443 3338 ἕπεται
1477 3284 1630 3355 παρὰ
1677 3284 1845 3347 πόδας
1876 3285 1942 3355 τῇ

362 3378 562 3449 τρώσει
595 3380 623 3432 6
659 3378 886 3442 θάνατος
907 3420 923 3443 ,
956 3378 1078 3431 οὐδὲ
1107 3378 1244 3449 πρὸς
1272 3377 1333 3430 τὸ
1355 3378 1562 3448 ἀκαρὲς
1603 3376 1704 3461 τῇς
1732 3375 1945 3446 φύσεως

364 3468 700 3539 ἀντεχούσης
735 3468 813 3539 τῷ
871 3469 1069 3523 πάθει·
1118 3469 1309 3539 ὥσπερ
1344 3471 1402 3522 ὲν
1434 3470 1556 3531 ταῖς
1608 3468 1700 3521 ὑπ’
1729 3469 1945 3541 ἄντροις

364 3560 769 3630 οἰκοδομαῖς,ῆ
814 3562 871 3612 ὲν
906 3562 1019 3623 τοῖς
1071 3558 1178 3613 τῶν
1236 3558 1477 3629 λουτρῶν
1519 3560 1774 3631 ὀρόφοις,
1807 3562 1836 3613 6
1883 3560 1946 3613 τὸ

364 3652 474 3705 πᾶν
506 3651 608 3718 τῆς
656 3651 943 3723 οἰκοδομῆς
980 3650 1218 3721 συνέχων
1252 3647 1332 3714 εἷς
1381 3650 1616 3721 ὑπάρχει
1650 3654 1945 3721 κορυφαῖος

363 3742 511 3806 λίθος
534 3783 569 3810 ,ε
593 3743 1063 3813 ὲγκεκροτημένος
1090 3741 1168 3813 τῷ
1198 3742 1337 3814 θόλῳ
1363 3784 1379 3809 ,
1405 3742 1463 3795 ὃν
1496 3742 1674 3811 σφῆνα
1712 3743 1761 3796 oi
1796 3746 1943 3796 οἰκο-

361 3833 516 3904 δόμοι
550 3834 1077 3905 προσαγορεύουσινο
1107 3828 1167 3889 οὗ
1210 3834 1275 3906 δὴ
1325 3834 1711 3908 διαρῤαγέντος
1742 3836 1775 3906 ἢ
1811 3837 1946 3889 ἀπο-

364 3927 722 3999 κρουσθέντος
755 3922 911 3990 αὖθις
940 3927 1372 3998 συγκατεσείσθη
1402 3928 1463 3981 τὸ
1492 3929 1632 3981 ὅλον.
1658 3929 1943 3998 Κάμνουσι

361 4018 471 4071 τῶν
523 4019 826 4091 φωστήρωδ
871 4020 919 4071 οἱ
957 4017 1203 4089 μέγιστοι
1237 4018 1423 4083 Ἤλιος
1456 4020 1548 4073 καὶ
1599 4020 1839 4092 Σελήνη,
1874 4021 1945 4075 τά

363 4108 734 4180 ὑπερουράνια
789 4109 847 4160 ὲν
900 4108 978 4181 τῷ
1026 4111 1402 4181 ἡμερονυκτίῳ
1452 4112 1839 4183 παραθέοντες.
1883 4114 1943 4166 '0

362 4199 489 4261 νοῦς
525 4199 569 4251 δ’
608 4201 636 4252 6
683 4200 950 4271 ἡμέτερος
1003 4202 1061 4252 ὲν
1100 4201 1321 4272 ἀτόμῳ,
1360 4203 1418 4254 ὲν
1453 4205 1586 4275 ῥιπῇ
1638 4203 1940 4273 ὀφθαλμοῦ,

362 4291 481 4361 ἅμα
526 4290 624 4361 τῆς
661 4291 811 4344 κάτω
842 4292 1073 4356 κτίσεως
1105 4293 1199 4347 καὶ
1230 4294 1299 4347 τὰ
1331 4294 1678 4367 ὑπερκόσμια
1716 4311 1944 4366 περιπο-

362 4380 497 4444 λεῖ,’
522 4381 721 4453 δρόμον
765 4381 903 4434 αὑτά
946 4380 1217 4452 περιθέων
1264 4382 1583 4454 ἀκάματον,
1618 4383 1694 4446 ὡς
1746 4384 1943 4454 ἄδηλος

363 4470 572 4541 ἀδήλως
616 4470 785 4542 ἄδηλα
825 4470 1156 4542 περιαθρῶν.
1196 4471 1425 4543 Βραχεῖς
1457 4490 1516 4525 τε
1549 4473 1643 4526 καὶ
1692 4472 1942 4545 ἀδρανεῖς

362 4562 608 4615 δοκοῦσιν
632 4563 682 4614 οἱ
732 4562 1042 4632 βόστρυχοι,
1096 4562 1234 4616 ἀλλά
1283 4566 1377 4617 κοιλ¹
1414 4566 1568 4619 αὑτοὶ
1622 4565 1759 4637 πρὸς
1791 4567 1945 4619 εὐκο-

365 4655 532 4724 σμίαν
578 4656 645 4723 τῇ
678 4653 856 4723 δέρρει
902 4654 1001 4724 τῆς
1035 4654 1242 4725 κράνης
1295 4654 1675 4725 ἐμπεφύκασιν
1699 4697 1713 4719 ,
1750 4659 1943 4711 ἀποσο-

365 4744 585 4806 ϐοῦντες
627 4741 822 4813 αὔραις
871 4742 980 4795 τῶν
1010 4742 1162 4807 ζώων
1195 4743 1263 4796 τὰ
1293 4744 1590 4819 λεπτότερα
1623 4750 1736 4811 τοῖς
1769 4749 1944 4814 φαλα-

364 4840 517 4907 κροῖς
538 4836 665 4889 ὅντα
692 4835 947 4903 πολέμια,
983 4835 1069 4887 ἀεὶ
1095 4835 1193 4898 τὰς
1222 4838 1411 4908 χεῖρας
1442 4834 1945 4892 αὐτῶνέπισοῦίαν”

364 4930 660 4992 κινοῦντες.
715 4928 875 4981 Ἀλλὰ
921 4929 1016 4981 καὶ
1066 4929 1201 5000 πρὸς
1248 4930 1514 4999 χειμῶνος
1562 4931 1810 5003 κρυμὸν,
1847 4918 1969 4984 καί

362 5023 515 5095 ἡλίου
549 5022 789 5093 φλογμὸν
810 5063 823 5086 ,
852 5024 906 5075 αἱ
940 5023 1124 5094 τρίχες
1147 5023 1459 5093 ἀντέχουσιν
1478 5065 1492 5086 ,
1521 5024 1685 5077 οἱονεὶ
1719 5025 1880 5088 ἄλσος
1907 5026 1939 5097 ἢ

362 5115 565 5187 δρυμὸς
618 5115 680 5168 τὸ
714 5114 1070 5183 ὑποκείμενον
1110 5112 1430 5177 σκιάζουσαι
1455 5153 1468 5178 ,
1503 5116 1595 5167 καὶ
1638 5116 1738 5186 τὴν
1772 5117 1943 5187 ἐπομ-

365 5208 522 5279 ϐρίαν
551 5208 856 5278 δεχόμεναι.
898 5204 1197 5277 Ὀφθαλμώ¹
1216 5207 1315 5277 τὴν
1344 5206 1685 5278 ὑψηλοτάτην
1709 5208 1940 5261 σκοπιάν

365 5300 554 5371 ἔλαχον
579 5340 594 5364 ,
649 5300 744 5352 καὶ
791 5299 887 5352 δύο
922 5300 1070 5369 μόνοι
1102 5299 1460 5370 τυγχάνοντες
1483 5339 1498 5363 ,
1543 5302 1726 5353 πᾶσαν
1774 5301 1941 5371 ὁρῶσι

361 5394 464 5465 τὴν
487 5392 868 5464 διακόσμησιν,
904 5390 1043 5445 ὥστε
1080 5391 1247 5463 μηδὲν
1277 5392 1473 5455 αὐτοὺς
1497 5394 1803 5446 ἐπισκοτεῖν
1832 5393 1941 5447 τῶν

368 5485 700 5556 σωματικῶν
762 5486 942 5556 νόμων
978 5500 995 5517 ο
1053 5485 1191 5539 ἀλλὰ
1252 5485 1479 5559 βραχείᾳ
1535 5485 1772 5559 προϐολῇ
1832 5488 1943 5540 τῶν

367 5576 587 5651 ὀφρύων
620 5578 1061 5650 ὑποκαθήμενοι,
1091 5581 1155 5632 ἐκ
1199 5580 1299 5649 τῆς
1327 5579 1532 5633 ἀνωθεν
1585 5580 1779 5651 ὲξοχῆς
1807 5580 1947 5651 πρὸς

368 5670 431 5722 τὸ
450 5670 604 5736 seet;
626 5671 1020 5735 ἀποτείνονται,
1041 5671 1135 5726 καὶ
1158 5666 1271 5725 οἷον
1304 5672 1486 5726 ἀκίσιν
1509 5671 1541 5743 ἦ
1574 5674 1794 5743 ραφῖσιν
1824 5674 1947 5735 ταῖς

377 5761 638 5826 ἀκάνθαις
687 5762 754 5816 τὰ
787 5763 959 5815 λεπτὰ
982 5760 1091 5815 τῶν
1141 5759 1294 5825 ζώων
1340 5762 1718 5826 ἀποσείονται,
1754 5762 1848 5815 καὶ
1876 5765 1943 5833 τῇ

367 5855 582 5921 συνεχεῖ
628 5851 735 5905 τῶν
785 5850 1070 5925 βλεφάρων
1124 5853 1335 5924 κινήσει
1383 5853 1481 5917 τὰς
1534 5853 1701 5924 κόρας
1738 5869 1937 5924 συντη-

2114 1434 2350 1490 Proinde
2380 1435 2733 1507 attingamus,
2779 1437 2824 1493 si
2864 1437 2936 1492 ita
2968 1436 3200 1504 videtur,
3233 1440 3398 1494 etiam
3429 1453 3627 1510 corpo-

2044 1526 2123 1581 ris
2152 1527 2430 1596 Opiﬁeium
2484 1538 2539 1584 et
2576 1529 2921 1583 articulatam
2968 1530 3413 1595 commissuram,
3446 1533 3626 1585 admi-

2044 1629 2227 1675 rantes
2266 1622 2565 1690 sapientern
2612 1622 2970 1676 architectum
3015 1623 3254 1677 universi
3296 1622 3491 1690 Deum,
3520 1638 3628 1690 quo

2046 1719 2204 1781 pacto
2239 1712 2569 1767 conveniens
2598 1721 2651 1766 et
2681 1722 2865 1781 aptum
2898 1713 3196 1782 hospitium
3231 1715 3429 1769 animae
3460 1717 3629 1770 ratio-

2044 1802 2151 1857 nali
2188 1804 2428 1873 Optimus
2460 1802 2653 1859 artifex
2675 1804 3045 1870 aediﬁcaverit,
3081 1814 3135 1860 et
3168 1806 3347 1860 solum
3386 1806 3531 1861 inter
3562 1821 3626 1861 ea

2040 1908 2162 1963 qua:
2177 1894 2314 1949 caelo
2341 1894 2583 1963 subjecta
2605 1905 2731 1950 sunt
2754 1896 3032 1963 animalia,
3068 1907 3308 1952 erectum
3346 1897 3625 1953 hominem

2040 1986 2378 2055 produxerit,
2413 2002 2508 2056 per
2560 1994 2733 2057 Ipsam
2779 1989 2983 2043 docens
3032 1988 3285 2053 formam,
3322 2005 3388 2044 ex
3425 2004 3627 2060 cogna-

2041 2079 2190 2134 tione
2217 2094 2454 2149 superna
2486 2095 2587 2134 nos
2630 2081 2797 2134 vitam
2833 2081 3054 2135 habere.
3089 2079 3225 2135 Nam
3259 2082 3501 2151 expertia
3537 2098 3627 2136 ra-

2042 2171 2203 2227 tionis
2230 2173 2412 2227 omnia
2443 2171 2697 2227 deorsum
2746 2184 2988 2228 ventrem
3018 2190 3211 2230 versus
3249 2190 3309 2229 se
3340 2176 3625 2238 inclinant,

2040 2262 2354 2318 hominibus
2404 2273 2585 2318 autem
2624 2265 2759 2320 solis
2803 2281 2834 2320 a
2888 2274 3080 2321 natura
3116 2268 3240 2322 data
3275 2276 3329 2321 et
3372 2269 3624 2338 expedita

2041 2354 2264 2424 contigit
2304 2356 2369 2410 ad
2397 2356 2599 2410 caelum
2630 2358 2926 2427 suspectio,
2982 2375 3049 2414 ne
3087 2359 3158 2414 sit
3189 2359 3451 2429 voluptati
3475 2359 3627 2415 dedi-

2041 2452 2150 2507 tus,
2183 2463 2358 2516 neque
2391 2448 2645 2503 deorsum
2671 2464 2765 2518 per
2788 2450 2917 2504 vitia
2942 2460 3148 2521 vergat,
3185 2451 3279 2506 sed
3323 2459 3379 2503 ut
3408 2459 3626 2505 erectus

2043 2538 2114 2593 sit
2142 2549 2194 2594 et
2221 2540 2288 2595 ad
2319 2556 2554 2611 superna
2576 2541 2870 2612 spectanda
2898 2553 3202 2597 movvatur.
3232 2542 3434 2599 Deinde
3463 2554 3627 2614 caput

2040 2630 2189 2685 velut
2223 2631 2276 2684 in
2307 2632 2444 2687 colle
2472 2634 2720 2702 corporis
2747 2648 2980 2703 ponens,
3014 2635 3067 2687 in
3098 2650 3163 2689 eo
3202 2636 3469 2704 pretiosas
3496 2652 3625 2690 sen-

2043 2739 2205 2779 sunm
2241 2725 2394 2780 sedes
2411 2726 2717 2781 collocavit.
2743 2725 3036 2782 Cerebrum
3065 2743 3130 2782 ne
3151 2728 3372 2796 quidem
3403 2727 3628 2799 implere

2043 2818 2266 2872 calicem
2311 2832 2542 2873 vacuum
2593 2834 2754 2888 posse
2817 2820 3063 2890 plerique
3119 2828 3333 2890 putant,
3403 2820 3492 2876 cui
3544 2829 3630 2874 ta-

2045 2925 2168 2964 men
2200 2912 2466 2981 sapientia
2492 2926 2547 2967 et
2578 2914 2866 2982 prudentia
2902 2913 3111 2983 opiﬁcis
3149 2923 3234 2968 est
3262 2912 3467 2968 credita
3509 2912 3627 2975 Dei,

2045 3004 2141 3072 qui
2174 2997 2405 3059 consilio
2436 3012 2492 3057 et
2518 3005 2805 3074 prudentia
2835 3003 3129 3060 fabricavit
3167 3006 3441 3061 universa.
3469 3004 3629 3072 Quod

2048 3104 2228 3149 autem
2257 3095 2558 3149 maximum
2584 3096 2846 3165 quiddam
2891 3097 2962 3151 ad
2990 3098 3155 3151 vitam
3199 3098 3629 3153 emolumentum

2049 3185 2240 3240 afferat
2266 3186 2572 3253 cerebrum,
2602 3188 2882 3243 evidenter
2922 3188 2969 3245 si
2991 3189 3122 3260 quid
3156 3190 3447 3245 adversum
3480 3190 3628 3246 acci-

2046 3278 2159 3340 dat,
2192 3279 2449 3333 ostendit.
2475 3277 2611 3333 Nam
2647 3280 2692 3334 si
2722 3280 2946 3335 vulnere
2982 3282 3067 3337 vel
3094 3290 3321 3352 ruptura
3347 3283 3633 3338 continens

2049 3371 2227 3442 ipsum
2257 3372 2576 3427 membrana
2608 3372 2856 3433 laedatur.
2886 3387 3014 3428 mox
3055 3388 3087 3431 e
3120 3373 3347 3429 vulnere
3384 3375 3635 3445 sequitur

2046 3478 2289 3534 pra-sens
2319 3479 2491 3528 mors,
2538 3478 2605 3517 ne
2631 3463 2850 3534 quidem
2885 3464 2952 3518 ad
2995 3474 3335 3520 momentum
3367 3466 3632 3535 temporis

2047 3553 2223 3608 dolori
2254 3555 2540 3609 resistente
2556 3563 2750 3608 natura
2768 3555 3253 3625 :quemadmodum
3269 3556 3323 3611 in
3347 3557 3630 3611 subterra-

2047 3646 2166 3701 neis
2198 3647 2509 3710 structuris,
2542 3656 2635 3701 aut
2672 3647 2726 3702 in
2766 3647 3089 3703 balneorum
3119 3650 3297 3713 tectis,
3326 3650 3419 3719 qui
3454 3660 3629 3705 totum

2047 3740 2286 3794 continet
2312 3739 2547 3803 aedificii,
2578 3756 2719 3794 unus
2740 3749 2825 3796 est
2848 3745 3098 3797 Summus
3121 3743 3278 3813 lapis,
3297 3743 3496 3799 inﬁxus
3523 3744 3627 3813 ipsi

2045 3832 2221 3896 tholo,
2253 3849 2414 3903 quem
2454 3848 2689 3888 cuneum
2722 3833 2946 3903 Opifices
2977 3834 3174 3889 aedium
3203 3836 3496 3906 appellant,
3521 3852 3629 3906 quo

2046 3924 2318 3995 perfracto
2357 3926 2439 3980 vel
2468 3927 2709 3987 revulso,
2755 3926 2901 3981 illico
2937 3940 3268 3981 concussum
3308 3937 3391 3982 est
3431 3936 3626 3983 totum.

2046 4018 2326 4073 Lahorant
2342 4020 2576 4074 maxima
2603 4020 2896 4075 luminaria
2918 4022 2997 4075 sol
3011 4021 3230 4085 etluna,
3247 4022 3496 4079 caelestes
3514 4024 3630 4093 pla-

2046 4125 2142 4180 gas
2176 4110 2318 4164 intra
2355 4110 2497 4165 diem
2522 4122 2574 4166 et
2598 4122 2807 4167 noctem
2838 4114 3232 4184 percurrentia.
3267 4113 3419 4170 Mens
3445 4124 3625 4169 autem

2046 4212 2235 4256 nostra
2270 4202 2323 4257 in
2349 4216 2573 4273 puncto,
2600 4205 2652 4257 in
2686 4213 2963 4259 momento
2989 4205 3133 4261 oculi
3155 4222 3261 4260 una
3285 4222 3410 4261 cum
3435 4208 3627 4263 inferis

2044 4295 2243 4350 creatis
2265 4295 2437 4350 ambit
2464 4305 2516 4351 et
2544 4297 2996 4364 ultramundana,
3044 4313 3208 4353 cursu
3262 4301 3318 4354 in
3360 4300 3492 4370 ipsis
3538 4302 3626 4354 itt-

2044 4383 2261 4439 defesso
2291 4385 2627 4452 discurrens,
2653 4388 2932 4458 velutique
2951 4388 3125 4444 latens
3151 4390 3381 4446 latenter
3405 4391 3627 4447 latentia

2051 4476 2535 4548 circumspectans.
2579 4480 2738 4536 Parvi
2772 4491 2828 4536 et
2885 4483 3186 4540 imbecilles
3220 4484 3474 4539 videntur
3508 4486 3624 4555 pili,

2046 4586 2237 4625 verum
2267 4581 2321 4627 et
2353 4574 2451 4642 ipsi
2499 4575 2566 4628 ad
2622 4584 2963 4630 venustatem
3024 4577 3137 4630 cuti
3193 4578 3390 4648 capitis
3450 4579 3626 4633 innati

2050 4670 2200 4727 sunt,
2229 4675 2481 4717 arcentes
2506 4664 2808 4721 lenioribus
2833 4667 3011 4723 ventis
3041 4669 3301 4722 animalia
3331 4669 3626 4724 munitiora

2051 4755 2220 4809 calvis
2245 4756 2463 4819 infesta,
2488 4757 2584 4826 qui
2615 4766 2905 4827 propterea
2932 4774 3146 4829 semper
3172 4776 3369 4815 manus
3397 4776 3529 4816 suas
3558 4762 3628 4816 ad

2050 4848 2348 4903 arcendum
2382 4863 2445 4903 ea
2486 4859 2726 4903 movent.
2759 4848 2902 4916 Quin
2934 4850 3094 4907 etiam
3128 4852 3327 4909 hiemis
3356 4851 3543 4924 frigori
3575 4863 3630 4908 et

2053 4942 2186 4996 solis
2224 4941 2409 4996 ardori
2434 4942 2529 5011 pili
2560 4943 2846 5008 resistunt,
2877 4945 3046 4999 veluti
3099 4960 3295 5001 nemus
3346 4945 3623 5016 quoddam

2051 5034 2136 5089 vel
2170 5033 2338 5088 densa
2371 5034 2507 5089 silva
2544 5044 2753 5104 partem
2786 5036 3089 5105 subjectam
3119 5039 3529 5103 obumbrantes,
3575 5050 3630 5094 et

2052 5124 2282 5180 imbrem
2315 5127 2667 5197 excipientes.
2703 5126 2857 5181 Oculi
2879 5130 3310 5185 excelsissimam
3343 5130 3625 5202 speculam

2052 5216 2229 5271 sortiti
2266 5227 2413 5279 sunt,
2446 5232 2679 5286 cumque
2705 5218 2813 5273 duo
2853 5228 3064 5273 tantum
3100 5221 3231 5284 sint,
3268 5221 3628 5276 nihilominus

2051 5324 2267 5363 omnem
2301 5318 2537 5364 cernunt
2565 5312 2753 5365 mundi
2794 5311 2963 5381 hujus
2994 5322 3267 5377 ornatum,
3298 5314 3371 5367 ita
3404 5322 3463 5368 ut
3496 5312 3629 5383 ipsis

2047 5402 2187 5455 nihil
2226 5416 2408 5456 rerum
2463 5417 2854 5472 corporearum
2884 5403 3108 5470 officiat,
3170 5405 3265 5459 sed
3325 5406 3427 5461 sub
3460 5420 3630 5475 parvo

2051 5492 2473 5561 superciliorum
2530 5494 2949 5564 propugnaculo
3002 5494 3307 5558 constituti,
3362 5508 3430 5548 ex
3494 5496 3631 5547 emi-

2053 5584 2236 5638 nentia
2266 5585 2548 5654 superiore
2571 5584 2777 5639 directo
2798 5585 3189 5651 extenduntur,
3223 5595 3276 5639 et
3307 5585 3459 5638 velut
3491 5598 3628 5647 acu:-

2056 5674 2157 5727 bus
2187 5682 2283 5728 aut
2303 5674 2538 5737 subulis,
2570 5689 2763 5743 nempe
2787 5675 2962 5744 spinis
2992 5676 3201 5729 minuta
3229 5675 3483 5729 animalia
3523 5690 3622 5729 ex-

2052 5766 2299 5830 cutiunt,
2350 5779 2403 5821 et
2442 5767 2706 5821 continuo
2752 5766 3135 5837 palpebrarum
3178 5775 3328 5820 motu
3382 5765 3620 5836 pupillas

2052 5866 2393 5923 conservant,
2430 5856 2679 5913 ardorem
2727 5857 2859 5914 solis
2909 5858 3066 5927 quasi
3104 5852 3455 5914 ventilatione
3488 5856 3625 5928 qua;
