4112 6380
423 6126 459 6152 Β

492 355 635 447 sese

496 476 620 532 dam
653 470 981 543 mitigantes.
1032 464 1236 522 Eadem
1278 478 1405 519 cum
1465 459 1575 518 sint
1608 473 1869 533 tanquam
1896 476 1928 514 a
1976 475 2073 515 ca-

483 564 734 628 lentibus
762 573 1023 631 usurpata
1046 558 1334 614 oculorum
1364 555 1634 610 velamina
1667 554 1962 610 deﬂectunt
1989 553 2074 606 in-

495 656 877 728 temperantiae
907 653 1257 722 lasciviteque
1284 659 1537 710 mortem,
1571 649 1639 703 de
1674 663 1778 716 qua
1808 644 2076 701 Jeremias

498 752 641 807 inter
675 749 893 804 divinos
926 755 1078 802 vates
1126 744 1294 799 multa
1340 741 1581 811 pericula
1617 753 1910 809 perpessus
1940 752 2074 791 con-

497 852 741 904 testans,
799 841 913 896 ait:
953 836 1207 893 Ascendit
1239 853 1333 907 per
1369 835 1627 905 fenestras
1686 833 1827 886 mors
1852 831 1920 885 ".
1957 828 2074 883 Non

488 938 644 991 'enitn
676 932 840 989 modo
865 946 1068 1001 corpus
1102 930 1392 993 intactum,
1423 926 1517 980 sed
1546 935 1600 979 et
1625 924 1908 979 oculorum
1942 920 2077 974 radii

499 1026 755 1083 servandi
782 1035 912 1080 sunt
960 1021 1283 1089 incorrupti,
1320 1034 1499 1089 neque
1553 1018 1688 1088 ipsis
1749 1017 1861 1071 ullo
1915 1014 2077 1069 modo

497 1119 955 1191 permittendum,
984 1125 1044 1170 ut
1084 1116 1428 1185 impudenter
1460 1113 1692 1174 irruant,
1719 1118 1773 1164 et
1808 1111 1860 1162 in
1889 1109 2080 1163 alienae

497 1210 926 1282 pulchritudinis
960 1208 1168 1263 formas
1192 1206 1465 1270 involent,
1526 1219 1598 1258 ne
1643 1203 1713 1257 ab
1751 1212 1973 1272 aspectu
2011 1201 2081 1255 ad

498 1305 679 1374 ipsum
709 1312 895 1357 actum
927 1316 1173 1356 ruamus.
1201 1297 1339 1353 Nam
1369 1298 1675 1353 secundum
1713 1293 1927 1351 Domini
1965 1308 2083 1348 ser-

499 1410 720 1452 monetn
744 1433 761 1459 ,
795 1393 900 1460 Qui
940 1393 1224 1462 inspexerit
1266 1391 1540 1445 mulierem
1586 1388 1655 1442 ad
1709 1388 2085 1456 concupiscen-

498 1487 628 1541 dum
651 1502 790 1547 eam,
822 1485 943 1554 jam
996 1482 1320 1537 adulterium
1356 1497 1478 1535 cum
1538 1480 1659 1550 ipsa
1713 1479 1978 1533 commisit
2026 1477 2084 1530 in

499 1581 657 1634 corde
688 1594 783 1632 suo
801 1577 868 1630 δ’.
898 1574 1247 1646 Quapropter
1277 1573 1519 1643 virgines
1547 1586 1671 1628 esse
1709 1570 1909 1627 debent
1946 1584 2082 1625 ocu-

496 1670 677 1724 lorum
706 1668 945 1738 pupulae,
978 1681 1101 1736 quae
1132 1664 1274 1719 idem
1303 1678 1429 1717 cum
1473 1660 1779 1733 virginibus
1842 1658 2083 1714 nominis

500 1769 888 1816 ornamentum
923 1759 1129 1814 sortitae
1164 1767 1312 1812 sunt.
1345 1756 1735 1825 Saepenumero
1763 1752 1908 1808 enim
1960 1766 2084 1821 quae

499 1855 644 1910 intra
677 1852 970 1923 palpebras
1004 1853 1158 1922 virgo
1188 1857 1307 1905 erat
1332 1848 1561 1920 pupilla,
1590 1862 1687 1917 per
1719 1846 1962 1916 ipsarum
1996 1844 2079 1899 di-

499 1946 814 2001 ductionem
857 1957 1168 2014 vagumque
1192 1949 1402 1996 motum
1435 1954 1599 1995 suum
1631 1946 1804 1994 nutus
1830 1946 1887 1993 et
1926 1937 2081 2008 cogi-

499 2037 636 2092 tatio
660 2034 1020 2092 .scortationis
1045 2033 1189 2089 facta
1224 2042 1329 2091 est.

572 2126 839 2198 Exiguum
872 2127 1131 2196 quiddam
1167 2126 1312 2180 inter
1346 2122 1533 2180 omnia
1585 2121 1834 2177 membra
1892 2128 2082 2176 nostra

500 2227 591 2275 est
618 2217 791 2273 auris.
827 2216 932 2271 Sed
971 2226 1028 2272 et
1056 2216 1191 2273 istas
1222 2224 1453 2271 exornat
1479 2213 1720 2269 vicinum
1748 2211 2081 2284 cymbalum,

497 2310 691 2380 eisque
713 2309 848 2365 solis
874 2309 1019 2363 inter
1052 2316 1239 2364 creata
1277 2317 1474 2363 caetera
1531 2303 1627 2359 Dci
1663 2304 1921 2376 mysteria
1959 2319 2083 2359 cre-

499 2403 730 2459 duntur.
759 2401 964 2471 Estque
990 2400 1145 2456 auris
1171 2410 1285 2457 tota
1316 2399 1372 2454 in
1420 2396 1716 2453 rotundum
1751 2397 2083 2466 sinuoseque

498 2501 743 2560 tornata,
777 2509 844 2549 ne
897 2493 1064 2549 cittus
1115 2492 1457 2560 ingrediatur
1507 2505 1712 2556 sermo,
1772 2491 1866 2545 sed
1905 2490 2082 2559 spatio

495 2586 765 2659 longioris
812 2584 1079 2658 temporis
1134 2585 1487 2661 imminutqs,
1554 2598 1655 2653 per
1690 2583 1865 2652 ipsam
1920 2596 2082 2637 exca-

496 2679 775 2735 vatiouem
821 2678 1112 2749 prohibeat
1165 2676 1465 2748 quominus
1500 2675 1567 2730 ad
1621 2675 1792 2730 imum
1853 2675 2078 2729 materia

499 2770 773 2828 mendacii
808 2778 1078 2842 penetret,
1102 2769 1196 2825 sed
1220 2784 1329 2824 una
1356 2784 1482 2824 cum
1512 2767 1911 2822 maledicentia:
1935 2777 2079 2821 ster-

496 2863 720 2920 coribus
773 2863 828 2916 in
867 2862 1120 2933 partibus
1179 2867 1503 2928 remaneat;
1542 2874 1670 2913 nam
1705 2858 1925 2913 virtutis
1956 2857 2079 2929 qui-

497 2956 623 3011 dem
651 2963 736 3010 est
760 2953 817 3007 in
845 2967 910 3009 eo
932 2953 1026 3023 qui
1056 2952 1326 3021 loquitur,
1358 2964 1469 3005 non
1504 2950 1689 3007 dicere
1717 2950 1856 3005 falsa
1882 2968 1896 3004 :
1928 2950 1982 3003 in
2013 2963 2080 3003 eo

496 3042 594 3113 qui
623 3040 802 3106 audit,
828 3041 1066 3111 probare
1090 3040 1369 3110 quomodo
1396 3040 1653 3110 quaelibet
1678 3040 1826 3095 dicta
1860 3039 2078 3094 videan-

502 3144 615 3198 tur,
643 3148 776 3187 num
809 3131 942 3202 quid
975 3130 1206 3187 allectus
1260 3131 1346 3187 vel
1384 3131 1550 3187 amici
1601 3132 1686 3188 vel
1719 3133 2077 3200 repugnantis

495 3225 791 3281 admistum
821 3225 915 3279 sit.
969 3220 1106 3278 Nam
1141 3223 1281 3278 alter
1328 3222 1550 3292 quidem
1597 3239 1709 3279 non
1743 3226 1918 3279 cernit
1947 3239 2079 3279 acu-

497 3326 635 3381 tum,
663 3315 802 3369 alter
828 3322 1009 3370 autem
1044 3329 1271 3383 prorsus
1301 3330 1407 3369 non
1439 3315 1612 3371 videt.
1644 3314 1802 3381 Quod
1838 3315 1884 3371 si
1913 3314 2077 3370 alter—

496 3419 623 3464 utro
653 3408 850 3462 horum
882 3405 1195 3463 defectuum
1230 3408 1372 3463 ratio
1403 3420 1665 3480 corrupta
1708 3418 1794 3465 est
1821 3449 1836 3473 ,
1868 3409 2076 3479 judicio

495 3497 698 3554 mentis
731 3497 880 3568 quod
910 3497 966 3552 in
999 3497 1162 3553 nobis
1193 3506 1279 3553 est
1311 3498 1494 3569 puniri
1531 3508 1587 3555 et
1633 3514 1663 3554 a
1696 3500 1966 3570 pravitate
1990 3516 2077 3556 re-

496 3589 720 3662 purgari
755 3590 916 3644 debet
957 3604 1055 3660 per
1083 3590 1394 3655 veritatem,
1438 3606 1562 3661 quae
1624 3592 1850 3647 tortoris
1897 3591 2076 3648 oﬂicio

495 3684 777 3755 fungatur.
815 3682 931 3740 Hoc
961 3684 1107 3739 enim
1139 3684 1343 3741 docens
1364 3685 1433 3741 de
1465 3686 1652 3741 divino
1690 3695 1744 3741 et
1772 3684 2076 3743 fortissimo

496 3776 699 3832 athleta
728 3775 867 3832 Jobo
897 3777 1126 3831 historia
1158 3777 1371 3848 inquit:
1405 3776 1556 3832 Mens
1587 3779 1799 3849 quidem
1848 3788 1899 3833 et
1925 3781 2074 3834 auris

493 3870 648 3924 verba
673 3869 936 3940 dijudicat
964 3884 984 3934 ;
1012 3878 1197 3939 guttur
1243 3882 1421 3925 autem
1450 3886 1597 3925 escas
1630 3880 1810 3941 gustat
1835 3871 1900 3926 ⁸³.
1937 3872 2074 3927 Cum

494 3963 603 4018 hoc
631 3972 813 4018 autem
856 3963 1207 4018 consentiens
1247 3961 1561 4017 divinorum
1633 3963 1725 4018 ille
1766 3964 2073 4019 carminum

496 4066 689 4112 auctor
721 4055 954 4111 Davides
985 4055 1165 4125 inquit
1191 4074 1204 4109 :
1235 4052 1376 4109 Eum
1399 4056 1490 4126 qui
1524 4056 1827 4110 clanculum
1858 4058 2076 4111 mentie-

496 4150 653 4202 batur
680 4148 744 4201 de
787 4148 1029 4217 proximo
1059 4162 1155 4202 suo
1186 4186 1202 4213 ,
1253 4146 1687 4219 persequebar“.
1723 4146 1841 4218 Ipse
1891 4158 2073 4203 autem

496 4239 871 4295 universitatis
902 4238 1133 4307 hujusce
1194 4236 1360 4305 Deus,
1432 4252 1720 4295 servorum
1777 4238 2075 4309 obsignans

492 4332 685 4393 verba,
706 4331 759 4383 in
782 4330 1074 4401 Evangelio
1097 4330 1306 4400 inquit:
1331 4327 1514 4383 Estote
1532 4330 1879 4384 nummularii
1899 4331 2071 4400 probi,

493 4423 848 4489 dijudicantes
878 4420 1067 4474 abono
1109 4421 1248 4481 quod
1301 4421 1661 4475 adulterinum
1710 4432 1809 4475 est.
1846 4419 1963 4475 Non
2017 4431 2078 4476 ut

492 4516 669 4571 instar
698 4514 1197 4568 nummulariorum
1229 4528 1428 4568 sonum
1462 4514 1798 4583 explorando
1830 4515 2070 4584 excipia-

495 4622 643 4670 mus,
685 4606 778 4661 scd
815 4614 875 4659 ut
912 4604 1280 4675 ponderantes
1326 4603 1683 4674 pronuntiata
1733 4603 1953 4659 illorum
1977 4608 2072 4676 qui

493 4700 907 4768 colloquuntur,
938 4707 992 4751 et
1022 4702 1253 4751 eventus
1286 4693 1584 4759 factorum,
1614 4696 1681 4750 ad
1724 4696 1929 4767 justam
1977 4714 2074 4768 po-

493 4795 605 4847 tius
637 4790 1075 4862 propendeamus
1113 4788 1403 4843 trutinam.
1436 4787 1667 4842 Aurium
1697 4790 1844 4843 enim
1879 4799 1935 4844 et
1964 4788 2071 4844 lin-

495 4900 726 4957 guarum
780 4897 1040 4959 magnum
1099 4881 1375 4951 quoddam
1426 4881 1730 4950 periculum
1765 4891 1890 4938 est:
1944 4897 2068 4938 cum

491 4977 749 5047 exiguum
782 4976 856 5030 sit
884 4974 1192 5029 membrum
1233 4973 1415 5044 lingua
1438 5012 1452 5036 ,
1486 4973 1752 5028 mendacii
1784 4983 1838 5028 et
1869 4978 2070 5030 verita-

490 5070 581 5129 tis.
642 5068 726 5121 vel
765 5069 949 5136 potius
984 5066 1178 5121 salutis
1227 5074 1284 5120 et
1333 5064 1659 5136 perditionis
1699 5074 1782 5120 est
1830 5065 2065 5133 oﬂicina,

489 5159 700 5230 Lingua
727 5174 841 5211 mea
874 5158 1123 5231 calamus.
1173 5157 1362 5212 scriba:
1412 5158 1659 5211 velociter
1698 5159 1974 5214 scribentis
1999 5160 2066 5225 ",

486 5263 542 5307 et
571 5271 583 5307 :
621 5250 829 5322 Lingua
864 5266 979 5303 mea
1026 5249 1273 5318 loquetur
1297 5250 1594 5318 justitiam,
1644 5249 1823 5318 inquit
1853 5250 2069 5306 divino-

488 5358 611 5397 rum
641 5350 832 5395 auctor
862 5339 1170 5394 carminum
1201 5339 1279 5406 “;
1312 5349 1365 5394 et
1396 5340 1537 5394 idem
1574 5357 1768 5395 rursus
1797 5358 1811 5395 :
1840 5341 2063 5412 Linguis

489 5437 600 5489 suis
633 5434 813 5487 dolose
839 5432 1067 5503 agebant
1090 5431 1134 5463 "
1162 5449 1178 5492 ;
1211 5441 1265 5486 et
1293 5451 1304 5486 :
1337 5431 1544 5502 Lingua
1574 5449 1752 5486 eorum
1791 5434 1930 5486 sicut
1957 5451 2067 5488 ser-

559 5547 603 5622 ‘_'
638 5546 749 5622 Jer.
782 5563 859 5612 Ix,
887 5547 978 5622 ξι.
1055 5546 1100 5578 δ’
1133 5544 1388 5615 Matth.v,
1422 5547 1514 5603 28.
1556 5548 1602 5580 ⁵³
1638 5548 1740 5604 Job
1785 5566 1885 5616 xu,
1920 5551 2003 5605 ll.
2078 5551 2125 5585 “
2162 5552 2309 5613 Psal.
2345 5570 2398 5622 c,
2442 5556 2497 5611 5.

491 5617 533 5650 δ’
559 5616 706 5672 Psal.
742 5632 864 5683 xm,
902 5618 954 5673 3.

561 5730 672 5799 (93)
702 5731 958 5786 Γίνεσθε
990 5734 1221 5800 τραπεζ.
1255 5733 1329 5789 De
1362 5735 1468 5790 hoc
1497 5734 1696 5789 celebri
1734 5734 1904 5797 dicto,
1935 5752 2067 5792 nus-

485 5803 631 5871 piam
680 5801 734 5872 in
792 5804 965 5859 sacris
1002 5805 1223 5859 Litteris
1273 5815 1565 5868 exstante,
1616 5807 1770 5872 plura
1825 5806 1944 5858 vide
1993 5808 2069 5861 sis

485 5870 631 5947 apud
667 5870 996 5928 Cotelerium
1041 5876 1107 5930 ad
1138 5873 1364 5933 Constit.
1395 5877 1576 5944 Apost.
1609 5870 1700 5929 lib.
1734 5890 1794 5941 ll,
1827 5890 1950 5948 cap.
1975 5877 2067 5945 36,

1591 340 1649 399 S.
1691 338 1993 398 CAESARI!
2031 336 2362 396 GBEGOR“
2399 337 2704 394 FRATRIS

3632 337 3776 398 ιοθε

2179 459 2356 531 ροῦσι,
2387 458 2480 513 τὸν
2512 458 2755 530 φλογμὸν
2780 454 2877 510 τοῦ
2910 456 3065 527 ἡλίου
3090 456 3584 530 διαρῤιπιζόμενοι.
3620 457 3705 512 Τὰ
3726 458 3778 512 δ’

2174 548 2319 602 αὐτὰ
2343 542 2455 602 οἷον
2477 548 2535 602 θε
2545 548 2710 619 ρῶσιν
2736 546 3206 616 καταπετάσματα
3224 547 3408 600 αὐτῶν
3428 546 3774 618 ὑπάρχοντα,

2175 638 2518 693 ἐκκλίνουσιν
2575 638 2669 692 τὸν
2701 638 2800 710 τῆς
2834 637 3132 698 ἀκολασίας
3189 635 3450 692 θάνατον·
3489 638 3550 692 ὃν
3601 639 3775 710 Ἱερε-

2180 729 2310 801 μίας
2353 731 2382 782 ό
2418 729 2527 783 τῶν
2563 730 2860 801 προφητῶν
2911 728 3297 793 πολυκίνδυνος
3329 729 3773 800 μαρτυρόμενος,

2179 823 2364 892 φησιν,
2382 821 2589 889 Ἀνέϐη
2624 822 2881 887 θάνατος
2911 821 3011 875 διὰ
3040 820 3161 875 τῶν
3181 821 3462 890 θυρίδων.
3493 822 3572 877 Uti
3609 823 3774 893 μόνον

2178 915 2288 985 γὰρ
2337 914 2399 967 τὸ
2439 902 2599 984 σῶμα
2643 915 2957 983 ἀνέπαφον,
2984 913 3119 967 ἀλλὰ
3175 916 3272 968 καὶ
3305 914 3404 977 τὰς
3450 914 3612 985 βολὰς
3658 915 3773 969 τῶν

2179 1004 2475 1076 ὀφθαλμῶν
2508 1006 2592 1059 δεῖ
2615 1005 2973 1077 παρθενεύειν
3018 1008 3114 1061 καὶ
3143 1007 3411 1078 μηδαμῶς
3448 1007 3773 1079 ἐπιτρέπειν

2180 1098 2374 1162 αὐταῖς
2405 1096 2638 1162 ἀναιδῶς
2689 1099 2939 1171 ὲφορμᾷν
2971 1099 3066 1153 καὶ
3099 1098 3478 1170 παρίπτασθαι
3521 1103 3639 1163 τοῖς
3675 1100 3774 1153 ἁλ-

2180 1189 2419 1261 λοτρίοις,
2440 1189 2730 1255 κάλλεσιν,
2771 1191 2860 1243 ἵνα
2913 1190 2988 1261 μὴ
3016 1190 3127 1244 ἀπὸ
3174 1193 3275 1261 τῆς
3330 1191 3461 1254 θέας
3485 1232 3499 1253 ,
3544 1193 3639 1245 ἐπὶ
3669 1191 3772 1263 τὴν

2182 1281 2383 1353 πρᾶξιν
2433 1282 2783 1354 ὁρμήσωμεν.
2822 1283 2981 1336 Κατὰ
3035 1283 3146 1356 γὰρ
3182 1284 3280 1354 τὴν
3336 1284 3670 1355 θεηγορίαν,
3716 1287 3773 1339 ὀ

2181 1373 2487 1444 ἐμϐλέψας
2508 1375 2743 1445 γυναικὶ
2770 1378 2921 1444 πρὸς
2940 1376 3006 1430 τὸ
3029 1376 3397 1447 ἐπιθυμῆσαι
3419 1377 3633 1447 αὐτὴν,
3650 1376 3771 1449 ἤδη

2183 1466 2540 1536 ἐμοίχευσεν
2589 1465 2785 1536 αὐτὴν
2811 1468 2880 1521 ἐν
2917 1466 2996 1538 τῇ
3046 1470 3262 1538 καρδίᾳ
3312 1468 3526 1524 αὐτοῦ.
3554 1471 3773 1542 Παρθε-

2184 1556 2362 1613 νεύειν
2393 1555 2485 1612 οὖν
2513 1556 2620 1630 χρὴ
2656 1558 2755 1624 τὰς
2789 1559 2955 1630 κόρας
2986 1559 3095 1613 τῶν
3126 1558 3445 1631 ὀφθαλμῶν,
3473 1561 3774 1633 ίσωνυμίαν

2185 1650 2294 1704 τῶν
2325 1650 2607 1722 παρθένων
2634 1652 3030 1723 τετιμημένας.
3061 1652 3333 1717 Πολλάκις
3358 1653 3470 1726 γὰρ
3497 1655 3530 1726 η
3562 1656 3776 1728 ἐμπαρ-

2189 1743 2484 1798 θενεύουσα
2526 1747 2640 1809 τοῖς
2671 1744 2962 1817 βλεφάροις
2997 1747 3135 1819 κόρη
3161 1787 3177 1812 ,
3207 1749 3273 1819 τῇ
3301 1747 3553 1821 διαστολῇ
3586 1748 3775 1803 αὐτῶν

2186 1836 2281 1890 καὶ
2321 1838 2522 1909 ἑαυτῆς
2558 1841 2931 1911 περιστροφῇ,
2973 1838 3150 1911 νεῦμα
3177 1841 3273 1894 καί
3309 1841 3487 1912 νόημα
3514 1841 3776 1914 πορνείας

2184 1929 2247 1983 τὸ
2276 1929 2534 2002 ἄντικρυς
2571 1931 2808 2001 ἐγένετο.

2254 2110 2494 2170 κολοϐὸν
2524 2116 2589 2170 ὲκ
2639 2115 2858 2170 πάντων
2887 2117 3045 2187 ἡμῶν
3072 2116 3181 2170 τῶν
3223 2116 3402 2188 μελῶν
3446 2117 3508 2172 τὸ
3555 2112 3648 2183 οὖς
3679 2136 3780 2174 κει-

2183 2207 2499 2281 χάλκευται,
2530 2209 2666 2263 ἀλλὰ
2692 2210 2785 2264 καὶ
2814 2210 2947 2263 αὐτὸ
2972 2210 3261 2282 διακοσμεῖ
3291 2212 3354 2265 τὸ
3386 2211 3778 2284 περικείμενον

2183 2300 2484 2372 κύμϐαλον,
2521 2302 2615 2355 καὶ
2651 2302 2812 2373 μόνον
2837 2304 2936 2374 τῆς
2963 2302 3327 2375 δημιουργίας
3361 2302 3643 2375 θαρρείται
3676 2304 3777 2359 τοῦ

2182 2394 2320 2448 Θεοῦ
2379 2395 2649 2467 μυστήρια
2674 2437 2691 2462 ,
2730 2394 3043 2459 ὲλικοειδῶς
3096 2395 3448 2467 ὲκτορνευθὲν
3505 2396 3573 2451 δι’
3622 2398 3778 2465 ὅλου,

2182 2486 2324 2541 ὥστε
2361 2487 2435 2560 μὴ
2469 2487 2663 2543 θᾶττον
2696 2487 2960 2542 είσδύνειν
2988 2487 3081 2541 τὸν
3111 2487 3268 2557 λόγον
3288 2528 3303 2549 ,
3331 2488 3445 2542 ἀλλ’
3478 2492 3538 2546 ὲν
3566 2490 3780 2545 πλείονι

2180 2581 2360 2654 χρόνῳ
2389 2581 2782 2652 ἐλαττουμένου
2807 2584 2874 2654 τῇ
2904 2583 3094 2654 τορείᾳ
3119 2582 3213 2636 ἐπὶ
3236 2581 3299 2635 τὸ
3329 2583 3492 2653 βάθος
3514 2584 3612 2655 τὴν
3638 2585 3780 2657 ὓλην

2178 2673 2275 2727 τοῦ
2332 2672 2595 2744 ψεύδους,
2633 2672 2752 2744 ἄμα
2804 2674 2913 2728 τῶν
2967 2674 3068 2745 τῆς
3101 2675 3441 2747 κατηγορίας
3480 2677 3778 2733 σκυὸάλων

2179 2764 2648 2835 προσκαταλεῑψαι
2678 2767 2801 2830 ταῖς
2851 2765 3059 2836 ὄχθαις.
3105 2766 3335 2839 Ἀρετῆς
3378 2770 3490 2840 γὰρ
3525 2769 3622 2823 τοῦ
3670 2770 3779 2840 μὲν

2180 2857 2481 2929 φράζοντος
2516 2859 2590 2929 μὴ
2621 2859 2978 2929 ψευδηγορεῖν
2998 2900 3014 2925 ,
3042 2858 3137 2913 τοῦ
3189 2859 3247 2913 δὲ
3284 2860 3574 2927 ἀκούοντος
3619 2861 3777 2916 δοκι-

2181 2946 2376 3019 μάζειν
2416 2948 2487 3002 τὰ
2533 2948 2828 3018 φάσματα,
2861 2948 2911 3000 εἰ
2964 2948 3133 3019 μηδὲν
3186 2951 3566 3021 προσπαθείας
3596 2950 3778 3019 πάθος

2177 3040 2535 3111 ἐγκέκραται.
2581 3040 2647 3093 Ἦ
2692 3040 2792 3111 μὲν
2836 3040 2946 3112 γὰρ
2991 3041 3093 3095 οὐκ
3128 3040 3386 3114 ὀξυωπεῖ,
3433 3045 3467 3114 ἡ
3518 3044 3579 3097 δὲ
3628 3043 3777 3110 ὅλως

2177 3132 2275 3200 οὐχ
2312 3132 2415 3203 ὁρᾷ
2438 3149 2453 3163 ·
2485 3134 2534 3186 εἰ
2563 3132 2608 3186 δ’
2641 3132 2911 3203 ὁποτέρας
2960 3131 3112 3206 λώϐῃ
3158 3135 3189 3186 ό
3237 3112 3395 3204 λόγος
3418 3112 3775 3210 δίέφθαρται,

2180 3221 2260 3292 τῷ
2306 3225 2365 3275 ὲν
2394 3225 2528 3294 ἡμῖν
2559 3224 2827 3296 κριτηρίῳ
2866 3224 2969 3294 τῆς
3011 3226 3253 3290 διανοίας
3287 3231 3554 3301 τιμωρεῖν
3603 3231 3778 3284 αὑτὸν

2185 3315 2281 3369 καὶ
2305 3314 2557 3382 ἀποξέειν
2585 3316 2685 3385 τῆς
2723 3316 2945 3384 κακίας,
2978 3319 3140 3372 οἱονεὶ
3177 3318 3358 3391 δημίῳ
3400 3323 3468 3392 τῇ
3511 3320 3774 3392 ἀληθείᾳ.

2181 3411 2353 3467 Τοῦτο
2386 3413 2498 3482 γὰρ
2552 3409 2883 3465 παιδεύουσα
2928 3412 2960 3479 ὴ
3019 3408 3164 3464 κατὰ
3197 3411 3290 3464 τὸν
3338 3411 3626 3467 θεσπέσιον
3676 3415 3777 3467 καὶ

2179 3502 2556 3575 ἀνδρειότατον
2605 3499 2913 3570 ἀγωνιστὴν
2950 3499 3073 3554 ’1ὼὸ
3124 3501 3337 3571 ἱστορία
3368 3502 3534 3572 φησίν
3558 3518 3573 3534 ο
3606 3504 3778 3570 Νοῦς

2173 3597 2291 3667 μὲν
2317 3595 2416 3650 καὶ
2448 3590 2557 3661 οὖς
2584 3594 2828 3663 ῥήματα
2854 3592 3143 3661 διακρίνει
3166 3633 3182 3658 ,
3222 3593 3453 3664 λάρυγξ
3509 3593 3581 3648 δὲ
3627 3595 3780 3650 σῖτα

2177 3689 2434 3759 γεύεται.
2453 3686 2766 3759 Συμφώνως
2801 3685 2860 3739 δὲ
2898 3685 3074 3757 τούτῳ
3120 3686 3305 3751 Δαόὶδ,
3367 3689 3397 3741 ό
3445 3686 3558 3742 τῶν
3607 3687 3779 3745 θείων

2183 3778 2444 3851 μελῳδὸς,
2462 3777 2618 3849 φησί·
2648 3776 2762 3831 Τὸν
2788 3776 3247 3832 καταλαλοῦντα
3269 3776 3461 3847 λάθρα
3480 3778 3590 3833 τοῦ
3613 3783 3779 3849 πλη-

2178 3872 2320 3925 σίον
2361 3869 2548 3924 αὑτοῦ
2568 3910 2583 3935 ,
2628 3867 2846 3923 τοῦτον
2873 3866 3216 3932 ἐξεδίωκον.
3273 3868 3333 3922 '0
3378 3868 3436 3922 δὲ
3476 3867 3586 3923 τῶν
3627 3869 3778 3924 ὅλων

2178 3963 2312 4029 Θεὸς
2346 3962 2458 4016 τῶν
2507 3960 2736 4017 οἰκετῶν
2792 3959 3212 4033 ἐπισφραγίζων
3264 3960 3335 4015 τὰ
3393 3963 3656 4034 ῥήματα,
3709 3963 3777 4016 ἐν

2178 4053 2530 4124 Εὐαγγελίοις
2564 4053 2732 4124 φησὶ,
2784 4053 3042 4107 Γίνεσθε
3091 4052 3426 4121 τραπεζῖται
3457 4053 3567 4124 (95)
3599 4053 3774 4107 δόκι-

2172 4160 2274 4213 μοι
2298 4183 2313 4209 ,
2361 4142 2773 4210 διακρίνοντες
2814 4142 2884 4196 ὲκ
2926 4140 3035 4195 τοῦ
3075 4140 3327 4212 δοκίμου
3356 4143 3425 4197 τὸ
3454 4143 3771 4213 κίϐδηλον.

2177 4234 2289 4304 Ούχ
2344 4233 2429 4288 ἵνα
2470 4231 2625 4304 δίκην
2680 4231 2789 4286 τῶν
2837 4233 3175 4287 κολυϐιστῶν
3228 4238 3614 4306 κομπήσαντες
3669 4238 3774 4291 τὸν

2176 4322 2310 4401 ἦχον
2342 4324 2658 4397 δεξώμεθα,
2712 4324 2829 4378 ἀλλ’
2864 4325 2950 4378 ἵνα
3003 4326 3391 4398 σταθμίζοντες
3420 4330 3523 4394 τὰς
3551 4330 3775 4399 ἀποφά-

2180 4437 2295 4483 σεις
2326 4419 2436 4472 τῶν
2467 4417 3007 4490 προσδιαλεγομένων
3031 4460 3047 4486 ,
3078 4421 3172 4473 καὶ
3223 4420 3323 4485 τὰς
3368 4421 3623 4486 ἐκϐάσεις
3653 4422 3772 4475 τῶν

2181 4510 2573 4584 πραττομένων
2615 4550 2630 4574 ,
2672 4511 2763 4564 ἐπὶ
2830 4509 2929 4582 τὴν
2986 4511 3200 4565 δικαίαν
3255 4513 3457 4583 μᾶλλον
3510 4513 3771 4586 ῥέψωμεν

2181 4605 2513 4674 πλάστιγγα.
2554 4604 2719 4658 Ὢτῶν
2772 4603 2884 4674 γὰρ
2945 4606 3040 4657 καὶ
3077 4604 3334 4672 γλωττῶν
3382 4605 3569 4669 πολύς
3602 4624 3691 4670 τις
3734 4608 3769 4661 ἐ

2180 4695 2419 4759 κίνδυνος
2446 4736 2461 4761 ,
2520 4696 2693 4767 βραχὺ
2746 4695 3068 4767 ὑπάρχουσα
3133 4694 3334 4766 μέλος,
3386 4695 3614 4765 ψεύδους
3669 4699 3771 4753 καὶ

2178 4787 2527 4859 ἁληθείας,ἢ
2563 4787 2760 4859 μᾶλλον
2804 4787 3080 4859 σωτηρίας
3110 4787 3205 4840 καὶ
3244 4786 3523 4852 ἀπωλείας
3562 4789 3772 4859 τυγχά-

2177 4897 2345 4938 νουσα
2416 4883 2800 4953 ὲργαστήριον.
2869 4883 2941 4937 Ἠ
3000 4881 3256 4953 γλῶσσά
3311 4901 3431 4954 μου
3491 4884 3771 4955 κάλαμος

2177 4976 2561 5046 γραμματέως
2606 4974 2951 5045 ὀξυγράερου
2982 5015 2997 5040 ,
3033 4976 3131 5037 καὶ
3154 5016 3169 5041 ,
3219 4975 3283 5030 Ἠ
3329 4975 3584 5045 γλῶσσά
3640 4994 3767 5049 μου

2173 5070 2434 5137 λαλήσει
2468 5070 2886 5136 δικαιοσύνην,
2919 5070 3083 5139 φησὶν
3106 5071 3136 5122 ὁ
3166 5068 3276 5122 τῶν
3310 5069 3472 5123 θείων
3501 5070 3761 5142 μελῳδός,

2175 5163 2285 5217 Καὶ
2310 5161 2473 5215 πάλιν
2494 5163 2523 5214 ὁ
2552 5162 2713 5225 αὐτὸς
2729 5204 2745 5229 ,
2781 5161 2916 5229 Ταῖς
2938 5162 3248 5232 γλώσσαις
3266 5161 3469 5217 αὐτῶν
3491 5164 3754 5218 ἐδολιοῦ-
3787 5178 3803 5251 ξ

2175 5271 2316 5319 σαν,
2349 5254 2447 5306 καὶ
2479 5254 2517 5322 ἠ
2546 5251 2798 5322 γλῶσσα
2825 5253 3025 5307 αὐτῶν
3044 5254 3187 5308 ὡσεὶ
3216 5253 3435 5323 ὄφεως,
3464 5254 3554 5321 ίὸς
3579 5255 3777 5309 ἀσπίς

2174 5348 2294 5401 δων
2334 5346 2454 5401 ὑπὸ
2485 5345 2557 5399 τὰ
2584 5345 2757 5415 χείλη
2784 5344 3002 5399 αὐτῶν.
3031 5345 3347 5417 Συμφὼνως
3378 5346 3435 5400 δὲ
3463 5346 3543 5418 τῷ
3587 5347 3768 5420 πατρὶ

2172 5442 2200 5492 ὁ
2255 5441 2363 5492 τῶν
2419 5439 2577 5493 θείων
2623 5439 2786 5508 σοφὸς
2841 5439 3094 5511 Σολομὼν
3144 5458 3314 5512 φησι,
3346 5440 3482 5509 Ζωὴ
3517 5442 3629 5512 τὰρ
3660 5442 3767 5496 καὶ

2575 5555 2621 5587 ⁸⁵
2651 5553 2800 5611 Psal.
2837 5571 2986 5622 XLIV,
3026 5554 3082 5611 2.
3160 5556 3208 5589 ⁸⁸
3253 5554 3401 5612 Psal.
3444 5573 3632 5616 xxxnv.
3664 5557 3763 5614 33.

2176 5737 2270 5807 qui
2303 5744 2355 5791 et
2382 5734 2514 5807 illud
2540 5735 2682 5790 inter
2717 5735 2822 5789 alia
2847 5734 3018 5807 multa
3048 5736 3330 5802 observat,
3360 5736 3509 5792 hunc
3532 5738 3767 5794 Caesari!

2177 5805 2355 5862 locum
2379 5823 2444 5878 ex
2475 5805 2697 5861 Palladii
2726 5807 2801 5859 De
2833 5807 2939 5878 uita
2973 5806 3336 5878 Cltfysostomi
3384 5823 3506 5878 cap.
3530 5808 3587 5874 ι,
3613 5810 3771 5867 scri-

2178 5879 2352 5947 ptoris
2384 5876 2624 5932 Caesario
2655 5876 2998 5943 recentioris,
3034 5876 3203 5933 fuisse
3238 5876 3497 5935 cllictuttl.
