4112 6380
332 363 471 417 ΠΜ

336 481 594 542 θάνατος
630 477 701 531 ὲν
744 473 897 546 χειρὶ
931 474 1220 545 γλώσσης
1249 490 1260 501 ·
1304 472 1507 526 ὡσανεὶ
1564 473 1685 526 ἀντὶ
1737 470 1921 542 χειρὸς

335 574 427 627 τὸν
448 572 630 640 λόγον,
656 570 777 622 ἀντὶ
802 571 1081 637 φασγάνου
1104 566 1195 618 τὸν
1217 564 1388 628 δόλον,
1415 564 1581 632 φονέα
1613 564 1916 633 παριστῶν,

338 661 430 715 καὶ
461 662 518 711 ἐν
555 661 651 729 μιᾷ
692 657 869 728 μερίδι
902 656 994 708 τὸν
1020 656 1344 727 ἀνδροφόνον
1379 655 1470 709 καὶ
1509 655 1600 707 τὸν
1626 653 1794 706 δόλιον
1815 694 1829 716 ,
1858 655 1920 707 τὸ

334 753 489 806 θεῖον
537 749 841 819 ἐψηφίσατο
866 788 879 810 ,
917 746 1098 809 καθώς
1133 763 1263 815 φησι
1297 746 1385 798 διὰ
1420 745 1513 798 τοῦ
1549 746 1783 814 μεγάλου
1816 748 1919 798 Δα-

336 843 441 906 ϐὶδ,
475 842 699 909 Ἄνδρα
729 838 988 909 αἱμάτων
1018 838 1116 891 καὶ
1146 838 1352 892 δόλιον
1372 837 1918 902 βδελύσσεταιΚύ-

330 953 482 1004 ριος.
533 935 590 986 ’0
616 934 671 987 δὲ
716 932 834 1002 Θεῷ
865 932 1146 1002 βδελυκτὺς
1184 932 1399 993 πάντως
1430 933 1523 984 καὶ
1569 931 1875 1001 τιμωρητός
1903 946 1916 959 ⁶

335 1027 411 1089 ὼς
441 1026 469 1077 ὁ
500 1025 870 1097 παραρριφεὶς
904 1025 1119 1094 σίδηρος
1143 1023 1247 1076 ὑπὸ
1274 1023 1367 1075 τοῦ
1401 1024 1478 1075 ίοῦ
1508 1023 1917 1094 δαπανώμενος,

338 1117 431 1170 καὶ
462 1116 615 1181 ξύλον
653 1117 686 1187 ἦ
718 1115 880 1186 ἐσθὴς
915 1114 1134 1186 ῥυπαρὰ
1156 1114 1492 1185 τυγχάνοντα
1524 1116 1619 1169 καὶ
1661 1115 1921 1186 βδελυκτὰ

328 1207 414 1278 τῷ
445 1207 678 1277 δεσπότῃ
714 1206 819 1258 ὑπὸ
857 1206 949 1259 τοῦ
999 1206 1320 1276 ἐγκειμένου
1354 1206 1576 1276 αἴσχους
1621 1206 1920 1275 καταφθεί-

341 1316 493 1370 ρεται
516 1300 585 1370 ’ἦ
621 1299 809 1369 ὥσπερ
839 1294 985 1361 οἶκος
1013 1300 1079 1369 τῇ
1104 1297 1490 1366 ἐγκαταλείψει
1521 1295 1612 1350 τοῦ
1652 1297 1922 1350 ἐνοικοῦν-

336 1410 426 1457 τος
478 1391 853 1464 ἐρημοῦμενος
903 1390 1044 1444 κατά
1088 1390 1252 1461 μέρος
1285 1389 1563 1461 φθείρεται
1589 1407 1603 1421 ⁸
1634 1391 1923 1461 παραπλη-

341 1485 470 1548 σίως
506 1502 597 1555 μοι
629 1484 776 1536 δοκεῖ
814 1484 906 1536 καὶ
960 1482 1149 1553 βροτὸς
1202 1480 1322 1552 Θεῷ
1352 1481 1638 1549 βδελυκτὸς
1686 1485 1750 1554 τῇ
1801 1482 1920 1554 θείᾳ

338 1577 657 1645 ἀποστροφῇ
713 1573 817 1626 ὑπὸ
864 1573 973 1625 τῶν
1028 1571 1450 1643 ἐγκεκραμένων
1520 1573 1670 1643 αὐτῷ
1731 1572 1920 1626 κακῶν

341 1668 679 1736 κακούμενος
744 1664 1146 1737 τιμωρεῖσθαι,
1204 1665 1303 1735 τῆς
1356 1665 1725 1733 ἀποφάσεως,
1784 1665 1917 1734 τῆς,

350 1760 667 1813 Ἀπέλθετε
697 1759 797 1811 ἀπ’
839 1756 1007 1826 ἐμοῦ,
1030 1761 1083 1810 οἱ
1114 1755 1529 1825 κατηραμένοι,
1568 1758 1656 1822 εις
1706 1756 1770 1809 τὸ
1802 1756 1921 1824 πῦρ

332 1848 406 1902 ιτὸ
437 1848 678 1901 αἰώνιον
702 1888 716 1910 ,
752 1847 1101 1917 καταλλήλως
1148 1846 1255 1899 τῶν
1300 1848 1703 1918 ἡμαρτημένων
1748 1849 1922 1916 ἐμπε-

342 1941 541 2011 σούσης
576 1943 686 2003 τοῖς
724 1940 1132 2009 ἀκουσομένοις.
1157 1940 1292 1993 Τότε
1318 1941 1444 2002 τοὺς
1490 1939 1591 2008 μὲν
1616 1940 1780 1992 οἱονεὶ
1824 1939 1920 1993 ἄν·

340 2034 476 2104 θραξ
532 2035 589 2085 ἐν
627 2032 853 2103 ἀχύροις
898 2030 1156 2101 ἐμπεσὼν
1201 2034 1489 2102 διασμήχει
1518 2032 1611 2084 καὶ
1643 2032 1919 2102 διαφλέγει

332 2126 606 2189 αἱωνίως,
641 2125 778 2195 μήτε
822 2122 1119 2192 φθείρουσα
1146 2162 1160 2186 ,
1199 2124 1337 2193 μήτε
1372 2120 1705 2193 φθειρομένη
1742 2123 1832 2176 διὰ
1862 2125 1921 2178 τὸ

339 2217 650 2286 ἀφθάρτους
675 2215 824 2284 ἡμᾶς
847 2216 911 2267 ἐκ
939 2214 1129 2283 τάφων
1171 2212 1526 2267 ἀνίστασθαι’
1563 2214 1687 2279 τοὺς
1723 2216 1821 2286 μὲν
1848 2216 1926 2270 δι-

336 2309 531 2369 καίους
568 2309 625 2360 ἐν
650 2306 802 2377 ἀδείᾳ.
832 2307 926 2361 καὶ
980 2307 1322 2371 ἀναπαύσει,
1364 2307 1458 2360 καὶ
1506 2306 1657 2379 πάσῃ
1706 2308 1925 2380 ἐξουσίᾳ

343 2399 523 2468 μένειν
558 2398 869 2465 ἀφθάρτους
922 2397 1370 2462 διαιωνίζοντας,
1414 2400 1541 2463 τοὺς
1583 2399 1640 2452 δὲ
1680 2401 1927 2471 ἁμαρτή-

342 2506 540 2552 σαντας
570 2490 803 2552 αίωνίως
830 2489 1296 2560 τιμωρουμένους,
1331 2490 1404 2561 μὴ
1436 2491 1771 2562 φθείρεσθαι,
1790 2491 1925 2545 ἀλλά

339 2584 612 2654 περιεῖναι
637 2583 692 2634 ἐν
722 2584 838 2645 τοῖς
862 2581 1268 2652 ἀφωρισμένοις
1296 2584 1507 2648 τόποις,
1535 2584 1922 2654 ἀσχάλλοντας,

334 2672 757 2742 ἀμηχανοῦντας
779 2713 795 2733 ,
826 2671 1258 2743 ἀδημονοῦντας,
1294 2673 1594 2742 ἀλγοῦντας
1621 2716 1636 2739 ,
1668 2675 1928 2747 ὀλοφυρο-

347 2765 570 2834 μένους,
596 2766 963 2837 τρυχομένους
984 2806 998 2828 ,
1028 2765 1375 2829 κωκύοντας,
1405 2767 1788 2838 δακνομένους,
1824 2767 1928 2821 τιλ·

339 2856 602 2925 λομένους
628 2895 643 2917 ,
680 2855 1047 2919 ἀλαλάζοντας
1071 2897 1085 2923 ,
1122 2856 1558 2926 ἀραττομένους,
1608 2857 1771 2928 μηδὲν
1813 2857 1928 2911 λοιο

346 2948 446 3002 πὸν
474 2946 918 3016 δυναμένους,τὺν
942 2944 1041 3001 νῦν
1091 2948 1281 3017 καιρὸν
1339 2948 1435 3017 τῆς
1468 2950 1755 3018 μετανοίας
1786 2967 1927 3023 παρ-

332 3041 660 3109 ωσαμένους
685 3078 700 3101 ,
725 3042 836 3101 τοῖς
860 3038 1136 3109 δεομένοις
1165 3038 1235 3092 τὰ
1279 3038 1505 3104 ἑαυτῶν,
1539 3041 1748 3104 ἑαυτοῖς
1780 3041 1836 3093 δὲ
1863 3041 1929 3094 τὰ

342 3131 437 3183 τοῦ
477 3129 612 3183 Θεοῦ
641 3129 926 3199 σπλάγχνα
955 3126 1405 3191 ἀποκλείσαντας.
1434 3130 1717 3194 Ἀνίλεως
1747 3132 1856 3198 γὰρ
1888 3131 1927 3198 ὴ

341 3225 544 3292 κρίσις
600 3223 681 3288 τῷ
722 3221 809 3292 μὴ
868 3221 1192 3287 ποιήσαντι
1246 3222 1453 3287 ἕλεος,
1505 3223 1671 3292 φησὶν
1720 3226 1752 3293 ἡ
1812 3223 1929 3277 θεία

343 3319 529 3386 φωνή·
562 3318 674 3378 τοῖς
716 3314 773 3367 δὲ
807 3315 900 3368 καὶ
928 3314 1117 3377 σκότος
1140 3316 1198 3367 ἐν
1224 3314 1513 3386 ἐξωτέροις
1559 3315 1796 3369 ἐλαύνων
1840 3315 1931 3368 τό·-

342 3426 465 3471 ποις
497 3410 530 3478 ἡ
584 3406 676 3460 τοῦ
727 3405 912 3477 κριτοῦ
942 3406 1216 3473 ἀπόφασις
1264 3407 1475 3475 γίνεται
1503 3447 1517 3469 ,
1554 3408 1678 3469 τοὺς
1724 3407 1929 3470 αἰτίους

347 3495 690 3567 μαστιγοῦσα
724 3496 818 3547 καὶ
864 3494 1223 3560 ἐξελαύνουσα
1248 3512 1260 3525 ο
1300 3496 1375 3558 ὼς
1430 3498 1462 3565 ἡ
1500 3496 1621 3548 κατ’
1654 3497 1929 3564 Αἴγυπτον

342 3586 559 3656 ίστορία
592 3584 873 3637 παιδεύει’
938 3586 1067 3653 μιᾶς
1120 3585 1217 3655 μὲν
1278 3587 1571 3657 γινομένης
1624 3588 1724 3657 τῆς
1780 3588 1931 3652 θείας

344 3680 712 3747 ἀποφάσεως,
781 3677 1130 3747 καταλλήλως
1198 3678 1256 3730 δὲ
1309 3681 1373 3749 τῇ
1443 3681 1759 3750 προαιρέσει
1818 3682 1930 3735 τῶν

344 3770 651 3822 ἀκουόντων
690 3770 1138 3841 ἀρμοττομένης·
1191 3773 1525 3840 Αἰγυπτίους
1584 3776 1683 3844 μὲν
1737 3777 1794 3829 ἐν
1852 3777 1930 3848 τῷ

343 3864 542 3934 Φαραὼ
578 3864 914 3933 τιμωροῦσα,
957 3864 1298 3936 Ἰσραηλίτας
1340 3866 1395 3919 δὲ
1426 3866 1503 3937 τῷ
1532 3869 1722 3921 Μωσεῑ
1745 3870 1931 3923 διασώ-

344 3955 532 4019 ζουσα.
558 3956 682 4018 Τοῖς
720 3955 818 4025 μὲν
848 3956 955 4025 γὰρ
991 3957 1235 4025 φοινίξας
1279 3957 1372 4010 τὸν
1412 3959 1602 4012 Νεῖλον
1647 3956 1785 4031 αἷμα
1833 3963 1933 4015 ἀπ-

343 4041 513 4108 έδειξε
544 4044 681 4114 πρὸς
723 4045 1011 4117 τιμωρίαν,
1044 4045 1264 4116 δίψους,
1315 4051 1427 4111 τοῖς
1475 4048 1532 4102 δὲ
1576 4047 1720 4121 ὕδωρ
1746 4052 1932 4105 ἄϊκτον

345 4134 507 4205 φύσιν
532 4136 764 4205 ἐφύλαξε
786 4178 800 4202 ,
844 4141 957 4201 τοῖς
992 4139 1089 4209 μὲν
1115 4140 1178 4192 τὸ
1226 4141 1485 4212 ἡμερινὸν
1521 4143 1655 4210 φάος
1698 4145 1777 4207 εἰς
1809 4146 1933 4198 σκό-

343 4245 434 4291 τος
462 4228 780 4299 ψηλαφητὸν
809 4230 1107 4301 μετέστησε
1137 4270 1151 4295 ,
1177 4236 1291 4296 τοῖς
1318 4234 1376 4285 δὲ
1419 4234 1511 4286 ἐπὶ
1544 4237 1656 4298 τοῖς
1683 4236 1829 4307 ὅροις
1871 4236 1932 4289 τὸ

345 4323 459 4389 φῶς
492 4321 793 4390 διεφύλαξε·
825 4326 934 4385 τοῖς
968 4325 1062 4393 μὲν
1088 4325 1146 4377 τὸ
1188 4326 1503 4396 Ἐρυθραῖον
1531 4327 1765 4396 πέλαγος
1797 4329 1932 4402 πρὸς

343 4413 591 4466 διάὸασιν
636 4414 1003 4485 διεχέρσωσε,
1058 4419 1172 4479 τοῖς
1225 4417 1282 4469 δὲ
1338 4419 1470 4471 αὐτὸ
1524 4400 1930 4491 ἐπισυνάψασα,

344 4504 589 4574 οἴχεσθαι
619 4507 981 4575 ὐποόρυχίους
1009 4506 1316 4579 φθαρέντας
1339 4510 1617 4565 κατέλιπε.
1639 4512 1933 4583 Παραπλη-

347 4596 477 4660 σίως
504 4598 595 4662 καὶ
641 4599 732 4649 ἐπὶ
768 4599 867 4667 τῆς
900 4598 1254 4652 Βαϐυλωνίων
1284 4602 1516 4672 καμίνου
1538 4642 1552 4666 ,
1611 4607 1740 4673 μιᾶς
1775 4606 1929 4675 ἐνερ-

344 4691 548 4760 γούσης
606 4690 965 4758 ἀποφάσεως,
1014 4694 1068 4745 oi
1127 4692 1227 4761 μὲν
1272 4697 1421 4763 τρεῖς
1463 4695 1700 4767 Ἑϐραῖοι
1740 4698 1930 4761 παῖδες

344 4785 509 4836 οἱονεὶ
537 4785 595 4835 ἐν
627 4783 766 4856 μέσῃ
786 4783 962 4853 δρόσῳ
987 4788 1051 4855 τῇ
1085 4784 1243 4854 φλογὶ
1277 4786 1584 4859 διέσκαιρον
1612 4790 1928 4858 ὑμνοῦντες,

344 4879 393 4930 oi
418 4876 474 4929 δὲ
496 4879 563 4947 τῇ
590 4875 824 4947 ὑποϐολῇ
857 4877 954 4945 τῆς
986 4876 1117 4948 ὕλης
1144 4879 1543 4950 ὑποτρέφοντες
1569 4880 1663 4933 κάι
1692 4884 1784 4935 ἐπὶ
1814 4900 1931 4936 τεσ-

346 4969 654 5041 σαράκοντα
679 4968 833 5021 ἐννέα
869 4970 1065 5038 πήχεις
1101 4971 1465 5041 κορυφοῦντες
1486 4972 1582 5043 τὴν
1608 4974 1801 5042 φλόγα,
1835 4976 1929 5027 ὑπ’

345 5062 517 5131 αὐτῆς
544 5061 737 5114 θᾶττον
774 5061 935 5131 μέχρι
965 5061 1164 5125 κόνεως
1188 5062 1655 5135 κατεφλέχθησαν.
1695 5069 1927 5136 Ὁμοίως

343 5153 401 5206 δὲ
430 5153 523 5205 καὶ
554 5151 652 5221 τὴν
690 5151 884 5221 χέρσον
934 5152 1090 5220 ἴσμεν
1138 5152 1216 5223 τῷ
1244 5153 1373 5225 θείῳ
1394 5156 1723 5228 πειθομένην
1754 5176 1928 5231 προσ-

342 5246 605 5314 τάγματι,
638 5244 966 5312 διασχοῦσαν
1000 5246 1091 5297 τὸν
1122 5246 1301 5299 Δαθάν
1365 5249 1458 5302 καὶ
1500 5250 1761 5321 Ἀδειρὼν
1793 5253 1930 5322 πρὸς

344 5337 613 5408 τιμωρίαν
662 5336 1121 5401 ἐνυποδέξασθαι,
1171 5340 1297 5404 τοὺς
1351 5341 1396 5393 δ’
1426 5343 1703 5407 ἀναιτίους
1742 5345 1929 5416 φέρειν

343 5430 486 5483 κατὰ
509 5430 671 5498 φύσιν
693 5431 750 5481 ἐν
771 5429 851 5499 τῷ
875 5429 1025 5499 αὐτῷ
1049 5430 1219 5501 τόπῳ,
1252 5435 1310 5486 ἐν
1342 5438 1407 5505 τῇ
1441 5436 1576 5507 αὐτῇ
1619 5438 1803 5508 ἡμέρᾳ
1834 5440 1925 5491 καὶ

344 5521 481 5592 ὥρᾳ.
518 5522 676 5575 (tum
702 5521 758 5574 δὲ
797 5522 1012 5575 καὶτὸν
1060 5523 1320 5596 δύστηνον
1369 5528 1527 5595 Καῒν,
1566 5534 1687 5595 ταῖς
1738 5533 1931 5598 ἀκοαῖς

346 5612 661 5681 ἐμπεσοῦσα
711 5615 744 5682 ἡ
794 5613 913 5667 θεία
945 5615 1250 5683 ἀπόφασις,
1312 5625 1635 5676 τιαωοεῖται
1674 5624 1926 5692 λέγουσα,

418 5768 894 5847 “ifsalxcsxxtx,
927 5772 980 5824 4.
1066 5774 1108 5805 ⁸⁵
1147 5776 1303 5831 Prov.
1344 5797 1495 5847 wn,
1545 5782 1634 5837 ill.

346 5852 444 5907 Vtt,
480 5839 569 5895 ‘20.
648 5842 693 5871 ”
721 5842 854 5894 Dan.
893 5858 973 5907 Ill,
1009 5845 1099 5897 20.

1686 380 1694 389 ι
1726 350 2075 408 DlAl.OGUS
2120 352 2209 407 Ill.

1716 5786 1759 5817 ⁵⁰
1806 5786 1951 5843 Psal.
1984 5806 2036 5857 v,
2062 5790 2114 5841 7.

3465 362 3489 415 1
3499 360 3602 416 06‘.‘

2028 471 2217 539 pentis,
2267 487 2517 525 venenum
2547 474 2792 542 aspidum
2844 474 2938 530 sub
2980 475 3136 529 labiis
3187 490 3367 529 eorum
3396 474 3459 529 “.
3503 479 3608 530 As-

2029 562 2260 616 sentitur
2291 573 2345 616 ct
2370 562 2510 632 patri
2542 564 2850 619 divinarum
2888 582 3069 620 rerum
3103 567 3309 635 peritus
3346 568 3607 622 Salomon

2029 654 2114 708 his
2155 655 2380 710 verbis:
2426 654 2548 709 Vita
2572 659 2709 710 enim
2741 668 2789 711 et
2818 676 2960 713 mors
3004 660 3057 712 in
3105 677 3264 713 manu
3304 660 3603 730 linquat":

2026 748 2187 815 quasi
2206 763 2304 816 pro
2336 763 2497 801 manu
2524 764 2856 809 sermonem.
2886 767 2984 819 pro
3006 751 3185 820 gladio
3205 752 3414 815 dolum,
3436 752 3610 807 homi-

2029 840 2203 893 cidam
2231 842 2282 892 in
2310 841 2549 894 medium
2577 843 2846 910 producat
2880 842 3043 905 Deus,
3079 845 3131 895 in
3158 844 3347 897 eodem
3399 844 3518 898 loco
3543 858 3610 898 ac

2029 947 2258 986 numero
2285 932 2615 987 homicidam
2671 943 2725 987 et
2750 934 3000 988 dolosum
3050 936 3221 1003 ponit,
3248 935 3610 1002 quemadmo—

2027 1025 2154 1078 dum
2178 1035 2229 1078 et
2248 1025 2427 1092 magni
2455 1023 2675 1079 Davidis
2706 1041 2800 1079 ore
2833 1026 3009 1079 dixit:
3060 1026 3242 1079 Virum
3286 1028 3606 1095 sanguinum

2027 1127 2075 1171 et
2095 1117 2337 1171 dolosum
2355 1118 2748 1171 abominabitur
2774 1119 3031 1172 Dominus
3050 1120 3115 1172 ³ο.
3141 1117 3312 1185 Quem
3330 1135 3458 1173 vero
3479 1136 3600 1174 cen-

2027 1219 2111 1265 set
2136 1210 2562 1265 abominandum
2594 1210 2757 1276 Deus,
2787 1212 2832 1265 is
2875 1212 3033 1280 plane
3059 1212 3328 1280 supplicio
3368 1212 3609 1265 multan-

2026 1301 2130 1355 dus
2152 1312 2254 1356 cst.
2273 1301 2745 1366 Quemadmodum
2771 1312 2825 1358 et
2850 1303 3055 1357 ferrum
3081 1304 3375 1372 abjectum,
3397 1320 3425 1357 a
3450 1304 3605 1358 rubi-

2028 1395 2151 1465 gine
2190 1410 2440 1459 exesum,
2474 1406 2527 1450 et
2550 1397 2757 1469 lignum
2784 1406 2878 1451 aut
2904 1399 3072 1453 vestis
3096 1415 3215 1468 quae
3239 1399 3609 1455 abominanda

2028 1496 2155 1541 sunt
2187 1486 2413 1542 domino
2446 1504 2568 1555 suo,
2605 1505 2634 1543 a
2677 1491 2931 1544 sordibus
2982 1492 3185 1561 quibus
3227 1499 3462 1552 scatent,
3514 1491 3609 1544 ab-

2030 1588 2366 1642 sumuntur;
2405 1588 2520 1640 aut,
2565 1581 3025 1649 quemadmodum
3086 1582 3304 1646 domus,
3336 1582 3484 1651 quod
3524 1582 3609 1636 in-

2028 1669 2241 1739 quilino
2278 1671 2348 1724 sit
2382 1670 2643 1724 destituta
2682 1672 3052 1740 particulatim
3110 1671 3433 1725 destruitur.
3484 1670 3610 1724 Pari

2028 1756 2242 1810 ratione
2273 1758 2406 1811 mihi
2438 1759 2652 1813 videtur
2690 1768 2740 1813 et
2767 1760 3036 1827 mortalis,
3068 1760 3163 1830 qui
3209 1760 3607 1815 abominationi

2028 1860 2114 1902 est
2144 1848 2255 1903 Deo
2278 1864 2344 1903 ex
2376 1849 2665 1904 aversione
2687 1850 2872 1906 divina
2893 1852 3053 1905 malis
3081 1866 3377 1921 oppressus
3406 1850 3610 1919 quibus

2028 1939 2347 2009 inquinatus
2390 1949 2474 1995 est
2527 1941 2730 2009 puniri.
2765 1958 2888 1995 cum
2940 1944 2993 1996 in
3034 1957 3128 1997 eos
3185 1942 3456 1997 sententia
3497 1942 3608 1995 lata

2027 2029 2193 2084 fuerit
2213 2028 2301 2083 illa
2325 2029 2417 2098 qui
2445 2026 2714 2084 audient:
2745 2029 3010 2084 Discedite
3039 2048 3072 2085 a
3100 2047 3206 2092 me,
3232 2030 3526 2095 maledicti,
3549 2030 3607 2085 in

2029 2120 2201 2188 ignem
2222 2121 2559 2183 wternum“,
2581 2121 2672 2191 qui
2689 2122 3011 2189 promeritis
3031 2138 3219 2177 eorum
3236 2138 3357 2192 quae
3379 2123 3603 2178 admise-

2028 2211 2138 2264 rint
2162 2220 2512 2279 peccatorum
2543 2212 2869 2280 plectemur.
2889 2211 3026 2267 Tum
3055 2229 3184 2268 vero
3218 2214 3354 2268 alios
3379 2214 3604 2284 quidem

2028 2312 2288 2372 tanquam
2314 2320 2367 2356 in
2392 2305 2576 2373 paleas
2595 2305 2839 2361 incidens
2858 2307 3023 2360 carbo
3044 2317 3336 2378 perpurgat
3351 2317 3403 2363 et
3420 2308 3607 2361 exurit

2028 2395 2084 2451 in
2110 2404 2455 2465 perpetuum,
2480 2413 2656 2467 neque
2691 2413 3052 2469 corrumpens
3071 2439 3087 2463 ,
3113 2416 3291 2470 neque
3317 2409 3602 2469 corrupta.

2026 2497 2315 2559 propterea
2341 2490 2485 2558 quod
2510 2506 2575 2544 ex
2606 2491 2877 2559 sepulcris
2908 2507 3006 2546 nos
3036 2492 3482 2563 incorruptibiles
3508 2509 3608 2547 ex-

2028 2596 2334 2651 surgemus.
2362 2580 2500 2634 Jusli
2526 2592 2704 2634 autem
2730 2583 2782 2635 in
2811 2584 3104 2636 securitate
3126 2597 3188 2635 ac
3225 2583 3433 2652 requie,
3454 2581 3605 2637 omni

2028 2674 2277 2727 libertate
2308 2670 2493 2724 donati
2519 2676 2839 2738 permanent
2872 2669 2927 2721 in
2958 2676 3276 2735 perpetuum
3324 2666 3610 2717 immmta-

2031 2766 2129 2820 les.
2174 2764 2277 2829 Qui
2322 2779 2452 2817 vero
2487 2778 2546 2817 se
2572 2762 2813 2832 peccatis
2856 2759 3294 2824 obstrinxerunt,
3319 2758 3448 2812 dum
3478 2770 3611 2827 sup-

2030 2854 2175 2909 liciis
2206 2854 2511 2923 puniuntur
2540 2852 2778 2916 aeternis,
2817 2867 2918 2906 nec
2939 2860 3370 2920 corrumpuntur
3392 2864 3491 2904 nec
3528 2848 3615 2903 in-

2032 2954 2268 3011 tereunt,
2300 2947 2391 2999 sed
2436 2945 2489 2997 in
2538 2943 2839 3012 designatis
2872 2942 3008 2996 locis
3040 2956 3206 3005 super
3259 2950 3436 2995 sortes
3479 2955 3610 3010 per-

2031 3046 2274 3102 manent,
2310 3043 2625 3100 manentes,
2654 3035 2708 3087 in
2763 3034 3052 3102 angustias
3106 3032 3334 3098 redacti,
3386 3032 3611 3099 tristes,

2031 3129 2301 3193 dolentes,
2326 3127 2710 3191 lamentantes,
2754 3125 3074 3187 excruciati,
3100 3126 3370 3196 lugentes.
3404 3124 3613 3192 amicti,

2032 3222 2328 3284 ululantes,
2355 3222 2560 3283 vexati,
2616 3219 2753 3273 nihil
2808 3219 3067 3287 deinceps
3127 3234 3290 3289 agere
3328 3219 3613 3283 valentes,

2031 3314 2129 3383 qui
2174 3327 2414 3381 praesens
2477 3311 2815 3381 pwnitentiaa
2850 3320 3065 3379 tempus
3118 3315 3468 3379 rejecerunt,
3519 3310 3616 3380 qui

2031 3404 2367 3474 pauperibus
2390 3403 2681 3457 facultates
2706 3418 2857 3467 suos,
2890 3402 2993 3457 sibi
3034 3417 3162 3455 vero
3211 3402 3407 3455 divina:
3450 3403 3616 3456 mise-

2032 3496 2290 3552 ricordias
2333 3496 2544 3549 viscera
2614 3495 2984 3549 occluserunt.
3016 3492 3292 3547 Iudicium
3332 3495 3471 3548 enim
3501 3495 3615 3548 sine

2032 3591 2397 3646 misericordia
2438 3589 2541 3654 illi,
2576 3590 2667 3658 qui
2698 3604 2800 3641 non
2838 3587 3022 3656 fecerit
3062 3587 3506 3651 misericordiam,
3539 3586 3618 3640 in.

2032 3685 2151 3754 quit
2191 3684 2374 3737 divina
2406 3697 2512 3735 vox
2540 3683 2585 3712 "
2619 3700 2631 3735 :
2673 3680 2811 3734 alios
2845 3688 3032 3733 autem
3062 3687 3116 3732 et
3164 3679 3401 3733 tenebrat
3432 3679 3486 3731 in
3519 3693 3611 3735 ex-

2032 3776 2329 3831 terioribus
2350 3782 2554 3829 vexant
2579 3774 2739 3837 locis,
2777 3787 2845 3826 ex
2875 3771 3147 3825 sententia
3196 3785 3321 3838 qua:
3366 3784 3489 3824 reos
3517 3768 3616 3823 lla-

2034 3870 2195 3941 gellat
2224 3878 2278 3923 et
2304 3869 2566 3938 exagitat,
2608 3874 2769 3936 prout
2822 3865 3051 3918 historia
3080 3864 3147 3917 de
3203 3862 3476 3934 Aigyptiis
3513 3877 3621 3916 nos

2033 3961 2316 4025 edocet“,
2348 3963 2477 4015 dum
2517 3973 2623 4013 una
2655 3957 2874 4027 quidem
2908 3954 3081 4010 fertur
3113 3970 3143 4009 a
3177 3954 3287 4009 Deo
3318 3953 3613 4018 sententia,

2034 4055 2127 4109 sed
2159 4053 2224 4107 ad
2260 4052 2597 4122 propositum
2655 4057 2835 4103 tamen
2870 4065 2935 4104 ac
2984 4055 3240 4102 meritum
3293 4062 3483 4101 eorum
3517 4046 3616 4115 qui

2034 4146 2263 4200 audiunt
2307 4143 2777 4197 accommodatur.
2812 4139 2946 4193 Nam
2981 4138 3268 4209 Egyptios
3296 4138 3520 4208 quidem
3558 4138 3615 4192 in

2033 4241 2319 4295 Pharaone
2379 4238 2638 4307 castigat,
2730 4235 3005 4290 lsraelitas
3031 4242 3211 4287 autem
3258 4231 3428 4302 Moysi
3478 4246 3615 4285 con-

2035 4338 2215 4383 servat
2244 4329 2569 4392 incolumes,
2602 4327 2869 4396 siquidem
2920 4325 3026 4379 illis
3064 4323 3246 4377 Nilum
3302 4323 3472 4377 rubro
3523 4336 3617 4378 co-

2034 4425 2149 4478 lore
2188 4423 2471 4493 perfusum
2506 4423 2559 4475 in
2616 4419 2938 4490 sanguinem
3000 4418 3183 4478 vertit,
3220 4425 3279 4470 ut
3335 4416 3425 4469 siti
3455 4416 3618 4486 puni-

2035 4526 2248 4580 rentur,
2279 4515 2365 4568 his
2401 4529 2533 4568 vero
2562 4514 2827 4580 integram
2861 4525 3015 4579 aquae
3043 4519 3294 4563 naturam
3324 4508 3617 4562 illibatam-

2034 4624 2139 4679 qne
2167 4606 2441 4671 servavit;
2481 4605 2586 4659 illis
2620 4604 2839 4673 quidem
2878 4603 3054 4656 lucem
3095 4601 3335 4654 divinam
3368 4600 3421 4651 in
3454 4606 3615 4651 tene-

2034 4708 2161 4757 bras
2190 4700 2418 4754 mutavit
2453 4697 2775 4766 palpabiles,
2807 4697 2891 4749 Itis
2922 4710 3052 4749 vero
3082 4695 3224 4747 intra
3252 4692 3452 4746 limites
3481 4705 3615 4744 suos

2034 4796 2208 4850 lucem
2244 4792 2615 4855 conservavit;
2648 4791 2759 4845 illis
2786 4787 3127 4859 Erythraaum
3160 4800 3308 4840 mare
3341 4794 3395 4839 ut
3433 4794 3617 4838 trans-

2035 4891 2101 4942 iri
2137 4896 2341 4955 posset,
2382 4888 2437 4938 in
2479 4883 2851 4938 continentem
2884 4880 3173 4942 convertit,
3219 4879 3302 4931 his
3337 4892 3467 4931 vero
3494 4892 3617 4929 rur-

2035 4998 2129 5034 sus
2157 4980 2472 5034 coalescens
2531 4975 2663 5029 illud
2695 4973 2913 5043 olajecit,
2952 4982 3012 5027 ut
3074 4973 3129 5025 in
3194 4971 3326 5025 illud
3382 4966 3615 5039 ingressi

2035 5073 2288 5127 ﬂuctibus
2318 5069 2562 5123 immersi
2592 5067 2871 5137 perierint.
2905 5064 3028 5118 Pari
3062 5064 3275 5117 ratione
3308 5063 3360 5115 in
3392 5061 3618 5114 fornace

2032 5180 2249 5235 quoque
2280 5162 2605 5232 Babylonica
2627 5161 2814 5214 l"cum
2837 5175 2943 5212 una
2972 5158 3238 5212 sententia
3272 5163 3616 5225 operaretur,

2034 5268 2144 5311 tres
2170 5256 2389 5324 quidem
2419 5253 2628 5307 Hebraei
2665 5252 2816 5321 pueri
2871 5261 3131 5319 tanquam
3170 5250 3223 5302 in
3259 5248 3441 5302 medio
3492 5261 3618 5301 rore

2034 5351 2087 5403 in
2114 5348 2331 5401 flamma
2377 5346 2769 5414 tripudiabant,
2807 5354 2860 5398 et
2914 5344 3146 5413 hymnos
3199 5342 3509 5406 canebant;
3564 5348 3620 5393 at

2035 5445 2129 5510 qui
2157 5456 2276 5494 eam
2321 5439 2547 5491 materia
2613 5438 2811 5505 injecta
2844 5436 3124 5498 fovebant,
3152 5445 3205 5488 et
3242 5434 3306 5487 ad
3369 5433 3617 5488 altitudi-

2040 5549 2163 5587 nem
2223 5530 2585 5601 quadraginta
2648 5544 2842 5583 novem
2900 5528 3212 5582 cubitorum
3269 5526 3617 5587 evehebant,

2041 5622 2335 5679 confestim
2374 5622 2442 5675 ab
2482 5622 2597 5691 ipsa
2629 5619 2900 5675 combusti
2943 5625 3107 5687 atque
3142 5617 3197 5669 in
3230 5617 3441 5669 cineres
3487 5625 3618 5669 sunt

2196 5790 2237 5820 δι
2274 5787 2464 5841 Matth.
2509 5802 2635 5852 λιν,
2677 5784 2767 5838 41.
2845 5785 2888 5816 ⁸¹
2920 5781 3033 5838 Jac.
3078 5798 3137 5849 lt,
3175 5782 3258 5838 L3.
3336 5782 3382 5814 ³³
3445 5778 3618 5833 Exod.
