4112 6380
483 319 630 380 1063

485 440 714 500 redacti.
751 437 954 493 Eodem
994 443 1156 506 pacto
1178 433 1388 490 scimus
1418 440 1623 487 terram
1654 429 1842 487 divino
1865 444 2062 501 paren-

487 545 599 592 tem
632 532 890 588 mandato
917 528 1198 586 diductam
1235 535 1291 582 et
1321 523 1566 580 hiantem
1600 522 1812 578 Dathan
1847 531 1902 576 et
1939 521 2071 575 Abi-

489 641 591 682 ron
651 625 705 679 in
766 636 988 692 poenam
1056 620 1350 689 absorptos
1397 616 1682 689 excepisse
1705 616 1794 682 ";
1839 621 2070 669 caeteros

490 726 674 771 autem
703 714 957 769 innoxios
987 726 1141 768 more
1174 711 1338 767 solito
1362 708 1554 764 eodem
1583 708 1726 771 loco,
1752 705 1944 761 eadem
1983 704 2074 758 die

489 815 658 876 atque
712 805 904 862 eadem
963 805 1099 859 hora
1154 809 1516 858 sustentasse.
1560 797 1652 854 Sic
1702 805 1757 852 et
1810 797 2071 852 miserum

491 896 626 953 Cain
655 898 928 954 sententia
959 896 1143 951 divina
1185 895 1241 949 in
1276 885 1396 963 ejus
1431 891 1677 947 insidens
1719 904 1880 944 aures
1909 887 2071 957 puni-

491 990 572 1046 vit
595 991 786 1046 dicens
811 1010 824 1045 :
855 991 1075 1045 Gemens
1103 997 1154 1042 et
1180 997 1404 1041 tremens
1437 987 1543 1040 eris
1579 1000 1734 1054 super
1777 995 1974 1037 terram
1997 981 2068 1044 ⁸⁸,

492 1091 549 1139 et
585 1084 768 1138 statim
802 1099 892 1137 res
923 1083 1036 1152 ipsa
1069 1081 1234 1134 verba
1269 1087 1457 1134 secuta
1489 1086 1597 1143 est,
1629 1089 1867 1144 eumque
1899 1074 2072 1128 insta-

494 1177 589 1232 bili
624 1185 867 1232 tremore
896 1190 963 1231 ac
1002 1173 1218 1243 lugubri
1267 1170 1476 1242 gemitu
1534 1185 1602 1224 ex
1661 1168 1852 1222 intimo
1907 1164 2073 1220 corde

1592 306 1653 364 S.
1684 303 1983 363 CAESAR“
2018 298 2350 359 GBEGORII
2389 294 2694 353 FRATRIS

3619 286 3769 342 1064

2171 424 2407 480 Στένων
2435 423 2535 477 καὶ
2565 421 2794 491 τρέμων
2835 418 2952 487 ἔσῃ
2983 416 3084 471 ἐπὶ
3123 414 3232 483 τῆς
3281 413 3435 484 γῆς,
3473 412 3569 466 καὶ
3606 407 3774 476 αὖθις

2175 518 2209 587 ἠ
2241 517 2406 586 πείρα
2433 512 2514 584 τῷ
2539 513 2682 582 λόγῳ
2711 508 3140 580 ἐπηκολούθησε,
3169 504 3489 578 τιμωροῦσα
3515 504 3615 574 μὲν
3634 503 3770 557 κλό-

2176 625 2253 679 νῳ
2285 605 2505 676 ἀστάτῳ
2535 605 2630 658 καὶ
2661 601 2954 672 στεναγμῷ
3003 598 3267 673 θρηνώδει
3307 599 3372 650 ἐκ
3413 595 3643 667 καρδίας
3671 595 3776 648 καὶ

2177 699 2385 771 ὀνύχων
2409 737 2424 760 ,
2475 697 2778 751 ἀνασπῶσα
2828 694 2920 748 τὸν
2980 693 3197 764 πρῶτον
3240 692 3298 744 ἐν
3354 689 3546 760 κόσμῳ
3599 688 3777 756 φονέα

2177 790 2565 860 ἀδελφοκτόνον
2594 788 2739 842 Καῖν
2766 827 2782 852 ,
2817 787 2918 839 οὐκ
2942 783 3242 856 ἀναιροῦσα
3269 781 3326 836 δὲ
3365 780 3553 835 τοῦτον
3584 780 3778 833 θανεῖν

2181 885 2549 956 ἱμειρόμενον,
2596 881 2692 934 καὶ
2727 879 2956 950 βοῶντα,
2993 875 3358 941 Ἕσται,πᾶς
3390 877 3424 928 ὀ
3466 872 3780 942 εὑρίσκων

2178 998 2251 1052 με
2279 978 2594 1036 ἀποκτενεῖ
2639 994 2711 1044 με
2733 992 2746 1007 ⁸
2784 976 2922 1047 πρὸς
2973 974 3033 1028 ὃν
3082 974 3143 1027 τὸ
3187 973 3341 1026 Θεῖον
3384 969 3780 1037 ἀποφαίνεταη

2183 1075 2306 1142 Οὐχ
2343 1071 2555 1136 οὕτως·
2592 1066 2846 1139 σημεῖον
2880 1082 2989 1138 γαρ
3022 1065 3246 1135 ἐθέμην
3273 1063 3373 1117 ἐπὶ
3402 1061 3523 1128 σοὶ,
3550 1060 3656 1115 τοῦ
3681 1059 3782 1130 μὴ

2177 1165 2423 1221 ἀνελεῖν
2449 1181 2525 1218 σε
2553 1163 2752 1217 πάντα
2781 1160 2889 1215 τὸν
2917 1160 3303 1228 εὑρίσκοντα.

496 1282 660 1342 atque
693 1269 974 1341 unguibus
1012 1268 1178 1322 ducto
1225 1264 1464 1333 primum
1517 1259 1850 1317 homicidam
1905 1259 1960 1312 in
2016 1255 2222 1313 mundo
2274 1256 2573 1328 fratrisque
2617 1267 2999 1326 percussorem
3057 1250 3312 1321 punivit.
3363 1263 3467 1304 nec
3511 1253 3698 1300 tamen
3750 1258 3788 1299 θ

497 1335 680 1418 medio
709 1335 953 1424 sustulit,
1009 1356 1264 1428 quamvis
1317 1355 1454 1410 mori
1507 1359 1860 1424 percuperet,
1908 1355 1964 1402 et
2007 1347 2339 1404 exclamaret
2368 1368 2380 1403 :
2417 1347 2488 1400 Et
2517 1346 2640 1411 erit,
2668 1345 2842 1398 omnis
2877 1342 2968 1413 qui
3002 1340 3254 1395 invenerit
3283 1355 3384 1402 me,
3436 1335 3636 1390 occidet
3665 1350 3781 1388 me.

503 1453 608 1509 Cui
640 1453 979 1523 respondens
1011 1425 1388 1521 pronuntiavit
1421 1444 1566 1501 Deus
1604 1463 1620 1500 :
1668 1441 1791 1497 Non
1828 1441 1946 1495 sic:
1993 1441 2184 1496 etenim
2228 1441 2438 1511 signum
2470 1437 2624 1509 posui
2653 1451 2810 1506 super
2849 1443 2920 1500 te,
2970 1448 3034 1488 ne
3076 1430 3285 1486 occidat
3325 1439 3373 1483 te
3402 1428 3574 1483 omnis
3600 1425 3694 1496 qui
3734 1434 3794 1478 te

499 1553 776 1604 inrenerit.

571 1680 892 1736 Timeamus
922 1677 1089 1748 igitur
1130 1675 1402 1730 vindicem
1452 1672 1603 1727 illum
1631 1670 1812 1742 ignem
1844 1679 2090 1726 tormen-

501 1786 706 1838 torum,
761 1782 816 1828 et
869 1786 1135 1837 vermem,
1187 1777 1239 1825 et
1273 1767 1546 1832 tenebras,
1573 1779 1698 1835 qua:
1753 1777 1822 1820 ne
1881 1764 2091 1820 sanctis

503 1869 722 1940 quidem
759 1872 1012 1936 parcunt,
1043 1877 1276 1932 quorum
1315 1859 1480 1915 fuerit
1515 1861 1624 1912 vita
1647 1862 1703 1913 in
1737 1855 1939 1912 saeculo
1959 1871 2091 1912 con.-

504 1958 796 2012 taminata.
855 1955 950 2009 Sic
991 1953 1134 2007 enim
1177 1967 1273 2021 per
1317 1948 1658 2004 Ezechielem
1691 1947 1868 2017 inquit
1913 1945 2088 2000 Deus:

512 2049 776 2112 Transite,
807 2056 857 2101 et
891 2044 1169 2116 percutite,
1217 2053 1267 2098 et
1321 2059 1355 2096 a
1387 2042 1588 2096 sanctis
1627 2039 1756 2094 meis
1790 2038 2005 2108 incipite
2024 2037 2092 2092 "'.

510 2141 574 2198 Si
612 2158 734 2210 ergo
761 2140 942 2210 justus
982 2139 1071 2191 uia:
1102 2135 1361 2199 soluatur,
1403 2134 1600 2202 impius
1636 2139 1687 2185 et
1721 2139 1966 2200 peccator
2005 2128 2094 2182 ubi

507 2235 712 2306 parebit
730 2233 819 2291 δεῖ
850 2232 1030 2302 inquit
1051 2229 1362 2284 divinarum
1394 2240 1578 2280 rerum
1605 2223 1814 2294 peritus
1836 2220 2094 2276 Salomon

510 2325 579 2392 ”,
610 2337 664 2379 ut
685 2324 752 2378 ab
783 2323 996 2378 incuria
1031 2336 1133 2376 nos
1160 2320 1388 2374 eximat.
1413 2315 1491 2371 Ne
1509 2315 1674 2387 igitur
1695 2328 1886 2369 curam
1922 2311 2098 2367 nostri

510 2418 836 2488 abjiciamus
879 2414 1150 2483 baptismo
1193 2410 1349 2476 freti;
1405 2423 1506 2464 nec
1549 2421 1769 2477 propter
1813 2419 2098 2462 sacrorum

511 2507 982 2580 participationem
1029 2503 1411 2574 mysteriorum
1454 2499 1642 2554 leviori
1691 2512 1793 2552 nos
1833 2496 2100 2566 supplicio

511 2612 645 2656 tunc
675 2597 979 2669 puniendos
1015 2594 1364 2649 arbitremur.
1407 2590 1557 2645 Nihil
1602 2589 1750 2644 enim
1793 2589 1950 2643 nobis
1988 2588 2101 2642 illic

511 2703 578 2744 ea
605 2686 922 2758 proderunt,
963 2697 1086 2752 qua:
1126 2681 1218 2736 hic
1260 2677 1658 2736 contumeliose
1722 2677 2099 2740 tractavimus,

515 2794 582 2834 ac
629 2787 830 2832 temere
875 2785 1069 2846 praeter
1124 2773 1441 2842 dignitatem
1487 2769 1952 2839 particnpavimus.
1995 2767 2100 2832 Qui

512 2869 656 2924 enim
694 2869 977 2920 manducat
1005 2876 1052 2920 et
1081 2864 1206 2917 bibit
1242 2863 1453 2932 indigne
1500 2861 1592 2915 Dei
1636 2859 1792 2914 Verbi
1841 2859 2098 2928 nationes,

516 2960 575 3012 in
601 2959 869 3028 judicium
907 2956 1012 3010 sibi
1043 2953 1330 3007 manducat
1353 2963 1401 3006 et
1432 2950 1584 3014 bibit,
1627 2950 1809 3020 inquit
1849 2948 2102 3005 sublimis

517 3045 899 3117 Apostolus“;
936 3054 991 3099 et
1037 3044 1179 3098 idem
1226 3056 1453 3097 rursus:
1498 3038 1846 3096 Circumcisio
1888 3037 2102 3108 quidem

517 3138 776 3208 proderit,
809 3138 857 3191 si
895 3137 1058 3207 legem
1109 3135 1389 3198 observes;
1436 3133 1484 3187 si
1524 3143 1701 3186 autem
1728 3132 2107 3202 praevaricator

519 3231 650 3299 legis
679 3230 771 3296 sis,
799 3228 1130 3283 circumcisio
1161 3235 1253 3280 tua
1289 3226 1608 3294 prceputium
1645 3228 1794 3295 [acta
1821 3232 1897 3278 est
1915 3222 1984 3288 ⁶ι,
2009 3222 2104 3293 qui

521 3322 744 3379 minime
760 3336 858 3391 pro
886 3321 1147 3391 dignitate
1169 3318 1341 3390 ipsius
1358 3319 1582 3375 vixeris.
1606 3315 1862 3388 Idemque
1880 3330 2105 3372 rursus:

523 3412 651 3470 Non
683 3413 955 3467 auditores
995 3411 1151 3482 legis,
1193 3410 1285 3464 sed
1317 3408 1550 3479 factores
1595 3407 1721 3475 legis
1750 3423 1784 3460 a
1816 3406 1927 3462 Deo
1946 3406 2111 3476 justi-

521 3504 824 3576 ﬂcabuntur
853 3503 921 3557 ".
954 3499 1226 3557 Omnibus
1258 3499 1445 3569 igitur,
1471 3497 1564 3569 qui
1589 3497 1892 3554 eruditione
1925 3498 2110 3566 aliqua

522 3599 611 3653 vel
639 3597 831 3664 leviter
872 3594 1025 3650 tincti
1072 3593 1205 3658 sint,
1249 3590 1602 3646 manifestum
1629 3597 1712 3644 est
1743 3603 1776 3643 a
1821 3588 2111 3644 circumci-

526 3692 683 3748 sione
717 3686 1048 3758 baptismum
1081 3695 1340 3754 tauquam
1368 3699 1398 3737 a
1426 3681 1599 3753 ﬁgura
1630 3682 1794 3737 fuisse
1818 3680 2111 3735 adumbra-

527 3793 665 3849 tum,
696 3796 761 3836 ac
792 3779 928 3849 legis
953 3779 1072 3833 loco
1113 3776 1420 3832 veneranda
1450 3774 1609 3831 nobis
1640 3772 1895 3828 ﬁdelibus
1927 3772 2109 3826 Evan-

527 3875 663 3944 gelia
717 3873 912 3928 tradita
959 3885 1102 3936 esse,
1141 3868 1290 3939 quod
1325 3866 1658 3923 conﬁrmans
1704 3865 1761 3919 in
1802 3862 2111 3934 Evangeliis

530 3966 816 4031 Dominus,
865 3965 977 4018 ait:
1024 3964 1196 4016 Amen
1249 3963 1367 4016 dico
1419 3959 1582 4024 vobis,
1634 3975 1735 4012 non
1787 3973 1964 4011 omnes
2019 3957 2110 4028 qui

528 4058 713 4113 dicunt
748 4056 909 4110 mihi:
942 4054 1187 4120 Domine,
1223 4053 1469 4116 Domine,
1497 4051 1773 4105 intrabunt
1811 4050 1866 4102 in
1894 4065 2111 4120 regnum

529 4151 805 4215 calorum,
846 4149 935 4203 sed
984 4150 1073 4218 qui
1115 4149 1320 4217 faciunt
1353 4145 1680 4199 voluntatem
1710 4159 1904 4196 nteant.
1949 4141 2110 4218 Multi

530 4247 669 4300 enim
707 4244 837 4298 mihi
865 4215 1041 4296 dicent
1069 4215 1246 4294 initia
1275 4241 1361 4292 die
1384 4255 1402 4292 .'
1439 4238 1685 4297 Domine,
1726 4251 1896 4290 nonne
1927 4215 1984 4288 in
2016 4252 2111 4290 no-

532 4339 673 4391 mine
709 4346 797 4389 tuo
833 4335 1098 4388 dwmonia
1139 4333 1411 4401 ejecimus,
1443 4340 1491 4383 et
1513 4329 1721 4382 morbos
1763 4328 2114 4382 sanavimus?

533 4439 585 4486 ct
609 4430 788 4483 dicam
813 4427 956 4480 illis:
990 4424 1182 4479 Nescio
1211 4439 1333 4487 vos;
1363 4420 1615 4475 discedite
1638 4437 1671 4473 α
1696 4436 1798 4484 me,
1826 4419 2112 4482 maledicti,

535 4520 768 4592 operarii
796 4517 1124 4587 iniquitatis,
1157 4518 1209 4568 in
1247 4517 1417 4585 ignem
1459 4522 1736 4577 (sternunt,
1771 4512 1863 4582 qui
1892 4521 2114 4582 paratus

535 4623 611 4669 est
639 4609 851 4666 diabolo
879 4617 928 4663 et
947 4605 1145 4678 angelis
1175 4604 1289 4674 ejus
1313 4605 1380 4659 “.

614 4810 785 4864 Pares
833 4815 1017 4862 autem
1064 4799 1365 4858 Christiani
1410 4799 1578 4854 etiam
1626 4793 1844 4866 plurimi
1887 4791 2122 4849 ﬁdelium

544 4902 678 4957 mihi
731 4899 989 4955 videntur
1032 4909 1175 4957 esse,
1206 4893 1345 4947 inter
1375 4905 1515 4960 quos
1546 4889 1706 4959 plane
1735 4888 1806 4942 sit
1836 4885 1999 4939 etiam
2029 4881 2128 4937 Juv

543 4997 642 5050 das
668 4991 971 5063 apostolus,
1002 4988 1097 5058 qui
1127 4995 1181 5042 et
1207 4984 1361 5055 signa
1392 4983 1539 5044 fecit,
1588 4988 1644 5034 et
1687 4977 1933 5034 inﬁrmos
1963 4990 2127 5031 sana-

541 5089 640 5148 vit,
711 5085 1024 5153 priusquam
1087 5078 1347 5132 adversus
1399 5073 1678 5130 Christum
1748 5071 2126 5123 universorum

546 5177 717 5231 Deum
743 5175 948 5229 furiose
973 5169 1423 5226 debaccbaretur.
1463 5166 1572 5221 Sed
1610 5173 1665 5218 et
1696 5162 1886 5218 Simon
1912 5161 2002 5214 ille
2033 5158 2127 5229 qui

545 5283 578 5323 a
603 5266 766 5322 Petro
794 5275 850 5321 et
874 5264 1045 5320 Paulo
1074 5262 1262 5334 pulsus
1290 5258 1410 5324 fuit,
1446 5268 1500 5313 et
1529 5256 1750 5328 plurimi
1782 5253 2126 5315 Galatarum,

545 5359 639 5429 qui
667 5368 959 5429 postquam
986 5357 1139 5426 signa
1165 5361 1219 5408 et
1241 5351 1488 5422 prodigia
1514 5358 1567 5404 et
1591 5346 1900 5403 sanationes
1921 5343 2125 5399 edidis-

549 5458 707 5515 sent,
786 5462 851 5502 ac
926 5444 1262 5498 vaticinandi
1325 5443 1466 5497 dona
1537 5437 1814 5494 consecuti
1872 5435 2125 5498 fuissent,

549 5553 743 5593 rursus
763 5537 867 5592 sub
889 5550 1129 5592 errorem
1160 5543 1290 5590 sunt
1328 5532 1558 5596 reversi,
1589 5531 1828 5602 pristina:
1866 5527 2128 5598 improbi-

549 5629 645 5682 tati
676 5629 1038 5692 adbaerentes,
1080 5625 1279 5696 quibus
1303 5624 1548 5680 scribens
1574 5621 1808 5678 eximius
1847 5619 1934 5673 ille
1969 5627 2129 5673 terra:

2259 1665 2536 1737 Δείσωμεν
2574 1660 2758 1717 τοίνυν
2801 1659 2917 1730 πῦρ
2957 1657 3338 1729 κολαστήριον,
3362 1652 3457 1708 καὶ
3483 1651 3788 1723 σκώληκα,

2191 1762 2287 1815 καὶ
2317 1759 2527 1822 σκότος,
2562 1756 2697 1828 μηδὲ
2725 1754 2833 1810 τῶν
2861 1753 3033 1823 ἁγίων
3058 1751 3373 1821 φειδόμενον
3397 1747 3792 1819 μολυνομένων

2191 1854 2270 1925 τῷ
2296 1853 2416 1926 βίῳ.
2445 1851 2584 1922 Φησὶ
2611 1848 2720 1920 γὰρ
2743 1846 2834 1901 διὰ
2863 1845 2958 1900 τοῦ
2991 1842 3251 1914 ἰεξεκιὴλ
3271 1844 3301 1894 ὁ
3330 1840 3484 1903 Θεὸς,
3511 1837 3794 1892 Διέλθετε

2194 1947 2294 2001 καὶ
2342 1946 2605 2012 redibam,
2657 1941 2760 1995 καὶ
2809 1937 2930 1994 ἀπὸ
2956 1936 3075 1990 τῶν
3119 1934 3303 2006 ἀγίων
3331 1950 3454 2003 μου
3487 1930 3790 1998 ἆρξασθε.

2194 2041 2263 2095 El
2287 2033 2400 2092 οὖν
2424 2039 2457 2090 ό
2476 2035 2705 2099 δίκαιος
2735 2033 2907 2101 μόλις
2934 2027 3202 2091 σώζεται,
3234 2029 3268 2080 ό
3297 2022 3647 2095 ἁμαρτωλὸς
3681 2021 3793 2076 καί

2195 2131 2421 2198 ἀσεϐὴς
2471 2127 2591 2181 ποῦ
2636 2126 2944 2196 φανεῖται;
2997 2122 3162 2193 φησὶν
3195 2121 3222 2173 ὁ
3263 2119 3374 2173 τῶν
3420 2117 3582 2172 θείων
3617 2117 3793 2185 σοφὸς

2197 2223 2449 2296 Σολομὼν
2477 2222 2578 2291 τῆς
2601 2219 2864 2291 ἀμελείας
2891 2216 3172 2286 διεγείρων
3192 2214 3360 2285 ἡμᾶς.
3390 2211 3483 2282 Μὴ
3507 2207 3599 2264 οὖν
3631 2208 3791 2277 σφῶν

2197 2316 2563 2386 ἀμελήσωμεν
2607 2311 2688 2382 τῷ
2724 2309 3061 2380 βαπτίσματι
3110 2303 3514 2376 ὲπερειδόμενοι
3569 2299 3665 2354 καὶ
3714 2302 3792 2370 τῇ

2203 2412 2402 2483 μετοχῇ
2443 2407 2552 2461 τῶν
2589 2404 2749 2459 θείων
2784 2400 3120 2473 μυστηρίων,
3152 2397 3492 2469 κουφοτέραν
3515 2398 3648 2467 ἡμῖν
3675 2395 3792 2447 οἱὸ-

2204 2519 2355 2575 μενοι
2387 2500 2488 2570 τὴν
2521 2499 2742 2552 κόλασιν
2775 2493 3080 2562 ἐπάγεσθαι
3103 2491 3244 2545 τότε.
3280 2490 3354 2543 Οὐ
3379 2489 3488 2561 γάρ
3517 2506 3571 2542 τι
3603 2489 3796 2558 ὀνήσει

2200 2597 2349 2667 ἡμᾶς
2372 2595 2517 2655 ἐκεῖ,
2537 2589 2770 2644 ἐνταῦθα
2793 2587 3125 2660 ὑϐριζόμενα
3152 2587 3246 2640 καὶ
3271 2583 3444 2648 ἀδεῶς
3464 2585 3596 2655 παρ’
3627 2583 3796 2651 ἀξίαν

2210 2684 2570 2756 μετεχόμενα.
2616 2682 2680 2734 '0
2718 2679 2828 2750 γὰρ
2858 2677 3119 2743 ἀναξίως
3168 2676 3392 2731 ἐσθίων
3438 2675 3537 2729 καὶ
3596 2675 3796 2728 πίνων

2203 2774 2323 2830 τῶν
2363 2774 2471 2828 τοῦ
2527 2771 2676 2827 Θεοῦ
2707 2770 2806 2826 καί
2844 2771 3040 2840 Λόγου
3085 2765 3428 2837 χραμάτων,
3483 2769 3572 2833 εις
3605 2767 3792 2837 κρῖμα

2205 2865 2400 2930 ἑαυτῷ
2426 2865 2648 2928 ἐσθίει,
2687 2863 2788 2917 καὶ
2811 2863 2970 2916 πίνει
2988 2902 3003 2928 ,
3039 2859 3204 2930 φησιν
3231 2860 3259 2910 ὁ
3292 2857 3494 2929 ὑψηλὸς
3533 2860 3797 2912 ’Δπόστο-

2205 2959 2316 3022 λος.
2345 2957 2458 3012 Καὶ
2490 2955 2652 3010 πάλιν
2678 2957 2708 3008 ὁ
2748 2955 2932 3021 αὐτὸς,
2960 2950 3255 3021 Περιτομὴ
3285 2951 3403 3020 μὲν
3440 2951 3662 3020 ὠφελεῖ
3683 2953 3799 3005 ἐὰν

2207 3052 2400 3121 νόμον
2446 3048 2759 3117 πράσσῃς,
2808 3048 2864 3100 εὶ
2907 3045 2978 3099 δὲ
3017 3046 3208 3115 νόμου
3243 3042 3588 3111 παραϐάτης
3616 3037 3712 3114 ᾖς.
3750 3050 3795 3111 ἠ

2208 3139 2493 3210 περιτομή
2543 3155 2661 3192 σου
2707 3137 3075 3205 ἀκροϐυστία
3120 3135 3359 3206 γέγονε,
3424 3134 3499 3206 μὴ
3552 3135 3800 3200 ἐπαξίως

2209 3233 2382 3303 αὐτῆς
2421 3228 2697 3302 βιώσαντι.
2731 3229 2844 3281 Καὶ
2884 3228 3048 3282 πάλιν
3071 3227 3100 3280 ὁ
3136 3227 3326 3290 αὑτός·
3353 3226 3476 3295 οὐχ
3498 3229 3553 3280 οι
3570 3226 3799 3294 ἀκροα-

2208 3325 2303 3378 ταὶ
2356 3321 2464 3376 τοῦ
2518 3320 2740 3390 νόμου,
2772 3319 2911 3373 ἀλλ’
2959 3320 3013 3372 οι
3059 3317 3298 3386 ποιηταὶ
3339 3316 3446 3372 τοῦ
3476 3317 3665 3385 νόμου
3708 3315 3800 3370 δι-

2210 3415 2652 3479 καιωθήσονται
2683 3411 2836 3480 παρὰ
2859 3409 2966 3465 τοῦ
3001 3409 3169 3464 Θεοῦ.
3206 3410 3347 3463 Πᾶσι
3369 3409 3426 3463 δὲ
3463 3411 3578 3474 τοῖς
3607 3410 3797 3462 ὁπωσ-

2207 3506 2303 3561 οῦν
2361 3504 2608 3567 παιδείας
2671 3502 3019 3574 μετειληφόσι
3074 3501 3232 3573 δῆλον
3250 3541 3266 3566 ,
3345 3501 3636 3555 ἀντίτυπον
3694 3499 3800 3570 τῆς

2209 3593 2517 3665 περιτομῆς
2551 3593 2820 3666 ὑπάρχειν
2852 3591 2913 3645 τὸ
2947 3593 3214 3664 σωτήριον
3247 3591 3563 3662 βάπτισμα·
3594 3590 3801 3659 ὁμοίως

2209 3688 2266 3741 δὲ
2287 3687 2382 3741 καὶ
2418 3686 2540 3740 ἀντὶ
2566 3685 2661 3740 τοῦ
2691 3685 2880 3756 νόμου,
2913 3683 2984 3737 τὰ
3014 3683 3188 3737 σεπτὰ
3220 3683 3530 3753 Εὐαγγὲλια
3552 3681 3798 3736 δεδόσθαι

2211 3781 2345 3850 ἡμῖν
2383 3781 2493 3843 τοῖς
2523 3779 2764 3841 πιστοῖς·
2794 3778 2939 3848 άπερ
2970 3775 3206 3846 βεϐαιῶν
3235 3778 3264 3829 ό
3296 3775 3499 3848 Κύριος
3527 3776 3584 3828 ὲν
3613 3774 3798 3843 Εὐαγ-

2211 3870 2450 3940 γελίοις,
2481 3868 2673 3939 φησίνο
2712 3868 2891 3938 Ἀμὴν
2938 3867 3093 3938 λέγω
3128 3865 3291 3935 ὑμῖν,
3325 3866 3460 3934 οὐχὶ
3499 3865 3801 3932 ,πάντες-οι

2212 3959 2495 4031 ,λέγοντές
2512 3979 2632 4030 μοι.
2657 3961 2853 4029 Κύριε,
2879 3961 3077 4029 Κύριε,
3103 3960 3555 4013 είσελεύσονται
3573 3962 3660 4024 εἰς
3680 3961 3801 4026 τὴν

2207 4051 2535 4116 βασιλείαν
2562 4048 2682 4103 τῶν
2729 4050 3002 4117 οὐρανῶν
3021 4089 3035 4111 ,
3081 4049 3220 4102 ἀλλ’
3268 4052 3320 4102 oi
3376 4049 3691 4114 ποιοῦντες
3730 4047 3799 4101 τὸ

2214 4143 2445 4213 θέλημά
2477 4161 2614 4213 μου.
2645 4142 2870 4197 Πολλοὶ
2898 4143 3008 4212 γὰρ
3040 4141 3251 4210 ἐροῦσι
3272 4159 3372 4210 μοι
3410 4142 3696 4210 ἐνέκείνῃ
3723 4141 3800 4210 τῇ

2219 4236 2433 4305 ἡμέρᾳ,
2462 4237 2661 4302 Κύριε,
2692 4235 2824 4304 οὐχὶ
2863 4233 2945 4299 τῷ
2971 4235 3218 4303 ὀνόματί
3247 4248 3363 4287 σου
3390 4232 3662 4303 δαιμόνια
3704 4234 3800 4298 es-

2220 4325 2534 4394 εϐάλομεν,
2550 4323 2647 4377 καὶ
2667 4325 2895 4388 νόσους
2912 4323 3430 4390 ἑθεραπεύσαμεν;
3451 4320 3548 4374 καὶ
3565 4319 3676 4388 ἐρῶ
3694 4321 3801 4374 αὐ-

2221 4417 2345 4482 τοῖς
2365 4454 2380 4480 ,
2414 4417 2535 4469 Οὐκ
2563 4411 2698 4468 οἶδα
2725 4412 2902 4482 ὑμᾶς,
2935 4415 3261 4481 πορεύεσθε
3287 4412 3388 4466 ἀπ’
3410 4411 3640 4480 ἐμοῦ,οί
3658 4427 3802 4466 κατ-

2215 4506 2536 4576 ηραμένοι,
2579 4505 2820 4576 ἐργάται
2859 4505 2972 4572 τῆς
3034 4505 3321 4573 ἀνομίας,
3354 4505 3442 4570 εὶς
3470 4504 3537 4558 τὸ
3581 4503 3705 4573 πῦρ
3733 4504 3803 4558 τὸ

2217 4598 2457 4656 αἰώνιον
2497 4597 2564 4653 τὸ
2615 4596 3062 4667 ἡτοιμασμένον
3114 4595 3194 4662 τῷ
3230 4596 3486 4661 διαϐόλῳ
3527 4597 3629 4650 καί
3676 4596 3806 4664 τοῖς

2219 4693 2501 4762 ἀγγέλοις
2528 4690 2736 4746 αὐτοῦ.

2292 4783 2578 4846 Τοιούτους
2618 4782 2676 4834 δὲ
2722 4782 3081 4853 Χριστιανοὺς
3124 4781 3218 4835 καὶ
3248 4780 3309 4834 τὸ
3340 4780 3544 4851 πλῆθος
3575 4780 3683 4834 τῶν
3713 4799 3805 4834 πι-

2222 4876 2362 4930 στῶν
2422 4891 2511 4945 μοι
2559 4874 2709 4927 δοκεῖ
2757 4874 3047 4944 ὑπάρχειν,
3097 4875 3156 4926 ὲν
3200 4867 3282 4935 οἷς
3315 4875 3400 4942 εἴη
3442 4875 3662 4936 πάντως
3709 4873 3806 4928 καὶ

2234 4967 2434 5030 Ἰούδας
2469 4968 2498 5019 ό
2527 4965 2857 5031 ἀπόστολος,
2900 4968 3103 5037 σημεῖα
3138 4965 3455 5035 πεποιηκὼς
3493 4966 3590 5020 καὶ
3641 4967 3807 5020 ἀσθε-

2221 5055 2447 5117 νοῦντας
2471 5055 2811 5124 ἀκεσάμενος
2832 5097 2848 5119 ,
2880 5055 2988 5126 πρὸ
3013 5055 3106 5108 τοῦ
3151 5056 3558 5126 ἐμπαροινῆσαι
3585 5056 3666 5127 τῷ
3685 5056 3812 5127 Θεῷ

2221 5145 2330 5199 τῶν
2350 5147 2488 5199 ὅλων
2509 5146 2754 5216 Χριστῷ.
2788 5146 2948 5201 Ἀλλά
2975 5147 3068 5200 καὶ
3089 5147 3272 5218 Σίμων
3293 5149 3321 5201 ό
3348 5147 3455 5200 ὑπὸ
3475 5148 3686 5219 Πέτρου
3714 5152 3812 5202 καὶ

2227 5238 2444 5293 Παύλου
2474 5239 2892 5304 τυμπανισθιὶς,
2923 5241 3017 5294 καὶ
3041 5240 3282 5294 πλεῖστοι
3315 5239 3574 5294 Γαλατῶν
3597 5243 3647 5295 oi
3668 5242 3812 5310 μετά

2225 5328 2286 5381 τὸ
2312 5330 2513 5398 σημεῖα
2528 5328 2623 5380 καὶ
2644 5329 2849 5399 τέρατα
2871 5330 2966 5383 καὶ
2989 5331 3160 5394 ἰάσεις
3175 5331 3469 5401 ἐνεργῆσαι
3493 5331 3588 5384 καὶ⁵
3603 5347 3815 5403 προφη-

2226 5420 2375 5483 τείας
2399 5421 2758 5492 χαρισμάτων
2789 5422 3088 5494 ἀξιωθῆναι
3106 5463 3120 5487 ,
3144 5423 3308 5478 πάλιν
3339 5424 3446 5477 ὑπὸ
3473 5423 3574 5494 τὴν
3600 5423 3816 5492 πλάνην

2227 5511 2697 5578 ύπονοστήσαντες
2724 5515 2819 5567 καὶ
2843 5517 2910 5586 τῇ
2937 5515 3130 5588 πρώτῃ
3153 5518 3324 5588 κακίᾳ
3356 5517 3696 5588 συνθέμενοι,
3727 5514 3813 5583 οἷς

2241 5612 2569 5666 ἐπιστέλλων
2593 5615 2621 5666 ό
2637 5613 2834 5686 ὑψηλὸς
2857 5616 2956 5685 τῆς
2975 5616 3066 5684 ὑφ’
3090 5615 3240 5687 ἡλίου
3265 5615 3607 5688 καθηγητὴς,
3626 5613 3815 5683 φησὶν,

622 5795 666 5827 ⁵⁵
701 5793 860 5846 Num.
899 5809 1047 5850 xxvi.
1088 5791 1143 5844 9.
1212 5790 1264 5818 "°
1299 5787 1436 5841 Gen.
1473 5801 1544 5837 Iv.
1582 5784 1669 5838 12.
1745 5781 1789 5813 ⁸⁷
1831 5778 2027 5832 Ezech.
2063 5795 2136 5850 IX,
2174 5777 2228 5850 6,
2307 5775 2409 5850 "_l
2439 5777 2554 5832 Pet.
2598 5794 2668 5844 Iv,
2701 5777 2790 5850 i8.
2866 5779 2913 5811 "
2952 5777 3114 5834 Prov.
3155 5794 3231 5845 xt,
3270 5779 3362 5840 5|.
3442 5778 3490 5814 '°
3529 5776 3703 5837 lCor.
3739 5796 3821 5850 ιι,

553 5865 702 5920 9.9.“
743 5862 900 5917 Bonl.
942 5878 999 5929 ιι,
1033 5862 1126 5916 25.

1205 5860 1248 5890 ⁶²
1286 5858 1419 5912 ibid.
1455 5856 1539 5911 15.
1620 5854 1666 5886 ⁸³
1713 5850 1904 5906 Matth.
1951 5865 2049 5914 vu,
2105 5848 2303 5917 20-2-2;
2353 5845 2487 5903 Luc.
2538 5865 2660 5916 χιιι,
2697 5849 2784 5904 27.
