4112 6380
283 381 427 438 1085

282 509 351 567 Ὦ
380 511 649 567 Γαλάται
673 512 938 580 ἀνόητοι,
966 514 1059 577 τίς
1085 507 1243 579 ὑμᾶς
1265 506 1636 566 ἐϐάσκανεν;
1658 501 1869 567 Καλῶς

280 603 574 674 ἐτρέχετε,
619 605 708 669 τίς
754 601 909 673 ὑμᾶς
937 602 1193 669 ἐνέκοψε
1232 598 1308 667 τῇ
1333 596 1585 665 ἀληθείᾳ
1611 594 1701 678 μὴ
1736 594 1867 646 πεί-

284 696 524 757 θεσθαι;
560 694 698 757 Τοὺς
730 692 1027 756 τοιούτους,
1060 690 1245 754 καθὼς
1277 689 1548 760 προέφην,
1580 686 1730 739 δοκεῖ
1778 701 1868 754 μοι

284 785 455 856 μηδὲν
489 784 809 857 άπώνασθαι
847 784 941 837 τοῦ
988 783 1361 853 βαπτίσματος
1414 783 1461 835 εἰ
1507 779 1602 833 καὶ
1647 778 1869 847 φήσοιεν

282 876 506 947 Χριστῷ
550 876 811 947 κρίνοντι,
851 876 1048 944 Κύριε,
1079 877 1150 929 ἐν
1176 875 1257 941 τῷ
1286 874 1379 940 σῷ
1408 874 1652 941 ὀνόματι
1682 869 1869 923 δυνά-

278 985 414 1036 μεις
462 967 829 1037 ἐποιήσαμεν
872 970 971 1021 καὶ
1002 968 1281 1037 δαιμόνια
1330 964 1717 1033 ἐξεϐάλομεν,
1769 959 1867 1013 καὶ

283 1059 624 1123 νοσοῦντας
654 1059 1141 1128 ἐθεραπείσαμεν
1160 1075 1175 1090 ’
1206 1054 1288 1121 οἷς
1310 1056 1409 1128 τὴν
1442 1054 1746 1125 πληκτικὴν
1771 1053 1867 1107 καὶ

281 1148 535 1218 δριμεῖαν
564 1150 657 1201 καὶ
684 1148 947 1201 κωκυτῶν
971 1148 1154 1218 πλήρη
1183 1147 1384 1200 ἔδωκεν
1419 1146 1695 1214 ἀπόφασιν
1726 1145 1866 1215 Χρι-

285 1240 444 1303 στὸς,
472 1242 500 1293 ὁ
533 1238 613 1309 τῷ
666 1238 806 1292 ἐλέει
846 1238 1011 1292 αὑτοῦ
1059 1238 1269 1300 πάντας
1310 1237 1456 1307 ἡμᾶς
1497 1236 1713 1306 ἐκείνης
1760 1235 1865 1287 άπ-

284 1331 455 1399 άγων,
504 1331 609 1383 ὑπὸ
660 1330 767 1383 τῶν
819 1330 1068 1402 ἀμώμων
1120 1328 1292 1397 ἁγίων
1324 1326 1489 1382 αὐτοῦ
1522 1326 1665 1397 ὑπὲρ
1707 1325 1866 1397 ήμῶν

283 1422 770 1494 ἐκλιπαρούμενος.
828 1421 1082 1488 Ἀσεϐεῖς
1106 1421 1216 1490 γὰρ
1242 1421 1314 1474 ἐν
1346 1420 1544 1488 κρίσει
1571 1420 1683 1472 οὐκ
1717 1418 1865 1471 ἀνα-

283 1514 639 1579 στήσονται,
686 1515 820 1583 ιρησὶ
853 1513 1066 1566 Δαϐἰδό
1092 1513 1201 1566 τῶν
1228 1511 1388 1566 θείων
1426 1511 1684 1582 μελῳδός.
1718 1510 1867 1578 Συμο

285 1606 478 1675 φώνως
514 1606 571 1659 δὲ
619 1605 795 1675 τούτῳ
834 1606 863 1657 ὁ
907 1604 1106 1673 ὕψηλὸς
1148 1603 1257 1657 τῶν
1294 1602 1589 1675 προφητῶν
1638 1601 1864 1663 Ἡσαΐας

282 1698 471 1768 φησὶν,
518 1696 767 1765 Ἁρθήτω
807 1699 841 1749 ό
873 1696 1120 1762 ἀσεϐὴς.
1153 1695 1254 1748 ἵνα
1276 1694 1362 1763 μὴ
1391 1694 1488 1761 ἴδῃ
1528 1692 1643 1759 τὴν
1673 1692 1863 1757 δόξαν

283 1788 524 1855 Κυρίου.
592 1787 770 1856 ’Δπερ
833 1784 1067 1856 βεϐαιῶν
1117 1786 1146 1837 ὁ
1211 1784 1356 1855 ἱερὸς
1408 1782 1621 1845 Παῦλός
1660 1795 1855 1853 φησιν’

286 1879 463 1931 ’Ὅσοι
518 1878 631 1948 γὰρ
680 1878 915 1945 ἀνόμως
962 1876 1252 1946 ἥμαρτον,
1300 1877 1536 1945 ἀνόμως
1590 1878 1687 1929 καὶ
1741 1875 1858 1929 ἀπ-

283 1969 591 2031 ολοῦνται,
625 1968 762 2023 ἀλλὰ
780 1969 880 2039 τὴν
910 1969 1150 2037 παντελῆ
1186 1967 1279 2022 τοῦ
1308 1968 1444 2022 Θεοῦ
1476 1968 1860 2037 ὲγκατάλειψιν

282 2062 466 2117 αὐτῶν
514 2063 609 2115 καὶ
652 2061 1035 2133 ἀποστροφὴν,
1086 2060 1182 2113 καὶ
1231 2060 1331 2131 τὴν
1399 2062 1479 2124 εἰς
1525 2061 1863 2131 ἀπεράντους

284 2153 486 2218 αἰῶνας
531 2153 823 2224 τιμωρίαν.
873 2152 1051 2206 Ταύτὸ
1079 2152 1137 2206 δὲ
1170 2153 1262 2205 καὶ
1293 2153 1345 2204 οἰ
1374 2152 1650 2223 προφῆται
1675 2152 1863 2223 δηλοῦ·

288 2263 392 2308 σιν,
452 2246 553 2298 οὐκ
604 2246 685 2307 εἰς
732 2245 914 2317 κρίσιν
972 2243 1421 2315 παραστήσεσθαι
1473 2244 1865 2316 ἀνισταμένους

286 2336 536 2400 ἀσεϐεῖς,
590 2335 705 2389 ἀλλ’
756 2338 837 2398 εἰς
884 2336 1211 2405 κατάκρισιν
1244 2332 1399 2399 αὖθις
1447 2336 1865 2407 ἀπαχθήσεσθαι

288 2426 407 2497 ἅμα
434 2427 513 2497 τῷ
550 2426 780 2497 ἡγεμόνι
820 2427 999 2481 αὐτῶν
1022 2427 1273 2499 διαϐόλῳ.
1312 2428 1448 2481 Οὐδὲ
1474 2429 1582 2499 γὰρ
1614 2430 1662 2480 οἰ
1693 2429 1866 2498 τήμε-

291 2536 384 2589 ρον
421 2519 575 2589 νόμοι
606 2518 697 2571 τὸν
728 2518 994 2589 πρόδηλον
1025 2520 1210 2588 φονέα,
1236 2519 1269 2589 ἢ
1305 2520 1489 2590 μοιχὸν
1522 2522 1621 2591 τῆς
1643 2523 1868 2592 εἱρκτῆς

288 2612 740 2681 ἐκφωνήσαντες,
791 2610 1142 2682 μακρηγορῐᾳ
1184 2611 1459 2682 κρίνουσιν
1502 2612 1560 2666 ἑν
1602 2612 1723 2682 ὄψει
1766 2613 1869 2683 τῆς

292 2703 526 2773 φρικτῆς
577 2701 934 2773 ὁμηγύρεως,
974 2703 1189 2773 ἐκείνην
1220 2703 1287 2755 δι’
1338 2704 1549 2756 ἐκείνου
1600 2705 1869 2775 σωφρονί-

294 2791 499 2856 ζοντες.
547 2791 697 2854 Ἐνὸς
742 2790 849 2861 γὰρ
884 2791 1077 2862 μέλους
1115 2792 1479 2863 τεμνομένου,
1513 2792 1546 2864 ἢ
1578 2793 1870 2864 καιομένου

293 2882 355 2936 ὲν
385 2881 465 2952 τῷ
494 2881 729 2953 σώματι,
763 2882 823 2934 τὸ
857 2882 977 2936 ὅλον
1004 2882 1084 2953 τῷ
1116 2884 1271 2955 μέρει
1295 2884 1747 2956 συγκραδαίνεται
1778 2888 1874 2940 καὶ

294 2975 578 3043 συναλγεῖ·
631 2975 727 3028 καὶ
768 2975 889 3037 ἑνὸς
925 2974 1184 3039 πολλάκις
1228 2976 1437 3030 οἰκέτου
1489 2978 1870 3049 αἰκιζομένου,

292 3071 445 3124 πᾶσα
471 3066 580 3119 τῶν
615 3067 844 3119 οἰκετῶν
890 3068 923 3138 ή
974 3066 1187 3135 φάλαγξ
1235 3069 1550 3139 πτήσσουσα
1588 3069 1875 3140 διόρθωσιν

294 3158 435 3213 κατὰ
457 3157 699 3212 διάνοιαν
733 3159 1093 3228 ὑπισχνεῖται,
1126 3161 1221 3212 καὶ
1265 3159 1339 3231 μὴ
1384 3160 1581 3229 ψαύειν
1612 3162 1718 3214 τῶν
1770 3163 1876 3215 άπ-

291 3251 680 3321 ηγοςιευμένων
699 3268 713 3284 ·
745 3252 813 3304 δι’
843 3246 917 3304 ὧν
948 3253 1154 3316 ἐκεῖνος
1200 3256 1312 3316 τοῖς
1342 3253 1610 3321 ἀλγεινοῖς
1648 3259 1874 3327 περιερ-

294 3342 461 3412 ρώγει
492 3343 737 3414 θεηλάτῳ
766 3344 902 3414 ὀργῇ
926 3344 1019 3397 ἐπὶ
1046 3344 1145 3416 τὴν
1173 3344 1330 3415 δίκην
1361 3345 1673 3417 ἑλκόμενος.
1705 3346 1875 3399 Τοῦτό

298 3450 389 3502 μοι
421 3434 531 3486 νόει
562 3434 960 3504 οἰκονομεῖσθαι
1000 3435 1153 3506 παρὰ
1195 3436 1315 3507 Θεῷ
1343 3438 1402 3489 ὲν
1433 3438 1743 3509 μυριάνδρῳ
1773 3438 1874 3491 πό-

294 3525 412 3588 λει,
451 3528 581 3595 μιᾶς
630 3528 1051 3598 τιμωρουμένης
1078 3528 1284 3591 οἰκίας,
1322 3528 1431 3582 τῶν
1469 3531 1875 3601 ἡμαρτημένων

294 3620 394 3688 τὴν
420 3618 576 3689 δίκην
604 3618 840 3672 ἐνταῦθα
875 3619 1203 3689 ὑπέχουσαν,
1234 3620 1372 3692 πρὸς
1396 3622 1559 3692 νῆῲιν
1604 3623 1697 3675 καὶ
1733 3622 1876 3695 διόρ-

294 3711 460 3763 θωσιν
511 3710 620 3763 τῶν
650 3711 852 3764 λοιπῶν
900 3714 1261 3767 συναστεῖτῶν
1295 3714 1388 3769 καὶ
1421 3714 1612 3768 πασῶν
1638 3715 1872 3771 πόλεων.

309 3800 560 3855 Ἀσεϐῶν
620 3802 730 3871 γὰρ
772 3804 1294 3869 καταπιπτόντων,
1348 3803 1567 3859 δίκαιοι
1629 3805 1875 3876 ἔμφοϐοι

295 3895 562 3963 γίνονται
584 3935 600 3961 ,
629 3895 794 3965 φησὶν
821 3895 850 3947 ὁ
875 3892 986 3947 τῶν
1014 3894 1175 3948 θείων
1200 3896 1361 3965 σοφὸς
1384 3894 1660 3964 Σολομῶν.

357 4058 468 4111 Καὶ
496 4059 578 4112 ὃτι
609 4060 764 4113 οὐδὲν
797 4059 978 4129 ὀνήσει
1018 4061 1110 4113 ἐπὶ
1153 4061 1253 4132 τῆς
1296 4061 1551 4126 ἀκλινοῦς
1602 4064 1696 4118 καὶ
1741 4064 1865 4117 ἀδε-

285 4148 487 4202 κάστου
529 4149 763 4220 κρίσεως
798 4150 861 4201 τὸ
907 4149 1061 4218 ἅγιον
1105 4150 1410 4221 βάπτισμα,
1459 4152 1587 4216 τοὺς
1631 4154 1867 4210 ἐνταῦθα

286 4241 418 4297 αὐτὸ
450 4241 695 4312 πολιτείᾳ
727 4242 960 4312 κακίστη
1009 4242 1471 4312 καθυϐρίζοντας,
1516 4246 1610 4297 καὶ
1632 4246 1864 4311 ἀναξίως

283 4335 384 4404 τῆς
431 4334 747 4405 ἐπωνυμίας
790 4332 1027 4404 Χριστοῦ
1059 4334 1377 4402 διάγοντας,
1417 4336 1484 4388 ἐκ
1514 4334 1608 4388 τοῦ
1657 4337 1863 4408 ὑψηλοῦ

297 4427 644 4490 Ἀποστόλου,
678 4426 1015 4497 λευκοτέρως
1041 4426 1150 4481 τῶν
1187 4426 1462 4498 ῥηθέντων
1486 4427 1581 4482 νῦν
1612 4431 1862 4484 παιδευό-

288 4518 463 4587 μεθα,
512 4518 808 4588 διαρρήδην
869 4516 1133 4587 βοῶντος⁶
1181 4517 1498 4587 Ἀθετήσας
1542 4536 1633 4586 τις
1676 4524 1866 4591 νόμον

284 4609 564 4673 Μωσέως,
588 4610 687 4662 ἐπὶ
709 4609 889 4663 δυσὶν
911 4608 951 4677 ἣ
975 4608 1134 4677 τρισὶ
1157 4607 1421 4677 μάρτυσι
1445 4611 1623 4679 χωρὶς
1653 4615 1863 4681 οἰκτιρ-

280 4702 413 4771 μῶν
457 4700 848 4766 ἀποθνήσκει.
900 4702 1079 4768 Πόσῳ
1121 4697 1365 4768 μᾶλλον
1389 4704 1660 4769 χείρονος
1689 4704 1862 4767 ἀξιω-

285 4795 533 4861 θήσεται
562 4795 837 4863 τιμωρίας
865 4795 898 4847 ό
941 4793 1050 4847 τὸν
1106 4795 1244 4849 Υἰὸν
1267 4794 1373 4849 τοῦ
1412 4796 1561 4850 Θεοῦ
1593 4813 1861 4850 καταπα-

286 4887 498 4954 τήσας,
529 4886 630 4942 καὶ
670 4885 737 4939 τὸ
764 4881 908 4954 αἷμα
947 4884 1057 4951 τῆς
1080 4886 1370 4954 διαθήκης
1397 4889 1600 4941 κοινὸν
1627 4888 1864 4957 ἡγησά-

281 4994 504 5047 μενος;
559 4978 880 5030 Καταπατεῖ
909 4976 965 5029 δὲ
997 4978 1091 5030 τοῦ
1120 4978 1256 5031 Θεοῦ
1285 4979 1456 5033 Παῖδα
1491 4980 1663 5046 Λόγον
1695 4981 1827 5033 Θεὸν
1846 5021 1862 5043 ,

286 5074 316 5124 ὁ
358 5070 426 5123 τὰ
478 5068 711 5139 μυστικὰ
756 5069 921 5121 αὑτοῦ
971 5070 1229 5141 κράματα
1264 5070 1433 5133 ἀδεῶς
1470 5070 1627 5140 χερσὶ
1674 5070 1864 5123 πλεον-

288 5162 573 5223 εκτούσαις
605 5165 700 5212 καὶ
727 5161 865 5213 κατὰ
890 5160 983 5212 τοῦ
1020 5161 1188 5223 πέλας
1218 5162 1602 5232 ὲπαιρομέναις
1637 5162 1864 5231 δεχόμε-

288 5271 378 5319 νος
397 5294 412 5319 ,
464 5254 555 5305 ῖσα
604 5250 769 5321 κοινῷ
796 5253 947 5321 ἄρτῳ
976 5251 1070 5303 καὶ
1119 5252 1247 5321 οἴνῳ
1272 5252 1551 5322 τιθέμενος
1582 5253 1617 5305 ἃ
1662 5255 1720 5307 ὲν
1753 5255 1867 5316 τοῖς

291 5347 501 5407 πιστοῖς
523 5343 759 5407 διανοίας
780 5343 1023 5412 ὄμμασιν
1045 5344 1388 5415 ἐνθεωρεῖται
1417 5344 1569 5408 Θεός.
1599 5345 1728 5398 Ζῶν
1758 5346 1869 5414 γὰρ

290 5438 324 5488 ὀ
355 5437 537 5504 λόγος
556 5435 663 5489 τοῦ
684 5435 831 5488 Θεοῦ
855 5435 951 5487 καὶ
975 5434 1225 5503 ἐνεργὴς
1246 5436 1343 5489 καὶ
1368 5435 1692 5505 τομώτερος
1716 5435 1869 5503 ὑπὲρ

289 5526 499 5581 πᾶσαν
552 5526 851 5597 μάχαιραν
914 5526 1204 5594 δίστομον
1222 5568 1236 5589 ,
1296 5527 1395 5580 καὶ
1454 5527 1869 5595 διῖ¹κνούμενος

286 5618 460 5688 μέχρι
493 5616 786 5687 μερισμοῦ
825 5614 1030 5684 ψυχῆς
1083 5614 1181 5667 καὶ
1229 5614 1529 5685 σώματος,
1566 5615 1769 5685 ἁρμῶν
1800 5634 1865 5670 τε

1662 365 2008 425 DIALOGUS
2045 366 2134 424 Ill.

3405 372 3542 429 1066

1966 489 2136 544 totius
2164 488 2423 559 subjectze
2460 488 2560 544 soli
2583 489 2774 544 doctor
2808 487 3021 558 inquit:
3058 488 3107 545 0
3132 489 3286 544 stulti
3314 490 3543 555 Catane,

1964 582 2080 650 quis
2106 598 2193 636 ros
2231 583 2513 651 fascinatrit
2534 582 2617 636 “‘2
2650 580 2955 636 Currebatis
2989 582 3135 648 bene,
3171 583 3289 653 quis
3326 598 3413 636 vos
3442 583 3545 637 im-

1964 672 2180 741 pedivit,
2213 689 2276 726 ne
2312 673 2591 727 crederetis
2620 674 2831 726 veritati
2851 673 2935 726 “7
2964 672 3145 739 Tales,
3186 673 3544 743 quemadmo-

1966 766 2095 819 dum
2132 775 2290 819 antea
2336 765 2472 830 dixi,
2519 765 2650 820 mihi
2692 765 2945 819 videntur
2983 765 3118 819 nihil
3161 780 3226 819 ex
3275 765 3548 835 baptismo

1966 857 2221 912 utilitatis
2262 857 2522 921 habituri,
2581 857 2793 912 etiamsi
2853 856 3074 912 Christo
3126 856 3297 927 judici
3346 857 3547 911 dicturi

1964 951 2110 1005 sint:
2139 950 2378 1014 Domine,
2401 967 2572 1005 nonne
2596 961 2683 1005 tuo
2720 953 2929 1005 nomine
2954 950 3197 1021 prodigia
3224 951 3463 1019 fecimus,
3495 959 3546 1004 et

1961 1040 2229 1095 demonia
2268 1040 2541 1109 ejecimus,
2582 1049 2635 1093 et
2674 1040 2916 1108 inﬁrmos
2956 1038 3308 1093 sanabimus.’
3344 1038 3546 1107 quibus

1964 1130 2123 1184 letale
2145 1140 2198 1183 et
2230 1129 2491 1195 terribile,
2532 1138 2588 1183 et
2618 1130 2800 1185 luctus
2830 1130 3049 1199 plenum
3084 1143 3410 1197 responsum
3431 1128 3544 1198 jam

1962 1220 2401 1285 deditChristus,
2434 1236 2465 1274 a
2499 1236 2610 1289 quo
2647 1236 2742 1290 per
2773 1220 3209 1276 misericordiam
3250 1235 3407 1274 suam
3445 1234 3546 1274 nos

1962 1328 2157 1369 omnes
2183 1313 2440 1381 vindicet,
2495 1329 2591 1383 per
2636 1314 2947 1383 inculpatos
3002 1322 3225 1369 sanctos
3269 1328 3403 1369 suos
3448 1328 3547 1381 pro

1963 1404 2125 1459 nobis
2153 1414 2436 1459 exoratus.
2495 1404 2658 1473 [mpii
2688 1407 2827 1459 enim
2876 1406 2933 1459 in
2966 1405 3174 1474 judicio
3232 1421 3333 1458 non
3372 1420 3549 1458 resur-

1960 1507 2114 1567 gent,
2137 1496 2317 1566 inquit
2337 1496 2569 1552 Davides
2590 1496 2901 1551 divinorum
2929 1498 3238 1552 carminum
3259 1504 3453 1552 auctor
3475 1496 3543 1551 “.

1959 1587 2099 1643 Cum
2158 1588 2264 1644 hoc
2306 1598 2489 1643 autem
2536 1590 2890 1644 consentiens
2928 1590 3165 1645 eximius
3210 1590 3350 1644 inter
3397 1598 3548 1644 vates

1959 1678 2128 1734 Isaias
2178 1679 2393 1748 inquit:
2420 1679 2715 1748 Auferatur
2748 1682 2966 1751 impius,
3002 1698 3067 1735 ne
3104 1682 3279 1736 videat
3320 1681 3547 1751 gloriam

1959 1772 2179 1827 Domini
2199 1775 2265 1827 ⁸⁷.
2299 1774 2433 1840 Quae
2463 1774 2801 1829 confirmans
2832 1774 2995 1831 divus
3024 1774 3251 1837 Paulus,
3270 1775 3387 1829 ait:
3418 1772 3550 1838 Qui-

1961 1881 2165 1935 cunque
2194 1866 2389 1937 absque
2425 1867 2537 1937 lege
2583 1878 2951 1935 peccaverunt,
3006 1868 3165 1922 etiam
3199 1869 3393 1936 absque
3441 1867 3549 1935 lege

1954 1957 2282 2025 peribunt",
2336 1958 2589 2013 videlicet
2636 1960 2855 2029 penitus
2901 1973 2996 2013 eos
3036 1960 3321 2014 deserente
3355 1959 3463 2013 Deo
3496 1967 3549 2011 et

1961 2055 2246 2100 aversantc
2276 2046 2447 2116 ipsos,
2475 2056 2529 2101 et
2560 2047 2830 2117 supplicio
2867 2047 3031 2102 nullis
3053 2048 3382 2102 saeculorum
3440 2056 3549 2102 ter—

1960 2135 2127 2192 minis
2148 2138 2389 2193 ﬁniendo
2419 2138 2706 2192 adiciente.
2733 2138 2880 2193 Idem
2911 2147 2963 2194 et
2981 2138 3263 2209 propheta:
3285 2138 3547 2201 indicant,

1964 2230 2029 2283 ad
2058 2230 2329 2300 judicium
2362 2245 2470 2284 non
2504 2230 2783 2285 sistendos
2813 2240 3162 2300 resurgentes
3202 2231 3427 2300 impios,
3453 2230 3548 2284 sccl

1962 2321 2031 2375 ad
2086 2321 2606 2377 condemnationem
2668 2322 2816 2376 illico
2870 2322 3221 2377 abducendos
3266 2337 3375 2376 una
3422 2337 3546 2377 cum

1966 2412 2211 2483 principe
2248 2428 2351 2468 suo
2381 2413 2621 2469 diabolo.
2643 2418 2832 2485 Neque
2862 2416 3009 2470 enim
3043 2415 3207 2485 hujus
3233 2416 3394 2470 etiam
3423 2416 3549 2470 vita:

1964 2503 2111 2574 leges
2135 2502 2488 2559 manifestum
2507 2504 2848 2559 homicidam
2886 2505 2967 2559 vel
3008 2505 3341 2572 adulterum,
3392 2513 3549 2576 post-

1965 2608 2129 2662 quam
2181 2607 2247 2647 ex
2305 2608 2531 2649 carcere
2579 2594 2879 2650 arcessitus
2924 2604 3027 2660 est,
3078 2594 3241 2665 longa
3297 2599 3550 2651 oratione

1967 2685 2230 2738 damnant
2282 2684 2335 2738 in
2385 2694 2684 2754 conspectu
2741 2684 3111 2741 formidabilis
3147 2694 3345 2749 cmtus,
3384 2694 3545 2755 quem

1965 2778 2083 2847 eius
2124 2777 2369 2845 exemplo
2393 2777 2686 2847 castigant.
2710 2775 2847 2831 Cum
2869 2777 3014 2831 enim
3042 2792 3211 2831 unum
3242 2778 3547 2832 membrum

1969 2878 2270 2931 resecatur,
2302 2874 2400 2921 aut
2431 2868 2611 2921 uritur
2654 2866 2711 2920 in
2738 2882 2989 2937 corpore,
3025 2874 3199 2922 totum
3232 2881 3358 2922 cum
3393 2878 3549 2937 parte

1968 2958 2280 3013 concutitur
2305 2967 2360 3012 et
2382 2956 2653 3011 condolet.
2688 2956 2755 3012 Et
2782 2956 3077 3027 aliquoties
3105 2972 3217 3011 uno
3258 2973 3402 3013 caeso
3446 2957 3549 3012 ﬂa-

1970 3051 2082 3121 gris
2114 3048 2343 3116 famulo,
2396 3058 2505 3103 tota
2541 3048 2875 3103 famulorum
2916 3049 3116 3104 cohors
3158 3049 3546 3115 extimescens,

1966 3141 2404 3199 emendationem
2436 3141 2536 3196 sibi
2556 3141 2848 3210 pollicetur
2868 3140 2921 3195 in
2947 3140 3154 3205 animo,
3177 3148 3231 3196 et
3254 3142 3397 3211 quod
3424 3150 3547 3196 tan-

1972 3248 2095 3302 gere
2138 3233 2277 3287 nolit
2325 3248 2415 3287 res
2470 3233 2817 3298 interdictas,
2858 3241 3083 3303 propter
3121 3249 3261 3303 quas
3301 3234 3390 3289 ille
3437 3244 3548 3289 tam

1971 3323 2219 3378 tristibus
2258 3323 2444 3393 ﬂagris
2488 3323 2729 3393 undique
2762 3325 3083 3381 conscissus
3125 3326 3220 3389 sit,
3283 3325 3549 3381 divinitus

1965 3416 2211 3471 immissa
2245 3416 2326 3471 ira
2354 3416 2422 3471 ad
2444 3414 2713 3484 judicium
2741 3424 3076 3485 pertractus.
3100 3418 3231 3472 Tale
3255 3419 3387 3489 quid
3406 3421 3550 3473 scias

1965 3509 2079 3577 geri
2115 3523 2145 3561 a
2194 3508 2302 3563 Deo
2334 3508 2389 3561 in
2421 3506 2683 3576 populosa
2731 3506 2974 3570 civitate,
3016 3523 3143 3562 cum
3200 3525 3309 3563 una
3338 3509 3548 3565 familia

1966 3600 2235 3668 supplicio
2266 3598 2526 3662 allicitur,
2560 3613 2685 3668 qua:
2701 3598 3029 3653 delictorum
3052 3614 3269 3669 poenam
3306 3600 3429 3667 luit,
3474 3602 3544 3656 ad

1965 3692 2382 3763 castigationem
2418 3699 2471 3744 et
2515 3690 2918 3744 correctionem
2969 3700 3292 3747 cancrorum
3340 3694 3546 3748 civium

1964 3793 2018 3837 et
2042 3783 2324 3837 civitatum
2367 3780 2634 3835 omnium.
2690 3779 2880 3849 Impiis
2911 3782 3051 3835 enim
3095 3784 3423 3850 cadentibus,
3473 3788 3546 3841 ti-

1963 3889 2081 3926 mor
2116 3873 2377 3926 incutitur
2400 3869 2587 3939 justis,
2640 3870 2819 3941 inquit
2847 3872 3160 3928 divinarum
3194 3890 3376 3930 rerum
3402 3878 3549 3947 peri-

1966 3976 2054 4019 tus
2087 3964 2175 4018 ille
2214 3964 2492 4019 Salomon.

2035 4055 2192 4122 Quod
2225 4064 2408 4110 autem
2437 4056 2573 4110 nihil
2603 4055 2659 4111 in
2678 4056 2976 4111 inevitabili
3006 4064 3062 4111 et
3090 4056 3410 4127 incorrupto
3456 4059 3551 4115 illo

1959 4148 2167 4218 judicio
2220 4146 2572 4218 profuturum
2608 4149 2681 4204 sit
2727 4163 2949 4203 sacrum
2994 4148 3264 4218 baptisma
3317 4150 3404 4217 iis,
3454 4152 3551 4222 qui

1965 4238 2053 4291 hic
2086 4238 2218 4292 illud
2261 4254 2357 4307 per
2387 4238 2683 4308 pessimam
2716 4238 2933 4293 vivendi
2974 4241 3239 4295 rationem
3265 4250 3554 4299 contume-

1964 4329 2036 4383 lia
2063 4329 2382 4395 aﬂ'ecerunt,
2419 4338 2474 4383 et
2520 4329 2743 4400 indigne
2791 4331 3119 4400 cognomine
3159 4332 3363 4387 Christi
3397 4336 3549 4390 vixe-

1966 4431 2115 4488 runt,
2165 4423 2234 4476 de
2260 4420 2466 4475 eximio
2510 4422 2777 4490 Apostolo
2819 4422 3137 4487 dilucidius,
3186 4440 3350 4493 quam
3388 4429 3550 4483 exiis

1972 4533 2095 4586 quae
2152 4516 2294 4570 dicta
2343 4522 2474 4569 sunt
2520 4514 2804 4581 hactenus,
2854 4515 3140 4582 discimus,
3190 4518 3395 4574 diserte
3433 4521 3551 4575 cla-

1971 4615 2154 4661 mante
2188 4625 2201 4659 :
2249 4605 2354 4671 Qui
2382 4617 2694 4674 aspernatus
2726 4606 2888 4674 fuerit
2912 4607 3075 4676 legem
3103 4612 3290 4675 Mosis,
3312 4614 3550 4681 perditos

1972 4709 2135 4751 tresve
2182 4706 2336 4750 testes
2376 4697 2643 4750 convictus
2668 4697 2865 4765 absque
2900 4698 3014 4751 ulla
3047 4701 3417 4756 misericordia
3446 4721 3554 4756 mo-

1970 4792 2109 4842 ritur
2140 4804 2157 4841 :
2187 4787 2353 4840 multo
2392 4788 2561 4856 magis
2587 4788 2762 4857 pejora
2804 4790 2994 4858 dignus
3033 4790 3310 4845 habebitur
3349 4797 3553 4863 suppli-

1968 4883 2071 4945 cio,
2097 4883 2187 4950 qui
2222 4880 2424 4934 Filium
2446 4880 2540 4933 Dei
2571 4881 2957 4934 conculcaverit
2978 4890 3027 4934 et
3047 4886 3360 4953 sanguinem
3387 4897 3551 4941 testa-

1966 4975 2127 5027 menti
2156 4989 2247 5024 ceu
2280 4988 2386 5024 rem
2404 4972 2687 5040 profanam
2702 4971 3025 5025 habuerit”.
3044 4973 3338 5029 Conculcat
3367 4987 3551 5032 autem

1968 5066 2059 5119 Dei
2099 5063 2296 5117 Filium
2322 5073 2375 5117 et
2402 5062 2637 5117 Verbum
2672 5062 2787 5126 Dei,
2832 5065 2925 5132 qui
2956 5065 3184 5135 mystica
3210 5067 3331 5135 ejus
3355 5071 3551 5137 pocula

1969 5155 2236 5223 intrepide
2268 5155 2522 5207 manibus
2558 5155 2846 5222 rapacibus
2863 5165 2916 5209 et
2943 5158 3207 5212 adversus
3230 5161 3544 5227 proximum

1967 5246 2190 5299 elevatis
2220 5246 2408 5307 sumit,
2444 5245 2608 5299 veluti
2640 5260 2987 5299 communem
3022 5261 3217 5315 panem
3251 5256 3308 5301 et
3359 5249 3551 5303 vinum

1968 5347 2251 5407 reputans,
2297 5353 2421 5406 qua:
2452 5340 2508 5390 in
2537 5337 2790 5391 ﬁdelibus
2812 5337 3011 5391 mentis
3043 5341 3219 5394 oculis
3245 5347 3375 5395 sunt
3434 5343 3553 5411 ipse

1966 5430 2129 5484 Deus.
2172 5429 2329 5483 Virus
2368 5430 2506 5482 enim
2557 5438 2633 5481 est
2681 5444 2852 5481 sermo
2888 5428 3007 5493 Dei,
3061 5441 3109 5483 et
3148 5432 3351 5499 eﬂicaa,
3391 5444 3439 5487 et
3462 5450 3553 5501 pe~

1967 5522 2265 5575 netrantior
2293 5523 2471 5589 quovis
2492 5519 2673 5589 gladio
2700 5520 2945 5588 utrinque
2982 5522 3266 5588 incidente,
3284 5528 3551 5592 etpertin-

1973 5630 2094 5685 gens
2126 5630 2288 5683 usque
2321 5613 2388 5666 ad
2424 5613 2734 5666 divisionem
2778 5612 2970 5668 anima:
3014 5625 3063 5667 et
3113 5619 3370 5685 corporis,
3416 5634 3552 5672 com-

340 5797 586 5873 f‘ﬁalat.
627 5814 711 5862 Ill,
750 5798 801 5850 l.
878 5797 922 5827 ⁸⁸
956 5794 1202 5863 Ga'at.v,
1244 5798 1293 5852 7.
1333 5799 1379 5831 ⁸⁸
1418 5797 1567 5855 Psal.
1609 5817 1647 5870 l,
1685 5802 1735 5858 5.
1780 5803 1825 5836 ⁵⁷
1863 5804 1867 5857 1

2014 5819 2162 5870 nm,
2198 5801 2280 5866 l0,
2324 5814 2435 5855 sec.
2468 5796 2634 5851 LXX.
2670 5794 2715 5827 ⁸⁸
2760 5794 2918 5852 Rom.
2964 5812 3025 5860 ιι,
3062 5798 3145 5853 12,
3230 5799 3273 5833 ⁶⁹
3299 5798 3462 5856 Hebr.
3495 5819 3549 5873 ι,

330 5866 483 5922 8.9.9.

330 5868 359 5919 8
395 5868 427 5922 Εἰ
472 5910 483 5922 .

288 5868 324 5921 2
366 5908 380 5933 9
432 5869 463 5923 9
616 5966 883 6028 Ριτιιοι..
929 5966 1046 6026 Gn.
1086 5957 1445 6023 XXXVIII.

3194 5966 3268 6026 3h
