4112 6380
517 339 655 394 1067

519 465 816 526 pagumque
847 463 897 509 et
927 451 1306 518 medullarum,
1353 459 1403 504 et
1432 449 1694 504 discretor
1721 451 2109 521 cogitationum

519 559 569 601 et
610 550 800 602 mentis
831 543 1294 614 conceptarum",
1340 542 1808 611 quemadmodum
1857 542 1975 611 ipse
2012 555 2111 610 per

522 638 752 693 Paulum
810 638 1007 708 inquit.
1059 635 1196 690 Nam
1246 643 1446 689 neutro
1480 633 1645 687 modo
1695 631 1854 701 perit,
1893 630 2112 686 etiamsi

525 730 721 799 partim
762 729 938 783 clavis
988 726 1318 796 conﬁgatur,
1369 725 1568 794 partim
1620 723 1772 776 ﬂuat.
1836 721 1946 776 Nec
1981 722 2112 776 item

524 820 856 885 absumitur,
890 835 1015 873 cum
1049 817 1278 888 perinde
1310 825 1374 872 ut
1412 831 1507 870 aer
1537 815 1606 869 ab
1639 814 1902 869 omnibus
1945 812 2119 884 perci-

525 913 728 982 piatur,
777 919 835 966 et
886 910 1250 965 nihilominus
1301 918 1521 963 maneat
1570 907 1716 963 Deus
1758 907 1925 970 idem,
1967 906 2116 960 haud

525 1005 874 1060 imminutus.
901 1001 1080 1058 Verba
1115 1010 1296 1056 autem
1332 998 1486 1055 Pauli
1501 999 1768 1054 Dominus
1798 999 2117 1068 obsignans,

526 1103 583 1148 et
603 1096 722 1164 pari
751 1108 880 1148 cum
913 1091 1212 1146 incredulis
1248 1090 1517 1160 supplicio
1550 1089 1866 1144 adiciendos
1922 1098 2119 1144 osten-

527 1191 686 1253 dens,
711 1189 808 1258 qui
842 1188 1066 1242 nomine
1111 1185 1335 1256 quidem
1369 1184 1692 1250 Christiani,
1740 1199 1801 1238 re
1824 1198 1958 1238 vero
1989 1182 2120 1237 mali

530 1293 678 1347 sunt,
709 1292 763 1337 et
791 1297 886 1352 per
927 1279 1303 1336 temulentiam
1351 1277 1635 1348 negligunt
1673 1277 1905 1332 salutem
1937 1290 2118 1341 suam,

530 1373 782 1442 inquitin
812 1370 1108 1441 Evangelia
1147 1386 1162 1422 :
1196 1367 1256 1422 Si
1286 1367 1480 1421 dixerit
1511 1369 1567 1419 in
1614 1367 1771 1420 corde
1818 1383 1916 1420 suo
1942 1381 2121 1420 servus

531 1464 621 1517 ille
657 1478 676 1515 :
709 1461 1004 1517 Cunctatur
1031 1460 1276 1514 dominus
1307 1475 1450 1512 meus
1479 1459 1674 1525 venire,
1708 1457 1974 1528 simulque
2017 1473 2124 1511 ca:-

531 1557 666 1623 perit
695 1563 963 1623 percutere
995 1567 1293 1614 conservos,
1331 1560 1380 1604 et
1411 1550 1562 1604 edere
1591 1560 1748 1620 atque
1786 1549 1956 1604 bibere
2003 1565 2123 1603 cum

533 1644 792 1698 conservis
835 1643 994 1696 ebriis
1025 1656 1045 1695 :
1074 1640 1239 1694 Amen
1279 1639 1402 1694 dico
1448 1639 1613 1705 vobis,
1661 1639 1824 1694 veniet
1863 1639 2114 1692 dominus

533 1737 667 1790 serui
707 1735 855 1790 illius
887 1734 973 1787 die
1005 1749 1107 1802 quo
1141 1747 1242 1785 non
1273 1741 1564 1798 exspectat,
1589 1741 1638 1784 et
1661 1731 1794 1784 liora
1833 1747 1940 1800 qua
1969 1731 2123 1800 igno-

534 1835 642 1890 rat,
666 1834 715 1878 et
737 1822 1018 1877 dissecabit
1043 1837 1186 1885 eum,
1206 1829 1255 1873 et
1284 1830 1438 1887 ponet
1461 1829 1668 1888 partem
1692 1821 1860 1889 ipsius
1880 1835 2000 1874 cum
2031 1821 2119 1873 in-

533 1915 843 1970 credulis".
884 1913 1156 1969 Dissecari
1189 1927 1409 1966 servum
1440 1927 1548 1965 non
1573 1911 1934 1981 corporaliter
1965 1911 2128 1965 intel-

534 2005 790 2074 ligamus,
832 2004 980 2072 (nam
1020 1999 1334 2071 imperitum
1383 1998 1489 2051 hoc
1532 1996 1674 2051 foret
1709 2013 1775 2052 ac
1809 1998 2125 2068 ridiculum)

533 2096 629 2150 sed
658 2109 753 2165 per
792 2092 1175 2164 spoliationem
1207 2089 1575 2160 spiritualium
1608 2089 1878 2144 donorum
1931 2101 1986 2146 et
2030 2090 2127 2144 ba-

534 2185 833 2256 ptismatis,
879 2193 934 2240 et
959 2198 1090 2253 erga
1116 2181 1299 2253 ipsum
1329 2179 1616 2242 libertatis,
1656 2179 1921 2234 dissecari
1954 2193 1985 2234 a
2019 2179 2128 2234 Do-

534 2276 686 2330 mino
708 2273 1050 2330 damnandos
1084 2272 1468 2341 intelligamus.
1517 2267 1638 2324 Non
1682 2269 1828 2324 enim
1861 2268 1984 2324 ﬁeri
2030 2285 2126 2340 po-

536 2377 663 2432 test,
692 2375 753 2420 ut
792 2367 887 2435 qui
913 2364 1136 2420 Christo
1165 2364 1548 2426 adhaerent,ac
1564 2361 1729 2415 veluti
1753 2361 1956 2416 milites
1977 2361 2127 2417 illius

536 2457 812 2528 obsignati
841 2454 1124 2525 signaculo
1155 2466 1287 2510 sunt
1317 2464 1372 2510 et
1401 2470 1537 2508 zona
1571 2454 1789 2508 militiae
1819 2454 1994 2524 ipsius
2015 2456 2128 2510 cin-

535 2554 634 2615 αἱ,
667 2550 987 2621 puniantur,
1044 2548 1152 2603 nisi
1181 2548 1336 2619 prius
1369 2547 1480 2602 illis
1505 2547 1723 2617 spoliati
1755 2548 1890 2601 sint.
1931 2547 2128 2614 Quem-

538 2643 832 2696 admodum
849 2649 904 2696 et
931 2649 1228 2711 praesentes
1260 2641 1422 2696 hodie
1450 2641 1598 2712 leges
1628 2641 1849 2706 docent,
1879 2657 2004 2697 reos
2021 2643 2127 2696 mi-

538 2737 661 2790 lites
704 2749 812 2789 non
850 2734 1002 2804 prius
1035 2733 1176 2788 aﬁici
1216 2733 1418 2788 debere
1473 2733 1764 2802 supplicio,
1802 2750 1966 2803 quam
2018 2734 2127 2788 illis

537 2842 678 2882 zona
707 2826 781 2882 sit
811 2825 1065 2895 adempta
1097 2842 1111 2878 :
1139 2838 1250 2894 quo
1298 2824 1661 2894 signiﬁcatur,
1713 2825 1963 2895 symbolo
1987 2825 2130 2878 mili-

541 2923 631 2976 tia:
656 2920 801 2989 ipsis
828 2918 1034 2982 ablato,
1068 2931 1222 2972 more
1251 2917 1594 2986 privatorum
1645 2931 1675 2969 a
1721 2915 1980 2971 carniﬁce
2034 2931 2129 2986 pu-

542 3011 649 3067 niri
707 3025 890 3080 posse.
937 3008 1286 3064 Evidentiore
1343 3022 1470 3062 vero
1518 3007 1881 3063 similitudine
1939 3016 2122 3072 utens,

541 3102 671 3173 quid
695 3103 808 3156 haec
831 3101 1013 3156 divina
1035 3099 1294 3156 dissertio
1320 3099 1410 3165 sit,
1435 3100 1737 3155 ostendam.
1763 3098 1899 3154 Nam
1922 3101 2016 3171 qui
2041 3117 2129 3155 su-

543 3195 708 3249 blime
738 3193 938 3248 solium
969 3191 1170 3246 Christi
1215 3191 1606 3246 administrant
1638 3190 1942 3260 pontiﬁces,
1986 3191 2034 3246 si
2068 3191 2124 3245 in

543 3285 729 3354 aliquo
754 3283 913 3354 lapsu
945 3281 1018 3338 sit
1041 3289 1490 3336 consecratorum
1510 3281 1784 3352 quispiam
1809 3282 1863 3336 in
1883 3282 2125 3352 ipsorum

543 3385 716 3442 cmtu,
738 3391 847 3430 non
887 3374 1042 3445 prius
1078 3373 1256 3443 ipsum
1295 3374 1472 3443 pomis
1501 3373 1818 3442 subjiciunt,
1854 3389 2018 3444 quam
2044 3375 2130 3429 di-

544 3470 689 3524 vinis
718 3484 749 3522 a
783 3466 958 3524 sacris
986 3480 1112 3520 eum
1139 3465 1496 3527 removerint,
1541 3474 1596 3517 et
1621 3465 1840 3518 illorum
1885 3467 2132 3535 privatus

546 3563 617 3619 sit
649 3561 934 3634 symbolis.
961 3558 1041 3612 Eo
1072 3567 1234 3629 pacto
1257 3557 1550 3628 spoliatum
1601 3572 1700 3627 pro
1731 3572 1842 3612 uno
1872 3573 1940 3612 ex
1978 3559 2132 3613 laicis

546 3654 769 3708 habent.
801 3651 907 3706 Per
929 3664 1096 3720 quam
1126 3649 1530 3717 ademptionem
1565 3648 1844 3703 indicatur
1870 3649 2134 3704 dissectio

549 3747 620 3800 de
644 3761 753 3816 qua
795 3744 1011 3800 dictum
1061 3751 1165 3804 est,
1196 3749 1250 3795 et
1296 3757 1391 3810 per
1417 3741 1962 3797 conuumerationem
2013 3741 2133 3810 ejus

552 3852 679 3892 cum
707 3835 973 3907 gregariis
1001 3841 1059 3888 et
1085 3832 1306 3892 vilibus.
1337 3831 1516 3901 portio
1555 3847 1682 3886 cum
1717 3832 2016 3888 incredulis
2045 3832 2136 3886 de-

547 3930 810 3984 claratur.
828 3925 883 3982 ld
904 3925 1052 3997 quod
1074 3935 1131 3979 et
1147 3922 1377 3977 Davides
1391 3921 1694 3977 carminum
1719 3923 1806 3977 ille
1821 3922 2132 3978 divinorum

549 4030 742 4076 auctor
766 4019 924 4089 longe
945 4016 1286 4081 anteinnuit,
1313 4015 1387 4069 ita
1415 4016 1716 4070 testiﬁcatus
1747 4034 1760 4070 :
1800 4013 1930 4069 Vota
1951 4017 2134 4086 facite,

548 4125 598 4170 et
630 4115 831 4168 reddite
862 4113 1087 4166 Domina
1120 4110 1230 4164 Deo
1263 4120 1468 4173 vestro;
1502 4125 1680 4162 omnes
1699 4109 1754 4162 in
1775 4108 1999 4161 circuitu
2019 4107 2134 4174 ejus

550 4203 690 4257 dona
703 4204 928 4272 aferant
941 4200 1168 4256 terribili
1178 4208 1226 4254 et
1239 4200 1497 4268 auferenti
1511 4199 1729 4268 spiritus
1746 4210 2053 4268 magnatum
2066 4197 2132 4252 ⁷⁸.

622 4375 804 4431 Nolim
842 4389 974 4430 vero
1015 4373 1308 4444 quisquam
1365 4371 1662 4426 arbitretur
1721 4371 1788 4425 de
1831 4371 2137 4427 animarum

551 4469 828 4524 ablatione
858 4481 1078 4521 carmen
1106 4465 1236 4520 illud
1265 4463 1639 4534 accipiendum
1671 4477 1814 4517 esse.
1839 4461 1956 4516 Non
1988 4465 2134 4519 enim

553 4556 975 4631 gubernantium
1017 4555 1200 4621 modo,
1238 4555 1332 4610 sed
1371 4563 1428 4608 et
1465 4567 1655 4608 eorum
1691 4554 1782 4622 qui
1823 4553 2132 4622 gubernan-

555 4664 676 4717 tur,
705 4659 759 4705 et
788 4648 1135 4702 dominorum
1164 4685 1179 4710 ,
1213 4654 1265 4700 et
1299 4659 1582 4701 servorum
1605 4682 1620 4706 ,
1659 4643 1818 4714 plane
1853 4644 1968 4714 ipse
1998 4645 2134 4700 indit

552 4750 607 4795 et
663 4737 847 4794 aufert
892 4737 1160 4791 animales
1205 4735 1451 4804 spiritus.
1501 4731 1767 4787 Nimirum
1815 4733 2013 4788 dicitur
2068 4735 2136 4789 de

555 4831 755 4897 anima,
781 4830 891 4884 imo
921 4827 989 4884 de
1035 4827 1411 4897 spiritualibus
1465 4825 1655 4890 donis,
1723 4833 1777 4878 et
1825 4825 1889 4879 de
1958 4825 2138 4895 bapti-

555 4930 752 4978 smate.
787 4919 1065 4991 Magnates
1086 4933 1214 4973 vero
1233 4919 1364 4970 mihi
1395 4914 1645 4968 videntur
1682 4929 1804 4969 esse
1833 4930 1898 4968 ac
1927 4914 2134 4969 domini

557 5009 857 5064 inﬁdelium
907 5007 1115 5070 ﬁdeles,
1143 5023 1172 5060 a
1206 5005 1303 5060 Dei
1347 5002 1528 5058 Verbo
1563 5003 1708 5071 quod
1742 5013 1860 5056 erat
1895 5004 1948 5057 in
1985 5004 2136 5073 prin-

557 5101 742 5172 cipio,
799 5101 854 5154 id
897 5099 1219 5162 consecuti,
1260 5105 1320 5150 ut
1373 5096 1728 5150 dominentur
1782 5096 1947 5149 etiam
2002 5097 2135 5166 ipsis

557 5192 920 5248 daemonibus.
952 5189 1096 5244 Nihil
1140 5190 1287 5244 enim
1326 5187 1416 5244 isti
1458 5187 1528 5242 ab
1569 5186 1676 5241 illis
1711 5186 1989 5241 habebunt
2031 5188 2138 5242 dis-

558 5284 843 5350 criminis,
900 5282 1091 5338 eodem
1151 5297 1423 5337 consensu
1493 5279 1846 5334 adversantes
1913 5278 2020 5334 Deo
2082 5290 2138 5336 et

557 5373 904 5430 Christianos
928 5380 1327 5443 oppugnantes.
1353 5369 1505 5436 Quos
1535 5379 1595 5422 ttt
1627 5353 1856 5439 imperio
1889 5380 2138 5439 premant

558 5477 616 5522 et
639 5465 978 5537 proculcent,
1009 5463 1230 5518 divinus
1269 5461 1357 5515 ille
1396 5459 1626 5514 Davides
1658 5461 1830 5514 multo
1858 5469 1985 5515 ante
2016 5479 2138 5532 pre-

1553 333 1612 388 S.
1653 329 1950 390 CJESARII
1989 325 2319 385 GREGORII
2357 325 2658 383 FRATRIS

3662 317 3816 376 1068·

2214 447 2312 501 καί
2351 445 2618 516 μυελῶν.
2673 445 2771 499 καί
2826 444 3184 513 διακριτικός
3243 442 3635 512 ἐνθυμήσεων
3700 442 3806 496 καί

2214 539 2502 594 ἐννοιῶνο
2555 537 2742 600 καθὼς
2788 537 2951 600 αὐτὸς
2979 535 3067 589 διὰ
3102 535 3316 588 Παύλου
3351 535 3535 606 φησίν.
3567 534 3808 587 Ούθετέ-

2219 647 2313 701 ρου
2343 630 2452 700 γὰρ
2481 627 2813 699 ἐξεκρούσθη
2835 644 2848 658 ·
2880 627 2976 680 τοῦ
3023 627 3122 696 μὲν
3149 625 3578 696 καθηλουμένου,
3612 624 3708 678 τοῦ
3745 625 3809 678 δὲ

2217 722 2463 792 ῥέοντος,
2498 721 2606 775 οὐδ’
2652 717 2723 774 αὖ
2772 719 2937 772 πάλιν
2967 717 3306 782 δαωνᾶται,
3350 716 3496 770 κατὰ
3540 717 3631 769 τὸν
3663 715 3810 787 ἀέρα

2217 812 2325 865 ὑπὸ
2356 812 2575 866 πάντων
2604 811 2984 882 μετεχόμενος,
3015 811 3110 862 καὶ
3147 810 3325 879 μένων
3349 810 3378 862 ὁ
3411 807 3573 870 αὐτὸς
3596 808 3809 878 ἀμείω-

2217 921 2311 966 τος
2334 903 2488 967 Θεός.
2519 903 2601 956 Τὰ
2631 903 2688 956 δὲ
2728 901 2945 956 Παύλου
2973 899 3404 971 ὲπισφραγίζων,
3437 900 3532 953 καὶ
3577 901 3671 952 ίσα
3695 898 3813 953 τῶν

2220 995 2468 1050 ἀπίστων
2493 995 2707 1059 δεικνὺς
2733 993 3155 1067 τιμωρήσασθαι
3177 994 3303 1055 τοὺς
3325 992 3514 1063 κλήσει
3544 991 3643 1061 μὲν
3673 989 3814 1062 Χρι-

2223 1089 2492 1152 στιανοὺς,
2527 1087 2676 1159 ἐργῳ
2711 1089 2769 1142 δὲ
2804 1087 3096 1158 πονηροὺς,
3122 1086 3219 1140 καὶ
3240 1085 3496 1156 παροινίᾳ
3525 1084 3627 1154 τῆς
3655 1085 3818 1152 σφῶν

2221 1182 2572 1253 ἀμελούντων
2601 1181 2896 1253 σωτηρίας.
2935 1181 3023 1234 Ἑν
3053 1177 3407 1247 Εὑαγγελίοις
3435 1177 3619 1247 φησίν·
3665 1176 3816 1230 Ἐὰν

2222 1273 2292 1327 δὲ
2321 1274 2464 1341 εἴπῃ
2509 1273 2578 1327 ἐν
2618 1271 2812 1337 ἐαυτῷ
2860 1273 2893 1325 ό
2933 1270 3157 1336 δοῦλος
3183 1268 3448 1334 ἐκεῖνος,
3478 1267 3740 1336 Χρονίζει
3779 1269 3815 1320 ό

2223 1367 2429 1434 κύριός
2449 1381 2563 1432 μου
2595 1363 2701 1418 τοῦ
2731 1363 2952 1427 ἐλθεῖν,
2989 1362 3090 1416 καί
3114 1361 3353 1428 ἄρξεται
3387 1361 3637 1414 τύπτειν
3664 1359 3817 1424 τοὺς

2224 1455 2627 1520 συνδούλους,
2653 1455 2883 1508 ἐσθίειν
2911 1470 2975 1506 τε
3003 1454 3100 1507 καί
3127 1455 3326 1507 πίνειν
3351 1451 3503 1522 μετὰ
3521 1449 3642 1504 τῶν
3658 1467 3816 1504 συν-

2225 1546 2465 1600 δούλων
2504 1545 2881 1614 μεθυόντων·
2925 1543 3090 1614 ἀμὴν
3124 1543 3283 1614 λέγω
3328 1543 3494 1614 ὑμῖν,
3533 1542 3666 1610 ἣξει
3700 1543 3816 1595 κύ-

2220 1656 2350 1708 ριος
2385 1637 2492 1694 τοῦ
2535 1637 2762 1692 δούλου
2805 1637 3066 1702 ἐκείνου,
3107 1637 3178 1690 ἐν
3204 1635 3396 1706 ἡμέρᾳ
3429 1630 3470 1707 ᾗ
3516 1638 3589 1690 οὐ
3617 1649 3816 1704 προσ-

2226 1728 2398 1796 δοκᾷ,
2423 1729 2525 1782 καὶ
2556 1729 2628 1782 ἐν
2656 1727 2775 1796 ὥρᾳ
2799 1721 2839 1800 ᾗ
2868 1729 2939 1781 οὐ
2968 1727 3267 1797 γινώσκει,
3297 1727 3396 1780 καὶ
3423 1725 3816 1797 διχοτομήσει

2227 1821 2437 1887 αὑτὸν,
2478 1821 2578 1874 καί
2613 1819 2787 1887 θήσει
2831 1819 2900 1872 τὸ
2917 1820 3104 1887 μέρος
3140 1817 3328 1873 αὑτοῦ
3353 1819 3504 1888 μετὰ
3525 1817 3643 1873 τῶν
3671 1820 3819 1873 ἀπί-

2230 1930 2419 1968 στων.
2471 1912 2887 1982 Διχοτομείσθαι
2937 1911 3030 1964 τὸν
3078 1911 3298 1982 οἰκέτην
3351 1913 3425 1982 μὴ
3481 1912 3819 1982 σωματικῶς

2226 2005 2511 2074 νοήσωμεν
2538 2001 2814 2074 (ἀμαθίας
2833 2003 2941 2073 γὰρ
2971 2001 3126 2055 τοῦτο
3154 2003 3246 2055 καὶ
3285 2002 3712 2076 γέλωτος),ἀλλά
3741 2008 3815 2075 τῇ

2225 2095 2511 2166 ἀφαιρέσει
2556 2095 2666 2149 τῶν
2714 2092 3101 2164 πνευματικῶν
3145 2093 3502 2165 χαρισμάτων
3556 2096 3652 2148 καὶ
3707 2093 3818 2149 τοῦ

2227 2187 2628 2258 βαπτίσματος,
2670 2187 2763 2240 καὶ
2793 2186 2893 2257 τῆς
2918 2185 3049 2255 πρὸς
3082 2186 3248 2240 αὑτὸν
3292 2188 3628 2260 παρρησίας,
3661 2189 3818 2260 διχο-

2225 2279 2508 2349 τομείσθαι
2545 2278 2650 2333 ὑπὸ
2679 2276 2775 2331 τοῦ
2807 2277 3012 2348 Κυρίου
3043 2278 3172 2342 τοὺς
3203 2277 3634 2350 κριθησομένους
3659 2283 3815 2350 ἡμᾶς

2225 2371 2528 2441 νοήσωμεν.
2566 2369 2642 2423 Οὐ
2675 2369 2786 2440 γὰρ
2816 2363 2928 2423 οἷόν
2956 2385 3018 2421 τε
3038 2370 3166 2432 τοὺς
3196 2369 3412 2440 Χριστῷ
3444 2371 3818 2441 συνθεμένους

2226 2461 2326 2515 καὶ
2388 2456 2502 2514 οἷον
2545 2461 2884 2532 στρατιώτας
2926 2462 3448 2534 κατασημανθέντας
3480 2467 3546 2534 τῇ
3599 2465 3822 2518 ἐκείνου

2227 2553 2504 2623 σφραγίδι,
2535 2554 2629 2606 καὶ
2641 2555 2707 2624 τῇ
2734 2552 2880 2626 ζώνῃ
2901 2555 2997 2625 τῆς
3021 2553 3186 2608 αὑτοῦ
3212 2557 3468 2626 στρατιᾶς
3497 2555 3825 2626 διειλημμέ-

2232 2660 2357 2706 νους
2399 2643 2782 2713 τιμωρεῖσθαι,
2836 2644 2912 2715 μὴ
2973 2645 3240 2717 πρότερον
3290 2646 3514 2698 ἐκείνων
3560 2647 3818 2717 empse-

2230 2737 2448 2806 γέντας,
2477 2736 2658 2800 καθὼς
2688 2736 2782 2790 καὶ
2805 2739 2856 2790 οἱ
2880 2738 3120 2808 τήμερον
3146 2739 3300 2809 νόμοι
3335 2738 3655 2792 παιδεύουσι
3685 2741 3824 2804 τοὺς

2228 2827 2434 2892 αίτίους
2482 2828 2590 2882 τῶν
2635 2828 2984 2898 στρατιωτῶν
3014 2829 3088 2900 μὴ
3116 2830 3380 2903 πρότερον
3407 2832 3780 2903 τιμωρεῖσθαι
3801 2875 3818 2894 ,

2230 2921 2359 2990 πρὶν
2404 2920 2505 2989 τῆς
2558 2919 2736 2991 ζώνης
2782 2923 3186 2993 ἀπορραγῆναι,
3237 2923 3340 2993 τῆς
3385 2925 3658 2996 συμϐόλου
3713 2925 3823 2994 τῆς

2232 3012 2512 3082 στρατιᾶς,
2541 3011 2636 3064 καὶ
2667 3015 2735 3082 τῇ
2763 3013 2980 3084 ἐκείνης
3008 3013 3296 3084 ἀφαιρέσει
3335 3014 3425 3068 ἴσα
3453 3015 3561 3068 τῶν
3587 3015 3824 3069 ἰδιωτῶν

2234 3101 2649 3167 καταξαίνεσθαι
2706 3102 2783 3175 τῷ
2847 3105 3044 3177 δημίῳ.
3093 3107 3490 3179 Ἐναργεστέρᾳ
3545 3107 3591 3160 δ’
3643 3108 3824 3161 εἰκόνι

2231 3195 2577 3264 χρησάμενος
2601 3197 2938 3266 παραστήσω
2957 3197 3055 3267 τὴν
3078 3196 3229 3251 Θείαν
3248 3198 3581 3269 διχοτομίαν.
3609 3201 3675 3253 Oi
3704 3202 3824 3271 γὰρ

2230 3283 2322 3336 τὸν
2347 3284 2549 3353 ὑψηλὸν
2576 3285 2669 3338 τοῦ
2700 3287 2934 3356 Χριστοῦ
2976 3287 3254 3351 διέποντες
3284 3289 3474 3358 θρόνον
3501 3293 3820 3362 ἀρχιερεῖς,

2231 3375 2326 3428 τοῦ
2355 3375 2540 3428 θιάσου
2573 3377 2632 3429 ὲν
2672 3376 2869 3447 ὀλίσθῳ
2900 3378 3044 3442 τινὸς
3087 3380 3196 3432 τῶν
3229 3382 3538 3450 ίερωμένων
3581 3385 3826 3452 γεωμέο

2233 3483 2324 3520 νου
2345 3507 2360 3532 ,
2389 3467 2449 3518 ού
2481 3468 2747 3538 πρότερον
2769 3469 2932 3522 αὐτὸν
2956 3473 3138 3537 εἰςτὰς
3158 3472 3310 3538 δίκας
3324 3471 3547 3540 διδόασι,
3564 3475 3695 3544 πρὶν
3715 3477 3823 3545 τῆς

2235 3555 2386 3618 θείας
2414 3557 2722 3628 ἀπορρῆξαι
2764 3559 3017 3629 τελετῆς,
3047 3562 3117 3614 τὰ
3145 3562 3362 3634 ἐκείνης
3404 3564 3821 3636 ἀφαιρούμενον

2238 3645 2512 3717 σύμϐολα·
2548 3649 2641 3701 καὶ
2673 3648 2845 3713 οὕτως
2873 3650 3271 3722 καθαιρεθέντα
3315 3655 3410 3707 ἕνα
3461 3656 3570 3708 τῶν
3609 3656 3823 3710 λαῖκῶν

2235 3737 2507 3809 ἡγεῖσθαι.
2539 3741 2616 3792 Δι’
2638 3733 2713 3794 ὧν
2739 3741 2838 3811 τῆς
2865 3743 3210 3814 ἀφαιρέσεως
3240 3745 3494 3816 δηλοῦται
3527 3750 3561 3817 ή
3581 3748 3823 3818 -ῥηθείσα

2233 3829 2542 3900 διχοτομία,
2571 3832 2666 3884 καὶ
2695 3835 2762 3903 τῇ
2797 3835 3185 3902 συγκαταλέξει
3213 3836 3308 3889 τοῦ
3330 3839 3583 3906 ἀγελαίου
3615 3841 3649 3910 ἡ
3677 3841 3822 3910 μετὰ

2234 3925 2344 3977 τῶν
2385 3926 2628 3979 ἀπίστων
2669 3927 2846 3998 μερίς.
2903 3928 3080 4000 Ὅπερ
3107 3931 3203 3983 καὶ
3233 3930 3398 3984 Δασὶδ
3442 3933 3472 3984 ό
3511 3932 3618 3984 τῶν
3653 3932 3822 3986 θείων

2240 4013 2476 4084 μελῳδὸς
2527 4015 2889 4087 προῃνίξατο,
2929 4017 3432 4090 διαμαρτυρόμενος
3468 4017 3664 4084 οὕτως,
3696 4022 3820 4073 Εὔ-

2237 4104 2446 4170 ξασθε,
2498 4105 2596 4158 καί
2627 4105 2884 4160 ἀπόδοτε
2925 4107 3124 4174 Κυρίῳ
3177 4108 3258 4174 τῷ
3310 4107 3432 4174 Θεῷ
3463 4108 3629 4179 ὑμῶν
3663 4109 3779 4181 (94)
3801 4128 3822 4142 ο

2237 4194 2460 4262 πάντες
2483 4197 2538 4249 οἱ
2566 4197 2772 4263 κύκλῳ
2796 4196 2983 4250 αὑτοῦ
3003 4197 3246 4253 οισουσι
3271 4198 3429 4268 δῶρα
3459 4197 3541 4266 τῷ
3585 4202 3826 4272 φοϐερῷ

2238 4281 2335 4335 καί
2358 4282 2772 4352 ἀφαιρουμένῳ
2796 4285 3104 4353 πνεύματα
3127 4285 3457 4354 ἀρχόντων.

2308 4375 2516 4444 Μηδεὶς
2555 4375 2612 4428 δὲ
2657 4375 2852 4428 οἰέσθω
2883 4377 3012 4450 περὶ
3043 4375 3230 4447 ψυχῶν
3279 4379 3620 4450 ἀφαιρέσεως
3672 4381 3826 4451 ἔχειν

2238 4464 2338 4536 τὴν
2395 4463 2661 4534 μελῳδίαν
2707 4464 2845 4536 (οὐκ
2879 4467 3154 4536 ἀρχόντων
3187 4465 3296 4537 γὰρ
3325 4468 3519 4538 μόνον,
3553 4469 3692 4524 ἀλλὰ
3723 4474 3828 4525 καὶ

2240 4556 2560 4628 ἀρχομένων
2592 4557 2686 4609 καὶ
2711 4558 2984 4610 δεσποτῶν
3014 4559 3109 4611 καὶ
3137 4559 3382 4624 οἰκετῶν,
3413 4561 3630 4626 πάντως
3655 4564 3828 4628 αὐτὸς

2241 4648 2479 4718 ἐντίθησι
2506 4647 2596 4700 καὶ
2625 4649 2937 4720 ἀφαιρεῖται
2967 4650 3038 4703 τὰ
3065 4651 3269 4722 ψυχικὲ
3293 4652 3646 4722 πνεύματα),
3684 4655 3831 4710 ἀλλὰ

2243 4737 2460 4799 πάντως
2491 4736 2619 4807 περὶ
2645 4735 2755 4788 τῶν
2778 4737 3042 4806 ψυχικῶν,
3070 4739 3267 4808 μᾶλλον
3303 4740 3400 4794 καὶ
3427 4745 3830 4812 πνευματικῶν

2240 4826 2594 4898 χαρισμάτων
2660 4825 2755 4878 καὶ
2801 4825 2896 4878 τοῦ
2956 4825 3351 4897 βαπτίσματος.
3416 4829 3713 4898 ’Ἄρχοντες
3766 4830 3831 4884 δὲ

2245 4936 2334 4990 μοι
2362 4917 2576 4970 δοκοῦσι
2608 4915 2701 4968 καὶ
2731 4916 2909 4987 κύριοι
2951 4916 3058 4970 τῶν
3081 4919 3324 4972 ἀπίστων
3352 4920 3404 4972 oi
3433 4920 3635 4982 πιστοὶ,
3667 4922 3835 4991 παρὰ

2240 5009 2336 5061 τοῦ
2369 5009 2427 5060 ὲν
2457 5007 2598 5076 ἀρχῇ
2645 5006 2818 5074 Λόγου
2857 5006 2993 5060 Θεοῦ
3040 5007 3102 5060 τὸ
3128 5009 3317 5080 ἄρχειν
3345 5009 3467 5063 κατ’
3506 5009 3692 5064 αὐτῶν
3729 5014 3836 5064 καὶ

2240 5099 2510 5169 δαιμόνων
2537 5097 2672 5169 (95).
2705 5098 2872 5151 Οὐδὲν
2905 5098 3012 5171 γὰρ
3054 5092 3202 5154 οὗτοι
3235 5101 3462 5154 ἐκείνων
3503 5100 3833 5164 διοίσουσιν,

2241 5186 2576 5259 όμογνώμωε
2602 5186 2720 5257 Θεῷ
2755 5187 3124 5259 ἀντικείμενοι
3147 5189 3242 5244 καὶ
3282 5191 3628 5260 Χριστιανοῖς
3659 5189 3836 5244 πολε-

2247 5280 2492 5351 μοῦντες.
2527 5276 2620 5342 Οἷς
2642 5279 2703 5332 τὸ
2733 5279 2922 5350 ἄρχειν
2949 5283 3046 5334 καὶ
3075 5285 3266 5336 πατεῖν
3290 5283 3488 5347 αὐτοὺς
3509 5285 3538 5336 ό
3563 5283 3840 5354 θεοφόρος

2245 5372 2406 5425 Δαὸἰδ
2456 5372 2926 5443 προεπευχόμενος
2971 5373 3114 5439 ἀξιοί
3161 5375 3223 5428 τὺ
3259 5374 3415 5428 Θεῖον
3459 5374 3633 5438 οὕτως
3658 5393 3674 5407 ο
3707 5378 3844 5428 Ka-

2244 5462 2569 5529 ταστήσεις
2597 5463 2817 5530 αὐτοὺς
2847 5462 3144 5534 ἄρχοντας
3167 5467 3263 5520 ἐπὶ
3302 5466 3512 5524 πᾶσαν
3541 5466 3660 5535 τὴν
3686 5465 3845 5537 τῆν.

634 5601 681 5632 ’³⁸
707 5599 872 5655 llehr.
902 5615 979 5665 ιν,
1008 5597 1096 5654 12.
1171 5597 1215 5629 ⁷¹
1244 5593 1379 5651 Luc.
1411 5611 1508 5658 ιιι,
1532 5593 1624 5658 45,
1653 5591 1743 5647 46.
1821 5594 1866 5626 ⁷³
1899 5592 2046 5649 Psal.
2083 5613 2127 5652 1.:

2233 5641 2246 5665 ,
2284 5597 2374 5660 ιε,
2423 5596 2509 5650 ιδ.

639 5730 751 5800 (94)
794 5731 880 5798 Τῷ
906 5735 970 5786 Θ.
1003 5728 1360 5802 ὑμὼνηίιΧΧ
1391 5728 1568 5802 ἡμῶν.
1608 5725 1715 5784 Sed
1753 5725 1909 5802 Vulg.
1944 5740 2134 5799 vestro,

567 5815 691 5872 quae
719 5811 898 5858 tamen
931 5802 1115 5858 subdit
1143 5800 1374 5871 effertis.

2318 5728 2429 5802 (95)
2464 5727 2991 5802 Δαιμόγωντᾷοεεει
3015 5732 3102 5787 hic
3145 5729 3370 5789 verbum
3416 5729 3705 5802 δεξάμενοι
3736 5745 3844 5787 aut

2242 5797 2545 5872 εἰληφότες,
2577 5797 2656 5854 vel
2687 5799 2817 5870 quid
2849 5801 3048 5856 simile.
