4112 6380
265 466 409 524 I069

266 580 705 653 MmaMO'Opat
734 584 841 638 τοῦ
887 584 1179 654 ὀνόματός
1208 600 1326 645 σου
1348 586 1419 640 ἐν
1461 585 1630 653 πάσῃ
1664 581 1844 654 γενεᾷ

266 675 362 730 καί
388 673 585 746 γενεᾷ.
630 676 972 741 Ἐπακούσας
999 677 1056 730 δὲ
1085 677 1181 731 τοῦ
1226 678 1510 749 προφήτου
1536 678 1565 729 6
1592 677 1726 741 Θεὸς
1749 679 1845 731 καὶ

268 768 471 835 Λόγος,
518 767 578 832 ἐξ
622 768 849 822 ἐκείνων
902 768 1199 840 ἀνδρωθεὶς
1242 770 1338 822 καὶ
1380 770 1606 823 ἐκείνων
1651 770 1843 839 κόσμῳ

264 858 627 928 ὲπεφοίτησεο
694 859 793 912 καὶ
852 858 1132 932 θεηγορῶν
1184 861 1245 913 ὲν
1299 859 1653 929 Εὑαγγελίοις
1708 860 1842 932 φησὶ

265 948 404 1020 πρὸς
442 950 613 1019 ἡμᾶς,
644 950 947 1019 Θαρσεῖτε,
976 950 1091 1020 ἐγὼ
1112 952 1401 1018 νενίκηκα
1431 953 1539 1005 τὸν
1579 954 1836 1021 κόσμον,

264 1043 383 1109 καὶ,
429 1042 596 1106 Ἰδοὺ,
629 1042 860 1097 δέδωκα
888 1043 1031 1112 ὖμῖν
1065 1043 1360 1107 ἐξουσίαν
1390 1043 1600 1098 πατεῖν
1635 1044 1836 1098 ἐπάνω

265 1133 459 1202 ὄφεων
485 1134 585 1188 καὶ
597 1135 933 1203 σκορπίων,
967 1134 1065 1190 καὶ
1083 1134 1181 1188 ἐπὶ
1212 1132 1419 1190 πᾶσαν
1448 1136 1562 1204 τὴν
1581 1135 1840 1206 δύναμιν

263 1223 371 1276 τοῦ
398 1224 644 1292 ἐχθροῦ·
679 1224 805 1294 ἣτις
843 1225 1080 1296 ὑπάρχει
1131 1228 1281 1280 πᾶσα
1321 1227 1532 1297 αἵρεσις
1570 1228 1706 1297 (96).
1746 1227 1837 1281 ’Ev

265 1315 415 1388 πάσῃ
433 1315 491 1369 δὲ
512 1318 673 1388 γενεᾷ
708 1318 801 1371 καὶ
828 1320 989 1390 γενεᾷ
1008 1319 1420 1391 μνημονεύομεν
1448 1320 1542 1374 τοῦ
1568 1321 1836 1393 ὀνόματος

262 1407 499 1479 Χριστοῦ
519 1407 779 1479 ἄρχοντες
793 1410 902 1463 τῶν
926 1410 1185 1465 ἐναντίων
1211 1414 1307 1466 καὶ
1338 1412 1518 1484 κύριοι
1575 1414 1668 1467 ὑπ’
1688 1415 1834 1469 ἐκεί-

262 1517 357 1554 νου
397 1500 765 1565 καταστάντες
804 1501 893 1555 διὰ
916 1502 1011 1556 τοῦ
1044 1503 1449 1575 βαπτίσματος,
1481 1506 1578 1559 καὶ
1627 1505 1723 1560 τοῦ
1775 1509 1833 1562 ὲν

263 1591 411 1663 αὐτῷ
426 1592 721 1665 δοθέντοςζὴ
731 1596 822 1663 μῖν
837 1593 992 1663 ἁγίου
1008 1594 1153 1648 Πνεύ
1161 1612 1347 1666 ματος.
1357 1597 1497 1649 "Arte
1502 1614 1535 1669 ρ
1562 1600 1656 1652 ὲνα
1664 1598 1833 1669 ρέτως

264 1683 507 1754 βιοῦντες
550 1685 832 1756 γεραίρειν
876 1686 1267 1757 σπουδάσωμεν
1284 1727 1298 1753 ,
1332 1688 1536 1759 μηδένα
1581 1690 1769 1744 σπῖλον
1798 1692 1832 1762 ἢ

265 1773 456 1845 μῶμον
483 1774 668 1839 αὐτοῖς
716 1775 776 1841 ἐξ
821 1774 1132 1848 ἀκαθάρτου
1167 1778 1447 1843 πολιτείας
1476 1782 1835 1853 προσιρίὸον-

259 1881 381 1928 τες,
432 1866 640 1936 μήποτε
669 1865 873 1937 κρίνων
918 1867 1127 1938 Ἰησοῦς
1163 1866 1494 1942 διχοτομήσῃ
1522 1873 1693 1942 ἡμᾶς,
1741 1873 1837 1926 καὶ

265 1959 405 2028 μετὰ
435 1957 544 2012 τῶν
579 1959 899 2031 ἀρχομένων
933 1960 1178 2015 ἀπίστων
1233 1962 1605 2040 συναπολὲσῃ,
1648 1968 1731 2032 είς
1774 1967 1838 2021 τὸ

262 2052 373 2123 πῦρ
401 2053 463 2106 τὸ
502 2053 755 2120 αἰώνιον,
793 2056 1112 2128 ἀπορρήξας
1162 2056 1260 2111 τοῦ
1317 2061 1689 2131 πνευματικοῦ
1733 2080 1833 2133 χα-

263 2148 526 2218 ρίσματος
565 2148 660 2202 καὶ
696 2148 1090 2222 βαπτίσματος.
1117 2152 1230 2222 υῦχ
1262 2153 1338 2216 ὥς
1360 2170 1467 2206 τινι
1496 2155 1554 2208 δὲ
1593 2155 1701 2208 τῶν
1733 2172 1837 2227 μυ-

261 2238 496 2307 Οολόγων
535 2239 712 2305 ἔδοξεν
743 2240 900 2314 (96⁸),
940 2242 1110 2307 ἀκοὰς
1141 2243 1239 2313 μὲν
1280 2242 1545 2313 θέλγοντι,
1572 2245 1749 2317 ψυχὰς
1779 2247 1836 2300 δὲ

260 2331 323 2383 οὺ
365 2330 641 2402 τρέφοντι,
687 2333 861 2404 πέρας
892 2334 1003 2401 ἕξει
1029 2335 1062 2405 ἡ
1089 2335 1197 2389 τῶν
1226 2335 1566 2408 ἁμαρτωλῶν
1594 2341 1835 2410 τιμωρία

261 2423 327 2475 ὲκ
355 2421 452 2477 τοῦ
480 2422 697 2478 αἰώνιον
729 2425 887 2496 μόνον
914 2426 1089 2497 φῆσαι
1115 2425 1207 2481 τὸν
1251 2427 1454 2501 Κύριον
1478 2428 1540 2482 τὸ
1574 2430 1838 2503 κολαστή-

258 2529 377 2583 ριον
408 2514 539 2586 πῦρ,
588 2516 685 2569 καὶ
706 2518 813 2571 οὐκ
843 2517 1058 2574 αἰώνιον
1089 2520 1322 2577 αἰώνων.
1356 2523 1469 2577 Οὐκ
1512 2524 1697 2597 ἐπειδὴ
1725 2526 1834 2597 γὰρ

257 2607 289 2659 ὁ
317 2607 604 2679 προφήτης
625 2609 809 2679 φησὶν,
841 2612 947 2674 Eis;
970 2609 1090 2665 τῶν
1109 2612 1313 2676 αἰῶνα,
1344 2614 1540 2683 Κύριε,
1572 2620 1606 2671 ὀ
1643 2617 1834 2687 Λόγος

259 2713 376 2749 σου
408 2696 673 2765 διαμένει
719 2698 790 2751 ἐν
837 2698 918 2764 τῷ
950 2701 1212 2769 οὐρανῷ,
1261 2703 1413 2776 παρὰ
1462 2705 1620 2760 τοῦτο
1673 2709 1835 2780 μέχρι

258 2788 402 2850 τινὸς
425 2788 515 2842 τὸν
536 2788 665 2841 Θεὸν
688 2790 782 2843 καὶ
804 2790 974 2858 Λόγον
995 2792 1052 2845 ὲν
1070 2792 1149 2862 τῷ
1180 2794 1393 2866 οὐρανῷ
1420 2797 1687 2869 ὑπάρχειν
1709 2803 1833 2873 νοή-

260 2890 465 2944 σωμεν,
521 2874 659 2945 μετὰ
698 2875 756 2929 δὲ
796 2876 887 2930 τὸν
924 2876 1097 2933 αἰῶνα
1128 2881 1383 2952 ὲκφοιτᾷν
1417 2882 1527 2937 τῶν
1563 2886 1829 2957 οὐρανῶν.

258 2966 370 3018 Καὶ
422 2966 583 3020 πάλιν
616 2969 645 3019 6
684 2967 848 3030 αὑτός
900 2986 1066 3040 φησι,
1095 2975 1205 3027 Καὶ
1238 2974 1277 3043 ἠ
1320 2975 1571 3043 ἀλήθεια
1612 2982 1833 3048 Κυρίου

252 3060 420 3128 μένει
452 3061 540 3125 εὶς
568 3059 676 3114 τὸν
703 3060 911 3117 αἰῶνα.
941 3059 1067 3134 ’Ἆρ’
1114 3060 1208 3119 οὖν
1256 3068 1393 3138 μετά
1424 3087 1545 3123 τινα
1576 3074 1834 3145 χρονικὴν

258 3152 489 3222 πάροδον
518 3152 618 3205 οὐκ
646 3152 796 3208 ἔσται
817 3153 1069 3225 ἀληθινὸς
1096 3158 1125 3210 6
1152 3159 1377 3232 Κύριος,
1404 3162 1545 3216 κατὰ
1566 3165 1664 3236 τὴν
1692 3184 1835 3233 παρ-

254 3244 427 3299 οινίαν
459 3242 553 3296 τοῦ
581 3244 681 3312 τῆς
718 3245 889 3316 ὀργῆς
933 3247 1252 3319 ἐπωνύμους
1284 3251 1456 3316 Αὐτὸς
1484 3254 1530 3307 6‘
1565 3256 1623 3307 ὲν
1655 3256 1804 3326 Εὑαγ

254 3335 455 3404 γελίοις
497 3339 527 3390 6
554 3338 747 3409 κριτής
785 3355 919 3409 φησι
953 3341 1063 3403 τοῖς
1093 3339 1258 3405 θείοις
1281 3343 1446 3397 αὐτοῦ
1478 3346 1826 3414 ἀποστόλοις,

254 3428 360 3482 Καὶ
387 3429 501 3498 ἐγὼ
524 3430 652 3497 μεθ’
686 3426 853 3497 ὑμῶν
879 3432 1017 3500 εἰμι,
1051 3431 1163 3498 ἕως
1194 3432 1303 3501 τῆς
1333 3440 1691 3503 συντελείας
1722 3441 1829 3495 τοῦ

253 3518 490 3586 αἰῶνος.
540 3515 665 3589 Ἆρ’
692 3516 783 3573 οὖν
816 3519 921 3584 ἕως
950 3522 1139 3591 χρόνου
1173 3525 1489 3580 συνέσεσθαι
1525 3529 1688 3583 αὑτὸν
1714 3536 1828 3597 τοῖς

253 3612 429 3680 ἁγίοις
472 3612 893 3684 ὑπονοήσωμεν,
929 3613 965 3683 ἢ
1004 3614 1202 3684 μᾶλλον
1239 3617 1425 3681 ἀῖδίως
1470 3620 1564 3674 καὶ
1589 3620 1830 3694 ἀπεράν-

251 3721 394 3769 τως;
426 3702 551 3767 Πῶς
583 3704 640 3756 δὲ
668 3704 768 3756 οὐκ
804 3704 1040 3774 ἐσχάτης
1072 3705 1307 3777 ὑπάρχει
1340 3712 1685 3781 φρενητείας,
1728 3715 1829 3768 πέ-

253 3815 358 3870 ρας
388 3796 485 3850 τοῦ
527 3796 723 3861 αἰῶνος
747 3796 1141 3865 δὺποτίθεσθαι,
1170 3798 1264 3852 καὶ
1296 3801 1489 3874 μέχρις
1515 3804 1723 3859 ἐκείνου
1748 3825 1830 3861 τι-

254 3889 579 3962 μωρηθέντα
603 3889 693 3942 τὸν
718 3888 962 3942 διάόολον
991 3889 1107 3960 ἅμα
1137 3890 1245 3944 τῶν
1272 3895 1830 3964 προσαπελασθέντων

253 3981 545 4053 μοχθηρῶν
587 3979 921 4054 ἀνθρώπων,
958 3982 1374 4055 ὲλευθεροῦσθαι
1411 3988 1520 4042 τῶν
1564 3991 1829 4061 ἀλγεινῶν

253 4073 451 4144 μηκέτι
497 4072 918 4144 κολαζομένους
954 4075 1028 4127 Τὸ
1053 4074 1112 4140 ὲξ
1153 4076 1432 4133 ἀντιθέτου
1469 4080 1577 4154 γὰρ
1612 4084 1829 4150 πάντως

248 4167 480 4229 δικαίοις
524 4167 892 4236 συμϐήσεται,
928 4168 1093 4239 μέχρι
1114 4169 1260 4233 τινὸς
1297 4164 1492 4236 αἰῶνος
1542 4178 1829 4249 μακαρίως

252 4255 511 4328 βιώσασι,
555 4256 651 4309 καὶ
689 4256 747 4309 ὲν
789 4255 944 4327 ἀδείᾳ.
975 4256 1135 4309 πάλιν
1182 4256 1498 4331 θνήσκεινῆ
1540 4280 1592 4315 τι
1622 4264 1829 4335 ὑπομέ-

249 4365 396 4411 νειν,
448 4346 847 4418 περαιουμένου
888 4346 985 4399 τοῦ
1035 4348 1159 4401 κατ’
1185 4349 1382 4413 αὐτοὺς
1432 4351 1647 4417 αἰῶνος.
1690 4356 1829 4423 Τοὺς

252 4442 483 4512 μὲνγὰρ
508 4443 586 4504 είς
608 4441 753 4512 ζωὴν
777 4439 1013 4502 αἰώνιον,
1037 4441 1161 4505 τοὺς
1183 4441 1240 4494 δὲ
1263 4443 1343 4507 είς
1366 4443 1588 4499 κόλασιν
1612 4449 1827 4506 αἰώνιον

249 4530 578 4603 πορεύεσθαι
617 4530 645 4582 6
686 4529 877 4600 κριτὴς
928 4529 1262 4599 ἀπεφήνατο.
1326 4532 1565 4604 Ἀνάγκη
1594 4532 1689 4589 οὖν
1724 4555 1825 4591 πε-

254 4623 582 4697 ραιουμένης
624 4621 845 4674 ἐκείνων
878 4621 977 4691 τῆς
1014 4620 1291 4685 κολάσεως
1330 4626 1690 4693 περαιοῦσθαι
1729 4631 1826 4685 καὶ

247 4716 455 4770 τούτων
492 4714 589 4784 τὴν
616 4713 778 4782 ζωὴν,
814 4712 995 4776 καθώς
1025 4730 1187 4782 φασιν
1211 4715 1260 4766 οἱ
1282 4710 1383 4784 τῆς
1406 4715 1575 4783 ὅντως
1602 4720 1825 4794 ἐστερη-

251 4806 409 4877 μένοι
447 4803 622 4873 ζωῆς,
667 4802 778 4856 τῶν
824 4802 1108 4873 ὲγκρατῶν
1157 4802 1255 4866 τὰς
1279 4806 1466 4874 χεῖρας
1506 4808 1822 4876 ἐκλύοντες,

245 4898 327 4959 εἰς
358 4894 530 4965 πέρας
562 4892 834 4954 κολάσεως
872 4892 1067 4955 αὐτοὺς
1095 4892 1536 4963 μετεωρίζοντες.

1634 464 1987 523 DlALOC-US
2019 466 2109 523 ill.

3384 477 3404 530 l
3417 477 3518 531 070

1944 584 2101 637 cibus
2147 599 2176 639 a
2224 585 2331 639 Deo
2390 585 2571 641 verbis
2618 586 2768 642 hisce
2814 588 3101 644 contendit
3151 608 3164 642 :
3222 588 3518 647 Constitues

1944 676 2086 743 ipsos
2111 678 2371 746 principes
2414 694 2570 747 super
2599 680 2898 735 universam
2928 692 3143 736 terram.
3185 680 3390 736 Memor
3428 702 3519 740 ero

1943 769 2171 822 nominis
2199 770 2277 822 tui
2317 769 2374 823 in
2415 771 2560 824 omni
2590 773 2931 841 generatione
2988 786 3038 827 et
3074 775 3411 843 generatione
3448 778 3515 832 ".

1940 859 2209 915 Exaudito
2240 871 2420 917 autem
2456 871 2597 929 vate,
2630 862 2773 919 Deus
2801 864 3039 921 Verbum
3076 866 3330 936 deinceps
3353 868 3517 924 homo

1940 952 2117 1009 factus
2170 954 2278 1009 vati
2334 954 2526 1010 similis
2578 955 2631 1009 in
2680 957 2945 1011 mundum
2996 957 3170 1024 venit,
3218 967 3273 1013 et
3329 971 3517 1015 sancte

1939 1046 2242 1115 praedicans
2283 1046 2336 1100 in
2377 1045 2670 1117 Evangelio
2711 1047 2888 1117 inquit
2928 1047 2995 1102 ad
3043 1064 3144 1103 nos
3184 1067 3198 1104 :
3233 1049 3514 1119 Conﬁdite,

1937 1152 2031 1205 ego
2067 1152 2183 1188 sum
2215 1136 2304 1205 qui
2354 1136 2455 1189 vici
2492 1135 2747 1189 mundum
2788 1136 2856 1191 ⁷⁵.
2896 1138 3029 1192 Item
3053 1179 3067 1203 ,
3100 1139 3235 1193 Ecce
3271 1141 3392 1194 dedi
3424 1159 3513 1195 vo-

1940 1224 2017 1277 bis
2058 1233 2371 1293 potestatem
2413 1224 2657 1279 calcandi
2689 1242 2845 1293 super
2888 1237 3151 1297 serpentes
3190 1240 3242 1282 et
3277 1233 3516 1300 scorpio-

1939 1330 2063 1381 nes,
2105 1325 2154 1368 et
2196 1332 2354 1385 super
2402 1331 2609 1370 omnem
2662 1326 2973 1386 potestatem
3019 1319 3225 1374 inimici
3270 1322 3349 1387 ";
3396 1339 3517 1393 qua:

1937 1406 2156 1475 quidem
2187 1414 2272 1461 est
2307 1406 2485 1461 omnis
2521 1406 2766 1462 haeresis.
2804 1405 2861 1460 In
2911 1410 3060 1464 omni
3093 1414 3439 1479 generatione
3462 1424 3517 1469 et

1938 1499 2289 1570 generatione
2320 1516 2591 1555 memores
2626 1516 2818 1556 sumus
2845 1502 3085 1557 nominis
3108 1502 3337 1569 Christi,
3373 1506 3518 1574 prin-

1936 1593 2086 1662 cipes
2135 1591 2573 1648 adversariorum
2620 1602 2673 1646 et
2701 1592 2915 1646 Domini
2957 1594 3029 1648 ab
3086 1594 3179 1649 illo
3228 1598 3513 1652 constituti

1937 1700 2034 1754 per
2067 1684 2435 1755 baptismum,
2472 1692 2527 1739 et
2569 1699 2663 1754 per
2700 1682 2969 1753 Spiritum
3015 1696 3263 1741 sanctum
3313 1689 3365 1742 in
3420 1689 3514 1743 ba-

1937 1777 2140 1846 ptismo
2180 1776 2338 1831 nobis
2374 1776 2561 1830 datum
2599 1795 2612 1830 :
2643 1792 2766 1847 quae
2790 1777 3007 1848 quidem
3035 1779 3178 1847 duo,
3204 1781 3419 1839 virtutis
3446 1796 3514 1836 ex

1935 1869 2254 1938 prmscripto
2272 1867 2529 1933 vivendo,
2558 1868 2832 1924 honorare
2853 1870 3188 1938 Studeamus,
3217 1873 3363 1927 nulla
3395 1873 3516 1929 labe

1933 1959 2019 2014 vel
2063 1961 2278 2016 macula
2336 1975 2437 2030 per
2487 1959 2756 2029 impuram
2810 1962 3028 2017 vivendi
3081 1962 3349 2018 rationem
3391 1963 3513 2033 ipsa

1936 2061 2309 2123 aspergentes,
2332 2066 2401 2107 ne
2435 2055 2652 2122 quando
2670 2053 2926 2122 judicans
2948 2070 3049 2111 nos
3073 2054 3234 2111 Jesus
3256 2056 3511 2121 dissecet,

1938 2152 1992 2197 et
2049 2158 2174 2198 cum
2224 2142 2489 2214 subjectis
2539 2143 2835 2201 incredulis
2874 2147 3068 2216 perdat
3118 2155 3321 2203 aeterno
3377 2147 3511 2218 igni,

1937 2234 2120 2289 ablato
2154 2234 2425 2305 spirituali
2471 2238 2617 2293 dono
2657 2248 2712 2293 et
2758 2238 3099 2308 baptismate.
3142 2237 3259 2294 Non
3295 2249 3354 2294 ut
3399 2240 3514 2294 cui-

1937 2326 2063 2380 dam
2092 2342 2233 2381 vano
2256 2330 2505 2399 nugatori
2534 2330 2768 2397 videtur,
2792 2345 2953 2386 aures
2982 2330 3198 2401 quidem
3230 2331 3509 2397 mulcenti,

1937 2416 2031 2472 sed
2064 2433 2172 2471 non
2202 2418 2465 2472 nutrienti
2492 2418 2888 2489 animas,quod
2920 2420 3084 2475 ﬁnem
3112 2420 3508 2476 sitbabiturum

1938 2520 2282 2579 peccatorum
2314 2510 2675 2581 supplicium,
2705 2521 2991 2582 proplerea
3018 2511 3165 2582 quod
3191 2510 3513 2581 simpliciter

1936 2611 2150 2656 tantum
2175 2610 2438 2656 aeternum
2471 2601 2673 2658 dixerit
2700 2600 2969 2658 Dominus
3010 2604 3189 2673 ignem
3226 2602 3509 2673 supplicii,

1936 2708 2044 2749 non
2089 2702 2353 2749 aeternum
2409 2695 2461 2747 in
2501 2695 2848 2751 aeternitates.
2883 2693 3003 2749 Non
3043 2695 3187 2750 enim
3230 2706 3511 2765 propterea

1934 2788 2081 2857 quod
2126 2786 2306 2858 inquit
2350 2796 2521 2855 vates,
2562 2786 2631 2842 In
2675 2798 2953 2851 cateruam,
2994 2787 3238 2853 Domine,
3287 2786 3510 2841 Verbum

1936 2891 2085 2933 tuum
2114 2892 2381 2950 permanet
2402 2885 2457 2935 in
2486 2882 2613 2936 caelo
2633 2882 2715 2937 ":
2752 2882 2874 2937 ideo
2890 2881 3248 2951 aliquousque
3262 2879 3433 2936 Deum
3458 2891 3513 2935 ct

1934 2969 2172 3026 Verbum
2210 2972 2263 3025 in
2306 2973 2446 3027 cmlo
2485 2988 2607 3027 esse
2636 2973 3038 3042 intelligamus,
3083 2980 3209 3042 post
3247 2972 3507 3027 saeculum

1933 3073 2112 3118 autem
2142 3065 2297 3119 cmlis
2320 3063 2522 3134 egredi.
2550 3064 2613 3119 Et
2642 3065 2843 3119 iterum
2869 3065 3047 3134 inquit
3069 3064 3213 3119 idem
3250 3083 3264 3118 :
3300 3063 3507 3118 Veritas

1935 3155 2149 3210 Domini
2182 3164 2358 3210 manet
2396 3156 2451 3209 in
2488 3166 2744 3210 internum
2769 3158 2835 3212 ⁷⁷.
2879 3154 3021 3212 Num
3062 3157 3227 3228 igitur
3258 3166 3379 3227 post
3410 3157 3510 3210 ali-

1932 3264 2093 3319 quem
2141 3249 2405 3319 temporis
2451 3264 2798 3319 progressum
2838 3265 2943 3304 non
2984 3250 3088 3304 erit
3131 3266 3291 3305 verax
3324 3248 3510 3304 Domi-

1934 3357 2058 3404 nus,
2094 3341 2394 3396 secundum
2430 3341 2764 3396 dementiam
2792 3340 2947 3411 ejus,
2981 3341 3075 3411 qui
3106 3340 3175 3395 ab
3199 3341 3277 3396 ira
3305 3356 3510 3410 cegno-

1934 3434 2174 3487 minatus
2220 3432 2343 3487 est?
2384 3430 2559 3487 Etiam
2611 3433 2727 3503 ipse
2774 3432 2829 3486 in
2874 3413 3171 3503 Evangelia
3224 3432 3401 3502 inquit
3439 3433 3507 3486 ad

1930 3533 2153 3580 sanctos
2207 3539 2339 3579 suos
2392 3524 2675 3594 apostolos
2721 3521 3028 3594 :Equidem
3076 3523 3338 3578 vobiscum
3389 3540 3503 3577 sum

1930 3630 2095 3685 usque
2133 3616 2202 3668 ad
2249 3616 2755 3669 consummationem
2804 3614 2988 3669 seaculi
3032 3615 3098 3669 ⁷⁸.
3152 3614 3292 3669 Num
3342 3616 3509 3686 igitur

1930 3706 1998 3761 ad
2049 3715 2264 3775 tempus
2314 3706 2478 3760 modo
2536 3722 2662 3760 cum
2716 3706 2833 3761 suis
2889 3706 3092 3761 sanctis
3149 3707 3325 3777 ipsum
3389 3706 3507 3761 fore

1930 3800 2371 3871 suspicabimur?
2403 3814 2471 3854 an
2499 3799 2683 3869 potius
2721 3808 2981 3854 aeternum
3016 3807 3070 3854 et
3117 3799 3325 3869 absque
3360 3798 3504 3854 ﬁne?

1929 3892 2213 3960 Quomodo
2244 3906 2376 3947 vero
2409 3906 2514 3945 non
2540 3899 2626 3947 est
2648 3901 2905 3946 extremae
2930 3890 3175 3954 insaniae,
3209 3891 3501 3945 terminum

1929 3982 2250 4038 mternitatis
2275 3980 2631 4044 constituere,
2657 3987 2710 4033 et
2736 3994 2800 4034 eo
2825 3994 2998 4047 usque
3019 3979 3197 4049 poenis
3220 3978 3504 4033 excrucia-

1928 4083 2044 4128 tum
2097 4073 2373 4129 diabolum
2423 4088 2533 4127 una
2576 4088 2701 4127 cum
2761 4071 3035 4141 adjun‘ctis
3074 4070 3177 4125 sibi
3219 4068 3502 4137 ﬂagitiosis

1929 4168 2247 4224 hominibus
2278 4168 2460 4222 dicere
2502 4165 2758 4235 deinceps
2805 4179 2835 4217 a
2875 4162 3209 4218 cruciatibus
3266 4162 3505 4217 liberan-

1926 4259 2093 4325 dum,
2136 4274 2236 4313 nec
2270 4257 2504 4328 amplius
2549 4255 2923 4327 puniendum?
2970 4252 3318 4307 Contrarium
3353 4268 3502 4306 enim

1927 4369 2157 4422 prorsus
2178 4352 2391 4408 eveniet
2427 4351 2616 4421 justis,
2657 4357 2959 4429 postquam.
2980 4346 3046 4401 ad
3082 4345 3301 4415 aliquod
3330 4360 3505 4400 secu-

1926 4447 2040 4501 lum
2098 4446 2255 4500 beate
2306 4443 2566 4507 vixerint,
2625 4450 2684 4495 ut
2728 4441 2782 4494 in
2817 4438 3109 4495 securitate
3148 4452 3345 4492 rursus
3389 4451 3506 4489 mo-

1928 4538 2165 4599 riantur,
2199 4535 2285 4590 vcl
2333 4534 2543 4603 aliquid
2579 4533 2878 4603 patiantur,
2916 4544 3111 4599 nempe
3148 4536 3372 4598 peracto
3403 4541 3507 4579 suo

1928 4627 2169 4692 saeculo;
2212 4641 2337 4679 nam
2370 4625 2472 4680 hos
2515 4625 2734 4695 quidem
2765 4624 2821 4678 in
2862 4623 3028 4676 vitam
3058 4628 3351 4684 aeternam,
3382 4617 3507 4671 illos

1925 4727 2107 4773 autem
2155 4717 2221 4771 ad
2250 4725 2512 4771 aztemum
2549 4713 2876 4784 supplicium
2907 4712 3153 4767 abituros
3182 4708 3347 4779 judex
3374 4721 3502 4778 pro-

1922 4810 2160 4867 nuntiat.
2191 4805 2424 4863 Necesse
2455 4806 2617 4878 igitur
2637 4814 2756 4868 est,
2787 4813 2848 4858 ut
2879 4810 3100 4873 peracto
3123 4802 3338 4855 illorum
3371 4815 3503 4869 sup-

1921 4902 2104 4973 plicio,
2153 4900 2477 4955 terminetur
2519 4906 2573 4953 et
2616 4898 2813 4951 borum
2856 4896 2989 4957 vita,
3036 4893 3501 4964 quemadmodum

243 4993 438 5045 volunt
475 4988 723 5041 homines
758 4999 884 5039 vera
914 4985 1022 5039 vita
1069 4985 1295 5054 privati,
1324 4987 1417 5056 qui
1454 5004 1649 5046 manus
1682 4993 1990 5052 vinctorum
2020 4997 2270 5059 solvunt,
2303 5008 2370 5049 ac
2402 4991 2646 5047 futurum
2681 4988 2934 5060 supplicii
2964 4989 3125 5042 tinem
3161 4987 3504 5056 praedicando

242 5085 461 5139 animos
488 5096 675 5137 eorum
707 5081 1022 5134 eﬁecerunt.

319 5176 459 5232 Πολὺ
500 5175 556 5228 δὲ
599 5173 707 5225 τῶν
752 5172 880 5241 περὶ
908 5171 1006 5240 τῆς
1052 5168 1298 5241 γλώττης
1330 5172 1709 5241 προκειμένων
1754 5178 1820 5246 τῇ

243 5270 394 5343 ῥύμῃ
428 5266 523 5321 τοῦ
568 5265 727 5333 λόγου
770 5262 1268 5331 ἁποφοιτήσαντες,
1317 5262 1478 5315 πάλιν
1528 5266 1615 5316 ἐπ’
1651 5267 1819 5339 αὐτὴν

242 5361 705 5430 ὡκυποδήσωμεν.
761 5355 934 5407 Ὠτων
964 5355 1072 5424 γὰρ
1128 5355 1223 5407 καὶ
1264 5353 1517 5423 γλωττῶν
1569 5356 1742 5427 μέγας
1788 5360 1818 5412 ὁ

244 5453 508 5515 κίνδυνος.
555 5449 646 5502 Διὸ
677 5450 769 5501 καὶ
809 5446 1013 5519 ταύτην
1051 5446 1154 5501 ὑπὸ
1188 5446 1282 5500 6'50
1311 5446 1534 5517 χειλέων
1560 5453 1818 5521 φρουρεῖ-

316 5569 363 5601 ⁷³
396 5565 541 5621 Psal.
586 5580 736 5625 κων,
783 5562 870 5628 l7,
915 5562 1001 5617 i8.
1075 5562 1121 5592 ⁷⁸
1161 5558 1318 5615 Joan.
1385 5577 1497 5627 ινι,
1532 5563 1615 5617 5'5.
1726 5565 1771 5595 ⁷⁵
1803 5563 1934 5619 Luc.
1971 5582 2026 5622 κ.
2063 5566 2144 5621 19.

234 5639 285 5673 ⁷⁸
302 5638 487 5693 Matth.
530 5650 717 5698 xxvm,
752 5632 842 5687 20.

310 5754 423 5823 (96)
460 5754 722 5821 Αἵρεσις.
788 5752 848 5803 ln
912 5746 1146 5823 vulgatis
1198 5741 1616 5823 ai‘reagc,_quae
1674 5758 1807 5823 sane

236 5812 717 5881 lectio'coutextui
766 5812 1047 5888 repugnat.
1098 5812 1670 5888 Emendutio'debetur
1701 5812 1811 5867 Co-

235 5898 354 5956 tel.,
392 5893 539 5949 Man.
565 5893 692 5946 eccl.
723 5885 982 5947 GrXto'm.
1014 5888 1082 5947 ll,
1114 5902 1168 5954 ι).
1204 5885 1328 5938 διε.

307 5951 442 6037 (9ϋ⁶)
479 5966 575 6031 Ὠς
606 5979 721 6018 τινι
775 5959 892 6015 τῶν
931 5951 1285 6029 μυθολόγων
1330 5951 1561 6017 ἔδοξεν.
1604 5952 1813 6008 Auctor

2005 5176 2203 5233 Verum
2257 5175 2326 5231 ab
2380 5175 2445 5229 iis
2499 5187 2621 5242 quae
2671 5170 2909 5225 orationi
2972 5181 3173 5224 nostraa
3227 5168 3503 5239 propesita

1929 5282 2104 5336 erant,
2148 5271 2352 5339 impetu
2402 5265 2561 5336 quasi
2613 5264 2849 5334 quodam
2898 5260 3172 5317 sermonis
3212 5275 3314 5314 nos
3356 5259 3505 5314 abri-

1928 5363 2110 5433 piente
2138 5357 2391 5430 digressi,
2425 5355 2492 5409 ad
2521 5353 2769 5408 eamdem
2800 5352 2965 5408 celeri
2991 5367 3157 5406 cursu
3192 5351 3499 5405 redeamus.

1926 5454 2155 5507 Aurium
2180 5449 2429 5505 videlicet
2450 5447 2876 5516 linguarumque
2904 5458 3163 5512 magnum
3195 5441 3501 5512 periculum

2254 5564 2301 5596 ⁷⁸
2342 5562 2489 5618 Psal.
2519 5575 2722 5625 cum,
2753 5558 2843 5613 89.
2960 5557 3005 5589 "
3046 5556 3190 5614 Psal.
3227 5572 3381 5621 τινι,
3442 5557 3498 5611 2.

1918 5745 2006 5818 hic
2060 5744 2347 5818 0rigenem
2400 5749 2575 5817 carpit
2630 5763 2834 5818 :quem
2884 5747 3216 5818 pauloipost
3276 5744 3501 5818 manili.»

1922 5817 2063 5889 stius
2109 5816 2335 5889 indicati
2366 5818 2651 5889 inquiens,
2686 5816 2780 5871 τοῦ
2810 5816 2910 5888 τῆς
2959 5816 3454 5889 ὀργῆς-ἐωνρειου
3481 5838 3497 5872 :

1920 5889 1989 5942 ab
2017 5887 2186 5958 ὀργῆς
2211 5882 2481 5942 nimirum'
2500 5888 2782 5961 Ὡριγένης
2806 5882 3102 5944 deducens.
3128 5884 3264 5941 Εοιτ
3311 5885 3498 5942 Ριιιιε.
