4112 6380
557 452 693 511 1071

550 578 656 631 est.
692 567 1035 638 Quapropter
1071 573 1130 621 et
1166 565 1409 635 linguam
1440 564 1544 620 sub
1565 563 1782 620 duobus
1833 564 1994 619 labiis
2031 577 2130 618 cu-

553 660 912 720 stodiribeus
947 659 1220 732 sapienter
1239 659 1492 724 instituit,
1517 659 1658 720 intra
1682 658 1924 714 dentium
1955 657 2133 712 ﬁrma-

556 763 802 810 mentum
876 753 1051 823 ipsam
1119 751 1525 820 constringens,
1585 757 1645 804 ut
1707 758 1817 805 tam
1876 757 2132 804 accurata

552 845 800 910 adhibita
847 844 1099 911 custodia
1138 858 1169 898 a
1200 841 1345 908 facili
1394 853 1546 896 mctu
1580 840 1947 896 cohiberetur.
1994 837 2133 894 Nam

556 952 683 992 cum
737 937 790 991 in
847 935 1078 996 humido
1127 935 1232 990 sita
1280 932 1373 1000 sit,
1427 933 1720 1002 aliquando
1757 931 1975 1002 quidem
2020 946 2138 992 rna-

557 1027 842 1083 ledicendo
890 1025 1142 1094 faetorem
1186 1030 1389 1089 movet,
1415 1023 1710 1094 aliquando
1744 1037 1876 1078 vero
1909 1021 2138 1084 benedi-

558 1119 734 1172 cendo
761 1117 992 1172 scaturit
1021 1116 1346 1186 hymnorum
1375 1121 1703 1176 concentum
1729 1111 1966 1167 offerens
1999 1110 2133 1166 Deo.

562 1209 702 1265 Cum
735 1205 942 1261 Davide
973 1201 1137 1274 igitur
1154 1218 1356 1259 canere
1380 1203 1643 1270 debemus
1667 1217 1682 1255 :
1705 1202 1870 1268 Pone,
1891 1201 2137 1266 Domine.

561 1298 859 1360 custodiam
891 1297 974 1352 ori
999 1313 1136 1360 meo,
1165 1305 1216 1362 et
1249 1295 1446 1358 ostium
1471 1293 1736 1358 munitum
1765 1293 1966 1359 circum
1992 1291 2140 1356 labia

563 1405 679 1443 mea
711 1389 779 1441 ".
807 1386 1022 1458 Quippe
1043 1400 1167 1450 cum
1212 1394 1399 1440 tenera
1446 1382 1518 1438 sit
1547 1389 1601 1438 et
1639 1383 1916 1449 volubilis,
1951 1381 2140 1438 faciles

564 1480 729 1546 habet
755 1479 812 1534 in
846 1493 983 1545 voce
1018 1477 1375 1546 deflexiones,
1407 1475 1477 1531 ab
1506 1475 1674 1543 omini
1715 1490 1849 1532 voce
1878 1475 1995 1545 ipsa
2032 1473 2116 1540 dif
2123 1503 2141 1516 -

566 1571 770 1628 ferens.
818 1569 1049 1638 Garrula
1090 1569 1238 1640 enim
1284 1576 1370 1623 est
1422 1566 1679 1630 hirundo,
1723 1575 1777 1636 et
1815 1576 2139 1637 perpetuum

567 1661 783 1731 strepit.
817 1659 986 1715 Dulce
1012 1673 1144 1716 vero
1163 1656 1422 1728 quiddam
1454 1664 1632 1714 turtur
1664 1665 1844 1724 sonat,
1871 1665 1927 1716 et
1953 1656 2146 1724 solitu-

568 1751 718 1812 dinis
754 1761 838 1806 est
872 1765 1084 1818 amans.
1116 1748 1317 1812 Cicada
1353 1762 1551 1803 sonum
1579 1749 1809 1814 exilem,
1849 1748 2016 1806 veluti
2051 1762 2146 1818 per

570 1844 810 1909 fistulam
847 1841 995 1906 edit;
1023 1832 1227 1911 clarigit
1259 1854 1394 1897 voce
1419 1854 1573 1910 grus,
1611 1839 1869 1902 columba
1903 1854 2149 1896 murmu-

570 1946 676 2004 rat,
702 1951 830 2003 ursa
854 1934 1095 2005 suspirat
1125 1945 1179 2002 et
1207 1949 1399 2004 vocem
1424 1933 1645 2000 mollem
1677 1932 1872 2000 habet;
1897 1931 2150 2002 mugiens

575 2040 766 2084 taurus
814 2027 990 2092 instar
1051 2026 1230 2092 tubae;
1282 2026 1368 2082 leo
1417 2025 1598 2095 rugitu
1652 2039 1754 2079 suo
1797 2023 2145 2079 solitudinem

574 2120 856 2185 concutit;
899 2117 1071 2173 allicit
1114 2117 1179 2171 ad
1216 2132 1275 2172 se
1317 2116 1546 2182 vitulum
1587 2115 1838 2186 mugieus
1883 2113 2148 2184 iuvenca;

571 2211 902 2268 crocitantcs
955 2209 1227 2264 clamores
1270 2207 1420 2262 corvi
1452 2207 1714 2278 populum
1767 2206 2152 2277 perturbantes

577 2301 870 2363 emittunt;
903 2312 1124 2364 carmen
1167 2297 1480 2352 luctuosum
1513 2296 1749 2356 bubonis
1778 2303 1883 2362 est,
1913 2295 2155 2366 nuptiale

579 2407 709 2458 vero
739 2390 868 2446 tibia
890 2397 1069 2456 sonat,
1091 2387 1435 2444 mortiferum
1462 2388 1615 2452 tuba,
1639 2386 1981 2454 saltatorium
2015 2387 2153 2457 lyra,

582 2481 1020 2552 tripudiatorium
1059 2488 1400 2555 tympanum.
1447 2477 1642 2532 Omnia
1680 2493 1809 2534 vero
1845 2479 1900 2533 in
1938 2479 2158 2532 univer-

580 2587 706 2630 sum
749 2586 778 2625 a
818 2570 1105 2638 dulcisona
1150 2568 1434 2638 hominum
1486 2583 1620 2630 voce
1656 2576 2006 2640 superantur.
2053 2567 2157 2624 Ubi

582 2651 729 2721 enim
774 2663 831 2719 in
874 2662 1010 2733 ipsis
1034 2669 1120 2720 est
1165 2671 1370 2726 nostrae
1403 2659 1601 2728 linguae
1630 2658 2028 2730 signiﬁcantia,
2077 2659 2161 2714 vel

581 2755 942 2835 perspicuitas
962 2793 978 2818 ,
1009 2753 1095 2810 vel
1128 2760 1424 2819 accuratus
1462 2751 1552 2818 ille
1595 2765 1768 2812 sonus
1788 2789 1803 2814 ,
1833 2750 1918 2806 vel
1944 2750 2164 2805 concin-

584 2849 748 2914 nitas,
785 2846 873 2902 vel
913 2844 1162 2911 suavitas
1183 2843 1208 2898 ‘I
1229 2843 1564 2914 Hirqndiues
1607 2843 1986 2900 columbarum
2012 2859 2164 2900 mur-

587 2955 710 3004 mur
756 2935 1155 3008 gemebundum
1223 2951 1333 2990 non
1399 2934 1730 3006 intelligunt,
1783 2950 1962 3006 neque
2001 2950 2166 3006 grues

587 3044 868 3096 anserum,
911 3043 1090 3098 neque
1141 3034 1342 3082 noctua
1395 3026 1717 3091 seleucidis,
1757 3034 1852 3080 aut
1897 3027 2164 3096 alcyonis,

587 3133 682 3179 aut
709 3122 977 3194 pavonis;
1011 3134 1190 3190 neque
1233 3118 1442 3190 reliqua
1479 3119 1777 3182 animantia
1813 3119 1972 3173 bruta
2005 3133 2168 3173 voces

592 3213 923 3284 alienigenas
952 3218 1174 3274 norunt,
1195 3209 1286 3265 sed
1326 3225 1502 3280 neque
1535 3224 1636 3275 nos
1671 3209 1788 3264 illas
1823 3209 2169 3279 interpretari

594 3307 673 3360 vel
704 3305 983 3374 declarare
1020 3317 1335 3374 possumus.
1382 3295 1518 3368 Quis
1556 3301 1700 3356 enim
1740 3303 1876 3360 sciet
1905 3301 2034 3372 quid
2083 3301 2171 3355 leo

596 3397 862 3472 significet
889 3396 1133 3467 rugiens,
1164 3395 1292 3464 quid
1320 3393 1462 3454 idem
1501 3402 1694 3450 taurus
1728 3393 1976 3464 mugiens
1996 3435 2011 3460 ,
2039 3392 2169 3464 quid

593 3504 727 3554 vero,
765 3488 1014 3552 halantes
1059 3487 1202 3541 inter
1239 3485 1430 3550 haedos
1459 3483 1626 3541 oves?
1677 3484 1870 3538 Omnia
1913 3498 2044 3538 vero
2075 3488 2174 3538 lio-

601 3581 809 3649 minum
839 3577 1108 3645 facundia:
1131 3585 1471 3647 cognoscunt
1492 3575 1931 3648 signiﬁcantiam.
1959 3574 2174 3629 Vocan-

597 3672 743 3736 tibus
783 3671 933 3744 enim
984 3670 1294 3742 pastoribus
1338 3671 1605 3734 accedunt
1636 3685 1794 3737 oves,
1836 3667 2174 3730 minantibus

598 3773 780 3830 autem
827 3777 1023 3832 rursus
1068 3762 1350 3817 secedunt.
1387 3761 1653 3834 Caprario
1691 3766 1992 3836 clangente,
2034 3760 2173 3814 hirci

600 3872 630 3909 a
667 3854 918 3924 frugibus
939 3852 1232 3920 resiliunt,
1265 3862 1321 3916 et
1352 3868 1420 3910 ex
1454 3853 1600 3908 arvis
1641 3853 1949 3918 declinant;
1983 3849 2177 3905 simili-

601 3958 686 4002 ter
713 3933 888 4017 equus
916 3953 971 4015 et
999 3945 1179 4002 mulus
1219 3953 1273 4000 et
1302 3944 1534 4010 asellus,
1565 3945 1786 4015 quando
1821 3944 1887 3999 ad
1926 3943 2173 3998 dextram

603 4037 846 4108 quidem,
906 4044 1003 4091 aut
1062 4036 1282 4107 quando
1325 4035 1394 4092 ad
1443 4037 1722 4092 sinistram
1771 4036 2009 4090 eundum
2067 4045 2171 4103 est,

605 4127 841 4182 humana
881 4126 1068 4200 lingua
1095 4127 1459 4183 instruuntur.
1479 4127 1660 4194 Canes
1696 4138 1876 4182 autem
1909 4127 1976 4182 ad
2007 4128 2176 4182 latra-

604 4233 718 4276 tum
761 4219 1129 4290 prosllientes,
1166 4219 1212 4274 si
1257 4219 1514 4275 inclamet
1554 4219 1742 4281 herus,
1779 4220 2174 4284 extimescunt,

605 4321 659 4364 ιιι
690 4307 836 4364 illico
859 4309 928 4370 ad
968 4308 1358 4378 quiescendum
1399 4309 1683 4364 sedantur.
1720 4309 2017 4364 Considera
2052 4325 2180 4366 vero

608 4399 736 4453 mihi
777 4405 832 4452 et
873 4413 1032 4467 suem
1073 4408 1369 4464 errantem,
1418 4413 1482 4453 ac
1526 4414 1660 4454 voce
1685 4400 1919 4469 pastoris
1961 4401 2029 4454 ab
2088 4416 2179 4456 er-

611 4505 739 4546 rorc
773 4499 1167 4559 recurrentem.
1213 4489 1519 4561 Aliquoties
1568 4483 1734 4546 etiam
1790 4493 1940 4555 canis
1972 4508 2182 4564 caprea:

607 4583 868 4651 insistens
917 4597 1104 4647 cursu.
1147 4591 1434 4652 postquam
1460 4583 1678 4656 longius
1717 4599 1750 4639 a
1797 4596 2055 4640 venatore
2095 4601 2182 4640 re-

607 4674 855 4740 cesserit,
880 4672 924 4740 si
953 4674 1149 4730 fistula:
1175 4674 1392 4746 sibilum
1415 4676 1632 4730 eminus
1659 4677 1948 4742 audiverit,
1979 4676 2177 4732 latratu

608 4765 859 4830 vicissim
893 4765 1215 4835 respondet,
1259 4765 1523 4822 invocans
1549 4768 1812 4832 auxilium
1847 4769 1968 4838 eius
2008 4783 2037 4822 a
2072 4783 2182 4838 quo

609 4857 714 4912 fuit
755 4855 1016 4924 emissus.
1059 4856 1256 4926 Aspice
1299 4872 1429 4911 vero
1473 4868 1527 4912 et
1564 4859 1942 4922 columbarum
1982 4874 2184 4915 convo-

611 4951 773 5012 Iatus,
814 4947 1090 5018 quomodo
1136 4946 1329 5002 ﬁstula:
1371 4947 1530 5003 sibilo
1568 4948 1755 5005 audito
1799 4940 1920 5020 ejus
1956 4951 2048 5021 qui
2091 4967 2184 5007 eas

606 5039 868 5109 possidet,
907 5039 1080 5093 instar
1113 5038 1274 5094 nubis
1306 5038 1373 5094 ad
1411 5040 1776 5098 columbarias
1811 5051 1991 5098 turres
2022 5043 2185 5098 devo-

609 5130 740 5186 lent.
769 5127 944 5184 Omne
972 5131 1102 5184 item
1131 5127 1554 5185 instrumentum
1587 5133 1854 5189 musicum
1897 5135 1961 5190 ad
1989 5135 2184 5203 linguae

607 5230 810 5276 nostra:
845 5235 1012 5276 sonos
1058 5221 1410 5289 percussione
1463 5238 1659 5278 manus
1700 5233 1936 5294 aptatur.
1980 5225 2184 5297 Estque

609 5327 736 5367 vere
763 5311 1102 5380 admirabile,
1129 5314 1404 5382 quomodo
1429 5329 1552 5369 cum
1581 5325 1688 5370 tam
1721 5331 1884 5385 parva
1917 5317 1988 5372 sit
2016 5327 2179 5387 atque

607 5409 817 5466 tenera,
835 5399 1103 5480 duplicem
1126 5408 1304 5470 tamen
1329 5403 1640 5460 facultatem
1667 5406 1860 5471 habeat
1877 5446 1892 5473 ,
1927 5408 2180 5478 gustandi

610 5491 870 5546 nimirum
920 5491 1128 5558 haliitu,
1169 5502 1224 5550 et
1269 5493 1610 5551 discernendi
1659 5505 1774 5551 tum
1818 5507 2012 5553 natura
2067 5507 2180 5554 tum

610 5583 923 5652 disciplina,
975 5583 1134 5652 idque
1191 5597 1290 5654 per
1329 5587 1651 5656 sapientiam
1709 5589 1828 5659 ejus
1874 5589 1968 5660 qui
2007 5589 2179 5661 ipsam

611 5673 836 5737 creavit,
876 5673 942 5726 ad
999 5688 1216 5727 onmem
1254 5675 1527 5732 sufﬁciens
1568 5679 1838 5734 sermonis
1889 5688 2095 5735 motum
2131 5687 2186 5735 et

608 5771 851 5840 gustum.
909 5761 1013 5826 Qui
1072 5777 1202 5816 vero
1252 5778 1349 5834 per
1407 5780 1526 5821 eam
1576 5780 1684 5822 non
1737 5774 1958 5837 peccat,
2009 5767 2055 5821 is
2107 5768 2186 5821 rir

683 5923 729 5957 '"
759 5923 901 5980 Psal.
932 5939 1054 5990 est,
1097 5926 1151 5982 5.

1613 452 1670 507 S.
1709 447 2014 508 CAESARI!
2052 444 2390 505 GREGORII
2434 443 2739 502 FRATRIS

3674 439 3836 496 10τὶ

2237 560 2363 616 σθαι
2401 560 2463 614 τὸ
2488 559 2642 613 Θεῖον
2665 559 2952 627 ὲσοφίσατο
2971 573 2985 588 ο
3021 556 3285 628 ἐνδοτέρω
3317 555 3411 621 τοῦ
3445 555 3556 610 τῶν
3581 557 3832 612 ὀδόντων

2237 651 2559 722 ἐρείσματος
2619 650 2792 720 αὑτὴν
2844 647 3220 719 ἐναποδήσας,
3269 648 3334 701 ἵν’
3385 648 3664 715 ἀσφαλοῦς
3721 650 3832 702 τοῦ

2239 743 2497 815 φρουρίου
2545 741 2906 812 τυγχάνοντος
2955 741 3055 811 τῆς
3097 740 3348 803 εὐκολίας
3382 740 3830 812 σωφρονίζηται.

2250 835 2340 888 Ἐν
2373 833 2524 905 ὑγρῷ
2553 832 2664 905 γὰρ
2694 833 2954 903 κειμένη,
2997 832 3128 885 ποτὲ
3167 832 3267 902 μὲν
3313 831 3631 904 λοιδοροῦσα
3683 836 3838 885 κινεῖ

2239 927 2538 994 δυσωδίαν,
2585 925 2717 982 ποτὲ
2759 924 2816 978 δὲ
2864 922 3194 993 εὑλογοῦσα,
3255 924 3491 993 πηγάζει
3543 922 3842 996 ὑμνῳδίαν

2241 1019 2360 1091 Θεῷ
2397 1019 2762 1090 ἀναφέρουσα.
2806 1019 2964 1074 Κατὰ
2994 1017 3159 1074 Δαόὶδ
3199 1015 3378 1074 τοίνυν
3410 1017 3501 1069 τὸν
3533 1015 3840 1070 θεσπέσιον

2243 1111 2388 1184 ᾅδειν
2413 1112 2720 1183 ὀφείλομεν,
2747 1113 2884 1178 Θοῦ,
2911 1112 3111 1180 Κύριε,
3140 1107 3432 1179 φυλακὴν
3460 1107 3540 1172 τῷ
3567 1107 3843 1178 στόματί

2238 1222 2391 1273 μου,
2444 1204 2542 1258 καί
2587 1205 2778 1273 θύραν
2819 1202 3109 1274 περιοχῆς
3161 1202 3296 1270 περὶ
3343 1199 3418 1256 τὰ
3469 1201 3644 1270 χείλη
3666 1218 3836 1270 μουο

2244 1296 2427 1368 ἁπαλὴ
2447 1298 2554 1369 γὰρ
2577 1294 2713 1352 οὖσα
2733 1297 2826 1352 καὶ
2846 1296 3146 1368 εὑστροφος
3178 1295 3343 1366 ῥᾴους
3365 1293 3482 1364 ἔχει
3513 1294 3613 1358 τὰς
3638 1296 3842 1363 ἐκτρο-

2246 1387 2356 1450 πὰς
2386 1389 2453 1458 τῇ
2485 1389 2668 1457 φωνῇ,
2702 1387 2885 1458 πάσης
2913 1385 3098 1456 φωνῆς
3128 1383 3484 1456 διαφέρουσα.
3514 1386 3692 1451 Δᾶλος
3731 1387 3840 1457 μὲν

2247 1478 2319 1547 γὰ
2325 1495 2359 1550 ρ
2373 1479 2406 1549 ἡ
2418 1478 2640 1548 χελιδὼν
2656 1479 2750 1546 καὶ
2767 1477 3113 1547 άείφθογγος,
3129 1475 3476 1546 γλυκὸφωνος
3491 1475 3547 1536 δὲ
3564 1477 3597 1547 ἡ
3610 1477 3840 1547 τρυγὼν

2248 1570 2344 1624 καὶ
2371 1569 2690 1642 φιλέρημος,
2718 1571 2747 1624 6
2773 1568 2950 1634 τέττιξ
2973 1567 3380 1641 συριγγὸφωνος
3405 1568 3630 1640 βραχὺς,
3662 1568 3841 1637 κλαγ-

2249 1659 2493 1728 γόφωνος
2553 1662 2581 1714 6
2627 1661 2892 1731 γέρανος,
2937 1661 2972 1730 ἡ
3016 1659 3314 1732 περιστερὰ
3368 1659 3740 1731 γογγύστρια,
3798 1663 3841 1732 ἠ

2250 1744 2450 1822 ἄρκτος
2481 1751 2715 1824 στεναρὰ
2743 1751 3084 1808 ὲκδεδυκῶσα
3113 1752 3207 1810 καὶ
3228 1751 3458 1814 ὕπουλος
3477 1770 3493 1785 ·
3528 1754 3783 1824 μυκαρδς
3809 1756 3842 1807 6

2249 1843 2450 1915 ταῦρος
2481 1844 2623 1898 κατὰ
2667 1845 2943 1913 σάλπιγγα
2961 1860 2978 1876 ·
3019 1845 3049 1898 6
3084 1843 3221 1902 λέων
3254 1844 3542 1914 βρυκτικὸς
3578 1846 3842 1900 διασείων

2248 1933 2348 2004 τὴν
2377 1935 2616 2006 ἔρημον·
2666 1934 2814 1990 ἕλκει
2858 1935 2995 2006 πρὸς
3041 1935 3241 2006 ἑαυτὴν
3287 1936 3379 1989 τὸν
3411 1937 3613 2007 μόσχον
3647 1955 3840 2007 μυκω-

2255 2025 2390 2096 μένη
2439 2024 2706 2096 δάμαλιςο
2747 2025 2994 2097 κραυγὰς
3041 2028 3091 2079 οἱ
3141 2027 3376 2097 κόρακες
3425 2026 3840 2098 δημοθορύὸους

2251 2117 2508 2185 ἀφίασιν·
2565 2116 2726 2186 μέλος
2769 2117 2962 2188 γοερὸν
3009 2117 3088 2189 τῷ
3144 2118 3502 2188 νυκτικὸρακι
3552 2118 3837 2187 πέφυκεν·

2251 2208 2491 2278 γαμικὸν
2519 2208 2575 2263 δὲ
2607 2210 2730 2279 ἠχεῖ
2770 2211 2798 2264 6
2822 2209 3003 2274 αὐλὸς,
3034 2209 3253 2280 φονικὸν
3293 2210 3327 2280 ἢ
3371 2208 3635 2277 σάλπιγξ,
3665 2211 3842 2280 ὀρχη-

2255 2299 2439 2353 στικὸν
2485 2300 2520 2371 ή
2558 2300 2803 2372 πήττυς,
2856 2299 3175 2373 χορευτικδν
3216 2299 3272 2354 δὲ
3306 2299 3404 2356 καὶ
3440 2300 3502 2352 τὸ
3531 2302 3840 2370 τύμπανον.

2255 2393 2440 2446 Πάντα
2463 2392 2519 2446 δὲ
2543 2392 2679 2464 ὁμοῦ
2702 2396 2801 2466 τῆς
2837 2393 3043 2466 βροτῶν
3081 2393 3393 2465 ήδυφωνίας
3428 2393 3693 2448 λείπεται.
3725 2395 3843 2448 Ποῦ

2257 2484 2364 2555 γὰρ
2384 2484 2441 2536 ὲν
2463 2483 2646 2547 αὐτοῖς
2682 2484 2782 2555 τῆς
2806 2485 3082 2555 ἡμετέρας
3104 2484 3348 2556 γλώττης
3392 2485 3454 2538 τὸ
3483 2484 3728 2558 εὔσημον
3743 2525 3763 2552 ,
3807 2486 3844 2556 ἢ

2257 2573 2485 2648 τρανὸν,
2529 2574 2563 2646 ἢ
2618 2575 2879 2645 εὐμελὲς,
2924 2575 2958 2646 ἦ
2995 2574 3270 2648 εὔρυθμον
3304 2576 3400 2646 καὶ
3441 2576 3743 2647 ήδύτατονς
3775 2579 3848 2634 Δί

2261 2666 2528 2738 χελιδόνες
2551 2666 2660 2720 τῶν
2683 2667 3020 2740 περιστερῶν
3043 2668 3136 2721 τὸν
3164 2669 3476 2740 γογγυσμὸν
3505 2669 3608 2723 οὑκ
3635 2670 3845 2734 ἴσασιν,

2261 2757 2384 2811 οὑδὲ
2417 2758 2641 2828 γέρανοι
2684 2759 2794 2812 τῶν
2835 2759 3036 2830 χηνῶν,
3073 2761 3192 2819 οὑδὲ
3217 2761 3430 2832 γλαύκη
3469 2763 3572 2834 τῆς
3595 2763 3849 2816 σελευκί-

2262 2849 2370 2915 δος,
2397 2849 2431 2921 ἢ
2458 2849 2717 2914 ὰλκύονος
2743 2849 2777 2922 ἢ
2809 2850 3034 2918 ταῶνος,
3056 2852 3178 2906 οὑδὲ
3209 2853 3278 2906 τὰ
3296 2852 3458 2908 λοιπὰ
3488 2855 3601 2909 τῶν
3630 2855 3855 2924 ἀλόγων

2264 2938 2363 3003 τὰς
2409 2939 2716 3008 ἀλλογενεῖς
2757 2941 2940 3010 φωνάς
2989 2942 3310 3010 ἐπίστανται
3335 2983 3351 3008 ,
3384 2943 3499 3000 ἀλλ’
3527 2944 3653 3000 οὐδὲ
3683 2947 3854 3019 ἡμεῖς

2267 3032 2484 3096 ὲκείνας
2536 3033 2856 3105 ἑρμηνεύειν
2905 3035 2938 3106 ἢ
2985 3036 3303 3106 σαφηνίζειν
3349 3038 3699 3110 πεφύκαμεν.
3754 3043 3856 3107 Τίς

2268 3122 2374 3194 γὰρ
2422 3122 2626 3176 εἵσεται
2654 3123 2708 3178 τί
2735 3123 2836 3192 μὲν
2870 3126 2899 3178 6
2929 3125 3070 3179 λέων
3106 3127 3361 3196 σημαίνει
3386 3127 3725 3200 βρυχόμενος
3744 3173 3763 3198 ,
3799 3133 3857 3186 τί

2269 3213 2326 3275 δὲ
2374 3215 2403 3267 6
2449 3214 2649 3286 ταῦρος
2693 3214 3042 3286 μυκώμενος;
3091 3216 3148 3280 τί
3196 3217 3253 3270 δὲ
3292 3217 3598 3291 βληχόμενα
3641 3222 3860 3292 μεταξὺ

2271 3305 2379 3360 τῶν
2419 3307 2623 3377 ἐρίφων
2656 3308 2727 3362 τὰ
2771 3307 3053 3382 πρόδαταῖ
3089 3310 3274 3366 Πάντα
3303 3312 3361 3366 δὲ
3392 3313 3490 3386 τῆς
3759 3317 3860 3370 εὑ·-

2272 3399 2538 3468 γλωττίας
2583 3400 2938 3471 ἐπιγινώσκει
2982 3401 3044 3456 τὸ
3083 3401 3342 3474 εὔσημον.
3380 3404 3706 3462 Καλούντων
3739 3409 3858 3481 γὰρ

2272 3490 2381 3544 τῶν
2417 3491 2712 3561 ποιμένων,
2747 3490 2954 3561 ἐγγίζει
2984 3493 3052 3547 τὰ
3083 3495 3351 3566 πρόϐατα,
3383 3495 3752 3558 ἀπειλούντων
3771 3501 3858 3558 δὲ.

2274 3576 2431 3640 αὖθις
2472 3582 2768 3654 ὑποχωρεῖ.
2821 3583 2927 3638 Τοῦ
2980 3585 3202 3640 αἰπόλου
3249 3587 3748 3657 ὲπικλαγγάζοντος
3807 3595 3860 3646 οἱ

2275 3672 2469 3744 τράγοι
2507 3672 2616 3728 τῶν
2655 3673 2883 3743 καρπῶν
2929 3675 3277 3744 ἁφαλῶνται,
3327 3677 3424 3738 καὶ
3458 3678 3569 3732 τῶν
3595 3679 3861 3754 ἀρουρῶν

2278 3762 2640 3819 ἐκκλίνουσιν.
2704 3763 2980 3828 Ὡσαύτως
3033 3765 3090 3820 δὲ
3137 3767 3302 3832 ἵππος
3351 3767 3448 3822 καὶ
3491 3767 3714 3839 ἡμίονος
3757 3773 3863 3827 καὶ

2280 3853 2404 3924 βοῦς
2431 3854 2522 3908 καὶ
2545 3853 2860 3932 ὑποζύγιον⁴
2882 3852 3012 3909 πότε
3035 3856 3134 3926 μὲν
3153 3855 3325 3926 δεξιά,
3351 3855 3484 3912 πότε
3509 3857 3570 3912 δὲ
3595 3858 3864 3932 εὐώνυμα

2277 3945 2478 4015 ὀφείλει
2519 3931 2878 4016 πορεύεσθαι,
2918 3949 2986 4018 τῇ
3030 3946 3238 4018 βροτῶν
3267 3946 3484 4024 γλώττῃ
3511 3931 3859 4010 παιδεύεται.

2278 4037 2455 4100 Κύνες
2491 4037 2548 4091 δὲ
2601 4037 2739 4108 πρὸς
2786 4037 2992 4111 ὑλακὴν
3022 4039 3363 4111 ὲξαλλόμενοε
3403 4044 3468 4112 τῇ
3501 4043 3716 4114 ἐπακοῇ
3754 4043 3863 4099 τοῦ

2279 4125 2542 4197 ἠχοῦντος
2570 4129 2907 4208 πτήσαντες,
2949 4129 3142 4183 θᾶττον
3173 4130 3305 4200 πρὸς
3333 4133 3568 4208 ἠρεμίαν
3604 4133 3867 4204 κομίζον-

2277 4235 2386 4272 ται.
2437 4216 2546 4270 Θέα
2581 4217 2642 4271 δέ
2680 4235 2769 4287 μοι
2825 4219 2920 4271 καί⁹
2964 4217 3061 4278 σῦν
3100 4220 3478 4292 πλανωμένην,
3518 4225 3582 4294 τῇ
3614 4222 3674 4276 δὲ
3702 4229 3864 4296 φωνῇ

2279 4306 2374 4361 τοῦ
2419 4307 2676 4378 νέμοντος
2719 4307 2819 4376 τῆς
2865 4307 3075 4381 πλάνης
3125 4310 3549 4374 ἐπαναθέουσαν.
3599 4312 3762 4367 Κύων
3803 4316 3865 4368 δὲ

2282 4395 2541 4459 πολλάκις
2563 4395 2779 4467 δορκάδι
2802 4397 3034 4452 ἐπιθέων
3064 4399 3160 4454 καὶ
3185 4401 3374 4473 πόρρω
3403 4401 3501 4456 τοῦ
3528 4402 3865 4476 θηρολέκτου

2283 4487 2745 4559 συναπεφοίτησε·
2778 4489 2868 4543 τὸν
2907 4489 2965 4543 δὲ
3008 4492 3272 4562 συριγμὸν
3305 4494 3643 4562 ἐπακούσας,
3681 4497 3863 4570 ὑλακῇ

2281 4578 2734 4649 ἀνταπεκρίνατο,
2758 4580 3122 4651 ἐπιϐοώμενος
3150 4582 3405 4653 βοήθειαν
3431 4587 3583 4655 παρὰ
3619 4586 3716 4640 τοῦ
3759 4591 3868 4644 ἐπ-

2283 4670 2720 4735 αποστείλαντος.
2759 4671 2948 4744 Ἀθρει
2993 4672 3058 4744 δὴ
3112 4675 3207 4729 καὶ
3251 4675 3359 4729 τῶν
3391 4679 3733 4748 περιστερῶν
3794 4685 3870 4737 τὰ

2287 4761 2679 4831 συμπτήματα,
2708 4761 2826 4826 πῶς
2839 4762 2934 4815 τοῦ
2958 4764 3226 4835 συριγμοῦ
3254 4766 3542 4821 ὲπαῖουσαι
3559 4769 3652 4822 τοῦ
3670 4771 3874 4842 ἡχοῦνυ

2285 4869 2377 4914 τος
2412 4851 2639 4922 νεφηδὺν
2689 4851 2782 4904 ἐπὶ
2829 4852 2927 4915 τὰς
2963 4853 3184 4925 pappet;
3229 4855 3608 4922 καθίπτανται.
3638 4860 3755 4913 Πᾶν
3805 4862 3869 4916 δὲ

2291 4942 2546 5014 μουσικὸν
2590 4942 2819 5014 ὄργανον
2860 4943 2995 5015 πρὸς
3025 4945 3092 4997 τὰ
3121 4946 3222 5017 τῆς
3250 4946 3496 5018 γλώττης
3526 4949 3684 5019 ήμῶν
3717 4951 3873 5023 ἀπη-

2287 5035 2511 5106 χήματα
2549 5034 2613 5104 τῇ
2644 5033 2826 5103 πληγῇ
2863 5033 2963 5104 τῆς
3013 5036 3192 5105 χειρὸς
3219 5036 3516 5092 εὐθύνεται.
3545 5040 3655 5106 Καὶ
3694 5039 3876 5106 ὅντως

2291 5123 2604 5194 θαυμαστὸν
2622 5163 2637 5190 ,
2688 5123 2804 5186 πῶς
2829 5125 2861 5195 ἡ
2896 5123 3124 5195 βραχεῖα
3171 5127 3266 5186 καὶ
3296 5128 3479 5199 ἁπαλὴ
3505 5129 3690 5200 διττῆς
3717 5133 3877 5203 ἔνερ-

2289 5216 2446 5284 γείας
2476 5214 2744 5286 ὑπάρχει,
2788 5215 3048 5286 γευστικὴ
3083 5215 3248 5281 ἕξεως
3295 5219 3388 5273 καὶ
3419 5219 3728 5292 διακριτικὴ
3761 5224 3877 5290 φύ-

2292 5305 2427 5367 σεώς
2457 5321 2515 5357 τε
2545 5304 2637 5356 καὶ
2685 5303 2966 5370 παιδείας,
2999 5309 3064 5378 τῇ
3101 5308 3262 5379 σοφία
3288 5308 3382 5363 τοῦ
3417 5310 3875 5384 δημιουργήων-

2290 5413 2408 5460 τος,
2466 5394 2600 5466 πρὸς
2656 5395 2838 5448 πᾶσαν
2891 5397 3137 5467 ἀρκοῦσα
3191 5399 3348 5469 λόγου
3403 5402 3615 5472 κίνησίν
3654 5421 3716 5456 τε
3770 5407 3878 5459 καὶ

2291 5485 2496 5556 γεῦσιν.
2543 5487 2600 5538 'O
2633 5485 2690 5538 δὲ
2733 5486 2792 5538 ὲν
2825 5486 2961 5558 αὐτῇ
2997 5489 3071 5560 μὴ
3102 5491 3449 5561 ἁμαρτάνων,
3483 5489 3662 5561 οὗτος
3709 5496 3879 5566 ἀνὴρ

2287 5577 2508 5649 μέγας,
2559 5576 2820 5644 δυνατὸς
2879 5581 3367 5652 χαλιναγωγῆσαι
3437 5585 3534 5647 καὶ
3599 5585 3749 5640 ὅλον
3796 5591 3879 5643 τὸ

2292 5667 2463 5738 σῶμα
2481 5710 2496 5735 ,
2530 5668 2695 5738 φησὶν
2724 5667 3053 5722 ἐπιστέλλων
3077 5673 3142 5742 τῇ
3173 5673 3263 5742 ὑφ’
3286 5673 3422 5746 ἡλίῳ
3445 5677 3474 5729 6
3499 5676 3638 5740 θεῖος
3679 5679 3882 5732 Ἰάκω-

2295 5764 2405 5827 60;.
2462 5761 2702 5824 Ὀδόντες
2751 5760 2842 5814 καὶ
2895 5761 3030 5833 ὁμοῦ
3081 5766 3468 5838 συνεργοῦντες
3510 5770 3694 5843 ἐκείνῃ
3729 5773 3881 5842 πρὸς
