4112 6380
284 348 423 403 M75

279 462 580 529 διάλεκτον,
617 462 845 535 ἰσχυρὰν
870 462 1009 537 αὑτῇ
1045 466 1409 538 παρεχόμενοι
1437 468 1572 539 πρὸς
1594 469 1685 523 τὸν
1712 472 1866 540 λόγον

281 559 382 628 τὴν
425 557 778 629 ἀντίρρησιν,
820 558 983 614 οἱονεὶ
1024 560 1301 632 πλήκτρου
1348 562 1570 633 χορδαῖς
1608 565 1867 636 κιννύρης

285 649 766 721 προσκρουομένης
829 653 1017 720 αὐτῆς.
1081 652 1248 720 Ὀμοῦ
1302 653 1360 705 δὲ
1410 656 1504 708 καὶ
1530 658 1736 727 τροφῆς
1769 659 1871 711 ὑπ-

284 740 477 812 ηρέται
513 742 822 811 πεφύκασιν
844 784 857 807 ,
884 745 933 797 οἱ
967 743 1067 815 μὲν
1105 743 1424 815 τέμνοντες,
1474 747 1523 799 οἱ
1573 746 1629 800 δέ
1680 748 1871 801 λεπτύ-

286 844 490 899 νοντες.
545 835 729 906 Τομῆς
781 835 879 906 μὲν
916 838 965 889 oi
1006 834 1337 907 ἔμπροσθεν,
1372 838 1530 908 μύλοι
1555 839 1611 893 δὲ
1650 841 1697 892 οἱ
1728 840 1871 893 ἐνδό-

287 938 471 993 τεροι,
524 923 613 977 διά
656 925 716 977 τὺ
752 925 1144 981 ἀπολεπτύνειν
1190 927 1285 980 καὶ
1318 927 1550 982 λεαίνειν
1602 930 1671 981 τὰ
1709 946 1871 1001 προσ-

290 1014 535 1085 αγόμενα
559 1015 909 1087 καταλλήλως
946 1017 1290 1087 καλούμενοι.
1334 1019 1399 1072 Ἡ
1423 1020 1481 1073 δὲ
1512 1019 1597 1090 ῥὶς
1629 1022 1750 1083 ταῖς
1772 1038 1871 1074 πα⁸

294 1108 465 1177 ρειαίς
523 1107 910 1177 μεσιτεύουσα,
961 1107 1247 1177 ἐφέλκεται
1302 1110 1400 1180 μὲν
1439 1112 1533 1164 καὶ
1564 1111 1868 1166 ἀντιδίδωσι

291 1194 382 1247 τὸν
428 1196 599 1268 ἀέρα,
649 1196 1037 1269 ἐξοχετεύουσα
1092 1200 1187 1253 καὶ
1235 1199 1328 1254 τὸν
1370 1203 1435 1254 ἐκ
1473 1202 1582 1255 τῶν
1627 1203 1869 1274 κρανίων

297 1286 501 1357 ἰχῶρα,
552 1287 613 1341 τὸ
653 1289 854 1353 εὑῶδες
896 1291 1287 1363 ἐπισπωμένη,
1338 1292 1399 1346 τὸ
1427 1293 1473 1346 δ’
1498 1295 1743 1348 ἐναντίον
1774 1312 1868 1365 μυ-

278 1377 596 1450 σαττομένη
617 1396 630 1409 ⁸
660 1380 852 1445 ίούλοις
880 1381 937 1435 δὲ
961 1381 1061 1447 τὰς
1094 1384 1325 1455 παρειὰς
1350 1386 1646 1449 σκιάζουσα
1664 1427 1679 1451 ,
1707 1388 1871 1458 ἡνίκα

294 1465 394 1535 τὴν
439 1467 786 1540 μειρακοειδῆ
812 1469 906 1523 καί⁸
941 1469 1171 1526 ἄστατον
1212 1472 1430 1543 ἡλικίαν
1455 1477 1521 1545 τῇ
1552 1476 1873 1550 καθεστώσῃ

296 1555 651 1629 ἀμείψωμεν,
695 1559 766 1614 τά
809 1562 946 1633 πρὸς
990 1563 1051 1616 τὸ
1089 1563 1190 1635 ζῇν
1239 1566 1733 1635 περισκοποῦντεςο
1786 1569 1875 1641 δη-

297 1645 518 1717 λούσης,
550 1644 723 1719 οἶμαι,
747 1649 847 1721 τῆς
872 1651 1087 1721 φύσεως
1112 1654 1274 1728 μέχρι
1296 1656 1419 1709 τότε
1451 1658 1611 1728 μόνον
1649 1660 1875 1727 αὐξάνε-

301 1736 447 1801 σθαι,
479 1738 702 1794 καὶτῶν
723 1742 902 1796 πόνων
935 1743 1147 1799 ἐκεῖθεν
1174 1744 1462 1803 ἅπτεσθαι.

1663 351 2012 415 DlALOGUS
2041 354 2130 415 lli.

3401 348 3544 405 107‘

1973 488 2194 544 magnus
2239 482 2335 537 est,
2373 473 2462 542 qui
2504 477 2674 542 potest
2717 469 2872 541 quasi
2920 469 3067 539 frena
3107 465 3339 522 cohibere
3381 469 3547 523 etiam

1967 572 2136 616 totum
2157 578 2345 631 corpus
2366 562 2436 627 ⁸ο,
2456 562 2632 632 inquit
2652 560 2898 616 scribens
2924 558 2992 615 ad
3015 558 3288 629 quoslibet
3309 557 3413 613 sub
3431 558 3550 612 sole

1964 654 2123 709 divus
2180 653 2269 707 ille
2306 652 2564 708 Jacobus.
2622 651 2824 707 Dentes
2880 650 3101 721 quidem
3150 664 3259 704 una
3292 664 3418 704 cum
3457 649 3551 703 illa

1965 754 2335 815 cooperantur
2369 744 2437 799 ad
2478 745 2749 799 sermonis
2788 742 2984 798 scitam
3024 740 3549 812 pronuntiationem,

1969 836 2184 891 ﬁrmam
2215 836 2289 891 illi
2328 836 2630 907 praebentes
2669 834 2736 888 ad
2782 846 3093 889 sermonem
3132 831 3549 901 exprimendum

1972 928 2444 999 repercussionem
2463 966 2481 992 ,
2512 927 2682 981 veluti
2710 926 2757 981 si
2785 926 3051 996 plectrum
3074 924 3296 979 chordis
3325 923 3552 979 cithara:

1970 1020 2247 1074 allidatur.
2294 1016 2471 1071 Simul
2514 1026 2698 1072 autem
2743 1024 2798 1071 et
2832 1015 2940 1071 cibi
2987 1015 3223 1069 ministri
3254 1022 3417 1080 sunt;
3458 1013 3551 1067 alii

1974 1112 2195 1181 quidem
2226 1109 2560 1173 incidentes,
2587 1108 2678 1161 alii
2706 1122 2837 1162 vero
2865 1110 3231 1161 attenuantes.
3266 1104 3443 1173 Atque
3469 1105 3554 1158 iu-

1976 1202 2203 1257 cisionis
2241 1200 2460 1271 quidem
2495 1201 2706 1269 priores
2737 1208 2901 1263 sunt,
2930 1199 3167 1253 molares
3193 1202 3374 1251 autem
3407 1195 3552 1250 inle-

1976 1295 2173 1357 riores,
2205 1292 2285 1347 sic
2308 1290 2563 1361 appellati
2605 1298 2733 1359 apto
2753 1288 3050 1353 vocabulo,
3082 1286 3229 1358 quod
3261 1292 3556 1342 extenuent

1975 1396 2031 1443 et
2065 1388 2442 1443 comminuam
2480 1387 2713 1456 ingesta.
2764 1385 2941 1440 Nasus
2988 1393 3170 1438 autem
3218 1382 3361 1436 inter
3388 1384 3556 1449 genas

1979 1482 2216 1535 medium
2241 1488 2453 1541 tenens,
2484 1478 2709 1532 attrahit
2732 1485 2787 1533 et
2816 1476 3001 1531 reddit
3032 1482 3181 1537 aera,
3208 1472 3459 1527 derivans
3488 1476 3557 1526 e‘x

1979 1571 2155 1640 capite
2196 1569 2487 1638 liquorem,
2521 1574 2577 1621 et
2612 1567 2818 1621 bonum
2865 1564 3087 1632 quidem
3130 1560 3354 1616 odorem
3389 1568 3559 1613 attra-

1980 1662 2151 1727 hens,
2192 1660 2533 1715 contrarium
2585 1662 2768 1712 antem
2823 1655 3102 1725 rejiciens.
3172 1650 3355 1706 Prima
3429 1644 3559 1705 vero

1979 1751 2148 1807 barba
2197 1766 2365 1823 genas
2404 1750 2556 1820 tegit,
2604 1748 2824 1818 quando
2865 1746 3130 1827 puerilem
3179 1752 3235 1798 et
3285 1733 3593 1797 inlirmam'

299 1841 512 1929 aetatem
551 1850 675 1929 cum
738 1839 1420 1929 robustapermutamus,
1472 1844 1540 1899 ad
1578 1858 1642 1900 ea
1685 1860 1808 1916 quae
1846 1846 1913 1903 ad
1952 1848 2079 1901 Vita:
2140 1846 2521 1901 necessitatem
2569 1844 2863 1914 pertinent,
2909 1841 3153 1895 animum
3219 1838 3562 1909 adjicientes,

302 1926 563 1980 iunuente
621 1926 706 1998 (ut
744 1928 1005 2002 arbitror)
1048 1938 1276 1999 natura,
1329 1947 1397 1988 eo
1452 1942 1662 1989 tantum
1711 1951 1887 2007 usque
1921 1937 2197 1992 hominem
2232 1949 2498 2000 crescere,
2527 1943 2582 1988 ct
2604 1930 2732 1988 inde
2759 1933 2977 1988 labores
3006 1938 3311 2001 capessere.

371 2063 643 2138 Εὗκαιρον
668 2068 850 2123 τοίνυν
880 2068 1259 2142 συμμελῳδεϊν
1280 2071 1430 2143 ἡμᾶς
1454 2070 1534 2143 τῷ
1565 2072 1750 2141 Aemo,
1783 2072 1882 2139 Ὠς

304 2157 678 2228 ἐμεγαλύνθη
697 2161 771 2213 τὰ
790 2160 935 2230 ἔργα
960 2179 1100 2223 σου,
1131 2163 1307 2231 Κύριε
1324 2179 1338 2192 ·
1370 2162 1568 2217 πάντα
1596 2166 1666 2218 ἐν
1694 2166 1883 2235 σοφίᾳ

304 2249 601 2316 ἐποίησας
619 2268 634 2283 ο
676 2252 736 2305 ἐν
772 2251 917 2306 οὕτω
944 2253 1175 2325 βραχείᾳ
1202 2257 1267 2327 τῇ
1298 2255 1512 2327 κεφαλῇ
1539 2257 1722 2320 πάσας
1750 2259 1882 2329 ἡμῖν

307 2338 405 2400 τὰς
428 2339 761 2408 τιμιωτέρας
786 2339 1070 2411 αίσθήσεις
1100 2342 1411 2414 ἐνθέμενος,
1446 2346 1660 2415 ὅρασιν,
1687 2348 1881 2418 ἀκοὴν,

310 2428 519 2495 γεῦσιν.
572 2429 859 2502 ὄσφρησιν,
905 2434 1076 2501 ἐγγὺς
1100 2434 1345 2505 ἀλλήλων
1374 2437 1606 2508 ὁμόρους
1634 2439 1881 2509 δομίσας,

315 2519 619 2590 μηδετέρας
638 2521 818 2574 αὐτῶν
845 2522 1242 2589 ἐπισκοτούσας
1265 2528 1331 2596 τῇ
1366 2527 1618 2599 ἐνεργείᾳ
1646 2529 1744 2599 τῆς
1768 2530 1884 2598 γεί-

311 2627 483 2674 τονος.
520 2610 641 2665 Οὐδ’
676 2608 744 2665 αὑ
785 2612 946 2667 πάλιν
972 2615 1109 2686 πρὸς
1140 2619 1366 2681 ταύταις
1395 2621 1527 2689 ἡμῖν
1558 2620 1884 2691 ὑπάρχουσι,

314 2700 454 2773 πλὴν
489 2703 590 2773 τῆς
642 2704 732 2757 διὰ
770 2704 882 2759 τῶν
914 2706 1115 2778 χειρῶν
1141 2710 1307 2780 ἁφῆς.
1340 2712 1415 2763 Εὐ
1440 2750 1456 2766 .
1491 2751 1505 2766 .
1535 2751 1549 2766 .
1583 2751 1597 2766 .
1634 2750 1649 2766 .
1688 2753 1701 2766 .
1737 2731 1830 2785 ρος
1859 2715 1889 2767 ὁ

315 2792 489 2866 αὐχὴν
526 2795 621 2849 καὶ
649 2796 983 2871 σύμμετρος,
1018 2800 1157 2854 ἀλλὰ
1185 2802 1253 2854 δι’
1282 2803 1446 2855 αὑτὸν
1489 2804 1833 2875 ούρανόπτης
1860 2805 1889 2857 ὀ

314 2887 635 2959 ἄνθρωπος’
670 2891 705 2962 ἡ
745 2889 910 2946 είκὼν
938 2894 967 2946 ὁ
1001 2891 1160 2964 ὀρθὸς
1202 2895 1495 2965 πρόσωπος
1515 2912 1530 2927 ·
1560 2891 1673 2949 οἷον
1713 2897 1891 2968 στύλῳ

318 2979 525 3052 κεφαλῇ
557 2982 998 3055 ἐπερηρεισμένη
1016 3000 1032 3016 ο
1062 2984 1271 3056 κεφαλὴ
1294 2986 1642 3058 καταλλήλως
1664 2991 1729 3060 τῇ
1763 3005 1890 3041 συν-

317 3068 508 3143 εργείᾳ
533 3071 628 3125 τοῦ
653 3071 881 3143 αὐχένος
908 3074 1199 3145 κλινομένη
1229 3076 1322 3129 καὶ
1345 3077 1697 3131 άνανεύουσα.
1724 3078 1892 3131 Πέντε

316 3160 466 3233 δεξιᾷ
522 3164 687 3234 χειρὶ,
732 3165 979 3219 τοσοῦτοι
1023 3165 1081 3218 δὲ
1130 3167 1227 3220 καὶ
1270 3170 1336 3238 τῇ
1381 3167 1510 3239 λαιᾷ
1556 3169 1895 3240 ὑπάρχοντες

320 3247 600 3302 δάκτυλον
645 3250 706 3305 ἐν
756 3252 941 3315 αὐτοῖς
985 3252 1045 3305 δὲ
1085 3252 1187 3324 τὴν
1242 3255 1436 3325 χέρσον
1486 3255 1776 3327 τέμνομεν,
1828 3257 1897 3310 τά

320 3338 421 3409 ὅρη
461 3338 885 3409 μεταλλεύομεν,
908 3341 1007 3404 τάς
1040 3343 1249 3413 κρήνας
1273 3344 1465 3396 ἀντλοῦ
1474 3362 1595 3415 μεν,
1619 3347 1896 3415 ποταμοὺς

328 3428 829 3500 μεταρυθμίζομεν.
880 3430 958 3483 Δι’
1004 3431 1184 3485 αὐτῶν
1228 3433 1514 3498 καλωδίοις
1573 3436 1671 3489 καὶ
1723 3434 1899 3499 ξύλοις

325 3520 767 3591 ποντοποροῦμεν
799 3520 899 3591 τὴν
936 3521 1191 3586 ἄϐυσσον,
1223 3523 1573 3595 καταλλήλως
1606 3524 1699 3579 τοῦ
1735 3524 1899 3578 πνεύ-

329 3628 498 3680 ματος
520 3610 590 3664 τά
622 3610 764 3664 ίστία
795 3611 896 3681 τῆς
927 3612 1056 3682 νηὸς
1094 3612 1411 3684 ἀνέλκομεν,
1443 3615 1539 3668 καὶ
1567 3616 1693 3679 τοὺς
1711 3616 1901 3679 οἴακας

331 3695 602 3767 ἰθύνομεν,
657 3695 830 3767 θῆρας
863 3696 1171 3767 ἀνημέρους
1212 3697 1537 3769 ζωγροῦμεν
1572 3700 1667 3753 καὶ
1716 3701 1903 3754 τιθασ-

332 3787 582 3858 σεύομεν.
613 3789 753 3858 κήτη
785 3788 1156 3859 σαγηνεύομεν
1192 3784 1399 3859 βουνοῖς
1425 3790 1520 3843 καὶ
1549 3790 1701 3862 ὄρεσι
1737 3792 1903 3861 μεγέ-

331 3879 415 3933 θει
454 3880 837 3951 παραπλήσια,
860 3882 953 3934 καὶ
982 3880 1102 3950 ὄψει
1133 3881 1375 3953 φοϐερά·
1407 3882 1499 3935 τὸν
1528 3882 1667 3953 ἀέρα
1695 3883 1907 3954 τρυγῶ-

335 3989 458 4042 μεν,
487 3976 602 4036 τοῖς
626 3972 893 4043 καλάμοις
915 3973 1010 4027 τοῦ
1045 3972 1156 4037 ίξοῦ
1187 3973 1256 4029 τά
1284 3974 1509 4045 ἀερόΰια
1544 3975 1905 4048 χειρούμενοι.

333 4064 407 4116 Τὸ
438 4064 496 4117 δὲ
526 4064 636 4135 πῦρ
680 4064 853 4129 οὕτως
888 4065 987 4137 μὲν
1029 4065 1254 4137 σφοδρὸν
1300 4066 1401 4136 τὴν
1443 4066 1643 4139 ὁρμὴν,
1680 4067 1909 4139 φοϐερὸν

332 4158 391 4210 δὲ
439 4157 538 4228 τὴν
568 4158 736 4230 ἁφὴν,
766 4158 1097 4227 λυμαντικόν
1136 4175 1195 4210 τε
1226 4159 1319 4211 καὶ
1359 4158 1531 4228 βίαιον
1559 4160 1658 4231 τὴν
1695 4160 1909 4232 κίνησιν

333 4249 412 4319 τῷ
463 4250 716 4322 ἡμετέρῳ
760 4249 945 4320 σκοπῷ
996 4250 1289 4321 ὑπουργεῖν
1350 4249 1667 4322 βιαζόμεθα,
1710 4254 1803 4305 καὶ
1844 4256 1910 4323 τῇ

336 4342 567 4395 ἑκάστου
596 4340 787 4413 γνώμῃ
818 4342 1388 4413 ωμμεταὸάλλεσθαι.
1424 4343 1511 4397 Ἐν
1527 4344 1709 4409 αὑτοῖς
1733 4345 1791 4397 δὲ
1819 4346 1913 4397 καὶ

338 4435 521 4497 πόλεις
564 4434 871 4505 ἐγείρομεν,
922 4435 1016 4488 καὶ
1060 4436 1320 4503 ἐπάλξεσι
1357 4437 1451 4490 καὶ
1494 4437 1716 4509 τειχίοις
1766 4455 1916 4509 περι-

336 4526 627 4595 ϐάλλομεν,
659 4526 971 4595 σφενδόναις
1001 4528 1096 4579 καὶ
1127 4526 1303 4592 τόξοις
1329 4529 1425 4582 καὶ
1445 4529 1653 4601 ἑτέροις
1678 4530 1916 4601 ἀμυντη-

340 4618 477 4686 ρίοις
497 4615 666 4679 αὐτὰς
683 4615 1121 4681 καθοπλίζοντες.
1155 4618 1340 4687 Βραχὺ
1367 4618 1466 4688 μὲν
1496 4619 1590 4671 καὶ
1618 4619 1913 4690 περιφερὲς

338 4706 432 4758 καὶ
478 4704 848 4777 ἀδιάρθρωτον
874 4707 936 4759 τὸ
976 4706 1075 4777 τῆς
1108 4707 1337 4776 καρδίας
1371 4708 1604 4779 ὑπάρχει
1646 4710 1911 4780 ὅργανονο

340 4800 398 4849 ἐν
435 4796 581 4867 αὐτῷ
608 4798 664 4850 δὲ
691 4799 784 4851 καὶ
828 4797 907 4867 τῷ
948 4799 1257 4870 ἐγκεφάλῳ,
1301 4799 1431 4868 περὶ
1458 4800 1616 4863 Θεοῦ,
1667 4802 1915 4870 ἀγγέλων

342 4891 433 4942 καὶ
460 4890 836 4960 ἀρχαγγέλων,
868 4891 1119 4960 οὐρανοῦ,
1157 4892 1282 4962 γῆς,
1315 4890 1584 4962 θαλάττης
1615 4894 1708 4946 καὶ
1737 4895 1917 4962 πάσης

340 4981 477 5051 ὁμοῦ
536 4983 635 5053 τῆς
681 4983 910 5045 κτίσεως
957 4982 1354 5054 βουλευόμεθα·
1406 4986 1570 5038 οἱονεὶ
1610 4986 1835 5055 ταμείου
1881 4987 1914 5057 ἢ

342 5074 604 5145 φρουρίου
629 5074 964 5144 ὑπάρχοντος
983 5075 1083 5143 τῆς
1110 5076 1347 5146 ζωτικῆς
1378 5077 1437 5127 ἐν
1459 5077 1589 5147 ἡμῖν
1619 5077 1800 5139 αίτίας
1826 5078 1919 5130 καὶ⁹

349 5164 536 5235 ῥώμης
550 5162 644 5217 τοῦ
667 5164 1020 5234 περικαρδίου
1049 5166 1380 5236 πνεύματος.
1425 5167 1577 5219 Ἐπεὶ
1600 5162 1691 5221 οὖν
1714 5168 1921 5239 κρήνην

344 5254 469 5310 τινὰ
499 5255 594 5308 καὶ
619 5255 793 5326 ἀρχὴν
821 5258 919 5325 τῆς
960 5257 1235 5327 ἡμετέρας
1284 5256 1432 5329 ζωῆς
1472 5259 1609 5329 μετὰ
1651 5260 1785 5313 Θεὸν
1820 5260 1922 5329 τὴν

348 5348 575 5420 καρδίαν
625 5350 758 5418 ἡμῖν
796 5348 972 5414 ἔδοξεν
1025 5350 1314 5421 ὑπάρχειν,
1368 5352 1462 5421 ἀφ’
1511 5350 1577 5423 ἧς
1629 5352 1924 5415 αὑλοειδεῖς

347 5441 505 5509 πόροι
537 5437 850 5503 πολυειδῶς,
881 5440 1069 5512 ἔτερος
1108 5443 1174 5495 δι’
1208 5444 1396 5511 ἐτέρου
1431 5444 1782 5515 διαφυόμενοι
1816 5444 1921 5515 ὅλῳ

349 5533 425 5603 τῷ
442 5532 673 5603 σώματι,
704 5533 765 5586 τὸ
782 5534 984 5605 θερμὸν
1001 5537 1093 5589 καὶ
1122 5536 1371 5608 πυρῶδες
1387 5537 1660 5607 διαχέουσι
1682 5537 1816 5591 πνεῦ
1825 5553 1922 5609 μα’

350 5624 538 5694 ἐπειδὴ
566 5624 784 5688 πάντως
818 5625 911 5678 καὶ
936 5625 1144 5696 τροφὴν
1180 5625 1287 5679 ἔδει
1313 5625 1435 5679 τινὰ
1464 5626 1542 5698 τῷ
1572 5626 1760 5699 θερμῴ
1785 5645 1922 5698 συμ-

425 5807 468 5837 ⁸⁴
496 5805 613 5862 Jac.
653 5823 733 5869 Ill.
763 5807 816 5861 2.
892 5807 934 5838 ⁸¹
970 5805 1113 5861 Psal.
1142 5821 1260 5871 cut,
1292 5806 1381 5861 ‘24.

2060 2071 2464 2142 Tcmpestivum
2495 2068 2743 2140 proinde,
2775 2078 2836 2123 ut
2866 2082 2991 2123 cum
3024 2064 3228 2119 Davide
3256 2079 3520 2120 canamus
3545 2081 3561 2119 :

1987 2166 2159 2231 Quam
2189 2163 2340 2218 valde
2376 2163 2659 2233 magniﬁca
2682 2171 2804 2214 sunt
2838 2176 2995 2229 opera
3029 2157 3158 2212 tua!
3190 2158 3369 2211 omnia
3397 2158 3452 2210 in
3478 2174 3568 2209 sa-

1984 2258 2184 2327 pientia
2211 2254 2443 2325 fecisti“
2475 2270 2488 2306 :
2520 2256 2576 2307 in
2608 2256 2785 2321 capite
2817 2265 2990 2321 usque
3020 2248 3156 2304 adeo
3181 2262 3349 2319 parvo
3378 2262 3567 2302 omnes

1986 2347 2391 2419 praastantiores
2420 2359 2617 2401 sensus
2650 2352 2872 2399 nostros
2911 2341 3209 2407 collocans,
3243 2340 3440 2402 visum,
3472 2354 3569 2394 au-

1988 2442 2184 2506 ditum,
2226 2448 2470 2510 gustum,
2514 2435 2800 2497 olfactum,
2842 2449 3011 2504 prope
3057 2433 3199 2487 inter
3229 2446 3289 2486 se
3325 2430 3569 2486 conﬁnes

1987 2532 2289 2597 azdiﬁcans,
2325 2538 2495 2599 utque
2523 2536 2718 2582 neuter
2748 2526 2967 2580 illorum
3000 2524 3317 2594 operatione
3347 2538 3447 2576 sua
3485 2523 3570 2576 vi-

1990 2625 2114 2677 cino
2144 2623 2246 2677 sibi
2278 2620 2493 2676 olﬁciat.
2525 2617 2714 2690 Neque
2753 2618 2882 2672 item
2916 2626 3112 2687 prater
3154 2615 3257 2671 bos
3288 2615 3378 2669 alii
3411 2614 3571 2668 nobis

1992 2725 2141 2779 sunt,
2192 2723 2389 2783 praeter
2430 2721 2641 2767 tactum
2689 2725 2909 2765 manus.
2962 2710 3134 2779 Agilis
3166 2709 3350 2763 cervix
3390 2716 3475 2762 est
3517 2717 3573 2761 et

1992 2806 2343 2877 proportione
2381 2816 2709 2874 congruens,
2742 2816 2839 2870 per
2861 2815 3026 2870 quam
3066 2808 3120 2854 et
3148 2800 3346 2854 malum
3380 2815 3572 2853 versus

1995 2906 2208 2968 spectat
2254 2897 2443 2962 homo,
2482 2896 2663 2962 imago
2711 2892 2802 2947 illa
2848 2902 3043 2946 erecta:
3082 2889 3451 2954 faciei,velnti
3480 2905 3575 2942 co-

1995 2989 2195 3043 lumna:
2232 2986 2499 3042 innitente
2526 2984 2724 3054 capite,
2760 2982 2907 3053 quod
2939 2982 3292 3037 conveniente
3336 2979 3572 3050 quadam

1998 3079 2208 3133 ratione
2261 3093 2358 3148 per
2402 3076 2845 3146 cooperationem
2897 3073 3128 3129 cervicis
3172 3086 3294 3127 sese
3345 3071 3430 3126 vel
3477 3070 3575 3124 de-

1998 3170 2188 3236 mittit,
2217 3169 2302 3223 vel
2351 3184 2570 3224 sursum
2614 3168 2775 3223 levat.
2823 3165 3076 3235 Quinque
3108 3164 3346 3219 dexterat
3386 3162 3575 3217 manui

1999 3259 2336 3329 totidemque
2382 3258 2617 3315 sinistrae
2644 3257 2799 3328 digiti
2848 3265 2996 3321 sunt,
3041 3254 3243 3324 quibus
3279 3261 3335 3307 et
3376 3261 3575 3307 terram

2004 3364 2273 3417 sccamus,
2331 3362 2362 3403 e
2436 3347 2717 3402 montibus
2775 3345 2994 3400 metalla
3040 3343 3349 3407 eﬁ'odimus,
3400 3341 3579 3395 fontes

2003 3440 2311 3504 haurimus,
2359 3438 2587 3494 ﬁumina
2628 3438 2940 3509 dirigimus.
2989 3426 3092 3490 Per
3154 3435 3302 3505 ipsos
3356 3433 3579 3489 funibus

2003 3538 2059 3583 et
2105 3529 2268 3599 lignis
2312 3528 2632 3599 navigamus
2681 3528 2965 3599 abyssum,
3014 3541 3077 3580 ex
3129 3525 3382 3594 opposito
3419 3522 3581 3578 ﬂatus

2004 3621 2123 3675 vela
2154 3621 2310 3675 navis
2336 3619 2695 3675 subducimus
2723 3628 2777 3673 et
2811 3618 3241 3689 gubernaculum
3268 3616 3578 3686 dirigimus.

2007 3714 2301 3768 Indomitas
2333 3712 2479 3768 feras
2517 3712 2766 3781 capimus
2793 3711 2947 3765 vivas
2983 3719 3038 3765 et
3066 3710 3402 3772 cicuramus,
3431 3716 3583 3762 cetos

2006 3807 2155 3876 ipsos
2181 3806 2450 3875 capimus,
2472 3804 2641 3859 colles
2663 3811 2717 3857 et
2742 3810 2955 3857 montes
2980 3800 3352 3871 magnitudine
3371 3814 3586 3869 asquau-

2006 3905 2111 3959 tes,
2153 3905 2206 3950 et
2250 3905 2472 3964 aspectu
2507 3893 2796 3949 terribiles.
2846 3891 2989 3945 Aera
3037 3905 3134 3959 per
3161 3889 3380 3944 eosdem
3424 3888 3585 3958 quasi

2009 3987 2433 4051 vindemiamus,
2466 3983 2695 4039 calamis
2721 3982 2857 4037 visci
2896 3981 3142 4035 viventes
3188 3980 3241 4033 in
3273 3994 3398 4033 aere
3430 3977 3586 4032 volu-

2010 4094 2128 4133 cres
2154 4078 2450 4147 capientes.
2487 4074 2670 4147 Ignem
2707 4074 2870 4129 etiam
2914 4074 3052 4128 adeo
3082 4073 3452 4128 vehementem
3488 4071 3590 4124 itu-

2011 4180 2162 4241 petu,
2196 4169 2498 4224 terribilem
2533 4178 2701 4230 tactu,
2728 4164 3177 4237 populabundum
3208 4174 3262 4218 et
3291 4162 3589 4217 violentum

2015 4269 2205 4323 motu,
2264 4265 2457 4313 nostro
2507 4257 2787 4327 proposito
2839 4254 3047 4310 servire
3093 4252 3367 4322 cogimus,
3418 4258 3474 4306 et
3522 4251 3591 4304 ad

2015 4351 2452 4422 uniuscujusque
2500 4349 2835 4403 voluntatem
2894 4361 2955 4401 se
3004 4344 3442 4400 accommodare.
3488 4339 3592 4396 Per

2016 4445 2117 4499 bos
2147 4452 2203 4498 et
2241 4441 2495 4496 civitates
2523 4440 2881 4505 exstruimus,
2921 4448 2977 4492 et
3012 4434 3435 4507 propugnaculis
3473 4449 3595 4487 tnu-

2019 4535 2201 4603 risque
2225 4532 2656 4593 communimus,
2687 4529 2871 4584 fundis
2912 4535 2968 4582 et
3006 4526 3245 4581 arcubus
3278 4534 3331 4579 et
3374 4523 3496 4578 aliis
3525 4525 3594 4577 ad

2018 4622 2415 4678 defendendum
2477 4622 2686 4678 idoneis
2746 4619 2918 4675 armis
2966 4617 3313 4672 instruimus.
3360 4612 3593 4668 Parvum

2021 4716 2264 4786 quidem,
2298 4726 2352 4770 et
2378 4713 2674 4769 rotundum
2707 4711 3051 4780 articuloque
3085 4723 3280 4764 carens
3305 4702 3487 4761 cordis
3514 4714 3598 4759 cst

2020 4823 2305 4878 organum,
2328 4807 2381 4860 in
2417 4806 2537 4875 ipso
2572 4814 2753 4858 tamen
2787 4816 2840 4858 et
2865 4802 3113 4864 cerebro,
3140 4800 3207 4854 de
3228 4798 3358 4863 Deo,
3389 4796 3597 4866 angelis

2018 4909 2074 4954 et
2120 4897 2485 4967 archangelis,
2530 4896 2688 4959 caalo,
2735 4905 2901 4961 terra,
2940 4892 3103 4958 mari,
3153 4900 3206 4945 et
3243 4889 3311 4945 de
3346 4888 3496 4944 omni
3539 4887 3595 4941 in

2022 4989 2340 5044 universum
2370 4994 2622 5043 creatura
2647 4986 3038 5049 deliberamus,
3068 4970 3233 5037 veluti
3261 4995 3482 5050 promus
3504 4986 3599 5033 aut

2022 5088 2208 5135 custos
2239 5079 2423 5134 vitalis
2448 5079 2500 5132 in
2527 5078 2687 5131 nobis
2710 5090 2887 5131 causa:
2920 5084 2973 5129 et
3006 5074 3218 5128 roboris
3250 5072 3321 5127 sit
3349 5070 3593 5141 spiritus,

2023 5172 2116 5243 qui
2148 5173 2293 5227 circa
2321 5188 2418 5226 cor
2439 5180 2541 5226 est.
2567 5170 2676 5225 Cor
2708 5168 2925 5239 quidem
2949 5176 3096 5221 certe
3124 5163 3327 5219 fontem
3358 5162 3595 5232 aliquem

2024 5271 2078 5317 et
2124 5263 2451 5333 principium
2501 5267 2703 5315 nostras
2733 5260 2859 5313 vitae
2906 5266 3030 5327 post
3081 5252 3242 5311 Deum
3282 5269 3406 5308 esse
3442 5260 3598 5321 puta.

2026 5368 2184 5418 mus;
2218 5368 2248 5406 a
2279 5366 2389 5422 quo
2421 5359 2633 5406 meatus
2659 5348 2857 5404 ﬁstulis
2889 5344 3202 5401 consimiles
3226 5342 3598 5411 multipliciter

2026 5446 2165 5499 alius
2190 5459 2286 5513 per
2308 5445 2471 5499 alium
2500 5443 2718 5507 ductus,
2746 5441 3000 5494 universo
3029 5434 3247 5508 corpori
3277 5434 3512 5490 calidum
3543 5445 3597 5488 et

2031 5539 2251 5607 igneum
2273 5537 2518 5606 spiritum
2548 5530 2878 5589 diﬁ‘undunt.
2906 5531 3044 5597 Quia
3084 5536 3264 5584 autem
3294 5527 3519 5580 omnino
3544 5534 3597 5579 et

2034 5631 2423 5686 nutrimentum
2464 5628 2681 5700 aliquod
2726 5627 2967 5698 Oportuit
2991 5623 3182 5679 adesse
3221 5619 3389 5676 calori
3434 5632 3466 5674 a
3504 5634 3599 5674 na-
