  <div class='ocr_page' id='page_1' title='image "/cluster/home/n/w/nwhite01/storage/ocr_20150623/38/nnc1.0046978500/561.png"; bbox 0 0 4112 6380; ppageno 0'>
   <div class='ocr_carea' id='block_1_1' title="bbox 566 315 706 370">
    <p class='ocr_par' dir='ltr' id='par_1_1' title="bbox 566 315 706 370">
     <span class='ocr_line' id='line_1_1' title="bbox 566 315 706 370; baseline 0.007 -1"><span class='ocrx_word' id='word_1_1' title='bbox 566 315 706 370; x_wconf 75' lang='grc'><strong>1075</strong></span> 
     </span>
    </p>
   </div>
   <div class='ocr_carea' id='block_1_2' title="bbox 563 428 2136 507">
    <p class='ocr_par' dir='ltr' id='par_1_2' title="bbox 563 428 2136 507">
     <span class='ocr_line' id='line_1_2' title="bbox 563 428 2136 507; baseline 0.003 -23"><span class='ocrx_word' id='word_1_2' title='bbox 563 441 682 484; x_wconf 88' lang='lat' dir='ltr'><strong>tura</strong></span> <span class='ocrx_word' id='word_1_3' title='bbox 723 430 854 495; x_wconf 73' lang='lat' dir='ltr'><strong>(non</strong></span> <span class='ocrx_word' id='word_1_4' title='bbox 901 428 1048 485; x_wconf 90' lang='lat' dir='ltr'><strong>enim</strong></span> <span class='ocrx_word' id='word_1_5' title='bbox 1097 443 1194 500; x_wconf 88' lang='lat' dir='ltr'><strong>per</strong></span> <span class='ocrx_word' id='word_1_6' title='bbox 1247 429 1604 502; x_wconf 85' lang='lat' dir='ltr'><strong>semetipsum</strong></span> <span class='ocrx_word' id='word_1_7' title='bbox 1637 443 1825 490; x_wconf 84' lang='lat' dir='ltr'><strong>manet</strong></span> <span class='ocrx_word' id='word_1_8' title='bbox 1871 435 2011 507; x_wconf 88' lang='lat' dir='ltr'><strong>ignis</strong></span> <span class='ocrx_word' id='word_1_9' title='bbox 2046 434 2136 506; x_wconf 87' lang='lat' dir='ltr'><strong>qui</strong></span> 
     </span>
    </p>
   </div>
   <div class='ocr_carea' id='block_1_3' title="bbox 563 521 2135 597">
    <p class='ocr_par' dir='ltr' id='par_1_3' title="bbox 563 521 2135 597">
     <span class='ocr_line' id='line_1_3' title="bbox 563 521 2135 597; baseline 0.006 -23"><span class='ocrx_word' id='word_1_10' title='bbox 563 521 723 576; x_wconf 85' lang='lat' dir='ltr'><strong>nobis</strong></span> <span class='ocrx_word' id='word_1_11' title='bbox 760 521 924 581; x_wconf 80' lang='lat' dir='ltr'><strong>inest.</strong></span> <span class='ocrx_word' id='word_1_12' title='bbox 962 522 1064 577; x_wconf 85' lang='lat' dir='ltr'><strong>nisi</strong></span> <span class='ocrx_word' id='word_1_13' title='bbox 1097 521 1338 578; x_wconf 82' lang='lat' dir='ltr'><strong>vicissim</strong></span> <span class='ocrx_word' id='word_1_14' title='bbox 1373 525 1668 597; x_wconf 79' lang='lat' dir='ltr'><strong>nutriatur)</strong></span> <span class='ocrx_word' id='word_1_15' title='bbox 1702 545 1716 582; x_wconf 91' lang='lat'><strong>:</strong></span> <span class='ocrx_word' id='word_1_16' title='bbox 1745 526 1868 582; x_wconf 91' lang='lat' dir='ltr'><strong>ideo</strong></span> <span class='ocrx_word' id='word_1_17' title='bbox 1911 537 1965 583; x_wconf 90' lang='lat' dir='ltr'><strong>et</strong></span> <span class='ocrx_word' id='word_1_18' title='bbox 2005 544 2135 583; x_wconf 88' lang='lat' dir='ltr'><strong>san-</strong></span> 
     </span>
    </p>
   </div>
   <div class='ocr_carea' id='block_1_4' title="bbox 560 613 2140 691">
    <p class='ocr_par' dir='ltr' id='par_1_4' title="bbox 560 613 2140 691">
     <span class='ocr_line' id='line_1_4' title="bbox 560 613 2140 691; baseline 0.006 -27"><span class='ocrx_word' id='word_1_19' title='bbox 560 613 742 681; x_wconf 84' lang='lat' dir='ltr'><strong>guinis</strong></span> <span class='ocrx_word' id='word_1_20' title='bbox 775 613 987 678; x_wconf 67' lang='lat' dir='ltr'><strong>fistulae,</strong></span> <span class='ocrx_word' id='word_1_21' title='bbox 1017 615 1162 670; x_wconf 85' lang='lat' dir='ltr'><strong>velut</strong></span> <span class='ocrx_word' id='word_1_22' title='bbox 1183 630 1249 670; x_wconf 83' lang='lat' dir='ltr'><strong>ex</strong></span> <span class='ocrx_word' id='word_1_23' title='bbox 1291 617 1475 688; x_wconf 84' lang='lat' dir='ltr'><strong>aliquo</strong></span> <span class='ocrx_word' id='word_1_24' title='bbox 1507 617 1657 674; x_wconf 82' lang='lat' dir='ltr'><strong>fonte</strong></span> <span class='ocrx_word' id='word_1_25' title='bbox 1698 621 1767 674; x_wconf 91' lang='lat' dir='ltr'><strong>ab</strong></span> <span class='ocrx_word' id='word_1_26' title='bbox 1793 620 1986 690; x_wconf 89' lang='lat' dir='ltr'><strong>bepate</strong></span> <span class='ocrx_word' id='word_1_27' title='bbox 2017 636 2140 691; x_wconf 88' lang='lat' dir='ltr'><strong>pro-</strong></span> 
     </span>
    </p>
   </div>
   <div class='ocr_carea' id='block_1_5' title="bbox 560 706 2141 782">
    <p class='ocr_par' dir='ltr' id='par_1_5' title="bbox 560 706 2141 782">
     <span class='ocr_line' id='line_1_5' title="bbox 560 706 2141 782; baseline 0.006 -24"><span class='ocrx_word' id='word_1_28' title='bbox 560 715 868 768; x_wconf 80' lang='lat' dir='ltr'><strong>manantes,</strong></span> <span class='ocrx_word' id='word_1_29' title='bbox 897 706 1131 760; x_wconf 89' lang='lat' dir='ltr'><strong>calidum</strong></span> <span class='ocrx_word' id='word_1_30' title='bbox 1163 706 1315 762; x_wconf 92' lang='lat' dir='ltr'><strong>illum</strong></span> <span class='ocrx_word' id='word_1_31' title='bbox 1343 709 1592 778; x_wconf 89' lang='lat' dir='ltr'><strong>spiritum</strong></span> <span class='ocrx_word' id='word_1_32' title='bbox 1618 725 1714 779; x_wconf 89' lang='lat' dir='ltr'><strong>per</strong></span> <span class='ocrx_word' id='word_1_33' title='bbox 1740 719 1908 765; x_wconf 89' lang='lat' dir='ltr'><strong>totum</strong></span> <span class='ocrx_word' id='word_1_34' title='bbox 1940 727 2141 782; x_wconf 88' lang='lat' dir='ltr'><strong>corpus</strong></span> 
     </span>
    </p>
   </div>
   <div class='ocr_carea' id='block_1_6' title="bbox 558 798 2138 868">
    <p class='ocr_par' dir='ltr' id='par_1_6' title="bbox 558 798 2138 868">
     <span class='ocr_line' id='line_1_6' title="bbox 558 798 2138 868; baseline 0.005 -17"><span class='ocrx_word' id='word_1_35' title='bbox 558 798 912 862; x_wconf 71' lang='lat' dir='ltr'><strong>comitantur,</strong></span> <span class='ocrx_word' id='word_1_36' title='bbox 949 815 1016 853; x_wconf 90' lang='lat' dir='ltr'><strong>ne</strong></span> <span class='ocrx_word' id='word_1_37' title='bbox 1041 800 1269 854; x_wconf 89' lang='lat' dir='ltr'><strong>alterum</strong></span> <span class='ocrx_word' id='word_1_38' title='bbox 1302 803 1473 856; x_wconf 90' lang='lat' dir='ltr'><strong>altero</strong></span> <span class='ocrx_word' id='word_1_39' title='bbox 1509 802 1850 868; x_wconf 86' lang='lat' dir='ltr'><strong>destitutum,</strong></span> <span class='ocrx_word' id='word_1_40' title='bbox 1887 813 2138 860; x_wconf 89' lang='lat' dir='ltr'><strong>naturam</strong></span> 
     </span>
    </p>
   </div>
   <div class='ocr_carea' id='block_1_7' title="bbox 556 887 1374 962">
    <p class='ocr_par' dir='ltr' id='par_1_7' title="bbox 556 887 1374 962">
     <span class='ocr_line' id='line_1_7' title="bbox 556 887 1374 962; baseline 0.006 -21"><span class='ocrx_word' id='word_1_41' title='bbox 556 887 690 942; x_wconf 85' lang='lat' dir='ltr'><strong>vitio</strong></span> <span class='ocrx_word' id='word_1_42' title='bbox 717 889 998 945; x_wconf 88' lang='lat' dir='ltr'><strong>accidente</strong></span> <span class='ocrx_word' id='word_1_43' title='bbox 1036 903 1374 962; x_wconf 71' lang='lat' dir='ltr'><strong>corrumpat.</strong></span> 
     </span>
    </p>
   </div>
   <div class='ocr_carea' id='block_1_8' title="bbox 628 1063 2140 1146">
    <p class='ocr_par' dir='ltr' id='par_1_8' title="bbox 628 1063 2140 1146">
     <span class='ocr_line' id='line_1_8' title="bbox 628 1063 2140 1146; baseline 0.009 -28"><span class='ocrx_word' id='word_1_44' title='bbox 628 1063 901 1130; x_wconf 86' lang='lat' dir='ltr'><strong>Quoniam</strong></span> <span class='ocrx_word' id='word_1_45' title='bbox 951 1083 1082 1122; x_wconf 75' lang='lat' dir='ltr'><strong>vero</strong></span> <span class='ocrx_word' id='word_1_46' title='bbox 1124 1069 1302 1125; x_wconf 88' lang='lat' dir='ltr'><strong>solum</strong></span> <span class='ocrx_word' id='word_1_47' title='bbox 1349 1073 1530 1128; x_wconf 90' lang='lat' dir='ltr'><strong>omnis</strong></span> <span class='ocrx_word' id='word_1_48' title='bbox 1585 1074 1897 1144; x_wconf 79' lang='lat' dir='ltr'><strong>indigentiae</strong></span> <span class='ocrx_word' id='word_1_49' title='bbox 1941 1091 2140 1146; x_wconf 79' lang='lat' dir='ltr'><strong>expers</strong></span> 
     </span>
    </p>
   </div>
   <div class='ocr_carea' id='block_1_9' title="bbox 555 1159 2139 1238">
    <p class='ocr_par' dir='ltr' id='par_1_9' title="bbox 555 1159 2139 1238">
     <span class='ocr_line' id='line_1_9' title="bbox 555 1159 2139 1238; baseline 0.008 -26"><span class='ocrx_word' id='word_1_50' title='bbox 555 1170 640 1213; x_wconf 86' lang='lat' dir='ltr'><strong>est</strong></span> <span class='ocrx_word' id='word_1_51' title='bbox 679 1159 926 1214; x_wconf 89' lang='lat' dir='ltr'><strong>divinum</strong></span> <span class='ocrx_word' id='word_1_52' title='bbox 971 1161 1104 1218; x_wconf 89' lang='lat' dir='ltr'><strong>illud</strong></span> <span class='ocrx_word' id='word_1_53' title='bbox 1153 1162 1386 1229; x_wconf 83' lang='lat' dir='ltr'><strong>Numen,</strong></span> <span class='ocrx_word' id='word_1_54' title='bbox 1415 1177 1628 1238; x_wconf 84' lang='lat' dir='ltr'><strong>egestas</strong></span> <span class='ocrx_word' id='word_1_55' title='bbox 1663 1179 1845 1223; x_wconf 79' lang='lat' dir='ltr'><strong>autem</strong></span> <span class='ocrx_word' id='word_1_56' title='bbox 1892 1168 2139 1224; x_wconf 82' lang='lat' dir='ltr'><strong>mortalis</strong></span> 
     </span>
    </p>
   </div>
   <div class='ocr_carea' id='block_1_10' title="bbox 555 1249 2135 1326">
    <p class='ocr_par' dir='ltr' id='par_1_10' title="bbox 555 1249 2135 1326">
     <span class='ocr_line' id='line_1_10' title="bbox 555 1249 2135 1326; baseline 0.006 -22"><span class='ocrx_word' id='word_1_57' title='bbox 555 1249 775 1307; x_wconf 80' lang='lat' dir='ltr'><strong>aliunde</strong></span> <span class='ocrx_word' id='word_1_58' title='bbox 809 1255 1111 1325; x_wconf 87' lang='lat' dir='ltr'><strong>assumptis</strong></span> <span class='ocrx_word' id='word_1_59' title='bbox 1161 1256 1365 1326; x_wconf 78' lang='lat' dir='ltr'><strong>indiget</strong></span> <span class='ocrx_word' id='word_1_60' title='bbox 1407 1259 1478 1313; x_wconf 89' lang='lat' dir='ltr'><strong>ad</strong></span> <span class='ocrx_word' id='word_1_61' title='bbox 1524 1259 1609 1315; x_wconf 86' lang='lat' dir='ltr'><strong>sui</strong></span> <span class='ocrx_word' id='word_1_62' title='bbox 1653 1261 2135 1316; x_wconf 83' lang='lat' dir='ltr'><strong>constitutionem:</strong></span> 
     </span>
    </p>
   </div>
   <div class='ocr_carea' id='block_1_11' title="bbox 555 1340 2136 1419">
    <p class='ocr_par' dir='ltr' id='par_1_11' title="bbox 555 1340 2136 1419">
     <span class='ocr_line' id='line_1_11' title="bbox 555 1340 2136 1419; baseline 0.008 -25"><span class='ocrx_word' id='word_1_63' title='bbox 555 1340 762 1396; x_wconf 81' lang='lat' dir='ltr'><strong>idcirco</strong></span> <span class='ocrx_word' id='word_1_64' title='bbox 806 1358 930 1398; x_wconf 89' lang='lat' dir='ltr'><strong>cum</strong></span> <span class='ocrx_word' id='word_1_65' title='bbox 984 1347 1268 1416; x_wconf 75' lang='lat' dir='ltr'><strong>sanguinis</strong></span> <span class='ocrx_word' id='word_1_66' title='bbox 1308 1346 1430 1402; x_wconf 80' lang='lat' dir='ltr'><strong>fons</strong></span> <span class='ocrx_word' id='word_1_67' title='bbox 1471 1349 1543 1404; x_wconf 92' lang='lat' dir='ltr'><strong>sit</strong></span> <span class='ocrx_word' id='word_1_68' title='bbox 1577 1349 1765 1419; x_wconf 88' lang='lat' dir='ltr'><strong>hepar,</strong></span> <span class='ocrx_word' id='word_1_69' title='bbox 1815 1351 2136 1406; x_wconf 86' lang='lat' dir='ltr'><strong>nutrimenti</strong></span> 
     </span>
    </p>
   </div>
   <div class='ocr_carea' id='block_1_12' title="bbox 555 1432 2137 1514">
    <p class='ocr_par' dir='ltr' id='par_1_12' title="bbox 555 1432 2137 1514">
     <span class='ocr_line' id='line_1_12' title="bbox 555 1432 2137 1514; baseline 0.008 -27"><span class='ocrx_word' id='word_1_70' title='bbox 555 1432 866 1489; x_wconf 80' lang='lat' dir='ltr'><strong>subsidium</strong></span> <span class='ocrx_word' id='word_1_71' title='bbox 910 1435 959 1490; x_wconf 88' lang='lat' dir='ltr'><strong>ei</strong></span> <span class='ocrx_word' id='word_1_72' title='bbox 1004 1439 1379 1493; x_wconf 86' lang='lat' dir='ltr'><strong>necessarium</strong></span> <span class='ocrx_word' id='word_1_73' title='bbox 1428 1451 1533 1496; x_wconf 90' lang='lat' dir='ltr'><strong>est.</strong></span> <span class='ocrx_word' id='word_1_74' title='bbox 1567 1441 1724 1509; x_wconf 87' lang='lat' dir='ltr'><strong>Quod</strong></span> <span class='ocrx_word' id='word_1_75' title='bbox 1768 1444 1911 1498; x_wconf 89' lang='lat' dir='ltr'><strong>enim</strong></span> <span class='ocrx_word' id='word_1_76' title='bbox 1943 1459 2038 1514; x_wconf 89' lang='lat' dir='ltr'><strong>per</strong></span> <span class='ocrx_word' id='word_1_77' title='bbox 2084 1443 2137 1498; x_wconf 89' lang='lat' dir='ltr'><strong>id</strong></span> 
     </span>
    </p>
   </div>
   <div class='ocr_carea' id='block_1_13' title="bbox 555 1525 2140 1606">
    <p class='ocr_par' dir='ltr' id='par_1_13' title="bbox 555 1525 2140 1606">
     <span class='ocr_line' id='line_1_13' title="bbox 555 1525 2140 1606; baseline 0.008 -28"><span class='ocrx_word' id='word_1_78' title='bbox 555 1525 717 1580; x_wconf 90' lang='lat' dir='ltr'><strong>nobis</strong></span> <span class='ocrx_word' id='word_1_79' title='bbox 760 1526 1037 1596; x_wconf 85' lang='lat' dir='ltr'><strong>ingestum.</strong></span> <span class='ocrx_word' id='word_1_80' title='bbox 1063 1538 1170 1594; x_wconf 81' lang='lat' dir='ltr'><strong>est,</strong></span> <span class='ocrx_word' id='word_1_81' title='bbox 1205 1533 1491 1600; x_wconf 80' lang='lat' dir='ltr'><strong>sanguinis</strong></span> <span class='ocrx_word' id='word_1_82' title='bbox 1526 1549 1592 1588; x_wconf 80' lang='lat' dir='ltr'><strong>ex</strong></span> <span class='ocrx_word' id='word_1_83' title='bbox 1635 1535 1826 1605; x_wconf 90' lang='lat' dir='ltr'><strong>hepate</strong></span> <span class='ocrx_word' id='word_1_84' title='bbox 1855 1535 2140 1606; x_wconf 88' lang='lat' dir='ltr'><strong>scaturigi-</strong></span> 
     </span>
    </p>
   </div>
   <div class='ocr_carea' id='block_1_14' title="bbox 558 1621 2134 1700">
    <p class='ocr_par' dir='ltr' id='par_1_14' title="bbox 558 1621 2134 1700">
     <span class='ocr_line' id='line_1_14' title="bbox 558 1621 2134 1700; baseline 0.008 -29"><span class='ocrx_word' id='word_1_85' title='bbox 558 1633 682 1672; x_wconf 92' lang='lat' dir='ltr'><strong>nem</strong></span> <span class='ocrx_word' id='word_1_86' title='bbox 714 1621 915 1675; x_wconf 86' lang='lat' dir='ltr'><strong>reddit.</strong></span> <span class='ocrx_word' id='word_1_87' title='bbox 941 1621 1412 1688; x_wconf 85' lang='lat' dir='ltr'><strong>Quemadmodum</strong></span> <span class='ocrx_word' id='word_1_88' title='bbox 1447 1626 1502 1681; x_wconf 90' lang='lat' dir='ltr'><strong>in</strong></span> <span class='ocrx_word' id='word_1_89' title='bbox 1549 1637 1736 1683; x_wconf 91' lang='lat' dir='ltr'><strong>monte</strong></span> <span class='ocrx_word' id='word_1_90' title='bbox 1765 1630 1879 1693; x_wconf 80' lang='lat' dir='ltr'><strong>nix,</strong></span> <span class='ocrx_word' id='word_1_91' title='bbox 1910 1629 2134 1700; x_wconf 92' lang='lat' dir='ltr'><strong>proprio</strong></span> 
     </span>
    </p>
   </div>
   <div class='ocr_carea' id='block_1_15' title="bbox 559 1710 2132 1792">
    <p class='ocr_par' dir='ltr' id='par_1_15' title="bbox 559 1710 2132 1792">
     <span class='ocr_line' id='line_1_15' title="bbox 559 1710 2132 1792; baseline 0.009 -29"><span class='ocrx_word' id='word_1_92' title='bbox 559 1710 789 1766; x_wconf 84' lang='lat' dir='ltr'><strong>humore</strong></span> <span class='ocrx_word' id='word_1_93' title='bbox 821 1711 1000 1770; x_wconf 82' lang='lat' dir='ltr'><strong>fontes</strong></span> <span class='ocrx_word' id='word_1_94' title='bbox 1043 1715 1111 1770; x_wconf 85' lang='lat' dir='ltr'><strong>ad</strong></span> <span class='ocrx_word' id='word_1_95' title='bbox 1151 1718 1356 1773; x_wconf 90' lang='lat' dir='ltr'><strong>montis</strong></span> <span class='ocrx_word' id='word_1_96' title='bbox 1390 1719 1602 1774; x_wconf 86' lang='lat' dir='ltr'><strong>radices</strong></span> <span class='ocrx_word' id='word_1_97' title='bbox 1653 1730 1836 1790; x_wconf 73' lang='lat' dir='ltr'><strong>auget,</strong></span> <span class='ocrx_word' id='word_1_98' title='bbox 1875 1737 1970 1790; x_wconf 81' lang='lat' dir='ltr'><strong>per</strong></span> <span class='ocrx_word' id='word_1_99' title='bbox 2000 1737 2132 1792; x_wconf 90' lang='lat' dir='ltr'><strong>pro-</strong></span> 
     </span>
    </p>
   </div>
   <div class='ocr_carea' id='block_1_16' title="bbox 554 1801 2134 1878">
    <p class='ocr_par' dir='ltr' id='par_1_16' title="bbox 554 1801 2134 1878">
     <span class='ocr_line' id='line_1_16' title="bbox 554 1801 2134 1878; baseline 0.01 -24"><span class='ocrx_word' id='word_1_100' title='bbox 554 1801 786 1856; x_wconf 75' lang='lat' dir='ltr'><strong>fundum</strong></span> <span class='ocrx_word' id='word_1_101' title='bbox 834 1806 1038 1860; x_wconf 87' lang='lat' dir='ltr'><strong>sensim</strong></span> <span class='ocrx_word' id='word_1_102' title='bbox 1070 1809 1350 1878; x_wconf 92' lang='lat' dir='ltr'><strong>proprium</strong></span> <span class='ocrx_word' id='word_1_103' title='bbox 1401 1810 1686 1866; x_wconf 82' lang='lat' dir='ltr'><strong>humorem</strong></span> <span class='ocrx_word' id='word_1_104' title='bbox 1731 1812 1800 1867; x_wconf 82' lang='lat' dir='ltr'><strong>ad</strong></span> <span class='ocrx_word' id='word_1_105' title='bbox 1842 1811 2134 1870; x_wconf 80' lang='lat' dir='ltr'><strong>inferiores</strong></span> 
     </span>
    </p>
   </div>
   <div class='ocr_carea' id='block_1_17' title="bbox 553 1893 2134 1976">
    <p class='ocr_par' dir='ltr' id='par_1_17' title="bbox 553 1893 2134 1976">
     <span class='ocr_line' id='line_1_17' title="bbox 553 1893 2134 1976; baseline 0.01 -31"><span class='ocrx_word' id='word_1_106' title='bbox 553 1907 723 1948; x_wconf 87' lang='lat' dir='ltr'><strong>venas</strong></span> <span class='ocrx_word' id='word_1_107' title='bbox 761 1893 1094 1964; x_wconf 89' lang='lat' dir='ltr'><strong>deprimens.</strong></span> <span class='ocrx_word' id='word_1_108' title='bbox 1129 1897 1364 1970; x_wconf 85' lang='lat' dir='ltr'><strong>Spiritus</strong></span> <span class='ocrx_word' id='word_1_109' title='bbox 1409 1911 1590 1957; x_wconf 88' lang='lat' dir='ltr'><strong>autem</strong></span> <span class='ocrx_word' id='word_1_110' title='bbox 1624 1904 1775 1959; x_wconf 87' lang='lat' dir='ltr'><strong>cordi</strong></span> <span class='ocrx_word' id='word_1_111' title='bbox 1825 1920 1920 1975; x_wconf 90' lang='lat' dir='ltr'><strong>per</strong></span> <span class='ocrx_word' id='word_1_112' title='bbox 1947 1906 2134 1976; x_wconf 80' lang='lat' dir='ltr'><strong>proxi-</strong></span> 
     </span>
    </p>
   </div>
   <div class='ocr_carea' id='block_1_18' title="bbox 553 1984 2136 2066">
    <p class='ocr_par' dir='ltr' id='par_1_18' title="bbox 553 1984 2136 2066">
     <span class='ocr_line' id='line_1_18' title="bbox 553 1984 2136 2066; baseline 0.011 -30"><span class='ocrx_word' id='word_1_113' title='bbox 553 1998 704 2038; x_wconf 87' lang='lat' dir='ltr'><strong>mum</strong></span> <span class='ocrx_word' id='word_1_114' title='bbox 742 1984 976 2042; x_wconf 82' lang='lat' dir='ltr'><strong>infertur</strong></span> <span class='ocrx_word' id='word_1_115' title='bbox 1002 1989 1202 2058; x_wconf 89' lang='lat' dir='ltr'><strong>viscus,</strong></span> <span class='ocrx_word' id='word_1_116' title='bbox 1227 1993 1375 2062; x_wconf 91' lang='lat' dir='ltr'><strong>quod</strong></span> <span class='ocrx_word' id='word_1_117' title='bbox 1401 1995 1675 2064; x_wconf 90' lang='lat' dir='ltr'><strong>pulmonis</strong></span> <span class='ocrx_word' id='word_1_118' title='bbox 1700 1995 1922 2066; x_wconf 87' lang='lat' dir='ltr'><strong>quidem</strong></span> <span class='ocrx_word' id='word_1_119' title='bbox 1948 1995 2136 2054; x_wconf 82' lang='lat' dir='ltr'><strong>viscus</strong></span> 
     </span>
    </p>
   </div>
   <div class='ocr_carea' id='block_1_19' title="bbox 551 2075 2136 2160">
    <p class='ocr_par' dir='ltr' id='par_1_19' title="bbox 551 2075 2136 2160">
     <span class='ocr_line' id='line_1_19' title="bbox 551 2075 2136 2160; baseline 0.012 -33"><span class='ocrx_word' id='word_1_120' title='bbox 551 2075 877 2144; x_wconf 86' lang='lat' dir='ltr'><strong>appellatur,</strong></span> <span class='ocrx_word' id='word_1_121' title='bbox 913 2081 1058 2137; x_wconf 90' lang='lat' dir='ltr'><strong>aeris</strong></span> <span class='ocrx_word' id='word_1_122' title='bbox 1093 2092 1275 2138; x_wconf 85' lang='lat' dir='ltr'><strong>autem</strong></span> <span class='ocrx_word' id='word_1_123' title='bbox 1323 2087 1727 2157; x_wconf 84' lang='lat' dir='ltr'><strong>receptaculum</strong></span> <span class='ocrx_word' id='word_1_124' title='bbox 1772 2098 1878 2156; x_wconf 91' lang='lat' dir='ltr'><strong>est,</strong></span> <span class='ocrx_word' id='word_1_125' title='bbox 1917 2105 2014 2160; x_wconf 91' lang='lat' dir='ltr'><strong>per</strong></span> <span class='ocrx_word' id='word_1_126' title='bbox 2051 2090 2136 2144; x_wconf 88' lang='lat' dir='ltr'><strong>in-</strong></span> 
     </span>
    </p>
   </div>
   <div class='ocr_carea' id='block_1_20' title="bbox 551 2171 2136 2252">
    <p class='ocr_par' dir='ltr' id='par_1_20' title="bbox 551 2171 2136 2252">
     <span class='ocr_line' id='line_1_20' title="bbox 551 2171 2136 2252; baseline 0.009 -31"><span class='ocrx_word' id='word_1_127' title='bbox 551 2175 754 2222; x_wconf 71' lang='lat' dir='ltr'><strong>seriam</strong></span> <span class='ocrx_word' id='word_1_128' title='bbox 795 2171 1056 2226; x_wconf 84' lang='lat' dir='ltr'><strong>arteriam</strong></span> <span class='ocrx_word' id='word_1_129' title='bbox 1091 2175 1157 2229; x_wconf 90' lang='lat' dir='ltr'><strong>ad</strong></span> <span class='ocrx_word' id='word_1_130' title='bbox 1184 2190 1246 2231; x_wconf 92' lang='lat' dir='ltr'><strong>os</strong></span> <span class='ocrx_word' id='word_1_131' title='bbox 1282 2176 1676 2248; x_wconf 88' lang='lat' dir='ltr'><strong>pertingentem</strong></span> <span class='ocrx_word' id='word_1_132' title='bbox 1703 2188 1991 2236; x_wconf 81' lang='lat' dir='ltr'><strong>externum</strong></span> <span class='ocrx_word' id='word_1_133' title='bbox 2023 2181 2136 2252; x_wconf 82' lang='lat' dir='ltr'><strong>spi-</strong></span> 
     </span>
    </p>
   </div>
   <div class='ocr_carea' id='block_1_21' title="bbox 547 2260 2135 2342">
    <p class='ocr_par' dir='ltr' id='par_1_21' title="bbox 547 2260 2135 2342">
     <span class='ocr_line' id='line_1_21' title="bbox 547 2260 2135 2342; baseline 0.01 -28"><span class='ocrx_word' id='word_1_134' title='bbox 547 2260 715 2315; x_wconf 88' lang='lat' dir='ltr'><strong>ritum</strong></span> <span class='ocrx_word' id='word_1_135' title='bbox 752 2264 1077 2333; x_wconf 85' lang='lat' dir='ltr'><strong>respirando</strong></span> <span class='ocrx_word' id='word_1_136' title='bbox 1105 2268 1410 2324; x_wconf 90' lang='lat' dir='ltr'><strong>attrabens.</strong></span> <span class='ocrx_word' id='word_1_137' title='bbox 1445 2270 1624 2340; x_wconf 87' lang='lat' dir='ltr'><strong>Atque</strong></span> <span class='ocrx_word' id='word_1_138' title='bbox 1667 2270 1832 2342; x_wconf 86' lang='lat' dir='ltr'><strong>hujus</strong></span> <span class='ocrx_word' id='word_1_139' title='bbox 1863 2273 1920 2328; x_wconf 90' lang='lat' dir='ltr'><strong>in</strong></span> <span class='ocrx_word' id='word_1_140' title='bbox 1953 2275 2135 2330; x_wconf 92' lang='lat' dir='ltr'><strong>medio</strong></span> 
     </span>
    </p>
   </div>
   <div class='ocr_carea' id='block_1_22' title="bbox 547 2355 2136 2428">
    <p class='ocr_par' dir='ltr' id='par_1_22' title="bbox 547 2355 2136 2428">
     <span class='ocr_line' id='line_1_22' title="bbox 547 2355 2136 2428; baseline 0.009 -21"><span class='ocrx_word' id='word_1_141' title='bbox 547 2367 645 2408; x_wconf 86' lang='lat' dir='ltr'><strong>cor</strong></span> <span class='ocrx_word' id='word_1_142' title='bbox 668 2355 998 2421; x_wconf 79' lang='lat' dir='ltr'><strong>involutum,</strong></span> <span class='ocrx_word' id='word_1_143' title='bbox 1027 2373 1242 2428; x_wconf 89' lang='lat' dir='ltr'><strong>semper</strong></span> <span class='ocrx_word' id='word_1_144' title='bbox 1270 2370 1540 2427; x_wconf 79' lang='lat' dir='ltr'><strong>movetur,</strong></span> <span class='ocrx_word' id='word_1_145' title='bbox 1572 2363 1931 2420; x_wconf 91' lang='lat' dir='ltr'><strong>consimiliter</strong></span> <span class='ocrx_word' id='word_1_146' title='bbox 1958 2374 2020 2420; x_wconf 90' lang='lat' dir='ltr'><strong>ut</strong></span> <span class='ocrx_word' id='word_1_147' title='bbox 2050 2377 2136 2421; x_wconf 92' lang='lat' dir='ltr'><strong>est</strong></span> 
     </span>
    </p>
   </div>
   <div class='ocr_carea' id='block_1_23' title="bbox 547 2445 2129 2523">
    <p class='ocr_par' dir='ltr' id='par_1_23' title="bbox 547 2445 2129 2523">
     <span class='ocr_line' id='line_1_23' title="bbox 547 2445 2129 2523; baseline 0.009 -23"><span class='ocrx_word' id='word_1_148' title='bbox 547 2445 693 2516; x_wconf 81' lang='lat' dir='ltr'><strong>ignis</strong></span> <span class='ocrx_word' id='word_1_149' title='bbox 719 2457 934 2516; x_wconf 91' lang='lat' dir='ltr'><strong>natura,</strong></span> <span class='ocrx_word' id='word_1_150' title='bbox 970 2449 1132 2520; x_wconf 88' lang='lat' dir='ltr'><strong>quale</strong></span> <span class='ocrx_word' id='word_1_151' title='bbox 1159 2451 1289 2522; x_wconf 84' lang='lat' dir='ltr'><strong>quid</strong></span> <span class='ocrx_word' id='word_1_152' title='bbox 1326 2453 1380 2508; x_wconf 92' lang='lat' dir='ltr'><strong>in</strong></span> <span class='ocrx_word' id='word_1_153' title='bbox 1424 2454 1657 2512; x_wconf 85' lang='lat' dir='ltr'><strong>oilicinis</strong></span> <span class='ocrx_word' id='word_1_154' title='bbox 1679 2458 1892 2513; x_wconf 63' lang='lat' dir='ltr'><strong>aerariis</strong></span> <span class='ocrx_word' id='word_1_155' title='bbox 1922 2459 2129 2523; x_wconf 89' lang='lat' dir='ltr'><strong>videas,</strong></span> 
     </span>
    </p>
   </div>
   <div class='ocr_carea' id='block_1_24' title="bbox 545 2540 2133 2615">
    <p class='ocr_par' dir='ltr' id='par_1_24' title="bbox 545 2540 2133 2615">
     <span class='ocr_line' id='line_1_24' title="bbox 545 2540 2133 2615; baseline 0.008 -23"><span class='ocrx_word' id='word_1_156' title='bbox 545 2552 615 2592; x_wconf 77' lang='lat' dir='ltr'><strong>ex</strong></span> <span class='ocrx_word' id='word_1_157' title='bbox 648 2540 930 2609; x_wconf 84' lang='lat' dir='ltr'><strong>adjacente</strong></span> <span class='ocrx_word' id='word_1_158' title='bbox 967 2543 1227 2613; x_wconf 85' lang='lat' dir='ltr'><strong>pulmone</strong></span> <span class='ocrx_word' id='word_1_159' title='bbox 1265 2545 1518 2615; x_wconf 89' lang='lat' dir='ltr'><strong>spiritum</strong></span> <span class='ocrx_word' id='word_1_160' title='bbox 1565 2547 1632 2602; x_wconf 88' lang='lat' dir='ltr'><strong>ad</strong></span> <span class='ocrx_word' id='word_1_161' title='bbox 1665 2563 1726 2604; x_wconf 89' lang='lat' dir='ltr'><strong>se</strong></span> <span class='ocrx_word' id='word_1_162' title='bbox 1749 2549 1994 2614; x_wconf 80' lang='lat' dir='ltr'><strong>trahens,</strong></span> <span class='ocrx_word' id='word_1_163' title='bbox 2031 2550 2133 2604; x_wconf 84' lang='lat' dir='ltr'><strong>im-</strong></span> 
     </span>
    </p>
   </div>
   <div class='ocr_carea' id='block_1_25' title="bbox 545 2629 2128 2703">
    <p class='ocr_par' dir='ltr' id='par_1_25' title="bbox 545 2629 2128 2703">
     <span class='ocr_line' id='line_1_25' title="bbox 545 2629 2128 2703; baseline 0.008 -20"><span class='ocrx_word' id='word_1_164' title='bbox 545 2629 817 2702; x_wconf 82' lang='lat' dir='ltr'><strong>pletisque</strong></span> <span class='ocrx_word' id='word_1_165' title='bbox 851 2648 947 2703; x_wconf 92' lang='lat' dir='ltr'><strong>per</strong></span> <span class='ocrx_word' id='word_1_166' title='bbox 978 2633 1350 2691; x_wconf 83' lang='lat' dir='ltr'><strong>diductionem</strong></span> <span class='ocrx_word' id='word_1_167' title='bbox 1390 2636 1474 2691; x_wconf 79' lang='lat' dir='ltr'><strong>sui</strong></span> <span class='ocrx_word' id='word_1_168' title='bbox 1508 2639 1860 2703; x_wconf 86' lang='lat' dir='ltr'><strong>cavitatibus,</strong></span> <span class='ocrx_word' id='word_1_169' title='bbox 1891 2640 2128 2694; x_wconf 90' lang='lat' dir='ltr'><strong>calorem</strong></span> 
     </span>
    </p>
   </div>
   <div class='ocr_carea' id='block_1_26' title="bbox 546 2727 2126 2801">
    <p class='ocr_par' dir='ltr' id='par_1_26' title="bbox 546 2727 2126 2801">
     <span class='ocr_line' id='line_1_26' title="bbox 546 2727 2126 2801; baseline 0.004 -23"><span class='ocrx_word' id='word_1_170' title='bbox 546 2739 708 2779; x_wconf 80' lang='lat' dir='ltr'><strong>suum</strong></span> <span class='ocrx_word' id='word_1_171' title='bbox 747 2727 964 2784; x_wconf 83' lang='lat' dir='ltr'><strong>arteriis</strong></span> <span class='ocrx_word' id='word_1_172' title='bbox 1015 2728 1210 2784; x_wconf 81' lang='lat' dir='ltr'><strong>vicinis</strong></span> <span class='ocrx_word' id='word_1_173' title='bbox 1250 2729 1521 2798; x_wconf 81' lang='lat' dir='ltr'><strong>praebens,</strong></span> <span class='ocrx_word' id='word_1_174' title='bbox 1557 2740 1821 2801; x_wconf 89' lang='lat' dir='ltr'><strong>perpetuo</strong></span> <span class='ocrx_word' id='word_1_175' title='bbox 1855 2739 2006 2787; x_wconf 88' lang='lat' dir='ltr'><strong>motu</strong></span> <span class='ocrx_word' id='word_1_176' title='bbox 2047 2733 2126 2787; x_wconf 82' lang='lat' dir='ltr'><strong>ef-</strong></span> 
     </span>
    </p>
   </div>
   <div class='ocr_carea' id='block_1_27' title="bbox 545 2815 2132 2892">
    <p class='ocr_par' dir='ltr' id='par_1_27' title="bbox 545 2815 2132 2892">
     <span class='ocr_line' id='line_1_27' title="bbox 545 2815 2132 2892; baseline 0.005 -22"><span class='ocrx_word' id='word_1_177' title='bbox 545 2815 662 2883; x_wconf 68' lang='lat' dir='ltr'><strong>ﬁat,</strong></span> <span class='ocrx_word' id='word_1_178' title='bbox 693 2817 894 2886; x_wconf 88' lang='lat' dir='ltr'><strong>partim</strong></span> <span class='ocrx_word' id='word_1_179' title='bbox 955 2818 1298 2874; x_wconf 62' lang='lat' dir='ltr'><strong>extrinsecus</strong></span> <span class='ocrx_word' id='word_1_180' title='bbox 1341 2819 1547 2891; x_wconf 85' lang='lat' dir='ltr'><strong>aliquid</strong></span> <span class='ocrx_word' id='word_1_181' title='bbox 1592 2837 1690 2892; x_wconf 73' lang='lat' dir='ltr'><strong>pe!-</strong></span> <span class='ocrx_word' id='word_1_182' title='bbox 1732 2823 1819 2878; x_wconf 90' lang='lat' dir='ltr'><strong>sui</strong></span> <span class='ocrx_word' id='word_1_183' title='bbox 1861 2821 2132 2879; x_wconf 88' lang='lat' dir='ltr'><strong>diductio-</strong></span> 
     </span>
    </p>
   </div>
   <div class='ocr_carea' id='block_1_28' title="bbox 547 2906 2130 2983">
    <p class='ocr_par' dir='ltr' id='par_1_28' title="bbox 547 2906 2130 2983">
     <span class='ocr_line' id='line_1_28' title="bbox 547 2906 2130 2983; baseline 0.005 -23"><span class='ocrx_word' id='word_1_184' title='bbox 547 2921 672 2962; x_wconf 91' lang='lat' dir='ltr'><strong>nem</strong></span> <span class='ocrx_word' id='word_1_185' title='bbox 708 2907 763 2961; x_wconf 91' lang='lat' dir='ltr'><strong>in</strong></span> <span class='ocrx_word' id='word_1_186' title='bbox 801 2906 1051 2976; x_wconf 88' lang='lat' dir='ltr'><strong>proprias</strong></span> <span class='ocrx_word' id='word_1_187' title='bbox 1083 2907 1458 2965; x_wconf 88' lang='lat' dir='ltr'><strong>concavitates</strong></span> <span class='ocrx_word' id='word_1_188' title='bbox 1494 2910 1797 2978; x_wconf 84' lang='lat' dir='ltr'><strong>attrahens,</strong></span> <span class='ocrx_word' id='word_1_189' title='bbox 1835 2913 2032 2983; x_wconf 82' lang='lat' dir='ltr'><strong>partim</strong></span> <span class='ocrx_word' id='word_1_190' title='bbox 2062 2929 2130 2968; x_wconf 84' lang='lat' dir='ltr'><strong>ex</strong></span> 
     </span>
    </p>
   </div>
   <div class='ocr_carea' id='block_1_29' title="bbox 545 2999 2130 3068">
    <p class='ocr_par' dir='ltr' id='par_1_29' title="bbox 545 2999 2130 3068">
     <span class='ocr_line' id='line_1_29' title="bbox 545 2999 2130 3068; baseline 0.004 -16"><span class='ocrx_word' id='word_1_191' title='bbox 545 3012 608 3052; x_wconf 74' lang='lat' dir='ltr'><strong>se</strong></span> <span class='ocrx_word' id='word_1_192' title='bbox 655 3013 752 3068; x_wconf 82' lang='lat' dir='ltr'><strong>per</strong></span> <span class='ocrx_word' id='word_1_193' title='bbox 791 3000 1256 3068; x_wconf 90' lang='lat' dir='ltr'><strong>compressionem</strong></span> <span class='ocrx_word' id='word_1_194' title='bbox 1311 2999 1368 3054; x_wconf 92' lang='lat' dir='ltr'><strong>in</strong></span> <span class='ocrx_word' id='word_1_195' title='bbox 1417 3001 1648 3058; x_wconf 89' lang='lat' dir='ltr'><strong>arterias</strong></span> <span class='ocrx_word' id='word_1_196' title='bbox 1696 3018 2019 3067; x_wconf 78' lang='lat' dir='ltr'><strong>excernens,</strong></span> <span class='ocrx_word' id='word_1_197' title='bbox 2063 3019 2130 3059; x_wconf 92' lang='lat' dir='ltr'><strong>ac</strong></span> 
     </span>
    </p>
   </div>
   <div class='ocr_carea' id='block_1_30' title="bbox 543 3088 2132 3168">
    <p class='ocr_par' dir='ltr' id='par_1_30' title="bbox 543 3088 2132 3168">
     <span class='ocr_line' id='line_1_30' title="bbox 543 3088 2132 3168; baseline 0.004 -25"><span class='ocrx_word' id='word_1_198' title='bbox 543 3089 695 3144; x_wconf 78' lang='lat' dir='ltr'><strong>velut</strong></span> <span class='ocrx_word' id='word_1_199' title='bbox 724 3089 780 3144; x_wconf 90' lang='lat' dir='ltr'><strong>in</strong></span> <span class='ocrx_word' id='word_1_200' title='bbox 809 3088 1032 3147; x_wconf 82' lang='lat' dir='ltr'><strong>fornace</strong></span> <span class='ocrx_word' id='word_1_201' title='bbox 1056 3106 1152 3162; x_wconf 92' lang='lat' dir='ltr'><strong>per</strong></span> <span class='ocrx_word' id='word_1_202' title='bbox 1181 3092 1420 3147; x_wconf 89' lang='lat' dir='ltr'><strong>calorem</strong></span> <span class='ocrx_word' id='word_1_203' title='bbox 1452 3095 1759 3151; x_wconf 85' lang='lat' dir='ltr'><strong>naturalem</strong></span> <span class='ocrx_word' id='word_1_204' title='bbox 1794 3096 2132 3168; x_wconf 84' lang='lat' dir='ltr'><strong>colliquatio-</strong></span> 
     </span>
    </p>
   </div>
   <div class='ocr_carea' id='block_1_31' title="bbox 534 3179 2126 3257">
    <p class='ocr_par' dir='ltr' id='par_1_31' title="bbox 534 3179 2126 3257">
     <span class='ocr_line' id='line_1_31' title="bbox 534 3179 2126 3257; baseline 0.006 -23"><span class='ocrx_word' id='word_1_205' title='bbox 534 3195 671 3252; x_wconf 80' lang='lat' dir='ltr'><strong>nem</strong></span> <span class='ocrx_word' id='word_1_206' title='bbox 697 3179 992 3252; x_wconf 89' lang='lat' dir='ltr'><strong>quamdam</strong></span> <span class='ocrx_word' id='word_1_207' title='bbox 1038 3191 1092 3237; x_wconf 90' lang='lat' dir='ltr'><strong>et</strong></span> <span class='ocrx_word' id='word_1_208' title='bbox 1123 3182 1430 3238; x_wconf 91' lang='lat' dir='ltr'><strong>coctionem</strong></span> <span class='ocrx_word' id='word_1_209' title='bbox 1474 3182 1736 3250; x_wconf 78' lang='lat' dir='ltr'><strong>eiliciens,</strong></span> <span class='ocrx_word' id='word_1_210' title='bbox 1774 3194 2034 3257; x_wconf 87' lang='lat' dir='ltr'><strong>tanquam</strong></span> <span class='ocrx_word' id='word_1_211' title='bbox 2061 3204 2126 3244; x_wconf 81' lang='lat' dir='ltr'><strong>ex</strong></span> 
     </span>
    </p>
   </div>
   <div class='ocr_carea' id='block_1_32' title="bbox 543 3272 2126 3343">
    <p class='ocr_par' dir='ltr' id='par_1_32' title="bbox 543 3272 2126 3343">
     <span class='ocr_line' id='line_1_32' title="bbox 543 3272 2126 3343; baseline 0.006 -17"><span class='ocrx_word' id='word_1_212' title='bbox 543 3272 730 3343; x_wconf 76' lang='lat' dir='ltr'><strong>aliquo</strong></span> <span class='ocrx_word' id='word_1_213' title='bbox 771 3272 983 3328; x_wconf 81' lang='lat' dir='ltr'><strong>fusorio</strong></span> <span class='ocrx_word' id='word_1_214' title='bbox 1028 3289 1160 3330; x_wconf 83' lang='lat' dir='ltr'><strong>vase</strong></span> <span class='ocrx_word' id='word_1_215' title='bbox 1188 3275 1256 3330; x_wconf 91' lang='lat' dir='ltr'><strong>ad</strong></span> <span class='ocrx_word' id='word_1_216' title='bbox 1309 3285 1537 3333; x_wconf 72' lang='lat' dir='ltr'><strong>caeteros</strong></span> <span class='ocrx_word' id='word_1_217' title='bbox 1576 3287 1794 3334; x_wconf 86' lang='lat' dir='ltr'><strong>meatus</strong></span> <span class='ocrx_word' id='word_1_218' title='bbox 1842 3281 2126 3338; x_wconf 90' lang='lat' dir='ltr'><strong>materiem</strong></span> 
     </span>
    </p>
   </div>
   <div class='ocr_carea' id='block_1_33' title="bbox 545 3364 2126 3438">
    <p class='ocr_par' dir='ltr' id='par_1_33' title="bbox 545 3364 2126 3438">
     <span class='ocr_line' id='line_1_33' title="bbox 545 3364 2126 3438; baseline 0.007 -19"><span class='ocrx_word' id='word_1_219' title='bbox 545 3364 898 3420; x_wconf 80' lang='lat' dir='ltr'><strong>transfundit.</strong></span> <span class='ocrx_word' id='word_1_220' title='bbox 931 3364 1226 3438; x_wconf 86' lang='lat' dir='ltr'><strong>Postquam</strong></span> <span class='ocrx_word' id='word_1_221' title='bbox 1259 3377 1444 3423; x_wconf 87' lang='lat' dir='ltr'><strong>autem</strong></span> <span class='ocrx_word' id='word_1_222' title='bbox 1473 3385 1722 3425; x_wconf 87' lang='lat' dir='ltr'><strong>crassum</strong></span> <span class='ocrx_word' id='word_1_223' title='bbox 1747 3386 1778 3426; x_wconf 90' lang='lat' dir='ltr'><strong>a</strong></span> <span class='ocrx_word' id='word_1_224' title='bbox 1816 3373 1968 3427; x_wconf 88' lang='lat' dir='ltr'><strong>tenui</strong></span> <span class='ocrx_word' id='word_1_225' title='bbox 2010 3373 2126 3430; x_wconf 89' lang='lat' dir='ltr'><strong>dis-</strong></span> 
     </span>
    </p>
   </div>
   <div class='ocr_carea' id='block_1_34' title="bbox 543 3457 2126 3536">
    <p class='ocr_par' dir='ltr' id='par_1_34' title="bbox 543 3457 2126 3536">
     <span class='ocr_line' id='line_1_34' title="bbox 543 3457 2126 3536; baseline 0.004 -22"><span class='ocrx_word' id='word_1_226' title='bbox 543 3457 740 3524; x_wconf 85' lang='lat' dir='ltr'><strong>crevit,</strong></span> <span class='ocrx_word' id='word_1_227' title='bbox 801 3457 1068 3530; x_wconf 88' lang='lat' dir='ltr'><strong>quidquid</strong></span> <span class='ocrx_word' id='word_1_228' title='bbox 1111 3461 1356 3516; x_wconf 90' lang='lat' dir='ltr'><strong>crassius</strong></span> <span class='ocrx_word' id='word_1_229' title='bbox 1387 3470 1474 3516; x_wconf 88' lang='lat' dir='ltr'><strong>est</strong></span> <span class='ocrx_word' id='word_1_230' title='bbox 1507 3461 1562 3516; x_wconf 92' lang='lat' dir='ltr'><strong>in</strong></span> <span class='ocrx_word' id='word_1_231' title='bbox 1596 3462 1852 3518; x_wconf 84' lang='lat' dir='ltr'><strong>intestina</strong></span> <span class='ocrx_word' id='word_1_232' title='bbox 1880 3466 2126 3536; x_wconf 88' lang='lat' dir='ltr'><strong>repellit,</strong></span> 
     </span>
    </p>
   </div>
   <div class='ocr_carea' id='block_1_35' title="bbox 545 3551 2128 3628">
    <p class='ocr_par' dir='ltr' id='par_1_35' title="bbox 545 3551 2128 3628">
     <span class='ocr_line' id='line_1_35' title="bbox 545 3551 2128 3628; baseline 0.006 -24"><span class='ocrx_word' id='word_1_233' title='bbox 545 3551 730 3606; x_wconf 82' lang='lat' dir='ltr'><strong>tenuia</strong></span> <span class='ocrx_word' id='word_1_234' title='bbox 760 3567 892 3607; x_wconf 86' lang='lat' dir='ltr'><strong>vero</strong></span> <span class='ocrx_word' id='word_1_235' title='bbox 917 3562 972 3607; x_wconf 93' lang='lat' dir='ltr'><strong>et</strong></span> <span class='ocrx_word' id='word_1_236' title='bbox 1008 3568 1038 3607; x_wconf 88' lang='lat' dir='ltr'><strong>a</strong></span> <span class='ocrx_word' id='word_1_237' title='bbox 1069 3553 1326 3610; x_wconf 85' lang='lat' dir='ltr'><strong>sordibus</strong></span> <span class='ocrx_word' id='word_1_238' title='bbox 1357 3563 1568 3610; x_wconf 79' lang='lat' dir='ltr'><strong>secreta</strong></span> <span class='ocrx_word' id='word_1_239' title='bbox 1597 3556 1662 3610; x_wconf 91' lang='lat' dir='ltr'><strong>ad</strong></span> <span class='ocrx_word' id='word_1_240' title='bbox 1701 3565 1888 3627; x_wconf 85' lang='lat' dir='ltr'><strong>portas</strong></span> <span class='ocrx_word' id='word_1_241' title='bbox 1914 3557 2128 3628; x_wconf 87' lang='lat' dir='ltr'><strong>hepatis</strong></span> 
     </span>
    </p>
   </div>
   <div class='ocr_carea' id='block_1_36' title="bbox 541 3641 2126 3712">
    <p class='ocr_par' dir='ltr' id='par_1_36' title="bbox 541 3641 2126 3712">
     <span class='ocr_line' id='line_1_36' title="bbox 541 3641 2126 3712; baseline 0.006 -16"><span class='ocrx_word' id='word_1_242' title='bbox 541 3641 736 3698; x_wconf 81' lang='lat' dir='ltr'><strong>defert.</strong></span> <span class='ocrx_word' id='word_1_243' title='bbox 774 3641 1055 3700; x_wconf 69' lang='lat' dir='ltr'><strong>Ebuiliens</strong></span> <span class='ocrx_word' id='word_1_244' title='bbox 1081 3655 1265 3700; x_wconf 87' lang='lat' dir='ltr'><strong>autem</strong></span> <span class='ocrx_word' id='word_1_245' title='bbox 1296 3646 1430 3702; x_wconf 92' lang='lat' dir='ltr'><strong>illud</strong></span> <span class='ocrx_word' id='word_1_246' title='bbox 1458 3647 1664 3712; x_wconf 90' lang='lat' dir='ltr'><strong>calore,</strong></span> <span class='ocrx_word' id='word_1_247' title='bbox 1709 3649 1994 3705; x_wconf 90' lang='lat' dir='ltr'><strong>humidum</strong></span> <span class='ocrx_word' id='word_1_248' title='bbox 2041 3651 2126 3705; x_wconf 87' lang='lat' dir='ltr'><strong>in-</strong></span> 
     </span>
    </p>
   </div>
   <div class='ocr_carea' id='block_1_37' title="bbox 541 3735 2123 3813">
    <p class='ocr_par' dir='ltr' id='par_1_37' title="bbox 541 3735 2123 3813">
     <span class='ocr_line' id='line_1_37' title="bbox 541 3735 2123 3813; baseline 0.006 -25"><span class='ocrx_word' id='word_1_249' title='bbox 541 3743 631 3789; x_wconf 79' lang='lat' dir='ltr'><strong>tus</strong></span> <span class='ocrx_word' id='word_1_250' title='bbox 659 3735 901 3804; x_wconf 84' lang='lat' dir='ltr'><strong>deponit,</strong></span> <span class='ocrx_word' id='word_1_251' title='bbox 935 3745 991 3792; x_wconf 88' lang='lat' dir='ltr'><strong>et</strong></span> <span class='ocrx_word' id='word_1_252' title='bbox 1014 3737 1156 3804; x_wconf 86' lang='lat' dir='ltr'><strong>quod</strong></span> <span class='ocrx_word' id='word_1_253' title='bbox 1193 3737 1306 3808; x_wconf 90' lang='lat' dir='ltr'><strong>igni</strong></span> <span class='ocrx_word' id='word_1_254' title='bbox 1342 3749 1636 3809; x_wconf 89' lang='lat' dir='ltr'><strong>cognatum</strong></span> <span class='ocrx_word' id='word_1_255' title='bbox 1667 3750 1772 3806; x_wconf 90' lang='lat' dir='ltr'><strong>est,</strong></span> <span class='ocrx_word' id='word_1_256' title='bbox 1814 3741 1868 3796; x_wconf 92' lang='lat' dir='ltr'><strong>in</strong></span> <span class='ocrx_word' id='word_1_257' title='bbox 1897 3744 2123 3813; x_wconf 86' lang='lat' dir='ltr'><strong>sangui-</strong></span> 
     </span>
    </p>
   </div>
   <div class='ocr_carea' id='block_1_38' title="bbox 541 3826 2123 3898">
    <p class='ocr_par' dir='ltr' id='par_1_38' title="bbox 541 3826 2123 3898">
     <span class='ocr_line' id='line_1_38' title="bbox 541 3826 2123 3898; baseline 0.005 -18"><span class='ocrx_word' id='word_1_258' title='bbox 541 3841 668 3881; x_wconf 85' lang='lat' dir='ltr'><strong>nem</strong></span> <span class='ocrx_word' id='word_1_259' title='bbox 699 3827 870 3881; x_wconf 84' lang='lat' dir='ltr'><strong>rubeo</strong></span> <span class='ocrx_word' id='word_1_260' title='bbox 898 3826 1161 3882; x_wconf 75' lang='lat' dir='ltr'><strong>infectum</strong></span> <span class='ocrx_word' id='word_1_261' title='bbox 1192 3828 1376 3885; x_wconf 89' lang='lat' dir='ltr'><strong>colore</strong></span> <span class='ocrx_word' id='word_1_262' title='bbox 1405 3839 1600 3886; x_wconf 91' lang='lat' dir='ltr'><strong>mutat.</strong></span> <span class='ocrx_word' id='word_1_263' title='bbox 1636 3830 1766 3898; x_wconf 85' lang='lat' dir='ltr'><strong>Quae</strong></span> <span class='ocrx_word' id='word_1_264' title='bbox 1799 3843 1977 3888; x_wconf 91' lang='lat' dir='ltr'><strong>autem</strong></span> <span class='ocrx_word' id='word_1_265' title='bbox 2011 3835 2123 3888; x_wconf 87' lang='lat' dir='ltr'><strong>vim</strong></span> 
     </span>
    </p>
   </div>
   <div class='ocr_carea' id='block_1_39' title="bbox 541 3919 2125 3995">
    <p class='ocr_par' dir='ltr' id='par_1_39' title="bbox 541 3919 2125 3995">
     <span class='ocr_line' id='line_1_39' title="bbox 541 3919 2125 3995; baseline 0.007 -24"><span class='ocrx_word' id='word_1_266' title='bbox 541 3919 776 3973; x_wconf 87' lang='lat' dir='ltr'><strong>mediam</strong></span> <span class='ocrx_word' id='word_1_267' title='bbox 815 3920 1108 3990; x_wconf 80' lang='lat' dir='ltr'><strong>quamdam</strong></span> <span class='ocrx_word' id='word_1_268' title='bbox 1157 3920 1384 3990; x_wconf 83' lang='lat' dir='ltr'><strong>habent,</strong></span> <span class='ocrx_word' id='word_1_269' title='bbox 1435 3939 1499 3978; x_wconf 90' lang='lat' dir='ltr'><strong>ea</strong></span> <span class='ocrx_word' id='word_1_270' title='bbox 1544 3939 1639 3994; x_wconf 91' lang='lat' dir='ltr'><strong>per</strong></span> <span class='ocrx_word' id='word_1_271' title='bbox 1671 3926 1968 3995; x_wconf 90' lang='lat' dir='ltr'><strong>quamdam</strong></span> <span class='ocrx_word' id='word_1_272' title='bbox 2021 3928 2125 3982; x_wconf 90' lang='lat' dir='ltr'><strong>mi-</strong></span> 
     </span>
    </p>
   </div>
   <div class='ocr_carea' id='block_1_40' title="bbox 539 4016 2123 4086">
    <p class='ocr_par' dir='ltr' id='par_1_40' title="bbox 539 4016 2123 4086">
     <span class='ocr_line' id='line_1_40' title="bbox 539 4016 2123 4086; baseline 0.004 -21"><span class='ocrx_word' id='word_1_273' title='bbox 539 4021 750 4066; x_wconf 82' lang='lat' dir='ltr'><strong>sturam</strong></span> <span class='ocrx_word' id='word_1_274' title='bbox 807 4020 1342 4085; x_wconf 87' lang='lat' dir='ltr'><strong>temperaturamque</strong></span> <span class='ocrx_word' id='word_1_275' title='bbox 1387 4016 1536 4070; x_wconf 85' lang='lat' dir='ltr'><strong>unita</strong></span> <span class='ocrx_word' id='word_1_276' title='bbox 1587 4017 1826 4086; x_wconf 89' lang='lat' dir='ltr'><strong>corpori,</strong></span> <span class='ocrx_word' id='word_1_277' title='bbox 1873 4017 2123 4073; x_wconf 88' lang='lat' dir='ltr'><strong>nutriunt</strong></span> 
     </span>
    </p>
   </div>
   <div class='ocr_carea' id='block_1_41' title="bbox 538 4107 2124 4178">
    <p class='ocr_par' dir='ltr' id='par_1_41' title="bbox 538 4107 2124 4178">
     <span class='ocr_line' id='line_1_41' title="bbox 538 4107 2124 4178; baseline 0.004 -21"><span class='ocrx_word' id='word_1_278' title='bbox 538 4113 702 4175; x_wconf 82' lang='lat' dir='ltr'><strong>atque</strong></span> <span class='ocrx_word' id='word_1_279' title='bbox 759 4115 1090 4160; x_wconf 88' lang='lat' dir='ltr'><strong>conservant</strong></span> <span class='ocrx_word' id='word_1_280' title='bbox 1135 4122 1233 4176; x_wconf 87' lang='lat' dir='ltr'><strong>per</strong></span> <span class='ocrx_word' id='word_1_281' title='bbox 1277 4107 1691 4178; x_wconf 83' lang='lat' dir='ltr'><strong>evaporationes</strong></span> <span class='ocrx_word' id='word_1_282' title='bbox 1738 4109 2046 4174; x_wconf 85' lang='lat' dir='ltr'><strong>cerebrum,</strong></span> <span class='ocrx_word' id='word_1_283' title='bbox 2091 4124 2124 4164; x_wconf 89' lang='lat' dir='ltr'><strong>a</strong></span> 
     </span>
    </p>
   </div>
   <div class='ocr_carea' id='block_1_42' title="bbox 537 4194 2124 4269">
    <p class='ocr_par' dir='ltr' id='par_1_42' title="bbox 537 4194 2124 4269">
     <span class='ocr_line' id='line_1_42' title="bbox 537 4194 2124 4269; baseline 0.006 -26"><span class='ocrx_word' id='word_1_284' title='bbox 537 4201 649 4264; x_wconf 82' lang='lat' dir='ltr'><strong>quo</strong></span> <span class='ocrx_word' id='word_1_285' title='bbox 685 4210 902 4249; x_wconf 89' lang='lat' dir='ltr'><strong>rursum</strong></span> <span class='ocrx_word' id='word_1_286' title='bbox 933 4194 1126 4264; x_wconf 92' lang='lat' dir='ltr'><strong>purius</strong></span> <span class='ocrx_word' id='word_1_287' title='bbox 1164 4210 1228 4249; x_wconf 90' lang='lat' dir='ltr'><strong>ac</strong></span> <span class='ocrx_word' id='word_1_288' title='bbox 1273 4195 1531 4252; x_wconf 84' lang='lat' dir='ltr'><strong>subtilius</strong></span> <span class='ocrx_word' id='word_1_289' title='bbox 1562 4205 1840 4252; x_wconf 87' lang='lat' dir='ltr'><strong>attenuata</strong></span> <span class='ocrx_word' id='word_1_290' title='bbox 1883 4197 2124 4269; x_wconf 86' lang='lat' dir='ltr'><strong>digesta-</strong></span> 
     </span>
    </p>
   </div>
   <div class='ocr_carea' id='block_1_43' title="bbox 536 4285 2120 4354">
    <p class='ocr_par' dir='ltr' id='par_1_43' title="bbox 536 4285 2120 4354">
     <span class='ocr_line' id='line_1_43' title="bbox 536 4285 2120 4354; baseline 0.003 -17"><span class='ocrx_word' id='word_1_291' title='bbox 536 4301 645 4354; x_wconf 85' lang='lat' dir='ltr'><strong>que</strong></span> <span class='ocrx_word' id='word_1_292' title='bbox 675 4285 762 4338; x_wconf 83' lang='lat' dir='ltr'><strong>illa</strong></span> <span class='ocrx_word' id='word_1_293' title='bbox 813 4286 1112 4350; x_wconf 81' lang='lat' dir='ltr'><strong>exhalatio,</strong></span> <span class='ocrx_word' id='word_1_294' title='bbox 1143 4286 1370 4341; x_wconf 90' lang='lat' dir='ltr'><strong>sublinit</strong></span> <span class='ocrx_word' id='word_1_295' title='bbox 1415 4287 1788 4342; x_wconf 87' lang='lat' dir='ltr'><strong>continentem</strong></span> <span class='ocrx_word' id='word_1_296' title='bbox 1834 4288 2120 4344; x_wconf 89' lang='lat' dir='ltr'><strong>cerebrum</strong></span> 
     </span>
    </p>
   </div>
   <div class='ocr_carea' id='block_1_44' title="bbox 541 4377 2122 4448">
    <p class='ocr_par' dir='ltr' id='par_1_44' title="bbox 541 4377 2122 4448">
     <span class='ocr_line' id='line_1_44' title="bbox 541 4377 2122 4448; baseline 0.001 -18"><span class='ocrx_word' id='word_1_297' title='bbox 541 4377 936 4441; x_wconf 87' lang='lat' dir='ltr'><strong>membranam,</strong></span> <span class='ocrx_word' id='word_1_298' title='bbox 966 4393 1089 4448; x_wconf 76' lang='lat' dir='ltr'><strong>qua:</strong></span> <span class='ocrx_word' id='word_1_299' title='bbox 1115 4392 1352 4448; x_wconf 87' lang='lat' dir='ltr'><strong>superne</strong></span> <span class='ocrx_word' id='word_1_300' title='bbox 1377 4377 1444 4433; x_wconf 87' lang='lat' dir='ltr'><strong>ad</strong></span> <span class='ocrx_word' id='word_1_301' title='bbox 1472 4377 1737 4434; x_wconf 82' lang='lat' dir='ltr'><strong>inferiora</strong></span> <span class='ocrx_word' id='word_1_302' title='bbox 1764 4379 1938 4434; x_wconf 90' lang='lat' dir='ltr'><strong>instar</strong></span> <span class='ocrx_word' id='word_1_303' title='bbox 1966 4377 2122 4434; x_wconf 86' lang='lat' dir='ltr'><strong>ﬁstu-</strong></span> 
     </span>
    </p>
   </div>
   <div class='ocr_carea' id='block_1_45' title="bbox 538 4467 2120 4541">
    <p class='ocr_par' dir='ltr' id='par_1_45' title="bbox 538 4467 2120 4541">
     <span class='ocr_line' id='line_1_45' title="bbox 538 4467 2120 4541; baseline 0.004 -20"><span class='ocrx_word' id='word_1_304' title='bbox 538 4467 605 4521; x_wconf 68' lang='lat' dir='ltr'><strong>izc</strong></span> <span class='ocrx_word' id='word_1_305' title='bbox 633 4483 752 4522; x_wconf 88' lang='lat' dir='ltr'><strong>sese</strong></span> <span class='ocrx_word' id='word_1_306' title='bbox 783 4483 1070 4538; x_wconf 82' lang='lat' dir='ltr'><strong>spargens,</strong></span> <span class='ocrx_word' id='word_1_307' title='bbox 1106 4484 1204 4538; x_wconf 90' lang='lat' dir='ltr'><strong>per</strong></span> <span class='ocrx_word' id='word_1_308' title='bbox 1227 4469 1556 4540; x_wconf 72' lang='lat' dir='ltr'><strong>coniunctas</strong></span> <span class='ocrx_word' id='word_1_309' title='bbox 1590 4470 1784 4526; x_wconf 89' lang='lat' dir='ltr'><strong>ordine</strong></span> <span class='ocrx_word' id='word_1_310' title='bbox 1819 4470 1923 4527; x_wconf 88' lang='lat' dir='ltr'><strong>sibi</strong></span> <span class='ocrx_word' id='word_1_311' title='bbox 1949 4471 2120 4541; x_wconf 62' lang='lat' dir='ltr'><strong>spina:</strong></span> 
     </span>
    </p>
   </div>
   <div class='ocr_carea' id='block_1_46' title="bbox 539 4559 2120 4631">
    <p class='ocr_par' dir='ltr' id='par_1_46' title="bbox 539 4559 2120 4631">
     <span class='ocr_line' id='line_1_46' title="bbox 539 4559 2120 4631; baseline 0.004 -23"><span class='ocrx_word' id='word_1_312' title='bbox 539 4559 840 4624; x_wconf 85' lang='lat' dir='ltr'><strong>vettebras,</strong></span> <span class='ocrx_word' id='word_1_313' title='bbox 896 4560 1248 4631; x_wconf 85' lang='lat' dir='ltr'><strong>semetipsam</strong></span> <span class='ocrx_word' id='word_1_314' title='bbox 1291 4569 1345 4615; x_wconf 92' lang='lat' dir='ltr'><strong>et</strong></span> <span class='ocrx_word' id='word_1_315' title='bbox 1371 4569 1682 4616; x_wconf 87' lang='lat' dir='ltr'><strong>contentam</strong></span> <span class='ocrx_word' id='word_1_316' title='bbox 1714 4560 1767 4614; x_wconf 92' lang='lat' dir='ltr'><strong>in</strong></span> <span class='ocrx_word' id='word_1_317' title='bbox 1817 4575 1879 4616; x_wconf 90' lang='lat' dir='ltr'><strong>se</strong></span> <span class='ocrx_word' id='word_1_318' title='bbox 1907 4561 2120 4615; x_wconf 92' lang='lat' dir='ltr'><strong>medul-</strong></span> 
     </span>
    </p>
   </div>
   <div class='ocr_carea' id='block_1_47' title="bbox 539 4653 2121 4726">
    <p class='ocr_par' dir='ltr' id='par_1_47' title="bbox 539 4653 2121 4726">
     <span class='ocr_line' id='line_1_47' title="bbox 539 4653 2121 4726; baseline 0.001 -18"><span class='ocrx_word' id='word_1_319' title='bbox 539 4655 645 4708; x_wconf 86' lang='lat' dir='ltr'><strong>l&#39;am</strong></span> <span class='ocrx_word' id='word_1_320' title='bbox 675 4656 1002 4726; x_wconf 89' lang='lat' dir='ltr'><strong>perducens,</strong></span> <span class='ocrx_word' id='word_1_321' title='bbox 1035 4655 1088 4710; x_wconf 93' lang='lat' dir='ltr'><strong>in</strong></span> <span class='ocrx_word' id='word_1_322' title='bbox 1118 4655 1356 4710; x_wconf 85' lang='lat' dir='ltr'><strong>verenda</strong></span> <span class='ocrx_word' id='word_1_323' title='bbox 1391 4654 1611 4721; x_wconf 82' lang='lat' dir='ltr'><strong>desinit,</strong></span> <span class='ocrx_word' id='word_1_324' title='bbox 1643 4663 1837 4725; x_wconf 89' lang='lat' dir='ltr'><strong>estque</strong></span> <span class='ocrx_word' id='word_1_325' title='bbox 1863 4653 2121 4709; x_wconf 86' lang='lat' dir='ltr'><strong>omnibus</strong></span> 
     </span>
    </p>
   </div>
   <div class='ocr_carea' id='block_1_48' title="bbox 537 4743 2122 4816">
    <p class='ocr_par' dir='ltr' id='par_1_48' title="bbox 537 4743 2122 4816">
     <span class='ocr_line' id='line_1_48' title="bbox 537 4743 2122 4816; baseline -0.001 -17"><span class='ocrx_word' id='word_1_326' title='bbox 537 4746 746 4800; x_wconf 90' lang='lat' dir='ltr'><strong>ossium</strong></span> <span class='ocrx_word' id='word_1_327' title='bbox 779 4752 830 4799; x_wconf 92' lang='lat' dir='ltr'><strong>et</strong></span> <span class='ocrx_word' id='word_1_328' title='bbox 861 4759 1185 4816; x_wconf 73' lang='lat' dir='ltr'><strong>compagunu</strong></span> <span class='ocrx_word' id='word_1_329' title='bbox 1214 4744 1598 4800; x_wconf 88' lang='lat' dir='ltr'><strong>commissuris</strong></span> <span class='ocrx_word' id='word_1_330' title='bbox 1633 4743 2122 4814; x_wconf 76' lang='lat' dir='ltr'><strong>muscuiorumque</strong></span> 
     </span>
    </p>
   </div>
   <div class='ocr_carea' id='block_1_49' title="bbox 539 4835 2117 4908">
    <p class='ocr_par' dir='ltr' id='par_1_49' title="bbox 539 4835 2117 4908">
     <span class='ocr_line' id='line_1_49' title="bbox 539 4835 2117 4908; baseline 0.001 -19"><span class='ocrx_word' id='word_1_331' title='bbox 539 4835 845 4906; x_wconf 86' lang='lat' dir='ltr'><strong>principiis,</strong></span> <span class='ocrx_word' id='word_1_332' title='bbox 876 4836 1043 4892; x_wconf 90' lang='lat' dir='ltr'><strong>veluti</strong></span> <span class='ocrx_word' id='word_1_333' title='bbox 1078 4836 1430 4908; x_wconf 83' lang='lat' dir='ltr'><strong>gubernatrix</strong></span> <span class='ocrx_word' id='word_1_334' title='bbox 1471 4837 1743 4908; x_wconf 83' lang='lat' dir='ltr'><strong>quaedam,</strong></span> <span class='ocrx_word' id='word_1_335' title='bbox 1778 4837 1972 4893; x_wconf 91' lang='lat' dir='ltr'><strong>indens</strong></span> <span class='ocrx_word' id='word_1_336' title='bbox 2006 4837 2117 4892; x_wconf 91' lang='lat' dir='ltr'><strong>sin-</strong></span> 
     </span>
    </p>
   </div>
   <div class='ocr_carea' id='block_1_50' title="bbox 539 4927 1412 5000">
    <p class='ocr_par' dir='ltr' id='par_1_50' title="bbox 539 4927 1412 5000">
     <span class='ocr_line' id='line_1_50' title="bbox 539 4927 1412 5000; baseline -0.002 -16"><span class='ocrx_word' id='word_1_337' title='bbox 539 4929 684 5000; x_wconf 87' lang='lat' dir='ltr'><strong>gulis</strong></span> <span class='ocrx_word' id='word_1_338' title='bbox 719 4938 926 4984; x_wconf 88' lang='lat' dir='ltr'><strong>motum</strong></span> <span class='ocrx_word' id='word_1_339' title='bbox 955 4938 1121 4999; x_wconf 83' lang='lat' dir='ltr'><strong>atque</strong></span> <span class='ocrx_word' id='word_1_340' title='bbox 1149 4927 1412 4999; x_wconf 90' lang='lat' dir='ltr'><strong>quietem.</strong></span> 
     </span>
    </p>
   </div>
   <div class='ocr_carea' id='block_1_51' title="bbox 619 5062 2116 5134">
    <p class='ocr_par' dir='ltr' id='par_1_51' title="bbox 619 5062 2116 5134">
     <span class='ocr_line' id='line_1_51' title="bbox 619 5062 2116 5134; baseline -0.001 -14"><span class='ocrx_word' id='word_1_341' title='bbox 619 5063 726 5120; x_wconf 88' lang='lat' dir='ltr'><strong>Sed</strong></span> <span class='ocrx_word' id='word_1_342' title='bbox 763 5063 832 5119; x_wconf 88' lang='lat' dir='ltr'><strong>ad</strong></span> <span class='ocrx_word' id='word_1_343' title='bbox 865 5064 1208 5134; x_wconf 85' lang='lat' dir='ltr'><strong>propositum</strong></span> <span class='ocrx_word' id='word_1_344' title='bbox 1257 5073 1612 5119; x_wconf 85' lang='lat' dir='ltr'><strong>revertamur.</strong></span> <span class='ocrx_word' id='word_1_345' title='bbox 1642 5062 1915 5131; x_wconf 85' lang='lat' dir='ltr'><strong>Quoniam</strong></span> <span class='ocrx_word' id='word_1_346' title='bbox 1951 5079 2116 5134; x_wconf 88' lang='lat' dir='ltr'><strong>quam</strong></span> 
     </span>
    </p>
   </div>
   <div class='ocr_carea' id='block_1_52' title="bbox 539 5156 2118 5228">
    <p class='ocr_par' dir='ltr' id='par_1_52' title="bbox 539 5156 2118 5228">
     <span class='ocr_line' id='line_1_52' title="bbox 539 5156 2118 5228; baseline -0.001 -15"><span class='ocrx_word' id='word_1_347' title='bbox 539 5157 775 5214; x_wconf 83' lang='lat' dir='ltr'><strong>maxime</strong></span> <span class='ocrx_word' id='word_1_348' title='bbox 828 5157 1163 5228; x_wconf 70' lang='lat' dir='ltr'><strong>praecipuum</strong></span> <span class='ocrx_word' id='word_1_349' title='bbox 1214 5165 1271 5211; x_wconf 92' lang='lat' dir='ltr'><strong>et</strong></span> <span class='ocrx_word' id='word_1_350' title='bbox 1317 5156 1686 5211; x_wconf 83' lang='lat' dir='ltr'><strong>necessarium</strong></span> <span class='ocrx_word' id='word_1_351' title='bbox 1739 5157 1865 5212; x_wconf 68' lang='lat' dir='ltr'><strong>vitae</strong></span> <span class='ocrx_word' id='word_1_352' title='bbox 1917 5167 2118 5214; x_wconf 75' lang='lat' dir='ltr'><strong>nostra:</strong></span> 
     </span>
    </p>
   </div>
   <div class='ocr_carea' id='block_1_53' title="bbox 539 5248 2117 5320">
    <p class='ocr_par' dir='ltr' id='par_1_53' title="bbox 539 5248 2117 5320">
     <span class='ocr_line' id='line_1_53' title="bbox 539 5248 2117 5320; baseline -0.001 -14"><span class='ocrx_word' id='word_1_353' title='bbox 539 5249 845 5307; x_wconf 85' lang='lat' dir='ltr'><strong>membrum</strong></span> <span class='ocrx_word' id='word_1_354' title='bbox 881 5262 980 5304; x_wconf 87' lang='lat' dir='ltr'><strong>cor</strong></span> <span class='ocrx_word' id='word_1_355' title='bbox 1002 5257 1110 5312; x_wconf 88' lang='lat' dir='ltr'><strong>est,</strong></span> <span class='ocrx_word' id='word_1_356' title='bbox 1141 5248 1273 5304; x_wconf 81' lang='lat' dir='ltr'><strong>ideo</strong></span> <span class='ocrx_word' id='word_1_357' title='bbox 1295 5263 1407 5318; x_wconf 70' lang='lat' dir='ltr'><strong>pra:</strong></span> <span class='ocrx_word' id='word_1_358' title='bbox 1431 5249 1688 5305; x_wconf 88' lang='lat' dir='ltr'><strong>omnibus</strong></span> <span class='ocrx_word' id='word_1_359' title='bbox 1724 5248 1929 5305; x_wconf 90' lang='lat' dir='ltr'><strong>nostris</strong></span> <span class='ocrx_word' id='word_1_360' title='bbox 1958 5265 2117 5320; x_wconf 85' lang='lat' dir='ltr'><strong>orga-</strong></span> 
     </span>
    </p>
   </div>
   <div class='ocr_carea' id='block_1_54' title="bbox 540 5334 2116 5408">
    <p class='ocr_par' dir='ltr' id='par_1_54' title="bbox 540 5334 2116 5408">
     <span class='ocr_line' id='line_1_54' title="bbox 540 5334 2116 5408; baseline -0.001 -13"><span class='ocrx_word' id='word_1_361' title='bbox 540 5341 626 5396; x_wconf 87' lang='lat' dir='ltr'><strong>nis</strong></span> <span class='ocrx_word' id='word_1_362' title='bbox 659 5353 784 5395; x_wconf 86' lang='lat' dir='ltr'><strong>eum</strong></span> <span class='ocrx_word' id='word_1_363' title='bbox 832 5337 1026 5408; x_wconf 88' lang='lat' dir='ltr'><strong>primis</strong></span> <span class='ocrx_word' id='word_1_364' title='bbox 1059 5338 1236 5408; x_wconf 88' lang='lat' dir='ltr'><strong>ipsum</strong></span> <span class='ocrx_word' id='word_1_365' title='bbox 1287 5337 1644 5392; x_wconf 87' lang='lat' dir='ltr'><strong>communivit</strong></span> <span class='ocrx_word' id='word_1_366' title='bbox 1675 5334 1892 5408; x_wconf 72' lang='lat' dir='ltr'><strong>Opifex,</strong></span> <span class='ocrx_word' id='word_1_367' title='bbox 1950 5339 2116 5393; x_wconf 88' lang='lat' dir='ltr'><strong>robu-</strong></span> 
     </span>
    </p>
   </div>
   <div class='ocr_carea' id='block_1_55' title="bbox 537 5429 2114 5500">
    <p class='ocr_par' dir='ltr' id='par_1_55' title="bbox 537 5429 2114 5500">
     <span class='ocr_line' id='line_1_55' title="bbox 537 5429 2114 5500; baseline -0.002 -11"><span class='ocrx_word' id='word_1_368' title='bbox 537 5431 801 5489; x_wconf 85' lang='lat' dir='ltr'><strong>stioribus</strong></span> <span class='ocrx_word' id='word_1_369' title='bbox 829 5431 1258 5500; x_wconf 90' lang='lat' dir='ltr'><strong>circumquaque</strong></span> <span class='ocrx_word' id='word_1_370' title='bbox 1289 5429 1693 5486; x_wconf 86' lang='lat' dir='ltr'><strong>munitionibus</strong></span> <span class='ocrx_word' id='word_1_371' title='bbox 1738 5431 1859 5500; x_wconf 90' lang='lat' dir='ltr'><strong>ipso</strong></span> <span class='ocrx_word' id='word_1_372' title='bbox 1901 5431 1959 5485; x_wconf 91' lang='lat' dir='ltr'><strong>in</strong></span> <span class='ocrx_word' id='word_1_373' title='bbox 1996 5440 2114 5486; x_wconf 88' lang='lat' dir='ltr'><strong>tuto</strong></span> 
     </span>
    </p>
   </div>
   <div class='ocr_carea' id='block_1_56' title="bbox 537 5523 2114 5594">
    <p class='ocr_par' dir='ltr' id='par_1_56' title="bbox 537 5523 2114 5594">
     <span class='ocr_line' id='line_1_56' title="bbox 537 5523 2114 5594; baseline -0.001 -12"><span class='ocrx_word' id='word_1_374' title='bbox 537 5527 826 5589; x_wconf 79' lang='lat' dir='ltr'><strong>collocato,</strong></span> <span class='ocrx_word' id='word_1_375' title='bbox 855 5532 908 5579; x_wconf 90' lang='lat' dir='ltr'><strong>et</strong></span> <span class='ocrx_word' id='word_1_376' title='bbox 933 5533 1098 5594; x_wconf 73' lang='lat' dir='ltr'><strong>septo.</strong></span> <span class='ocrx_word' id='word_1_377' title='bbox 1121 5523 1494 5589; x_wconf 90' lang='lat' dir='ltr'><strong>circumdato;</strong></span> <span class='ocrx_word' id='word_1_378' title='bbox 1521 5530 1665 5578; x_wconf 78' lang='lat' dir='ltr'><strong>retro</strong></span> <span class='ocrx_word' id='word_1_379' title='bbox 1693 5523 1914 5594; x_wconf 89' lang='lat' dir='ltr'><strong>quidem</strong></span> <span class='ocrx_word' id='word_1_380' title='bbox 1949 5524 2114 5581; x_wconf 91' lang='lat' dir='ltr'><strong>dorso</strong></span> 
     </span>
    </p>
   </div>
   <div class='ocr_carea' id='block_1_57' title="bbox 539 5615 2113 5686">
    <p class='ocr_par' dir='ltr' id='par_1_57' title="bbox 539 5615 2113 5686">
     <span class='ocr_line' id='line_1_57' title="bbox 539 5615 2113 5686; baseline -0.003 -11"><span class='ocrx_word' id='word_1_381' title='bbox 539 5631 594 5675; x_wconf 84' lang='lat' dir='ltr'><strong>et</strong></span> <span class='ocrx_word' id='word_1_382' title='bbox 636 5620 998 5675; x_wconf 88' lang='lat' dir='ltr'><strong>humerorum</strong></span> <span class='ocrx_word' id='word_1_383' title='bbox 1047 5615 1306 5686; x_wconf 85' lang='lat' dir='ltr'><strong>scapulis,</strong></span> <span class='ocrx_word' id='word_1_384' title='bbox 1359 5615 1438 5670; x_wconf 77' lang='lat' dir='ltr'><strong>ab.</strong></span> <span class='ocrx_word' id='word_1_385' title='bbox 1473 5623 1706 5685; x_wconf 85' lang='lat' dir='ltr'><strong>utroque</strong></span> <span class='ocrx_word' id='word_1_386' title='bbox 1763 5630 1903 5670; x_wconf 80' lang='lat' dir='ltr'><strong>vero</strong></span> <span class='ocrx_word' id='word_1_387' title='bbox 1946 5616 2113 5671; x_wconf 89' lang='lat' dir='ltr'><strong>latere</strong></span> 
     </span>
    </p>
   </div>
   <div class='ocr_carea' id='block_1_58' title="bbox 539 5706 2112 5780">
    <p class='ocr_par' dir='ltr' id='par_1_58' title="bbox 539 5706 2112 5780">
     <span class='ocr_line' id='line_1_58' title="bbox 539 5706 2112 5780; baseline -0.002 -13"><span class='ocrx_word' id='word_1_388' title='bbox 539 5721 817 5767; x_wconf 77' lang='lat' dir='ltr'><strong>costarum</strong></span> <span class='ocrx_word' id='word_1_389' title='bbox 857 5709 966 5767; x_wconf 91' lang='lat' dir='ltr'><strong>situ</strong></span> <span class='ocrx_word' id='word_1_390' title='bbox 994 5718 1048 5766; x_wconf 91' lang='lat' dir='ltr'><strong>et</strong></span> <span class='ocrx_word' id='word_1_391' title='bbox 1076 5708 1384 5780; x_wconf 82' lang='lat' dir='ltr'><strong>complexu,</strong></span> <span class='ocrx_word' id='word_1_392' title='bbox 1436 5723 1507 5764; x_wconf 88' lang='lat' dir='ltr'><strong>ne</strong></span> <span class='ocrx_word' id='word_1_393' title='bbox 1546 5709 1786 5763; x_wconf 87' lang='lat' dir='ltr'><strong>medium</strong></span> <span class='ocrx_word' id='word_1_394' title='bbox 1824 5706 1984 5765; x_wconf 81' lang='lat' dir='ltr'><strong>facile</strong></span> <span class='ocrx_word' id='word_1_395' title='bbox 2010 5708 2112 5764; x_wconf 87' lang='lat' dir='ltr'><strong>ali-</strong></span> 
     </span>
    </p>
   </div>
   <div class='ocr_carea' id='block_1_59' title="bbox 541 5800 2109 5874">
    <p class='ocr_par' dir='ltr' id='par_1_59' title="bbox 541 5800 2109 5874">
     <span class='ocr_line' id='line_1_59' title="bbox 541 5800 2109 5874; baseline -0.001 -15"><span class='ocrx_word' id='word_1_396' title='bbox 541 5804 672 5874; x_wconf 62' lang='lat' dir='ltr'><strong>quid</strong></span> <span class='ocrx_word' id='word_1_397' title='bbox 725 5803 986 5874; x_wconf 75' lang='lat' dir='ltr'><strong>patiatur,</strong></span> <span class='ocrx_word' id='word_1_398' title='bbox 1032 5801 1231 5859; x_wconf 67' lang='lat' dir='ltr'><strong>effecit.</strong></span> <span class='ocrx_word' id='word_1_399' title='bbox 1284 5801 1366 5857; x_wconf 76' lang='lat' dir='ltr'><strong>Ab</strong></span> <span class='ocrx_word' id='word_1_400' title='bbox 1415 5800 1685 5857; x_wconf 82' lang='lat' dir='ltr'><strong>anteriore</strong></span> <span class='ocrx_word' id='word_1_401' title='bbox 1740 5809 1919 5857; x_wconf 89' lang='lat' dir='ltr'><strong>autem</strong></span> <span class='ocrx_word' id='word_1_402' title='bbox 1957 5811 2109 5872; x_wconf 82' lang='lat' dir='ltr'><strong>parte</strong></span> 
     </span>
    </p>
   </div>
   <div class='ocr_carea' id='block_1_60' title="bbox 1597 315 2721 376">
    <p class='ocr_par' dir='ltr' id='par_1_60' title="bbox 1597 315 2721 376">
     <span class='ocr_line' id='line_1_60' title="bbox 1597 315 2721 376; baseline 0.001 -3"><span class='ocrx_word' id='word_1_403' title='bbox 1597 315 1663 372; x_wconf 87' lang='lat' dir='ltr'><strong>S.</strong></span> <span class='ocrx_word' id='word_1_404' title='bbox 1701 317 2008 374; x_wconf 58' lang='lat' dir='ltr'><strong>CESARII</strong></span> <span class='ocrx_word' id='word_1_405' title='bbox 2041 317 2382 376; x_wconf 74' lang='lat' dir='ltr'><strong>GREGORII</strong></span> <span class='ocrx_word' id='word_1_406' title='bbox 2409 317 2721 375; x_wconf 75' lang='lat' dir='ltr'><strong>FBA&#39;IRIS</strong></span> 
     </span>
    </p>
   </div>
   <div class='ocr_carea' id='block_1_61' title="bbox 3694 317 3856 372">
    <p class='ocr_par' dir='ltr' id='par_1_61' title="bbox 3694 317 3856 372">
     <span class='ocr_line' id='line_1_61' title="bbox 3694 317 3856 372; baseline 0.006 -2"><span class='ocrx_word' id='word_1_407' title='bbox 3694 317 3856 372; x_wconf 66' lang='grc' dir='ltr'><strong>ιθτὸ</strong></span> 
     </span>
    </p>
   </div>
   <div class='ocr_carea' id='block_1_62' title="bbox 2244 428 3842 506">
    <p class='ocr_par' dir='ltr' id='par_1_62' title="bbox 2244 428 3842 506">
     <span class='ocr_line' id='line_1_62' title="bbox 2244 428 3842 506; baseline -0.004 -19"><span class='ocrx_word' id='word_1_408' title='bbox 2244 436 2503 506; x_wconf 89' lang='grc' dir='ltr'>παρεῖναι</span> <span class='ocrx_word' id='word_1_409' title='bbox 2535 434 2689 505; x_wconf 80' lang='grc' dir='ltr'>παρὰ</span> <span class='ocrx_word' id='word_1_410' title='bbox 2730 433 2833 504; x_wconf 79' lang='grc' dir='ltr'>τῆς</span> <span class='ocrx_word' id='word_1_411' title='bbox 2874 432 3090 503; x_wconf 80' lang='grc' dir='ltr'>φύσεως</span> <span class='ocrx_word' id='word_1_412' title='bbox 3111 431 3194 502; x_wconf 84' lang='grc' dir='ltr'>(οὑ</span> <span class='ocrx_word' id='word_1_413' title='bbox 3225 429 3332 500; x_wconf 69' lang='grc' dir='ltr'><strong>γάρ</strong></span> <span class='ocrx_word' id='word_1_414' title='bbox 3359 428 3570 498; x_wconf 68' lang='grc' dir='ltr'>πέφυκε</span> <span class='ocrx_word' id='word_1_415' title='bbox 3599 428 3663 482; x_wconf 71' lang='grc' dir='ltr'>τὸ</span> <span class='ocrx_word' id='word_1_416' title='bbox 3699 431 3842 500; x_wconf 75' lang='grc' dir='ltr'>παρ’</span> 
     </span>
    </p>
   </div>
   <div class='ocr_carea' id='block_1_63' title="bbox 2240 520 3842 599">
    <p class='ocr_par' dir='ltr' id='par_1_63' title="bbox 2240 520 3842 599">
     <span class='ocr_line' id='line_1_63' title="bbox 2240 520 3842 599; baseline -0.005 -19"><span class='ocrx_word' id='word_1_417' title='bbox 2240 527 2376 598; x_wconf 77' lang='grc' dir='ltr'>ἡμῖν</span> <span class='ocrx_word' id='word_1_418' title='bbox 2409 525 2521 599; x_wconf 79' lang='grc' dir='ltr'>πῦρ</span> <span class='ocrx_word' id='word_1_419' title='bbox 2555 526 2738 598; x_wconf 85' lang='grc' dir='ltr'>μένειν</span> <span class='ocrx_word' id='word_1_420' title='bbox 2770 525 2866 594; x_wconf 79' lang='grc' dir='ltr'><strong>ἀφ’</strong></span> <span class='ocrx_word' id='word_1_421' title='bbox 2896 523 3090 578; x_wconf 81' lang='grc' dir='ltr'>ἑαυτοῦ</span> <span class='ocrx_word' id='word_1_422' title='bbox 3141 524 3218 595; x_wconf 85' lang='grc' dir='ltr'>μὴ</span> <span class='ocrx_word' id='word_1_423' title='bbox 3248 522 3336 576; x_wconf 82' lang='grc' dir='ltr'><strong>διὰ</strong></span> <span class='ocrx_word' id='word_1_424' title='bbox 3359 521 3454 575; x_wconf 73' lang='grc' dir='ltr'>τοῦ</span> <span class='ocrx_word' id='word_1_425' title='bbox 3489 520 3842 591; x_wconf 74' lang='grc' dir='ltr'>καταλλήλω</span> 
     </span>
    </p>
   </div>
   <div class='ocr_carea' id='block_1_64' title="bbox 2239 611 3841 688">
    <p class='ocr_par' dir='ltr' id='par_1_64' title="bbox 2239 611 3841 688">
     <span class='ocr_line' id='line_1_64' title="bbox 2239 611 3841 688; baseline -0.004 -18"><span class='ocrx_word' id='word_1_426' title='bbox 2239 615 2630 688; x_wconf 81' lang='grc' dir='ltr'>τρεφόμενον)ο</span> <span class='ocrx_word' id='word_1_427' title='bbox 2675 614 2763 670; x_wconf 76' lang='grc' dir='ltr'><strong>διδ</strong></span> <span class='ocrx_word' id='word_1_428' title='bbox 2800 614 2899 670; x_wconf 72' lang='grc' dir='ltr'><strong>καὶ</strong></span> <span class='ocrx_word' id='word_1_429' title='bbox 2935 613 3028 669; x_wconf 80' lang='grc' dir='ltr'><strong>τοῦ</strong></span> <span class='ocrx_word' id='word_1_430' title='bbox 3063 615 3297 685; x_wconf 77' lang='grc' dir='ltr'>αἵματος</span> <span class='ocrx_word' id='word_1_431' title='bbox 3329 612 3530 684; x_wconf 67' lang='grc' dir='ltr'>ὀχετοί,</span> <span class='ocrx_word' id='word_1_432' title='bbox 3575 611 3841 684; x_wconf 87' lang='grc' dir='ltr'>καθάπερ</span> 
     </span>
    </p>
   </div>
   <div class='ocr_carea' id='block_1_65' title="bbox 2240 703 3845 780">
    <p class='ocr_par' dir='ltr' id='par_1_65' title="bbox 2240 703 3845 780">
     <span class='ocr_line' id='line_1_65' title="bbox 2240 703 3845 780; baseline -0.003 -18"><span class='ocrx_word' id='word_1_433' title='bbox 2240 711 2306 763; x_wconf 76' lang='grc' dir='ltr'>ἐκ</span> <span class='ocrx_word' id='word_1_434' title='bbox 2332 709 2544 779; x_wconf 82' lang='grc' dir='ltr'><strong>κρήνης</strong></span> <span class='ocrx_word' id='word_1_435' title='bbox 2563 707 2710 772; x_wconf 82' lang='grc' dir='ltr'>τινὸς</span> <span class='ocrx_word' id='word_1_436' title='bbox 2729 705 2825 761; x_wconf 72' lang='grc' dir='ltr'>τοῦ</span> <span class='ocrx_word' id='word_1_437' title='bbox 2846 707 3057 778; x_wconf 77' lang='grc' dir='ltr'>ἥπατος</span> <span class='ocrx_word' id='word_1_438' title='bbox 3079 705 3513 780; x_wconf 63' lang='grc' dir='ltr'><strong>ἀφορμηθέντες</strong></span> <span class='ocrx_word' id='word_1_439' title='bbox 3540 703 3618 775; x_wconf 78' lang='grc' dir='ltr'>τῷ</span> <span class='ocrx_word' id='word_1_440' title='bbox 3640 703 3845 774; x_wconf 78' lang='grc' dir='ltr'>θερμῷ</span> 
     </span>
    </p>
   </div>
   <div class='ocr_carea' id='block_1_66' title="bbox 2241 794 3837 868">
    <p class='ocr_par' dir='ltr' id='par_1_66' title="bbox 2241 794 3837 868">
     <span class='ocr_line' id='line_1_66' title="bbox 2241 794 3837 868; baseline -0.004 -17"><span class='ocrx_word' id='word_1_441' title='bbox 2241 797 2536 868; x_wconf 86' lang='grc' dir='ltr'>πνεύματι,</span> <span class='ocrx_word' id='word_1_442' title='bbox 2560 797 2628 850; x_wconf 91' lang='grc' dir='ltr'>δι’</span> <span class='ocrx_word' id='word_1_443' title='bbox 2654 795 2778 850; x_wconf 84' lang='grc' dir='ltr'><strong>ὅλου</strong></span> <span class='ocrx_word' id='word_1_444' title='bbox 2806 795 2901 849; x_wconf 79' lang='grc' dir='ltr'>τοῦ</span> <span class='ocrx_word' id='word_1_445' title='bbox 2926 794 3178 866; x_wconf 82' lang='grc' dir='ltr'>σώματος</span> <span class='ocrx_word' id='word_1_446' title='bbox 3200 795 3730 866; x_wconf 86' lang='grc' dir='ltr'>συμπαροδεύουσιν,</span> <span class='ocrx_word' id='word_1_447' title='bbox 3754 794 3837 858; x_wconf 83' lang='grc' dir='ltr'>ὡς</span> 
     </span>
    </p>
   </div>
   <div class='ocr_carea' id='block_1_67' title="bbox 2239 882 3842 960">
    <p class='ocr_par' dir='ltr' id='par_1_67' title="bbox 2239 882 3842 960">
     <span class='ocr_line' id='line_1_67' title="bbox 2239 882 3842 960; baseline -0.004 -18"><span class='ocrx_word' id='word_1_448' title='bbox 2239 889 2306 943; x_wconf 82' lang='grc' dir='ltr'>ἂν</span> <span class='ocrx_word' id='word_1_449' title='bbox 2341 889 2417 960; x_wconf 79' lang='grc' dir='ltr'>μὴ</span> <span class='ocrx_word' id='word_1_450' title='bbox 2453 887 2696 959; x_wconf 84' lang='grc' dir='ltr'>μονωθὲν</span> <span class='ocrx_word' id='word_1_451' title='bbox 2723 885 2819 941; x_wconf 81' lang='grc' dir='ltr'>τοῦ</span> <span class='ocrx_word' id='word_1_452' title='bbox 2860 886 3048 959; x_wconf 84' lang='grc' dir='ltr'>ἐτέρου</span> <span class='ocrx_word' id='word_1_453' title='bbox 3073 886 3136 940; x_wconf 82' lang='grc' dir='ltr'><strong>τὸ</strong></span> <span class='ocrx_word' id='word_1_454' title='bbox 3179 886 3367 958; x_wconf 68' lang='grc' dir='ltr'>ἕτερον</span> <span class='ocrx_word' id='word_1_455' title='bbox 3405 882 3842 957; x_wconf 69' lang='grc' dir='ltr'>διαφθείρητην</span> 
     </span>
    </p>
   </div>
   <div class='ocr_carea' id='block_1_68' title="bbox 2241 977 2953 1050">
    <p class='ocr_par' dir='ltr' id='par_1_68' title="bbox 2241 977 2953 1050">
     <span class='ocr_line' id='line_1_68' title="bbox 2241 977 2953 1050; baseline -0.003 -18"><span class='ocrx_word' id='word_1_456' title='bbox 2241 979 2405 1050; x_wconf 79' lang='grc' dir='ltr'>φύσιν</span> <span class='ocrx_word' id='word_1_457' title='bbox 2427 979 2602 1043; x_wconf 80' lang='grc' dir='ltr'><strong>πάθος</strong></span> <span class='ocrx_word' id='word_1_458' title='bbox 2634 977 2953 1050; x_wconf 88' lang='grc' dir='ltr'>γενόμενον.</span> 
     </span>
    </p>
   </div>
   <div class='ocr_carea' id='block_1_69' title="bbox 2323 1067 3838 1142">
    <p class='ocr_par' dir='ltr' id='par_1_69' title="bbox 2323 1067 3838 1142">
     <span class='ocr_line' id='line_1_69' title="bbox 2323 1067 3838 1142; baseline -0.002 -17"><span class='ocrx_word' id='word_1_459' title='bbox 2323 1071 2544 1142; x_wconf 81' lang='grc' dir='ltr'><strong>Ἐπειδὴ</strong></span> <span class='ocrx_word' id='word_1_460' title='bbox 2581 1070 2762 1126; x_wconf 77' lang='grc' dir='ltr'>τοίνυν</span> <span class='ocrx_word' id='word_1_461' title='bbox 2789 1070 3090 1142; x_wconf 83' lang='grc' dir='ltr'>ἀπροσδεὲς</span> <span class='ocrx_word' id='word_1_462' title='bbox 3126 1069 3188 1124; x_wconf 79' lang='grc' dir='ltr'><strong>τὸ</strong></span> <span class='ocrx_word' id='word_1_463' title='bbox 3215 1069 3393 1134; x_wconf 91' lang='grc' dir='ltr'>Θεῖον,</span> <span class='ocrx_word' id='word_1_464' title='bbox 3419 1069 3454 1140; x_wconf 80' lang='grc' dir='ltr'><strong>ἡ</strong></span> <span class='ocrx_word' id='word_1_465' title='bbox 3492 1067 3550 1121; x_wconf 81' lang='grc' dir='ltr'>δὲ</span> <span class='ocrx_word' id='word_1_466' title='bbox 3579 1067 3838 1137; x_wconf 77' lang='grc' dir='ltr'>πτωχεία.</span> 
     </span>
    </p>
   </div>
   <div class='ocr_carea' id='block_1_70' title="bbox 2242 1158 3839 1234">
    <p class='ocr_par' dir='ltr' id='par_1_70' title="bbox 2242 1158 3839 1234">
     <span class='ocr_line' id='line_1_70' title="bbox 2242 1158 3839 1234; baseline -0.004 -18"><span class='ocrx_word' id='word_1_467' title='bbox 2242 1162 2450 1234; x_wconf 82' lang='grc' dir='ltr'>βροτῶν</span> <span class='ocrx_word' id='word_1_468' title='bbox 2477 1161 2586 1215; x_wconf 84' lang='grc' dir='ltr'>τῶν</span> <span class='ocrx_word' id='word_1_469' title='bbox 2608 1159 2805 1226; x_wconf 74' lang='grc' dir='ltr'>ἔξωθεν</span> <span class='ocrx_word' id='word_1_470' title='bbox 2822 1161 3166 1215; x_wconf 78' lang='grc' dir='ltr'><strong>ἐπεισάκτων</strong></span> <span class='ocrx_word' id='word_1_471' title='bbox 3181 1159 3351 1213; x_wconf 89' lang='grc' dir='ltr'>δεῖται</span> <span class='ocrx_word' id='word_1_472' title='bbox 3379 1158 3517 1229; x_wconf 73' lang='grc' dir='ltr'>πρὸς</span> <span class='ocrx_word' id='word_1_473' title='bbox 3539 1159 3839 1212; x_wconf 61' lang='grc' dir='ltr'><strong>σύστασιν.⁵</strong></span> 
     </span>
    </p>
   </div>
   <div class='ocr_carea' id='block_1_71' title="bbox 2239 1245 3835 1325">
    <p class='ocr_par' dir='ltr' id='par_1_71' title="bbox 2239 1245 3835 1325">
     <span class='ocr_line' id='line_1_71' title="bbox 2239 1245 3835 1325; baseline -0.001 -17"><span class='ocrx_word' id='word_1_474' title='bbox 2239 1256 2288 1308; x_wconf 90' lang='grc' dir='ltr'><strong>εί</strong></span> <span class='ocrx_word' id='word_1_475' title='bbox 2331 1255 2443 1325; x_wconf 74' lang='grc' dir='ltr'><strong>γὰρ</strong></span> <span class='ocrx_word' id='word_1_476' title='bbox 2485 1254 2638 1325; x_wconf 85' lang='grc' dir='ltr'>πηγὴ</span> <span class='ocrx_word' id='word_1_477' title='bbox 2671 1254 2766 1308; x_wconf 80' lang='grc' dir='ltr'>τοῦ</span> <span class='ocrx_word' id='word_1_478' title='bbox 2795 1253 3031 1324; x_wconf 82' lang='grc' dir='ltr'>αἵματος</span> <span class='ocrx_word' id='word_1_479' title='bbox 3071 1253 3308 1324; x_wconf 82' lang='grc' dir='ltr'><strong>ὑπάρχει</strong></span> <span class='ocrx_word' id='word_1_480' title='bbox 3336 1252 3399 1306; x_wconf 82' lang='grc' dir='ltr'><strong>τὸ</strong></span> <span class='ocrx_word' id='word_1_481' title='bbox 3449 1245 3626 1322; x_wconf 77' lang='grc' dir='ltr'>ἧπαρ,</span> <span class='ocrx_word' id='word_1_482' title='bbox 3662 1252 3696 1322; x_wconf 84' lang='grc' dir='ltr'><strong>ή</strong></span> <span class='ocrx_word' id='word_1_483' title='bbox 3729 1251 3835 1322; x_wconf 82' lang='grc' dir='ltr'>τῆς</span> 
     </span>
    </p>
   </div>
   <div class='ocr_carea' id='block_1_72' title="bbox 2237 1344 3838 1420">
    <p class='ocr_par' dir='ltr' id='par_1_72' title="bbox 2237 1344 3838 1420">
     <span class='ocr_line' id='line_1_72' title="bbox 2237 1344 3838 1420; baseline -0.002 -19"><span class='ocrx_word' id='word_1_484' title='bbox 2237 1348 2448 1419; x_wconf 72' lang='grc' dir='ltr'>τροφῆς</span> <span class='ocrx_word' id='word_1_485' title='bbox 2463 1347 2696 1420; x_wconf 82' lang='grc' dir='ltr'><strong>χορηγία</strong></span> <span class='ocrx_word' id='word_1_486' title='bbox 2711 1346 2991 1416; x_wconf 78' lang='grc' dir='ltr'>ἀναγκαία</span> <span class='ocrx_word' id='word_1_487' title='bbox 3022 1346 3385 1418; x_wconf 82' lang='grc' dir='ltr'><strong>καθέστηκεν.</strong></span> <span class='ocrx_word' id='word_1_488' title='bbox 3410 1345 3484 1398; x_wconf 82' lang='grc' dir='ltr'>Τὸ</span> <span class='ocrx_word' id='word_1_489' title='bbox 3500 1344 3611 1416; x_wconf 90' lang='grc' dir='ltr'><strong>γάρ</strong></span> <span class='ocrx_word' id='word_1_490' title='bbox 3637 1345 3838 1398; x_wconf 76' lang='grc' dir='ltr'>ἐπεισ-</span> 
     </span>
    </p>
   </div>
   <div class='ocr_carea' id='block_1_73' title="bbox 2239 1433 3838 1510">
    <p class='ocr_par' dir='ltr' id='par_1_73' title="bbox 2239 1433 3838 1510">
     <span class='ocr_line' id='line_1_73' title="bbox 2239 1433 3838 1510; baseline -0.002 -17"><span class='ocrx_word' id='word_1_491' title='bbox 2239 1439 2505 1510; x_wconf 88' lang='grc' dir='ltr'>αγόμενον</span> <span class='ocrx_word' id='word_1_492' title='bbox 2545 1441 2678 1510; x_wconf 79' lang='grc' dir='ltr'>ἡμῖν</span> <span class='ocrx_word' id='word_1_493' title='bbox 2725 1438 2814 1492; x_wconf 74' lang='grc' dir='ltr'>διὰ</span> <span class='ocrx_word' id='word_1_494' title='bbox 2861 1438 3090 1510; x_wconf 81' lang='grc' dir='ltr'>ταύτης,</span> <span class='ocrx_word' id='word_1_495' title='bbox 3137 1437 3198 1490; x_wconf 86' lang='grc' dir='ltr'>τὸ</span> <span class='ocrx_word' id='word_1_496' title='bbox 3234 1433 3373 1508; x_wconf 74' lang='grc' dir='ltr'>αἷμα</span> <span class='ocrx_word' id='word_1_497' title='bbox 3415 1435 3602 1509; x_wconf 79' lang='grc' dir='ltr'>βρύειν</span> <span class='ocrx_word' id='word_1_498' title='bbox 3637 1437 3700 1490; x_wconf 80' lang='grc' dir='ltr'>ὲκ</span> <span class='ocrx_word' id='word_1_499' title='bbox 3734 1435 3838 1490; x_wconf 67' lang='grc' dir='ltr'>τοῦ</span> 
     </span>
    </p>
   </div>
   <div class='ocr_carea' id='block_1_74' title="bbox 2238 1527 3834 1603">
    <p class='ocr_par' dir='ltr' id='par_1_74' title="bbox 2238 1527 3834 1603">
     <span class='ocr_line' id='line_1_74' title="bbox 2238 1527 3834 1603; baseline -0.002 -19"><span class='ocrx_word' id='word_1_500' title='bbox 2238 1531 2446 1601; x_wconf 67' lang='grc' dir='ltr'>ἥπατος</span> <span class='ocrx_word' id='word_1_501' title='bbox 2489 1532 2692 1585; x_wconf 86' lang='grc' dir='ltr'>δίδωσι.</span> <span class='ocrx_word' id='word_1_502' title='bbox 2726 1530 2996 1603; x_wconf 83' lang='grc' dir='ltr'>Καθάπερ</span> <span class='ocrx_word' id='word_1_503' title='bbox 3019 1532 3054 1602; x_wconf 82' lang='grc' dir='ltr'>ἡ</span> <span class='ocrx_word' id='word_1_504' title='bbox 3088 1532 3183 1584; x_wconf 72' lang='grc' dir='ltr'>ἐπὶ</span> <span class='ocrx_word' id='word_1_505' title='bbox 3215 1528 3312 1583; x_wconf 78' lang='grc' dir='ltr'><strong>τοῦ</strong></span> <span class='ocrx_word' id='word_1_506' title='bbox 3359 1529 3517 1600; x_wconf 77' lang='grc' dir='ltr'>ὅρους</span> <span class='ocrx_word' id='word_1_507' title='bbox 3561 1527 3693 1598; x_wconf 87' lang='grc' dir='ltr'>χιὼν</span> <span class='ocrx_word' id='word_1_508' title='bbox 3739 1527 3834 1582; x_wconf 88' lang='grc' dir='ltr'><strong>διά</strong></span> 
     </span>
    </p>
   </div>
   <div class='ocr_carea' id='block_1_75' title="bbox 2237 1619 3836 1693">
    <p class='ocr_par' dir='ltr' id='par_1_75' title="bbox 2237 1619 3836 1693">
     <span class='ocr_line' id='line_1_75' title="bbox 2237 1619 3836 1693; baseline -0.002 -17"><span class='ocrx_word' id='word_1_509' title='bbox 2237 1621 2341 1692; x_wconf 82' lang='grc' dir='ltr'>τῆς</span> <span class='ocrx_word' id='word_1_510' title='bbox 2386 1622 2563 1687; x_wconf 83' lang='grc' dir='ltr'>οἰκίας</span> <span class='ocrx_word' id='word_1_511' title='bbox 2594 1622 2822 1692; x_wconf 83' lang='grc' dir='ltr'>ἰκμάδος</span> <span class='ocrx_word' id='word_1_512' title='bbox 2862 1621 2962 1687; x_wconf 79' lang='grc' dir='ltr'>τὰς</span> <span class='ocrx_word' id='word_1_513' title='bbox 3003 1621 3110 1676; x_wconf 78' lang='grc' dir='ltr'><strong>ὑπὸ</strong></span> <span class='ocrx_word' id='word_1_514' title='bbox 3147 1620 3247 1692; x_wconf 81' lang='grc' dir='ltr'>τὴν</span> <span class='ocrx_word' id='word_1_515' title='bbox 3277 1620 3555 1693; x_wconf 80' lang='grc' dir='ltr'>ὑπωρείαν</span> <span class='ocrx_word' id='word_1_516' title='bbox 3587 1619 3836 1685; x_wconf 67' lang='grc' dir='ltr'>αὔξουσα</span> 
     </span>
    </p>
   </div>
   <div class='ocr_carea' id='block_1_76' title="bbox 2239 1710 3833 1785">
    <p class='ocr_par' dir='ltr' id='par_1_76' title="bbox 2239 1710 3833 1785">
     <span class='ocr_line' id='line_1_76' title="bbox 2239 1710 3833 1785; baseline -0.003 -17"><span class='ocrx_word' id='word_1_517' title='bbox 2239 1716 2469 1785; x_wconf 79' lang='grc' dir='ltr'>κρήνας,</span> <span class='ocrx_word' id='word_1_518' title='bbox 2512 1713 2601 1768; x_wconf 85' lang='grc' dir='ltr'>διὰ</span> <span class='ocrx_word' id='word_1_519' title='bbox 2623 1713 2718 1769; x_wconf 79' lang='grc' dir='ltr'><strong>τοῦ</strong></span> <span class='ocrx_word' id='word_1_520' title='bbox 2759 1714 2958 1785; x_wconf 81' lang='grc' dir='ltr'>βάθους</span> <span class='ocrx_word' id='word_1_521' title='bbox 2987 1713 3050 1767; x_wconf 82' lang='grc' dir='ltr'><strong>τὸ</strong></span> <span class='ocrx_word' id='word_1_522' title='bbox 3083 1714 3285 1768; x_wconf 85' lang='grc' dir='ltr'>οἰκεῖον</span> <span class='ocrx_word' id='word_1_523' title='bbox 3313 1712 3482 1783; x_wconf 80' lang='grc' dir='ltr'>ὑγρὸν</span> <span class='ocrx_word' id='word_1_524' title='bbox 3522 1710 3833 1782; x_wconf 81' lang='grc' dir='ltr'>λεληθότως</span> 
     </span>
    </p>
   </div>
   <div class='ocr_carea' id='block_1_77' title="bbox 2238 1803 3837 1878">
    <p class='ocr_par' dir='ltr' id='par_1_77' title="bbox 2238 1803 3837 1878">
     <span class='ocr_line' id='line_1_77' title="bbox 2238 1803 3837 1878; baseline -0.003 -18"><span class='ocrx_word' id='word_1_525' title='bbox 2238 1806 2334 1860; x_wconf 71' lang='grc' dir='ltr'>ἐπὶ</span> <span class='ocrx_word' id='word_1_526' title='bbox 2358 1807 2455 1872; x_wconf 90' lang='grc' dir='ltr'><strong>τάς</strong></span> <span class='ocrx_word' id='word_1_527' title='bbox 2479 1807 2630 1861; x_wconf 85' lang='grc' dir='ltr'>κάτω</span> <span class='ocrx_word' id='word_1_528' title='bbox 2668 1806 2873 1878; x_wconf 82' lang='grc' dir='ltr'>φλέσας</span> <span class='ocrx_word' id='word_1_529' title='bbox 2917 1805 3302 1860; x_wconf 76' lang='grc' dir='ltr'>συνθλίὸουσα.</span> <span class='ocrx_word' id='word_1_530' title='bbox 3341 1805 3414 1860; x_wconf 83' lang='grc' dir='ltr'><strong>Τὸ</strong></span> <span class='ocrx_word' id='word_1_531' title='bbox 3451 1804 3508 1858; x_wconf 81' lang='grc' dir='ltr'>δὲ</span> <span class='ocrx_word' id='word_1_532' title='bbox 3534 1803 3837 1876; x_wconf 74' lang='grc' dir='ltr'>ἐγκάρδιον</span> 
     </span>
    </p>
   </div>
   <div class='ocr_carea' id='block_1_78' title="bbox 2241 1895 3837 1970">
    <p class='ocr_par' dir='ltr' id='par_1_78' title="bbox 2241 1895 3837 1970">
     <span class='ocr_line' id='line_1_78' title="bbox 2241 1895 3837 1970; baseline -0.003 -18"><span class='ocrx_word' id='word_1_533' title='bbox 2241 1897 2460 1970; x_wconf 79' lang='grc' dir='ltr'>πνεῦμα</span> <span class='ocrx_word' id='word_1_534' title='bbox 2482 1898 2572 1952; x_wconf 83' lang='grc' dir='ltr'>διὰ</span> <span class='ocrx_word' id='word_1_535' title='bbox 2587 1899 2683 1952; x_wconf 77' lang='grc' dir='ltr'>τοῦ</span> <span class='ocrx_word' id='word_1_536' title='bbox 2715 1899 2959 1968; x_wconf 83' lang='grc' dir='ltr'>γείτονος</span> <span class='ocrx_word' id='word_1_537' title='bbox 2980 1897 3263 1966; x_wconf 78' lang='grc' dir='ltr'>εἰσάγεται</span> <span class='ocrx_word' id='word_1_538' title='bbox 3290 1897 3624 1966; x_wconf 84' lang='grc' dir='ltr'>σπλάγχνου,</span> <span class='ocrx_word' id='word_1_539' title='bbox 3656 1895 3837 1949; x_wconf 84' lang='grc' dir='ltr'>πνεύ-</span> 
     </span>
    </p>
   </div>
   <div class='ocr_carea' id='block_1_79' title="bbox 2243 1987 3834 2060">
    <p class='ocr_par' dir='ltr' id='par_1_79' title="bbox 2243 1987 3834 2060">
     <span class='ocr_line' id='line_1_79' title="bbox 2243 1987 3834 2060; baseline -0.001 -19"><span class='ocrx_word' id='word_1_540' title='bbox 2243 2006 2404 2060; x_wconf 87' lang='grc' dir='ltr'>μονος</span> <span class='ocrx_word' id='word_1_541' title='bbox 2434 1987 2532 2059; x_wconf 85' lang='grc' dir='ltr'><strong>μὲν</strong></span> <span class='ocrx_word' id='word_1_542' title='bbox 2563 1989 3130 2059; x_wconf 81' lang='grc' dir='ltr'>προσαγορευομένου,</span> <span class='ocrx_word' id='word_1_543' title='bbox 3163 1989 3376 2060; x_wconf 82' lang='grc' dir='ltr'>δοχείου</span> <span class='ocrx_word' id='word_1_544' title='bbox 3402 1989 3461 2042; x_wconf 80' lang='grc' dir='ltr'>δὲ</span> <span class='ocrx_word' id='word_1_545' title='bbox 3482 1988 3834 2060; x_wconf 76' lang='grc' dir='ltr'>ὑπάρχοντος</span> 
     </span>
    </p>
   </div>
   <div class='ocr_carea' id='block_1_80' title="bbox 2233 2079 3838 2154">
    <p class='ocr_par' dir='ltr' id='par_1_80' title="bbox 2233 2079 3838 2154">
     <span class='ocr_line' id='line_1_80' title="bbox 2233 2079 3838 2154; baseline -0.001 -20"><span class='ocrx_word' id='word_1_546' title='bbox 2233 2079 2328 2134; x_wconf 79' lang='grc' dir='ltr'>τοῦ</span> <span class='ocrx_word' id='word_1_547' title='bbox 2361 2080 2544 2152; x_wconf 80' lang='grc' dir='ltr'>ἀέρος,</span> <span class='ocrx_word' id='word_1_548' title='bbox 2585 2081 2674 2134; x_wconf 80' lang='grc' dir='ltr'>διὰ</span> <span class='ocrx_word' id='word_1_549' title='bbox 2699 2082 2801 2152; x_wconf 84' lang='grc' dir='ltr'>τῆς</span> <span class='ocrx_word' id='word_1_550' title='bbox 2829 2081 3162 2152; x_wconf 81' lang='grc' dir='ltr'>ἐγκειμένης</span> <span class='ocrx_word' id='word_1_551' title='bbox 3188 2080 3462 2154; x_wconf 79' lang='grc' dir='ltr'>ἀρτηρίας</span> <span class='ocrx_word' id='word_1_552' title='bbox 3506 2081 3606 2152; x_wconf 81' lang='grc' dir='ltr'>τῆς</span> <span class='ocrx_word' id='word_1_553' title='bbox 3643 2081 3736 2132; x_wconf 76' lang='grc' dir='ltr'>ἐπὶ</span> <span class='ocrx_word' id='word_1_554' title='bbox 3767 2079 3838 2132; x_wconf 68' lang='grc' dir='ltr'>τὸ</span> 
     </span>
    </p>
   </div>
   <div class='ocr_carea' id='block_1_81' title="bbox 2233 2171 3821 2242">
    <p class='ocr_par' dir='ltr' id='par_1_81' title="bbox 2233 2171 3821 2242">
     <span class='ocr_line' id='line_1_81' title="bbox 2233 2171 3821 2242; baseline -0.002 -17"><span class='ocrx_word' id='word_1_555' title='bbox 2233 2172 2410 2242; x_wconf 85' lang='grc' dir='ltr'>στόμα</span> <span class='ocrx_word' id='word_1_556' title='bbox 2442 2172 2759 2242; x_wconf 87' lang='grc' dir='ltr'>διηκούσης,</span> <span class='ocrx_word' id='word_1_557' title='bbox 2798 2171 2859 2225; x_wconf 79' lang='grc' dir='ltr'><strong>τὸ</strong></span> <span class='ocrx_word' id='word_1_558' title='bbox 2887 2171 3086 2237; x_wconf 76' lang='grc' dir='ltr'>ἔξωθεν</span> <span class='ocrx_word' id='word_1_559' title='bbox 3111 2171 3330 2242; x_wconf 82' lang='grc' dir='ltr'>πνεῦμα</span> <span class='ocrx_word' id='word_1_560' title='bbox 3356 2174 3480 2235; x_wconf 91' lang='grc' dir='ltr'>ταῖς</span> <span class='ocrx_word' id='word_1_561' title='bbox 3511 2171 3821 2232; x_wconf 81' lang='grc' dir='ltr'>ἀναπνοαῖς</span> 
     </span>
    </p>
   </div>
   <div class='ocr_carea' id='block_1_82' title="bbox 2233 2259 3837 2336">
    <p class='ocr_par' dir='ltr' id='par_1_82' title="bbox 2233 2259 3837 2336">
     <span class='ocr_line' id='line_1_82' title="bbox 2233 2259 3837 2336; baseline -0.001 -20"><span class='ocrx_word' id='word_1_562' title='bbox 2233 2263 2614 2334; x_wconf 79' lang='grc' dir='ltr'>ἐφελκόμενον.</span> <span class='ocrx_word' id='word_1_563' title='bbox 2637 2259 2711 2334; x_wconf 67' lang='grc' dir='ltr'><strong>*ῼ</strong></span> <span class='ocrx_word' id='word_1_564' title='bbox 2741 2264 2922 2335; x_wconf 84' lang='grc' dir='ltr'>μέσως</span> <span class='ocrx_word' id='word_1_565' title='bbox 2944 2265 2978 2336; x_wconf 80' lang='grc' dir='ltr'><strong>ἠ</strong></span> <span class='ocrx_word' id='word_1_566' title='bbox 3001 2262 3201 2334; x_wconf 85' lang='grc' dir='ltr'>καρδία</span> <span class='ocrx_word' id='word_1_567' title='bbox 3235 2261 3608 2334; x_wconf 82' lang='grc' dir='ltr'>ὲνειλημμένη</span> <span class='ocrx_word' id='word_1_568' title='bbox 3645 2260 3837 2315; x_wconf 64' lang='grc' dir='ltr'>ἀεικίο</span> 
     </span>
    </p>
   </div>
   <div class='ocr_carea' id='block_1_83' title="bbox 2233 2347 3828 2427">
    <p class='ocr_par' dir='ltr' id='par_1_83' title="bbox 2233 2347 3828 2427">
     <span class='ocr_line' id='line_1_83' title="bbox 2233 2347 3828 2427; baseline -0.003 -18"><span class='ocrx_word' id='word_1_569' title='bbox 2233 2373 2411 2426; x_wconf 86' lang='grc' dir='ltr'>νητος,</span> <span class='ocrx_word' id='word_1_570' title='bbox 2447 2353 2846 2427; x_wconf 67' lang='grc' dir='ltr'>παραπλησίως</span> <span class='ocrx_word' id='word_1_571' title='bbox 2874 2356 2977 2425; x_wconf 80' lang='grc' dir='ltr'>τῆς</span> <span class='ocrx_word' id='word_1_572' title='bbox 3009 2354 3105 2407; x_wconf 79' lang='grc' dir='ltr'><strong>τοῦ</strong></span> <span class='ocrx_word' id='word_1_573' title='bbox 3150 2354 3327 2426; x_wconf 83' lang='grc' dir='ltr'>πυρὸς</span> <span class='ocrx_word' id='word_1_574' title='bbox 3353 2354 3594 2424; x_wconf 79' lang='grc' dir='ltr'>φύσεως,</span> <span class='ocrx_word' id='word_1_575' title='bbox 3629 2347 3742 2405; x_wconf 80' lang='grc' dir='ltr'>οἷόν</span> <span class='ocrx_word' id='word_1_576' title='bbox 3771 2369 3828 2405; x_wconf 83' lang='grc' dir='ltr'><strong>τι</strong></span> 
     </span>
    </p>
   </div>
   <div class='ocr_carea' id='block_1_84' title="bbox 2232 2443 3834 2521">
    <p class='ocr_par' dir='ltr' id='par_1_84' title="bbox 2232 2443 3834 2521">
     <span class='ocr_line' id='line_1_84' title="bbox 2232 2443 3834 2521; baseline -0.002 -19"><span class='ocrx_word' id='word_1_577' title='bbox 2232 2447 2438 2521; x_wconf 78' lang='grc' dir='ltr'>δράκῃς</span> <span class='ocrx_word' id='word_1_578' title='bbox 2459 2451 2519 2503; x_wconf 83' lang='grc' dir='ltr'><strong>ὲν</strong></span> <span class='ocrx_word' id='word_1_579' title='bbox 2551 2451 2665 2513; x_wconf 88' lang='grc' dir='ltr'>τοῖς</span> <span class='ocrx_word' id='word_1_580' title='bbox 2691 2449 2990 2520; x_wconf 88' lang='grc' dir='ltr'>χαλκείοις,</span> <span class='ocrx_word' id='word_1_581' title='bbox 3025 2449 3112 2518; x_wconf 72' lang='grc' dir='ltr'><strong>ἐφ’</strong></span> <span class='ocrx_word' id='word_1_582' title='bbox 3143 2443 3226 2511; x_wconf 70' lang='grc' dir='ltr'>οἷς</span> <span class='ocrx_word' id='word_1_583' title='bbox 3255 2447 3406 2501; x_wconf 87' lang='grc' dir='ltr'>’ἐλκει</span> <span class='ocrx_word' id='word_1_584' title='bbox 3439 2447 3500 2501; x_wconf 82' lang='grc' dir='ltr'>τὸ</span> <span class='ocrx_word' id='word_1_585' title='bbox 3527 2447 3662 2517; x_wconf 81' lang='grc' dir='ltr'>πρὸς</span> <span class='ocrx_word' id='word_1_586' title='bbox 3694 2447 3834 2499; x_wconf 78' lang='grc' dir='ltr'>ἐαυ-</span> 
     </span>
    </p>
   </div>
   <div class='ocr_carea' id='block_1_85' title="bbox 2230 2537 3825 2612">
    <p class='ocr_par' dir='ltr' id='par_1_85' title="bbox 2230 2537 3825 2612">
     <span class='ocr_line' id='line_1_85' title="bbox 2230 2537 3825 2612; baseline -0.001 -20"><span class='ocrx_word' id='word_1_587' title='bbox 2230 2538 2329 2611; x_wconf 85' lang='grc' dir='ltr'>τὴν</span> <span class='ocrx_word' id='word_1_588' title='bbox 2357 2539 2422 2593; x_wconf 82' lang='grc' dir='ltr'>ὲκ</span> <span class='ocrx_word' id='word_1_589' title='bbox 2449 2539 2544 2594; x_wconf 78' lang='grc' dir='ltr'>τοῦ</span> <span class='ocrx_word' id='word_1_590' title='bbox 2584 2540 2996 2612; x_wconf 83' lang='grc' dir='ltr'>παρακειμένου</span> <span class='ocrx_word' id='word_1_591' title='bbox 3027 2538 3342 2612; x_wconf 85' lang='grc' dir='ltr'>πνεύματος</span> <span class='ocrx_word' id='word_1_592' title='bbox 3370 2537 3722 2610; x_wconf 84' lang='grc' dir='ltr'>πληρουμένη</span> <span class='ocrx_word' id='word_1_593' title='bbox 3751 2540 3825 2608; x_wconf 81' lang='grc' dir='ltr'>τῇ</span> 
     </span>
    </p>
   </div>
   <div class='ocr_carea' id='block_1_86' title="bbox 2229 2629 3836 2704">
    <p class='ocr_par' dir='ltr' id='par_1_86' title="bbox 2229 2629 3836 2704">
     <span class='ocr_line' id='line_1_86' title="bbox 2229 2629 3836 2704; baseline 0 -20"><span class='ocrx_word' id='word_1_594' title='bbox 2229 2629 2480 2704; x_wconf 77' lang='grc' dir='ltr'>διαστολῇ</span> <span class='ocrx_word' id='word_1_595' title='bbox 2529 2630 2630 2697; x_wconf 88' lang='grc' dir='ltr'><strong>τάς</strong></span> <span class='ocrx_word' id='word_1_596' title='bbox 2666 2631 3012 2703; x_wconf 88' lang='grc' dir='ltr'>κοιλότητας,</span> <span class='ocrx_word' id='word_1_597' title='bbox 3065 2633 3159 2685; x_wconf 74' lang='grc' dir='ltr'><strong>καὶ</strong></span> <span class='ocrx_word' id='word_1_598' title='bbox 3206 2630 3269 2684; x_wconf 81' lang='grc' dir='ltr'>τὸ</span> <span class='ocrx_word' id='word_1_599' title='bbox 3323 2629 3573 2703; x_wconf 80' lang='grc' dir='ltr'>πυρῶδες</span> <span class='ocrx_word' id='word_1_600' title='bbox 3618 2629 3836 2699; x_wconf 77' lang='grc' dir='ltr'>ἑαυτῆς</span> 
     </span>
    </p>
   </div>
   <div class='ocr_carea' id='block_1_87' title="bbox 2231 2722 3835 2796">
    <p class='ocr_par' dir='ltr' id='par_1_87' title="bbox 2231 2722 3835 2796">
     <span class='ocr_line' id='line_1_87' title="bbox 2231 2722 3835 2796; baseline -0.001 -20"><span class='ocrx_word' id='word_1_601' title='bbox 2231 2724 2598 2796; x_wconf 75' lang='grc' dir='ltr'>ἐκπορίζουσα</span> <span class='ocrx_word' id='word_1_602' title='bbox 2640 2726 2761 2788; x_wconf 88' lang='grc' dir='ltr'>ταῖς</span> <span class='ocrx_word' id='word_1_603' title='bbox 2806 2722 3095 2795; x_wconf 80' lang='grc' dir='ltr'>ἐχομέναις</span> <span class='ocrx_word' id='word_1_604' title='bbox 3132 2722 3458 2795; x_wconf 78' lang='grc' dir='ltr'>ἀρτηρίαιςο</span> <span class='ocrx_word' id='word_1_605' title='bbox 3495 2723 3835 2794; x_wconf 83' lang='grc' dir='ltr'>ἀεικινήτως</span> 
     </span>
    </p>
   </div>
   <div class='ocr_carea' id='block_1_88' title="bbox 2230 2813 3834 2888">
    <p class='ocr_par' dir='ltr' id='par_1_88' title="bbox 2230 2813 3834 2888">
     <span class='ocr_line' id='line_1_88' title="bbox 2230 2813 3834 2888; baseline -0.001 -20"><span class='ocrx_word' id='word_1_606' title='bbox 2230 2817 2441 2877; x_wconf 83' lang='grc' dir='ltr'>ὲκπνεῖ.</span> <span class='ocrx_word' id='word_1_607' title='bbox 2471 2817 2531 2870; x_wconf 82' lang='grc' dir='ltr'><strong>τὸ</strong></span> <span class='ocrx_word' id='word_1_608' title='bbox 2570 2816 2670 2888; x_wconf 83' lang='grc' dir='ltr'><strong>μὲν</strong></span> <span class='ocrx_word' id='word_1_609' title='bbox 2701 2815 2902 2882; x_wconf 76' lang='grc' dir='ltr'>ἔξωθεν</span> <span class='ocrx_word' id='word_1_610' title='bbox 2937 2815 3362 2886; x_wconf 86' lang='grc' dir='ltr'>διαστελλομένη</span> <span class='ocrx_word' id='word_1_611' title='bbox 3398 2816 3481 2878; x_wconf 83' lang='grc' dir='ltr'><strong>είς</strong></span> <span class='ocrx_word' id='word_1_612' title='bbox 3517 2813 3618 2877; x_wconf 84' lang='grc' dir='ltr'>τὰς</span> <span class='ocrx_word' id='word_1_613' title='bbox 3640 2814 3834 2877; x_wconf 70' lang='grc' dir='ltr'>οἰκίας</span> 
     </span>
    </p>
   </div>
   <div class='ocr_carea' id='block_1_89' title="bbox 2231 2906 3828 2980">
    <p class='ocr_par' dir='ltr' id='par_1_89' title="bbox 2231 2906 3828 2980">
     <span class='ocr_line' id='line_1_89' title="bbox 2231 2906 3828 2980; baseline 0 -20"><span class='ocrx_word' id='word_1_614' title='bbox 2231 2908 2550 2979; x_wconf 90' lang='grc' dir='ltr'>κοιλότητας</span> <span class='ocrx_word' id='word_1_615' title='bbox 2577 2909 2748 2971; x_wconf 73' lang='grc' dir='ltr'>ἕλκει,</span> <span class='ocrx_word' id='word_1_616' title='bbox 2774 2910 2835 2963; x_wconf 85' lang='grc' dir='ltr'><strong>τὸ</strong></span> <span class='ocrx_word' id='word_1_617' title='bbox 2858 2909 2915 2963; x_wconf 88' lang='grc' dir='ltr'>δὲ</span> <span class='ocrx_word' id='word_1_618' title='bbox 2941 2910 3072 2980; x_wconf 82' lang='grc' dir='ltr'>παρ’</span> <span class='ocrx_word' id='word_1_619' title='bbox 3104 2907 3302 2979; x_wconf 78' lang='grc' dir='ltr'>ἑαυτῆς</span> <span class='ocrx_word' id='word_1_620' title='bbox 3329 2908 3418 2961; x_wconf 80' lang='grc' dir='ltr'>διὰ</span> <span class='ocrx_word' id='word_1_621' title='bbox 3435 2907 3533 2978; x_wconf 85' lang='grc' dir='ltr'>τῆς</span> <span class='ocrx_word' id='word_1_622' title='bbox 3567 2906 3828 2977; x_wconf 79' lang='grc' dir='ltr'>συμπτύ-</span> 
     </span>
    </p>
   </div>
   <div class='ocr_carea' id='block_1_90' title="bbox 2232 2998 3833 3074">
    <p class='ocr_par' dir='ltr' id='par_1_90' title="bbox 2232 2998 3833 3074">
     <span class='ocr_line' id='line_1_90' title="bbox 2232 2998 3833 3074; baseline 0 -22"><span class='ocrx_word' id='word_1_623' title='bbox 2232 2998 2368 3065; x_wconf 81' lang='grc' dir='ltr'>ξεως</span> <span class='ocrx_word' id='word_1_624' title='bbox 2402 3003 2522 3065; x_wconf 90' lang='grc' dir='ltr'>ταῖς</span> <span class='ocrx_word' id='word_1_625' title='bbox 2551 3002 2843 3074; x_wconf 86' lang='grc' dir='ltr'>ἀρτηρίαις</span> <span class='ocrx_word' id='word_1_626' title='bbox 2877 3001 3124 3074; x_wconf 69' lang='grc' dir='ltr'>ἐκκρίνει</span> <span class='ocrx_word' id='word_1_627' title='bbox 3148 3017 3162 3032; x_wconf 78' lang='grc' dir='ltr'><strong>ο</strong></span> <span class='ocrx_word' id='word_1_628' title='bbox 3193 2999 3384 3072; x_wconf 83' lang='grc' dir='ltr'>ὥσπερ</span> <span class='ocrx_word' id='word_1_629' title='bbox 3427 2999 3486 3053; x_wconf 83' lang='grc' dir='ltr'>δὲ</span> <span class='ocrx_word' id='word_1_630' title='bbox 3515 3001 3574 3054; x_wconf 85' lang='grc' dir='ltr'><strong>ἐν</strong></span> <span class='ocrx_word' id='word_1_631' title='bbox 3611 3017 3833 3070; x_wconf 76' lang='grc' dir='ltr'>χωνευο</span> 
     </span>
    </p>
   </div>
   <div class='ocr_carea' id='block_1_91' title="bbox 2228 3091 3833 3166">
    <p class='ocr_par' dir='ltr' id='par_1_91' title="bbox 2228 3091 3833 3166">
     <span class='ocr_line' id='line_1_91' title="bbox 2228 3091 3833 3166; baseline 0.003 -23"><span class='ocrx_word' id='word_1_632' title='bbox 2228 3091 2403 3162; x_wconf 81' lang='grc' dir='ltr'>τηρίῳ</span> <span class='ocrx_word' id='word_1_633' title='bbox 2452 3092 2542 3147; x_wconf 86' lang='grc' dir='ltr'>διὰ</span> <span class='ocrx_word' id='word_1_634' title='bbox 2581 3093 2682 3164; x_wconf 84' lang='grc' dir='ltr'>τῆς</span> <span class='ocrx_word' id='word_1_635' title='bbox 2728 3094 2965 3166; x_wconf 80' lang='grc' dir='ltr'>φυσικῆς</span> <span class='ocrx_word' id='word_1_636' title='bbox 3011 3093 3346 3165; x_wconf 81' lang='grc' dir='ltr'>θερμότητος</span> <span class='ocrx_word' id='word_1_637' title='bbox 3390 3092 3639 3165; x_wconf 80' lang='grc' dir='ltr'>σύντηξίν</span> <span class='ocrx_word' id='word_1_638' title='bbox 3692 3110 3833 3149; x_wconf 68' lang='grc' dir='ltr'>τινα</span> 
     </span>
    </p>
   </div>
   <div class='ocr_carea' id='block_1_92' title="bbox 2230 3182 3828 3256">
    <p class='ocr_par' dir='ltr' id='par_1_92' title="bbox 2230 3182 3828 3256">
     <span class='ocr_line' id='line_1_92' title="bbox 2230 3182 3828 3256; baseline 0.002 -22"><span class='ocrx_word' id='word_1_639' title='bbox 2230 3182 2327 3235; x_wconf 78' lang='grc' dir='ltr'>καὶ</span> <span class='ocrx_word' id='word_1_640' title='bbox 2356 3182 2523 3253; x_wconf 80' lang='grc' dir='ltr'>πέψιν</span> <span class='ocrx_word' id='word_1_641' title='bbox 2543 3183 2644 3255; x_wconf 82' lang='grc' dir='ltr'>τῆς</span> <span class='ocrx_word' id='word_1_642' title='bbox 2671 3183 2806 3256; x_wconf 77' lang='grc' dir='ltr'>ὑλης</span> <span class='ocrx_word' id='word_1_643' title='bbox 2823 3185 3145 3256; x_wconf 82' lang='grc' dir='ltr'>ποιουμένη,</span> <span class='ocrx_word' id='word_1_644' title='bbox 3176 3184 3338 3238; x_wconf 75' lang='grc' dir='ltr'>οἱονεὶ</span> <span class='ocrx_word' id='word_1_645' title='bbox 3354 3185 3418 3237; x_wconf 83' lang='grc' dir='ltr'>ὲκ</span> <span class='ocrx_word' id='word_1_646' title='bbox 3443 3184 3641 3256; x_wconf 82' lang='grc' dir='ltr'>χοάνης</span> <span class='ocrx_word' id='word_1_647' title='bbox 3669 3185 3828 3250; x_wconf 74' lang='grc' dir='ltr'>τινὸς</span> 
     </span>
    </p>
   </div>
   <div class='ocr_carea' id='block_1_93' title="bbox 2229 3273 3834 3349">
    <p class='ocr_par' dir='ltr' id='par_1_93' title="bbox 2229 3273 3834 3349">
     <span class='ocr_line' id='line_1_93' title="bbox 2229 3273 3834 3349; baseline 0.002 -23"><span class='ocrx_word' id='word_1_648' title='bbox 2229 3273 2370 3346; x_wconf 84' lang='grc' dir='ltr'>πρὸς</span> <span class='ocrx_word' id='word_1_649' title='bbox 2407 3277 2535 3340; x_wconf 74' lang='grc' dir='ltr'>τοὺς</span> <span class='ocrx_word' id='word_1_650' title='bbox 2573 3276 2772 3346; x_wconf 80' lang='grc' dir='ltr'>ἐφεξῆς</span> <span class='ocrx_word' id='word_1_651' title='bbox 2821 3278 3028 3349; x_wconf 83' lang='grc' dir='ltr'>πόρους</span> <span class='ocrx_word' id='word_1_652' title='bbox 3068 3279 3314 3348; x_wconf 89' lang='grc' dir='ltr'>μεταχεῖ.</span> <span class='ocrx_word' id='word_1_653' title='bbox 3345 3276 3419 3330; x_wconf 86' lang='grc' dir='ltr'><strong>Τὸ</strong></span> <span class='ocrx_word' id='word_1_654' title='bbox 3448 3277 3594 3348; x_wconf 79' lang='grc' dir='ltr'>παχὺ</span> <span class='ocrx_word' id='word_1_655' title='bbox 3627 3277 3685 3329; x_wconf 84' lang='grc' dir='ltr'>δὲ</span> <span class='ocrx_word' id='word_1_656' title='bbox 3719 3276 3834 3330; x_wconf 68' lang='grc' dir='ltr'>τοῦ</span> 
     </span>
    </p>
   </div>
   <div class='ocr_carea' id='block_1_94' title="bbox 2227 3367 3822 3442">
    <p class='ocr_par' dir='ltr' id='par_1_94' title="bbox 2227 3367 3822 3442">
     <span class='ocr_line' id='line_1_94' title="bbox 2227 3367 3822 3442; baseline 0.001 -21"><span class='ocrx_word' id='word_1_657' title='bbox 2227 3367 2426 3422; x_wconf 81' lang='grc' dir='ltr'>λεπτοῦ</span> <span class='ocrx_word' id='word_1_658' title='bbox 2458 3368 2786 3441; x_wconf 88' lang='grc' dir='ltr'>διακρίνασα</span> <span class='ocrx_word' id='word_1_659' title='bbox 2819 3369 2918 3441; x_wconf 79' lang='grc' dir='ltr'><strong>τὴν</strong></span> <span class='ocrx_word' id='word_1_660' title='bbox 2951 3368 3084 3442; x_wconf 85' lang='grc' dir='ltr'>ύλην</span> <span class='ocrx_word' id='word_1_661' title='bbox 3116 3371 3231 3434; x_wconf 89' lang='grc' dir='ltr'>τοῖς</span> <span class='ocrx_word' id='word_1_662' title='bbox 3257 3369 3502 3442; x_wconf 83' lang='grc' dir='ltr'>ἐντέροις</span> <span class='ocrx_word' id='word_1_663' title='bbox 3527 3369 3822 3434; x_wconf 83' lang='grc' dir='ltr'>ἀπώσατο,</span> 
     </span>
    </p>
   </div>
   <div class='ocr_carea' id='block_1_95' title="bbox 2224 3461 3828 3534">
    <p class='ocr_par' dir='ltr' id='par_1_95' title="bbox 2224 3461 3828 3534">
     <span class='ocr_line' id='line_1_95' title="bbox 2224 3461 3828 3534; baseline 0.001 -20"><span class='ocrx_word' id='word_1_664' title='bbox 2224 3461 2286 3514; x_wconf 86' lang='grc' dir='ltr'><strong>τὸ</strong></span> <span class='ocrx_word' id='word_1_665' title='bbox 2313 3461 2509 3516; x_wconf 84' lang='grc' dir='ltr'>λεπτὸν</span> <span class='ocrx_word' id='word_1_666' title='bbox 2543 3461 2638 3516; x_wconf 79' lang='grc' dir='ltr'>καὶ</span> <span class='ocrx_word' id='word_1_667' title='bbox 2676 3462 2969 3534; x_wconf 78' lang='grc' dir='ltr'>εἱλικρινὲς</span> <span class='ocrx_word' id='word_1_668' title='bbox 3001 3463 3096 3516; x_wconf 71' lang='grc' dir='ltr'>ἐπὶ</span> <span class='ocrx_word' id='word_1_669' title='bbox 3123 3463 3223 3527; x_wconf 72' lang='grc' dir='ltr'><strong>τὰς</strong></span> <span class='ocrx_word' id='word_1_670' title='bbox 3255 3462 3430 3527; x_wconf 85' lang='grc' dir='ltr'>πύλας</span> <span class='ocrx_word' id='word_1_671' title='bbox 3461 3463 3556 3517; x_wconf 81' lang='grc' dir='ltr'>τοῦ</span> <span class='ocrx_word' id='word_1_672' title='bbox 3598 3464 3828 3534; x_wconf 77' lang='grc' dir='ltr'>ἥπατος</span> 
     </span>
    </p>
   </div>
   <div class='ocr_carea' id='block_1_96' title="bbox 2226 3551 3822 3626">
    <p class='ocr_par' dir='ltr' id='par_1_96' title="bbox 2226 3551 3822 3626">
     <span class='ocr_line' id='line_1_96' title="bbox 2226 3551 3822 3626; baseline 0 -21"><span class='ocrx_word' id='word_1_673' title='bbox 2226 3552 2446 3606; x_wconf 77' lang='grc' dir='ltr'>ἔδωκεν.</span> <span class='ocrx_word' id='word_1_674' title='bbox 2489 3551 2817 3617; x_wconf 73' lang='grc' dir='ltr'>Ἀναζέουσα</span> <span class='ocrx_word' id='word_1_675' title='bbox 2843 3553 2899 3606; x_wconf 82' lang='grc' dir='ltr'>δὲ</span> <span class='ocrx_word' id='word_1_676' title='bbox 2927 3553 3006 3625; x_wconf 84' lang='grc' dir='ltr'>τῷ</span> <span class='ocrx_word' id='word_1_677' title='bbox 3035 3553 3228 3626; x_wconf 80' lang='grc' dir='ltr'>θερμῷ</span> <span class='ocrx_word' id='word_1_678' title='bbox 3263 3553 3326 3608; x_wconf 81' lang='grc' dir='ltr'><strong>τὸ</strong></span> <span class='ocrx_word' id='word_1_679' title='bbox 3363 3554 3531 3625; x_wconf 87' lang='grc' dir='ltr'>ὑγρὸν</span> <span class='ocrx_word' id='word_1_680' title='bbox 3562 3556 3822 3608; x_wconf 77' lang='grc' dir='ltr'>ἐναποτί-</span> 
     </span>
    </p>
   </div>
   <div class='ocr_carea' id='block_1_97' title="bbox 2225 3640 3823 3718">
    <p class='ocr_par' dir='ltr' id='par_1_97' title="bbox 2225 3640 3823 3718">
     <span class='ocr_line' id='line_1_97' title="bbox 2225 3640 3823 3718; baseline 0.001 -21"><span class='ocrx_word' id='word_1_681' title='bbox 2225 3643 2398 3706; x_wconf 86' lang='grc' dir='ltr'>θεται,</span> <span class='ocrx_word' id='word_1_682' title='bbox 2427 3644 2566 3698; x_wconf 82' lang='grc' dir='ltr'>ἀὐτὸ</span> <span class='ocrx_word' id='word_1_683' title='bbox 2593 3645 2654 3698; x_wconf 80' lang='grc' dir='ltr'><strong>τὸ</strong></span> <span class='ocrx_word' id='word_1_684' title='bbox 2679 3645 2940 3714; x_wconf 79' lang='grc' dir='ltr'>συγγενὲς</span> <span class='ocrx_word' id='word_1_685' title='bbox 2966 3644 3059 3698; x_wconf 78' lang='grc' dir='ltr'>τοῦ</span> <span class='ocrx_word' id='word_1_686' title='bbox 3091 3646 3265 3718; x_wconf 80' lang='grc' dir='ltr'>πυρὸς</span> <span class='ocrx_word' id='word_1_687' title='bbox 3283 3648 3362 3709; x_wconf 83' lang='grc' dir='ltr'>εἰς</span> <span class='ocrx_word' id='word_1_688' title='bbox 3391 3640 3532 3716; x_wconf 74' lang='grc' dir='ltr'>αἷμα</span> <span class='ocrx_word' id='word_1_689' title='bbox 3553 3645 3612 3698; x_wconf 82' lang='grc' dir='ltr'>τὸ</span> <span class='ocrx_word' id='word_1_690' title='bbox 3639 3645 3823 3714; x_wconf 75' lang='grc' dir='ltr'>ὑγρὸν</span> 
     </span>
    </p>
   </div>
   <div class='ocr_carea' id='block_1_98' title="bbox 2223 3734 3820 3808">
    <p class='ocr_par' dir='ltr' id='par_1_98' title="bbox 2223 3734 3820 3808">
     <span class='ocr_line' id='line_1_98' title="bbox 2223 3734 3820 3808; baseline -0.001 -19"><span class='ocrx_word' id='word_1_691' title='bbox 2223 3735 2674 3806; x_wconf 73' lang='grc' dir='ltr'>καταφοινίξασα,</span> <span class='ocrx_word' id='word_1_692' title='bbox 2699 3735 2770 3790; x_wconf 87' lang='grc' dir='ltr'><strong>τά</strong></span> <span class='ocrx_word' id='word_1_693' title='bbox 2786 3734 2844 3789; x_wconf 76' lang='grc' dir='ltr'>δὲ</span> <span class='ocrx_word' id='word_1_694' title='bbox 2875 3737 3006 3806; x_wconf 83' lang='grc' dir='ltr'>παρ’</span> <span class='ocrx_word' id='word_1_695' title='bbox 3035 3735 3228 3808; x_wconf 77' lang='grc' dir='ltr'>ἑτέρας</span> <span class='ocrx_word' id='word_1_696' title='bbox 3249 3736 3534 3807; x_wconf 87' lang='grc' dir='ltr'>δυνάμεως</span> <span class='ocrx_word' id='word_1_697' title='bbox 3561 3735 3647 3790; x_wconf 84' lang='grc' dir='ltr'><strong>διά</strong></span> <span class='ocrx_word' id='word_1_698' title='bbox 3663 3753 3820 3799; x_wconf 86' lang='grc' dir='ltr'>τινος</span> 
     </span>
    </p>
   </div>
   <div class='ocr_carea' id='block_1_99' title="bbox 2227 3825 3822 3901">
    <p class='ocr_par' dir='ltr' id='par_1_99' title="bbox 2227 3825 3822 3901">
     <span class='ocr_line' id='line_1_99' title="bbox 2227 3825 3822 3901; baseline 0.001 -21"><span class='ocrx_word' id='word_1_699' title='bbox 2227 3825 2426 3898; x_wconf 77' lang='grc' dir='ltr'>μίξεώς</span> <span class='ocrx_word' id='word_1_700' title='bbox 2450 3843 2510 3880; x_wconf 87' lang='grc' dir='ltr'><strong>τε</strong></span> <span class='ocrx_word' id='word_1_701' title='bbox 2544 3827 2640 3882; x_wconf 77' lang='grc' dir='ltr'>καὶ</span> <span class='ocrx_word' id='word_1_702' title='bbox 2673 3826 3031 3899; x_wconf 86' lang='grc' dir='ltr'>συγκράσεως</span> <span class='ocrx_word' id='word_1_703' title='bbox 3060 3828 3330 3882; x_wconf 84' lang='grc' dir='ltr'>ένωθέντα</span> <span class='ocrx_word' id='word_1_704' title='bbox 3366 3827 3446 3894; x_wconf 83' lang='grc' dir='ltr'><strong>τῷ</strong></span> <span class='ocrx_word' id='word_1_705' title='bbox 3475 3829 3688 3901; x_wconf 85' lang='grc' dir='ltr'>σώματι</span> <span class='ocrx_word' id='word_1_706' title='bbox 3717 3829 3822 3882; x_wconf 60' lang='grc' dir='ltr'><strong>διὰ</strong></span> 
     </span>
    </p>
   </div>
   <div class='ocr_carea' id='block_1_100' title="bbox 2221 3917 3813 3992">
    <p class='ocr_par' dir='ltr' id='par_1_100' title="bbox 2221 3917 3813 3992">
     <span class='ocr_line' id='line_1_100' title="bbox 2221 3917 3813 3992; baseline 0 -20"><span class='ocrx_word' id='word_1_707' title='bbox 2221 3917 2316 3972; x_wconf 81' lang='grc' dir='ltr'>τοῦ</span> <span class='ocrx_word' id='word_1_708' title='bbox 2361 3918 2616 3988; x_wconf 82' lang='grc' dir='ltr'>αἵματος,</span> <span class='ocrx_word' id='word_1_709' title='bbox 2675 3917 2972 3991; x_wconf 77' lang='grc' dir='ltr'>ὑποτρέφει</span> <span class='ocrx_word' id='word_1_710' title='bbox 3005 3937 3067 3973; x_wconf 91' lang='grc' dir='ltr'><strong>τε</strong></span> <span class='ocrx_word' id='word_1_711' title='bbox 3121 3921 3218 3974; x_wconf 75' lang='grc' dir='ltr'><strong>καὶ</strong></span> <span class='ocrx_word' id='word_1_712' title='bbox 3246 3921 3526 3992; x_wconf 87' lang='grc' dir='ltr'>συνίστησι</span> <span class='ocrx_word' id='word_1_713' title='bbox 3573 3919 3660 3974; x_wconf 76' lang='grc' dir='ltr'>διὰ</span> <span class='ocrx_word' id='word_1_714' title='bbox 3696 3919 3813 3973; x_wconf 84' lang='grc' dir='ltr'><strong>τῶν</strong></span> 
     </span>
    </p>
   </div>
   <div class='ocr_carea' id='block_1_101' title="bbox 2221 4002 3816 4085">
    <p class='ocr_par' dir='ltr' id='par_1_101' title="bbox 2221 4002 3816 4085">
     <span class='ocr_line' id='line_1_101' title="bbox 2221 4002 3816 4085; baseline 0.001 -22"><span class='ocrx_word' id='word_1_715' title='bbox 2221 4007 2412 4080; x_wconf 83' lang='grc' dir='ltr'>ἀτμῶν</span> <span class='ocrx_word' id='word_1_716' title='bbox 2442 4007 2535 4063; x_wconf 74' lang='grc' dir='ltr'><strong>τὸν</strong></span> <span class='ocrx_word' id='word_1_717' title='bbox 2562 4009 2888 4079; x_wconf 72' lang='grc' dir='ltr'>ἐγκέφαλον,</span> <span class='ocrx_word' id='word_1_718' title='bbox 2923 4011 3016 4081; x_wconf 78' lang='grc' dir='ltr'><strong>ἀφ’</strong></span> <span class='ocrx_word' id='word_1_719' title='bbox 3045 4002 3106 4064; x_wconf 74' lang='grc' dir='ltr'>οὗ</span> <span class='ocrx_word' id='word_1_720' title='bbox 3136 4011 3298 4065; x_wconf 88' lang='grc' dir='ltr'>πάλιν</span> <span class='ocrx_word' id='word_1_721' title='bbox 3328 4013 3421 4066; x_wconf 76' lang='grc' dir='ltr'><strong>ἐπῖ</strong></span> <span class='ocrx_word' id='word_1_722' title='bbox 3455 4012 3518 4066; x_wconf 84' lang='grc' dir='ltr'><strong>τδ</strong></span> <span class='ocrx_word' id='word_1_723' title='bbox 3547 4010 3816 4085; x_wconf 80' lang='grc' dir='ltr'>καθαρώ-</span> 
     </span>
    </p>
   </div>
   <div class='ocr_carea' id='block_1_102' title="bbox 2221 4099 3810 4176">
    <p class='ocr_par' dir='ltr' id='par_1_102' title="bbox 2221 4099 3810 4176">
     <span class='ocr_line' id='line_1_102' title="bbox 2221 4099 3810 4176; baseline 0.003 -23"><span class='ocrx_word' id='word_1_724' title='bbox 2221 4117 2380 4171; x_wconf 87' lang='grc' dir='ltr'>τερον</span> <span class='ocrx_word' id='word_1_725' title='bbox 2420 4099 2860 4176; x_wconf 86' lang='grc' dir='ltr'>ὲκλεπτυνομένη</span> <span class='ocrx_word' id='word_1_726' title='bbox 2906 4105 2940 4174; x_wconf 81' lang='grc' dir='ltr'><strong>ἠ</strong></span> <span class='ocrx_word' id='word_1_727' title='bbox 2975 4104 3071 4158; x_wconf 87' lang='grc' dir='ltr'>ἀπ’</span> <span class='ocrx_word' id='word_1_728' title='bbox 3115 4103 3327 4158; x_wconf 79' lang='grc' dir='ltr'>ἐκείνου</span> <span class='ocrx_word' id='word_1_729' title='bbox 3379 4105 3652 4169; x_wconf 85' lang='grc' dir='ltr'>ἀνάδοσις,</span> <span class='ocrx_word' id='word_1_730' title='bbox 3708 4106 3810 4158; x_wconf 84' lang='grc' dir='ltr'>ὑπ-</span> 
     </span>
    </p>
   </div>
   <div class='ocr_carea' id='block_1_103' title="bbox 2221 4191 3810 4268">
    <p class='ocr_par' dir='ltr' id='par_1_103' title="bbox 2221 4191 3810 4268">
     <span class='ocr_line' id='line_1_103' title="bbox 2221 4191 3810 4268; baseline 0.003 -22"><span class='ocrx_word' id='word_1_731' title='bbox 2221 4191 2436 4262; x_wconf 85' lang='grc' dir='ltr'>αλείφει</span> <span class='ocrx_word' id='word_1_732' title='bbox 2453 4193 2546 4246; x_wconf 78' lang='grc' dir='ltr'>τὸν</span> <span class='ocrx_word' id='word_1_733' title='bbox 2571 4195 2916 4264; x_wconf 73' lang='grc' dir='ltr'>περιεκτικόν</span> <span class='ocrx_word' id='word_1_734' title='bbox 2936 4195 3031 4249; x_wconf 74' lang='grc' dir='ltr'>τοῦ</span> <span class='ocrx_word' id='word_1_735' title='bbox 3047 4197 3351 4266; x_wconf 74' lang='grc' dir='ltr'>ἐγκεφάλου</span> <span class='ocrx_word' id='word_1_736' title='bbox 3371 4197 3569 4268; x_wconf 84' lang='grc' dir='ltr'>ὑμένα,</span> <span class='ocrx_word' id='word_1_737' title='bbox 3588 4197 3644 4260; x_wconf 79' lang='grc' dir='ltr'><strong>δς</strong></span> <span class='ocrx_word' id='word_1_738' title='bbox 3665 4199 3810 4252; x_wconf 78' lang='grc' dir='ltr'>ἀνω-</span> 
     </span>
    </p>
   </div>
   <div class='ocr_carea' id='block_1_104' title="bbox 2221 4281 3807 4358">
    <p class='ocr_par' dir='ltr' id='par_1_104' title="bbox 2221 4281 3807 4358">
     <span class='ocr_line' id='line_1_104' title="bbox 2221 4281 3807 4358; baseline 0.003 -22"><span class='ocrx_word' id='word_1_739' title='bbox 2221 4281 2312 4336; x_wconf 90' lang='grc' dir='ltr'><strong>θεν</strong></span> <span class='ocrx_word' id='word_1_740' title='bbox 2341 4283 2434 4336; x_wconf 80' lang='grc' dir='ltr'><strong>ὲπὶ</strong></span> <span class='ocrx_word' id='word_1_741' title='bbox 2461 4282 2523 4338; x_wconf 81' lang='grc' dir='ltr'>τὸ</span> <span class='ocrx_word' id='word_1_742' title='bbox 2559 4283 2723 4354; x_wconf 86' lang='grc' dir='ltr'>βάθος</span> <span class='ocrx_word' id='word_1_743' title='bbox 2752 4285 3042 4350; x_wconf 85' lang='grc' dir='ltr'>αύλοειδῶς</span> <span class='ocrx_word' id='word_1_744' title='bbox 3062 4287 3286 4358; x_wconf 82' lang='grc' dir='ltr'>διήκων,</span> <span class='ocrx_word' id='word_1_745' title='bbox 3313 4287 3402 4342; x_wconf 88' lang='grc' dir='ltr'><strong>διά</strong></span> <span class='ocrx_word' id='word_1_746' title='bbox 3427 4288 3537 4342; x_wconf 83' lang='grc' dir='ltr'>τῶν</span> <span class='ocrx_word' id='word_1_747' title='bbox 3568 4288 3807 4358; x_wconf 75' lang='grc' dir='ltr'>καθεξῆς</span> 
     </span>
    </p>
   </div>
   <div class='ocr_carea' id='block_1_105' title="bbox 2222 4371 3808 4449">
    <p class='ocr_par' dir='ltr' id='par_1_105' title="bbox 2222 4371 3808 4449">
     <span class='ocr_line' id='line_1_105' title="bbox 2222 4371 3808 4449; baseline 0.005 -25"><span class='ocrx_word' id='word_1_748' title='bbox 2222 4371 2532 4441; x_wconf 80' lang='grc' dir='ltr'>σφονδύλων</span> <span class='ocrx_word' id='word_1_749' title='bbox 2553 4373 2746 4430; x_wconf 80' lang='grc' dir='ltr'>ἑαυτόν</span> <span class='ocrx_word' id='word_1_750' title='bbox 2778 4391 2838 4428; x_wconf 85' lang='grc' dir='ltr'><strong>τε</strong></span> <span class='ocrx_word' id='word_1_751' title='bbox 2879 4375 2974 4429; x_wconf 74' lang='grc' dir='ltr'>καὶ</span> <span class='ocrx_word' id='word_1_752' title='bbox 3011 4376 3103 4430; x_wconf 86' lang='grc' dir='ltr'><strong>τὸν</strong></span> <span class='ocrx_word' id='word_1_753' title='bbox 3147 4377 3469 4448; x_wconf 78' lang='grc' dir='ltr'>ἐγκείμενον</span> <span class='ocrx_word' id='word_1_754' title='bbox 3505 4379 3698 4449; x_wconf 74' lang='grc' dir='ltr'>μυελὸν</span> <span class='ocrx_word' id='word_1_755' title='bbox 3725 4379 3808 4432; x_wconf 74' lang='grc' dir='ltr'>δι-</span> 
     </span>
    </p>
   </div>
   <div class='ocr_carea' id='block_1_106' title="bbox 2221 4463 3813 4542">
    <p class='ocr_par' dir='ltr' id='par_1_106' title="bbox 2221 4463 3813 4542">
     <span class='ocr_line' id='line_1_106' title="bbox 2221 4463 3813 4542; baseline 0.004 -25"><span class='ocrx_word' id='word_1_756' title='bbox 2221 4463 2456 4533; x_wconf 76' lang='grc' dir='ltr'>εξάγων,</span> <span class='ocrx_word' id='word_1_757' title='bbox 2491 4464 2580 4518; x_wconf 89' lang='grc' dir='ltr'><strong>διά</strong></span> <span class='ocrx_word' id='word_1_758' title='bbox 2605 4465 2707 4536; x_wconf 82' lang='grc' dir='ltr'><strong>τῆς</strong></span> <span class='ocrx_word' id='word_1_759' title='bbox 2737 4467 2940 4540; x_wconf 91' lang='grc' dir='ltr'>νύσσης</span> <span class='ocrx_word' id='word_1_760' title='bbox 2978 4469 3344 4542; x_wconf 81' lang='grc' dir='ltr'>συναπολήγει</span> <span class='ocrx_word' id='word_1_761' title='bbox 3386 4471 3482 4524; x_wconf 76' lang='grc' dir='ltr'>ἐπὶ</span> <span class='ocrx_word' id='word_1_762' title='bbox 3508 4470 3578 4525; x_wconf 87' lang='grc' dir='ltr'><strong>τά</strong></span> <span class='ocrx_word' id='word_1_763' title='bbox 3604 4472 3813 4536; x_wconf 71' lang='grc' dir='ltr'>αἰδοῖα,</span> 
     </span>
    </p>
   </div>
   <div class='ocr_carea' id='block_1_107' title="bbox 2223 4557 3806 4636">
    <p class='ocr_par' dir='ltr' id='par_1_107' title="bbox 2223 4557 3806 4636">
     <span class='ocr_line' id='line_1_107' title="bbox 2223 4557 3806 4636; baseline 0.004 -26"><span class='ocrx_word' id='word_1_764' title='bbox 2223 4558 2427 4621; x_wconf 86' lang='grc' dir='ltr'>πάσαις</span> <span class='ocrx_word' id='word_1_765' title='bbox 2458 4557 2662 4612; x_wconf 83' lang='grc' dir='ltr'>ὀστέων</span> <span class='ocrx_word' id='word_1_766' title='bbox 2707 4561 2801 4613; x_wconf 79' lang='grc' dir='ltr'><strong>καὶ</strong></span> <span class='ocrx_word' id='word_1_767' title='bbox 2843 4558 3123 4631; x_wconf 80' lang='grc' dir='ltr'>ἁρμονιῶν</span> <span class='ocrx_word' id='word_1_768' title='bbox 3159 4562 3480 4634; x_wconf 75' lang='grc' dir='ltr'>συμϐολαῖς,</span> <span class='ocrx_word' id='word_1_769' title='bbox 3520 4565 3616 4618; x_wconf 74' lang='grc' dir='ltr'><strong>καὶ</strong></span> <span class='ocrx_word' id='word_1_770' title='bbox 3648 4565 3806 4636; x_wconf 84' lang='grc' dir='ltr'>μυῶν</span> 
     </span>
    </p>
   </div>
   <div class='ocr_carea' id='block_1_108' title="bbox 2221 4645 3807 4725">
    <p class='ocr_par' dir='ltr' id='par_1_108' title="bbox 2221 4645 3807 4725">
     <span class='ocr_line' id='line_1_108' title="bbox 2221 4645 3807 4725; baseline 0.005 -24"><span class='ocrx_word' id='word_1_771' title='bbox 2221 4651 2418 4719; x_wconf 87' lang='grc' dir='ltr'>ἀρχαῖς</span> <span class='ocrx_word' id='word_1_772' title='bbox 2455 4645 2568 4714; x_wconf 74' lang='grc' dir='ltr'>οἷός</span> <span class='ocrx_word' id='word_1_773' title='bbox 2602 4666 2687 4714; x_wconf 88' lang='grc' dir='ltr'><strong>τις</strong></span> <span class='ocrx_word' id='word_1_774' title='bbox 2725 4650 2940 4723; x_wconf 82' lang='grc' dir='ltr'>ἡνίοχος</span> <span class='ocrx_word' id='word_1_775' title='bbox 2995 4653 3188 4719; x_wconf 82' lang='grc' dir='ltr'>αὐταῖς</span> <span class='ocrx_word' id='word_1_776' title='bbox 3229 4655 3467 4720; x_wconf 78' lang='grc' dir='ltr'>ἐνδιδοὺς</span> <span class='ocrx_word' id='word_1_777' title='bbox 3518 4655 3620 4725; x_wconf 67' lang='grc' dir='ltr'>τῆς</span> <span class='ocrx_word' id='word_1_778' title='bbox 3679 4655 3807 4708; x_wconf 80' lang='grc' dir='ltr'>καθ’</span> 
     </span>
    </p>
   </div>
   <div class='ocr_carea' id='block_1_109' title="bbox 2221 4741 3251 4812">
    <p class='ocr_par' dir='ltr' id='par_1_109' title="bbox 2221 4741 3251 4812">
     <span class='ocr_line' id='line_1_109' title="bbox 2221 4741 3251 4812; baseline 0.007 -18"><span class='ocrx_word' id='word_1_779' title='bbox 2221 4741 2450 4794; x_wconf 79' lang='grc' dir='ltr'>ἕκαστον</span> <span class='ocrx_word' id='word_1_780' title='bbox 2483 4741 2751 4812; x_wconf 80' lang='grc' dir='ltr'>κινήσεώς</span> <span class='ocrx_word' id='word_1_781' title='bbox 2777 4761 2838 4796; x_wconf 91' lang='grc' dir='ltr'><strong>τε</strong></span> <span class='ocrx_word' id='word_1_782' title='bbox 2867 4745 2963 4798; x_wconf 78' lang='grc' dir='ltr'><strong>καὶ</strong></span> <span class='ocrx_word' id='word_1_783' title='bbox 2989 4745 3251 4811; x_wconf 86' lang='grc' dir='ltr'>στάσεως.</span> 
     </span>
    </p>
   </div>
   <div class='ocr_carea' id='block_1_110' title="bbox 2299 5073 3803 5150">
    <p class='ocr_par' dir='ltr' id='par_1_110' title="bbox 2299 5073 3803 5150">
     <span class='ocr_line' id='line_1_110' title="bbox 2299 5073 3803 5150; baseline 0.007 -25"><span class='ocrx_word' id='word_1_784' title='bbox 2299 5073 2442 5126; x_wconf 82' lang='grc' dir='ltr'>Ἀλλ’</span> <span class='ocrx_word' id='word_1_785' title='bbox 2471 5074 2565 5127; x_wconf 74' lang='grc' dir='ltr'><strong>ἐπὶ</strong></span> <span class='ocrx_word' id='word_1_786' title='bbox 2595 5073 2658 5128; x_wconf 81' lang='grc' dir='ltr'><strong>τὸ</strong></span> <span class='ocrx_word' id='word_1_787' title='bbox 2683 5077 3041 5147; x_wconf 87' lang='grc' dir='ltr'>προκείμενον</span> <span class='ocrx_word' id='word_1_788' title='bbox 3073 5078 3591 5150; x_wconf 76' lang='grc' dir='ltr'>ἐπανήξωμενοὍτι</span> <span class='ocrx_word' id='word_1_789' title='bbox 3619 5078 3682 5134; x_wconf 55' lang='lat' dir='ltr'><strong>ct</strong></span> <span class='ocrx_word' id='word_1_790' title='bbox 3709 5098 3803 5135; x_wconf 85' lang='grc' dir='ltr'>κυ-</span> 
     </span>
    </p>
   </div>
   <div class='ocr_carea' id='block_1_111' title="bbox 2223 5162 3800 5244">
    <p class='ocr_par' dir='ltr' id='par_1_111' title="bbox 2223 5162 3800 5244">
     <span class='ocr_line' id='line_1_111' title="bbox 2223 5162 3800 5244; baseline 0.006 -28"><span class='ocrx_word' id='word_1_791' title='bbox 2223 5162 2486 5234; x_wconf 83' lang='grc' dir='ltr'>ριώτατον</span> <span class='ocrx_word' id='word_1_792' title='bbox 2530 5166 2624 5220; x_wconf 75' lang='grc' dir='ltr'><strong>καὶ</strong></span> <span class='ocrx_word' id='word_1_793' title='bbox 2651 5167 2952 5235; x_wconf 84' lang='grc' dir='ltr'>ἀναγκαῖον</span> <span class='ocrx_word' id='word_1_794' title='bbox 2988 5169 3146 5240; x_wconf 81' lang='grc' dir='ltr'>ἡμῶν</span> <span class='ocrx_word' id='word_1_795' title='bbox 3192 5170 3477 5242; x_wconf 78' lang='grc' dir='ltr'>τῆςζωῆς</span> <span class='ocrx_word' id='word_1_796' title='bbox 3520 5173 3554 5244; x_wconf 79' lang='grc' dir='ltr'><strong>η</strong></span> <span class='ocrx_word' id='word_1_797' title='bbox 3599 5173 3800 5242; x_wconf 72' lang='grc' dir='ltr'>καρδία</span> 
     </span>
    </p>
   </div>
   <div class='ocr_carea' id='block_1_112' title="bbox 2219 5256 3797 5334">
    <p class='ocr_par' dir='ltr' id='par_1_112' title="bbox 2219 5256 3797 5334">
     <span class='ocr_line' id='line_1_112' title="bbox 2219 5256 3797 5334; baseline 0.005 -26"><span class='ocrx_word' id='word_1_798' title='bbox 2219 5256 2484 5328; x_wconf 83' lang='grc' dir='ltr'>ὑπάρχει·</span> <span class='ocrx_word' id='word_1_799' title='bbox 2523 5256 2604 5310; x_wconf 76' lang='grc' dir='ltr'><strong>διὸ</strong></span> <span class='ocrx_word' id='word_1_800' title='bbox 2628 5258 2725 5311; x_wconf 78' lang='grc' dir='ltr'>καὶ</span> <span class='ocrx_word' id='word_1_801' title='bbox 2754 5258 2905 5331; x_wconf 84' lang='grc' dir='ltr'><strong>παρά</strong></span> <span class='ocrx_word' id='word_1_802' title='bbox 2923 5259 3104 5314; x_wconf 80' lang='grc' dir='ltr'>πάντα</span> <span class='ocrx_word' id='word_1_803' title='bbox 3124 5261 3283 5333; x_wconf 80' lang='grc' dir='ltr'>ἡμῶν</span> <span class='ocrx_word' id='word_1_804' title='bbox 3297 5262 3366 5316; x_wconf 81' lang='grc' dir='ltr'>τὰ</span> <span class='ocrx_word' id='word_1_805' title='bbox 3395 5263 3626 5334; x_wconf 73' lang='grc' dir='ltr'>ὄργανα,</span> <span class='ocrx_word' id='word_1_806' title='bbox 3655 5263 3797 5333; x_wconf 79' lang='grc' dir='ltr'>μᾶλ-</span> 
     </span>
    </p>
   </div>
   <div class='ocr_carea' id='block_1_113' title="bbox 2217 5348 3798 5424">
    <p class='ocr_par' dir='ltr' id='par_1_113' title="bbox 2217 5348 3798 5424">
     <span class='ocr_line' id='line_1_113' title="bbox 2217 5348 3798 5424; baseline 0.004 -24"><span class='ocrx_word' id='word_1_807' title='bbox 2217 5349 2308 5401; x_wconf 83' lang='grc' dir='ltr'><strong>λον</strong></span> <span class='ocrx_word' id='word_1_808' title='bbox 2351 5348 2520 5419; x_wconf 80' lang='grc' dir='ltr'>αὐτὴν</span> <span class='ocrx_word' id='word_1_809' title='bbox 2557 5350 2586 5402; x_wconf 85' lang='grc' dir='ltr'>ὁ</span> <span class='ocrx_word' id='word_1_810' title='bbox 2615 5349 2956 5423; x_wconf 74' lang='grc' dir='ltr'>Δημιουργδς</span> <span class='ocrx_word' id='word_1_811' title='bbox 2995 5353 3442 5424; x_wconf 87' lang='grc' dir='ltr'>κατησφαλίσατο</span> <span class='ocrx_word' id='word_1_812' title='bbox 3465 5357 3587 5418; x_wconf 84' lang='grc' dir='ltr'>ταῖς</span> <span class='ocrx_word' id='word_1_813' title='bbox 3611 5355 3670 5407; x_wconf 82' lang='grc' dir='ltr'>ὲν</span> <span class='ocrx_word' id='word_1_814' title='bbox 3696 5353 3798 5407; x_wconf 80' lang='grc' dir='ltr'>κύ-</span> 
     </span>
    </p>
   </div>
   <div class='ocr_carea' id='block_1_114' title="bbox 2217 5439 3797 5517">
    <p class='ocr_par' dir='ltr' id='par_1_114' title="bbox 2217 5439 3797 5517">
     <span class='ocr_line' id='line_1_114' title="bbox 2217 5439 3797 5517; baseline 0.003 -25"><span class='ocrx_word' id='word_1_815' title='bbox 2217 5440 2330 5510; x_wconf 85' lang='grc' dir='ltr'>κλῳ</span> <span class='ocrx_word' id='word_1_816' title='bbox 2351 5439 2460 5492; x_wconf 84' lang='grc' dir='ltr'>τῶν</span> <span class='ocrx_word' id='word_1_817' title='bbox 2495 5441 2864 5513; x_wconf 81' lang='grc' dir='ltr'>στερῤοτέρων</span> <span class='ocrx_word' id='word_1_818' title='bbox 2887 5447 3170 5515; x_wconf 83' lang='grc' dir='ltr'>περιοχαῖς</span> <span class='ocrx_word' id='word_1_819' title='bbox 3193 5443 3479 5517; x_wconf 83' lang='grc' dir='ltr'>ὀχυρώσας</span> <span class='ocrx_word' id='word_1_820' title='bbox 3507 5443 3677 5515; x_wconf 78' lang='grc' dir='ltr'>αὐτὴν</span> <span class='ocrx_word' id='word_1_821' title='bbox 3699 5445 3797 5498; x_wconf 80' lang='grc' dir='ltr'>καὶ</span> 
     </span>
    </p>
   </div>
   <div class='ocr_carea' id='block_1_115' title="bbox 2215 5527 3795 5606">
    <p class='ocr_par' dir='ltr' id='par_1_115' title="bbox 2215 5527 3795 5606">
     <span class='ocr_line' id='line_1_115' title="bbox 2215 5527 3795 5606; baseline 0.003 -25"><span class='ocrx_word' id='word_1_822' title='bbox 2215 5527 2588 5600; x_wconf 73' lang='grc' dir='ltr'>περιφράξαςο</span> <span class='ocrx_word' id='word_1_823' title='bbox 2625 5529 2856 5585; x_wconf 82' lang='grc' dir='ltr'>κατόπιν</span> <span class='ocrx_word' id='word_1_824' title='bbox 2903 5532 3004 5603; x_wconf 86' lang='grc' dir='ltr'><strong>μὲν</strong></span> <span class='ocrx_word' id='word_1_825' title='bbox 3026 5535 3092 5605; x_wconf 77' lang='grc' dir='ltr'>τῇ</span> <span class='ocrx_word' id='word_1_826' title='bbox 3143 5533 3318 5606; x_wconf 84' lang='grc' dir='ltr'>νύσσῃ</span> <span class='ocrx_word' id='word_1_827' title='bbox 3351 5535 3447 5588; x_wconf 58' lang='grc' dir='ltr'><strong>καὶ⁷</strong></span> <span class='ocrx_word' id='word_1_828' title='bbox 3473 5537 3593 5597; x_wconf 87' lang='grc' dir='ltr'>ταῖς</span> <span class='ocrx_word' id='word_1_829' title='bbox 3643 5533 3795 5603; x_wconf 86' lang='grc' dir='ltr'>ὠμο-</span> 
     </span>
    </p>
   </div>
   <div class='ocr_carea' id='block_1_116' title="bbox 2215 5620 3798 5697">
    <p class='ocr_par' dir='ltr' id='par_1_116' title="bbox 2215 5620 3798 5697">
     <span class='ocr_line' id='line_1_116' title="bbox 2215 5620 3798 5697; baseline 0.001 -21"><span class='ocrx_word' id='word_1_830' title='bbox 2215 5621 2446 5685; x_wconf 84' lang='grc' dir='ltr'>πλάταις</span> <span class='ocrx_word' id='word_1_831' title='bbox 2466 5637 2481 5652; x_wconf 81' lang='grc'><strong><em>⁸</em></strong></span> <span class='ocrx_word' id='word_1_832' title='bbox 2514 5620 2636 5675; x_wconf 81' lang='grc' dir='ltr'>καθ’</span> <span class='ocrx_word' id='word_1_833' title='bbox 2666 5621 2929 5694; x_wconf 78' lang='grc' dir='ltr'>ἑκάτερον</span> <span class='ocrx_word' id='word_1_834' title='bbox 2955 5623 3014 5678; x_wconf 84' lang='grc' dir='ltr'><strong>δὲ</strong></span> <span class='ocrx_word' id='word_1_835' title='bbox 3037 5625 3288 5695; x_wconf 86' lang='grc' dir='ltr'>πλάγιον,</span> <span class='ocrx_word' id='word_1_836' title='bbox 3314 5629 3382 5697; x_wconf 78' lang='grc' dir='ltr'>τῇ</span> <span class='ocrx_word' id='word_1_837' title='bbox 3404 5625 3511 5680; x_wconf 85' lang='grc' dir='ltr'><strong>τῶν</strong></span> <span class='ocrx_word' id='word_1_838' title='bbox 3535 5626 3798 5696; x_wconf 72' lang='grc' dir='ltr'>πλευρῶν</span> 
     </span>
    </p>
   </div>
   <div class='ocr_carea' id='block_1_117' title="bbox 2215 5713 3790 5791">
    <p class='ocr_par' dir='ltr' id='par_1_117' title="bbox 2215 5713 3790 5791">
     <span class='ocr_line' id='line_1_117' title="bbox 2215 5713 3790 5791; baseline 0.002 -22"><span class='ocrx_word' id='word_1_839' title='bbox 2215 5715 2360 5769; x_wconf 88' lang='grc' dir='ltr'>θέσει</span> <span class='ocrx_word' id='word_1_840' title='bbox 2390 5713 2751 5785; x_wconf 80' lang='grc' dir='ltr'>περιπτύξας,</span> <span class='ocrx_word' id='word_1_841' title='bbox 2788 5714 3062 5782; x_wconf 83' lang='grc' dir='ltr'>δυσπαθὲς</span> <span class='ocrx_word' id='word_1_842' title='bbox 3089 5718 3152 5772; x_wconf 84' lang='grc' dir='ltr'><strong>τὸ</strong></span> <span class='ocrx_word' id='word_1_843' title='bbox 3193 5719 3359 5790; x_wconf 71' lang='grc' dir='ltr'>μέσον</span> <span class='ocrx_word' id='word_1_844' title='bbox 3389 5718 3790 5791; x_wconf 87' lang='grc' dir='ltr'>ἀπειργάσατο.</span> 
     </span>
    </p>
   </div>
   <div class='ocr_carea' id='block_1_118' title="bbox 2231 5805 3802 5882">
    <p class='ocr_par' dir='ltr' id='par_1_118' title="bbox 2231 5805 3802 5882">
     <span class='ocr_line' id='line_1_118' title="bbox 2231 5805 3802 5882; baseline 0.003 -21"><span class='ocrx_word' id='word_1_845' title='bbox 2231 5807 2320 5861; x_wconf 79' lang='grc' dir='ltr'>Ἑν</span> <span class='ocrx_word' id='word_1_846' title='bbox 2351 5805 2408 5859; x_wconf 77' lang='grc' dir='ltr'><strong>δὲ</strong></span> <span class='ocrx_word' id='word_1_847' title='bbox 2445 5808 2556 5870; x_wconf 86' lang='grc' dir='ltr'>τοῖς</span> <span class='ocrx_word' id='word_1_848' title='bbox 2589 5805 2902 5879; x_wconf 75' lang='grc' dir='ltr'>ἔμπροσθεν</span> <span class='ocrx_word' id='word_1_849' title='bbox 2924 5809 2984 5864; x_wconf 83' lang='grc' dir='ltr'>τὸ</span> <span class='ocrx_word' id='word_1_850' title='bbox 3021 5809 3242 5882; x_wconf 76' lang='grc' dir='ltr'>στέρνον</span> <span class='ocrx_word' id='word_1_851' title='bbox 3276 5811 3370 5866; x_wconf 68' lang='grc' dir='ltr'><strong>καὶ</strong></span> <span class='ocrx_word' id='word_1_852' title='bbox 3398 5811 3502 5882; x_wconf 77' lang='grc' dir='ltr'><strong>τὴν</strong></span> <span class='ocrx_word' id='word_1_853' title='bbox 3531 5809 3802 5880; x_wconf 61' lang='grc' dir='ltr'>συζυγίαν.</span> 
     </span>
    </p>
   </div>
  </div>
