4112 6380
293 372 428 425 ιρπ

289 482 389 550 τῆς
423 479 627 545 κλειδὸς
648 481 1022 553 προεστήσατο
1041 498 1054 510 ο
1084 480 1346 535 πάντοθεν
1370 482 1508 552 αὐτῇ
1535 480 1594 534 τὸ
1621 478 1864 550 ἀσφαλὲς

291 573 401 625 ἀπὸ
432 574 541 625 τῶν
570 572 769 638 ἔξωθεν
797 573 1152 644 διοχλούντων
1186 574 1451 642 φυλάξας.
1496 574 1662 638 ’ἰδίως
1687 574 1744 627 δὲ
1774 573 1870 628 καὶ

298 665 427 735 περὶ
466 663 561 717 τοῦ
596 664 899 736 πνεύμονος
930 664 1147 734 φύσεως
1176 664 1265 719 διὰ
1297 664 1547 737 βραχέων
1584 667 1868 736 φήσωμεν.

298 755 391 825 Τῷ
430 755 639 827 θώρακι
689 757 869 810 τοίνυν
915 750 1067 820 οὗτος
1137 758 1525 829 ὲνηρτημένος,
1578 758 1873 829 γομφώδης

299 845 535 916 ὑπάρχει
583 848 675 899 καὶ
706 847 949 916 μαλακὸς
998 849 1092 901 καὶ
1124 850 1257 903 πολὺ
1290 849 1480 921 ἀραιός
1512 866 1571 901 τε
1617 850 1710 902 καὶ
1739 849 1875 901 εἰδε-

300 936 467 1007 χθής“
519 938 699 1002 πάσας
732 938 789 992 δὲ
819 938 917 1001 τάς
950 939 1146 993 ἑαυτοῦ
1179 941 1517 1011 κυκλότητας
1551 957 1873 994 συνανεστο-

305 1026 567 1096 μωμένας
601 1028 740 1098 ἔχων
773 1026 910 1101 πρὸς
930 1029 1024 1083 τὸν
1047 1029 1295 1100 πυθμένα
1315 1030 1415 1100 τῆς
1438 1031 1724 1102 ἀρτηρίας,
1754 1048 1879 1083 συν-

305 1119 569 1190 αγόμενος
604 1121 702 1191 μὲν
742 1122 836 1175 καὶ
879 1124 1213 1192 συμπέπτων
1247 1122 1308 1175 τὸ
1349 1123 1734 1191 ὲναπολειφθὲν
1766 1127 1877 1187 τοῖς

308 1209 526 1273 κόλποις
554 1212 791 1281 πνεῦμα,
822 1214 1034 1284 ἀνάγκῃ
1063 1213 1333 1277 ὲκπιέζων
1363 1218 1598 1286 προεῖτο.
1637 1216 1881 1284 Ὑποχω-

312 1302 422 1372 ρῶν
465 1302 522 1355 δὲ
570 1307 665 1357 καὶ
709 1306 1060 1377 ἀνοιγόμενος
1090 1308 1392 1361 ἐπισπᾶται
1419 1311 1486 1379 τῇ
1523 1308 1616 1379 βίᾳ
1656 1308 1791 1378 πρὸς
1821 1310 1881 1362 τὸ

312 1392 629 1463 κινούμενον
677 1394 767 1447 διὰ
796 1397 894 1465 τῆς
924 1395 1089 1466 ὁλκῆς
1116 1396 1207 1449 τὸν
1241 1396 1399 1468 ἀέρα,
1435 1399 1528 1451 καὶ
1554 1400 1621 1469 τῇ
1672 1400 1885 1467 συνεχεῖ

313 1483 524 1552 κινήσει
556 1486 620 1554 τῇ
658 1483 854 1555 καρδίᾳ
885 1484 1353 1556 περιδονούμενος,
1396 1485 1457 1537 τὸ
1486 1484 1759 1553 φλογῶδες
1789 1484 1885 1537 αὐ⁴

313 1574 414 1642 τῆς
452 1575 546 1627 καὶ
569 1574 830 1645 διάπυρον
859 1575 936 1645 τῷ
964 1575 1210 1645 ριπισμῷ
1237 1575 1606 1646 διακρούεται.
1632 1569 1757 1628 Οἷον
1776 1574 1884 1646 γάρ

316 1666 446 1734 φλὸξ
480 1666 554 1737 μὴ
581 1667 907 1720 διαπνέουσα
935 1666 1041 1720 ὑπὸ
1071 1666 1165 1719 τοῦ
1192 1667 1390 1720 οἰκείου
1423 1666 1629 1721 καπνοῦ
1663 1666 1885 1719 σϐέννυ-

316 1775 426 1818 ται,
460 1758 554 1811 καὶ
578 1757 638 1810 τὸ
668 1757 803 1821 ζῶον
836 1757 910 1828 μὴ
950 1758 1202 1811 διαπνέον
1231 1758 1307 1829 τῷ
1337 1758 1597 1829 πνεύμονι
1625 1758 1687 1810 τὸ
1731 1775 1887 1824 περι-

319 1848 537 1917 κὰρδιον
566 1848 760 1901 ἑαυτοῦ
802 1847 930 1920 πῦρ.
973 1849 1065 1902 Διὸ
1108 1849 1552 1919 περιδονούμενος
1590 1853 1654 1920 τῇ
1689 1849 1889 1920 καρδία

319 1940 414 1996 καὶ
454 1939 708 2009 πραείαις
747 1939 943 2010 αὔραις
977 1940 1309 2003 κολακεύων,
1346 1940 1569 2003 εὐθαλὲς
1601 1941 1694 1993 καὶ
1718 1942 1891 2011 ἐρρω-

323 2035 484 2102 μένον
518 2035 580 2086 τὸ
607 2030 746 2098 ζῶον
777 2030 1066 2083 δείκνυσιν.
1113 2032 1201 2083 Ἐν
1231 2031 1368 2101 αὐτῇ
1403 2030 1511 2101 γὰρ
1542 2032 1637 2082 καὶ
1672 2029 1805 2100 μόνῃ
1831 2028 1892 2080 τὸ

321 2124 549 2188 ζωτικὸν
590 2127 760 2178 αἴτιον
790 2121 1040 2192 ἱδρύσθαι
1074 2140 1166 2192 μοι
1199 2123 1362 2176 δοκεῖ.
1406 2122 1480 2174 Τὸ
1510 2122 1565 2174 δὲ
1602 2118 1755 2194 ἦπαρ
1800 2120 1894 2172 καὶ

321 2216 454 2268 αὐτὸ
502 2216 702 2287 θερμὸν
745 2218 989 2288 ὑπάρχον
1019 2215 1154 2286 πρὸς
1189 2213 1287 2284 τὴν
1330 2215 1440 2266 τῶν
1493 2213 1896 2284 ὲγκρινομένων

323 2305 488 2375 πέψιν
515 2324 573 2359 τε
595 2308 688 2359 καὶ
713 2306 1080 2377 ἐξαιμάτωσιν
1103 2303 1180 2373 τῷ
1198 2303 1355 2373 δεξιῷ
1383 2304 1475 2373 ὲνή
1486 2321 1677 2374 ρτηται
1709 2300 1893 2374 μέρει·

322 2393 385 2451 οὐ
406 2397 864 2468 καταψυχθέντος,
897 2397 1184 2458 ἀλλοίωσις
1213 2395 1312 2466 μὲν
1336 2395 1412 2465 τῷ
1441 2394 1717 2465 προσώπῳ
1743 2392 1897 2457 αὖθις

325 2490 647 2558 ἐπιγίνεται,
701 2490 954 2560 σπασμὸς
998 2490 1053 2543 δὲ
1095 2494 1190 2543 καὶ
1232 2487 1507 2557 ἀδυναμία
1539 2487 1681 2541 κατὰ
1710 2488 1895 2558 μέρος.

328 2582 417 2652 Τῷ
449 2583 504 2636 δὲ
530 2582 794 2653 εὐωνύμῳ
830 2585 858 2636 ὁ
882 2582 1056 2651 σπλὴν
1081 2581 1398 2651 ἐμπέφυκεν
1426 2579 1541 2649 ἅμα
1569 2595 1627 2630 τε
1654 2578 1900 2647 ὐφέλκων

329 2674 424 2727 καὶ
448 2673 739 2743 διακρίνων
766 2674 828 2726 τὸ
860 2672 1059 2735 ὑλῶδες
1096 2671 1190 2724 τοῦ
1220 2671 1454 2741 αἵματος
1475 2686 1489 2701 ο
1529 2668 1899 2736 καταγλυκαι-

328 2766 555 2835 νόμενος
586 2765 643 2817 δὲ
693 2764 1025 2836 κορυφοῦται
1060 2765 1176 2833 ἅμα
1203 2765 1299 2817 καὶ
1337 2763 1601 2834 πυροῦται
1635 2760 1903 2815 ἐκϐαίνων

327 2858 455 2919 τοὺς
478 2855 672 2909 ἑαυτοῦ
693 2857 872 2927 ὅρους,
898 2857 993 2909 καὶ⁹
1018 2853 1355 2923 διατειχίζων
1376 2854 1474 2917 τὰς
1498 2853 1710 2923 πέψεις,
1744 2852 1904 2905 πολύ-

330 2961 533 3014 σαρκον
577 2945 679 3015 μὲν
722 2945 1011 3013 φαίνεσθαι
1054 2946 1220 3006 ποιεῖ,
1257 2943 1464 3014 ὡχρίαν
1495 2943 1552 2995 δὲ
1585 2943 1682 2995 καὶ
1720 2942 1906 2995 ἀδυνα-

330 3033 463 3104 μίαν
496 3034 641 3087 κατά
687 3035 851 3105 μέρος
888 3036 1104 3103 ἐπάγει.
1151 3033 1413 3104 Ἐντέρων
1454 3032 1512 3086 δὲ
1554 3033 1768 3103 ἑλιγμοὶ
1813 3034 1907 3086 καὶ

335 3126 646 3195 συμπλοκαὶ
676 3127 805 3198 περὶ
850 3127 948 3198 τὴν
992 3126 1237 3197 γαστέρα
1259 3143 1271 3157 ⁸
1308 3126 1455 3187 ὅπως
1482 3128 1548 3195 τῇ
1597 3126 1783 3197 σκολιᾷ
1811 3142 1909 3177 πε-

336 3220 583 3287 ριαγωγῇ
635 3218 811 3289 χρόνῳ
864 3217 1345 3291 παρακατέχεσθαι
1398 3216 1501 3289 τὴν
1533 3216 1741 3287 τροφὴν
1798 3219 1908 3280 τοῖς

336 3308 703 3379 σπλάγχνοις⁴
739 3311 815 3374 ὡς
846 3310 911 3365 ἂν
959 3311 1033 3382 μὴ
1072 3310 1139 3363 δι’
1191 3309 1463 3379 εὐθύτητα
1512 3308 1607 3361 τοῦ
1690 3311 1857 3384 πόρου
1895 3348 1912 3373 ,

338 3399 537 3471 ῥᾳδίως
578 3402 673 3453 καὶ
717 3399 872 3465 αὖθις
916 3401 1311 3473 ὲκκρινομένης
1344 3399 1625 3471 ἀνακινοίη
1672 3400 1734 3453 τὸ
1778 3400 1915 3464 ζῶον

338 3492 476 3563 πρὸς
527 3492 740 3561 ὄρεξιν,
796 3493 1067 3563 μηδέποτε
1119 3494 1465 3563 ἀπαγόμενον
1507 3492 1606 3561 τῆς
1662 3492 1915 3562 τοιαύτης

338 3584 617 3653 ἀσχολίας,
654 3584 796 3638 κατά
828 3584 926 3654 τὴν
964 3584 1072 3636 τῶν
1114 3584 1323 3652 ἀλόγων
1371 3583 1551 3652 φύσιν.
1593 3583 1917 3653 ’Υμενιωεις

339 3672 398 3725 δὲ
423 3673 605 3737 οἴκους
635 3677 701 3744 τῇ
774 3676 915 3745 φορᾷ
969 3674 1078 3727 τῶν
1112 3674 1311 3745 ὑγρῶν,
1344 3677 1371 3728 ό
1397 3672 1736 3747 Δημιουργὸς
1784 3677 1917 3728 ὑπε-

342 3765 641 3834 τεχνήσατο
665 3765 754 3818 διά
775 3765 883 3817 τῶν
914 3764 1165 3835 ἀοράτων
1195 3767 1398 3834 πόρων,
1424 3767 1567 3819 κατά
1599 3766 1763 3839 μέρος
1792 3770 1916 3820 ἑπι-

344 3858 646 3926 σπωμένων
672 3857 731 3910 τὸ
760 3857 945 3927 ὑγρὸν,
985 3858 1131 3920 ὅπως
1162 3857 1236 3928 μὴ
1264 3860 1328 3928 τῇ
1370 3857 1544 3928 ἀθρόᾳ.
1591 3858 1918 3923 ἐξυδατὼσει

343 3950 437 4001 καὶ
476 3951 815 4021 ἀναξηρασίᾳ
862 3951 1003 4020 δίψει
1047 3950 1423 4019 ἐνεδρευθῆναι
1470 3950 1531 4002 τὸ
1579 3950 1737 4015 ζῶον,
1783 3952 1919 4005 ἀλλά

345 4040 486 4093 κατά
516 4042 681 4110 μέρος
707 4041 1167 4113 έξοικονομεῖσθαι
1196 4041 1257 4094 τὸ
1281 4040 1517 4112 ἀρυσθὲν
1541 4042 1702 4112 μέχρι
1724 4043 1917 4113 καιροῦ

344 4147 507 4192 τινος.
556 4130 729 4202 Σκέλη
780 4132 839 4184 δὲ
894 4133 1027 4202 ἡμῖν
1080 4129 1464 4201 διηρθρωμένα
1513 4135 1773 4201 στροφαῖς
1827 4134 1919 4185 καὶ

345 4222 568 4291 τόρμοις
609 4220 1051 4291 συμϐεϐλημένα,
1088 4221 1249 4273 οἱονεὶ
1281 4219 1463 4272 στύλοι
1496 4220 1815 4293 ἀχθοφόροι,
1860 4222 1919 4275 τὸ

346 4311 464 4364 ὅλον
509 4311 886 4381 ὲπερεισμένοι
937 4311 1127 4380 σῶμα·
1171 4311 1526 4379 ἐπικεφαλίδα
1566 4312 1665 4381 μὲν
1696 4312 1757 4365 τὸ
1789 4313 1917 4380 γόνυ

347 4405 580 4473 ἔχοντες,
638 4403 795 4473 βάσιν
850 4403 908 4456 δὲ
966 4403 1058 4456 τὸν
1105 4402 1472 4473 ἀστράγαλον,
1535 4403 1770 4471 εὐσταλῆ
1826 4405 1920 4459 καὶ

346 4496 538 4565 ἕτοιμα
588 4495 723 4565 πρὸς
764 4496 944 4548 πᾶσαν
996 4495 1308 4566 ὑπάρχοντα
1338 4495 1574 4565 κίνησιν,
1610 4496 1919 4567 προσευχήν

347 4604 404 4638 τε
440 4587 532 4638 καὶ
564 4587 867 4649 ποτνίασιν,
895 4586 1096 4657 δρόμον
1119 4603 1177 4638 τε
1205 4588 1298 4640 καὶ
1326 4587 1559 4657 ἅλματα.
1589 4588 1651 4640 Οἱ
1684 4588 1740 4640 δὲ
1765 4588 1924 4651 πόδες

350 4679 480 4747 ἡμῖν
510 4675 801 4747 τυλὼτεροι
833 4677 1031 4739 παντὸς
1062 4674 1157 4729 τοῦ
1196 4677 1638 4747 ὐπερφερομένου
1673 4676 1923 4747 σώματος

350 4767 890 4836 κατεσκευάσθησαν,
933 4769 997 4836 τῇ
1043 4764 1224 4836 χέρσῳ
1268 4766 1356 4819 διὰ
1394 4767 1597 4830 παντὸς
1631 4768 1924 4837 κρούεσθαι

354 4857 661 4927 μέλλοντες,
690 4858 854 4910 οἱονεὶ
878 4856 1116 4925 ὀγκίνοις
1148 4858 1281 4928 πρὸς
1308 4858 1557 4911 διάϐασιν
1582 4861 1694 4921 τοῖς
1722 4858 1923 4912 δακτύ-

351 4942 462 5005 λοις
494 4943 915 5014 συνεργούμενοι
935 4961 950 4976 ο
978 4942 1072 5006 οὒς
1097 4944 1345 5016 κρυμῷἢ
1374 4945 1521 5017 λώϐῃ
1551 4948 1657 4999 τινὶ
1684 4948 1923 5002 ἀποϐάλ-

352 5036 555 5099 λοντες,
591 5035 903 5106 μογιϐαδεῖς
932 5035 1214 5105 γινόμεθα.

1660 363 2005 423 DIALOGUS
2041 364 2129 422 ιιι.

3412 366 3429 418 l
3443 362 3549 417 “2‘3

1969 488 2159 548 pectus
2226 489 2281 536 et
2335 481 2502 537 clavis
2548 481 2857 552 juncturam
2926 480 3247 551 prmposuit,
3303 480 3549 549 undique

1971 569 2213 624 adhibita
2244 572 2512 635 custodia,
2548 588 2656 642 qua
2685 572 2753 627 ab
2776 570 3017 627 externis
3047 572 3551 640 perturbationibus

1973 670 2148 716 tutum
2180 661 2518 717 redderetur.
2558 661 2916 718 Peculiariter
2942 672 3124 718 autem
3169 671 3223 717 et
3252 664 3318 717 de
3345 663 3554 731 pulmo-

1973 754 2060 810 nis
2088 764 2280 809 natura
2309 756 2499 825 paucis
2535 756 2893 811 disseramus.
2928 756 3024 809 Est
3064 756 3155 811 hic
3183 755 3393 825 pectori
3428 764 3554 822 apte

1974 848 2319 916 conjunctus,
2349 865 2615 905 recurvus
2658 860 2715 905 et
2742 851 2945 916 mollis,
2977 858 3032 905 et
3065 850 3357 903 admodum
3394 863 3554 901 rarus

1975 950 2029 992 et
2055 940 2235 1009 specie
2269 956 2461 1010 parum
2494 942 2744 1011 elegans;
2797 956 3098 1010 omnesque
3124 940 3385 995 circuitus
3427 955 3556 993 suos

1976 1030 2145 1084 veluti
2180 1044 2279 1098 per
2310 1031 2449 1085 ostia
2483 1032 2731 1100 quaedam
2762 1039 3024 1086 exeuntes
3067 1031 3274 1085 habens
3306 1030 3371 1084 ad
3412 1039 3557 1083 arte-

1977 1120 2075 1173 riae
2113 1118 2364 1186 fundum,
2399 1135 2600 1188 cogens
2632 1130 2687 1174 et
2719 1121 3099 1191 constringens
3125 1121 3179 1174 in
3211 1120 3410 1174 linibus
3440 1119 3557 1188 spi-

1982 1212 2143 1265 ritum
2171 1212 2446 1276 relictum,
2477 1226 2640 1282 quem
2675 1213 2987 1287 necessario
3009 1211 3379 1281 comprimens
3402 1210 3561 1263 emit-

1984 1305 2063 1357 tit.
2093 1304 2231 1358 Cum
2266 1320 2461 1359 rursus
2499 1313 2681 1359 autem
2714 1305 2951 1373 explicat
2993 1315 3165 1359 semet
3200 1320 3264 1359 ac
3294 1304 3555 1373 aperitur,

1981 1396 2245 1450 violenter
2279 1412 2404 1450 aera
2448 1396 2672 1450 attrahit
2702 1396 2770 1451 ad
2807 1396 2857 1449 id
2891 1396 3032 1464 quod
3083 1405 3347 1455 movetur,
3379 1404 3434 1448 et
3463 1411 3555 1449 as-

1985 1486 2145 1539 siduo
2190 1495 2338 1539 motu
2391 1487 2598 1540 circum
2640 1501 2734 1539 cor
2768 1485 3025 1553 agitatus,
3076 1484 3555 1538 inﬂammationem

1985 1586 2036 1631 ct
2067 1577 2335 1632 fervorem
2368 1578 2489 1645 ejus
2531 1577 2887 1631 ventilatione
2930 1592 3029 1630 sua
3064 1577 3335 1645 propellit.
3365 1576 3562 1641 Quem-

1988 1671 2285 1724 admodum
2333 1671 2479 1725 enim
2533 1671 2749 1724 flamma
2802 1669 3162 1739 respiratione
3200 1682 3392 1721 carens
3440 1679 3565 1733 pro-

1990 1762 2108 1831 prio
2140 1762 2290 1816 fumo
2324 1764 2711 1833 exstinguitur,
2757 1762 2831 1816 ita
2870 1771 2924 1815 et
2955 1761 3157 1815 animal
3190 1774 3293 1813 non
3330 1758 3563 1827 perilans

1992 1854 2253 1923 pulmone
2282 1854 2460 1923 ignem
2493 1855 2679 1908 cordis
2708 1854 2995 1908 emoritur.
3038 1851 3201 1921 Igitur
3229 1865 3354 1905 cum
3381 1848 3565 1917 pulmo

1994 1944 2199 1998 circum
2229 1958 2323 1995 cor
2357 1942 2617 2013 agitatur,
2648 1952 2701 1996 et
2732 1943 2941 1997 levibus
2971 1942 3120 1995 auris
3153 1941 3327 2008 ipsum
3359 1937 3567 1991 demul-

1995 2046 2102 2095 cet,
2148 2042 2398 2104 vegetum
2438 2044 2493 2088 et
2542 2034 2827 2088 robustum
2874 2032 3075 2086 animal
3119 2030 3299 2084 etiicit.
3351 2028 3408 2081 ln
3450 2029 3568 2095 ipso

1994 2126 2161 2191 enim,
2213 2134 2268 2179 et
2312 2125 2534 2193 quidem
2584 2125 2702 2179 solo
2747 2124 2928 2178 vitalis
2963 2138 3130 2177 causa
3178 2121 3309 2174 mihi
3354 2119 3567 2172 videtur

1997 2219 2102 2273 sita
2127 2234 2267 2272 esse.
2299 2216 2464 2272 Jecur
2491 2227 2672 2272 autem
2697 2225 2751 2270 et
2780 2216 2957 2285 ipsum
2988 2214 3246 2276 calidum,
3281 2210 3347 2264 ad
3378 2223 3570 2262 eorum

1997 2324 2119 2379 qua:
2144 2308 2485 2380 ingeruntur,
2509 2307 2920 2363 concoctionem
2944 2314 2998 2359 et
3025 2303 3307 2373 sanguinis
3328 2300 3571 2355 effectio-

1999 2416 2147 2463 nem,
2198 2401 2255 2453 in
2304 2400 2494 2454 dextra
2553 2399 2704 2453 cordi
2740 2398 3059 2467 adjunctum
3108 2404 3193 2449 est
3239 2404 3571 2465 partezquo

2001 2490 2230 2543 nimium
2263 2487 2602 2558 refrigerato,
2650 2489 2703 2540 in
2732 2487 2869 2541 facie
2900 2485 2957 2540 fit
2986 2485 3132 2539 illico
3162 2484 3407 2555 quaedam
3454 2498 3575 2535 mu-

2002 2586 2133 2638 tatio
2160 2583 2450 2653 accedente
2482 2581 2745 2652 paulatim
2776 2596 2997 2651 spasmo
3020 2589 3074 2635 ct
3108 2579 3402 2633 debilitate.
3438 2574 3576 2629 Sini-

2002 2688 2127 2730 strae
2150 2690 2279 2729 vero
2314 2675 2452 2744 parti
2486 2675 2638 2744 splen
2676 2676 2836 2739 inest,
2871 2672 3190 2743 sanguinem
3227 2668 3572 2732 subtrahens,

2003 2777 2058 2821 et
2080 2768 2400 2821 discernens
2434 2767 2486 2821 id
2518 2765 2661 2832 quod
2694 2766 2936 2820 crassius
2965 2774 3048 2817 est
3074 2779 3102 2816 a
3139 2762 3439 2832 sanguine;
3480 2759 3575 2828 qui

2006 2858 2050 2911 si
2079 2857 2290 2912 dulcior
2320 2858 2432 2923 ﬁat,
2466 2856 2686 2911 inflatur
2717 2865 2771 2910 et
2802 2854 3129 2917 incenditur,
3160 2852 3425 2908 terminos
3447 2864 3578 2904 suos

2009 2947 2415 3017 transgrediens
2442 2957 2495 3001 et
2529 2948 2822 3000 obstrucns
2861 2953 3094 3007 meatus,
3129 2957 3422 2996 earnosum
3450 2940 3576 3010 qui-

2008 3040 2129 3093 dem
2174 3039 2451 3093 hominem
2498 3052 2760 3107 apparere
2803 3036 2953 3096 facit,
2987 3036 3245 3106 pallorem
3286 3044 3490 3096 tamen,
3526 3043 3581 3085 et

2009 3129 2267 3200 paulatim
2294 3128 2625 3182 debilitatem
2655 3142 2839 3182 secum
2865 3124 3038 3179 affert.
3077 3125 3340 3178 Prmterea
3368 3124 3579 3176 intesti-

2012 3235 2207 3275 norum
2237 3218 2647 3274 convolutiones
2685 3227 2740 3272 et
2768 3233 2940 3271 nexus
2969 3217 3113 3271 circa
3156 3224 3400 3270 ventrem
3435 3224 3581 3276 sunt,

2015 3322 2074 3366 ut
2102 3320 2351 3365 tortuoso
2391 3311 2580 3373 ductu,
2616 3312 2880 3378 temporis
2909 3308 3095 3377 aliquo
3131 3307 3307 3375 spatio
3339 3305 3584 3360 detinea—

2015 3414 2105 3458 tur
2136 3403 2189 3457 in
2226 3403 2525 3457 visceribus
2560 3402 2736 3467 cibus,
2765 3417 2832 3454 ne
2869 3408 3091 3469 prapter
3124 3407 3338 3451 meatus
3365 3397 3587 3451 rectitu—

2015 3496 2196 3549 dinem
2244 3494 2403 3549 facile
2452 3503 2503 3549 et
2553 3493 2697 3547 illico
2746 3501 2985 3561 egestus,
3034 3491 3235 3545 excitet
3279 3489 3484 3543 animal
3515 3489 3583 3542 ad

2016 3589 2337 3656 appetitum,
2372 3602 2402 3641 a
2458 3586 2551 3641 tali
2588 3585 2947 3653 occupatione
2994 3598 3273 3652 nunquam
3312 3580 3590 3633 abducen—

1978 3722 1983 3729 .
2016 3680 2147 3733 dum
2181 3680 2482 3733 secundum
2518 3688 2766 3731 naturam
2798 3677 3103 3729 brutorum.
3136 3672 3419 3727 Uomicilia
3461 3671 3588 3724 item

2016 3789 2083 3827 ex
2119 3772 2448 3825 membranis
2475 3769 2619 3825 facta
2643 3770 2707 3823 ad
2745 3769 3038 3822 humorum
3066 3766 3425 3836 gestationem
3463 3763 3592 3833 Opi-

2018 3861 2108 3916 fex
2160 3861 2430 3926 condidit,
2478 3877 2600 3930 quae
2648 3876 2741 3929 per
2781 3858 3171 3915 subtilissimos
3223 3866 3278 3911 et
3310 3864 3591 3926 aspectum

2020 3954 2289 4024 fugientes
2318 3964 2530 4008 meatus
2559 3954 2818 4023 paulatim
2858 3951 3141 4006 attrahunt
3182 3952 3491 4013 humorem,
3527 3963 3595 4001 ne

2019 4046 2198 4102 subita
2235 4044 2602 4100 exundatione
2641 4052 2694 4098 et
2740 4042 3109 4097 exsiccatione
3142 4041 3262 4096 sitis
3306 4039 3593 4093 insidietur

2021 4137 2282 4201 animali,
2332 4136 2425 4191 sed
2477 4136 2739 4206 paulatim
2789 4142 2938 4188 certa
2997 4131 3405 4202 dispensatione
3449 4128 3595 4198 quod

2023 4229 2277 4282 haustum
2327 4237 2428 4291 est,
2468 4227 2533 4280 ad
2585 4224 2806 4294 aliquod
2850 4216 3064 4293 tempus
3113 4230 3379 4277 retentum
3423 4220 3596 4289 expel.

2023 4322 2185 4374 latur.
2218 4321 2298 4373 Ad
2332 4320 2445 4375 lucc
2472 4334 2633 4374 crura
2667 4318 2825 4373 nobis
2855 4325 2984 4372 sunt
3007 4316 3253 4369 articulis
3282 4313 3597 4375 commissa,

2021 4412 2287 4468 vertebris
2337 4421 2391 4466 et
2441 4412 2822 4481 juncturarum
2884 4407 3210 4462 cavitatibus
3271 4406 3596 4475 conjuncta,

2029 4504 2186 4572 quasi
2215 4503 2480 4557 columnae
2508 4502 2575 4556 ad
2608 4501 2825 4555 ferenda
2857 4515 3047 4565 onera,
3092 4499 3292 4569 quibus
3334 4507 3448 4552 toto
3477 4512 3599 4552 cor—

2032 4609 2161 4664 pore
2206 4593 2511 4647 innitimur.
2564 4592 2742 4660 Atque
2787 4592 2871 4646 his
2920 4591 3192 4645 columnis
3225 4589 3444 4658 capituli
3480 4588 3601 4641 loco

2030 4695 2115 4740 est
2144 4700 2306 4755 genu,
2340 4684 2488 4739 basis
2522 4699 2650 4737 vero
2683 4683 2824 4737 talus
2854 4701 2866 4736 :
2900 4692 3135 4751 suntque
3161 4696 3321 4735 crura
3352 4678 3598 4748 expedita

2028 4785 2084 4832 et
2119 4785 2371 4845 prompta
2405 4775 2470 4829 ad
2507 4790 2721 4829 omnem
2766 4784 2997 4835 motum,
3036 4773 3408 4827 adorationem
3437 4781 3489 4824 et
3514 4785 3600 4822 ve-

2034 4868 2395 4929 nerationem,
2441 4882 2663 4921 cursum
2692 4875 2747 4919 et
2783 4864 2976 4920 saltus.
3024 4864 3198 4918 Etiam
3236 4864 3396 4933 pedes
3446 4862 3601 4921 nobis

2030 4959 2351 5013 callosiores
2383 4960 2533 5013 omni
2564 4960 2672 5012 alio
2721 4957 3146 5027 superimposito
3198 4969 3429 5025 corpore
3473 4954 3600 5008 facti

2027 5062 2176 5113 sunt,
2207 5051 2296 5120 qui
2325 5060 2522 5104 terram
2547 5064 2761 5118 semper
2797 5048 3065 5119 pulsatori
3092 5056 3294 5110 essent,
3324 5046 3391 5100 ad
3422 5044 3603 5100 inceso

355 5144 474 5183 sum
531 5144 563 5182 ιι
610 5128 793 5198 digitis
832 5129 983 5182 velut
1030 5129 1185 5182 uncis
1212 5129 1412 5198 adjuti,
1469 5145 1610 5199 quos
1651 5132 1852 5202 frigore
1892 5138 1977 5193 vel
2016 5142 2125 5196 alia
2164 5143 2379 5212 jactura
2423 5144 2751 5209 amittentes,
2802 5142 2867 5196 ad
2904 5140 3258 5219 gradiepdum
3308 5139 3448 5193 tardi
3485 5138 3601 5192 eiii-

354 5221 548 5275 citnur.

425 5387 522 5450 Τίς
553 5386 611 5439 δὲ
648 5384 987 5455 παραστήσει
1030 5384 1189 5453 λόγος
1219 5383 1317 5455 τὴν
1349 5383 1497 5448 ἐντὸς
1518 5384 1676 5454 ἡμῶν
1715 5390 1808 5443 τοῦ
1825 5394 1929 5458 Λη-

360 5478 618 5551 μιουργοῦ
664 5476 853 5544 σοφίαν
881 5478 976 5529 καὶ
1008 5476 1269 5547 δύναμιν;
1300 5477 1398 5540 τάς
1419 5492 1480 5528 τε
1496 5478 1811 5549 συντρήσεις
1834 5479 1926 5531 καὶ

358 5569 650 5640 ὐμενὼδεις
678 5567 962 5638 σύριγγας,
1004 5567 1102 5632 τὰς
1134 5568 1241 5621 τῶν
1285 5567 1408 5620 ἰνῶν
1443 5568 1798 5638 περιπλοκὰς,
1831 5569 1927 5621 καὶ

360 5659 563 5731 νεύρων
587 5660 771 5723 τόνους
795 5661 886 5712 καὶ
908 5660 1108 5712 ὀστέων
1149 5660 1503 5731 στερρότητα,
1538 5660 1630 5711 καὶ
1662 5660 1807 5724 ὀδοὺς
1832 5660 1925 5713 καὶ

362 5748 575 5819 τρίϐους
594 5750 745 5813 τινὰς
765 5748 982 5818 ἀφανῶς
1005 5749 1441 5819 διοικονομούσας
1460 5749 1527 5801 τὰ
1544 5748 1925 5818 ὲγκρινόμενα,

364 5842 448 5895 διὰ
488 5843 616 5913 μιᾶς
664 5843 966 5916 συμπνοίας
1000 5842 1091 5897 τοῦ
1137 5841 1423 5915 σώματος,
1471 5841 1633 5913 ὁλκῆς
1679 5841 1928 5914 πνεύμασ

2108 5384 2370 5450 Quaznam
2421 5388 2603 5435 autem
2644 5381 2913 5450 exprimet
2965 5380 3144 5434 oratio
3175 5380 3505 5434 declaratam
3545 5379 3599 5433 in

2035 5474 2301 5530 membris
2328 5471 2533 5527 nostris
2560 5471 2914 5525 interioribus
2941 5470 3164 5540 Opiﬁcis
3195 5470 3517 5540 sapientiam
3547 5478 3602 5525 et

2036 5564 2397 5639 potestatem?
2428 5569 2640 5617 meatus
2667 5569 2721 5615 et
2747 5561 3127 5615 membraneas
3168 5575 3453 5626 cavernas,
3506 5577 3598 5614 ve-r

2036 5671 2226 5710 narum
2257 5651 2679 5723 complexiones,
2709 5665 2999 5717 nervorum
3016 5650 3371 5713 intensiones,
3391 5650 3599 5707 ossium

2034 5749 2374 5811 firmitatem,
2406 5728 2993 5815 vias‘atque'scmitas
3044 5741 3310 5811 quasdam
3365 5741 3595 5796 latenter

2033 5836 2426 5898 distribuentes
2483 5833 2995 5907 quae'ingeruntur,
3059 5831 3224 5904 idque
3276 5847 3374 5903 per
3426 5831 3595 5888 solam
