4142 6382
583 360 598 411 l
611 359 716 414 C79

575 475 733 543 quasi
762 476 1224 545 conspirationem
1261 481 1632 538 membrorum
1677 486 1848 540 totius
1877 489 2147 558 corporis,

579 566 704 627 item
732 566 1082 620 attractiones
1120 568 1367 636 spiritus,
1417 574 1782 641 aquaeductus
1835 578 2142 644 sanguinis,

1599 369 1657 420 S.
1700 367 1996 426 CAESAR"
2037 371 2362 430 GREGORII
2404 375 2702 432 FRATRIS

3676 372 3824 430 1080

2257 509 2382 555 τος,
2453 493 2801 564 ὑδραγωγίας
2854 492 3114 563 αἵματος,
3173 492 3386 562 οἴκησιν
3441 489 3532 544 τοῦ
3586 487 3821 560 θερμοῦ,

2251 584 2490 636 ἐπίασιν
2520 584 2614 636 τοῦ
2641 583 2870 656 ψυχροῦ,
2911 585 3004 638 καὶ
3031 586 3131 637 ὅσα
3184 582 3400 655 ἰατρικῇ
3447 582 3818 652 πεφιλοσόφη-

576 656 912 711 domicilium
937 658 1157 722 caloris,
1187 661 1370 715 sedem
1397 661 1638 731 frigoris,
1682 667 1790 719 alia
1818 666 2054 736 denique
2080 669 2137 722 de

2251 690 2374 726 ται⁸
2407 669 2482 728 ὧν
2507 675 2600 729 τὸν
2626 676 2780 744 λόγον
2819 675 3126 744 καταλείψω
3159 677 3268 737 τοῖς
3293 675 3420 744 περὶ
3452 673 3618 742 αὐτὴν
3646 673 3818 741 £610-

575 746 774 813 quibus
807 747 1078 802 medicina
1112 762 1480 807 commentata
1508 764 1868 826 est,quorum
1903 760 2148 827 explica-

575 835 776 889 tionem
813 837 879 892 iis
908 839 1210 909 relinquam
1239 843 1332 912 qui
1373 845 1701 900 medicinam
1721 849 1968 903 studiose
1998 849 2145 903 didi-

579 935 790 980 cerunt.

582 1016 915 1103 Sapetipiri,
965 1021 1207 1092 Gregorii
1263 1025 1494 1095 Nyssem'
1551 1031 1696 1103 locus
1725 1047 1792 1103 ea:
1842 1034 2013 1102 capite
2043 1049 2148 1103 quo

651 1090 837 1152 tradit.
876 1108 1038 1144 unam
1071 1090 1124 1146 et
1171 1090 1407 1150 eamdem
1466 1101 1757 1154 exsistendi
1781 1090 2003 1157 causam
2033 1090 2146 1158 ἔδει

649 1167 759 1210 tam
788 1161 981 1214 animo:
1003 1178 1162 1230 quam
1194 1169 1427 1235 corporis
1458 1169 1591 1239 (9'7).

647 1247 1116 1314 Quemadmodum
1149 1254 1216 1310 de
1265 1258 1445 1313 tritico
1481 1259 1735 1323 dicimus,
1798 1276 2012 1317 omnem
2044 1278 2145 1333 po-

575 1345 771 1394 testate
824 1343 877 1394 in
909 1343 1060 1410 spica
1104 1342 1339 1400 formam
1391 1349 1510 1414 ejus
1541 1366 1686 1412 esse.
1713 1351 1962 1417 herbam,
1997 1354 2146 1408 cala-

578 1444 750 1492 mum.
779 1433 985 1488 medias
1021 1433 1326 1504 iuncturas,
1361 1437 1618 1506 fructum,
1649 1443 1883 1508 aristas,
1916 1452 1971 1497 et
2009 1445 2146 1500 nihil

579 1520 776 1575 horum
805 1525 1020 1578 ratione
1053 1537 1263 1583 natura‘
1297 1530 1376 1584 vel
1427 1532 1580 1598 prius
1607 1547 1750 1597 esse,
1777 1535 1862 1590 vel
1890 1536 2148 1606 deinceps

579 1620 786 1667 natura:
819 1615 1048 1672 seminis
1087 1619 1368 1683 accedere,
1425 1621 1520 1675 sed
1579 1625 1774 1680 ordine
1807 1628 2046 1681 naturali
2078 1645 2143 1683 ea

575 1719 698 1772 qua:
716 1708 1120 1774 recensuimus,
1145 1711 1367 1780 prodire
1397 1729 1409 1764 :
1437 1714 1519 1768 sic
1543 1722 1599 1768 et
1646 1716 1942 1774 humanam
1975 1718 2144 1774 satio-

575 1807 699 1847 nem
726 1806 1099 1865 comparatam
1129 1815 1254 1857 esse
1279 1803 1536 1870 dicimus,
1565 1806 1638 1860 ita
1675 1815 1732 1861 ut
1752 1808 1803 1861 in
1833 1818 1989 1864 ortus
2021 1811 2141 1880 ejus

577 1883 844 1956 principio
886 1889 1048 1944 simul
1072 1891 1190 1961 ipsa
1217 1904 1425 1950 natura:
1450 1897 1534 1952 vis
1560 1907 1800 1963 seratur,
1839 1915 1960 1968 quae
1984 1902 2139 1956 deiu-

575 1987 704 2041 ceps
724 1977 1043 2046 explicetur,
1084 1992 1137 2036 et
1170 1986 1391 2052 pateﬁat
1437 2001 1532 2055 per
1559 1989 1861 2043 naturalem
1913 1991 2134 2056 seriem.

575 2065 753 2132 primo
811 2070 1030 2137 quidem
1082 2071 1178 2127 Dei
1249 2075 1528 2132 voluntate
1578 2079 1932 2135 fundamento
1979 2084 2139 2152 quasi

567 2155 714 2220 jacto
743 2197 759 2221 ,
833 2161 1031 2216 deinde
1084 2165 1452 2231 generationis
1502 2170 1685 2224 causis
1730 2172 2136 2228 accedentibus.

570 2245 1042 2311 Quemadmodum
1075 2256 1219 2310 enim
1261 2258 1316 2311 in
1347 2273 1412 2312 eo
1447 2261 1592 2330 quod
1629 2262 1694 2315 ad
1724 2263 2136 2331 producendum

571 2337 848 2394 hominem
877 2342 930 2396 in
973 2342 1190 2400 oflicina
1238 2357 1448 2403 naturae
1501 2351 1828 2422 deponitur,
1894 2356 2139 2409 membra

571 2429 786 2499 singula
814 2436 1061 2501 corporis
1109 2439 1259 2492 cerni
1291 2453 1572 2510 nequeunt
1617 2455 1743 2499 ante
1788 2444 1992 2501 factam
2024 2446 2137 2502 for-

573 2523 896 2579 mationem:
933 2527 1005 2581 ita
1049 2544 1224 2598 neque
1254 2532 1452 2587 anima:
1471 2536 1833 2604 proprietates
1865 2538 1920 2592 in
1948 2540 2136 2595 eodem

571 2614 925 2670 animadverti
976 2631 1226 2688 possunt,
1273 2623 1594 2694 priusquam
1637 2629 2055 2694 progrediantur
2083 2630 2136 2683 in

571 2713 778 2762 actum.
825 2711 890 2763 Et
921 2715 1382 2780 quemadmodum
1431 2717 1749 2788 impositum
1787 2721 1919 2776 illud
1949 2738 2015 2776 ex
2049 2723 2134 2776 in-

571 2800 675 2853 sita
699 2801 802 2856 sibi
831 2804 881 2856 vi
909 2802 1274 2876 facultateque
1298 2808 1350 2861 in
1382 2810 1648 2866 articulos
1676 2820 1731 2865 et
1768 2813 1985 2868 viscera
2017 2812 2122 2867 for-

573 2899 773 2957 matur,
803 2893 884 2948 sic
929 2880 988 2949 et.
1011 2896 1079 2951 de
1104 2899 1283 2952 anima
1311 2899 1650 2970 intelligitur.
1706 2900 1841 2956 Nam
1867 2903 1912 2959 si
1963 2903 2138 2958 forma

570 2981 830 3044 hominis.
863 2985 956 3054 qui
981 2989 1363 3056 producendus
1389 3003 1492 3052 est.
1524 2993 1576 3046 in
1624 3009 1690 3046 eo
1734 3003 2001 3064 potestate
2033 3005 2139 3062 est,

572 3072 700 3128 latet
739 3085 918 3130 autem
975 3088 1198 3149 pr0pter
1227 3082 1617 3137 obscuritatem
1656 3085 1727 3138 ita
1784 3101 1967 3141 rerum
2001 3088 2140 3141 serie

572 3175 860 3232 poscente:
886 3168 1050 3222 etiam
1075 3171 1256 3225 anima
1295 3173 1348 3226 in
1368 3189 1434 3228 eo
1453 3183 1556 3238 est,
1586 3175 1710 3229 licet
1742 3192 1888 3232 nunc
1917 3178 2137 3247 quidem

571 3270 679 3310 non
716 3269 993 3327 appareat,
1029 3264 1312 3332 apparebit
1354 3275 1537 3320 autem
1571 3284 1677 3322 una
1706 3285 1831 3323 cum
1861 3270 2133 3338 corporali

570 3343 910 3404 incremento
945 3367 1294 3421 promovens.
1336 3355 1788 3429 Quandoquidem
1836 3368 2018 3416 autem
2054 3363 2138 3418 vis

568 3438 816 3502 quaedam
841 3455 905 3494 ex
931 3442 1174 3497 animato
1189 3445 1469 3501 etvivente
1481 3447 1546 3502 ad
1566 3449 1976 3518 conceptionem
2007 3465 2134 3520 ege-

569 3527 730 3590 ritur,
785 3545 892 3584 non
929 3533 1144 3601 putabis
1191 3534 1493 3591 inanimum
1527 3554 1649 3594 esse
1685 3540 1831 3609 quod
1864 3541 1917 3594 in
1970 3540 2134 3595 vitam

569 3617 770 3683 prodit;
799 3627 854 3672 et
885 3622 1344 3689 quemadmodum
1386 3623 1516 3679 illud
1566 3628 1710 3696 quod
1747 3627 1802 3682 in
1848 3644 1914 3684 eo
1941 3645 2138 3699 corpo-

569 3721 721 3762 reum
752 3718 857 3776 est,
889 3726 996 3765 nou
1013 3727 1233 3768 carnem
1269 3715 1526 3782 dicimus,
1558 3733 1659 3774 nec
1682 3734 1831 3787 ossa,
1853 3735 1955 3775 nec
1983 3721 2123 3790 pilos

565 3807 621 3852 et
641 3810 858 3866 caetera,
895 3804 989 3858 sed
1019 3805 1070 3858 vi
1094 3814 1146 3859 et
1179 3815 1446 3875 potestate
1479 3809 1678 3864 horum
1709 3813 2136 3884 unumquodque

566 3903 720 3943 esse:
759 3890 832 3945 ita
859 3901 914 3946 et
945 3891 1011 3946 de
1043 3907 1109 3947 eo
1141 3895 1284 3964 quod
1322 3896 1389 3950 ad
1423 3897 1661 3953 animam
1709 3902 1965 3968 pertinet,
1997 3918 2135 3956 non-

567 3980 693 4033 dum
723 3983 828 4035 vim
862 3985 1204 4050 rationalem,
1237 4003 1344 4042 non
1375 3987 1599 4043 aﬂ‘ectus
1634 4003 1937 4046 moventem
1962 4009 2136 4062 neque

566 4083 930 4143 appetentem,
960 4085 1014 4130 et
1042 4086 1237 4132 caetera
1267 4095 1388 4149 quae
1416 4080 1484 4134 ad
1516 4083 1754 4136 animam
1786 4085 2056 4153 pertinent
2082 4086 2134 4140 in

568 4160 662 4215 illo
702 4163 937 4218 dicimus
967 4179 1107 4232 esse,
1143 4167 1236 4221 sed
1257 4183 1381 4222 cum
1422 4169 1670 4238 corporis
1702 4171 1922 4240 Opificio
1966 4173 2132 4226 etiam

569 4253 767 4306 anima:
792 4255 1142 4322 operationes
1171 4259 1383 4327 augeri.
1418 4256 1681 4314 Praecedit
1733 4271 1915 4315 autem
1947 4262 2000 4315 in
2037 4264 2138 4317 hac

566 4344 742 4413 prima
802 4345 919 4412 ejus
959 4354 1237 4401 structura
1271 4388 1286 4414 ,
1329 4363 1629 4418 augescens
1669 4353 2025 4422 nutriensque
2057 4353 2138 4408 fa-

566 4434 743 4487 cultas
796 4437 934 4490 sola.
994 4433 1177 4506 Neque
1214 4439 1358 4493 enim
1406 4440 1528 4508 plus
1574 4441 1718 4510 capit
1779 4443 2135 4512 suscipientis

569 4525 859 4594 exiguitas.
897 4527 1100 4583 Deinde
1129 4530 1182 4583 in
1215 4545 1281 4584 eo
1325 4532 1417 4600 qui
1445 4531 1497 4584 in
1547 4531 1720 4586 lucem
1752 4535 1973 4602 prodiit,
2009 4550 2136 4589 seu-

571 4617 736 4671 tivndi
785 4619 1110 4674 beneficium
1168 4621 1331 4691 viget,
1368 4631 1422 4676 et
1449 4624 1504 4676 in
1540 4623 1810 4678 adultiore
1855 4626 2137 4681 rationalis

565 4709 742 4763 elucet
767 4708 1023 4775 facultas,
1053 4725 1163 4764 non
1198 4720 1306 4765 tota
1333 4721 1509 4767 tamen
1550 4715 1858 4778 confestim,
1883 4716 1976 4770 sed
2009 4733 2134 4771 cum

564 4803 754 4870 organi
797 4803 1130 4868 perlectione
1182 4805 1402 4868 crescit,
1465 4815 1728 4874 quantum
1761 4807 1994 4876 subjecti
2055 4808 2138 4862 fa-

564 4895 742 4947 cultas
795 4893 918 4961 ejus
969 4901 1055 4947 est
1103 4909 1294 4963 capax.
1330 4893 1554 4950 Constat
1603 4897 1769 4966 igitur
1799 4898 1983 4952 anima
2028 4917 2134 4954 non

566 5000 773 5051 carere,
824 4985 969 5054 quod
1013 5001 1043 5039 a
1092 4986 1310 5042 vivente
1343 4988 1591 5042 avulsum
1626 5004 1856 5060 corpore
1908 4995 1973 5044 ad
2018 4994 2138 5046 aui-

567 5077 726 5130 tnalis
756 5085 1004 5130 naturam
1045 5077 1356 5146 impositum
1381 5090 1462 5134 est
1489 5080 1543 5133 in
1573 5081 1781 5135 ollicina
1807 5097 2034 5143 naturas.

639 5168 930 5222 Sciendum
976 5179 1179 5234 autem,
1215 5171 1358 5239 quod
1393 5171 1438 5225 si
1486 5172 1705 5242 quidem
1753 5174 1857 5228 hoc
1886 5186 2046 5244 pacto
2074 5193 2132 5233 se

567 5276 656 5316 res
685 5261 868 5323 habet,
889 5261 1047 5314 talem
1080 5276 1111 5315 e
1136 5261 1253 5315 viro
1298 5261 1586 5319 ﬁttxionem
1632 5273 1742 5318 tum
1785 5265 2004 5320 demum
2037 5268 2134 5321 lie-

569 5355 638 5417 ri,
665 5367 790 5406 cum
815 5351 960 5406 Deus
1012 5351 1288 5406 hominem
1313 5357 1558 5421 generari
1608 5356 1864 5410 voluerit.
1895 5355 1990 5410 Sin
2031 5374 2133 5413 au-

568 5456 698 5508 tem,
737 5443 1000 5498 inutiliter
1043 5443 1282 5507 eliluerc,
1309 5447 1525 5500 tametsi
1557 5457 1942 5502 extraneorum
1976 5451 2130 5518 quis-

569 5552 710 5604 plalll
761 5534 867 5588 hoc
906 5534 1158 5588 fortassis
1219 5535 1515 5590 absurdum
1565 5537 1722 5592 dicet.
1759 5536 1959 5593 Volunt
1988 5540 2132 5594 enim

638 5692 751 5764 (97)
797 5693 930 5763 Cap.
980 5690 1050 5746 29
1097 5690 1218 5746 libri
1265 5691 1344 5746 De
1399 5694 1624 5748 hominis
1670 5695 1911 5764 opiﬁcio,
1958 5695 2136 5765 quoad

571 5780 1054 5900 ωίςῗῑίέἲ’“1στέον,
1081 5849 1135 5885 κ.
1168 5849 1220 5888 τ.
1251 5832 1302 5890 λ.
1343 5833 1468 5890 Haec
1490 5835 1710 5890 Casarii
1740 5849 1846 5890 non
1871 5843 2022 5899 sunt,
2059 5836 2136 5890 uti

2249 765 2487 820 λακόσιν.

2254 1051 2365 1108 Τοῦ
2385 1051 2557 1119 ἁγίου
2591 1053 2919 1119 Γρηγορίω
2940 1050 3047 1103 τοῦ
3077 1052 3349 1116 Νύσσης,
3370 1043 3442 1102 ἐκ
3463 1046 3573 1102 τοῦ
3593 1046 3680 1101 ὅτι
3702 1051 3825 1118 pia

2317 1124 2415 1175 καί
2446 1123 2483 1189 ἡ
2515 1121 2667 1190 αὐτὴ
2704 1123 2864 1175 αἰτία
2905 1119 3016 1188 τῆς
3059 1119 3262 1189 ψυχῆς
3295 1120 3519 1173 καὶτοῦ
3542 1120 3826 1188 σώματος

2317 1191 2649 1260 ὑπάρξεως.
2847 1221 2851 1227 ·

2320 1284 2532 1354 ’Ὠσπερ
2560 1283 2620 1336 ὲν
2652 1280 2729 1352 τῷ
2762 1281 2893 1351 σίτῳ
2933 1279 3111 1351 φαμὲν
3148 1280 3294 1334 ἅπαν
3333 1273 3470 1334 εἶναι
3497 1283 3562 1351 τῇ
3591 1279 3820 1349 δυνάμει

2246 1375 2308 1430 τὸ
2331 1375 2474 1429 κατὰ
2501 1373 2591 1428 τὸν
2624 1375 2826 1444 στάχυν
2854 1369 3014 1436 εἶδος,
3059 1371 3150 1425 τὸν
3172 1372 3386 1442 χόρτον,
3414 1371 3512 1442 τὴν
3540 1371 3817 1441 καλάμην,

2244 1465 2344 1529 τὰς
2393 1464 2482 1518 διά
2541 1465 2706 1535 μέσου
2739 1463 2936 1528 ζώνας,
2991 1461 3083 1516 τὸν
3133 1462 3380 1532 καρπὸν,
3413 1461 3540 1524 τοὺς
3588 1461 3820 1531 ἀθέρας,

2247 1558 2340 1610 καὶ
2360 1556 2512 1610 οὐδὲν
2543 1556 2745 1609 τούτων
2781 1556 2840 1608 ὲν
2871 1553 2948 1624 τῷ
2969 1553 3067 1623 τῆς
3106 1552 3320 1622 φύσεως
3359 1553 3499 1623 λόγῳ
3528 1552 3822 1624 προϋπάρ-

2248 1667 2382 1719 χειν,
2437 1649 2471 1719 ἦ
2521 1645 2904 1718 προσγίνεσθαι
2967 1647 3034 1716 τῇ
3085 1643 3244 1714 φύσει
3308 1644 3403 1698 τοῦ
3465 1645 3816 1716 σπέρματος·

2247 1739 2382 1794 ἀλλὰ
2434 1738 2586 1804 τάξει
2661 1739 2864 1806 φυσικῇ
2948 1735 3019 1788 τὰ
3077 1733 3342 1805 εἰρημένα
3415 1733 3818 1806 φανεροῦσθαιο

2246 1832 2390 1885 οὕτω
2422 1831 2478 1884 δὲ
2520 1829 2614 1883 καὶ
2667 1828 2762 1882 ἐπὶ
2812 1827 2913 1898 τῆς
2959 1824 3305 1897 ἀνθρωπίνης
3344 1828 3583 1898 σπορᾶς,
3636 1828 3820 1897 φαμὲν

2245 1925 2304 1976 ὲν
2329 1926 2396 1993 τῇ
2439 1923 2540 1990 τῆς
2583 1921 2890 1982 συστάσεως
2919 1919 3162 1987 ἀφορμῇ.
3213 1919 3666 1990 συνεσπαρμένην
3713 1920 3820 1990 τὴν

2244 2017 2344 2084 τῆς
2398 2013 2607 2082 φύσεως
2657 2012 2919 2082 δύναμιν·
2979 2009 3342 2074 ὲξαπλοῦσθαι
3393 2010 3450 2064 δὲ
3505 2011 3597 2064 καὶ
3651 2026 3820 2078 φανε-

2249 2103 2474 2176 ροῦσθαι
2514 2103 2602 2158 διὰ
2654 2105 2752 2174 τῆς
2801 2103 3034 2173 φυσικῆς
3073 2103 3409 2167 ἀκολουθίας,
3443 2103 3583 2156 κατά
3623 2102 3722 2172 μὲν
3751 2103 3819 2156 rb

2245 2203 2295 2251 δι’
2343 2195 2478 2249 Θεοῦ
2527 2195 2826 2266 βουλήματι
2879 2197 3342 2266 καταδληθείσαν,
3395 2195 3535 2247 κατά
3577 2194 3634 2247 δὲ
3677 2194 3740 2247 τὸ
3767 2193 3820 2264 βο

2246 2288 2303 2339 ὲν
2321 2289 2436 2350 ταῖς
2457 2286 2554 2356 τῆς
2573 2287 2836 2354 γενέσεως
2861 2287 3134 2359 ἀφορμαῖς
3155 2285 3568 2356 συνισταμένην.
3597 2285 3684 2348 Ὦς
3703 2285 3819 2356 γάρ

2245 2379 2344 2431 οὑκ
2367 2377 2486 2434 ἔστι
2503 2377 2601 2450 τὴν
2617 2379 3160 2452 καταδιανθρώπησιν
3179 2379 3308 2433 ἰδεῖν
3320 2380 3382 2434 ὲν
3413 2377 3491 2448 τῷ
3521 2377 3654 2446 πρὸς
3689 2377 3819 2430 σύλ-

2246 2469 2409 2541 ληψιν
2434 2468 2526 2522 τοῦ
2551 2467 2802 2540 σώματος
2819 2469 3164 2540 ὲντιθεμένῳ,
3194 2470 3300 2540 πρὸ
3321 2471 3420 2540 τῆς
3443 2468 3778 2529 διαπλάσεως
3793 2483 3816 2499 ο

2245 2559 2418 2622 οὕτως
2447 2558 2568 2611 οὐδὲ
2599 2559 2696 2622 τὰς
2717 2561 2814 2629 τῆς
2851 2557 3030 2629 ψυχῆς
3062 2559 3328 2629 ἰδιότητας
3354 2561 3412 2612 ἐν
3439 2558 3516 2628 τῷ
3540 2556 3686 2631 αὑτῷ
3717 2557 3816 2610 δυο

2246 2649 2403 2702 νατόν
2427 2652 2542 2701 ἐστι
2563 2649 2915 2718 κατανοῆσαι,
2944 2650 3071 2722 πρὶν
3097 2649 3377 2721 προελθεῖν
3405 2652 3483 2712 εἰς
3513 2649 3813 2718 ἐνέργειαν.

2247 2742 2356 2795 Καὶ
2388 2739 2576 2810 ὥσπερ
2601 2740 2660 2792 τὸ
2696 2739 2909 2792 ὲντεθὲν
2946 2742 3121 2794 ὲκεῖνο
3154 2743 3217 2794 ὲκ
3245 2741 3344 2812 τῆς
3389 2741 3450 2793 ὲν
3476 2739 3624 2809 αὑτῷ
3664 2739 3818 2792 δυνά-

2251 2845 2396 2898 μεως
2449 2826 2586 2895 πρὸς
2632 2825 2812 2897 ἄρθρα
2874 2828 2969 2881 καὶ
3039 2829 3328 2900 σπλάγχνα
3386 2828 3810 2901 σχηματίζεται·

2247 2913 2390 2967 οὕτω
2430 2913 2524 2967 καὶ
2562 2915 2690 2986 περὶ
2733 2914 2910 2985 ψυχῆς
2952 2919 3174 2973 νοεῖται.
3216 2919 3277 2970 El.
3311 2918 3419 2990 γὰρ
3448 2920 3542 2972 καὶ
3583 2918 3644 2971 τὸ
3673 2913 3816 2980 εἶδος

2247 3004 2340 3057 τοῦ
2399 3004 2678 3077 μέλλοντος
2740 3007 3086 3061 συνίστασθαι
3145 3008 3452 3080 ἀνθρώπου,
3511 3012 3570 3064 ὲν
3630 3009 3823 3081 ἐκείνῃ

2248 3095 2366 3148 ἐστὶ
2380 3100 2445 3168 τῇ
2459 3098 2701 3170 δυνάμει,
2715 3097 2963 3153 λανθάνει
2977 3097 3034 3152 δὲ
3048 3098 3135 3152 διὰ
3149 3098 3211 3154 τὸ
3226 3097 3474 3172 πρδςτῆς
3497 3099 3814 3162 ἀκολουθίας

2248 3187 2460 3257 ἄδηλον,
2483 3189 2581 3244 καὶ
2600 3191 2633 3259 ἡ
2653 3188 2796 3260 ψυχή
2820 3192 2964 3244 ἔστιν
2989 3193 3046 3244 ὲν
3067 3191 3259 3261 ἐκείνῳ
3280 3191 3373 3244 καὶ
3394 3191 3470 3261 μὴ
3494 3189 3811 3260 φαινομένη.

2239 3279 2541 3348 Φανήσεται
2595 3279 2653 3332 δὲ
2682 3282 2746 3350 τῇ
2800 3284 3084 3352 σωματικῇ
3139 3281 3367 3352 αὐξήσει
3415 3279 3812 3352 συμπροῐοῦσα.

2251 3368 2403 3420 Ἐπεὶ
2445 3367 2502 3422 δὲ
2548 3367 2609 3434 ἐξ
2636 3369 2881 3440 ἐμψύχου
2914 3373 3010 3426 καὶ
3051 3372 3254 3437 ζῶντος
3287 3375 3322 3443 ἡ
3356 3373 3494 3444 πρὸς
3538 3374 3637 3444 τὴν
3683 3371 3815 3424 σύλ-

2237 3456 2396 3527 ληψιν
2421 3458 2730 3526 ἐκκρίνεται
2762 3458 3010 3529 δύναμις,
3041 3460 3105 3513 οὐ
3145 3459 3206 3513 τὸ
3237 3458 3444 3529 ἄψυχον
3489 3455 3625 3510 εἶναι
3651 3457 3712 3510 τὺ
3733 3458 3816 3519 εἰς

2237 3548 2383 3620 ζωὴν
2432 3549 2777 3621 προϊέμενον,
2829 3552 2923 3604 καὶ
2976 3551 3158 3620 ὥσπερ
3211 3550 3352 3604 κατά
3399 3551 3462 3604 τὸ
3499 3548 3816 3619 σωματικὸν

2237 3637 2424 3702 αὑτοῦ,
2461 3639 2522 3691 οὐ
2550 3638 2730 3708 σάρκα
2761 3640 2943 3710 φαμὲν
2974 3639 3111 3694 αὐτὸ
3149 3641 3244 3694 καὶ
3278 3639 3461 3703 ὀστέα,
3492 3639 3588 3692 καὶ
3619 3637 3812 3708 τρίχας

2236 3731 2423 3784 καὶτὰ
2457 3731 2640 3793 λοιπὰ,
2683 3731 2818 3786 ἀλλά
2849 3735 2914 3803 τῇ
2955 3732 3180 3803 δυνάμει
3227 3733 3458 3786 ἕκαστον
3506 3729 3599 3784 τοῦ
3630 3727 3771 3784 εἶναι
3794 3747 3809 3761 ’

2235 3819 2407 3884 οὕτως
2448 3820 2541 3874 καὶ
2579 3820 2672 3873 ἐπὶ
2701 3819 2796 3874 τοῦ
2825 3821 3059 3892 ψυχικοῦ
3079 3861 3094 3885 ,
3126 3820 3279 3875 οῦπω
3308 3821 3370 3874 τὸ
3399 3821 3638 3888 λογικὸν,
3663 3820 3727 3872 οὐ
3753 3818 3817 3872 τὸ

2237 3911 2486 3982 θυμικὸν,
2534 3912 2653 3964 οὐδὲ
2704 3912 2767 3965 τὸ
2811 3912 3247 3983 ἐπιθυμητικὸν,
3291 3913 3386 3965 καὶ
3420 3915 3488 3965 τά
3534 3910 3696 3965 λοιπά
3746 3912 3816 3964 τὰ

2238 4003 2367 4072 περὶ
2393 4001 2568 4073 ψυχὴν
2607 4003 2666 4055 ὲν
2703 4003 2897 4072 ἐκείνῳ
2930 3998 3091 4068 εἶναι,
3126 4004 3262 4057 ἀλλά
3316 4009 3383 4076 τῇ
3438 4004 3532 4058 τοῦ
3563 4003 3816 4074 σώματος

2238 4095 2572 4164 κατασκευῇ,
2603 4093 2697 4146 καὶ
2729 4093 2828 4158 τὰς
2867 4095 2964 4164 τῆς
2992 4095 3171 4166 ψυχῆς
3221 4095 3503 4167 ἐνεργείας
3548 4093 3818 4158 συναυξά-

2239 4184 2443 4238 νεσθαι.
2477 4185 2804 4255 Προηγεῖται
2843 4186 2900 4239 δὲ
2928 4188 2985 4238 ὲν
3015 4187 3206 4259 πρώτῃ
3244 4189 3558 4258 κατασκευῇ
3585 4188 3618 4254 ἡ
3645 4186 3816 4255 αὐξη-

2237 4275 2362 4345 τική
2416 4292 2475 4328 τε
2507 4275 2603 4328 καὶ
2641 4276 2906 4346 θρεπτικὴ
2957 4277 3090 4348 μόνη
3137 4277 3386 4348 δύναμις.
3435 4279 3510 4331 Οὐ
3542 4277 3653 4349 γὰρ
3706 4294 3817 4346 χω-

2240 4366 2325 4434 ρεῖ
2361 4363 2580 4434 πλέονή
2634 4363 2728 4417 τοῦ
2771 4365 3059 4434 δεχομένου
3101 4365 3397 4436 βραχύτης.
3445 4361 3579 4418 Εἶτα
3613 4367 3816 4435 προελ-

2242 4454 2385 4507 θόντι
2419 4456 2498 4517 εἰς
2531 4453 2646 4524 φῶς
2667 4494 2682 4518 ,
2716 4456 2750 4525 ἡ
2799 4454 3086 4526 αἰσθητικὴ
3120 4457 3279 4526 χάρις
3325 4457 3570 4520 ἐπανθεῖ,
3607 4457 3817 4527 ἀνδρω-

2243 4545 2388 4600 θέντι
2421 4545 2477 4598 δὲ
2513 4548 2547 4617 ἡ
2590 4545 2780 4616 λογικὴ
2797 4545 3097 4616 διαλάμπει
3141 4547 3400 4617 δύναμις·
3461 4548 3516 4601 οὐ
3560 4550 3712 4601 πᾶσα
3757 4547 3817 4600 δὲ

2240 4634 2468 4707 ἀθρόως,
2499 4635 2634 4690 ἀλλὰ
2660 4639 2727 4708 τῇ
2765 4635 2856 4689 τοῦ
2886 4637 3116 4706 ὀργάνου
3144 4636 3422 4691 τελειώσει
3452 4638 3811 4703 συναύξουσα,

2239 4727 2361 4779 ὅσον
2394 4729 2560 4797 χωρεῖ
2608 4726 2703 4780 τοῦ
2750 4727 3108 4798 ὑποκειμένου
3161 4730 3191 4799 ὴ
3228 4728 3478 4799 δύναμις.
3519 4729 3688 4800 Δῆλον
3718 4725 3814 4783 οῦν

2239 4817 2313 4880 ὼς
2347 4817 2446 4870 οὐκ
2477 4817 2679 4887 ἄψυχον
2705 4817 2764 4870 τὸ
2789 4819 2853 4872 ὲκ
2879 4817 2971 4872 τοῦ
2997 4818 3196 4882 ζῶντος
3225 4820 3579 4873 ἀποσπασθὲν
3626 4819 3815 4889 σώμα-

2238 4925 2352 4972 τος,
2373 4907 2507 4979 πρὸς
2535 4908 2634 4979 τὴν
2653 4908 2745 4962 τοῦ
2765 4909 2900 4974 ζὼου
2929 4909 3088 4979 φύσιν
3109 4911 3329 4981 ὲνετέθη
3355 4911 3434 4982 τῷ
3461 4912 3814 4984 ἐργαστηρίῳ

2238 5016 2332 5069 της
2372 5016 2603 5068 φυσεως.

2311 5176 2442 5244 (97')
2477 5173 2670 5229 ’ἰστέον
2693 5175 2769 5241 δὲ,
2797 5177 2844 5230 εἰ
2867 5175 3037 5242 οὕτως
3062 5177 3194 5248 ἔχει,
3225 5179 3347 5232 τότε
3380 5179 3604 5250 τοιαύτη
3661 5180 3811 5249 γίνε-

2237 5283 2326 5318 ται
2350 5268 2381 5336 ἠ
2409 5267 2474 5319 ὲκ
2504 5263 2596 5318 τοῦ
2635 5265 2822 5335 ἀνδρὸς
2866 5266 3050 5338 ἐκροια
3073 5307 3087 5330 ,
3122 5269 3209 5319 ὅτε
3239 5270 3268 5320 ὁ
3299 5268 3434 5331 Θεὸς
3467 5269 3680 5339 θελήσει
3715 5286 3811 5337 γε-

2239 5357 2425 5412 νέσθαι
2474 5356 2795 5427 ἄνθρωπον·
2856 5360 2902 5408 εἰ
2957 5357 3011 5409 δὲ
3069 5357 3166 5428 μὴ,
3219 5359 3334 5411 ἔστι
3386 5361 3583 5429 κωφή·
3616 5361 3664 5412 εί
3713 5361 3810 5413 καὶ

2240 5449 2344 5513 ἔξω
2368 5447 2524 5500 τοῦτο
2560 5447 2782 5510 εἰκότως
2829 5447 2978 5499 λαλεῖ
3015 5465 3099 5510 τις
3146 5447 3253 5500 τῶν
3305 5449 3446 5514 ἔξω,
3505 5450 3812 5521 συμϐάλλε-

2243 5539 2363 5591 σθαι
2393 5539 2453 5590 τὸ
2482 5537 2614 5591 θῆλυ
2641 5538 2776 5607 πρὸς
2805 5537 3096 5606 ζωογονίαν
3139 5538 3216 5609 τῷ
3253 5541 3319 5592 ὲκ
3360 5540 3457 5594 τοῦ
3487 5541 3676 5613 ἀνδρὸς
3708 5543 3810 5596 ὲκ·-

2245 5711 2344 5750 nec
2381 5695 2780 5772 _Nyssen_i_,_sed
2823 5696 3042 5772 algerius
3061 5735 3094 5772 ._
3123 5697 3190 5750 ad
3221 5699 3546 5755 sententiam
3575 5697 3818 5772 Nysaea;

2241 5764 2486 5838 quaedam
2512 5766 2832 5837 adjicientis.
2876 5764 3028 5820 Em'r.
3058 5764 3242 5826 Panis.
