4112 6380
385 378 516 437 1081

388 503 601 571 ρέοντι,
662 500 741 563 ὡς
793 502 1061 573 ποιητικῷ
1108 502 1283 575 αἰτίῳ,
1319 504 1567 578 καθάπερ
1616 508 1737 560 τινα
1812 508 1947 579 ὓλην

387 588 760 660 παρεχόμενον
796 590 895 659 τὴν
919 590 1027 643 τῶν
1067 594 1419 662 καταμηνίων
1448 596 1638 648 παισὶν
1667 596 1956 665 ὑγρασίαν,

382 675 583 751 οἷάπερ
622 682 746 734 τινὰ
793 678 991 751 χαλκὸν
1028 681 1108 753 τῷ
1150 684 1594 756 ἀνδριαντοποιῷ.
1642 688 1807 740 Οὐδὲν
1852 687 1963 758 γὰρ

388 771 638 840 προΐεται
684 772 716 840 ἡ
772 770 908 841 γυνὴ
957 773 1207 842 σπέρμα,
1258 774 1372 845 ἀλλ’
1401 776 1670 846 ἄχρηστόν
1699 794 1752 830 τι
1798 777 1965 848 ὑγρὸν

388 860 730 931 συμϐεϐηκὸς
772 865 885 926 τοῖς
935 863 1140 927 τόποις.
1177 865 1348 917 Ἐστι
1398 866 1453 918 δὲ
1508 866 1569 919 τδ
1614 866 1705 920 τοῦ
1737 868 1965 938 ἄρρενος

387 952 608 1022 σπέρμα
627 948 737 1005 οἷον
751 954 1081 1025 δημιουργὸν
1102 957 1195 1007 καὶ
1210 956 1383 1027 ἀρχὴν
1403 959 1665 1028 κινήσεως
1682 958 1961 1028 ἐμποιοῦν,

386 1044 575 1117 ὥσπερ
626 1046 716 1099 ἐπὶ
740 1047 838 1117 τῆς
877 1045 1077 1109 πιτύας
1129 1047 1345 1117 ὁρῶμεν
1371 1048 1471 1118 τῆς
1520 1048 1860 1120 συναγούσης
1903 1049 1964 1102 τὸ

392 1132 553 1199 γάλα.
617 1132 772 1187 Οὕτω
810 1133 907 1186 καὶ
943 1134 1004 1186 τὸ
1043 1135 1264 1205 σπέρμα
1301 1136 1468 1189 πεσὸν
1518 1138 1592 1199 εἰς
1654 1137 1754 1206 τὴν
1789 1138 1964 1210 ὑγρὰν

388 1223 639 1291 μίσγεται
681 1224 744 1278 τὸ
780 1223 1157 1296 καθαρώτερον
1185 1226 1285 1295 τῆς
1306 1226 1524 1296 θηλείας
1559 1227 1958 1299 περιττώματι.

388 1313 461 1366 Τὸ
487 1314 543 1367 δὲ
590 1315 790 1369 συστὰν
834 1317 894 1369 ὲν
932 1318 1003 1386 τῇ
1054 1317 1235 1387 μήτρα
1283 1316 1430 1385 λέγει
1483 1319 1577 1372 καὶ⁸
1620 1318 1799 1389 ψυχῆς
1843 1336 1966 1391 μετ-

390 1405 558 1474 έχειν,
613 1406 674 1457 οὐ
721 1405 933 1469 τελείας
972 1406 1047 1470 δὲ,
1103 1406 1237 1461 ἀλλὰ
1279 1408 1380 1476 τῆς
1419 1407 1737 1479 θρεπτικηῖκ.
1778 1410 1965 1465 Καθά-

389 1510 495 1564 περ
546 1493 653 1566 γὰρ
700 1496 769 1548 τὰ
821 1496 966 1564 φυτὰ
1023 1498 1082 1549 ὲν
1144 1499 1211 1567 τῇ
1272 1499 1369 1567 γῇ,
1413 1497 1558 1551 οὕτω
1605 1499 1705 1570 ζῇν
1755 1501 1850 1554 καὶ⁵
1890 1500 1964 1553 ’τὸ

387 1585 643 1656 ἔμϐρυον,
675 1583 799 1656 ῥίζῃ
831 1584 1109 1655 χρώμενον
1141 1585 1220 1657 τῷ
1259 1586 1489 1657 ὀμφάλῳ
1517 1590 1581 1642 ὲκ
1624 1591 1723 1658 τῆς
1751 1590 1965 1661 μήτρας

385 1676 486 1748 τὴν
509 1677 672 1748 ὁλκὴν
699 1676 802 1747 τῆς
849 1677 1058 1748 τροφῆς
1090 1678 1380 1733 ποιεῖσθαι.
1439 1679 1611 1743 Ἐξιὺν
1646 1681 1703 1734 δὲ
1748 1683 1840 1735 καὶ
1864 1682 1963 1753 τὴν

386 1765 704 1838 αἰσθητικὴν
759 1768 1072 1834 ἐπικτᾶται,
1126 1768 1221 1821 καὶ
1284 1764 1447 1835 αὔξον
1501 1769 1821 1834 συναύξεται
1866 1772 1962 1824 αὐ-

385 1857 463 1929 τῷ
531 1859 690 1930 καὶὴ
747 1859 935 1928 λογικὴ
968 1859 1062 1912 καὶ
1112 1859 1272 1930 νοερὰ
1305 1862 1556 1931 ἐνέργεια
1612 1863 1710 1931 τῆς
1760 1862 1957 1933 ψυχῆς.

390 1948 545 2001 Ἐστι
575 1947 684 2018 γὰρ
706 1949 765 2001 ὲν
793 1949 869 2019 τῷ
907 1949 1181 2019 σπέρματι
1206 1950 1385 2020 ψυχῆς
1417 1968 1469 2003 τι
1508 1952 1692 2022 μόριον
1722 1954 1783 2005 τὸ
1808 1951 1961 2022 λεγό-

389 2057 548 2111 μενον
604 2041 831 2105 ζωτικὸν
881 2041 1120 2111 θερμὸν,
1171 2041 1466 2109 ἀναλογοῦν
1530 2046 1596 2115 τῇ
1667 2043 1959 2115 θερμότητι

385 2132 479 2185 τοῦ
524 2132 708 2203 ἡλίουο
760 2132 946 2204 ἐπειδὴ
986 2133 1168 2205 ἐκείνη
1199 2133 1434 2205 ζωτικὴν
1477 2133 1676 2205 ἔχουσα
1729 2136 1961 2209 δύναμιν

388 2224 659 2291 ζωογονεῖ.
686 2222 1045 2279 Διατυποῦται
1071 2224 1127 2277 δὲ
1157 2226 1374 2296 πρῶτον
1405 2227 1436 2296 ή
1466 2227 1681 2297 καρδία,
1707 2228 1827 2297 ἥτις
1867 2231 1961 2282 καὶ

387 2314 641 2383 τελευτὴν
686 2314 985 2383 φθείρεται.
1047 2315 1321 2379 Ὡσαύτως
1374 2318 1469 2370 καὶ
1509 2318 1575 2370 τὰ
1630 2318 1791 2371 λοιπὰ
1818 2321 1961 2373 ὲντό‹

390 2404 513 2458 σθια
565 2405 671 2477 πρὸ
728 2405 838 2458 τῶν
891 2406 1046 2469 ἐκτὸς
1083 2406 1468 2478 διαρθροῦται,
1508 2410 1603 2462 καὶ
1646 2410 1843 2479 μᾶλλον
1892 2412 1962 2465 τὰ

388 2495 500 2548 ἄνω
535 2494 629 2548 τοῦ
668 2496 1029 2567 διαζώματος.
1094 2499 1519 2569 Ἐσχημάτισται
1567 2500 1628 2555 δὲ
1660 2504 1717 2553 ὲν
1741 2504 1807 2573 τῇ
1860 2504 1963 2574 μή·

387 2604 493 2658 τρᾳ
537 2590 565 2641 ό
596 2588 900 2660 ἄνθρωπος,
955 2590 1049 2659 τὴν
1109 2591 1206 2663 μὲν
1278 2593 1394 2662 ῥῖνα
1429 2593 1592 2662 μέσον
1643 2593 1753 2647 τῶν
1801 2595 1962 2663 γονά-

386 2696 496 2733 των
529 2679 687 2751 ἔχων,
726 2683 849 2743 τοὺς
888 2681 1199 2753 ὀφθαλμοὺς
1239 2683 1333 2735 ἐπὶ
1378 2687 1492 2747 τοῖς
1543 2684 1779 2753 γόνασιν.
1847 2687 1964 2739 Ἐν-

391 2775 596 2846 ισχύειν
633 2776 690 2829 δὲ
734 2777 795 2829 τὸ
831 2776 1069 2847 ἔμϐρυον
1101 2775 1346 2847 ἄρχεται,
1395 2777 1486 2830 ὅτε
1521 2780 1553 2849 ὴ
1585 2779 1833 2848 ἀνακοπὴ
1856 2779 1965 2831 τῶν

389 2866 742 2938 καταμηνίων
770 2868 863 2921 ἐπὶ
900 2868 1031 2930 τοὺς
1070 2869 1306 2938 μαστοὺς
1353 2870 1434 2932 είς
1468 2870 1606 2937 γάλα
1634 2869 1965 2940 μεταϐάλλε-

388 2976 497 3012 ται.
534 2960 806 3011 Ἱστανται
848 2959 1048 3012 αὐτίκα
1080 2961 1202 3022 ταῖς
1247 2958 1488 3027 γυναιξὶν
1526 2962 1582 3013 αί
1626 2960 1839 3013 ναυτίαι
1872 2961 1966 3013 καὶ

388 3047 439 3099 ot
487 3047 701 3116 ἔμετοιο
736 3048 903 3118 ἀρρεν
942 3047 997 3100 δὲ
1051 3048 1301 3116 γίνεται,
1352 3048 1403 3100 εί
1453 3049 1803 3120 πεπεμμένον
1850 3050 1967 3103 ἐστὶ

390 3136 451 3189 τὸ
482 3135 577 3188 τοῦ
610 3136 837 3207 ἄρρενος
877 3136 1115 3206 σπέρμα.
1160 3136 1319 3191 Ὅθεν
1361 3138 1410 3190 οἱ
1450 3137 1558 3191 νέοι
1591 3140 1685 3192 καὶ
1722 3141 1770 3192 οἱ
1822 3155 1961 3211 πρε-

393 3224 643 3297 σϐύτεροι
692 3225 768 3288 ὡς
800 3225 1028 3279 ἐπιπολὺ
1073 3225 1356 3295 Θηλύγονοι
1380 3243 1395 3257 ’
1426 3227 1516 3280 τὸν
1547 3227 1603 3281 δὲ
1632 3228 1968 3300 πλεονασμὸν

391 3314 543 3387 ἥτὴν
575 3314 747 3385 λείψιν
784 3315 1031 3383 γίνεσθαι
1070 3315 1127 3369 ἐν
1156 3333 1269 3369 τισι
1316 3321 1525 3390 μορίοις
1554 3320 1704 3391 παρὰ
1742 3320 1841 3393 τὴν
1866 3321 1967 3392 τῆς

395 3405 525 3478 ὕλης
576 3406 813 3476 ἔλλειψιν
854 3406 885 3479 ἢ
935 3407 1306 3478 πλεονασμόνο
1351 3409 1449 3480 τὴν
1497 3411 1552 3464 δὲ
1588 3410 1680 3465 τοῦ
1721 3413 1969 3484 σπέρμα-

392 3512 482 3560 τος
525 3497 771 3568 ἔκκρισιν
808 3497 873 3549 ὲκ
910 3497 1018 3551 τῶν
1044 3500 1173 3570 περλ¹
1202 3500 1302 3570 τὴν
1337 3500 1577 3572 κεφαλὴν
1608 3501 1853 3570 γίνεσθαι
1884 3504 1974 3558 τό·-

394 3606 512 3641 πων
532 3629 548 3652 ,
577 3589 652 3651 ὡς
685 3589 844 3659 δῆλον
869 3591 933 3641 ὲκ
975 3588 1068 3642 τοῦ
1112 3588 1472 3644 κοιλαίνεσθαι
1510 3593 1632 3654 τοὺς
1662 3592 1972 3664 ὀφθαλμοὺς

392 3677 502 3729 τῶν
531 3677 755 3729 πλεῖστα
778 3678 1235 3740 συνουσιαζόντων
1255 3720 1269 3734 .
1311 3682 1655 3749 Συγκινεῖται
1675 3683 1731 3734 δὲ
1763 3688 1827 3754 τῇ
1858 3684 1969 3737 δια-

396 3770 515 3839 νοίᾳ
563 3771 596 3840 ἡ
629 3770 834 3839 μήτρα,
867 3769 942 3832 ὼς
971 3771 1064 3822 καὶ
1101 3770 1164 3822 τὸ
1204 3770 1297 3823 τοῦ
1346 3772 1572 3843 ἄρρενος
1620 3773 1845 3826 αίδοῖον’
1869 3792 1967 3827 πο·-

394 3861 452 3913 τὲ
492 3861 550 3913 δὲ
579 3862 673 3914 καὶ
705 3861 1106 3931 ἀπροαιρέτως
1133 3861 1329 3931 δίδυμα
1356 3863 1414 3915 δὲ
1442 3863 1651 3930 γίνεται
1688 3865 1828 3917 κατὰ
1851 3866 1969 3934 σχί-

396 3967 479 4005 σιν
506 3951 598 4004 τοῦ
627 3952 941 4022 σπέρματος
970 3953 1028 4006 ὲν
1052 3955 1115 4023 τῇ
1147 3954 1328 4026 μήτρα
1347 3970 1361 3984 ⁸
1388 3956 1436 4006 εἰ
1467 3955 1564 4024 μὲν
1593 3956 1964 4025 πεπεμμένον,

396 4044 603 4113 ἄρρενα
644 4043 774 4107 δύο,
835 4044 887 4096 εί
947 4042 1005 4097 δὲ
1071 4044 1180 4113 μὴ,
1233 4044 1560 4098 τούναντίον.
1611 4045 1853 4099 Γίνονται
1910 4046 1970 4100 δὲ

398 4136 491 4187 καὶ
541 4134 661 4187 κατ’
721 4134 1110 4205 ἐπισύλληψινσ
1162 4133 1282 4187 ὅθεν
1343 4136 1600 4199 πολλάκις
1654 4137 1750 4190 καὶ
1804 4137 1970 4208 ἄρσεν

396 4228 492 4281 καὶ
540 4227 673 4298 θῆλυ
751 4226 980 4295 γίνεται.
1046 4226 1324 4297 Τρόφιμον
1376 4228 1434 4289 δὲ
1481 4229 1654 4296 γάλα,
1711 4230 1772 4283 τὸ
1823 4237 1969 4301 παχὺ

396 4321 489 4374 καὶ
522 4322 709 4393 κιρῤόν
731 4336 745 4350 ·
775 4320 871 4374 καὶ
914 4321 1069 4391 δῆλον
1098 4323 1161 4375 ἐκ
1204 4320 1314 4375 τῶν
1345 4322 1542 4392 τυρῶν.
1578 4324 1656 4375 Δι’
1688 4324 1829 4378 ἑπτὰ
1865 4344 1971 4397 μη-

398 4414 503 4467 νῶν
556 4415 693 4483 γυνὴ
746 4413 1025 4479 πολλάκις,
1065 4413 1141 4477 ὡς
1188 4414 1415 4467 ἐπιπολὺ
1453 4414 1509 4467 δὲ
1542 4416 1715 4480 ἐννέα,
1772 4418 1971 4472 πολλά-

399 4522 484 4568 κις
515 4504 573 4558 δὲ
615 4511 665 4566 ι’,
710 4503 1089 4575 προσλαϐοῦσα
1109 4545 1123 4569 ,
1159 4506 1252 4559 καὶ¹
1300 4507 1365 4558 ὲκ
1397 4504 1492 4558 τοῦ
1530 4513 1596 4559 ια’
1627 4507 1783 4577 μόλις
1814 4509 1966 4563 ποτέ.

403 4596 473 4649 Ἢ
497 4599 585 4668 ζῇ,
631 4598 663 4668 ἦ
708 4598 851 4664 τέξει
884 4598 974 4650 τὸν
1006 4598 1334 4668 καλούμενον
1368 4599 1552 4669 μύλον,
1584 4601 1642 4663 ὃς
1684 4602 1801 4653 ἐστι
1833 4601 1970 4673 σὰρξ

400 4688 645 4759 σκληρὰ,
680 4688 713 4759 ἢ
772 4688 1118 4743 κινδυνεύσει.
1166 4690 1300 4759 Περὶ
1328 4689 1410 4755 κτὰ
1457 4689 1829 4762 δεκατέσσαρα
1872 4692 1966 4763 ἐτη

403 4778 797 4849 μεταϐάλλουσι
842 4780 953 4842 τὰς,
990 4778 1129 4843 ἕξεις
1150 4781 1198 4831 οἱ
1241 4779 1467 4849 ἄρρενες
1508 4783 1599 4834 καὶ
1631 4782 1688 4835 αί
1728 4781 1967 4852 θήλειαν

398 4872 457 4934 ἐξ
487 4870 722 4923 εὐεκτῶν
769 4869 1120 4923 κακοεύεκτοι
1164 4869 1456 4938 γινόμενοι,
1492 4872 1585 4923 καὶ
1629 4872 1931 4925 τούναντίον
1955 4914 1970 4928 .

400 4963 536 5014 Τότε
571 4961 666 5015 καὶ
700 4964 819 5025 ταῖς
854 4961 1094 5029 θηλείαις
1120 4961 1192 5013 τά
1218 4961 1359 5015 κατὰ
1388 4962 1562 5032 μῆνας
1586 4962 1832 5033 ἄρχεται,
1861 4966 1974 5028 τοῖς

400 5054 456 5105 δὲ
506 5053 702 5123 ἄρρεσι
742 5050 804 5102 τὸ
844 5052 1105 5123 σπέρμα,
1135 5052 1230 5105 καὶ
1277 5054 1311 5122 ἡ
1363 5053 1514 5122 φωνὴ
1571 5051 1894 5124 βαρύνεται·
1925 5056 1975 5108 oi

405 5146 595 5215 μαστοὶ
612 5144 669 5198 δὲ
693 5145 873 5197 καὶτὰ
901 5145 1072 5197 αίδοία
1098 5143 1347 5209 αὔξονται
1366 5161 1379 5174 ·
1413 5143 1675 5215 δύσχρους
1699 5146 1754 5199 δὲ
1777 5147 1811 5217 ἡ
1835 5149 1972 5218 γυνὴ

403 5235 499 5288 ἐὰν
534 5236 669 5306 Θῆλυ
697 5235 896 5305 κυῆσαι
932 5235 1121 5309 μέλλῃ.

1757 382 2105 440 DIALOGUS
2141 383 2224 439 ΙΙΙ.

3493 376 3631 432 1082

2075 508 2151 561 illi
2180 506 2428 562 conferre
2461 506 2665 576 aliquid
2699 505 2956 562 feminam
2991 502 3058 558 ad
3111 501 3322 556 vitalem
3378 515 3633 570 procrea-

2064 601 2266 653 tionem
2291 600 2355 652 ad
2407 600 2457 652 id
2500 600 2645 669 quod
2695 615 2726 652 a
2753 601 2870 653 viro
2900 596 3235 660 excernitur,
3289 604 3547 663 tanquam
3582 594 3631 647 si

2068 706 2248 746 causae
2306 690 2555 745 eﬂicienti
2587 690 2825 758 aliquam
2866 688 3149 741 materiam
3180 684 3436 753 prmbeat,
3476 683 3629 737 vide-

2064 782 2190 835 licet
2216 790 2616 835 menstruorum
2657 779 2896 847 aliquam
2922 778 3221 831 humorum
3256 784 3485 844 partem,
3520 774 3634 828 vel-

2066 874 2144 928 uti
2198 874 2469 942 quoddam
2521 888 2597 928 ms
2653 870 2941 926 statuarlo.
2997 869 3215 923 Nullum
3268 867 3413 921 enim
3446 879 3630 920 semen

2068 965 2267 1019 emittit
2300 965 2513 1030 mulier,
2539 964 2632 1018 sed
2664 963 2910 1017 inutilem
2934 961 3223 1032 quemdam
3261 958 3545 1012 humorem
3575 957 3631 1010 in

2069 1056 2206 1111 locis
2256 1056 2615 1110 muliebribus
2662 1055 3035 1109 exsistentem.
3082 1051 3177 1104 Est
3234 1055 3417 1103 autem
3462 1047 3634 1101 maris

2067 1160 2254 1202 semen
2306 1145 2471 1212 quasi
2523 1142 2727 1213 opifex,
2755 1150 2809 1196 et
2851 1140 3176 1211 principium
3228 1149 3409 1193 motus
3449 1136 3631 1201 efficit,

2067 1232 2525 1302 quemadmodum
2568 1232 2620 1284 in
2681 1231 2907 1297 coagulo
2929 1228 3193 1291 videmus,
3233 1227 3378 1296 quod
3417 1226 3501 1279 lac
3541 1240 3638 1280 co-

2068 1326 2167 1395 git.
2203 1323 2294 1379 Sic
2328 1324 2473 1377 enim
2508 1331 2561 1376 et
2595 1337 2781 1377 semen
2835 1322 2888 1374 in
2924 1328 3168 1374 ventrem
3227 1318 3493 1380 incidens,
3531 1316 3640 1370 mi-

2066 1425 2248 1471 scetur
2294 1430 2415 1470 cum
2444 1414 2733 1484 purissima
2788 1412 3003 1468 feminae
3030 1411 3423 1480 superﬂuitate.
3479 1408 3637 1474 Quod

2066 1511 2249 1555 autem
2279 1502 2332 1555 in
2366 1502 2593 1555 matrice
2619 1500 2853 1565 exsistit,
2882 1499 3047 1553 etiam
3083 1499 3272 1553 dicunt
3301 1499 3498 1551 animae
3520 1513 3638 1566 par-

2065 1593 2237 1661 ticeps
2263 1606 2402 1659 esse,
2429 1607 2541 1645 non
2566 1591 2707 1645 illius
2736 1590 2953 1660 quidem
2978 1588 3245 1658 perfectae,
3276 1587 3369 1642 sed
3393 1588 3639 1641 nutrien-

2067 1684 2157 1738 tis.
2217 1681 2688 1749 Quemadmodum
2723 1681 2866 1736 enim
2902 1681 3117 1749 plantas
3172 1679 3224 1732 in
3262 1687 3426 1740 terra,
3464 1678 3535 1730 ita
3582 1684 3639 1730 et

2066 1776 2236 1829 fetum
2264 1775 2465 1835 vivere,
2498 1772 2686 1827 radice
2722 1779 2963 1825 utentem
3017 1769 3302 1830 umbilico,
3346 1780 3443 1837 per
3468 1778 3636 1835 quem

2066 1879 2131 1919 ex
2167 1864 2391 1917 matrice
2422 1863 2671 1916 attrectio
2693 1860 2801 1916 cibi
2824 1859 2934 1914 fiat.
2964 1858 3020 1912 In
3050 1859 3223 1912 lucem
3245 1866 3427 1910 antem
3451 1868 3635 1924 egres-

2066 1971 2182 2019 sus,
2210 1955 2372 2008 etiam
2435 1953 2759 2008 sentientem
2797 1951 3035 2004 animam
3097 1948 3478 2017 consequitur,
3512 1960 3634 1999 ere—

2066 2060 2336 2114 scensque
2366 2059 2490 2098 cum
2529 2057 2756 2111 corpore
2784 2049 3064 2097 crescente
3111 2038 3357 2108 augescit
3386 2045 3441 2090 et
3470 2036 3640 2090 ratio-

2067 2137 2209 2190 nalis
2240 2151 2306 2190 ac
2334 2134 2665 2189 intellectilis
2714 2133 2805 2187 illa
2841 2130 3074 2186 facultas
3120 2130 3335 2183 animae.
3369 2125 3466 2181 Est
3491 2127 3636 2181 enim

2068 2228 2121 2281 in
2144 2227 2349 2283 semine
2373 2225 2569 2280 anima:
2595 2223 2859 2295 particula
2897 2221 3168 2292 quaedam,
3199 2234 3323 2288 quae
3341 2218 3518 2272 vitalis
3537 2233 3638 2272 ca-

2066 2318 2150 2372 lor
2172 2317 2393 2382 dicitur,
2428 2314 2728 2371 conformis
2762 2314 2931 2368 calori
2964 2311 3128 2366 solis:
3187 2310 3232 2364 si
3282 2308 3503 2378 quidem
3544 2306 3633 2361 ille

2066 2411 2283 2463 vitalem
2313 2409 2424 2463 vim
2456 2407 2643 2471 habet,
2672 2414 2727 2459 et
2765 2404 2987 2458 vitalem
3010 2402 3179 2457 fetum
3216 2407 3460 2471 generat.
3497 2397 3635 2454 For-

2069 2510 2250 2555 matur
2276 2510 2457 2554 autem
2494 2498 2731 2567 primum
2770 2511 2887 2562 cor,
2917 2494 3061 2564 quod
3095 2501 3150 2548 et
3188 2500 3525 2563 postremum
3553 2490 3641 2543 in-

2068 2592 2213 2646 terit.
2250 2590 2511 2645 Similiter
2540 2598 2593 2643 et
2610 2588 2817 2658 reliqua
2849 2587 3063 2641 interna
3104 2593 3231 2638 ante
3260 2591 3483 2637 externa
3513 2581 3630 2636 dis-

2068 2689 2366 2751 ponuntur.
2394 2688 2448 2732 et
2502 2694 2625 2734 cum
2663 2677 2856 2746 primis
2888 2692 2954 2730 ea
3009 2688 3130 2744 quae
3158 2681 3287 2728 sunt
3318 2687 3486 2742 supra
3508 2672 3618 2725 cin-

2069 2784 2302 2827 cturam.
2334 2771 2627 2825 Formatus
2653 2777 2836 2823 autem
2872 2768 2927 2821 in
2966 2766 3194 2821 matrice
3222 2766 3411 2828 homo,
3436 2778 3635 2818 nasum

2070 2864 2289 2934 quidem
2322 2862 2559 2917 medium
2616 2862 2757 2915 inter
2803 2874 2979 2930 genua
3033 2860 3219 2923 habet,
3284 2856 3475 2911 oculos
3510 2869 3640 2910 vero

2071 2970 2237 3025 supra
2281 2970 2476 3024 genua.
2519 2952 2818 3009 Robustior
2854 2961 3037 3006 autem
3067 2950 3184 3005 ﬁeri
3235 2949 3378 3004 fetus
3426 2948 3639 3016 incipit,

2071 3045 2537 3117 quandoinhibita
2567 3054 2847 3099 menstrua
2884 3043 2940 3097 in
2984 3042 3248 3097 uberibus
3298 3042 3352 3094 in
3394 3041 3477 3094 lac
3516 3054 3640 3092 mu-

2073 3147 2277 3193 tantur.
2296 3137 2416 3203 Quo
2441 3138 2659 3207 quidem
2693 3146 2941 3205 tempore
2965 3150 3090 3188 mox
3127 3136 3288 3187 tinem
3321 3133 3375 3185 in
3401 3130 3641 3184 mulieri-

2070 3230 2174 3284 bus
2190 3229 2391 3283 habent
2432 3242 2675 3294 nauseae,
2726 3236 2782 3282 et
2810 3226 3066 3280 vomitus.
3099 3224 3403 3280 Generatur
3456 3231 3637 3276 autem

2073 3337 2212 3387 mas,
2237 3321 2283 3375 si
2316 3328 2629 3389 percoctum
2652 3327 2738 3373 est
2784 3319 2954 3372 maris
2986 3331 3196 3381 semen,
3222 3315 3368 3370 unde
3407 3313 3643 3383 juvenes

2073 3422 2128 3469 et
2152 3427 2310 3467 senes
2344 3412 2668 3481 plerumque
2707 3409 2948 3465 femellas
2980 3415 3293 3479 procreant.
3342 3405 3643 3460 Abundan—

2071 3504 2202 3559 tiam
2237 3510 2418 3556 autem
2444 3501 2529 3555 vel
2557 3499 2829 3555 defectum
2860 3500 2973 3554 fieri
3018 3498 3208 3553 volunt
3232 3497 3287 3551 in
3310 3495 3641 3567 quibusdam

2070 3596 2339 3667 partibus,
2375 3603 2596 3663 propter
2625 3592 2871 3647 materiae
2907 3589 3178 3645 defectum
3212 3598 3308 3643 aut
3356 3587 3643 3643 abundan-

2071 3687 2225 3741 tiam.
2254 3685 2491 3739 Seminis
2525 3695 2705 3737 autem
2737 3683 3075 3752 egestionem
3112 3696 3177 3735 ex
3211 3681 3351 3735 locis
3373 3680 3519 3734 circa
3544 3693 3643 3732 ca-

2071 3784 2169 3846 put
2199 3776 2318 3829 fieri
2347 3775 2700 3829 manifestum
2756 3788 2822 3828 ex
2854 3790 2920 3827 eo
2952 3780 3056 3837 est,
3091 3771 3237 3841 quod
3272 3785 3464 3825 eorum
3497 3767 3644 3823 oculi

2071 3878 2358 3933 cavantur,
2396 3867 2495 3936 qui
2515 3866 2744 3921 multum
2779 3873 3002 3922 coeunt.
3031 3862 3279 3917 Movetur
3311 3861 3477 3916 etiam
3509 3873 3642 3914 cum

2071 3973 2252 4015 mente
2285 3958 2726 4030 cogitationeque
2782 3957 3010 4020 matrix,
3071 3953 3536 4025 quemadmodum
3587 3964 3649 4005 et

2068 4059 2343 4106 veretrum
2375 4048 2497 4104 viri.
2545 4048 2855 4117 Aliquando
2881 4048 3006 4101 item
3055 4055 3248 4115 sponte
3297 4043 3511 4111 gemelli
3543 4056 3640 4113 ge-

2070 4154 2351 4207 nerantur,
2386 4158 2483 4213 per
2509 4142 2836 4198 divisionem
2868 4138 3099 4195 seminis
3155 4136 3210 4191 in
3267 4134 3534 4190 matrice:
3576 4150 3643 4190 ac

2070 4235 2115 4289 si
2150 4235 2372 4304 quidem
2406 4236 2459 4289 id
2489 4242 2805 4304 percoctum
2846 4230 3032 4295 fuerit,
3069 4230 3178 4284 duo
3231 4227 3497 4282 masculi:
3554 4226 3640 4281 sin

2071 4326 2274 4389 minus,
2346 4326 2641 4381 diversum.
2700 4322 2968 4378 Praeterea
3016 4332 3115 4391 per
3152 4316 3640 4388 superfetationem

2069 4425 2434 4486 generantur,
2489 4416 2631 4470 unde
2681 4414 2972 4484 aliquoties
3025 4420 3079 4466 et
3129 4410 3411 4465 masculus
3452 4418 3508 4464 et
3566 4406 3639 4462 fe-

2068 4508 2229 4563 mella
2303 4508 2466 4564 simul
2518 4516 2839 4561 nascuntur.
2918 4503 3223 4559 Plurimum
3284 4515 3416 4556 vero
3467 4499 3638 4554 nutrit

2072 4600 2155 4653 lac
2200 4599 2437 4667 spissum
2506 4606 2561 4652 et
2616 4597 2858 4663 fulvum,
2919 4604 2978 4649 ut
3044 4610 3111 4650 ex
3163 4593 3341 4649 caseis
3404 4599 3642 4646 constat.

2075 4690 2265 4745 Mulier
2325 4689 2493 4743 fetum
2540 4696 2720 4759 gestat
2765 4688 2830 4741 ad
2907 4702 3125 4742 menses
3158 4695 3365 4756 septem
3395 4684 3647 4753 aliquano

2075 4783 2163 4847 do,
2234 4781 2554 4851 plerumque
2626 4780 2695 4834 ad
2762 4794 2955 4834 novem
2982 4816 2998 4841 ,
3045 4791 3419 4848 saepenumero
3454 4776 3521 4829 ad
3550 4775 3646 4829 de-

2076 4890 2190 4928 cem
2249 4882 2536 4943 postquam
2586 4873 2868 4941 coneepit,
2924 4871 3014 4927 vix
3079 4880 3260 4924 autem
3316 4881 3438 4939 post
3481 4866 3648 4921 unde-

2076 4965 2300 5020 cimum.
2341 4962 2507 5018 Fetus
2538 4964 2591 5017 in
2617 4964 2792 5018 lucem
2822 4963 2998 5018 editus
3032 4972 3127 5017 aut
3149 4960 3299 5025 vivit,
3350 4969 3443 5014 aut
3476 4959 3650 5029 pariet

2081 5058 2279 5112 mulier
2300 5056 2445 5127 quod
2476 5056 2620 5110 mola
2649 5066 2900 5121 vocatur,
2919 5070 3041 5123 qute
3080 5063 3163 5109 est
3211 5066 3340 5108 caro
3363 5051 3522 5115 dura,
3553 5059 3649 5102 ant

2080 5150 2497 5220 periclitabitur.
2531 5149 2685 5202 Circa
2718 5162 2919 5201 annum
2950 5146 3219 5200 decimum
3244 5153 3496 5213 quartum
3528 5154 3648 5192 mn-

2087 5253 2205 5298 tant
2237 5242 2486 5312 corporis
2508 5241 2727 5295 habitus
2756 5248 2865 5293 tam
2903 5253 3083 5292 mares
3104 5250 3267 5306 quam
3298 5233 3563 5297 femellm;
3594 5241 3649 5284 et

403 5342 469 5382 ex
496 5328 631 5381 bene
663 5327 866 5383 affectis
904 5328 1044 5380 male
1070 5325 1317 5395 dispositi
1361 5326 1516 5392 fiunt,
1545 5326 1628 5380 vel
1652 5342 1684 5383 e
1714 5328 1949 5386 diverso.
2015 5332 2169 5388 Tunc
2197 5341 2250 5387 et
2286 5332 2514 5387 femellis
2562 5341 2840 5386 menstrua
2898 5330 3181 5399 incipiunt,
3214 5326 3458 5381 maribus
3484 5348 3489 5353 τ
3517 5335 3653 5378 vero

406 5434 614 5482 semen,
644 5426 697 5472 et
733 5433 833 5472 vox
875 5418 932 5472 tit
960 5418 1196 5488 gravior.
1233 5414 1410 5471 Ubera
1438 5417 1565 5472 item
1612 5425 1668 5473 et
1717 5419 1947 5473 verenda
2008 5434 2283 5477 crescunt.
2335 5420 2506 5475 Pallet
2571 5420 2807 5489 denique
2860 5417 3081 5482 mulier,
3117 5432 3239 5487 qua!
3262 5415 3532 5470 femellam
3562 5430 3651 5483 pa-

407 5511 577 5565 ritura
609 5518 710 5565 est.

640 5647 748 5701 Τοῦ
778 5647 962 5703 αὐτοῦ
997 5647 1324 5717 Γρηγορίιω
1357 5646 1465 5701 τοῦ
1504 5647 1778 5713 Νύσσης.

488 5762 555 5814 Ἤ
586 5761 643 5814 δὲ
670 5760 764 5814 τοῦ
804 5760 896 5813 νοῦ
928 5760 1064 5833 πρὸς
1100 5760 1163 5813 τὸ
1211 5761 1369 5831 σῶμα
1417 5760 1671 5814 κοινωνία
1699 5758 1976 5829 ἄφραστόν

410 5874 467 5910 τε
497 5857 589 5910 καὶ
620 5855 986 5919 ἀκατανόητον
1029 5851 1126 5906 τὴν
1161 5850 1451 5917 συνάφειαν
1487 5850 1632 5918 ἔχει·
1667 5847 1791 5903 οὔτε
1824 5848 1973 5913 ἐντὸς

2435 5634 2517 5688 Ex
2546 5635 2722 5689 eodem
2756 5632 3004 5705 Gregorio
3037 5632 3297 5705 Nysseno.

2152 5750 2348 5807 Mentis
2372 5760 2553 5805 autem
2589 5750 2657 5804 ad
2682 5764 2879 5818 corpus
2905 5749 3221 5804 communio
3247 5746 3566 5802 ineffabilem
3594 5754 3654 5801 et

2082 5843 2679 5915 incomprehensibilem
2702 5842 2978 5900 intellectu
3000 5841 3438 5913 coniunctionem
3463 5838 3649 5905 habet.
