4112 6380
488 313 624 374 εἰ)εό

484 450 606 503 qua:
632 449 806 502 neque
836 433 981 490 intus
1003 444 1087 492 est
1111 437 1225 511 (98)
1255 441 1452 510 (neque
1478 442 1624 498 enim
1652 445 1913 500 miscetur
1937 460 2061 501 cor-

1546 323 1604 378 S.
1643 322 1948 380 CESARII
1995 320 2329 379 GREGORI’I
2367 321 2670 378 FRATRIS

3601 318 3740 373 I084

2165 439 2298 497 οῦσα
2325 445 2405 516 (ού
2434 444 2543 516 γάρ
2570 445 2919 517 ὲγκρατεῖται
2941 440 3155 514 σώματι
3175 440 3235 495 τὸ
3255 439 3584 512 ἀσώματον),
3615 440 3738 494 οὔτε

483 522 605 593 pori
635 524 781 593 quod
815 524 1195 594 incorporeum
1221 530 1326 596 est)
1369 546 1383 582 :
1417 545 1594 600 neque
1623 530 1956 587 circumfusa
1980 538 2054 586 est

2163 535 2320 598 ὲκτὸς
2355 536 2684 607 περιέχουσα
2715 535 2800 607 (οὐ
2831 536 2938 607 γὰρ
2982 534 3295 605 περιέχεται
3341 532 3402 586 1:6
3451 531 3738 601 ἀσώματον

485 619 635 682 (ηοη
670 617 816 670 enim
847 616 1715 690 circumscribiturincorporeum
1751 638 1780 677 a
1812 623 2062 692 corpori-

485 701 672 778 bus):
707 705 802 760 sed
835 705 998 760 modo
1035 707 1272 776 quodam
1315 709 1621 765 incredibili
1659 722 1715 766 et
1754 712 2060 780 intelligen-

485 796 614 849 tiam
652 804 894 852 nostram
928 807 1227 868 superante
1251 815 1406 855 mens
1429 804 1871 872 appropinquans
1893 813 1947 858 et
1967 819 2062 873 ap-

485 886 682 954 plicata
710 897 948 955 naturae,
982 899 1038 945 et
1070 891 1124 944 in
1161 891 1314 961 ipsa,
1349 901 1405 946 et
1432 896 1578 948 circa
1607 895 1778 964 ipsam
1809 896 2059 961 exsistit,

483 977 565 1031 sic
597 988 773 1034 tamen
805 988 863 1033 ut
895 981 1156 1050 explicari
1191 983 1274 1036 vel
1314 983 1644 1053 cogitatione
1670 987 2060 1055 comprehendi

482 1067 678 1121 modus
704 1079 970 1138 nequeat,
1001 1070 1106 1125 nisi
1137 1071 1284 1140 quod
1312 1072 1366 1126 in
1394 1081 1538 1127 statu
1569 1089 1672 1130 suo
1698 1085 1844 1130 recte
1869 1075 2058 1130 aﬂ‘ecta

483 1165 679 1211 natura
698 1196 714 1220 ,
741 1159 905 1214 etiam
935 1175 1093 1217 mens
1116 1161 1303 1217 eﬂicax
1332 1173 1457 1228 est;
1493 1165 1540 1218 si
1574 1181 1704 1220 vero
1735 1165 1926 1221 vitium
1961 1168 2062 1222 ali-

483 1248 627 1316 quod
655 1250 799 1304 circa
829 1251 977 1306 illam
1003 1254 1314 1326 contingat,
1341 1257 1614 1312 claudicat
1636 1268 1864 1314 eatenus
1891 1259 2057 1315 etiam

484 1353 666 1398 motus
702 1343 1034 1403 intellectus.

550 1430 744 1501 Operae
781 1435 1016 1503 pretium
1056 1447 1142 1494 est
1180 1439 1358 1504 scire,
1398 1441 1559 1510 cujus
1585 1440 2054 1512 reigratiaeterra

483 1524 822 1578 nasccntium
845 1527 1086 1595 germina
1120 1529 1175 1583 in
1204 1540 1326 1584 ortu
1355 1547 1540 1586 rerum
1568 1533 1872 1602 pra'cedant
1891 1572 1908 1596 ,
1935 1540 2057 1600 post

482 1628 606 1680 qua:
643 1616 903 1683 producta
945 1628 1072 1673 sunt
1119 1621 1420 1677 animantia
1483 1623 1642 1678 bruta
1665 1661 1682 1686 ,
1721 1633 1777 1678 et
1803 1633 1924 1692 post
1961 1624 2051 1677 illa

482 1699 704 1754 demum
736 1702 922 1760 homo.
953 1703 1072 1760 Non
1102 1708 1281 1764 solum
1311 1709 1456 1780 quod
1493 1711 1660 1766 herba
1691 1712 1908 1780 quidem
1941 1713 2053 1768 ani-

483 1793 718 1850 malibus
755 1804 840 1851 est
875 1797 1023 1854 utilis
1044 1839 1058 1862 ,
1093 1808 1144 1855 et
1163 1810 1386 1874 propter
1402 1802 1678 1858 hominem
1715 1800 1929 1859 exsistit
1956 1819 2052 1873 pe-

481 1899 670 1939 corum
700 1887 884 1956 copia,
918 1897 1179 1960 tanquam
1215 1892 1290 1944 illi
1329 1892 1706 1948 ministratura
1730 1934 1744 1957 ,
1781 1898 1874 1948 sed
1904 1895 2052 1963 quod

481 1983 574 2038 hic
601 1993 721 2032 eam
756 1995 880 2048 quae
921 1980 990 2035 de
1036 1982 1218 2037 anima
1265 1990 1385 2049 est,
1438 1983 1841 2053 philosophiam
1897 1984 2058 2040 nobis

479 2070 658 2125 tradat
702 2070 898 2128 Moses.
921 2072 1188 2142 Explicari
1222 2084 1402 2130 autem
1432 2077 1678 2131 oratione
1710 2077 1838 2132 talis
1868 2092 2054 2131 rerum

479 2163 761 2219 distinctio
789 2172 970 2234 potest
998 2184 1012 2221 :
1046 2165 1156 2222 Res
1190 2169 1456 2224 universae
1489 2169 1684 2238 partim
1718 2168 2057 2224 intellectiles

478 2264 640 2321 sunt,
667 2259 862 2326 partim
895 2273 1190 2328 corporeae.
1219 2257 1556 2314 Omittantur
1577 2268 1760 2314 autem
1791 2275 1939 2314 nunc
1963 2260 2050 2314 in-

481 2345 781 2403 tellectiles.
809 2347 1102 2419 Corporea:
1127 2351 1330 2420 partim
1358 2349 1700 2405 efﬁcacitatis
1726 2349 1912 2405 vitalis
1935 2365 2056 2418 par-

479 2439 672 2508 ticipes
704 2449 870 2504 sunt,
898 2442 1094 2508 partim
1125 2452 1378 2512 expertes
1407 2443 1635 2498 omnino
1666 2446 1808 2498 vitae.
1841 2444 2055 2500 Rursus

478 2529 645 2584 vitale
673 2546 873 2600 corpus
901 2533 1098 2602 partim
1129 2534 1351 2603 quidem
1385 2535 1620 2601 sensile,
1663 2536 1864 2604 partim
1912 2551 2043 2591 vero

479 2638 677 2678 sensus
713 2632 798 2678 est
832 2639 1047 2694 expers.
1088 2625 1304 2683 Rursus
1357 2627 1596 2692 sensile,
1637 2628 1786 2683 aliud
1831 2629 2052 2698 quidem

479 2714 780 2782 rationale,
828 2717 976 2772 aliud
1021 2727 1205 2773 autem
1251 2719 1482 2774 rationis
1513 2728 1599 2774 est
1623 2735 1834 2791 expers.
1872 2721 1917 2774 A
1949 2721 2054 2776 11i-

479 2808 707 2863 noribus
744 2811 910 2880 igitur
951 2810 1019 2866 ad
1060 2811 1114 2865 id
1153 2811 1300 2880 quod
1337 2810 1640 2880 perfectum
1680 2821 1800 2876 est,
1858 2821 2055 2867 natura

477 2900 846 2970 progreditur.
895 2900 1131 2972 Ideoque
1179 2913 1304 2974 post
1356 2905 1658 2959 inanimam
1721 2905 2050 2970 materiam,

475 2990 636 3057 quasi
667 2989 872 3056 gradus
899 2994 1166 3060 quosdam
1209 2993 1401 3048 formae
1439 2995 1806 3050 animatorum
1830 3039 1846 3064 ,
1887 3003 2057 3051 natu-

477 3079 650 3132 ralem
687 3079 828 3136 banc
861 3081 1034 3136 vitam
1062 3083 1340 3138 exstitisse
1367 3083 1502 3140 dicit
1533 3084 1834 3156 legislator,
1870 3085 1924 3140 in
1952 3101 2054 3141 na-

479 3169 738 3224 turalium
769 3171 1165 3242 germinatione
1197 3176 1667 3245 praeexsistentem
1685 3214 1701 3240 ,
1727 3185 1914 3246 utpote
1941 3177 2050 3231 vim

478 3263 812 3318 nutrientem
839 3272 894 3319 et
920 3276 1304 3337 augescentem
1323 3306 1338 3331 ,
1371 3267 1561 3340 sicque
1586 3269 1781 3325 deinde
1808 3268 2050 3339 subiicit,

474 3365 532 3407 et
563 3354 838 3410 sentiendi
889 3355 1244 3425 facultatem,
1276 3375 1401 3430 qua:
1454 3361 1510 3415 in
1557 3361 1888 3416 animalibus
1927 3369 2012 3416 est
2036 3400 2052 3426 ,

476 3445 644 3499 etiam
674 3447 796 3515 ejus
831 3449 1154 3518 participem
1183 3465 1309 3521 quae
1336 3459 1465 3506 ante
1501 3453 1674 3522 ipsam
1712 3453 1834 3507 fuit.
1869 3450 2055 3522 Siqui-

477 3537 602 3592 dem
631 3554 755 3609 qua:
779 3555 877 3610 per
897 3556 1120 3598 carnem
1147 3544 1370 3611 vivunt,
1394 3544 1561 3599 etiam
1588 3545 1799 3615 absque
1839 3544 2054 3599 intelle-

476 3630 589 3684 ctili
616 3640 809 3686 natura
832 3648 955 3689 esse
977 3643 1228 3704 possunt.
1260 3634 1547 3691 Rationale
1579 3645 1760 3691 autem
1789 3637 2056 3691 exsistere

477 3738 588 3776 non
636 3734 852 3793 potest,
910 3726 1018 3781 nisi
1068 3743 1192 3783 cum
1247 3729 1518 3783 sentiente
1557 3729 1912 3784 commistum
1961 3730 2052 3783 sit.

480 3813 606 3868 ldeo
638 3824 948 3884 postremus
977 3817 1156 3874 factus
1201 3827 1288 3874 est
1341 3820 1528 3875 homo.
1582 3818 1662 3875 Ex
1710 3820 1860 3873 omni
1908 3819 2054 3873 enim

478 3904 658 3973 specie
681 3907 988 3963 animarum
1013 3917 1378 3978 temperatum
1403 3918 1489 3964 est
1512 3910 1719 3964 animal
1749 3909 2014 3964 rationale
2039 3925 2056 3974 ;

479 3996 724 4051 nutritur
749 4000 892 4053 enim
925 4001 1227 4056 secundum
1251 4000 1489 4070 speciem
1517 4002 1715 4056 animae
1743 4017 1866 4071 qua:
1890 4011 1976 4056 est
2002 4001 2054 4054 in

477 4087 714 4155 plantis;
745 4093 1058 4161 angescenti
1091 4109 1223 4148 vero
1255 4093 1503 4149 facultati
1531 4094 1775 4150 sentiens
1798 4110 1829 4148 a
1860 4102 2058 4147 natura

2162 626 2269 679 ὑπὸ
2301 627 2610 698 σωμάτων),
2639 626 2776 681 ἀλλὰ
2807 626 2948 681 κατά
2982 643 3103 679 τινα
3129 625 3329 697 τρόπον
3365 623 3645 694 ἀμήχανόν
3676 639 3737 676 τε

2162 720 2256 772 καὶ
2284 719 2635 790 ἀνεπινόητον
2667 720 2902 788 ὲγγίζων
2928 718 2956 769 6
2983 718 3107 779 νοῦς
3127 719 3192 788 τῇ
3228 715 3387 786 φύσει
3429 717 3524 769 καὶ
3565 733 3738 787 προσ-

2160 810 2484 881 απτόμενος,
2522 810 2616 864 καὶ
2661 812 2720 864 ὲν
2766 811 2904 880 αὐτῇ
2945 810 3039 863 καὶ
3060 809 3188 880 περὶ
3229 807 3397 879 αὐτὴν
3427 809 3738 880 θεωρεῖται,

2160 902 2275 956 ἀλλ’
2326 903 2402 967 ὡς
2438 903 2540 957 οὐκ
2591 902 2738 956 ἐστιν
2785 904 2982 966 εἰπεῖν,
3033 901 3156 955 οὐδὲ
3205 901 3414 971 νοῆσαι,
3466 900 3605 971 πλὴν
3653 903 3740 954 ὄτι

2159 995 2299 1050 κατὰ
2324 996 2414 1048 τὸν
2435 995 2564 1048 ἴδιον
2591 994 2762 1064 αὐτῆς
2783 993 2971 1066 εἱρμὸν
3003 992 3360 1063 εύοδουμένης
3376 992 3474 1062 τῆς
3495 991 3738 1060 φύσεως,

2159 1086 2255 1139 καὶ
2297 1087 2327 1138 6
2368 1085 2492 1150 νοῦς
2524 1087 2754 1156 ἐνεργὴς
2798 1087 3038 1154 γίνεταιο
3075 1085 3122 1137 εἰ
3171 1083 3550 1154 πλημμέλημα
3607 1083 3741 1152 περὶ

2155 1177 2360 1249 ταύτην
2415 1177 2702 1247 συμπέσοι,
2736 1178 2924 1242 σκάζει
2959 1177 3083 1230 κατ’
3130 1176 3305 1229 ἐκεῖνο
3357 1176 3453 1228 καὶ
3491 1175 3589 1246 τῆς
3615 1175 3738 1228 δια-

2157 1269 2306 1333 νοίας
2334 1271 2367 1341 ἠ
2403 1269 2634 1340 κίνησις.

2229 1440 2439 1495 Εἰδέναι
2469 1441 2574 1512 χρὴ
2605 1440 2749 1504 τίνος
2774 1440 2933 1512 χάριν
2957 1441 3049 1494 ἐπὶ
3077 1441 3182 1512 γῆς
3211 1443 3244 1511 ἡ
3280 1441 3481 1512 βλάστη
3511 1441 3620 1494 τῶν
3641 1441 3739 1493 ἐπὶ

2155 1537 2259 1604 γῆς
2307 1533 2593 1604 φυομένων
2640 1536 2983 1604 προηγεῖται,
3024 1533 3326 1601 ἐπιγίνεται
3353 1533 3410 1585 δὲ
3449 1532 3518 1586 τὰ
3557 1532 3736 1600 ἄλογα

2155 1623 2262 1676 τῶν
2283 1621 2457 1687 ζώων,
2482 1623 2574 1674 καὶ
2602 1621 2739 1692 μετὰ
2763 1620 2938 1675 ταῦτα
2965 1624 2994 1675 6
3015 1621 3315 1692 ἄνθρωπος.
3345 1623 3420 1674 Οὐ
3452 1621 3612 1691 μόνον
3649 1621 3735 1673 ὃτι

2155 1715 2190 1784 ἡ
2229 1713 2325 1784 μὲν
2358 1715 2466 1766 πόα
2495 1714 2762 1784 χρήσιμος
2789 1715 2901 1775 τοῖς
2935 1712 3115 1778 ζώοις,
3149 1713 3238 1768 διά
3283 1714 3340 1767 δὲ
3384 1714 3477 1766 τὸν
3517 1711 3735 1782 ἀνθρω-

2157 1822 2256 1858 πον
2284 1805 2351 1858 τά
2386 1805 2538 1876 βοτὰ,
2574 1806 2650 1869 ὡς
2689 1806 2981 1876 ὑπηρετεῖν
3019 1805 3313 1874 μέλλοντα⁸
3353 1805 3467 1859 ἀλλ’
3518 1805 3601 1857 ὅτι
3633 1805 3736 1876 τὴν

2157 1898 2286 1968 περί
2305 1896 2485 1968 ψυχῆς
2517 1897 2831 1966 φιλοσοφίαν
2859 1897 2888 1948 ὁ
2916 1897 3123 1968 Μωσῆς
3152 1897 3541 1968 παραδίδωσιν.
3572 1897 3735 1950 Ἔστι

2153 1990 2210 2043 δὲ
2254 1991 2287 2060 ὴ
2335 1990 2429 2043 τοῦ
2468 1990 2627 2058 λόγου
2670 1989 2934 2061 διαίρεσις
2981 1989 3238 2062 τοιαύτη⁸
3279 1991 3398 2044 Τῶν
3450 1990 3639 2053 δντων,
3672 1988 3735 2041 τὸ

2159 2079 2256 2149 μὲν
2307 2079 2514 2149 νοητὸν,
2553 2078 2613 2132 τὸ
2659 2079 2717 2132 δὲ
2769 2080 3081 2149 σωματικόν
3127 2081 3296 2132 ἐστιν.
3347 2079 3632 2132 Ἔστωσαν
3676 2078 3735 2131 δὲ

2155 2169 2251 2223 νῦν
2277 2170 2347 2224 τὰ
2382 2172 2509 2243 περὶ
2549 2171 2641 2225 τοῦ
2675 2172 2885 2243 νοητοῦ.
2918 2171 3026 2225 Τοῦ
3055 2172 3112 2224 δὲ
3156 2171 3492 2242 σωματικοῦ,
3543 2170 3601 2223 τὺ
3634 2171 3734 2241 μὲν

2159 2261 2372 2331 μετέχει
2423 2260 2659 2333 ζωτικῆς
2703 2262 3004 2334 ἐνεργείας,
3053 2263 3115 2316 τὸ
3161 2263 3218 2316 δὲ
3251 2263 3470 2333 ἀμοιρεῖ
3504 2261 3732 2314 καθόλου

2156 2352 2322 2422 ζωῆς.
2356 2353 2527 2407 Πάλιν
2559 2354 2653 2406 τοῦ
2681 2353 2914 2419 ζωτικοῦ
2950 2353 3222 2425 σώματος,
3245 2355 3307 2406 τὸ
3334 2353 3432 2424 μὲν
3456 2351 3732 2423 αἰσθητὸν,

2155 2441 2215 2495 τὸ
2240 2442 2296 2496 δὲ
2331 2442 2688 2514 ἀναίσθητονο
2734 2446 2830 2498 καὶ
2852 2445 2948 2498 τοῦ
2987 2444 3326 2516 αἰσθητικοῦ,
3364 2443 3425 2497 τὸ
3459 2443 3559 2514 μὲν
3588 2443 3736 2510 λογι-

2156 2532 2272 2596 κὸν,
2303 2533 2362 2586 τὸ
2394 2534 2452 2587 δὲ
2494 2533 2710 2602 ἄλογον.
2764 2535 2896 2588 Ἀπὸ
2920 2535 3026 2588 τῶν
3064 2534 3408 2606 μικροτέρων
3439 2535 3532 2586 ἐπὶ
3559 2533 3621 2586 τδ
3646 2533 3735 2585 τέ-

2154 2625 2358 2696 λειονὴ
2393 2624 2553 2694 φύσις
2587 2628 2820 2679 ποιεῖται
2863 2626 2964 2698 τὴν
3008 2625 3215 2680 ἄνοδον.
3245 2624 3347 2678 Διὰ
3386 2625 3548 2678 τοῦτο
3593 2623 3734 2695 μετὰ

2154 2717 2251 2789 τὴν
2288 2717 2494 2788 ἄψυχον
2539 2718 2692 2789 ὓλην,
2727 2715 2840 2772 οἷον
2873 2717 3157 2790 ὑπόδαθρά
3193 2734 3314 2770 τινα
3337 2718 3435 2786 τῆς
3459 2717 3566 2770 τῶν
3594 2716 3733 2784 ἀψύ-

2155 2827 2266 2878 χων
2303 2808 2445 2871 ἰδέας
2473 2808 2570 2880 τὴν
2604 2808 2841 2879 φυσικὴν
2868 2806 3071 2881 ταύτην
3112 2807 3258 2879 ζωὴν
3285 2807 3546 2876 συστῆναι
3584 2806 3734 2874 λέγει

2155 2903 2184 2954 6
2209 2901 2526 2971 νομοθέτης,
2576 2903 2634 2954 ὲν
2671 2903 2737 2972 τῇ
2789 2901 2896 2955 τῶν
2931 2900 3113 2970 φυτῶν
3148 2900 3351 2971 βλάστῃ
3383 2901 3734 2970 προῦποστᾶ·

2158 3006 2278 3053 σαν,
2307 2990 2374 3060 ἦν
2401 3006 2460 3042 τε
2487 2989 2587 3061 τὴν
2620 2988 2919 3060 θρεπτικὴν
2949 2987 3044 3041 καὶ
3071 2987 3393 3059 αὐξητικὴν,
3426 2985 3526 3038 εἷθ’
3560 2983 3735 3047 οὕτως

2158 3082 2352 3150 ἐπάγει
2392 3083 2486 3136 καὶ
2517 3083 2616 3154 τὴν
2647 3083 2706 3134 ὲν
2735 3085 2848 3145 τοῖς
2890 3081 3049 3147 ζώοις
3095 3079 3435 3149 αἰσθητικὴν,
3480 3077 3736 3148 μετέχου-

2159 3190 2258 3226 σαν
2285 3175 2380 3227 καὶ
2402 3173 2502 3244 τῆς
2523 3173 2629 3245 πρὸ
2656 3174 2844 3244 αὐτῆς.
2880 3171 3099 3242 Ἐπειδὴ
3126 3172 3194 3225 τὰ
3224 3171 3312 3224 διὰ
3339 3169 3536 3242 σαρκὸς
3555 3169 3734 3234 ζῶντα

2155 3267 2249 3319 καὶ
2277 3267 2401 3339 δίχα
2438 3267 2538 3338 τῆς
2563 3269 2754 3340 νοερᾶς
2779 3267 2996 3337 φύσεως
3027 3265 3253 3320 δύναται
3285 3261 3423 3320 εῖναι
3441 3282 3454 3296 ·
3485 3263 3620 3318 τὸδὲ
3646 3264 3736 3317 λο-

2154 3360 2306 3427 γικὸν
2363 3361 2424 3413 ού
2456 3360 2698 3425 δύναται,
2735 3361 2782 3412 εἰ
2818 3359 2892 3430 μὴ
2934 3358 3011 3429 τῷ
3041 3358 3340 3430 αἰσθητικῷ
3375 3356 3731 3429 συγκραθείη.

2155 3453 2252 3507 Διὰ
2302 3451 2460 3506 τοῦτο
2505 3452 2813 3514 τελευταῖος
2842 3453 2870 3504 6
2911 3451 3215 3522 ἄνθρωπος.
3263 3450 3359 3503 Διὰ
3404 3451 3584 3519 πάσης
3622 3449 3734 3518 γὰρ

2158 3545 2301 3608 ἰδέας
2332 3544 2442 3598 τῶν
2483 3543 2790 3614 ὁμωνύμως
2819 3543 3126 3612 λεγομένων
3154 3541 3342 3612 ψυχῶν
3375 3541 3734 3611 άνακιρνᾶται

2155 3638 2215 3690 τὸ
2238 3636 2454 3704 λογικὸν
2481 3636 2642 3700 ζῶον.
2681 3634 2953 3705 Τρέφεται
2982 3635 3076 3687 καὶ¹
3117 3633 3260 3686 κατὰ
3299 3633 3360 3686 τὸ
3388 3631 3609 3702 φυτικὸν
3632 3630 3735 3699 τῆς

2153 3727 2329 3797 ψυχῆς
2375 3721 2530 3787 εἶδος.
2563 3726 2641 3796 Τῇ
2675 3724 2732 3776 δὲ
2783 3723 3048 3796 αὑξητικῇ
3097 3723 3327 3794 δυνάμει
3366 3725 3400 3794 ή
3445 3720 3735 3792 αἰσθητικὴ

2157 3817 2454 3889 προσφύει·
2473 3813 2593 3870 εἶτα
2605 3819 2670 3888 τῇ
2706 3815 2995 3886 αἰσθητικῇ
3023 3817 3055 3884 ἡ
3081 3815 3180 3885 τῆς
3197 3817 3389 3888 νοερᾶς
3425 3814 3611 3876 οὐσίας
3625 3813 3740 3866 διέ-

2155 3910 2367 3981 λαμψεν
2399 3908 2666 3980 ἐνέργεια.
2698 3905 2859 3961 Ὅθεν
2893 3907 2987 3958 καὶ
3022 3906 3227 3976 κυρίως
3255 3905 3446 3976 λογικὴ
3472 3905 3614 3975 ψυχὴ
3637 3905 3736 3956 καὶ

2155 3999 2319 4071 νοερὰ
2369 3998 2613 4066 λέγεται,
2666 3997 2699 4065 ή
2754 3993 2842 4048 διὰ
2880 3994 3098 4048 πάντων
3151 3994 3436 4064 διήκουσα.
3507 3993 3595 4046 Ἐν
3633 3993 3736 4062 μὲν

2158 4091 2266 4161 γὰρ
2294 4089 2374 4160 τῷ
2410 4086 2614 4158 λογικῷ
2655 4086 2751 4139 καὶ
2779 4085 2848 4138 τὰ
2876 4083 3040 4138 λοιπὰ
3073 4085 3430 4156 περιέλαϐεν,
3479 4084 3538 4136 ἐν
3566 4083 3622 4136 δὲ
3655 4083 3736 4153 τῷ

479 4179 738 4249 adjuncta
765 4193 880 4252 est;
912 4183 964 4236 in
1001 4185 1274 4239 sentiente
1319 4187 1539 4240 demum
1575 4185 1910 4240 intellectilis
1960 4199 2054 4237 na-

2158 4177 2458 4251 αἰσθητικῷ
2491 4178 2586 4231 καί.
2612 4176 2674 4229 τὸ
2710 4174 2936 4246 φυτικὸν
2961 4175 3178 4238 πάντως
3206 4175 3343 4235 ἐστὶ,
3373 4175 3439 4228 τὸ
3481 4174 3538 4228 δὲ
3582 4191 3738 4242 φυτι-

480 4279 618 4325 turae
658 4273 953 4329 elllcacitas
998 4275 1199 4331 elucet.
1247 4275 1402 4331 Unde
1433 4277 1599 4332 etiam
1629 4277 1850 4347 proprie
1888 4276 2054 4331 ratio-

2161 4273 2255 4327 κδν
2281 4271 2409 4342 περὶ
2433 4270 2494 4322 τὸ
2519 4269 2702 4322 ὑλικὸν
2733 4267 2815 4320 θε.
2847 4305 2862 4319 .
2899 4307 2912 4321 .
2947 4308 2960 4321 .
2993 4307 3009 4322 .
3045 4305 3061 4322 .
3095 4305 3111 4320 .
3143 4305 3157 4320 .
3192 4305 3206 4320 .
3241 4305 3258 4321 .
3294 4304 3310 4320 .
3340 4303 3355 4319 .
3390 4307 3405 4321 .
3460 4265 3598 4336 πλὴν
3641 4264 3739 4316 καὶ

480 4363 625 4420 nalis
657 4365 839 4418 anima
871 4374 926 4420 et
953 4367 1286 4423 intellectilis
1318 4369 1543 4434 dicitur,
1575 4385 1697 4439 quae
1740 4383 1837 4439 per
1873 4367 2054 4422 omnia

2159 4362 2332 4417 ταῦτα
2379 4360 2468 4414 διὰ
2507 4360 2606 4431 τὴν
2641 4359 2880 4431 ζωτικὴν
2927 4357 3233 4430 ἐνέργειαν,
3283 4355 3739 4428 καταχρηστικῶς

481 4469 605 4510 sese
633 4453 788 4508 didit.
823 4451 959 4508 Nam
993 4455 1047 4508 in
1075 4455 1329 4510 rationali
1358 4456 1524 4510 etiam
1554 4457 1762 4527 reliqua
1798 4471 2051 4526 compre-

2157 4454 2322 4525 ψυχαὶ
2350 4451 2729 4523 ὀνομάζονται.

481 4545 700 4610 hendit,
743 4561 869 4600 cum
910 4545 966 4600 in
1013 4546 1281 4601 sentiente
1324 4548 1627 4617 vegetativa
1678 4549 1783 4611 sit,
1805 4563 1928 4618 qua:
1961 4545 2260 4616 vegetativa
2291 4551 2503 4597 tantum
2537 4542 2590 4595 in
2619 4541 2782 4596 rebus
2809 4539 3014 4596 crassis
3042 4538 3280 4594 exsistit.
3309 4536 3514 4592 Verum
3547 4548 3601 4592 et
3630 4538 3738 4592 ἰδία

481 4647 702 4709 propter
727 4637 944 4692 vitalem
967 4636 1261 4694 ellicaciam
1288 4640 1514 4696 abusive
1534 4641 1731 4695 animae
1757 4647 2042 4695 vocantur.

554 4729 848 4784 Sciendum
883 4729 1031 4799 quod
1063 4745 1186 4799 qua
1213 4729 1355 4786 facta
1385 4741 1513 4786 sunt
1541 4731 1610 4786 ad
1643 4730 1694 4785 id
1731 4731 2054 4801 simpliciter

494 4830 554 4875 ut
591 4821 871 4888 vivamus,
913 4830 1043 4878 sunt
1074 4823 1357 4878 cerebrum
1379 4865 1394 4890 ,
1423 4837 1523 4878 'cor
1553 4832 1609 4879 et
1637 4823 1856 4893 pulmo,
1886 4825 2056 4892 hcpar

479 4922 538 4968 et
585 4927 794 4968 venter.
851 4913 1056 4968 Horum
1101 4915 1247 4970 enim
1296 4915 1483 4985 aliquo
1528 4915 1692 4980 laeso,
1742 4915 2058 4971 necessario

2244 4725 2438 4778 ’ἰστέον
2468 4725 2550 4778 ὅτι
2575 4723 2643 4777 τὰ
2675 4723 2938 4792 γεγονότα
2967 4721 3105 4794 πρὸς
3132 4723 3194 4776 τὸ
3221 4717 3406 4785 ἁπλῶς
3442 4721 3542 4792 ζῇν
3567 4723 3739 4792 ἡμᾶς,

2161 4817 2318 4880 εἰσὶν,
2367 4815 2688 4885 ἐγκέφαλος,
2737 4816 2934 4886 καρδία
2982 4816 3073 4868 καὶ
3117 4813 3394 4885 πνεύμων,
3438 4808 3592 4882 ἧπαρ
3641 4814 3742 4866 καὶ

2162 4908 2394 4979 γαστήρ.
2425 4905 2532 4960 Καί
2561 4923 2702 4969 τινος
2723 4905 2832 4976 γὰρ
2853 4904 3056 4958 τούτων
3099 4904 3382 4967 παθόντος,
3412 4901 3472 4967 ἐξ
3492 4903 3741 4973 ἀνάγκης

480 5005 718 5059 moritur
746 5007 969 5060 animal.
1003 5003 1160 5062 Oculi
1195 5014 1418 5073 autem,
1449 5023 1644 5062 manus
1670 5015 1725 5060 et
1756 5006 1918 5076 pedes
1941 5047 1957 5072 ,
1988 5006 2056 5060 ad

482 5097 536 5150 id
564 5105 624 5151 ut
647 5097 785 5151 bene
810 5098 1057 5152 vivamus
1076 5138 1092 5162 ,
1126 5099 1269 5155 facta
1295 5108 1443 5154 sunt.
1472 5097 1568 5154 llis
1593 5099 1738 5153 enim
1772 5098 1916 5153 laesis
1935 5138 1951 5162 ,
1974 5097 2060 5150 vi-

482 5191 560 5245 vit
588 5190 806 5257 quidem
839 5191 1078 5255 animal,
1111 5209 1219 5247 non
1250 5203 1432 5248 autem
1468 5193 1627 5247 bene.
1665 5191 1785 5244 Alia
1817 5191 2057 5260 denique

483 5281 550 5334 ad
587 5283 1035 5350 propagationem
1073 5282 1410 5350 posteritatis
1444 5283 1736 5352 pertinent.

558 5371 876 5425 Postremus
918 5379 1040 5440 post
1069 5373 1401 5426 creationem
1434 5387 1463 5426 a
1499 5370 1608 5425 Deo
1641 5369 1938 5439 productus
1971 5376 2056 5422 est

485 5461 672 5515 homo.
713 5460 829 5517 Non
875 5463 1022 5533 quod
1069 5463 1216 5517 velut
1256 5463 1379 5517 vilis
1411 5463 1554 5517 inter
1588 5470 1865 5531 postrema
1900 5459 2053 5527 ahje-

485 5565 608 5608 Ctus
640 5553 745 5618 sit,
774 5554 867 5609 sed
899 5569 996 5624 par
1017 5562 1136 5610 erat
1168 5554 1470 5626 principem
1507 5564 1634 5610 ante
1665 5554 1920 5610 subditos
1945 5566 2052 5605 non

2161 5001 2223 5053 τὸ
2251 5000 2386 5065 ζῶον
2419 4999 2673 5069 τελευτᾷ·
2708 4998 2976 5068 ὀφθαλμοὶ
3002 4998 3058 5051 δὲ
3089 4997 3180 5051 καὶ
3209 4999 3390 5066 χεῖρες
3438 4996 3531 5047 καὶ
3579 4994 3742 5058 πόδες

2162 5090 2298 5161 πρὸς
2325 5089 2388 5141 τὸ
2410 5083 2468 5141 εὖ
2510 5086 2609 5158 ζῇν
2639 5089 2788 5158 ἡμᾶς
2819 5088 3098 5154 γεγόνασι.
3139 5085 3358 5138 Τούτων
3386 5082 3496 5154 γὰρ
3533 5081 3741 5135 παθόν-

2156 5199 2285 5243 των,
2321 5179 2386 5250 ζῇ
2425 5179 2523 5248 μὲν
2560 5178 2620 5231 τὸ
2649 5177 2810 5242 ζῶον,
2857 5179 2917 5230 οὐ
2954 5175 3135 5238 καλῶς
3179 5175 3256 5229 δέ.
3301 5175 3471 5228 Ἀλλα
3509 5174 3566 5228 δὲ
3599 5174 3742 5243 πρὸς

2157 5269 2406 5341 διαδοχὴν
2433 5269 2543 5323 τῶν
2576 5268 2971 5340 ἐπιγινομένων
3004 5269 3131 5322 εἰσί.

2232 5363 2546 5426 Τελευταῖος
2591 5361 2728 5432 μετὰ
2774 5360 2874 5430 τὴν
2909 5360 3086 5413 κτίσιν
3139 5360 3202 5411 ὲκ
3246 5358 3381 5412 Θεοῦ
3423 5358 3680 5428 παρήχθη
3709 5359 3741 5409 6

2162 5450 2468 5524 ἄνθρωπος.
2500 5452 2611 5522 Οὐχ
2652 5451 2728 5515 ὼς
2771 5449 3077 5520 ἀπόϐλητος
3123 5451 3180 5504 ἐν
3229 5447 3475 5518 ἐσχάτοις
3501 5450 3742 5517 ἀπορῤυο

2163 5542 2315 5612 φείς·
2355 5542 2468 5596 ἀλλ’
2517 5543 2664 5605 εἰκὸς
2709 5537 2776 5612 ἦν
2819 5541 2910 5595 τὸν
2943 5541 3178 5611 ἄρχοντα
3213 5539 3320 5608 πρὸ
3354 5538 3464 5592 τῶν
3496 5537 3736 5608 ἀρχομέ-

558 5698 669 5775 (9§)
699 5697 788 5775 _F:x
827 5701 983 5775 libro
1039 5701 1112 5758 De
1139 5703 1364 5758 hominis
1401 5703 1608 5774 opiﬁcio
1656 5703 1884 5775 passim,
1923 5699 2016 5757 sed
2067 5688 2248 5752 omnia
2277 5688 2566 5746 commista
2602 5693 2656 5745 et
2698 5687 2818 5745 aliis
2861 5685 3045 5745 verbis
3095 5699 3372 5741 exoressa.
3416 5682 3548 5740 Vide
3575 5699 3736 5756 capp.

486 5769 578 5835 29,
612 5769 667 5835 8,
699 5769 786 5836 50,
821 5771 875 5837 2,
911 5773 963 5840 '1,
997 5783 1105 5830 etc.
