4142 6382
444 337 581 393 1θ85

443 464 546 507 νων
573 453 648 523 μὴ
682 450 1055 521 ἀναφανῆναι·
1090 451 1225 521 μηδὲ
1267 451 1373 522 πρὸ
1416 451 1519 524 τὴν
1560 452 1883 505 πανδαισίαν
1928 452 2017 505 εύ-

442 543 814 613 τρεπισθῆναι,
850 541 1238 613 είσοικισθῆναι
1274 542 1367 595 τὸν
1399 543 1713 614 δαιτυμόνα.

511 634 823 705 Τιμιωτέρα
850 634 907 686 δὲ
927 634 1107 703 πάσης
1142 634 1470 705 φαινομένης
1488 635 1587 704 τῆς
1616 635 1844 698 κτίσεως
1868 635 1901 704 ἡ
1922 632 2016 686 τοῦ

439 723 723 797 ἀνθρώπου
746 723 926 793 φύσις.
966 723 1032 776 Ἦ
1077 723 1175 794 μὲν
1202 722 1311 795 γὰρ
1352 724 1526 787 κτίσις
1555 723 1660 776 ὑπὸ
1699 721 1834 775 Θεοῦ
1882 724 2017 775 ἀπο-

439 814 751 885 σχεδιάσθη,
793 814 928 885 ὁμοῦ
967 813 1046 885 τῷ
1080 814 1464 887 προστάγματι
1497 814 1778 866 συστᾶσαο
1827 812 1920 865 ἐπὶ
1961 812 2017 865 δὲ

438 910 538 978 τῆς
565 910 656 962 τοῦ
687 909 971 981 ἀνθρώπου
990 910 1359 980 κατασκευῆς,
1400 907 1645 981 [βουλῆς]
1690 906 1852 978 βουλὴ
1883 925 2017 980 προ-

439 1005 671 1071 ηγεῖται,
703 1003 796 1055 καὶ
825 1003 1001 1055 πάντα
1028 1002 1155 1072 περὶ
1182 1000 1347 1055 αὑτοῦ
1371 1001 1850 1073 προδιασκοπείται
1872 1003 1900 1054 6
1931 1000 2019 1053 )td~

438 1110 554 1160 γος·
574 1090 693 1145 εἷπε
727 1092 834 1164 γὰρ
850 1095 879 1146 6
906 1092 1060 1156 Θεὸς.
1091 1093 1445 1162 Ποιήσωμεν
1471 1093 1805 1162 ἄνθρωπον,
1834 1092 1929 1145 καὶ
1946 1091 2014 1144 τά

438 1184 566 1255 ἑξῆς
586 1185 653 1238 τά
685 1186 811 1255 περὶ
836 1184 1000 1238 αὑτοῦ
1022 1202 1035 1216 ·
1063 1185 1141 1250 ὡς
1164 1185 1269 1257 πρὸ
1298 1185 1399 1255 τῆς
1439 1188 1705 1253 γενέσεως
1728 1184 1827 1254 τὴν
1860 1182 2015 1248 ἀξίαν

437 1276 602 1329 αὐτὸν
631 1276 835 1333 λαϐεῖν,
884 1277 977 1329 Διὸ
1024 1279 1118 1331 καὶ
1166 1277 1297 1349 ῦλην
1344 1281 1442 1349 τῆς
1488 1277 1654 1331 αὑτοῦ
1704 1276 2016 1341 συστάσεως

438 1367 807 1438 προητοίμασε
846 1368 941 1421 καὶ
980 1368 1115 1439 πρὸς
1142 1372 1293 1422 ποῖον
1333 1370 1642 1440 ἀρχέτυπον
1697 1368 1796 1441 τὴν
1827 1369 2014 1439 ὁμοιό-

434 1472 571 1525 τητα
604 1456 731 1521 ἕξει,
762 1456 1089 1528 διενοήσατο.
1124 1460 1235 1530 Τὴν
1273 1459 1622 1532 ἀνθρωπίνην
1652 1456 1745 1514 οῦν
1782 1460 1943 1529 φύσιν
1984 1460 2013 1513 ὀ

437 1548 814 1619 ἀριστότεχνος
848 1549 999 1614 Θεὸς,
1039 1545 1150 1604 οἷόν
1178 1569 1229 1604 τι
1257 1551 1487 1626 ὄργανον
1521 1552 1603 1614 είς
1643 1551 1961 1621 βασιλείας..
1992 1589 2008 1604 .

436 1640 758 1709 ἐπιτήδειον,
791 1641 1211 1712 ἐδημιούργησε,
1237 1646 1351 1706 τοῖς
1387 1660 1447 1696 τε
1483 1644 1624 1697 κατά
1663 1642 1842 1714 ψυχὴν
1881 1659 2011 1713 προ-

433 1734 726 1803 τερήμασι,
774 1735 868 1787 καὶ
915 1735 1062 1806 αὐτῷ
1090 1735 1167 1806 τῷ
1193 1735 1289 1789 τοῦ
1331 1736 1581 1807 σώματος
1630 1738 1888 1807 σχήματι.
1945 1736 2009 1788 Ἠ

436 1822 534 1889 μὲν
587 1823 691 1893 γάρ
743 1823 888 1896 ψυχὴ
941 1826 1003 1879 τὸ
1056 1826 1332 1897 βασιλικὸν
1379 1826 1669 1893 δείκνυσιν,
1718 1826 2009 1890 ἀδέσποτος

431 1908 585 1977 οὖσα,
639 1914 733 1967 καὶ
772 1917 1135 1983 αύτεξούσιος,
1186 1919 1262 1982 ὡς
1301 1918 1464 1973 είκὼν
1501 1918 1636 1973 Θεοῦ
1678 1918 2009 1972 κοινωνοῦσα

430 2004 508 2072 τῷ
533 2005 847 2077 ἀρχετύπῳ,
879 2008 999 2061 ἀντὶ
1038 2008 1331 2078 βασιλικῶν
1380 2010 1600 2080 ἀμφίων
1630 2011 1730 2081 τὴν
1756 2008 2006 2080 λαμπρόο

430 2114 566 2167 τητα
604 2099 922 2171 ὲνδεδυμένη
951 2102 1058 2154 τῶν
1093 2100 1323 2172 ἀρετῶν,
1359 2100 1581 2170 καὶτῆς
1616 2100 1889 2171 ἰδιωτικῆς
1915 2118 2009 2153 τα-

432 2190 744 2261 πεινότητος
775 2191 851 2262 μὴ
884 2192 1205 2263 μετέχουσα.

502 2366 618 2419 Μία
641 2367 698 2420 δὲ
722 2367 951 2438 δύναμις
970 2368 1330 2442 ἀντιληπτικὴ
1353 2368 1462 2424 τῶν
1483 2369 1823 2440 πραγμάτων
1845 2369 2009 2433 αὐτὸς

431 2454 460 2506 6
478 2456 555 2525 τῷ
578 2455 849 2527 ἀνθρώπῳ
869 2457 1186 2528 ἐγκείμενος
1208 2458 1351 2522 νοῦςο
1382 2459 1412 2511 6
1442 2458 1508 2512 δι’
1538 2459 1771 2513 ἑκάστου
1789 2457 1900 2512 τῶν
1925 2460 2009 2512 αἱ·

434 2549 744 2618 σθητηρίων
774 2546 1003 2613 διεξιὼν,
1048 2551 1142 2603 καὶ
1180 2550 1287 2603 τῶν
1312 2550 1483 2603 ὄντων
1511 2550 1992 2620 ὲπιδρασσόμενος,

430 2636 539 2695 εἷόν
566 2658 648 2704 τις
673 2643 962 2714 χαρακτὴρ
986 2643 1083 2710 τῆς
1101 2642 1195 2696 τοῦ
1222 2641 1357 2696 Θεοῦ
1388 2645 1517 2714 μιᾶς
1540 2643 1747 2707 οὐσίας,
1768 2644 1877 2696 τῶν
1896 2661 2009 2697 ποι-

432 2731 595 2784 κίλων
641 2732 960 2803 ποιημάτων
1013 2734 1382 2805 ἐνεργητικός.
1443 2735 2008 2806 Ἐπιστομιζὲσθωσαν

432 2825 480 2875 οί
511 2823 759 2892 λέγοντες
793 2825 1042 2895 ἀνόμοιον
1070 2826 1146 2897 τῷ
1176 2828 1352 2898 Πατρὶ
1379 2828 1471 2880 τὸν
1496 2827 1643 2890 Υίδν,
1679 2828 1712 2898 ἢ
1754 2828 1815 2881 τὸ
1853 2829 2007 2896 ἅγιον

433 2915 658 2985 Πνεῦμα
690 2916 831 2970 κατὰ
849 2917 950 2989 τὴν
969 2917 1154 2972 οὐσίαν
1174 2935 1188 2949 ⁸
1209 2921 1237 2972 6
1262 2919 1390 2991 γὰρ.
1418 2919 1793 2989 Ποιήσωμεν,
1813 2919 2004 2984 εἰπὼν,

430 3006 525 3062 καὶ
553 3006 639 3060 διά
665 3008 764 3077 τῆς
793 3007 1162 3081 πληθυντικῆς
1193 3010 1445 3080 σημείας,
1485 3011 1584 3082 τὴν
1612 3011 1775 3081 ἁγίαν
1803 3012 2008 3084 Τριάδα

427 3097 694 3169 δηλὼσης,
726 3101 828 3155 οὐκ
865 3100 933 3155 ἂν
962 3103 1061 3175 τῆς
1089 3103 1296 3166 εἰκόνος
1341 3102 1643 3174 μοναδικῶς
1674 3105 2009 3175 ἐμνημόνευ-

430 3205 543 3256 οεν,
579 3191 739 3263 εἴπερ
768 3191 1035 3263 ἀνομοίως
1067 3188 1181 3267 εἶχε
1220 3193 1356 3266 πρὸς
1394 3192 1455 3248 τὸ
1496 3193 1838 3265 ἀρχέτυπον·
1879 3192 2007 3247 ἀδύ-

426 3295 588 3332 νατον
633 3279 741 3351 γάρ
781 3282 911 3351 μίαν
956 3283 1138 3337 είκόνα
1180 3284 1457 3357 διαφόροις
1501 3283 1830 3356 ὁμοιωθῆναι
1874 3301 2010 3357 μορ-

428 3373 589 3440 φαῖς·
643 3373 693 3425 εί
742 3373 853 3445 γάρ
904 3374 1149 3447 διάφοροι
1193 3372 1335 3447 ἦσαν
1372 3377 1428 3430 αἱ
1471 3376 1680 3446 φύσεις,
1718 3377 2009 3449 διαφόρους

428 3461 521 3514 καὶ
551 3461 651 3525 τὰς
672 3463 886 3526 είκόνας
914 3466 1299 3536 ἀνεστήσαντο.

499 3553 711 3623 Γυμνδς
752 3555 811 3608 δὲ
849 3556 955 3609 τῶν
984 3559 1049 3610 ἐκ
1073 3558 1172 3629 τῆς
1214 3557 1427 3627 φύσεως
1459 3557 1637 3612 ὃπλων
1667 3558 1762 3613 καὶ
1794 3575 2007 3628 προκα-

429 3641 727 3713 λυμμάτων
769 3647 797 3698 6
845 3645 1152 3717 ἄνθρωπος,
1195 3648 1256 3701 ού
1300 3649 1495 3720 κέρασι
1534 3649 2003 3721 καθωπλισμένος,

426 3733 528 3786 οῦκ
564 3734 769 3804 ὀνύχων
805 3738 1030 3808 ἀκμαῖς,
1061 3739 1161 3793 οὐκ
1192 3738 1425 3805 ὀδοῦσιν,
1452 3742 1487 3811 ἢ
1528 3741 1735 3813 κέντρῳ
1774 3741 1936 3806 ίὼδει,
1969 3742 2003 3813 ἢ

423 3826 627 3897 τριχῶν
677 3828 958 3901 περιϐολῇ,
1006 3830 1039 3901 ἢ
1084 3832 1382 3902 πτερωτὸς,
1434 3834 1495 3886 οὑ
1540 3835 1840 3904 ταχύπους,
1880 3836 2001 3889 οὐδὲ

425 3918 786 3990 πολύσαρκοςο
818 3922 914 3975 καὶ
936 3924 1107 3976 ταῦτα
1130 3924 1338 3994 μέλλων
1358 3925 1567 3997 ἄρχειν⁹
1590 3926 1809 3991 οἰκείοις
1842 3928 2003 3982 αὑτὸν

423 4006 608 4072 ὅπλοις
667 4011 977 4082 πεφράχθαι
1031 4014 1230 4085 ἐχρῆν
1291 4015 1428 4069 ἀλλά
1480 4016 1738 4081 εἰκότως·
1796 4018 1845 4070 εἰ
1892 4019 2002 4089 γάρ

422 4099 595 4164 οὕτως
638 4096 771 4172 εἶχε,
798 4102 1066 4175 θηριώδης
1093 4122 1177 4169 τις
1203 4105 1271 4160 ἂν
1302 4102 1369 4178 ἦν
1400 4106 1492 4161 καὶ
1528 4108 1877 4181 δυσάντητος,
1908 4112 2002 4164 καὶ¹

421 4191 521 4261 τὴν
547 4192 687 4246 κατά
735 4192 907 4247 ἄλλων
961 4196 1211 4267 παρεῖδεν
1268 4197 1476 4270 ἀρχὴν,
1524 4199 1626 4269 τῆς
1684 4202 2002 4272 συνεργείας

423 4284 647 4337 ἐκείνων
693 4285 767 4355 μὴ
795 4285 1067 4356 δεόμενος.
1096 4287 1213 4341 Νῦν
1240 4288 1296 4341 δὲ
1336 4290 1397 4343 τὸ
1424 4290 1614 4344 δοκοῦν
1656 4291 1870 4355 ἑπιδεὲς
1899 4293 2000 4363 τῆς

422 4374 657 4443 φύσεως,
706 4378 927 4448 ἀφορμὴ
975 4378 1112 4449 πρὸς
1155 4379 1217 4433 τὸ
1258 4384 1480 4451 κρατεῖν
1517 4381 1625 4435 τῶν
1670 4382 1997 4455 ὑποχειρίων

420 4466 559 4519 ιστί.
590 4465 688 4518 Διά
707 4466 862 4520 τοῦτο
883 4470 1011 4539 παρ’
1032 4470 1195 4523 αὑτοῦ
1225 4471 1253 4522 6
1274 4471 1400 4541 βοῦς
1424 4472 1529 4526 ὑπὸ
1555 4472 1720 4543 ζυγὸν
1744 4476 1993 4550 εἰσήχθη,

419 4556 450 4609 6
480 4556 643 4620 ἵππος
672 4557 1045 4630 ὲπεδαμάσθη.
1078 4564 1111 4631 ἡ
1141 4563 1431 4616 ἐπιστασία
1461 4564 1568 4617 τῶν
1594 4566 1879 4637 προϐάτων
1909 4570 1999 4626 διὰ

418 4648 516 4709 τὰς
558 4648 618 4712 ἐξ
643 4648 820 4703 αὐτῶν
867 4652 1251 4723 προσαγωγὰς,
1294 4654 1363 4707 τά
1409 4655 1686 4728 ἀχθοφόρα
1718 4658 1832 4722 ζῶα
1866 4661 1999 4714 ὑπέ-

420 4735 659 4800 ζευκται.
722 4738 779 4791 ’0
823 4739 968 4792 κύων
1005 4741 1094 4793 διὰ
1142 4743 1241 4812 τῆς
1276 4743 1386 4796 τῶν
1424 4744 1652 4799 ὀδόντων
1689 4746 1879 4820 λαϐῆς,
1935 4751 1997 4805 τὸ

420 4826 885 4895 καταγωνίζεσθαί
931 4848 1046 4883 τινα
1092 4833 1330 4905 παρέσχε
1365 4837 1472 4889 τῶν
1506 4836 1691 4902 ζώων·
1746 4845 1993 4912 κεράτων

418 4916 512 4967 καὶ
564 4914 768 4986 ὀνύχων
836 4919 1180 4993 ἰσχυρότερος
1233 4924 1576 4997 ἐπινενόηται
1644 4929 1673 4981 ὀ
1750 4932 1987 5004 σίδηρος.

427 5004 791 5076 Ὕπηρετοῦσι
820 5007 876 5060 δὲ
911 5011 1005 5063 καὶ
1035 5011 1103 5064 τά
1124 5013 1303 5083 ὄρνεα,
1344 5018 1438 5070 καὶ
1470 5018 1531 5071 τὸ
1564 5020 1749 5075 πτίλον
1777 5024 1954 5077 αὐτῶν
1972 5043 1988 5057 ο

416 5094 509 5146 καὶ
540 5100 602 5148 εκ
621 5095 901 5167 δερμάτων
930 5101 1038 5155 τῶν
1069 5102 1222 5167 ζώων
1254 5106 1316 5158 τὸ
1356 5106 1643 5180 εὖτριπτον
1676 5113 1784 5167 τῶν
1816 5116 1992 5170 ποδῶν

415 5187 448 5255 ή
456 5186 571 5256 μῶν
597 5188 909 5261 διετηρήθη.

486 5467 558 5519 T6
592 5467 650 5522 δὲ
692 5469 869 5541 ὄρθιον
898 5473 1079 5544 σχῆμα
1107 5476 1201 5530 τοῦ
1242 5477 1551 5550 ἀνθρώπου,
1592 5484 1684 5536 καὶ
1723 5486 1779 5538 αἱ
1809 5437 1989 5559 χεῖρες

413 5556 508 5625 τῆς
534 5558 690 5623 ἀξίας
718 5560 1019 5615 δεικνύουσι
1048 5564 1146 5637 τὴν
1174 5567 1452 5639 διαφοράν,
1482 5571 1591 5625 τῶν
1616 5573 1789 5626 ἄλλων
1830 5556 1985 5640 ζῶων

1812 334 2158 391 DIALOGUS
2228 333 2319 390 111.

3556 329 3582 383 1
3593 328 3699 383 086

2116 451 2374 522 prodire,
2406 464 2584 518 neque
2610 458 2902 520 antequam
2931 444 3245 519 omnigenis
3272 445 3537 502 refertum
3566 460 3699 513 epu-

2117 543 2186 598 lis
2212 542 2520 597 convivium
2550 550 2925 612 appararetur,
2951 540 3229 595 introduci
3254 538 3691 594 convivatorem.

2188 634 2483 689 I’retiosior
2523 644 2703 688 autem
2743 642 2827 687 est
2858 633 3097 687 humana
3129 641 3326 685 natura
3355 629 3505 683 omni
3538 643 3696 683 crea-

2119 734 2239 780 tura
2260 742 2382 796 qua:
2403 725 2583 780 oculis
2604 723 2870 780 cernitur.
2894 722 3028 778 Nam
3053 731 3249 778 caetera
3272 721 3491 792 quidem
3514 730 3695 775 creata

2118 832 2148 870 a
2180 817 2288 872 Deo
2314 818 2471 887 quasi
2492 833 2558 873 ex
2591 826 2834 886 tempore
2858 814 2999 870 facta
3025 825 3188 879 sunt,
3212 814 3375 870 simul
3397 828 3522 867 cum
3548 827 3697 866 man-

2117 910 2244 964 dato
2272 911 2515 966 exhibita
2541 928 2559 964 :
2588 909 2641 964 in
2674 908 2918 963 hominis
2949 916 3131 961 autem
3165 916 3439 962 structura
3470 904 3694 958 consul-

2118 1002 2251 1056 tatio
2289 1001 2575 1073 praecedit,
2624 1000 2920 1068 omniaque
2965 998 3033 1053 de
3078 1013 3144 1053 eo
3190 996 3345 1067 prius
3385 995 3697 1050 considerat

2116 1094 2294 1147 ratio:
2332 1092 2469 1148 dixit
2490 1091 2639 1147 enim
2671 1090 2813 1146 Deus
2838 1108 2851 1143 :
2880 1088 3175 1143 Faciamus
3207 1090 3468 1142 hominem
3504 1104 3695 1141 secun-

2114 1184 2239 1236 dum
2260 1183 2543 1252 imaginem
2571 1182 2638 1245 ⁸³,
2666 1190 2720 1235 et
2745 1195 2867 1249 quae
2890 1180 2957 1233 de
2982 1196 3047 1234 eo
3067 1189 3374 1249 sequuntur
3397 1196 3412 1245 ;
3443 1186 3505 1233 ut
3530 1179 3694 1233 etiam

2114 1282 2241 1328 ante
2267 1283 2447 1328 ortum
2481 1288 2642 1327 suum
2673 1272 2838 1325 homo
2863 1271 3183 1339 dignitatem
3216 1286 3371 1325 suam
3401 1269 3692 1325 obtineret.

2115 1364 2237 1419 Ideo
2270 1373 2325 1418 et
2362 1364 2645 1419 materiem
2683 1363 2753 1417 de
2785 1377 2894 1432 qua
2933 1363 3288 1427 conderetur,
3345 1362 3694 1432 praeparavit,

2112 1468 2167 1510 et
2202 1457 2270 1509 ad
2308 1456 2473 1525 quale
2508 1455 2787 1524 exemplar
2825 1455 3248 1511 similitudinem
3280 1453 3573 1509 habiturus
3600 1469 3695 1508 es-

2112 1556 2230 1611 set,
2262 1546 2565 1617 perpendit.
2601 1545 2909 1601 Humanam
2945 1545 3115 1615 igitur
3146 1557 3401 1599 naturam
3448 1545 3694 1614 optimus

2112 1636 2311 1693 artifex
2347 1636 2489 1692 Deus
2518 1638 2667 1692 velut
2698 1652 2967 1707 organum
3011 1634 3082 1689 ad
3128 1636 3281 1706 regni
3331 1636 3693 1690 administra-

2114 1728 2319 1783 tionem
2351 1729 2606 1783 idoneum
2636 1726 2962 1793 fabricavit,
2989 1737 3047 1784 et
3079 1729 3277 1783 animae
3314 1725 3610 1797 privilegiis
3638 1735 3694 1779 et

2112 1820 2290 1877 forma
2329 1822 2578 1891 corporis
2615 1820 2867 1876 donavit.
2906 1818 3190 1891 Siquidem
3231 1820 3412 1874 anima
3452 1817 3693 1889 regalem

2113 1912 2454 1982 maiestatem
2488 1912 2759 1976 ostendit,
2795 1910 3002 1967 nullius
3038 1910 3282 1965 dominio
3316 1909 3560 1978 subjecta
3582 1946 3599 1973 ,
3637 1920 3694 1962 et

2110 2006 2346 2076 propriae
2366 2004 2686 2075 potestatis,
2714 2010 2978 2073 tanquam
3004 2003 3190 2074 imago
3220 2002 3346 2068 Dei,
3375 2001 3692 2056 communia

2106 2113 2233 2153 cum
2264 2097 2559 2168 archetypo
2583 2096 2833 2166 quaedam
2866 2096 3106 2161 habens,
3134 2110 3234 2165 pro
3264 2094 3542 2164 regalibus
3572 2094 3693 2164 pal-

2106 2190 2199 2245 liis
2231 2188 2424 2243 induta
2459 2188 2750 2258 splendore
2782 2188 3047 2241 virtutum
3071 2226 3087 2253 ,
3120 2196 3177 2243 et
3204 2202 3329 2242 cum
3361 2186 3576 2256 plebeia
3602 2185 3691 2239 vi-

2108 2282 2262 2337 litate
2296 2280 2434 2335 nihil
2466 2279 2823 2351 participans.

2178 2372 2351 2428 Porro
2386 2388 2493 2427 una
2524 2371 2829 2442 perceptrix
2867 2386 3052 2427 rerum
3090 2369 3331 2424 facultas
3366 2366 3574 2422 homini
3608 2376 3694 2421 est

2108 2465 2275 2520 insita
2300 2502 2317 2529 ,
2352 2462 2616 2518 nimirum
2651 2478 2809 2518 mens
2830 2502 2847 2528 ,
2877 2478 3000 2533 quae
3031 2478 3127 2532 per
3156 2461 3403 2531 singulas
3429 2475 3695 2514 sensuum

2108 2558 2266 2613 sedes
2313 2557 2632 2612 discurrens
2678 2564 2733 2610 et
2774 2570 2861 2610 res
2898 2569 3092 2610 omnes
3131 2554 3586 2625 apprehendens,
3627 2568 3693 2608 ac

2110 2649 2260 2703 velut
2311 2647 2623 2717 exemplum
2665 2654 2721 2700 et
2764 2644 2945 2713 imago
2983 2644 3161 2700 unica
3197 2645 3519 2699 substantia:
3553 2644 3695 2698 divi-

2114 2757 2229 2805 nae,
2252 2741 2532 2794 variarum
2560 2742 2940 2810 operationum
2964 2738 3206 2794 effectrix
3235 2748 3338 2793 est.
3368 2738 3578 2793 Sileant
3597 2738 3692 2807 qui

2109 2832 2312 2887 dicunt
2344 2831 2665 2902 inaequalem
2700 2829 2846 2885 Patri
2882 2829 3082 2886 Filium
3104 2870 3119 2894 ,
3150 2830 3235 2884 vel
3270 2828 3534 2899 Spiritum
3563 2845 3692 2884 san-

2108 2933 2258 2980 ctum
2295 2923 2600 2979 secundum
2628 2921 2995 2977 substantiam
3024 2940 3040 2977 :
3074 2938 3199 2976 nam
3238 2922 3335 2991 qui
3364 2921 3541 2983 dixit,
3575 2918 3690 2973 Fa-

2110 3019 2338 3081 ciamus,
2359 3016 2522 3085 idque
2550 3014 2747 3083 plurali
2777 3014 3204 3085 significatione,
3233 3022 3480 3068 sanctam
3502 3010 3690 3065 Trini-

2111 3116 2280 3162 tatem
2304 3104 2593 3161 manifeste
2618 3105 2853 3160 ostendit
2880 3122 2895 3173 ;
2926 3120 3100 3175 neque
3130 3104 3387 3174 imaginis
3413 3103 3687 3173 singulari

2112 3212 2344 3254 numero
2386 3197 2715 3250 mentionem
2749 3195 3000 3260 fecisset,
3031 3195 3078 3249 si
3109 3194 3176 3249 ad
3205 3196 3562 3267 archetypum
3608 3195 3693 3247 in-

2109 3290 2337 3363 aequalis
2360 3287 2556 3345 fuisset
2580 3306 2594 3343 :
2628 3289 2820 3360 nequit
2849 3288 2995 3344 enim
3021 3287 3138 3341 fieri
3172 3297 3229 3340 nt
3258 3288 3440 3357 imago
3468 3302 3576 3341 una
3604 3286 3691 3342 di-

2107 3384 2283 3440 versis
2321 3382 2517 3437 formis
2546 3382 2915 3452 respondeat;
2954 3397 3080 3435 nam
3116 3381 3163 3436 si
3192 3381 3423 3436 diversae
3456 3380 3693 3436 fuissent

2106 3484 2343 3541 natum,
2363 3473 2611 3529 diversas
2629 3473 2793 3527 etiam
2824 3471 3088 3541 imagines
3113 3471 3506 3526 condidissent.

2176 3565 2370 3622 Nudus
2407 3575 2629 3632 autem,
2662 3573 2719 3620 et
2750 3580 2781 3618 a
2816 3572 3025 3618 natura:
3059 3563 3231 3619 armis
3266 3579 3332 3618 ac
3368 3564 3695 3617 munitioni-

2106 3657 2212 3714 bus
2249 3657 2543 3713 destitulus
2580 3665 2665 3712 est
2702 3656 2901 3723 homo,
2950 3671 3058 3709 non
3096 3655 3360 3710 cornibus
3399 3666 3690 3721 armatus,

2108 3767 2219 3806 uon
2259 3750 2525 3821 unguium
2560 3748 2679 3804 acie
2702 3789 2719 3816 ,
2754 3765 2863 3804 non
2895 3748 3154 3806 dentibus
3181 3758 3276 3803 aut
3310 3751 3500 3805 aculeo
3531 3767 3691 3806 vene-

2107 3853 2239 3897 nato
2261 3882 2279 3907 ,
2312 3842 2466 3897 nullo
2504 3841 2741 3911 pilorum
2773 3842 3144 3911 operimento,
3181 3858 3289 3897 non
3326 3842 3504 3897 alatus
3528 3883 3545 3911 ,
3579 3858 3687 3897 non

2103 3935 2333 4004 pedibus
2374 3934 2543 3998 celer,
2581 3947 2762 4003 neque
2791 3946 3100 3988 carnosus:
3137 3940 3196 3986 at
3227 3948 3361 3988 vero
3398 3933 3550 3987 illum
3584 3934 3682 4003 qui

2104 4027 2477 4097 imperaturus
2528 4033 2678 4089 erat,
2732 4025 2974 4095 propriis
3015 4028 3186 4081 armis
3234 4026 3524 4096 oportebat
3566 4040 3691 4080 esse

2102 4119 2433 4174 instructum
2459 4134 2476 4186 ;
2506 4132 2697 4172 verum
2733 4131 2847 4169 non
2879 4116 2978 4172 abs
3008 4132 3068 4171 re
3101 4117 3262 4172 aliter
3294 4132 3381 4172 res
3412 4117 3595 4171 habet.
3628 4114 3687 4170 Si

2100 4214 2247 4268 enim
2280 4211 2361 4266 sic
2393 4216 2743 4279 comparatus
2783 4207 2962 4271 foret,
3000 4207 3212 4265 ferinus
3248 4208 3449 4278 aliquis
3488 4216 3543 4262 et
3581 4221 3683 4262 oc-

2100 4317 2268 4359 cursu
2301 4300 2561 4355 terribilis
2593 4307 2776 4362 esset,
2813 4300 3163 4370 aliorumque
3189 4299 3489 4371 negligeret
3515 4300 3682 4369 impe-

2099 4393 2284 4458 rium,
2319 4392 2537 4446 illorum
2567 4390 2837 4460 adiutrice
2871 4404 3035 4459 opera
3075 4406 3182 4444 non
3213 4390 3486 4459 indigens.
3529 4387 3686 4444 Nunc

2107 4494 2290 4539 autem
2328 4483 2380 4538 id
2412 4482 2559 4552 quod
2595 4482 2810 4537 videtur
2848 4481 3038 4536 deesse
3073 4490 3317 4545 naturae,
3357 4481 3575 4536 occasio
3602 4492 3688 4535 est

2106 4575 2177 4629 ad
2202 4572 2598 4643 capessendum
2623 4572 2678 4625 in
2700 4570 2949 4640 subjecta
2976 4570 3290 4641 imperium.
3322 4569 3447 4626 Ideo
3474 4573 3542 4626 ab
3569 4573 3688 4641 ipso

2106 4666 2205 4720 bos
2236 4667 2367 4734 iugo
2399 4663 2659 4718 subactus
2680 4674 2794 4727 est,
2817 4678 2993 4731 equus
3025 4662 3304 4727 domitus,
3334 4663 3522 4715 ovium
3555 4678 3686 4716 cura

2103 4756 2284 4810 habita
2316 4765 2535 4824 propter
2568 4764 2863 4823 proventus
2895 4752 2991 4822 qui
3020 4767 3088 4806 ex
3119 4754 3254 4821 ipsis
3286 4754 3685 4822 percipiuntur,

2100 4848 2358 4901 animalia
2387 4844 2624 4914 denique
2664 4844 2977 4913 hajulandis
3012 4844 3278 4899 oneribus
3319 4845 3516 4898 idonea
3550 4844 3686 4914 jugo

2098 4942 2321 4995 subacta
2349 4947 2496 4993 sunt.
2534 4937 2701 4992 Canis
2741 4938 2809 4991 ad
2850 4936 3101 5007 quaedam
3143 4937 3408 4991 animalia
3438 4938 3682 4992 dentium

2099 5028 2535 5102 apprehensione
2581 5027 2877 5082 obtinenda
2925 5028 3088 5082 datus
3130 5036 3256 5081 est:
3325 5029 3585 5083 cornibus
3628 5040 3683 5082 et

2102 5122 2374 5192 unguibus
2403 5118 2602 5173 fortius
2639 5118 2900 5187 quiddam
2933 5118 3305 5187 excogitatum
3337 5127 3423 5174 est
3451 5118 3678 5173 ferrum.

2098 5212 2407 5268 lnserviunt
2434 5211 2562 5265 item
2594 5224 2724 5263 aves
2752 5218 2806 5262 et
2837 5224 3029 5277 penna:
3061 5210 3307 5279 ipsarum
3337 5226 3353 5277 ;
3387 5219 3443 5264 et
3474 5227 3539 5264 ex
3569 5214 3684 5266 ani-

2098 5304 2322 5359 malium
2359 5302 2592 5372 pellibus
2629 5308 2862 5355 consuto
2896 5301 3081 5355 calceo
3114 5302 3312 5371 pedum
3347 5311 3673 5356 nostrorum

2099 5394 2371 5450 teneritati
2405 5392 2731 5448 consulitur.

2166 5487 2333 5542 Recta
2371 5487 2534 5541 etiam
2571 5485 2811 5540 hominis
2839 5484 3042 5553 facies,
3072 5484 3128 5541 et
3158 5502 3356 5543 manus
3383 5485 3670 5557 dignitatis

2092 5580 2467 5651 praestantiam
2534 5577 2832 5633 ostendunt
2894 5595 3007 5650 prae
3065 5581 3274 5635 caeteris
3339 5579 3673 5635 animalibus

412 5642 865 5712 ¢mxum6vrwv,
934 5652 1099 5716 πόδας
1158 5655 1390 5724 ἐχόντων
1459 5659 1596 5713 κατά
1668 5661 1972 5734 ἔμπροσθεν

2108 5644 2334 5727 leorsutn
2368 5669 2745 5740 spectantibus
2766 5711 2780 5736 ,
2811 5642 2932 5741 qua:
2963 5672 3127 5742 pedes
3171 5673 3371 5728 habent
3405 5673 3575 5729 vti...
3601 5674 3680 5732 at!

487 5828 533 5863 ⁸⁸
576 5831 711 5888 Gen.
759 5836 931 5898 1.9.6..
