4112 6380
492 361 629 419 1087

485 485 762 537 anteriora
793 482 1031 538 membra
1053 519 1068 548 ,
1101 492 1387 554 propterea
1412 482 1560 552 quod
1592 481 1769 537 fulcro
1797 481 1886 534 illa
1919 479 2062 532 indi-

485 579 693 638 gerent.
731 569 1104 640 Cooperantur
1142 581 1323 624 autem
1367 583 1561 625 manus
1600 569 1668 623 ad
1707 581 1924 639 omnem
1966 581 2062 620 ne-

486 659 800 713 cessitatem
839 668 946 712 tam
981 659 1123 713 bello
1156 675 1319 728 quam
1349 674 1480 728 pace
1506 700 1522 724 ,
1549 667 1604 714 et
1633 659 1688 713 in
1719 672 1820 712 usu
1852 671 2063 712 sermo-

488 745 574 796 nis
603 755 656 798 et
687 745 740 798 in
773 746 1077 800 scribendis
1113 745 1330 800 litteris.
1367 746 1704 815 Adaptamus
1724 744 1871 798 enim
1895 757 2060 798 voces

486 837 650 890 etiam
686 851 782 906 per
807 838 1048 907 ipsarum
1085 838 1313 909 ﬁguram
1340 879 1356 902 ,
1395 838 1468 891 ita
1500 845 1558 890 ut
1589 837 1872 906 proprium
1900 835 2062 906 quid-

489 928 614 982 dam
646 931 926 984 rationalis
964 939 1173 984 natura:
1210 943 1408 983 manus
1444 929 1574 983 sint.
1610 927 1765 994 Quod
1806 926 1854 982 si
1892 925 2061 980 mani-

490 1021 592 1075 bus
620 1021 784 1074 homo
810 1031 1053 1087 careret,
1083 1022 1149 1076 ad
1175 1021 1587 1075 similitudinem
1614 1017 2024 1089 quadrupedum
2043 1057 2061 1081 ,

489 1114 556 1168 ad
593 1114 644 1168 id
683 1114 870 1184 utique
900 1122 1218 1183 comparata
1275 1112 1442 1168 iacies
1490 1121 1638 1168 esset
1683 1118 1907 1181 propter
1954 1110 2060 1165 cibi

490 1205 907 1268 necessitatem,
960 1215 1021 1259 ut
1073 1205 1140 1259 ad
1192 1206 1374 1260 cibum
1429 1204 1834 1267 extenderetur,
1897 1201 2060 1258 simul

487 1295 658 1349 exiles
683 1295 862 1350 forent
891 1311 1050 1350 nares
1075 1314 1088 1359 ;
1117 1296 1259 1351 unde
1281 1297 1590 1352 necessario
1613 1304 2057 1366 consequeretur,

487 1396 550 1441 ut
581 1389 920 1458 peregrinam
949 1403 1167 1458 quoque
1199 1403 1386 1444 vocem
1419 1389 1661 1443 haberet.

561 1476 892 1548 Organicum
925 1488 1106 1534 autem
1137 1480 1204 1534 ad
1237 1480 1473 1554 rationis
1500 1495 1662 1535 usum
1698 1488 1944 1548 paratum
1979 1486 2064 1533 est

491 1587 714 1640 corpus.
756 1571 1210 1642 Quandoquidem
1243 1573 1390 1626 enim
1436 1572 1768 1626 intellecti-lis
1809 1571 2059 1642 quaedam

491 1671 546 1714 et
570 1662 894 1729 incorporea
929 1678 1016 1718 res
1045 1679 1201 1718 mens
1251 1671 1371 1727 est,
1409 1663 1500 1718 tali
1535 1678 1675 1732 opus
1725 1663 1914 1717 habuit
1945 1664 2064 1732 opi-

494 1751 618 1805 lirio
638 1791 653 1813 ,
691 1760 752 1806 ut
781 1765 876 1821 per
906 1753 1144 1823 aliquam
1174 1753 1521 1809 artificiosam
1555 1754 1825 1808 rationem
1858 1758 2066 1806 motum

495 1845 657 1892 suum
692 1842 1102 1908 manil'estaret,
1155 1843 1330 1898 instar
1382 1843 1572 1913 plectri
1623 1843 1838 1897 vocales
1886 1852 2069 1912 partes

493 1937 744 1999 tangens.
782 1929 982 2000 Duplex
1017 1946 1199 1987 autem
1240 1943 1324 1988 est
1360 1935 1526 2003 lmjus
1566 1934 1757 2005 organi
1805 1932 2065 1998 effectus,

492 2021 632 2074 alius
660 2022 878 2090 quidem
912 2025 1031 2077 soni
1056 2064 1072 2088 ,
1105 2025 1246 2080 alius
1279 2040 1407 2080 vero
1437 2025 1679 2080 auditus.
1722 2024 1787 2080 Et
1818 2025 1906 2080 ille
1937 2025 2064 2095 qui-I-

491 2113 614 2167 dem
651 2127 865 2183 semper
894 2115 1099 2184 aliquid
1133 2117 1366 2184 emittit,
1397 2117 1620 2172 auditus
1655 2125 1837 2172 autem
1867 2132 2064 2186 perpe-

490 2212 587 2258 tuo
617 2206 826 2275 recipit.
867 2205 1072 2275 Estque
1097 2206 1322 2276 dignum
1357 2206 1716 2262 admiratione
1737 2246 1753 2271 ,
1787 2208 2064 2278 quomodo

489 2294 743 2350 confusio
767 2296 914 2351 nulla
941 2297 1034 2351 fiat
1057 2313 1150 2365 per
1171 2313 1270 2353 eos
1296 2299 1388 2367 qui
1415 2313 1512 2368 per
1538 2298 1715 2368 ipsum
1742 2300 2065 2370 ingeruntur

491 2401 772 2444 sermones
807 2398 862 2444 et
898 2390 1276 2461 cogitationes.
1317 2391 1376 2445 Id
1410 2392 1556 2461 quod
1587 2393 1752 2446 etiam
1785 2393 1841 2446 in
1870 2394 2063 2449 oculo-

489 2495 610 2532 rum
650 2480 968 2538 efIicacitate
1017 2484 1195 2539 locum
1246 2485 1430 2540 habet.
1474 2482 1613 2538 Nam
1648 2497 1745 2555 per
1777 2486 1877 2539 hos
1908 2501 2065 2542 mens

487 2587 552 2625 ea
581 2588 700 2642 qlia!
726 2585 855 2628 sunt
883 2583 1037 2630 extra
1065 2591 1266 2647 corpus
1293 2577 1652 2647 apprehendit
1677 2597 1694 2633 :
1724 2580 2068 2650 unumquod-

489 2663 621 2718 libet
667 2675 848 2721 autem
899 2683 1091 2723 eorum
1141 2685 1264 2738 quae
1313 2671 1460 2726 intro
1499 2671 1863 2740 recipiuntur,
1907 2653 2063 2730 mens

487 2757 840 2821 etaminans,
883 2761 1341 2818 convenientibus
1379 2764 1709 2834 cognitionis
1737 2765 1876 2820 locis
1906 2781 2064 2835 repo-

488 2849 600 2912 nit,
639 2851 930 2920 aliquoties
966 2862 1033 2906 ex
1066 2851 1303 2911 diversis
1338 2869 1602 2911 sensuum
1643 2858 1867 2912 sedibus
1900 2873 2064 2912 uuam

486 2942 856 3010 cognitionem
901 2945 1191 3009 excitans,
1244 2955 1549 3017 rursusque
1595 2961 1664 3003 ex
1713 2963 1823 3003 uno
1881 2948 2066 3020 aliquo

489 3047 656 3086 sensu
689 3034 839 3088 varia
870 3036 1176 3105 percipiens
1203 3055 1219 3104 ;
1248 3051 1373 3092 nam
1407 3038 1455 3093 si
1488 3041 1614 3108 quis
1654 3039 1930 3095 audiverit
1967 3054 2067 3096 no-

491 3139 616 3178 tuen
643 3125 819 3180 mellis
837 3165 854 3191 ,
880 3126 1044 3196 idque
1069 3128 1268 3182 viderit
1288 3169 1302 3194 ,
1329 3129 1685 3200 olfeceritque
1747 3140 1803 3186 et
1829 3133 2070 3202 tetigerit

491 3225 657 3284 atque
680 3217 1008 3287 gustaverit,
1033 3233 1146 3272 rem
1175 3229 1338 3273 unam
1365 3235 1464 3290 per
1488 3222 1774 3278 universas
1802 3237 2064 3280 sensuum

493 3307 780 3364 facultates
810 3309 1082 3378 cognovit.
1121 3307 1316 3366 Varias
1354 3327 1484 3368 vero
1513 3327 1679 3370 voces
1709 3329 1809 3385 per
1841 3317 2064 3371 unicum

498 3399 743 3453 auditum
779 3401 1043 3470 percipit,
1077 3409 1132 3456 et
1167 3417 1262 3471 per
1291 3403 1466 3458 visum
1502 3404 1701 3461 diversi
1732 3407 1950 3476 generis
1979 3421 2066 3463 res

491 3491 842 3557 considerat,
869 3493 1121 3549 videlicet
1152 3495 1334 3549 album
1367 3504 1423 3550 et
1449 3495 1664 3565 nigrum
1686 3539 1701 3564 ,
1735 3507 1792 3553 et
1824 3497 2060 3555 fuscum.

559 3621 720 3677 Aliud
750 3637 880 3677 vero
919 3623 1176 3694 quiddam
1205 3639 1369 3693 quam
1403 3635 1600 3681 sensds
1646 3643 1801 3683 mens
1835 3637 1960 3684 est:
2017 3628 2066 3685 si

491 3715 637 3768 enim
669 3713 812 3769 idem
847 3723 1013 3778 esset,
1049 3730 1175 3770 cum
1214 3731 1326 3770 uno
1354 3716 1540 3787 aliquo
1569 3718 1812 3786 ipsorum
1840 3719 2067 3775 haberet

492 3805 894 3876 cognationem,
935 3823 1059 3862 cum
1094 3808 1326 3878 simplex
1353 3809 1458 3874 sit;
1489 3825 1636 3864 nunc
1658 3820 1841 3865 autem
1881 3811 1936 3866 in
1969 3827 2064 3868 va-

492 3895 604 3950 rios
641 3912 837 3953 sensus
873 3913 1060 3967 sparsa
1092 3905 1197 3963 est,
1230 3908 1283 3953 et
1311 3915 1408 3969 per
1434 3916 1605 3955 unum
1633 3899 1932 3971 quemlibet
1961 3903 2066 3959 eili-

490 3986 692 4040 cacitcr
724 3987 856 4057 agit,
899 3988 953 4042 in
979 3988 1185 4042 unitate
1217 3990 1432 4043 varium
1468 3991 1728 4060 quiddam
1769 3992 2062 4060 exsistens,

490 4088 546 4132 et
582 4080 636 4133 in
667 4080 930 4135 varietate
954 4097 1146 4135 unum.
1181 4079 1308 4136 Ideo
1338 4084 1703 4152 cognitionem
1736 4083 1923 4157 eﬂugit
1944 4087 2064 4156 ejus

492 4180 708 4234 natura,
747 4179 802 4226 et
846 4187 907 4226 ea
945 4173 1062 4242 ipsa
1104 4188 1162 4227 re
1187 4173 1332 4242 quod
1379 4175 1635 4245 cognosci
1684 4189 1935 4246 nequeat,
1980 4178 2065 4233 in-

490 4263 1036 4328 comprehensibilem
1072 4264 1221 4319 illam
1255 4275 1504 4321 naturam
1537 4266 1658 4336 ejus
1688 4275 2062 4336 repraesentat,

491 4354 586 4423 qui
613 4369 730 4407 eam
765 4353 1064 4408 secundum
1097 4354 1387 4423 imaginem
1425 4355 1701 4424 propriam
1737 4353 1884 4410 fecit.

564 4443 629 4499 Et
657 4442 1098 4514 quandoquidem
1135 4445 1283 4499 velut
1328 4445 1755 4501 instrumentum
1787 4447 2061 4517 quoddam

493 4536 766 4591 musicum
816 4550 1018 4605 corpus
1066 4535 1266 4591 factum
1299 4546 1414 4602 est;
1462 4538 1922 4607 quemadmodum
1973 4555 2065 4594 ca-

491 4628 654 4683 nendi
683 4627 890 4697 peritus
934 4627 1126 4682 vitiato
1160 4627 1525 4683 instrumento
1562 4646 1724 4706 suaml
1751 4639 1921 4685 artem
1970 4633 2063 4686 de-

490 4736 796 4780 monstrare
833 4725 1058 4794 nequit:
1093 4724 1167 4779 ita
1203 4734 1258 4780 et
1293 4742 1449 4782 mens
1486 4743 1584 4797 per
1625 4727 1939 4784 universum
1975 4747 2065 4786 οι·-

492 4832 691 4886 ganum
723 4816 1004 4886 vagando,
1040 4832 1136 4886 per
1161 4830 1562 4873 consentaneas
1593 4821 1694 4874 sibi
1720 4820 2066 4877 eﬂicacitates

491 4909 948 4978 unumquodlibet
997 4910 1368 4965 membrorum
1400 4913 1694 4982 attingens,
1740 4913 1793 4966 in
1839 4913 1906 4969 iis
1939 4914 2065 4982 quia

491 5003 611 5055 dein
644 5001 737 5071 qui
763 5000 1087 5055 naturaliter
1117 5001 1294 5056 affecti
1319 5011 1466 5064 sunt,
1500 5003 1782 5072 proprium
1814 5003 2063 5072 eﬂ‘ectum

493 5091 676 5156 habet,
714 5093 767 5144 in
811 5091 1047 5146 infirmis
1076 5101 1257 5145 autem
1302 5091 1550 5146 inefﬁcax
1591 5101 1715 5146 est:
1766 5107 1876 5146 non
1921 5093 2063 5148 enim

492 5192 697 5252 partem
726 5183 947 5253 quidem
988 5183 1231 5253 attingit,
1260 5193 1465 5254 partem
1503 5199 1631 5239 vero
1662 5184 1886 5240 deserit.

562 5295 1033 5362 Quemadmodum
1061 5296 1188 5352 item
1214 5312 1371 5352 mens
1400 5308 1627 5354 ornatur
1659 5299 2066 5371 pulchritudine

495 5389 655 5460 primi
677 5389 1010 5459 exemplaris
1036 5389 1226 5455 divini,
1252 5390 1416 5444 veluti
1435 5390 1550 5458 ejus
1568 5391 1888 5446 charactere
1914 5393 2064 5447 exal-

492 5491 641 5536 tala:
672 5480 754 5536 sic
793 5489 848 5536 et
879 5490 1075 5535 natura
1114 5496 1145 5534 a
1189 5493 1372 5537 mente
1407 5482 1787 5538 administrata
1814 5493 2062 5547 ornatur,

493 5574 913 5643 cuntineturque
945 5587 1139 5628 rursus
1166 5575 1236 5627 ab
1262 5574 1365 5629 hac
1393 5574 1667 5628 crassities
1703 5584 1905 5630 nostrae
1928 5575 2060 5629 sub-

495 5665 728 5728 stantiae,
749 5665 891 5719 circa
913 5680 1076 5734 quam
1102 5667 1346 5720 cernitur
1371 5676 1585 5721 natura.
1613 5665 1682 5721 Ut
1703 5679 1882 5722 autem
1909 5683 2064 5722 mens

494 5759 736 5811 virorum
770 5757 1112 5811 deformitate
1141 5758 1434 5812 obscurata
1479 5757 1716 5812 divinam
1758 5758 2064 5827 pulchritu-

502 5849 577 5905 dit
597 5864 682 5904 em
716 5864 822 5904 non
858 5848 1113 5912 admittit,
1146 5849 1250 5904 nisi
1287 5859 1572 5920 repurgata
1601 5849 1806 5908 fuerit:
1834 5851 1906 5907 ita
1929 5867 2063 5924 quo-

1567 360 1628 416 S.
1667 350 1965 415 CAESAR“
2003 352 2335 412 GREGORH
2375 349 2679 408 FRATRIS

3611 337 3636 390 l
3647 334 3762 390 088

2166 476 2336 542 κῶλα,
2383 474 2472 528 διὰ
2517 473 2573 526 δὲ
2614 471 2677 524 τὸ
2716 467 2922 523 δεῖσθαι
2966 463 3062 518 τοῦ
3106 460 3502 533 ὑπερείδοντος.
3552 457 3764 528 Συνερ.

2168 566 2325 634 γοῦσι
2357 564 2414 618 δὲ
2455 564 2513 618 αἱ
2542 564 2724 632 χεῖρες
2754 558 2894 612 κατὰ
2927 556 3108 609 πᾶσαν
3149 552 3337 624 χρείαν
3376 549 3469 602 ἐπὶ
3513 547 3762 617 πόλεμον

2167 658 2260 711 καὶ
2310 655 2554 725 εἰρήνην,
2605 651 2699 705 καὶ
2741 652 2808 720 τῇ
2851 646 2944 700 τοῦ
2991 646 3150 714 λόγου
3195 642 3377 714 χρείᾳ,
3413 641 3510 694 καὶ
3542 641 3600 692 ἐν
3635 640 3760 701 τοῖς

2166 748 2512 818 γράμμασιν.
2559 741 2962 814 Ἐναρμόζομεν
3005 737 3114 809 γὰρ
3158 736 3256 799 τὰς
3287 732 3470 803 φωνὰς
3515 730 3613 784 καὶ
3661 729 3761 783 διὰ

2164 838 2259 890 τοῦ
2289 833 2635 908 χαρακτῆρος
2675 829 2878 894 αὐτῶν,
2909 829 3050 882 ὥστε
3094 826 3191 878 καὶ
3226 824 3360 877 ἴδιον
3391 822 3488 891 τῆς
3524 818 3760 889 λογικῆς

2166 929 2381 1000 φύσεως
2413 927 2470 980 αἰ
2503 924 2684 997 χεῖρές
2715 923 2871 976 εἰσιν.
2905 920 2970 974 Εἰ
3009 919 3064 972 δὲ
3095 917 3316 988 ήμοίρει
3343 913 3452 967 τῶν
3482 910 3684 984 χειρῶν
3722 910 3764 961 6

2164 1019 2470 1090 ἄνθρωπος,
2525 1016 2646 1070 καθ’
2697 1013 2993 1085 ὁμοιότητα
3039 1009 3148 1062 τῶν
3201 1005 3546 1077 τετραπόδων
3590 1018 3762 1055 κατε-

2167 1108 2439 1177 σκευάσθη
2464 1107 2530 1162 ἂν
2553 1107 2613 1160 τὸ
2639 1108 2930 1179 πρόσωπον
2950 1102 3038 1156 διὰ
3063 1101 3163 1168 τὴν
3191 1099 3290 1168 τῆς
3306 1098 3514 1168 τροφῆς
3535 1093 3758 1166 χρείαν,

2165 1201 2240 1265 ὡς
2275 1201 2538 1272 προμήκη
2567 1199 2669 1269 τὴν
2710 1195 2922 1268 μορφὴν
2965 1189 3126 1256 εἶναι,
3167 1190 3262 1244 καί⁵
3303 1189 3430 1251 τοὺς
3467 1186 3762 1257 μυκτῆρας

2164 1290 2632 1346 ἀπολεπτύνεσθαι
2653 1305 2666 1319 ο
2701 1289 2778 1352 ὡς
2805 1286 3117 1354 ἐπάναγκες
3146 1277 3286 1335 εἶναι
3313 1280 3410 1334 καὶ
3436 1277 3536 1350 τὴν
3566 1275 3764 1347 φωνὴν

2167 1384 2453 1438 ἀλλόκοτον
2491 1382 2659 1453 ἔχειν.

2251 1473 2572 1544 Ὀργανικὺν
2615 1467 3136 1546 δεκατεσκευάσθη
3169 1465 3232 1519 τδ
3277 1462 3437 1533 σῶμα
3477 1458 3613 1531 πρὸς
3651 1455 3762 1526 τὴν

2165 1563 2259 1617 τοῦ
2288 1564 2446 1634 λόγου
2482 1563 2689 1634 χρείαν.
2732 1561 2886 1615 Ἐπεὶ
2926 1561 3113 1632 νοερόν
3141 1575 3193 1611 τι
3225 1555 3438 1628 χρῆμα,
3477 1550 3574 1608 καὶ
3597 1549 3759 1605 ἀσώ-

2169 1655 2337 1724 ματόν
2386 1655 2533 1709 ἐστιν
2579 1657 2609 1708 6
2657 1653 2818 1719 νοῦς,
2870 1653 2972 1724 τῆς
3024 1649 3279 1720 τοιαύτης
3326 1646 3518 1719 ἐδεήθη
3572 1661 3760 1698 κατα-

2167 1744 2389 1816 σκευῆς,
2439 1745 2528 1798 ῖνα
2577 1743 2669 1797 διά
2737 1759 2883 1806 τινος
2909 1743 3152 1805 ἐπινοίας
3200 1738 3298 1810 τὴν
3323 1737 3538 1808 κίνησιν
3579 1734 3760 1790 αὐτοῦ

2166 1838 2426 1906 φανεροῖ,
2478 1835 2758 1906 πλήκτρου
2803 1834 2960 1904 δίκην
3012 1832 3120 1887 τῶν
3163 1829 3484 1901 φωνητικῶν
3542 1826 3754 1898 μορίων

2163 1925 2488 1995 ἁπτόμενος.
2521 1925 2694 1994 Διπλῆ
2725 1925 2781 1977 δὲ
2821 1926 2951 1995 περὶ
2982 1923 3042 1976 τὺ
3067 1922 3300 1994 ὄργανον
3329 1922 3364 1991 ἡ
3397 1918 3648 1990 ἐνέργεια
3667 1933 3683 1948 ·
3712 1919 3754 1988 ἠ

2173 2013 2270 2084 μὲν
2295 2014 2585 2086 ήχαστική,
2625 2015 2659 2084 ἡ
2689 2015 2746 2068 δὲ
2782 2014 3078 2084 ἀκουστική
3102 2031 3117 2044 ·
3163 2015 3196 2084 ή
3234 2012 3333 2082 μὲν
3389 2009 3473 2064 άεί
3515 2027 3572 2064 τι
3609 2026 3753 2079 προ-

2172 2105 2329 2168 ίεται,
2360 2105 2471 2177 ήδέ
2497 2105 2634 2178 ἀκοὴ
2673 2106 2936 2177 δεχομένη
2957 2104 3243 2175 διηνεκῶς,
3281 2104 3375 2158 καὶ
3407 2102 3591 2173 θαῦμα
3631 2102 3757 2164 πῶς

2167 2194 2429 2267 σύγχυσις
2456 2197 2516 2250 ού
2545 2196 2754 2265 γίνεται
2795 2196 2887 2250 ἐπὶ
2929 2197 3044 2259 τοῖς
3074 2195 3144 2248 δι’
3175 2195 3346 2265 αὐτῆς
3377 2192 3756 2263 εἰσαγομένας

2163 2286 2347 2355 λόγοις
2375 2304 2433 2339 τε
2465 2288 2560 2341 καὶ
2592 2272 2846 2358 νοήμασι.
2877 2286 3049 2340 Τοῦτο
3077 2286 3173 2340 καὶ
3199 2287 3292 2340 ἐπὶ
3316 2286 3416 2356 τῆς
3443 2285 3554 2339 τῶν
3573 2285 3754 2354 ὖψεων

2163 2375 2440 2446 ἐνεργείας
2484 2376 2713 2445 γίνεται.
2759 2375 2871 2429 Καὶ
2917 2375 3008 2429 διὰ
3049 2375 3254 2430 τούτων
3289 2375 3399 2446 γὰρ
3426 2375 3456 2427 6
3488 2373 3610 2438 νοῦς
3639 2373 3753 2426 τῶν

2164 2464 2266 2529 ἐξω
2285 2463 2380 2518 τοῦ
2414 2463 2664 2535 σώματος
2683 2463 3066 2535 ἐπιδράσσεται
3085 2480 3100 2494 ·
3129 2464 3362 2517 ἕκαστον
3391 2462 3450 2515 δέ
3488 2461 3598 2514 τῶν
3628 2463 3753 2515 εἰσ-

2163 2554 2446 2625 αγομένων
2493 2557 2522 2609 6
2571 2555 2695 2618 νοῦς
2743 2553 3010 2619 ἐξετάζων
3053 2555 3168 2616 τοῖς
3230 2550 3587 2624 καταλλήλοις
3649 2553 3750 2622 τῆς

2162 2645 2417 2713 γνώσεως
2443 2645 2630 2707 τόποις
2662 2642 3064 2702 ἐναποτίθεται,
3100 2641 3360 2704 πολλάκις
3385 2642 3452 2694 ἐκ
3478 2641 3754 2711 διαφόρων

2162 2736 2532 2810 αἰσθητηρίων
2578 2735 2706 2806 μίαν
2735 2735 2939 2805 γνῶσιν
2981 2735 3348 2806 συνεγείρων·
3391 2733 3557 2788 πάλιν
3595 2731 3640 2787 δ’
3684 2735 3754 2788 ἐκ

2167 2831 2297 2902 μιᾶς
2325 2829 2434 2883 τῶν
2465 2827 2770 2900 αἰσθήσεσιν
2817 2828 3035 2882 ποικίλα
3067 2825 3504 2897 καταλαμϐάνων
3527 2843 3543 2860 ·
3585 2824 3755 2879 ἀκού-

2166 2937 2265 2984 σας
2288 2920 2398 2990 γάρ
2419 2937 2505 2983 τις
2522 2919 2617 2974 τοῦ
2643 2920 2906 2990 ὀνόματος
2924 2919 3018 2972 τοῦ
3045 2918 3282 2989 μέλιτος,
3312 2918 3409 2971 καὶ
3438 2915 3564 2971 ἰδὼν
3592 2915 3754 2981 αὐτὸ,

2167 3010 2262 3064 καὶ
2293 3009 2641 3082 όσφρανθεὶς,
2684 3009 2778 3063 καὶ
2815 3009 3112 3079 ἁψάμενος,
3156 3010 3249 3063 καὶ
3291 3008 3645 3080 γευσάμενος,
3691 3007 3753 3059 ἓν

2165 3103 2398 3173 πρᾶγμα
2436 3103 2502 3155 δι’
2529 3101 2667 3155 ὅλων
2709 3099 2816 3154 τῶν
2854 3100 3223 3172 αἰσθητηρίων
3250 3099 3533 3170 ἐγνώρισε.
3563 3099 3754 3152 Ποικί-

2164 3193 2261 3258 λας
2293 3193 2350 3246 δὲ
2377 3192 2562 3263 φωνὰς
2599 3193 2687 3247 διὰ
2729 3195 2859 3264 μιᾶς
2889 3193 2992 3263 τῆς
3036 3183 3206 3263 ἀκοῆς
3243 3192 3457 3260 ἐπέγνω
3477 3207 3494 3222 ·
3535 3191 3630 3245 καὶ
3659 3190 3754 3244 διὰ

2163 3285 2264 3356 τῆς
2298 3286 2543 3356 ὁράσεως
2581 3284 2915 3357 ἑτερογενῶν
2964 3283 3198 3357 θεωρίας
3233 3281 3521 3349 κατέλαϐε,
3547 3279 3752 3336 λευκοῦ

2165 3391 2227 3426 τε
2256 3374 2352 3428 καὶ
2388 3360 2640 3446 μέλανος,
2669 3374 2764 3429 καὶ
2797 3373 2980 3445 φαιοῦ.

2239 3619 2402 3674 ’Άλλο
2432 3619 2490 3674 δὲ
2527 3619 2681 3692 παρὰ
2716 3618 2818 3685 τὰς
2850 3619 3135 3691 αἰσθήσεις
3165 3619 3364 3674 ἐστινὸ
3383 3615 3540 3683 νοῦς·
3561 3613 3612 3673 εἰ
3633 3618 3752 3689 γάρ

2164 3712 2364 3766 ταύτὸν
2394 3708 2462 3783 ἦν
2517 3715 2584 3784 τῇ
2633 3711 2903 3783 αἰσθήσει,
2950 3712 3087 3784 πρὸς
3129 3710 3258 3783 μίαν
3302 3709 3482 3764 αὐτῶν
3522 3707 3632 3780 ἔχοι
3678 3709 3752 3763 ἂν

2164 3806 2494 3873 οἰκειότητα,
2526 3802 2732 3867 ἁπλοῦς
2773 3801 2885 3857 ὢν·
2927 3801 3022 3856 νῦν
3059 3803 3117 3856 δέ
3159 3801 3240 3866 εἰς
3281 3802 3384 3872 τὴν
3425 3798 3752 3871 αἰσθητικὴν

2165 3893 2532 3964 πολυμέρειαν
2573 3893 3039 3963 διασπειρόμενος,
3089 3893 3184 3946 καὶ
3223 3891 3290 3945 δι’
3321 3889 3556 3961 ἑκάστης
3597 3890 3751 3958 ἐνερ-

2165 3985 2300 4054 γῶν,
2328 3987 2386 4039 ἐν
2421 3987 2671 4056 μονότητι
2696 3985 2757 4038 τδ
2785 3984 3047 4049 ποικίλον,
3090 3986 3148 4036 ἐν
3175 3981 3420 4053 ποικιλίᾳ
3443 3979 3508 4036 τὸ
3542 3981 3631 4035 ἐν·
3662 3978 3752 4033 διδ

2166 4077 2260 4130 καὶ
2302 4076 2581 4146 διαφεύγει
2626 4075 2728 4147 τήν
2751 4076 2952 4146 γνῶσιν
2994 4077 3027 4146 ἡ
3067 4073 3240 4144 ’φύσις
3282 4072 3485 4127 αὐτοῦ·
3525 4071 3619 4126 καὶ
3663 4071 3752 4141 τῷ

2165 4169 2285 4222 κατ’
2305 4167 2469 4222 αὐτὸν
2493 4165 2778 4238 ἀγνώστῳ,
2799 4167 2897 4238 τὴν
2920 4167 3306 4236 ἀκατάληπτον
3327 4164 3491 4236 φύσιν
3507 4163 3602 4218 τοῦ
3623 4163 3747 4216 κατ’

2165 4261 2345 4314 εἰκόνα
2372 4261 2577 4314 οἰκείαν
2606 4261 2930 4330 ποιήσαντος
2958 4259 3123 4313 αὑτὸν
3155 4257 3460 4329 παριστῶν.

2249 4453 2404 4508 Ἐπεὶ
2442 4452 2500 4507 δὲ
2532 4453 2608 4517 ὥς
2657 4471 2710 4506 τι
2735 4453 2992 4524 μουσικὸν
3019 4453 3249 4523 ὄργανον
3283 4451 3344 4507 τδ
3389 4452 3547 4524 σῶμα
3585 4451 3748 4524 δεδη-

2168 4545 2526 4617 μιούργηται·
2571 4544 2646 4609 ὼς
2694 4545 2948 4598 ἀδυνατεῖ
2989 4546 3017 4597 6
3067 4544 3324 4616 μελῳδεῖν
3361 4542 3749 4614 ἐπιστάμενος,

2163 4636 2331 4704 δεῖξαι
2373 4635 2472 4708 τὴν
2507 4637 2703 4706 τέχνην
2731 4637 2811 4698 εἰς
2844 4635 2942 4706 τὴν
2991 4634 3084 4688 τοῦ
3123 4635 3356 4708 ὀργάνου
3404 4633 3746 4706 ἀχρηστίαν·

2164 4729 2306 4781 οὕτω
2346 4729 2443 4781 καί⁹
2487 4729 2516 4781 6
2546 4727 2671 4791 νοῦς
2715 4728 2918 4797 διήκων
2961 4727 3029 4780 δι’
3074 4725 3197 4781 ὅλου
3229 4725 3324 4780 τοῦ
3356 4726 3586 4796 ὀργάνου
3625 4727 3751 4787 ταῖς

2164 4822 2440 4890 νοητικαῖς
2477 4803 2800 4891 ἐνεργείαις,
2829 4818 3061 4872 ἑκάστου
3083 4819 3194 4870 τῶν
3229 4817 3410 4889 μελῶν
3435 4818 3754 4889 προσαπτό-

2169 4929 2347 4982 μενος,
2382 4913 2474 4964 ἐπὶ
2520 4911 2630 4964 τῶν
2671 4910 2770 4981 μὲν
2813 4911 2956 4964 κατὰ
2989 4911 3149 4980 φύσιν
3187 4909 3542 4980 διακειμένων
3570 4908 3633 4960 τὸ
3666 4910 3746 4962 οι-

2167 5004 2310 5054 κεῖον
2341 5002 2666 5072 ἐνήργησεν,
2707 5001 2800 5054 ἐπὶ
2824 5001 2882 5054 δὲ
2913 5001 3020 5054 τῶν
3060 4999 3429 5054 ἀσθενούντων
3453 4997 3751 5071 ὴπράκτη-

2167 5110 2289 5147 σεν·
2335 5093 2396 5146 ού
2439 5093 2547 5164 γὰρ
2576 5094 2774 5164 μέρους
2805 5091 3058 5158 ἅπτεται,
3094 5093 3291 5165 μέρους
3325 5091 3384 5146 δὲ
3424 5091 3744 5162 ἀφίσταται.

2239 5311 2446 5381 Ὥσπερ
2472 5311 2529 5364 δὲ
2568 5312 2996 5380 κατακοσμεῖται
3047 5313 3075 5365 ὁ
3105 5310 3230 5375 νοῦς
3264 5313 3332 5382 τῇ
3361 5311 3616 5382 ὁμοιώσει
3643 5311 3744 5366 τοῦ

2165 5398 2517 5470 πρωτοτύπου
2561 5398 2704 5452 θείου
2753 5399 2982 5463 κάλλους
3001 5440 3015 5464 ,
3062 5397 3174 5453 οἷόν
3221 5417 3274 5454 τι
3316 5400 3623 5470 κάτοπτρον
3660 5402 3744 5472 τῷ

2166 5489 2546 5559 ὲμφαινομένῳ
2587 5490 2896 5560 χαρακτῆρι
2933 5491 3338 5562 μορφούμενον·
3387 5491 3531 5545 οὓτω
3568 5493 3663 5545 καὶ
3696 5495 3739 5564 ἠ

2164 5577 2325 5646 φύσις
2353 5580 2456 5632 ὑπὸ
2488 5579 2582 5633 τοῦ
2621 5580 2739 5644 νοὸς
2777 5581 3206 5651 οἰκονομουμένη
3248 5585 3564 5652 κοσμεῖται·
3607 5600 3740 5636 συν-

2164 5669 2344 5737 έχεται
2373 5668 2430 5720 δὲ
2454 5669 2614 5722 πάλιν
2637 5670 2728 5722 ὑπ’
2759 5670 2927 5740 αὐτῆς
2947 5670 3006 5722 τὸ
3028 5671 3212 5724 ὑλικὸν
3235 5673 3333 5742 τῆς
3360 5672 3740 5737 ὑποστάσεως,

2165 5759 2291 5829 περί
2320 5759 2384 5830 ἢν
2413 5760 2693 5832 θεωρεῖται
2723 5763 2755 5831 ή
2780 5760 2958 5830 φύσις.
2991 5761 3201 5832 Ὥσπερ
3221 5762 3278 5815 δὲ
3301 5765 3330 5816 6
3354 5764 3478 5827 νοῦς
3511 5763 3616 5816 ὑπὸ
3635 5763 3741 5833 τῆς

2164 5851 2436 5923 ἀμορφίας
2463 5853 2571 5908 τῶν
2600 5853 2784 5907 παθῶν
2817 5852 3098 5924 ζοφωθείς,
3140 5854 3361 5918 ἄδεκτος
3391 5855 3598 5925 γίνεται
3637 5855 3739 5911 τοῦ
