4112 6380
404 427 541 482 1089

404 540 551 593 θείου
579 536 828 603 κάλλους,
863 535 911 589 εί
944 534 1018 607 μὴ
1048 532 1362 604 ὲκκαθαρθῇ
1382 548 1396 562 ·
1438 529 1579 585 οὕτω
1610 532 1705 585 καὶ
1732 532 1766 601 ἡ
1810 533 1867 585 ἐν
1911 531 1975 600 τῇ

405 631 701 691 ὑποστάσει
727 626 989 698 νοουμένη
1018 625 1179 695 φύσις
1201 628 1344 680 κατά
1366 642 1419 679 τι
1458 622 1725 687 παθοῦσα,
1753 621 1851 693 τὴν
1884 621 1978 673 τοῦ

405 722 523 786 νοὸς
567 721 846 791 ἐνέργειαν
891 718 953 770 οὑ
998 716 1222 770 δύναται
1260 714 1535 779 δέξασθαι,
1570 714 1621 766 εἰ
1655 712 1731 784 μὴ
1769 714 1850 777 εἰς
1883 710 1981 782 τὴν

405 812 680 885 προτέραν
716 808 989 879 ἐπανέλθῃ
1018 808 1253 876 ὑγίειαν.

477 905 763 961 Δείκνυται
791 903 849 956 δὲ
886 902 980 955 καὶ
1002 904 1067 955 ἐκ
1086 900 1301 964 τούτου,
1322 899 1405 952 ὅτι
1429 899 1458 952 6
1491 896 1614 961 νοῦς
1640 897 1739 968 τῆς
1769 896 1984 965 φύσεως

406 1002 611 1071 ἔχεται.
666 996 1020 1065 Συνεστώσης
1081 994 1181 1065 μὲν
1243 994 1372 1065 γὰρ,
1442 992 1538 1046 καὶ
1598 990 1980 1061 ἐγρηγορυίας,

405 1076 623 1163 ὲνεργεέ
642 1091 736 1149 καὶ
765 1092 1032 1151 κινεῖται·
1079 1084 1408 1157 παρεθείσης
1432 1084 1490 1139 δὲ
1528 1083 1603 1153 τῷ
1642 1082 1794 1152 ὕπνῳ
1832 1082 1983 1148 μένει

405 1183 691 1251 ἀκίνητος·
730 1180 829 1249 τὰς
872 1180 929 1233 δὲ
973 1177 1095 1233 καθ’
1127 1175 1292 1231 ὑπνον
1326 1173 1645 1242 φαντασίας,
1689 1170 1984 1240 ἰνδάλματά

403 1290 527 1326 τινα
560 1272 660 1342 τῆς
701 1270 843 1335 κατά
875 1269 959 1324 τὸν
1013 1266 1132 1325 θοῦν
1165 1266 1445 1338 ἐνεργείας
1473 1262 1699 1332 οἰόμεθα.
1721 1278 1734 1293 '
1767 1264 1824 1315 ἐν
1853 1261 1981 1314 άτὸ-

407 1380 529 1427 ποις
556 1363 665 1433 γὰρ
704 1362 800 1417 καὴ⁸
844 1359 1145 1431 ἀμηχάνοις
1175 1356 1435 1419 πολλάκις
1481 1349 1620 1408 εἷναί
1665 1370 1748 1416 τις
1797 1353 1978 1406 δοκεῖ·

405 1456 542 1526 ὅπερ
566 1455 665 1507 οὑκ
703 1452 770 1508 ἂν
798 1452 1015 1522 ἐγένετο
1042 1452 1099 1503 ἐν
1126 1450 1454 1521 ἐγρηγόρσει
1474 1464 1487 1477 ·
1521 1446 1760 1515 γίνονται
1796 1444 1852 1497 δὲ
1888 1444 1983 1497 καὶ

408 1548 517 1601 ἀπὸ
553 1547 651 1617 τῆς
687 1544 835 1615 ἠθῶν
862 1541 1251 1617 καταστάσεὼς
1286 1557 1446 1606 τισιν,
1481 1538 1575 1593 καὶ
1602 1537 1736 1591 ἄλλα
1765 1536 1861 1607 μὲν
1885 1536 1981 1589 τοῦ

407 1638 675 1709 ἀνδρείου,
715 1636 851 1690 ἄλλα
877 1635 935 1689 δὲ
964 1634 1058 1687 τοῦ
1097 1632 1271 1686 δειλοῦ
1298 1632 1365 1695 τά
1397 1630 1759 1702 φαντάσματα
1783 1643 1797 1658 °
1846 1627 1981 1683 ἄλλα

406 1731 501 1784 τοῦ
531 1729 850 1794 ἀκολάστου,
885 1727 981 1780 καὶ
1018 1725 1151 1787 ᾄλλα
1191 1725 1282 1779 τοῦ
1332 1724 1624 1795 σώφρονος,
1671 1720 1763 1774 τοῦ
1814 1737 1981 1790 μετα-

405 1821 618 1875 δοτικοῦ
656 1838 717 1873 τε
762 1820 857 1873 καὶ
891 1819 1200 1889 ἀπλήστου·
1250 1816 1560 1889 παραμένει
1585 1815 1695 1886 γὰρ
1726 1812 1802 1884 τῷ
1847 1828 1983 1883 μνη-

410 1911 613 1984 μονικῷ
637 1910 943 1980 τῆςλῷυχῆς
973 1910 1082 1962 τῶν
1105 1909 1418 1979 ἐφημερίων
1439 1905 1881 1977 ἐπιτηδευμάτων
1912 1901 1982 1955 τά

407 2004 746 2073 ἀπηχήματα
768 2018 782 2033 ο
816 2000 1073 2063 πολλάκις
1105 2000 1160 2052 δὲ
1198 2000 1289 2055 καὶ
1313 1998 1449 2071 πρὸς
1474 1998 1575 2061 τὰς
1602 1997 1763 2059 ποιάς
1790 1994 1980 2064 σωμάο

405 2113 514 2149 των
551 2094 817 2157 διαθέσεις
847 2093 1043 2165 ὄνειροι
1072 2094 1309 2162 γίνονται
1333 2109 1347 2122 ⁸
1384 2091 1526 2145 οὑτω
1558 2091 1665 2162 γάρ
1693 2091 1721 2142 ὁ
1747 2088 1983 2161 διψώδης

407 2187 467 2240 ἐν
497 2188 698 2257 πηγαῖς
728 2179 866 2245 εἶναι
891 2184 1059 2250 δοκεῖ,
1102 2185 1197 2237 καὶ
1230 2184 1485 2253 εὐωχίαις
1518 2183 1546 2235 6
1576 2180 1781 2253 τροφῆς
1816 2197 1985 2252 προσ-

406 2276 693 2346 δεόμενοςο
752 2275 848 2339 καὶ
898 2273 1086 2338 ἁπλῶς
1141 2274 1481 2346 πολύτροπος
1531 2274 1565 2345 ἡ
1619 2272 1727 2325 τῶν
1758 2271 1982 2343 ὀνείρων

406 2364 528 2434 ὄψις
560 2364 697 2429 ἐστὶ,
751 2363 958 2435 ματαία
1002 2364 1091 2416 δέ’
1131 2364 1160 2416 6
1190 2363 1297 2436 γάρ
1324 2363 1447 2425 νοῦς
1488 2366 1553 2434 τῇ
1599 2362 1843 2437 ἀπραξία
1876 2361 1983 2414 τῶν

407 2456 712 2528 αἰσθήσεων
742 2455 831 2509 διά
858 2453 954 2508 τοῦ
981 2456 1150 2517 ὕπνου
1182 2454 1601 2534 συγκαλυφθεις,
1632 2453 1755 2508 οὒτε
1783 2453 1985 2525 ἐκλάμ-

406 2565 532 2602 πειν
560 2549 628 2601 δι’
666 2547 846 2601 αὑτῶν
872 2547 1114 2611 δύναται,
1145 2544 1269 2603 οὔτε
1308 2546 1587 2620 παντελῶς
1616 2544 1983 2603 κατασϐέννυ-

408 2656 519 2694 ται.
559 2639 623 2693 Ei
645 2638 701 2692 δὲ
724 2639 817 2692 καὶ
847 2640 877 2693 6
913 2639 1013 2709 τῆς
1037 2637 1310 2706 Αἰγύπτου
1339 2636 1557 2710 Φαραὼ,
1595 2638 1689 2693 καὶ
1715 2639 1743 2691 6
1767 2636 1982 2690 Ναϐου-

410 2729 690 2801 χοδονόσορ
713 2728 778 2783 δι’
803 2728 1069 2783 ἐνυπνίων
1093 2730 1173 2791 είς
1197 2728 1296 2797 τὴν
1323 2727 1431 2781 τῶν
1458 2726 1759 2799 μελλόντων
1781 2725 1983 2795 γνῶσιν

405 2819 743 2892 ὀδηγοῦνται,
795 2820 863 2873 δι’
908 2819 1092 2893 ἕτερον
1118 2819 1442 2891 ᾠκονομήθη
1491 2817 1651 2881 τοῦτο
1700 2817 1852 2891 παρὰ
1889 2817 1982 2871 τοῦ

406 2910 540 2964 Θεοῦ
563 2949 579 2975 ,
638 2911 724 2964 ἵνα
775 2911 1063 2987 φανερωθῇ
1133 2914 1167 2983 ή
1237 2910 1594 2993 κεκρυμμένη
1650 2910 1759 2974 τῶν
1814 2909 1982 2979 ἁγίων

409 3002 589 3072 σοφία.

488 3164 691 3219 ’ἰστέον
722 3163 781 3218 δὲ
806 3165 889 3218 ὅτι
919 3163 1016 3220 τοῦ
1061 3163 1252 3237 νοητοῦ
1277 3165 1413 3236 πρὸς
1435 3164 1497 3219 τὸ
1522 3167 1833 3241 σωματικὸν
1865 3184 1980 3220 κοι-

409 3254 575 3309 νωνία
604 3256 880 3327 ἄφραστον
901 3256 997 3310 κα)⁸
1021 3256 1373 3331 ἀνεπινόητον
1403 3256 1501 3331 τὴν
1527 3258 1820 3331 συνάφειαν
1845 3259 1977 3332 ἔχει.

408 3343 519 3397 Καὶ
546 3344 707 3399 τοῦτο
741 3346 1085 3420 προεγράφη.

956 3527 1208 3581 ΠΕΥΣΙΣ
1244 3529 1425 3584 PMA'.

478 3616 678 3678 Καλῶς
720 3617 867 3672 πάνυ
909 3616 1017 3672 τῶν
1054 3619 1185 3689 περὶ
1234 3619 1522 3691 ἀνθρώπου
1568 3622 1981 3693 διευκριθέντων

405 3714 562 3783 ἡμῖν,
620 3709 722 3764 ποῦ
774 3726 859 3762 σοι
912 3708 1061 3763 δοκεῖ
1110 3711 1375 3783 ὑπάρχειν
1421 3714 1451 3766 6
1507 3713 1867 3784 παράδεισος;
1924 3716 1984 3769 ἐν

407 3801 642 3875 οὐρανῷ,
689 3801 724 3872 ἢ
761 3801 855 3856 ἐπὶ
898 3800 1042 3869 γῆς;
1093 3802 1157 3856 Οί
1222 3802 1323 3873 μὲν
1367 3802 1477 3875 γὰρ
1517 3804 1678 3859 αὑτὸν
1736 3804 1983 3873 λέγουσιν

409 3894 674 3966 ὑπάρχειν
728 3892 1051 3964 ἐπουράνιον
1114 3894 1303 3964 νοητὸν
1326 3936 1342 3961 ,
1393 3895 1449 3949 oi
1496 3895 1557 3949 δὲ
1611 3896 1854 3966 ἐπίγειον
1898 3899 1984 3951 ai—

410 3986 627 4059 σθητόν.

1016 4079 1377 4148 Ἀπόκρισις.

491 4170 648 4244 Ἐμοὶ
694 4172 950 4245 αἰσθητὸς
1010 4173 1159 4227 δοκεῖ
1206 4174 1493 4246 ὑπάρχειν,
1544 4175 1637 4229 καὶ
1687 4176 1781 4229 ἐπὶ
1842 4177 1979 4249 γῆς·

410 4265 596 4335 σαφῶς
636 4264 735 4319 καὶ
782 4263 1033 4341 φανερῶς
1080 4264 1377 4339 διαρρήδην
1424 4265 1584 4319 τοῦτο
1630 4265 1839 4339 βοώσης
1882 4269 1981 4340 τῆς

408 4357 558 4422 θείας
589 4356 831 4430 Γραφῆς.

958 4445 1207 4503 ΠΕΥΣΙΣ
1243 4447 1423 4503 PMB’.

474 4538 543 4593 Τί
566 4533 658 4593 οὖν
708 4537 952 4610 βούλεται
983 4537 1194 4602 Παῦλος
1235 4538 1429 4608 λέγων,
1463 4535 1606 4594 Οἶδα
1645 4539 1976 4610 ἄνθρωπον,

407 4631 522 4699 πρὸ
581 4630 733 4685 ἐτῶν
784 4629 1263 4699 δεκατεσσάρων,
1304 4631 1427 4686 alte
1457 4632 1527 4685 ἐν
1579 4622 1827 4701 σώματι,
1860 4634 1981 4688 εἴτε

404 4722 578 4788 ἐκτὸς
601 4720 709 4775 τοῦ
747 4720 1041 4791 σώματος,
1072 4724 1182 4777 οὐκ
1211 4721 1346 4776 οῖδα
1364 4739 1379 4753 ·
1409 4726 1442 4777 ὁ
1478 4723 1623 4789 Θεὸς
1644 4720 1807 4778 οἶδεν
1825 4741 1841 4757 ·
1880 4726 1980 4779 καὶ

404 4809 539 4867 οἴδα
570 4813 681 4871 τὸν
717 4812 990 4867 τοιοῦτον
1015 4813 1340 4883 ξάνθρωπον
1367 4815 1708 4887 ἁρπαγέντα
1750 4820 1837 4884 είς
1874 4817 1981 4872 τὸν

404 4904 789 4972 παράδεισον,
818 4904 917 4959 καὶ
944 4906 1249 4974 ἀκηκοότα
1278 4905 1504 4976 ἄρρητα
1520 4908 1777 4977 ῥήματα,
1807 4908 1846 4963 ἁ
1868 4911 1979 4963 οὐκ

402 4996 548 5060 ἐξὸν
577 4993 867 5062 ἀνθρώπῳ
901 4994 1208 5064 ,καὶῆσαν
1242 4996 1302 5061 ἐξ
1324 4980 1398 5050 ὧν
1441 4996 1695 5069 δηλοῦται
1733 4998 1792 5050 ἐν
1816 4997 1980 5068 οὐρα-

405 5083 517 5145 νοῖς
560 5080 825 5153 ὑπάρχειν
857 5081 947 5136 τὸν
987 5083 1346 5155 παράδεισονο
1397 5086 1458 5139 οὑ
1488 5085 1596 5157 γὰρ
1631 5082 1805 5149 εἶπεν,
1847 5087 1977 5159 Ἀρ-

404 5171 648 5239 παγέντα
700 5172 781 5234 είς
829 5172 1009 5241 τρίτον
1058 5174 1307 5245 οὐρανὸν,
1364 5176 1617 5229 κάκεῖθεν
1665 5177 1977 5231 καταϐάντα

403 5264 484 5326 είς
512 5262 603 5314 τὸν
636 5262 962 5332 παράδεισον
991 5279 1013 5309 ο.
1033 5263 1149 5316 ἀλλ’
1174 5266 1231 5318 ἐν
1275 5266 1342 5336 τῇ
1381 5266 1606 5338 ἁρπαγῇ
1649 5267 1976 5339 ἀμφοτέρων

401 5349 673 5421 ἐμνήσθη.

1013 5445 1365 5513 Ἀπόκρισις.

484 5532 624 5586 Ἀλλ’
656 5533 757 5587 οὑκ
805 5535 863 5587 ἐν
912 5535 1010 5606 μιᾷ
1057 5537 1318 5609 συντομία
1368 5538 1460 5592 τὸν
1506 5539 1733 5611 οὐρανὸν
1764 5541 1976 5597 καὶτὸν

406 5625 730 5695 παράδεισον
760 5628 1195 5698 συναπεφήνατο.
1230 5626 1417 5685 Εἶδον
1446 5632 1575 5704 γὰρ,
1632 5636 1816 5706 φησὶν,
1868 5635 1974 5689 ἆν-

406 5720 641 5785 θρωπον
670 5718 1010 5788 ἁρπαγέντα
1041 5719 1151 5788 ἕως
1180 5725 1379 5793 τρίτου
1420 5728 1701 5795 οὐρανοῦ,
1734 5727 1827 5783 καὶ
1870 5729 1974 5784 πά-

478 5912 522 5945 "
562 5912 605 5969 ll
650 5915 778 5972 Cor.
819 5934 920 5989 xu,
958 5919 1080 5976 2-4.

1775 417 2118 473 DIALUGUS
2149 417 2237 473 Ill.

3507 415 3653 466 me

2086 543 2193 598 que
2244 534 2439 581 natura
2473 525 2634 580 alicui
2670 522 2949 579 vitiositati
2981 518 3241 585 obnoxia.
3290 520 3489 575 mentis
3523 535 3655 591 ope-

2085 621 2351 674 rationem
2394 618 2671 685 suscipere
2711 632 2820 671 non
2862 623 3060 682 lmtest,
3114 613 3218 669 nisi
3268 613 3336 667 ad
3365 613 3655 683 pristinam

2086 712 2304 768 redierit
2324 710 2634 766 sanitatem.

2151 888 2420 946 Praeterea
2451 886 2757 943 ostenditur
2785 901 2879 956 per
2912 887 3037 952 hoc,
3062 860 3207 954 quod
3235 901 3265 941 a
3295 896 3489 940 natura
3526 901 3657 956 pcn-

2049 991 2053 994 '
2083 981 2173 1037 det
2206 996 2379 1037 mens.
2404 978 2541 1035 Cum
2574 979 2719 1032 enim
2753 977 2843 1032 illa
2889 978 3141 1032 consistit
3177 982 3231 1031 et
3273 972 3506 1033 excitata
3547 987 3655 1038 est,

2082 1071 2244 1126 etiam
2272 1071 2388 1131 haec
2412 1070 2597 1125 enica:
2634 1077 2718 1123 est
2744 1078 2799 1123 et
2825 1076 3075 1122 movetur
3103 1086 3116 1123 :
3144 1068 3445 1136 composita
3474 1078 3656 1123 autem

2083 1175 2300 1222 somno,
2346 1171 2532 1217 manet
2578 1158 2899 1215 immobilis.
2949 1156 3123 1213 Porro
3168 1173 3256 1213 res
3304 1160 3658 1232 imaginariae

2082 1268 2205 1323 qua:
2252 1267 2348 1322 per
2393 1266 2649 1308 somnum
2698 1251 2857 1318 ﬁunt,
2904 1251 3199 1306 simulacra
3240 1253 3488 1321 quaedam
3535 1254 3657 1322 ejus

2082 1361 2205 1417 quae
2253 1354 2338 1400 est
2376 1346 2430 1400 in
2472 1353 2655 1399 mente
2693 1343 3049 1414 operationis,
3092 1358 3215 1398 esse
3260 1354 3550 1413 putamus;
3600 1348 3656 1400 in

2082 1439 2220 1493 locis
2261 1438 2407 1493 enim
2446 1437 2684 1492 insolitis
2726 1445 2781 1491 et
2815 1436 3094 1506 perplexis
3127 1437 3417 1506 aliquoties
3461 1438 3659 1507 aliquis

2083 1532 2185 1586 sibi
2210 1531 2427 1586 videtur
2460 1545 2601 1596 esse,
2631 1529 2776 1599 quod
2806 1530 2859 1583 in
2888 1530 3145 1601 vigilante
3172 1531 3486 1598 neutiquam
3515 1532 3659 1584 acci-

2069 1624 2252 1699 ‘deret.
2294 1624 2563 1678 Accidunt
2591 1633 2771 1677 autem
2806 1622 2922 1676 haec
2964 1621 3237 1692 aliquibus
3279 1631 3333 1676 et
3369 1636 3400 1675 ει
3442 1637 3657 1675 morum

2082 1716 2495 1785 constitutione,
2539 1724 2779 1785 suntque
2810 1714 2914 1767 alia
2969 1711 3143 1775 fortis,
3193 1713 3298 1767 alia
3348 1712 3658 1767 meticulosi

2081 1806 2487 1876 phantasmata,
2534 1807 2639 1860 alia
2687 1803 3120 1873 intemperantis,
3162 1803 3264 1857 alia
3297 1803 3486 1869 sobrii,
3520 1819 3659 1873 pra:-

2083 1907 2229 1955 terea
2258 1906 2312 1954 et
2338 1899 2602 1963 liberalis,
2636 1907 2691 1953 et
2716 1898 2834 1968 ejus
2863 1898 2955 1968 qui
2989 1897 3313 1952 insatiabilis
3340 1905 3458 1963 est;
3480 1912 3659 1950 rema-

2083 2003 2215 2046 nent
2238 1992 2384 2046 enim
2435 1991 2488 2045 in
2520 1992 2714 2046 anima:
2740 1990 3126 2045 reminiscenle
3167 1990 3296 2045 sede
3336 1988 3658 2043 diurnorum

2082 2082 2463 2138 exercitiorum
2493 2082 2648 2152 quasi
2685 2083 2899 2141 sonitus
2936 2080 3151 2134 relicti:
3187 2080 3477 2149 aliquoties
3496 2080 3658 2134 etiam

2083 2173 2386 2235 secundum
2444 2164 2836 2243 corporearum
2888 2172 3218 2242 qualitatum
3262 2171 3660 2239 dispositiones

2083 2266 2358 2322 insomnia
2391 2266 2552 2321 ﬁunt.
2578 2265 2670 2323 Sic
2697 2265 2844 2321 enim
2876 2264 3187 2320 sitibundus
3227 2263 3293 2317 ad
3337 2263 3514 2318 fontes
3540 2278 3662 2317 esse

2084 2359 2187 2413 sibi
2217 2358 2472 2423 videtur;
2519 2365 2574 2411 et
2606 2356 2661 2411 in
2692 2357 2979 2423 conviviis,
3013 2355 3106 2427 qui
3150 2354 3257 2409 cibi
3304 2354 3521 2424 indigus
3552 2362 3658 2408 est.

2087 2448 2327 2519 Denique
2361 2448 2644 2519 multiplex
2670 2448 3010 2503 somniorum
3038 2447 3248 2518 species
3277 2455 3381 2509 est,
3419 2445 3514 2499 sed
3563 2459 3660 2498 va-

2086 2557 2190 2607 na;
2253 2556 2378 2593 nam
2436 2556 2591 2594 mens
2644 2548 2894 2595 cessante
2939 2554 3202 2597 sensuum
3238 2547 3361 2592 actu
3396 2552 3491 2611 per
3516 2552 3664 2591 som-

2084 2647 2214 2686 num
2258 2638 2528 2694 contecta,
2580 2645 2755 2700 neque
2800 2644 2895 2699 per
2929 2628 3075 2698 ipsos
3101 2628 3313 2683 elucere
3334 2634 3529 2698 potest,
3568 2643 3662 2680 ne—

2083 2737 2191 2792 que
2217 2737 2442 2791 prorsus
2471 2721 2858 2792 exstinguitur.
2894 2718 3047 2785 Quod
3080 2728 3260 2773 autem
3314 2733 3411 2772 rex
3439 2716 3659 2788 Egypti

2083 2814 2317 2877 Pharao,
2346 2822 2401 2867 et
2420 2810 2930 2867 Nabuchodonosor
2953 2826 3051 2881 per
3077 2810 3349 2865 insomnia
3378 2811 3443 2863 ad
3469 2825 3660 2864 eorum

2082 2906 2447 2977 cognitionem
2472 2904 2776 2969 ducuntur,
2805 2918 2927 2972 quas
2953 2902 3138 2963 futura
3161 2908 3338 2965 erant,
3368 2900 3419 2954 id
3443 2910 3663 2971 propter

2082 2997 2227 3054 aliud
2255 3013 2284 3052 a
2307 2996 2419 3051 Deo
2440 2997 2815 3065 dispensatum
2843 3003 2944 3061 est,
2976 3004 3037 3050 ut
3059 2993 3503 3050 manifestaretur
3532 2995 3659 3050 abs-

2083 3089 2299 3146 condita
2336 3096 2651 3153 sanctorum
2680 3086 2970 3156 sapientia.

2156 3181 2450 3237 Sciendum
2476 3194 2629 3243 vero,
2665 3178 2786 3248 ejus
2817 3179 2965 3250 quod
2996 3188 3080 3239 est
3106 3178 3417 3232 intellectile
3445 3178 3511 3232 ad
3537 3193 3661 3232 cor-

2083 3289 2311 3346 poream
2372 3273 2839 3338 communionem,
2894 3271 3225 3327 ineﬂ‘abilem
3274 3280 3330 3325 et
3383 3271 3660 3325 intellectu

2084 3364 2696 3437 incomprehensibilem
2736 3364 3179 3433 conjunctionem
3229 3363 3449 3418 habere.
3484 3364 3663 3433 Atque

2084 3459 2189 3515 hoc
2210 3458 2370 3514 etiam
2400 3457 2454 3512 in
2485 3456 2787 3527 prmmissis
2818 3456 3081 3526 scriptum
3111 3464 3213 3509 est.

2495 3546 3011 3602 INTERROGATIO
3050 3546 3231 3601 CXLI.

2156 3639 2389 3709 Quando
2419 3639 2803 3711 percommode
2834 3638 2991 3693 nobis
3018 3637 3324 3708 exposuisti
3348 3653 3411 3692 ea
3434 3652 3558 3708 quae
3591 3638 3661 3691 ad

2084 3731 2361 3787 hominem
2381 3730 2689 3800 pertinent:
2716 3728 2808 3784 ubi
2833 3728 2929 3783 tibi
2960 3728 3174 3783 videtur
3197 3744 3324 3793 esse
3349 3730 3660 3798 paradisus,

2084 3838 2151 3878 an
2178 3823 2234 3877 in
2259 3823 2423 3887 caelo,
2464 3823 2551 3875 vel
2583 3822 2769 3876 terra?
2797 3820 2933 3875 Nam
2974 3821 3065 3883 alii
3098 3818 3313 3891 quidem
3353 3823 3530 3891 ipsum
3573 3822 3659 3876 di-

2085 3922 2220 3969 cunt
2259 3928 2381 3969 esse
2409 3912 2688 3971 caelestem
2720 3920 2776 3966 et
2823 3910 3216 3977 intellectilem,
3267 3910 3360 3965 alii
3394 3925 3522 3965 vero
3556 3919 3661 3965 ter-

2084 4016 2315 4062 restrem
2353 4021 2419 4071 ac
2454 4005 2734 4062 sensilem.

2716 4094 3026 4165 Responsio.

2155 4184 2289 4239 Mihi
2325 4184 2545 4241 sensilis
2578 4200 2698 4241 esse
2732 4186 2971 4251 videtur,
3005 4194 3061 4239 et
3086 4184 3139 4238 in
3172 4193 3352 4252 terra;
3383 4186 3660 4245 luculente

2085 4292 2150 4333 ac
2174 4276 2464 4334 manifeste
2502 4278 2815 4348 diserteque
2847 4278 2900 4332 id
2938 4277 3279 4333 tradentibus
3307 4277 3528 4336 Litteris
3569 4298 3658 4337 sa-

2082 4367 2214 4423 cris.

2490 4457 3008 4515 INTERROGATIO
3044 4458 3131 4513 CX
3142 4458 3252 4517 LII.

2155 4549 2297 4618 Quid
2329 4551 2495 4623 igitur
2531 4551 2635 4607 sibi
2662 4553 2776 4606 vult
2807 4551 3030 4617 Paulus,
3057 4551 3284 4606 dicens:
3318 4550 3458 4607 Novi
3484 4554 3657 4608 homi-

2081 4660 2221 4707 nem,
2253 4653 2374 4699 ante
2409 4658 2575 4697 annos
2608 4644 3026 4713 quatuordecim,
3056 4643 3161 4696 sive
3194 4644 3249 4696 in
3279 4660 3511 4713 corpore,
3552 4649 3657 4702 sive

2080 4743 2235 4787 extra
2272 4750 2479 4803 corpus,
2512 4734 2707 4799 nescio,
2746 4722 2883 4786 Deus
2922 4733 3103 4797 novit;
3133 4743 3183 4787 el
3212 4735 3329 4787 novi
3355 4734 3656 4805 hujusmodi

2081 4824 2342 4877 hominem
2389 4836 2600 4891 raptum
2642 4825 2699 4877 in
2736 4822 3066 4893 paradisum,
3114 4833 3164 4876 et
3209 4824 3419 4878 audisse
3462 4844 3657 4883 arcana

2080 4916 2255 4981 verba,
2278 4932 2395 4986 qua?
2419 4918 2503 4987 fas
2533 4933 2637 4971 non
2666 4919 2733 4970 sit
2768 4916 2965 4969 homini
2997 4915 3139 4984 loqui
3166 4914 3233 4971 ⁸³.
3272 4914 3482 4982 Quibus
3512 4920 3655 4974 indi-

2080 5017 2241 5065 catur
2289 5010 2342 5063 in
2391 5010 2547 5065 cmlis
2596 5024 2719 5064 esse
2762 5006 3097 5077 paradisum.
3144 5005 3264 5063 Non
3301 5009 3445 5064 enim
3494 5011 3659 5079 dixit,

2083 5117 2142 5157 se
2183 5110 2396 5169 raptum
2451 5103 2505 5155 in
2548 5102 2766 5159 tertium
2818 5116 2994 5172 usque
3035 5102 3259 5167 caelum,
3301 5113 3355 5160 et
3403 5105 3528 5160 inde
3562 5106 3642 5161 de-

2080 5194 2357 5249 scendisse
2383 5192 2436 5247 in
2470 5193 2826 5263 paradisum;
2876 5194 2972 5255 sed
3013 5194 3065 5247 in
3098 5204 3256 5264 raptu
3298 5202 3654 5268 utrorumque

2079 5289 2347 5349 meminit.

2711 5462 3019 5531 Responsio.

2155 5554 2223 5608 At
2252 5569 2358 5608 non
2389 5569 2501 5609 uno
2530 5556 2853 5625 compendio
2891 5557 3089 5617 caelum
3134 5567 3189 5621 et
3226 5561 3536 5631 paradisum
3575 5564 3637 5620 si.

2081 5644 2196 5698 mul
2233 5645 2495 5700 deﬁnivit.
2531 5644 2672 5701 Novi
2692 5647 2861 5709 enim,
2897 5648 3093 5719 inquit,
3133 5651 3392 5714 hominem
3420 5670 3652 5723 rapum,

2080 5752 2243 5808 usque
2301 5738 2355 5792 in
2399 5738 2610 5793 tertium
2680 5737 2883 5806 caelum,
2947 5750 3002 5796 et
3057 5741 3262 5810 denuo,
3307 5742 3377 5800 In
3431 5748 3639 5814 paradi-
