4112 6380
487 399 623 455 1091
1544 399 1605 456 S.
1643 397 1942 456 CIESARII
1982 396 2313 454 GREGORII
2357 397 2654 454 FRATRIS
3614 399 3750 454 1092

485 530 629 567 sum.
662 511 987 569 Necessario
1013 511 1178 583 igitur
1201 521 1385 568 vestra
1407 520 1600 568 contra
1627 529 1730 568 vos
1758 512 2072 581 usurpanda

486 605 628 658 mihi
655 620 762 658 v01
788 612 892 667 est,
924 603 1118 674 sicque
1149 604 1346 658 deinde
1375 603 1444 658 ad
1470 603 1686 658 articuli
1709 603 2070 673 quaestionem

489 694 837 750 redeundum
865 713 879 750 :
913 694 1096 749 dicitis
1123 695 1270 748 enim
1304 694 1484 764 ipsqu
1528 710 1639 748 non
1666 695 1894 757 dixisse,
1925 696 2072 764 quod

490 783 856 850 descenderit,
879 786 972 840 sed
996 785 1140 856 quod
1160 793 1351 854 raptus
1377 785 1542 840 fuerit
1563 786 1617 840 in
1638 785 1955 856 paradisum
1979 803 1994 851 ;
2019 797 2074 840 et

487 876 617 930 inde
651 876 960 940 abstulerit,
1003 884 1062 930 ut
1099 884 1345 946 apparet,
1391 875 1820 931 clarissimorum
1857 885 2070 946 patrum

485 965 791 1020 doctrinas.
815 963 1273 1034 Quandoquidem
1297 964 1443 1018 enim
1481 979 1588 1018 non
1625 964 1765 1019 dixit
1793 979 1853 1019 se
1880 979 2074 1020 ascen-

485 1056 635 1110 disse
662 1056 740 1124 in,
784 1055 1121 1125 paradisum,
1177 1056 1272 1111 sed
1324 1069 1393 1110 eo
1435 1064 1653 1125 raptum
1699 1070 1840 1118 esse,
1888 1069 2070 1109 annon

485 1146 775 1201 ascendit?
813 1144 871 1200 Si
903 1161 1032 1202 vero
1072 1147 1318 1202 ascendit
1347 1160 1473 1201 cum
1510 1147 1840 1215 rapereturd
1859 1151 2075 1199 constat

489 1239 637 1306 quod
679 1247 734 1292 et
773 1238 1119 1294 descenderit
1177 1237 1233 1292 in
1278 1237 1540 1308 paradiso
1596 1245 1810 1306 raptus.
1892 1235 2074 1304 Inquit

484 1332 660 1394 enim,
707 1330 776 1385 Et
819 1332 940 1386 novi
984 1330 1290 1400 hujusmodi
1327 1329 1590 1385 hominem
1634 1339 1847 1399 raptum
1883 1328 1938 1382 in
1976 1345 2074 1397 pa—

491 1424 754 1477 radisum.

882 1532 1406 1591 INTERROGATIO
1452 1532 1682 1590 CXLIII.

563 1649 672 1704 Sed
723 1649 853 1719 quia
915 1665 1079 1719 supra
1131 1665 1232 1705 nos
1286 1648 1486 1705 caelum
1539 1646 1804 1711 cernitur,
1859 1654 2075 1702 constat

496 1741 673 1809 ipsum
712 1753 944 1793 ascensu
992 1753 1150 1794 usum
1201 1753 1344 1802 esse,
1389 1746 1452 1792 ut
1493 1751 1658 1807 supra
1701 1735 1878 1807 ipsum
1902 1743 2068 1801 esset,

496 1828 587 1881 ubi
617 1835 670 1881 et
696 1827 1014 1896 paradisum
1043 1827 1420 1898 intelligimus.

1131 1917 1438 1988 Responsio.

565 2011 679 2064 Cur
713 2010 878 2080 igitur
911 2025 1018 2064 non
1058 2021 1354 2080 utrumque
1385 2010 1724 2080 complexus,
1778 2009 1973 2080 inquit,
2003 2007 2074 2062 Et

493 2104 613 2156 nari
651 2103 958 2170 Imjusmodi
989 2102 1251 2155 hominem
1287 2109 1501 2171 raptum
1535 2101 1585 2154 in
1619 2101 1803 2154 rcelum
1837 2110 1885 2153 et
1916 2117 2076 2169 para-

491 2197 708 2250 disttm?
733 2195 827 2250 sed
851 2194 1139 2263 interiecto
1163 2191 1398 2246 articulo
1418 2192 1539 2245 loca
1560 2190 1831 2252 distinxit,
1851 2191 2071 2245 dicens:

495 2287 562 2340 Et
597 2285 714 2339 novi
739 2283 1041 2350 [cuiusmodi
1064 2281 1326 2336 hominem
1357 2289 1566 2350 raptum
1591 2280 1649 2334 in
1677 2281 1890 2334 tertium
1912 2295 2077 2348 usque

491 2377 698 2436 caelum.
735 2387 784 2431 et
818 2392 1025 2440 rursus,
1066 2385 1280 2443 raptum
1312 2373 1368 2427 in
1415 2373 1752 2444 paradisum.
1794 2371 1930 2426 Illud
1977 2387 2077 2426 au-

494 2483 624 2534 tent,
652 2480 700 2524 et
737 2485 942 2535 rursus,
973 2468 1038 2524 ad
1068 2468 1238 2521 alium
1274 2466 1511 2536 aliquem
1555 2465 1734 2520 locum
1781 2464 2071 2520 transfert:

492 2563 561 2618 ad
596 2563 1012 2618 similitudinem
1045 2558 1249 2614 montis
1272 2557 1466 2614 declivi
1493 2572 1691 2627 campo
1727 2557 2075 2619 circumdati,

494 2657 548 2711 in
581 2671 691 2727 quo
724 2656 769 2711 si
801 2655 926 2726 quis
959 2667 1080 2708 esse
1109 2651 1257 2716 velit,
1287 2666 1384 2722 per
1408 2650 1715 2721 ingressum
1740 2648 1795 2702 in
1822 2664 2077 2719 campum

494 2747 654 2802 facile
687 2746 740 2800 in
775 2760 900 2800 eum
932 2745 1243 2814 perveniet;
1281 2743 1326 2798 si
1359 2756 1488 2795 vero
1512 2741 1688 2811 primo
1713 2741 2080 2796 conscendere

494 2848 736 2896 montem
791 2837 1060 2900 voluerit,
1117 2845 1174 2892 et
1220 2849 1288 2890 ex
1341 2847 1408 2888 eo
1452 2833 1507 2887 in
1558 2847 1812 2902 campum
1860 2831 2076 2896 venire,

494 2933 724 2988 omnino
759 2928 1132 2986 necessarium
1160 2933 1244 2981 est
1282 2935 1342 2978 ut
1370 2923 1441 2978 ab
1469 2923 1688 2978 excelso
1732 2922 1987 2977 deveniat
2023 2922 2076 2976 in

495 3027 745 3094 planum.
791 3020 1167 3077 Consimiliter
1211 3026 1345 3087 puto
1388 3015 1572 3070 divum
1611 3013 1932 3083 Apostolum
1962 3013 2079 3084 pri-

497 3131 651 3170 mum
681 3114 905 3185 quidem
935 3112 1107 3168 cmlos
1147 3110 1485 3180 ingressum,
1516 3105 1642 3161 inde
1673 3106 1729 3160 in
1763 3105 2080 3176 paradisum

495 3209 785 3264 devolasse
811 3205 1033 3262 deinde.
1077 3203 1208 3259 Fide
1235 3212 1418 3257 autem
1461 3200 1661 3271 dignus
1690 3208 1817 3254 ante
1848 3197 2080 3253 Paulum

499 3303 654 3358 testis
685 3315 868 3356 rerum
910 3297 1222 3354 divinarum
1255 3295 1468 3365 peritus
1500 3293 1590 3347 ille
1629 3290 1874 3357 Solomo,
1907 3289 2084 3345 sensi-

498 3396 603 3448 lem
642 3408 806 3461 super
847 3401 1051 3446 terram
1091 3388 1408 3459 paradisum
1444 3386 1738 3442 indicans:
1781 3383 2080 3446 Descendit,

500 3486 702 3555 inquit,
741 3485 910 3554 frater
940 3499 1083 3537 meus
1126 3482 1178 3534 in
1227 3479 1441 3532 hortum
1474 3494 1629 3531 suum
1655 3477 1723 3543 “,
1773 3475 1938 3531 simul
1977 3473 2085 3527 Do-

502 3577 639 3632 mini
684 3575 1002 3646 signiticans
1037 3573 1286 3626 divinum
1320 3570 1377 3624 in
1417 3583 1641 3624 carnem
1685 3566 2002 3630 adventum,
2032 3571 2088 3618 et

501 3669 654 3723 l’auli
701 3668 757 3722 in
807 3668 925 3738 ipso
971 3672 1399 3736 praamonstrans
1446 3661 1771 3716 descensum
1806 3674 1871 3714 ex
1909 3657 2084 3720 ccelis,

501 3771 798 3832 postquam
825 3775 991 3830 supra
1029 3759 1181 3829 ipsos
1225 3774 1255 3812 a
1291 3769 1438 3812 terra
1473 3765 1664 3826 raptus
1695 3763 1863 3810 esset.
1894 3750 2087 3806 Frater

503 3864 686 3908 autem
735 3850 1050 3908 Solomonis
1095 3857 1152 3904 et
1186 3847 1344 3902 Pauli
1387 3846 1690 3903 secundum
1739 3838 1964 3899 carnem
2001 3851 2088 3898 cst

501 3945 782 4007 Christus,
812 3942 907 4012 qui
936 3941 992 3996 in
1022 3942 1242 3996 hortum
1271 3955 1432 3996 suum
1463 3937 1764 3994 descendit.
1795 3934 1863 3990 Et
1897 3951 2088 3990 rursus

501 4036 607 4091 alia
647 4035 858 4088 ratione
885 4033 1129 4103 ipsorum
1172 4031 1367 4094 trater,
1395 4028 1542 4099 quod
1584 4027 1747 4082 ambo
1787 4026 2088 4098 Synagogaa

502 4125 710 4181 alumni
737 4124 886 4189 facti,
921 4121 1361 4179 circumcisiouis
1387 4121 1623 4176 cultrum
1654 4119 1756 4175 sub
1777 4118 1911 4190 jugo
1955 4116 2089 4187 legis

503 4220 830 4274 tolerarunt.

894 4391 1410 4450 INTERROGATIO
1446 4391 1530 4448 CX
1543 4390 1704 4444 LIII'.

570 4491 714 4560 Quid
760 4489 970 4560 igitur?
1011 4486 1150 4540 Num
1184 4487 1528 4541 Servatorem
1565 4483 1846 4537 Christum
1885 4493 1992 4534 non
2026 4479 2083 4535 in

506 4587 682 4649 cwlis,
716 4583 812 4639 sed
849 4583 904 4636 in
938 4590 1082 4635 terra
1115 4589 1297 4648 putas,
1329 4577 1592 4641 animam,
1639 4575 1770 4629 dum
1801 4573 2086 4643 cruciﬁge-

507 4684 683 4741 retur,
706 4671 848 4742 apud
893 4669 1064 4724 Deum
1101 4669 1391 4738 deponere,
1439 4665 1753 4720 dicentem;
1812 4662 1996 4727 Pater,
2039 4661 2095 4714 in

507 4782 695 4822 manus
727 4773 847 4816 tuas
888 4759 1191 4814 commendo
1218 4758 1466 4826 spiritum
1511 4771 1684 4809 meum
1715 4755 1798 4808 ⁸δῖ
1831 4752 1898 4808 Ει
1928 4754 1993 4807 ad
2018 4752 2099 4807 Ia-

510 4867 745 4916 tronetn,
773 4851 942 4905 Hodie
969 4865 1171 4903 mecum
1199 4849 1303 4903 eris
1350 4849 1404 4901 in
1436 4847 1688 4917 paradiso
1710 4845 1800 4899 "?
1844 4845 1901 4898 Si
1933 4844 2097 4913 igitur

512 4947 567 5000 in
594 4943 736 4999 cmlo
777 4951 862 4996 est
893 4939 1034 4993 Deus
1069 4946 1124 4992 et
1154 4935 1314 4991 Pater
1347 4934 1575 4996 Christi,
1619 4931 1846 4987 omnino
1893 4930 2005 4984 illic
2041 4937 2098 4983 et

511 5035 798 5108 paradisus
827 5031 952 5098 erit,
980 5031 1032 5084 in
1063 5045 1226 5100 quem
1245 5027 1502 5082 Christus
1536 5041 1594 5082 se
1621 5024 1876 5096 promisit
1925 5021 2098 5077 intro-

512 5129 805 5184 ducturum
823 5124 1090 5178 latronem
1116 5135 1302 5176 secum
1329 5117 1672 5173 cruciﬁxum.

1146 5211 1456 5282 Responsio.

589 5307 978 5380 Blasphemum
1007 5311 1063 5359 et
1085 5312 1344 5359 extrema;
1383 5302 1670 5358 dementia:
1703 5300 1838 5356 mihi
1887 5299 2100 5353 videtur

515 5417 660 5467 esse,
695 5401 751 5455 in
788 5401 930 5454 C(BIO
967 5397 1050 5452 vel
1081 5396 1338 5466 paradiso
1366 5403 1604 5461 tantum,
1653 5403 1707 5448 et
1747 5408 1855 5446 non
1897 5391 2099 5460 ubique

517 5494 763 5549 divinum
806 5490 1018 5545 Numen
1049 5502 1172 5544 esse
1224 5485 1482 5541 arbitrari
1518 5504 1533 5542 :
1566 5486 1619 5540 in
1660 5485 1917 5541 omnibus
1953 5483 2100 5538 cutim

519 5587 810 5651 exsistens,
837 5583 1020 5639 omnia
1053 5596 1272 5652 quoque
1293 5579 1691 5652 complectitur,
1715 5579 1979 5642 ccelestia,
1999 5587 2105 5632 ter-

526 5680 742 5747 restria,
786 5677 1140 5734 subterranea
1174 5673 1446 5745 :proinde
1492 5683 1547 5730 et
1593 5674 1648 5729 in
1682 5687 1874 5728 orcum
1918 5671 2097 5741 ingre-

2172 510 2276 576 λεν,
2305 513 2407 576 Εἰς
2447 511 2555 564 τὸν
2581 508 2967 577 παράδεισον.
3014 507 3251 578 Ἀνάγκη
3277 503 3372 562 οὖν
3395 511 3463 580 τῇ
3505 511 3749 585 ὑμετέρᾳ

2175 602 2296 654 καθ’
2328 601 2480 670 ὐμῶν
2508 599 2812 670 χρήσασθαι
2842 601 3016 670 φωνῇ,
3047 599 3147 651 εἴθ’
3175 597 3349 662 οὕτως
3391 599 3483 652 ἐπὶ
3512 600 3614 671 τὴν
3656 602 3750 672 ζή-

2167 707 2328 760 τησιν
2349 690 2441 743 τοῦ
2475 689 2676 762 ἄρθρου
2709 689 3001 758 φοιτῆσαι·
3035 689 3172 758 φατὲ
3200 689 3310 760 γάρ
3357 690 3432 760 μὴ
3465 691 3752 761 εἰρηκέναι

2171 782 2356 842 αὐτὸν.
2390 782 2726 846 καταϐάντα,
2754 780 2870 834 ἀλλ’
2897 779 3216 852 ἁρπαγέντα
3243 783 3324 845 είς
3350 781 3440 834 τὸν
3483 783 3752 852 παράδειο

2173 889 2286 936 σον,
2315 875 2378 925 ὲκ
2421 872 2610 926 τούτου
2649 873 3060 941 άποσειὸμενον,
3093 871 3169 934 ὠς
3191 871 3356 936 ἔοικε,
3381 871 3480 934 τάς
3503 872 3613 925 τῶν
3641 874 3754 926 ἀοι-

2172 963 2346 1032 δίμων
2399 962 2624 1035 πατρῶν
2671 963 2942 1026 παιδείας.
2999 963 3155 1016 Ἐπεὶ
3182 963 3292 1034 γάρ
3325 965 3426 1018 οὐκ
3463 964 3570 1034 ἔφη
3617 966 3752 1019 ἀνα-

2173 1055 2362 1117 ϐάντα,
2393 1055 2508 1108 ἀλλ’
2539 1055 2879 1126 ἁρπαγέντα,
2915 1057 3071 1128 παρὰ
3101 1058 3256 1112 τοῦτο
3300 1054 3390 1131 ἆρ’
3413 1060 3515 1112 οὐκ
3557 1059 3753 1112 ἀναϐέ-

2169 1143 2374 1214 ϐηκεν;
2433 1146 2496 1198 Ei
2544 1145 2603 1198 δὲ
2649 1145 2990 1218 ἀναϐέϐηκεν
3028 1149 3317 1220 άρπαγεὶς,
3366 1148 3614 1221 δηλονότι
3661 1151 3755 1204 καὶ

2173 1236 2546 1306 καταϐέϐηκεν
2577 1237 2635 1288 έν
2662 1237 2975 1310 παραδείσῳ
3003 1240 3294 1312 άρπαγείς.
3328 1241 3438 1294 Kal
3462 1238 3599 1298 οῖδα
3623 1242 3753 1313 γάρ,

2173 1329 2326 1397 φησι,
2361 1328 2468 1382 τὸν
2501 1327 2772 1384 τοιοῦτον
2807 1330 3121 1399 ἄνθρωπον
3147 1328 3492 1404 ἁρπαγέντα
3523 1335 3613 1400 είς
3649 1333 3758 1387 τὸν

2174 1417 2562 1486 παράδεισον.

2722 1533 2972 1587 ΠΕΥΣΙΣ
3009 1535 3188 1592 ΡΜΡ.

2257 1643 2396 1698 Ἀλλ’
2460 1645 2718 1718 ὑπεράνω
2763 1646 2922 1718 ἡμῶν
2974 1647 3249 1718 ὁρώμενος
3301 1648 3550 1720 οὐρανὸς,
3602 1647 3757 1720 δηλοῖ

2173 1737 2433 1791 ἀναϐάσει
2464 1737 2626 1790 αὐτὸν
2666 1739 3033 1809 χρησάμενον,
3091 1738 3348 1810 ὑπεράνω
3397 1738 3562 1795 αὐτοῦ
3597 1739 3755 1810 γενέ-

2174 1826 2321 1893 σθαι,
2361 1826 2490 1880 ἔνθα
2517 1827 2612 1881 καὶ
2641 1828 2734 1881 τὸν
2766 1827 3095 1900 παράδεισον
3127 1827 3377 1901 νοοῦμεν.

2782 1921 3148 1989 Ἀπόκρισις.

2244 2009 2344 2062 Διά
2371 2009 2424 2062 τί
2457 2004 2552 2063 οὗν
2583 2008 2658 2081 μὴ
2699 2008 2933 2064 συνελὼν
2961 2010 3088 2084 ἔφη,
3123 2013 3232 2066 Καὶ
3266 2007 3400 2068 οῖδα
3423 2012 3530 2066 τὸν
3558 2011 3757 2067 τοιοῦ·

2172 2113 2280 2151 τον
2322 2098 2638 2166 ἄνθρωπον
2681 2098 3024 2169 ἁρπαγέντα
3068 2102 3157 2167 είς
3209 2101 3316 2156 τὸν
3363 2101 3627 2170 οὐρανὸν
3655 2101 3757 2156 καὶ

2175 2189 2578 2258 παράδεισον;
2631 2191 2767 2244 ἀλλὰ
2820 2195 2888 2263 τῇ
2944 2193 3253 2266 μεσεμϐολῇ
3302 2195 3397 2248 τοῦ
3427 2194 3654 2266 ἄρθρου,
3689 2197 3757 2248 τά

2176 2283 2351 2354 χωρία
2390 2282 2661 2353 διέστησε,
2701 2284 2947 2353 φάσκων,
2986 2287 3097 2338 Καὶ
3147 2281 3283 2340 οἴδα
3327 2287 3436 2341 τὸν
3480 2287 3760 2341 τοιοῦτον

2176 2372 2489 2441 ἄνθρωπον
2538 2373 2880 2444 ἁρπαγέντα
2915 2373 3027 2442 ἕως
3081 2377 3281 2445 τρίτου
3328 2376 3586 2446 οὐρανοῦ
3609 2393 3624 2406 ·
3659 2377 3759 2429 καί

2177 2471 2384 2528 πάλιν,
2407 2470 2752 2540 ἁρπαγέντα
2773 2472 2861 2537 εὶς
2883 2470 3254 2540 παράδεισον
3278 2488 3290 2501 ·
3323 2473 3386 2526 τὸ
3413 2474 3489 2538 δὲ,
3519 2473 3620 2526 καὶ
3647 2471 3758 2524 πά-

2174 2563 2296 2626 λινζ
2322 2561 2406 2630 ἐφ’
2457 2561 2646 2632 ἕτερον
2684 2561 2847 2615 τόπον
2887 2562 3012 2616 τινὰ
3062 2563 3415 2636 μεθίστησιν·
3462 2565 3605 2619 κατὰ
3659 2566 3759 2635 τὴν

2177 2655 2362 2709 είκόνα
2403 2654 2498 2708 τοῦ
2529 2658 2726 2726 πρανεῖ
2761 2657 2931 2728 πεδίῳ
2975 2658 3344 2728 κυκλουμένου
3395 2660 3577 2732 ὅρους,
3629 2663 3689 2714 ὲν
3717 2655 3762 2729 ᾧ

2175 2764 2260 2811 τις
2307 2747 2557 2816 γενέσθαι
2611 2748 2907 2820 ἀγάμενος,
2973 2750 3062 2805 διὰ
3115 2751 3216 2823 τῆς
3272 2753 3366 2807 ἐπὶ
3423 2753 3516 2808 τοῦ
3570 2755 3760 2809 πεδίου

2179 2841 2424 2911 πορείας,
2457 2840 2714 2911 εὐμαρῶς
2741 2841 2915 2912 τούτῳ
2960 2844 3245 2915 ἐπιφοιτᾷ·
3293 2846 3341 2899 εί
3386 2845 3443 2899 δὲ
3473 2845 3762 2917 βουληθείη

2181 2930 2396 2999 πρῶτον
2427 2929 2683 3001 ἐπιϐῆναι
2716 2929 2794 3000 τῷ
2826 2930 2964 3002 ὄρει,
3011 2931 3069 2998 se
3125 2931 3290 2987 αὐτοῦ
3335 2933 3394 2988 δὲ
3438 2933 3515 3006 τῷ
3567 2935 3761 3007 πεδίῳ,

2183 3022 2334 3075 πᾶσα
2365 3019 2577 3092 ἀνάγκη
2613 3023 2676 3074 ἐκ
2706 3022 2802 3076 τοῦ
2849 3023 3056 3095 ὑψηλοῦ
3102 3024 3196 3076 ἐπὶ
3237 3023 3300 3078 τὸ
3347 3025 3552 3097 πρανὲς
3599 3027 3764 3081 αὐτὸν

2184 3110 2611 3183 παραγενέσθαι.
2662 3113 3067 3186 Παραπλησίως
3096 3115 3240 3169 δοκῶ
3271 3117 3362 3170 τὸν
3404 3115 3548 3186 ἱερὸν
3597 3117 3768 3172 Ἀπό-

2185 3202 2388 3265 στολον,
2431 3201 2644 3273 πρῶτον
2699 3203 2796 3274 μὲν
2849 3207 2964 3268 τοῖς
3010 3205 3260 3274 οὐρανοῖς
3307 3208 3759 3278 ὲπιφοιτήσαντα.

2183 3289 2390 3344 ἐκεῖθεν
2416 3293 2495 3356 είς
2522 3291 2616 3344 τὸν
2644 3293 2973 3362 παράδεισον
3014 3295 3376 3366 ηταπῆναι.
3423 3295 3766 3360 ’Δξιόπιστος

2182 3383 2240 3437 δὲ
2267 3384 2374 3455 πρὸ
2404 3383 2618 3437 Παύλου
2652 3385 2862 3457 μάρτυς
2889 3387 2918 3439 ὁ
2952 3383 3061 3440 τῶν
3091 3384 3251 3440 θείων
3290 3386 3457 3457 σοφὸς
3489 3387 3764 3458 Σολομὼν,

2184 3473 2440 3545 αἰσθητὸν
2459 3474 2554 3528 καὶ
2573 3475 2667 3528 ἐπὶ
2698 3475 2804 3546 γῆς
2825 3475 3000 3546 δηλῶν
3027 3475 3119 3530 τὸν
3143 3477 3468 3550 παράδεισον
3489 3495 3502 3509 ·
3535 3479 3764 3548 Κατέϐη

2185 3567 2317 3636 γάρ,
2355 3567 2543 3636 φησὶν,
2579 3570 2612 3621 ό
2647 3566 2972 3636 ἀδελφιὸός
2999 3585 3119 3638 μου
3155 3572 3244 3636 είς
3275 3568 3384 3623 τὸν
3428 3568 3628 3638 κῆπον
3659 3573 3770 3624 αὺο

2186 3658 2314 3721 τοῦ,
2353 3657 2489 3730 ὁμοῦ
2514 3659 2614 3730 τὴν
2645 3657 2738 3712 τοῦ
2764 3657 2968 3728 Κυρίου
2998 3659 3277 3732 σημαίνων
3305 3659 3623 3733 θεανδρικὴν
3643 3663 3770 3715 ἑπι-

2189 3750 2458 3821 φοίτησιν,
2491 3751 2587 3804 καὶ
2611 3750 2710 3821 τὴν
2747 3749 2960 3804 Παύλου
2983 3752 3040 3804 ὲν
3077 3751 3227 3823 αὐτῷ
3259 3754 3571 3823 προφαίνων
3596 3755 3771 3807 κατάο

2188 3841 2346 3894 ϐασιν
2372 3840 2433 3906 ἐξ
2461 3841 2725 3912 οὐρανῶν,
2761 3841 2900 3913 μετὰ
2917 3842 3015 3913 τὴν
3041 3843 3152 3896 άπὸ
3173 3843 3276 3914 τῆς
3301 3844 3404 3915 γῆς
3431 3845 3569 3918 ὑπὲρ
3589 3845 3773 3899 αὐτῶν

2188 3932 2445 4004 ἁρπαγήν
2467 3947 2481 3960 ·
2517 3931 2744 4001 ἁδελφὸς
2771 3931 2830 3985 δὲ
2856 3931 3199 4004 Σολομῶντος
3243 3933 3338 3989 καὶ
3373 3935 3588 3990 Παύλου
3626 3938 3773 3991 κατὰ

2191 4024 2369 4094 σάρκα
2417 4023 2445 4075 ό
2472 4023 2728 4097 Χριστὸς,
2759 4023 2788 4076 ὁ
2827 4025 2907 4087 είς
2934 4025 3028 4078 τὸν
3060 4027 3266 4096 κόσμον
3303 4027 3471 4080 αὑτοῦ
3505 4028 3770 4092 καταϐάς.

2190 4115 2302 4169 Καὶ
2363 4113 2524 4168 πάλιν
2566 4114 2752 4186 ἔτερος
2783 4115 3009 4185 ἀδελφὸς
3056 4116 3258 4182 αὐτῶν,
3302 4118 3469 4190 ἄμφω
3504 4120 3601 4190 τῆς
3645 4137 3775 4174 συν-

2191 4206 2414 4277 αγωγῆς
2449 4205 2724 4260 ὑπότιτθοι
2765 4205 3064 4278 γενόμενοι,
3096 4207 3194 4262 καὶ
3232 4210 3330 4280 τῆς
3362 4213 3659 4282 περιτομῆς
3710 4213 3776 4266 es

2196 4297 2434 4368 σιδήριον
2459 4299 2920 4369 καρτερήσαντες,
2954 4299 3048 4352 καὶ
3075 4297 3154 4368 τῷ
3179 4299 3328 4368 ζυγῷ
3352 4300 3447 4355 τοῦ
3477 4302 3661 4373 νόμου.

2751 4389 2998 4444 ΠΕΥΣΙΣ
3031 4391 3186 4444 PM!"
3208 4394 3245 4446 '.

2259 4481 2325 4534 Τί
2372 4475 2494 4548 οῦνς
2542 4481 2771 4554 Σωτῆρα
2818 4483 3052 4553 Χριστὸν
3099 4485 3200 4538 οὐκ
3239 4487 3296 4538 ὲν
3341 4487 3605 4559 οὐρανοῖς,
3655 4487 3776 4544 άλλ⁷

2193 4575 2287 4628 ἐπὶ
2309 4577 2412 4644 γῆς
2436 4573 2674 4645 νομίζεις
2697 4575 2797 4644 τὴν
2817 4574 2994 4647 ψυχὴν
3018 4577 3077 4630 ὲν
3102 4577 3180 4648 τῷ
3211 4579 3573 4649 σταυροῦσθαι
3601 4599 3782 4653 παρα-

2193 4666 2456 4730 τίθεσθαι,
2486 4666 2730 4736 λέγοντα,
2761 4665 2975 4734 Πάτερ,
3013 4670 3101 4734 είς
3137 4669 3340 4739 χεῖράς
3374 4687 3492 4725 σου
3532 4676 3783 4741 παρατί-

2197 4761 2337 4827 θημι
2369 4757 2435 4811 τὸ
2466 4757 2701 4828 πνεῦμά
2728 4777 2846 4828 μου
2865 4775 2878 4790 ’
2913 4759 3006 4813 καὶ
3047 4759 3185 4830 πρὸς
3223 4760 3315 4814 τὸν
3345 4759 3567 4831 λῃστὴν,
3591 4761 3775 4830 Erige-

2189 4868 2304 4918 ρον
2335 4853 2463 4918 μετ’
2496 4850 2642 4919 ἐμοῦ
2680 4851 2798 4920 ἐσῃ
2839 4852 2909 4906 ἐν
2949 4849 3030 4916 τῷ
3076 4852 3457 4921 παραδείσφ;
3500 4854 3562 4906 Εἰ
3593 4850 3683 4910 οὖν
3723 4859 3786 4909 ἐν

2199 4941 2412 5014 οὐρανῷ
2440 4943 2468 4994 ὁ
2496 4942 2628 5006 Θεὸς
2657 4943 2751 4997 καὶ
2775 4942 2964 5015 Πατὴρ
2992 4943 3086 4998 τοῦ
3121 4944 3380 5015 Χριστοῦ,
3416 4945 3533 4998 ὲκεῐ
3564 4946 3787 5010 πάντως

2202 5036 2293 5086 καὶ
2322 5034 2348 5086 ὁ
2382 5033 2725 5105 παράδεισος,
2755 5037 2813 5088 ὲν
2844 5028 2889 5104 ᾦ
2917 5035 3008 5090 τὸν
3043 5036 3243 5108 λῃστὴν
3281 5035 3522 5105 εἰσάγειν
3569 5037 3600 5090 ό
3641 5038 3788 5108 Χρι-

2203 5124 2324 5186 στὸς
2356 5123 2718 5194 ἐπηγγείλατο
2743 5125 3207 5197 συσταυρούμενον
3245 5126 3414 5197 αὐτῷ.

2823 5218 3174 5286 Ἀπόκρισις.

2274 5306 2622 5378 Βλάσφημον,
2666 5308 2762 5361 καὶ
2807 5309 2989 5379 πάσης
3026 5311 3212 5376 ἀνοίας
3253 5329 3343 5383 μοι
3393 5311 3559 5377 δοκεῖ,
3597 5312 3656 5364 ὲν
3700 5311 3791 5364 οὖ-

2208 5398 2354 5469 ρανῷ
2407 5399 2441 5471 ἢ
2485 5400 2796 5473 παραδείσῳ
2846 5402 3025 5473 μόνον,
3062 5403 3158 5456 καὶ
3201 5403 3275 5474 μὴ
3325 5404 3500 5475 πάντη
3532 5404 3592 5457 τὺ
3629 5405 3787 5458 Θεῐον

2205 5489 2444 5544 οἴεσθαιο
2489 5493 2548 5544 ὲν
2603 5493 2738 5545 πᾶσι
2782 5492 2892 5564 γάρ
2946 5494 3210 5565 ὑπάρχον,
3265 5495 3362 5548 καὶ
3409 5495 3626 5547 πάντων
3668 5496 3788 5548 ἐστὶ

2208 5581 2554 5650 περιεκτικδν
2591 5583 2854 5654 οὐρανίων
2899 5601 2960 5636 τε
3004 5585 3100 5639 καὶ
3147 5585 3437 5654 ἐπιγείων,
3486 5585 3580 5639 καὶ
3616 5602 3790 5639 κατα-

2203 5667 2427 5738 χθονίων
2445 5687 2458 5700 ”
2489 5669 2628 5725 ὥστε
2654 5668 2746 5727 οὖν
2769 5675 2859 5728 καὶ
2891 5677 2948 5730 ὲν
2975 5674 3052 5747 τῷ
3075 5674 3178 5748 ᾅδῃ
3203 5677 3534 5748 φοιτήσασαν
3557 5675 3656 5748 τὴν
3682 5673 3788 5732 τοῦ

593 5874 646 5916 υ
680 5873 837 5939 Cant.
887 5888 962 5939 νι,
1019 5871 1068 5940 I,
1114 5886 1225 5928 sec.
1282 5868 1447 5928 LXX.
1523 5871 1569 5905 ⁸⁸
1616 5869 1748 5928 Luc.
1787 5886 1944 5940 mit,
1995 5870 2064 5928 46
2161 5870 2208 5903 ”
2257 5869 2388 5927 ibid.
2425 5870 2514 5926 45.

3967 884 3974 1052 Ν
