4112 6380
346 380 486 437 1093

345 500 482 555 Θεοῦ
531 502 626 559 καὶ
674 503 848 574 Λόγου
904 502 1276 576 σαρκωθέντος
1308 501 1506 573 ψυχὴν,
1556 501 1616 554 ὲν
1654 503 1777 564 ταῖς
1825 518 1932 553 πα-

345 594 541 665 τρῴοις
564 596 752 666 χερσὶν
786 596 956 667 αὐτὴν
995 596 1263 666 ὑπάρχειν
1290 594 1501 665 φαμέν·
1538 595 1596 646 ὲν
1626 592 1938 663 παραδείσῳ

346 682 405 735 δὲ
433 684 712 755 γινόμενον
741 685 974 758 Χριστὸν
1010 688 1075 757 τῇ
1109 685 1341 756 θεότητι,
1365 686 1459 738 καὶ
1489 683 1584 737 τοῦ
1614 683 1811 755 λῃστοῦ
1840 682 1939 754 τὴν

347 778 523 850 ψυχὴν
563 781 1031 852 συνεπαγόμενον·
1082 781 1177 834 καὶ
1227 779 1399 843 οὕτως
1435 782 1558 843 ταῖς
1600 781 1694 833 τοῦ
1736 780 1936 850 Γεννή-

347 884 506 940 τορος
563 871 840 942 παλάμαις
890 872 1255 925 ἐνδιαιτᾶσθαι
1322 871 1485 925 αὐτὸν
1544 870 1933 941 ὁμολογοῦμεν.

356 959 416 1014 '0
446 958 555 1033 γὰρ
585 961 731 1029 Θεὸς
756 961 923 1031 ἡμῶν
951 962 1020 1015 ἐν
1044 961 1123 1027 τῷ
1151 959 1382 1030 οὐρανῷ
1419 961 1517 1014 καί
1540 960 1609 1014 ἐν
1634 959 1710 1028 τῇ
1741 959 1840 1029 τῇ,
1869 961 1940 1015 ἐν

350 1047 480 1113 ταῖς
516 1048 877 1114 θαλάσσαις,
928 1049 1025 1102 καί
1082 1050 1153 1103 ὲν
1197 1049 1422 1116 πάσαις
1464 1049 1592 1116 ταῖς
1624 1050 1936 1121 ἀϐύσσοις,

350 1138 484 1207 φησὶ
512 1138 676 1191 Δαὸὶδ
705 1142 734 1191 6
759 1139 867 1192 τῶν
903 1139 1063 1193 θείων
1093 1139 1326 1211 μελῳδός
1346 1158 1358 1169 °
1388 1140 1482 1194 καὶ
1515 1141 1695 1205 πάλιν,
1725 1141 1847 1193 Ὅτι
1870 1141 1940 1195 ὲν

349 1227 425 1297 τῇ
458 1230 610 1298 χειρὶ
642 1230 832 1285 αὑτοῦ
877 1231 952 1284 τὰ
993 1230 1217 1300 πέρατα
1256 1230 1368 1301 τῆς
1402 1230 1545 1301 γῆς·
1576 1232 1672 1286 καὶ
1713 1232 1875 1285 πάλιν
1910 1233 1940 1285 6

349 1321 536 1385 αὐτὸς,
580 1320 715 1374 Ἐὰν
764 1321 962 1376 ἀναϐῶ
1000 1325 1087 1388 εις
1123 1320 1230 1376 τόν
1266 1323 1544 1391 οὐρανὸν,
1575 1322 1657 1377 σὺ
1692 1318 1935 1376 ἐκεῖ,εἷ·

349 1409 458 1462 ἐὰν
494 1410 725 1464 καταϐῶ
752 1414 837 1477 εὶς
875 1413 982 1466 τὸν
1009 1412 1186 1481 ᾅδην,
1213 1412 1405 1482 πάρει.
1441 1414 1505 1467 El
1549 1414 1607 1468 δὲ
1647 1415 1675 1467 6
1711 1414 1939 1485 οὐρανὸς

351 1498 566 1553 πάντων
597 1501 744 1555 ἐστὶν
770 1501 1091 1574 ὑπέρτερος,
1125 1502 1257 1573 ᾅδης
1287 1503 1344 1557 δὲ
1385 1503 1497 1557 τῶν
1539 1503 1675 1557 ὅλων
1721 1503 1941 1573 βαθύτε-

355 1608 465 1661 ρος,
492 1594 549 1644 ὲν
569 1592 777 1655 τούτοις
799 1593 857 1647 δὲ
882 1594 942 1646 τὸ
962 1594 1114 1647 Θεῖον
1141 1596 1394 1665 ὑπάρχει,
1419 1594 1535 1665 ἅμα
1559 1612 1617 1648 τε
1644 1594 1736 1649 καὶ
1760 1594 1940 1651 πάντα

351 1685 626 1756 περιέχειν
651 1685 848 1755 βοῶσιν
871 1684 921 1739 δι
946 1687 1244 1752 θεσπέσιοι,
1274 1688 1513 1758 δηλονότι
1542 1688 1636 1742 καὶ
1654 1691 1683 1742 6
1707 1688 1939 1759 Χριστὸς

350 1780 417 1847 τῇ
454 1778 662 1847 θεότητι
695 1779 869 1851 πάντη
903 1780 1208 1851 συμπαρὼν
1234 1779 1313 1851 τῷ
1340 1781 1534 1851 Πατρὶ,
1563 1783 1621 1833 ὲν
1659 1784 1781 1845 ταῖς
1805 1799 1931 1852 χερ-

353 1869 437 1919 σὶν
494 1868 657 1922 αὐτοῦ
704 1870 1061 1941 παρατίθεται
1110 1871 1210 1941 τὴν
1250 1872 1448 1942 ψυχήν.
1486 1873 1549 1925 Ei
1596 1870 1705 1943 γὰρ
1734 1875 1928 1945 ψυχαὶ

349 1956 677 2011 δικαίωνε-ν
691 1961 841 2030 χειρί
858 1962 1099 2031 Κυρίου,
1145 1963 1327 2028 καθώς
1358 1981 1524 2034 φησιν
1554 1966 1582 2017 6
1610 1965 1923 2035 Προφήτης,

354 2047 530 2118 πολλῷ
556 2049 755 2119 μᾶλλον
777 2051 870 2105 τοῦ
898 2051 1031 2106 Θεοῦ
1067 2054 1161 2106 καὶ
1197 2055 1371 2122 Λόγου
1389 2070 1402 2085 ·
1434 2055 1566 2124 παρ’
1591 2047 1653 2107 οὐ
1687 2055 1926 2122 ἐπίγειον

349 2139 443 2191 καὶ
469 2138 723 2209 αἰσθητὸν
760 2140 1023 2213 ὑπάρχειν
1048 2142 1140 2195 τὸν
1166 2143 1492 2214 παράδεισον
1524 2141 1885 2213 παιδευόμεθα
1906 2158 1921 2172 ·

346 2231 410 2281 οὐ
442 2230 550 2300 γάρ
583 2247 714 2304 φησι
748 2231 827 2303 τῷ
860 2233 952 2285 ἐπὶ
1004 2232 1160 2298 ξύλου
1206 2234 1693 2306 συναπῃωρημένῳ
1734 2234 1929 2305 λῃστῇ,

349 2320 617 2391 Σήμερον
631 2324 758 2393 μετ’
785 2324 931 2393 ἐμοῦ
959 2326 1074 2394 ἔσῃ
1090 2326 1160 2378 ἐν
1187 2325 1267 2391 τῷ
1292 2326 1663 2394 παραδείσως
1692 2328 1932 2383 Ἀντεισ-

350 2416 472 2483 άγει
528 2417 706 2470 τοίνυν
745 2417 801 2469 ἐν
843 2418 1157 2488 παραδείσῳ
1200 2420 1229 2471 ὁ
1271 2419 1363 2472 τὸν
1396 2418 1600 2490 λῃστὴν
1634 2419 1806 2490 Ἀδὰμ
1838 2420 1928 2488 ὲξ-

349 2506 556 2577 ορίσας,
580 2506 671 2559 τὸν
697 2506 936 2579 δυσμενῆ
967 2509 1170 2581 λῃστὴν
1202 2510 1449 2580 ἐλεήσας.

912 2600 1162 2653 ΠΕΥΣΙΣ
1189 2600 1367 2655 ΡΜΔ¹.

418 2690 482 2741 Τί
514 2686 607 2743 οὖν
648 2690 894 2761 βούλεται
934 2691 1183 2757 Ἡσαΐας,
1218 2694 1284 2746 ὲκ
1329 2692 1623 2765 προσώπου
1653 2695 1750 2749 τοῦ
1794 2696 1929 2749 Θεοῦ

346 2781 540 2851 λέγων,
584 2784 707 2837 Ἐπὶ
731 2783 849 2838 τῶν
873 2783 1087 2854 χειρῶν
1108 2802 1228 2855 μου
1269 2785 1659 2857 ἐζωγραφησὰ
1696 2804 1813 2842 σου
1858 2792 1931 2843 τὰ

346 2881 513 2948 τείχη
533 2895 546 2908 °
582 2882 717 2951 ὅπερ
749 2880 975 2951 νοοῦμεν
1006 2882 1133 2951 περὶ
1170 2879 1264 2934 τοῦ
1298 2882 1621 2953 παραδείσου
1651 2883 1924 2951 λέγεσθαι.

348 2973 457 3026 Καὶ
483 2974 511 3025 6
549 2972 866 3035 Ἀπόστολος
890 2972 946 3026 δὲ
976 2972 1133 3025 τοῦτο
1161 2971 1333 3043 δηλῶν
1360 2976 1582 3043 γράφει,
1625 2974 1687 3030 Ἠ
1710 2974 1779 3027 δὲ
1807 2974 1928 3027 ἅνω

358 3065 742 3134 Ἰερουσαλὴμ
788 3062 1073 3133 ἐλευθέρα
1116 3064 1306 3129 ἐστὶν,
1348 3065 1478 3133 ἥτις
1526 3067 1699 3120 ἐστὶν
1730 3066 1929 3135 μήτηρ

345 3153 543 3223 mea,»
582 3154 771 3225 ἥντινα
825 3154 925 3208 οὐκ
978 3152 1145 3223 ἄλλην
1200 3153 1494 3226 δοκοῦμεν,
1547 3154 1580 3225 ἢ
1629 3155 1721 3207 τὸν
1758 3154 1928 3225 παρά-

345 3246 538 3304 δεισον.

952 3341 1314 3409 Ἀπόκρισις.

416 3429 741 3502 Συνηγορεῖν
768 3430 965 3501 μᾶλλον
993 3432 1027 3503 ἢ
1054 3433 1378 3504 κατηγορεῖν
1414 3447 1504 3501 μοι
1541 3429 1775 3496 ἐοίκατε,
1805 3430 1928 3484 ἀντὶ

347 3520 674 3590 παραδείσου
720 3522 1029 3594 φυτοκόμου
1076 3523 1163 3577 κοὶ
1205 3519 1598 3593 φρουροπώρου
1638 3521 1799 3575 πόλιν
1831 3522 1928 3575 καὶ

344 3612 496 3682 τείχη
532 3629 621 3681 μοι
651 3613 1014 3684 παράγοντες.
1049 3611 1152 3677 Τὶς
1192 3613 1248 3666 δὲ
1287 3615 1381 3666 καὶ
1419 3612 1706 3683 ὁμωνυμία
1735 3629 1928 3683 παρα-

346 3702 522 3755 δείσου
555 3704 648 3755 καὶ
682 3704 1053 3776 Ἰερουσαλὴμ,
1096 3705 1130 3775 ἢ
1179 3703 1409 3775 οὐρανοῦ
1458 3705 1554 3757 καὶ
1597 3705 1697 3775 τῆς
1746 3704 1926 3776 Ἐδὲμ,

347 3793 405 3843 ὲν
494 3792 584 3844 τὸν
626 3792 954 3862 παράδεισον
998 3793 1203 3863 Μωσῆς
1230 3793 1333 3846 ὐπὸ
1360 3792 1495 3846 Θεοῦ
1530 3793 1820 3863 γενόμενον
1843 3793 1931 3863 δη-

346 3887 449 3949 λοῖ,
480 3887 722 3954 φάσκων,
771 3886 880 3939 Καὶ
939 3886 1273 3954 ἐφύτευσεν
1312 3889 1345 3938 ὁ
1385 3887 1529 3951 Θεὸς
1561 3885 1931 3954 παράδεισον

344 3978 415 4030 ἐν
452 3976 621 4046 Ἐδὲμ
655 3978 803 4031 κατὰ
826 3975 1151 4043 ἀνατολάς-
1186 3976 1306 4047 οὐχὶ
1352 3975 1410 4029 δὲ
1453 3978 1513 4029 ὲν
1542 3975 1759 4048 οὐρανῷ
1788 3977 1931 4032 κατὰ

345 4068 633 4131 ἀνατολάς·
674 4069 783 4123 Καὶ
835 4068 1018 4138 πηγὴ,
1052 4067 1240 4139 φησὶν,
1282 4068 1589 4122 ἀναϐαίνει
1639 4067 1710 4133 ἐξ
1761 4068 1929 4139 Ἐδὲμ

346 4160 602 4222 ποτίζειν
626 4160 734 4215 τὸν
764 4161 1159 4230 παράδεισον·
1194 4160 1312 4231 οὐχὶ
1339 4160 1396 4214 δὲ
1420 4160 1736 4215 καταϐαίνει
1760 4161 1818 4227 ἐξ
1846 4163 1930 4215 οὐ·

348 4252 537 4323 ρανοῦ·
572 4253 680 4306 Καὶ
725 4253 989 4322 ποταμὸς
1030 4252 1417 4319 ἐκπορεύεται
1467 4251 1536 4317 ἐξ
1573 4252 1761 4322 Ἐδὲμ,
1806 4253 1928 4325 οὐχί

345 4345 400 4399 δὲ
425 4345 665 4399 κάτεισιν
686 4343 745 4411 ἐξ
769 4343 1009 4416 οὐρανῶν
1028 4361 1044 4377 ο
1082 4338 1289 4409 Οὗτος,
1322 4343 1476 4414 φησὶ,
1524 4342 1810 4413 μερίζεται
1839 4346 1927 4410 είς

345 4437 647 4505 τέσσαρας
682 4436 889 4506 ἀρχὰς,
917 4436 1037 4507 οὐχὶ
1059 4436 1115 4489 δὲ
1139 4438 1407 4509 καταρρεῖ
1426 4438 1506 4500 είς
1536 4436 1712 4507 ἀρχὰς
1736 4436 1926 4491 τέσσα-

347 4546 467 4601 ρας.
498 4526 608 4581 Ποῦ
655 4527 713 4581 δὲ
744 4529 802 4581 ὲν
840 4528 1053 4599 οὐρανῷ
1100 4531 1278 4593 συκαῖ,
1319 4528 1580 4598 φοίνικες,
1628 4529 1722 4581 καὶ
1777 4529 1919 4598 ῥοαὶ,

346 4622 441 4674 καὶ
465 4620 534 4674 τὰ
560 4620 741 4684 λοιπὰ,
768 4615 850 4684 οἷς
876 4620 1200 4693 παράδεισος
1229 4619 1550 4689 πυκάξεται,
1584 4622 1678 4675 καὶ
1709 4620 1921 4676 θάλλειν

345 4713 590 4781 πέφυκες
629 4713 739 4766 Ποῦ
767 4712 825 4766 δὲ
851 4714 908 4765 ὲν
934 4713 1181 4782 οὐρανοῖς
1201 4714 1379 4785 κρήνη
1421 4713 1515 4766 καὶ
1545 4713 1799 4784 ποταμοὶ,
1827 4716 1922 4767 καὶ

346 4804 510 4874 φυτὸν
543 4803 933 4875 παραϐάσεως;
985 4804 1182 4857 Ἀκουε
1215 4802 1393 4857 τοίνυν
1422 4803 1517 4857 τοῦ
1564 4805 1921 4875 συγγραφέως

343 4894 468 4956 τοὺς
497 4895 562 4945 ὲκ
592 4894 720 4963 μιᾶς
760 4894 967 4964 κρήνης
1014 4892 1382 4963 ἀποῤῥέοντας
1430 4892 1702 4965 τέσσαρας
1740 4911 1923 4946 ποτα-

348 4986 481 5055 μοὺς
505 4984 1021 5056 προσαγορεύοντος,
1049 4986 1144 5037 καὶ
1169 4986 1333 5039 οἱονεὶ⁹
1356 4986 1923 5053 δακτυλοδεικτοῦντος

345 5075 541 5137 αὐτοὺς
562 5077 628 5145 τῇ
660 5075 1018 5146 προσηγορίᾳ.
1046 5080 1153 5130 Kat
1186 5075 1373 5145 ὄνομα
1397 5075 1478 5142 τῷ
1504 5077 1595 5131 ἐνὶ
1626 5079 1918 5135 Φεισσών.

349 5161 537 5231 Οὗτος
567 5165 635 5218 δὲ
666 5165 781 5233 τὴν
809 5169 1136 5232 Αἰθιοπίαν,
1182 5169 1334 5240 φησὶ,
1370 5168 1468 5223 καί
1503 5169 1618 5238 τὴν
1662 5171 1925 5240 Ἰνδικὴν

346 5255 713 5324 παροδεύων,
746 5256 984 5327 Γάγγης
1013 5258 1149 5326 παρ’
1171 5258 1370 5313 αὐτῶν
1389 5263 1888 5331 προσαγορεύεται
1905 5280 1920 5295 ⁸

346 5347 499 5418 παρὰ
557 5347 615 5402 δὲ
674 5347 928 5421 Ἕλλησιν
982 5349 1189 5423 Ἴστρος
1252 5352 1347 5405 καὶ
1405 5350 1563 5415 Ἰνδὸς
1641 5354 1918 5425 om:an

346 5440 501 5511 παρὰ
526 5440 583 5493 δὲ
624 5441 898 5514 Ἰλλυρίοις
926 5443 1019 5496 καὶ
1060 5442 1353 5506 Ῥιπιανοῖς
1378 5446 1489 5508 τοῖς
1514 5445 1797 5516 παροίκοις
1828 5446 1920 5500 τοῦ

350 5534 598 5605 Ἴστρου,
649 5533 956 5605 Δανούὸηςο
1014 5535 1167 5607 παρὰ
1220 5535 1276 5588 δὲ
1327 5535 1544 5600 Γότθοις
1589 5536 1916 5602 Δουναῦτιςο

346 5628 527 5680 πᾶσαν
552 5626 607 5680 δὲ
648 5626 747 5698 τὴν
774 5626 878 5697 γῆν
919 5628 1116 5682 Εὐῖλὰτ
1147 5628 1385 5691 κυκλῶν,
1410 5628 1506 5699 τὴν
1541 5629 1798 5702 δευτέραν
1828 5632 1921 5685 Αί-

1725 379 2079 437 DIALOGUS
2146 376 2235 436 Ill.

3479 380 3502 430 1
3515 381 3621 433 1194

2038 500 2277 555 dientem
2306 500 2399 554 Dei
2422 510 2475 555 et
2517 499 2677 555 Verbi
2713 500 2980 555 incarnati
3021 514 3241 555 carnem
3277 498 3332 554 in
3377 497 3623 568 paternis

2041 590 2297 645 manibus
2332 606 2454 645 esse
2504 593 2757 647 dicimus.
2809 590 2865 646 In
2917 592 3173 662 paradiso
3220 599 3402 647 autem
3447 589 3622 646 fuisse

2038 682 2322 737 Christum
2349 682 2655 746 divinitate.
2694 692 2749 737 et
2786 699 2893 739 una
2922 684 3152 738 latronis
3173 684 3412 737 animam
3446 682 3623 737 addu-

2040 774 2208 839 xisse,
2261 775 2453 844 sicque
2506 776 2561 829 in
2595 774 2871 831 Genitoris
2921 777 3177 830 manibus
3223 776 3403 842 ipsum
3446 775 3619 829 fuisse

2040 866 2382 921 confitemur.
2419 864 2559 920 Deus
2588 867 2732 920 enim
2765 877 2941 920 noster
2955 868 3009 920 in
3037 866 3188 928 cale,
3214 876 3263 921 et
3284 867 3341 920 in
3374 876 3535 932 terra,
3567 875 3619 919 et

2040 955 2095 1008 in
2121 956 2278 1021 mari,
2302 967 2351 1010 et
2376 957 2431 1009 in
2455 958 2694 1011 omnibus
2729 958 2936 1027 abyssi:
2956 956 3026 1024 ⁸⁷,
3064 957 3240 1027 inquit
3273 956 3506 1013 Davides
3531 957 3619 1010 di-

2038 1048 2291 1103 vinorum
2340 1048 2432 1103 ille
2475 1050 2777 1104 carminum
2826 1057 3019 1105 auctor
3054 1059 3149 1106 :et
3201 1067 3397 1107 rursus
3427 1069 3440 1104 :
3467 1048 3617 1114 Quo-

2040 1141 2182 1194 niam
2212 1140 2266 1193 in
2289 1158 2449 1195 manu
2477 1142 2591 1210 ejus
2619 1152 2739 1195 sunt
2777 1142 2908 1210 ﬁnes
2945 1151 3100 1197 terra:
3117 1142 3164 1174 ³⁸
3187 1161 3201 1209 ;
3229 1150 3283 1198 et
3303 1143 3500 1197 iterum
3532 1141 3616 1196 in-

2039 1233 2159 1304 quit
2201 1233 2343 1289 idem
2377 1253 2392 1289 :
2434 1233 2495 1289 Si
2521 1235 2576 1288 in
2615 1235 2803 1289 cwlum
2841 1236 3145 1299 ascendere,
3203 1244 3260 1289 tu
3289 1235 3404 1289 illic
3424 1252 3478 1289 es
3493 1251 3515 1300 ;
3570 1237 3618 1288 si

2038 1325 2350 1381 descendere
2395 1327 2452 1379 in
2476 1343 2679 1393 ereum,
2741 1336 2797 1380 tu
2858 1327 2983 1381 ades
3001 1328 3067 1381 ⁸⁸.
3115 1326 3270 1393 Quod
3323 1327 3369 1384 si
3414 1327 3616 1382 ctelum

2038 1420 2282 1475 omnium
2308 1428 2391 1475 est
2419 1436 2718 1485 summum,
2772 1436 2938 1476 orcus
2984 1431 3167 1475 autem
3211 1420 3456 1474 omnium
3494 1419 3618 1474 inli-

2038 1526 2186 1574 mus,
2211 1519 2266 1565 et
2298 1511 2352 1565 in
2383 1511 2450 1566 iis
2483 1509 2693 1567 Numen
2744 1523 2848 1577 est,
2885 1512 3157 1581 simulque
3199 1512 3375 1582 ipsum
3430 1512 3616 1565 omnia

2039 1602 2317 1657 continere
2388 1603 2629 1657 clamant
2682 1602 2784 1656 viri
2824 1602 3299 1667 divinizconstat,
3365 1603 3511 1673 quod
3562 1615 3619 1681 et

2041 1691 2291 1748 Christus
2334 1693 2621 1748 divinitate
2667 1694 2869 1762 ubique
2914 1710 3157 1763 przesens
3196 1692 3366 1759 Patri,
3415 1686 3617 1749 nihileé

2041 1786 2223 1839 minus
2264 1784 2318 1838 in
2347 1786 2603 1841 manibus
2635 1785 2754 1855 ejus
2769 1785 3082 1854 deposuerit
3113 1786 3613 1842 animam.Sienim

2033 1874 2511 1942 animwjusterum
2540 1875 2596 1928 in
2628 1892 2790 1928 manu
2824 1874 3034 1929 Domini
3053 1877 3119 1939 '°,
3148 1878 3613 1945 quemadmodum

2030 1959 2205 2033 inquit
2234 1963 2525 2035 Propheta,
2558 1967 2729 2019 multo
2757 1968 2929 2036 magis
2958 1966 3051 2021 Dei
3083 1977 3137 2022 et
3168 1968 3334 2023 Verbi
3362 2011 3377 2033 ,
3406 1969 3474 2024 de
3502 1986 3613 2040 quo

2028 2060 2337 2107 terrestrem
2379 2062 2434 2109 et
2474 2055 2729 2110 sensilem
2758 2060 2907 2112 ‘esse
2939 2058 3255 2127 paradisum
3302 2060 3609 2128 docemur;

2028 2158 2136 2198 non
2159 2146 2303 2199 enim
2333 2146 2511 2216 inquit
2549 2148 2616 2202 ad
2672 2148 2937 2204 latronem
2988 2150 3041 2204 in
3068 2151 3215 2220 ligno
3262 2168 3448 2208 secum
3488 2170 3614 2210 sus-

2036 2248 2288 2301 pensum,
2332 2238 2502 2290 Hodie
2524 2255 2721 2292 mecum
2741 2241 2843 2293 eris
2867 2241 2921 2293 in
2943 2240 3235 2310 paradiso?
3263 2242 3493 2300 Reducit
3515 2247 3617 2317 igi—

2037 2332 2126 2379 tur
2157 2326 2208 2380 in
2250 2329 2565 2397 paradisum
2617 2332 2708 2401 qui
2750 2333 3015 2386 latronem
3065 2334 3336 2389 Adamum
3370 2336 3423 2390 in
3469 2340 3616 2392 exsia

2036 2415 2167 2471 lium
2208 2429 2413 2489 egerat,
2462 2421 2744 2477 inimicum
2793 2425 3083 2490 latronem,
3148 2426 3308 2497 cujus
3355 2430 3615 2486 misertus

2034 2521 2167 2567 erat.

2416 2603 2930 2660 INTERROGATIO
2984 2606 3217 2662 CXLIV.

2102 2691 2242 2757 Quid
2279 2694 2445 2764 igitur
2484 2696 2585 2749 sibi
2637 2698 2750 2750 vult
2789 2697 2981 2762 lsaias,
3024 2698 3079 2752 in
3114 2714 3346 2768 persona
3391 2698 3485 2754 Dei
3529 2702 3617 2755 di—

2032 2797 2161 2839 ecus
2195 2800 2207 2836 :
2243 2781 2310 2838 In
2354 2786 2596 2841 manibus
2631 2789 2759 2841 meis
2812 2788 3025 2857 depinxi
3065 2805 3244 2844 muros
3286 2792 3511 2845 tuos"?
3555 2791 3614 2846 ld

2033 2877 2179 2945 quod
2210 2876 2278 2931 de
2311 2880 2565 2947 paradiso
2596 2880 2702 2935 dici
2740 2881 3111 2951 intelligimus.
3144 2883 3249 2939 Sed
3288 2895 3343 2939 et
3369 2888 3611 2955 Apostoo

2032 2966 2117 3020 lus
2148 2966 2286 3020 idem
2320 2968 2405 3022 his
2435 2970 2613 3024 verbis
2642 2970 2867 3031 indicat,
2887 2972 3017 3035 Quae
3050 2990 3260 3027 sursum
3293 2987 3391 3038 est,
3420 2975 3614 3029 Hiere-

2033 3058 2257 3126 solyma,
2295 3057 2461 3112 libera
2510 3069 2605 3120 est,
2651 3076 2767 3130 qua:
2822 3071 2899 3114 est
2958 3075 3125 3117 mater
3160 3074 3343 3118 nostra
3368 3067 3434 3119 θ’.
3478 3065 3615 3122 Eam

2034 3165 2162 3205 vero
2190 3150 2394 3205 nullam
2427 3160 2684 3222 putamus
2717 3153 2903 3218 aliam,
2937 3170 3103 3225 quam
3137 3157 3480 3226 paradisum.

2667 3334 2975 3403 Responsio.

2096 3419 2437 3477 Patrocinari
2497 3422 2681 3492 potius
2733 3440 2896 3493 quam
2946 3426 3223 3482 adversari
3280 3429 3413 3484 mihi
3464 3431 3612 3485 vide-

2029 3513 2161 3566 mini
2191 3528 2288 3582 pro
2316 3513 2574 3581 paradiso
2600 3516 2890 3570 arboribus
2915 3519 3130 3572 consito
3160 3529 3213 3574 et
3238 3536 3399 3589 poma
3433 3534 3613 3577 custo-

2029 3604 2234 3667 diente,
2262 3604 2537 3658 civitatem
2571 3614 2625 3659 et
2650 3620 2839 3660 muros
2871 3607 3003 3660 mihi
3026 3608 3381 3667 adducentes.
3403 3612 3613 3669 Estau-

2031 3704 2138 3749 tem
2167 3696 2328 3748 etiam
2389 3694 2753 3764 aaquivocatio
2809 3698 3047 3767 paradisi
3102 3708 3157 3754 et
3194 3698 3608 3775 Hierosolyma,

2034 3786 2118 3841 vel
2143 3786 2267 3841 eteli
2295 3795 2350 3841 et
2384 3784 2577 3849 Edem,
2602 3786 2691 3841 ubi
2728 3788 3041 3857 paradisum
3074 3806 3103 3844 a
3137 3790 3247 3845 Deo
3262 3792 3462 3848 factum
3491 3796 3609 3849 Mn-

2031 3892 2119 3931 ses
2147 3877 2371 3944 indicat,
2404 3877 2588 3933 dicens
2616 3894 2631 3933 :
2668 3876 2738 3932 Et
2766 3879 3029 3948 plantavit
3058 3881 3194 3936 Deus
3223 3884 3531 3952 paradisum
3554 3890 3611 3941 in

2032 3966 2198 4022 Edent
2220 3968 2290 4021 ad
2327 3969 2577 4022 orientem
2601 3968 2648 3999 "
2678 3987 2693 4023 :
2729 3983 2838 4022 non
2877 3981 3057 4025 autem
3090 3972 3141 4026 in
3172 3975 3309 4028 caelo
3330 3977 3395 4028 ad
3422 3978 3609 4030 orietu-

2030 4068 2159 4115 tem.
2215 4058 2284 4112 Et
2305 4059 2445 4128 fons,
2487 4059 2683 4128 inquit,
2712 4060 2947 4114 ascendit
2982 4078 3048 4116 ex
3088 4062 3254 4116 Edent
3279 4069 3347 4118 ad
3375 4066 3610 4135 irrigan-

2028 4150 2157 4203 dum
2186 4149 2498 4219 paradisum
2514 4150 2601 4204 οδε
2641 4164 2749 4204 non
2785 4160 2989 4217 autem,
3024 4153 3305 4209 descendit
3341 4171 3410 4211 ex
3443 4159 3604 4213 caelo.

2029 4239 2101 4295 Et
2137 4241 2327 4309 ﬂuvius
2361 4241 2630 4311 egreditur
2657 4257 2722 4295 ea:
2751 4240 2997 4310 Edem”,
3017 4261 3125 4299 non
3156 4255 3358 4315 autem,
3384 4250 3609 4305 descen—

2026 4337 2107 4393 dit
2136 4351 2201 4390 ex
2225 4335 2401 4390 caalis.
2430 4334 2556 4398 Hic,
2588 4335 2785 4406 inquit,
2820 4338 3081 4391 dividitur
3107 4341 3163 4393 in
3202 4354 3432 4411 quatuor
3462 4345 3609 4412 prin-

2026 4430 2167 4497 cipia
2183 4429 2251 4491 “,
2277 4443 2387 4482 non
2421 4438 2628 4494 autem,
2657 4430 2914 4485 deorsum
2935 4431 3053 4486 ﬂuit
3075 4434 3127 4487 in
3150 4446 3385 4505 quatuor
3406 4440 3607 4509 capita.

2043 4520 2146 4576 Ubi
2174 4527 2355 4574 autem
2388 4520 2441 4573 in
2470 4519 2611 4575 caelo
2644 4530 2774 4575 sunt
2806 4521 2916 4585 ﬁci,
2952 4524 3166 4593 palmae,
3206 4529 3348 4582 mala
3385 4529 3607 4598 punica,

2029 4621 2225 4667 caetera
2250 4627 2372 4682 quae
2409 4611 2699 4680 paradisus
2744 4612 2978 4682 plurima
3021 4619 3287 4682 continet,
3332 4622 3607 4689 etquibus

2028 4703 2184 4759 ﬂoret
2206 4703 2565 4757 naturaliter?
2596 4702 2696 4758 Ubi
2732 4720 2863 4759 vero
2893 4705 2946 4759 in
2979 4707 3121 4760 ctelo
3157 4706 3280 4763 fons
3300 4719 3352 4764 et
3382 4710 3607 4767 ﬂumina

2027 4805 2083 4852 et
2113 4795 2278 4849 arbor
2304 4794 2796 4863 transgressionis?
2843 4796 2983 4850 Audi
3030 4797 3193 4869 igitur
3224 4799 3464 4855 historia?
3508 4818 3606 4856 au-

2027 4897 2231 4944 ctorem
2257 4901 2319 4940 ex
2352 4899 2461 4939 uno
2494 4882 2648 4938 fonte
2675 4896 2912 4954 quatuor
2940 4885 3163 4941 ﬂumina
3192 4889 3463 4945 ellluenlia
3490 4910 3606 4961 pro-

2017 4978 2387 5039 nuntiantem,
2418 4984 2472 5029 et
2504 4990 2568 5030 ea
2599 4977 2757 5045 quasi
2804 4975 2974 5045 digito
3003 4976 3467 5033 demonstrantem
3510 4998 3606 5049 per

2020 5072 2193 5143 ipsam
2217 5067 2657 5138 appellationem.
2700 5065 2768 5119 Et
2795 5067 2889 5120 uni
2936 5084 3120 5121 nomen
3158 5066 3361 5124 Phison
3382 5072 3453 5125 "'.
3502 5072 3603 5126 llic

2019 5179 2138 5217 vero
2191 5159 2549 5229 .Etltiepiam,
2594 5158 2789 5226 inquit,
2843 5169 2893 5211 et
2932 5157 3147 5213 Indiam
3204 5162 3600 5229 praeterlabens,

2022 5250 2229 5322 Ganges
2263 5250 2328 5303 ab
2354 5250 2483 5318 ipsis
2520 5247 2822 5317 appellatur
2842 5248 2908 5303 ’⁸.
2966 5249 3123 5315 Apud
3159 5249 3378 5307 Graecos
3418 5263 3601 5310 autem

2024 5343 2161 5399 ister
2182 5352 2236 5398 et
2268 5341 2434 5396 Indus
2470 5339 2669 5395 ﬂuvius
2716 5339 2940 5395 dicitur.
2978 5342 3136 5411 Apud
3169 5343 3380 5416 Illyrios
3418 5355 3601 5402 autem

2024 5451 2082 5497 et
2106 5440 2368 5510 Ripiauos
2395 5436 2609 5492 accolas
2642 5434 2904 5504 ﬂuminis,
2921 5435 3162 5494 Danubis
3184 5457 3200 5505 ;
3226 5441 3370 5509 apud
3393 5440 3603 5499 Gothos

2026 5547 2159 5588 vero
2181 5528 2467 5584 Dunautis.
2488 5525 2717 5581 Omnem
2755 5542 2881 5580 vero
2908 5537 3109 5582 terram
3142 5527 3318 5585 Evilat
3368 5533 3603 5587 circum-

2030 5630 2170 5691 iens,
2194 5621 2493 5679 secundam
2525 5618 2777 5675 videlicet
2801 5617 3138 5691 Ethiopian:
3176 5630 3232 5677 et
3260 5632 3443 5693 partes
3476 5621 3602 5695 Ely-

418 5810 464 5841 "
509 5809 649 5867 Psal.
686 5824 907 5873 cxxxw,
954 5807 1008 5862 6.
1083 5808 1127 5839 ⁸⁸
1170 5804 1317 5877 Psal.
1355 5820 1498 5871 χειν,
1533 5808 1587 5860 4.
1663 5806 1707 5839 ³⁸
1748 5805 1895 5877 Psal.

2032 5824 2214 5869 uvm,
2259 5806 2313 5862 8.
2362 5803 2800 5877 _”rSap._Aui,Ai_.
2835 5800 3015 5877 '_‘_lsa.
3056 5821 3205 5874 ms,
3238 5805 3325 5863 l6.
3400 5807 3445 5841 ⁹¹
3475 5808 3596 5868 Gal.

354 5896 428 5946 Iv,
455 5880 542 5935 26.

618 5881 665 5915 ”
694 5881 831 5936 Gen.
870 5894 930 5948 tt,
975 5881 1028 5935 8.
1099 5880 1145 5912 ’⁸
1177 5876 1309 5933 ibid.
1347 5878 1401 5932 6.
1476 5877 1521 5911 ”
1557 5877 1686 5934 ibid.
1727 5876 1812 5933 10.
1889 5878 1928 5912 ⁹⁴

2037 5879 2112 5935 id.
2187 5880 2233 5911 ’⁷
2263 5875 2397 5939 ibid.
2430 5876 2516 5933 11.
2544 5875 2556 5877 ’
2593 5875 2806 5934 "’ibid.
2850 5875 2939 5931 l5.
