4112 6380
266 370 400 427 1007

265 481 450 545 ζοντες
476 480 682 549 αθτοῖς,
712 481 800 536 διὰ
828 482 921 535 τοῦ
958 482 1324 554 παραθέοντος
1367 482 1536 545 Γεὼν,
1577 485 1774 538 Νείλου
1805 484 1859 538 δὲ

267 578 401 645 παρ’
454 576 638 638 αὐτοῖς
681 577 1223 647 προσαγορευομένου
1269 578 1649 642 ἀναπλέοντες,
1709 579 1862 629 ἐπει-

270 664 442 735 ρῶντο
465 665 542 735 τῷ
564 666 765 738 ῥείθρῳ
790 667 1129 739 χειραγωγού
1138 686 1288 739 μενοι
1308 669 1584 740 εὑρίσκειν
1609 671 1701 723 τὸν
1725 670 1863 741 μετὰ

266 754 360 809 τὸν
391 756 564 827 Ἀδὰμ
594 759 763 811 πᾶσιν
798 757 1028 812 ἀθέατον
1057 759 1381 830 παράδεισον
1401 775 1415 788 ο
1467 762 1560 813 ἐπὶ
1600 763 1862 832 μήκιστον

268 846 327 901 δὲ
356 848 755 919 ἀνανηξάμενοι
784 849 996 919 χρόνον,
1025 850 1119 902 καὶ
1152 849 1258 914 ἔξω
1285 852 1383 921 τῆς
1420 851 1743 922 οἰκουμένης
1773 868 1864 920 γε-

270 938 515 1011 νόμενοι,
558 941 653 993 καὶ⁹
694 942 752 993 ὲν
793 941 1096 1012 ἀμηχάνοις
1131 942 1211 1013 τῷ
1249 943 1385 1013 πυρὶ
1419 941 1514 995 τοῦ
1549 942 1700 1013 ἡλίου
1737 958 1866 995 κατ-

270 1030 580 1100 εφλέγοντο,
633 1033 727 1084 καὶ
777 1031 872 1085 τοῦ
913 1031 1183 1103 ῥεύματος
1211 1033 1418 1086 ἐκεῖθεν
1457 1034 1866 1103 παφλάζοντος,

268 1121 380 1175 οὐδ’
411 1122 602 1193 ἄκροις
642 1124 755 1183 τοῖς
790 1123 1074 1187 δακτύλοις
1119 1124 1152 1194 ἢ
1199 1124 1398 1195 χείλεσι
1448 1126 1642 1195 ψαύειν
1682 1126 1867 1180 λοιπὸν

269 1213 365 1266 τοῦ
400 1214 566 1267 πότου
598 1214 916 1284 δυνάμενοι,
951 1215 1045 1268 ἐπὶ
1084 1216 1184 1285 τὴν
1221 1216 1342 1270 ὅθεν
1374 1216 1714 1287 ἀπενήξαντο
1742 1219 1869 1282 τοὺς

270 1305 462 1369 οἴακας
517 1304 806 1370 ίθύνοντες,
855 1309 923 1377 τῇ
975 1307 1316 1379 ὲνεγκαμένῃ
1378 1309 1864 1380 είσεκομίσθησαν’

276 1398 399 1468 μηδ’
446 1397 625 1450 ὁτιοῦν
669 1397 779 1451 τῶν
829 1399 1068 1470 σιτηρῶν
1122 1400 1474 1471 ἐπαγόμενοι,
1535 1401 1615 1472 τῷ
1674 1401 1871 1472 μακρῷ

273 1489 753 1561 ἐνδαπανηθέντων
785 1490 982 1561 χρόνῳ,
1024 1489 1100 1555 ὥς
1128 1509 1272 1554 τινες
1303 1494 1618 1560 Αἰγυπτίων
1652 1494 1870 1563 ἱστόρη-

275 1582 395 1635 σαν.
450 1582 512 1632 0i
562 1581 621 1634 δὲ
665 1582 1068 1653 ἀστοχήσαντες
1125 1582 1406 1653 πλωτῆρες
1458 1582 1550 1636 τοῦ
1602 1586 1870 1656 μακαρίου

276 1669 566 1742 θεάματος,
599 1672 844 1744 ἐναργῶς
874 1673 944 1726 τά
990 1671 1085 1726 τοῦ
1129 1674 1296 1741 σοφοῦ
1342 1674 1687 1744 Σολομῶντος
1719 1660 1876 1728 ἐπαι-

273 1760 563 1831 δεύθησαψ
586 1764 890 1833 Βαθύτερά
908 1780 1026 1820 σου
1036 1764 1124 1833 μὴ
1143 1765 1379 1834 ἐρεύνα,
1405 1767 1503 1819 καὶ
1528 1766 1875 1835 ὑψηλότερά

274 1854 491 1920 σουμὴ
511 1850 771 1917 ἐξέταζε·
806 1852 843 1906 ἂ
869 1854 1212 1924 προσετάγη
1239 1869 1361 1919 σοι,
1392 1857 1581 1911 ταῦτα
1605 1857 1872 1911 διανοοῦ.

276 1938 342 1993 El
360 1941 420 1994 δὲ
445 1943 587 1995 κατά
626 1939 909 2014 Ὠριγένην
932 1944 1023 1998 τὸν
1047 1945 1432 2009 ἀνοσιώτατον,
1467 1949 1569 2000 οὐκ
1599 1948 1693 2001 ἐπὶ
1719 1949 1820 2018 γῆς
1847 1951 1876 2003 ὁ

276 2033 625 2102 ⁸ιιταιιιάδεισος,
661 2036 779 2099 πῶς
820 2037 902 2100 εἰς
951 2037 1051 2106 τὴν
1092 2037 1334 2108 ἱστορίαν
1363 2030 1572 2092 ἐκείνου
1603 2040 1876 2109 Αἴγυπτος

277 2125 574 2196 πέπομφα
604 2127 721 2190 πῶς
763 2127 820 2181 δὲ
862 2130 955 2181 καὶ
1006 2129 1249 2199 Μωῦσῆς
1273 2132 1302 2182 6
1334 2130 1442 2183 τῶν
1476 2130 1636 2183 θείων
1664 2131 1879 2201 πρῶτος

277 2217 628 2288 συγγραφεύς
646 2236 831 2290 φησιν,
855 2221 966 2273 Καὶ
991 2220 1209 2287 κατέϐη
1233 2221 1445 2288 Κύριος
1467 2224 1553 2287 εὶς
1573 2221 1682 2275 τὸν
1702 2222 1878 2289 παρά-

277 2300 504 2373 δεισον,
533 2309 656 2381 οὐχὶ
681 2310 759 2374 δὲ,
804 2311 1030 2381 Ἀνέ6η;
1057 2312 1165 2366 Καὶ
1193 2312 1477 2381 εἰσήγαγε
1521 2313 1737 2380 Κύριος
1772 2313 1879 2365 τίν

291 2402 466 2470 Ἀδὰμ
497 2405 585 2468 είς
614 2403 722 2457 τὸν
753 2404 1144 2472 παράδεισον,
1185 2405 1306 2475 οὐχ).
1329 2404 1405 2470 δὲ,
1449 2406 1783 2475 Ἀνήγαγενς
1816 2405 1878 2456 Ei

276 2492 338 2546 δὲ
369 2494 469 2546 οὐκ
512 2494 606 2547 ἐπὶ
658 2494 764 2565 γῆς
809 2497 838 2547 6
877 2493 1224 2566 παράδεισος,
1255 2497 1398 2549 κατὰ
1436 2496 1529 2548 τὸν
1559 2495 1877 2566 μυθολόγον,

278 2586 403 2640 οὐδὲ
434 2588 469 2658 ἡ
503 2588 681 2658 κρήνη
707 2587 989 2658 τετραχῶς
1017 2588 1391 2659 διαιρουμένη,
1424 2587 1589 2641 πόθεν
1617 2584 1710 2641 οὖν
1741 2606 1876 2658 προ-

279 2681 459 2750 χεῖται
495 2678 663 2743 Γεὼν,
698 2678 959 2743 Φεισσὼν,
989 2679 1198 2751 Τίγρις,
1231 2680 1544 2751 Εὐφράτης.
1582 2679 1692 2734 Ποῦ
1731 2680 1788 2733 δὲ
1823 2684 1881 2732 ἐν

276 2772 530 2840 οὐρανοῖς
555 2769 716 2839 συκῆ.
741 2770 774 2841 ἢ
808 2770 1073 2841 σταφυλὴ,
1103 2765 1186 2833 οἷς
1212 2772 1559 2843 παραϐάντες
1585 2771 1882 2842 περιεστεί·

280 2861 479 2925 λαντο;
513 2861 578 2914 Εἰ
605 2862 660 2914 δὲ
681 2861 781 2915 οὐκ
808 2862 1086 2932 αἰσθητὸν,
1120 2864 1213 2916 καὶ
1246 2863 1377 2934 παρ’
1403 2865 1536 2933 ἡμῖν
1564 2864 1624 2916 τὸ
1660 2864 1877 2935 χωρίον,

277 2954 403 3007 οὐδὲ
435 2953 578 3023 συκῆ
625 2955 871 3017 πάντως·
912 2956 961 3006 εί
994 2954 1039 3006 δ’
1072 2955 1171 3025 οὐχ
1221 2956 1463 3024 ὑπάρχει
1504 2954 1566 3007 τὸ
1601 2955 1788 3023 φυτὸν,
1818 2955 1880 3007 οὐ

282 3047 628 3121 βεῦρὼκασιν
674 3048 724 3100 οί
777 3047 1153 3118 προπάτορες·
1212 3049 1261 3099 εί
1313 3046 1372 3100 δὲ
1425 3046 1526 3098 οὐκ
1574 3046 1769 3109 ἔδοντο,
1819 3047 1879 3098 οὐ

282 3140 628 3211 παρέϐησαν,
660 3139 771 3193 οὐδ’
800 3141 1038 3209 ὑπάρχει
1067 3141 1098 3191 6
1135 3139 1326 3208 Ἀδὰμ,
1348 3138 1471 3191 οὐδὲ
1499 3138 1560 3202 ἐξ
1597 3137 1807 3191 ἐκείνου
1844 3140 1879 3209 ὴ

281 3231 419 3297 Εὕα,
444 3231 562 3284 οὐδὲ
596 3228 655 3295 ἐξ
683 3231 882 3300 ἀμφοῖν
907 3233 1089 3302 ἡμεῖς,
1118 3229 1231 3283 οὔθ’
1264 3230 1451 3300 ἕτερος
1477 3229 1600 3283 καθ’
1635 3231 1802 3300 ἡμᾶς.

1659 369 2009 428 DIALOGUS
2050 368 2137 424 III.

3407 369 3430 423 1
3442 368 3548 426 098

1966 483 2114 553 quod
2158 484 2309 553 ipsos
2338 484 2633 553 portaliat,‘
2658 479 2881 537 ﬂumine
2921 481 3204 548 habentes,
3239 480 3551 552 eodemque

1965 584 2019 626 et
2044 573 2321 643 legumina
2353 572 2798 636 madefacientes,
2832 581 2887 626 et
2913 570 3016 626 sibi
3065 571 3130 627 ad
3162 569 3346 626 cibum
3376 569 3552 624 emol-

1966 664 2185 728 lientes,
2214 680 2312 734 per
2339 673 2853 735 praetercurrentem
2897 662 3162 729 Geonem,
3224 662 3368 732 apud
3398 661 3553 730 ipsos

1968 768 2150 813 autem
2176 756 2356 811 Nilum
2390 757 2744 826 appellatum,
2775 755 3418 825 navigantes,tentarunt
3445 753 3552 807 ilu-

1967 851 2135 905 minis
2170 850 2339 905 ductu
2373 849 2620 902 invenire
2675 857 2800 918 post
2828 848 3099 902 Adamum
3137 844 3343 901 nemini
3372 844 3553 899 visum

1968 941 2306 1013 paradisum.
2341 938 2642 1009 Postquam
2702 949 2884 993 autem
2946 947 3193 1007 tempore
3229 937 3555 1006 longissimo

1969 1034 2319 1101 navigarunt,
2339 1042 2393 1088 et
2414 1042 2569 1087 extra
2605 1031 2955 1087 habitabilem
2987 1032 3176 1085 orbem
3207 1030 3370 1083 delati
3403 1040 3553 1087 sunt.

1971 1127 2027 1182 in
2061 1125 2376 1181 diﬂicilihus
2429 1125 2567 1179 locis
2600 1124 2724 1193 igne
2755 1124 2889 1178 solis
2926 1123 3317 1184 adurebantur,
3371 1119 3557 1173 ﬂumi-

1972 1234 2150 1289 neque
2175 1218 2288 1273 illic
2313 1226 2427 1271 toto
2458 1217 2724 1281 fervente,
2760 1231 2885 1269 cum
2949 1230 3018 1269 nc
3072 1214 3292 1283 quidem
3326 1212 3559 1267 summis

1972 1309 2161 1379 digitis
2201 1317 2295 1362 aut
2332 1308 2497 1362 labiis
2536 1306 2673 1360 illud
2722 1304 2961 1375 amplius
2992 1305 3260 1373 attingere
3311 1310 3558 1372 possent,

1972 1402 2042 1457 ad
2076 1416 2196 1457 eam
2227 1400 2372 1455 unde
2396 1398 2614 1469 navigio
2643 1404 2909 1453 venerant
2941 1405 3140 1450 terram
3191 1393 3563 1463 gubernacula

1973 1494 2295 1564 dirigentes,
2336 1492 2391 1545 in
2422 1491 2659 1560 patriam
2690 1488 2855 1544 delati
2890 1496 3041 1553 sunt,
3074 1504 3181 1540 non
3218 1494 3560 1555 reportantes

1975 1583 2274 1655 quidquam
2340 1586 2718 1643 commeatus,
2775 1577 3029 1632 omnibus
3085 1577 3248 1645 longo
3299 1576 3561 1645 temporis

1977 1675 2155 1744 spatio
2180 1671 2508 1742 absumptis,
2552 1682 2611 1724 ut
2661 1669 2829 1738 aliqui
2891 1668 3273 1739 Egyptiorum
3326 1665 3562 1722 tradide-

1982 1775 2131 1819 runt.
2164 1764 2435 1818 Caeterum
2477 1760 2531 1814 hi
2578 1768 2760 1813 nautae
2799 1759 2893 1827 qui
2925 1775 2957 1813 a
3022 1759 3180 1812 beato
3214 1757 3305 1812 illo
3351 1766 3565 1826 speetaé

1983 1856 2109 1909 culo
2147 1855 2494 1914 aberrarunt,
2549 1850 2858 1904 clarissime
2905 1850 3169 1919 sapientis
3217 1849 3365 1902 illius
3402 1846 3562 1902 Salo-

1983 1947 2163 2001 monis
2187 1946 2354 2000 verba
2390 1942 2702 1997 didicerunt
2731 1960 2743 1994 :
2804 1939 3167 2010 l’rofundiora
3228 1948 3276 1993 te
3313 1956 3374 1993 ne
3406 1954 3557 1994 scmv

1982 2041 2128 2103 teris,
2160 2049 2209 2092 et
2243 2037 2558 2091 sublimiora
2588 2044 2635 2088 te
2658 2051 2720 2087 ne
2750 2036 3022 2100 inquiras:
3051 2050 3169 2104 qua:
3191 2032 3286 2087 tibi
3307 2032 3565 2086 mandata

1980 2142 2125 2196 sunt,
2151 2131 2248 2184 illa
2274 2129 2497 2201 cogita’.
2521 2127 2677 2193 Quod
2710 2127 2756 2181 si
2780 2125 3079 2182 secundum
3099 2124 3383 2195 Origenem
3408 2124 3563 2177 illum

1982 2222 2208 2290 impium
2266 2235 2374 2273 non
2435 2226 2521 2272 est
2550 2217 2605 2270 in
2667 2226 2810 2271 terra
2843 2215 3134 2285 paradisus
3157 2256 3172 2279 ,
3207 2214 3561 2284 quamobrem

1982 2326 2114 2366 suos
2149 2310 2406 2364 homines
2437 2308 2505 2362 ad
2552 2307 2706 2360 illum
2734 2305 3134 2376 inspiciendum
3166 2304 3435 2375 Egyptus
3466 2304 3565 2357 ah-

1982 2401 2229 2472 legavit?
2263 2397 2555 2466 Quomodo
2595 2399 2723 2451 item
2760 2395 2937 2451 Moses
2969 2396 3180 2464 primus
3209 2394 3299 2448 ille
3330 2394 3566 2462 scriptor

1983 2510 2165 2549 rerum
2192 2493 2501 2547 divinarum
2533 2490 2714 2561 inquit
2751 2504 2764 2541 :
2797 2488 2867 2542 Et
2899 2488 3169 2542 descendit
3211 2487 3469 2541 Dominus
3510 2488 3566 2541 in

1980 2585 2294 2655 paradisum
2323 2601 2342 2635 :
2392 2597 2501 2636 non
2566 2591 2782 2643 autem,
2833 2576 3218 2633 ascendit?Et
3268 2576 3568 2631 introduxit

1983 2676 2245 2730 Dominus
2281 2674 2545 2726 Adamum
2572 2673 2627 2724 in
2660 2670 3172 2741 paradisum‘mon
3197 2679 3404 2734 autem,
3437 2674 3568 2726 sub-

1982 2771 2171 2827 vexit?
2211 2770 2509 2830 Praeterea,
2540 2768 2587 2822 si
2625 2783 2732 2821 non
2749 2780 2836 2821 est
2863 2766 2919 2820 in
2958 2775 3102 2820 terra
3140 2765 3446 2835 paradisus,
3509 2775 3571 2818 ut

1982 2863 2313 2931 vaniloquus
2345 2861 2436 2913 ille
2466 2869 2724 2929 nugatur,
2761 2873 2940 2928 neque
2972 2858 3098 2912 fons
3124 2858 3215 2912 ille
3243 2857 3572 2927 quadripar-

1984 2958 2085 3011 tito
2114 2955 2348 3016 divisus,
2383 2953 2527 3007 unde
2553 2951 2879 3007 dill‘unditnr
2912 2950 3085 3014 Geon,
3110 2949 3339 3016 Phison,
3364 2949 3568 3020 Tigris,

1987 3045 2312 3115 Euphrates.
2348 3042 2451 3097 Uhi
2477 3054 2659 3097 autem
2691 3041 2743 3095 in
2771 3041 2925 3097 ccelis
2950 3041 3108 3103 ﬁcus,
3135 3049 3231 3094 aut
3259 3056 3385 3099 uva.
3426 3056 3570 3109 quo-

1985 3153 2111 3191 rum
2142 3136 2390 3190 consutis
2427 3133 2576 3189 foliis
2612 3133 2864 3187 homines
2898 3131 2975 3185 illi
3007 3131 3167 3200 primi
3195 3140 3319 3200 post
3353 3131 3570 3200 lapsum

1986 3242 2109 3282 sese
2160 3225 2457 3295 tegebant?
2508 3223 2628 3278 Jam
2683 3223 2731 3277 si
2761 3238 2942 3292 neque
3001 3221 3221 3276 scnsilis
3254 3231 3355 3286 est,
3393 3236 3572 3291 neque

286 3328 431 3398 apud
461 3342 563 3381 nos
592 3341 655 3380 ea
686 3326 836 3395 regio
869 3342 883 3377 :
918 3340 986 3379 ne
1021 3323 1244 3393 quidem
1276 3324 1500 3378 omnino
1527 3323 1583 3376 in
1621 3338 1685 3377 ea
1729 3323 1865 3377 ﬁcus
1895 3332 2035 3376 erat.
2066 3320 2125 3373 Si
2157 3336 2267 3375 non
2302 3329 2421 3374 erat
2448 3319 2612 3373 arhor
2645 3316 2700 3370 in
2735 3331 2819 3382 ea,
2857 3330 2969 3369 non
3001 3315 3164 3369 etiam
3193 3316 3565 3385 comederunt;

282 3424 444 3492 primi
477 3432 730 3493 parentes
757 3438 771 3473 :
796 3420 944 3490 quod
971 3418 1018 3474 si
1050 3434 1159 3473 non
1188 3418 1569 3483 comederunt,
1600 3400 2128 3489 neque'transgressi
2152 3425 2282 3472 sunt
2308 3434 2320 3468 :
2348 3430 2450 3468 nec
2479 3412 2689 3467 exstitit
2712 3411 2977 3474 Adamus,
3005 3425 3184 3479 neque
3218 3424 3284 3464 ex
3314 3410 3406 3464 illo
3438 3409 3572 3479 Eva,

288 3526 469 3582 neque
502 3526 571 3566 ex
607 3510 879 3565 ambobus
914 3524 1035 3573 nos,
1064 3522 1244 3579 neque
1277 3510 1417 3564 alius
1454 3518 1579 3578 post
1612 3524 1735 3563 nos.

846 3599 1096 3653 ΠΕΥΣΙΣ
1127 3596 1315 3654 PMH'.

356 3691 423 3744 Τί
454 3685 582 3756 οὖνς
628 3692 720 3744 τὸν
753 3691 996 3745 διάϐολον
1025 3692 1086 3745 οὐ
1116 3691 1357 3763 νομίζεις
1384 3690 1480 3744 τοῦ
1525 3693 1753 3763 ουρανοῦ
1789 3694 1883 3744 ἐκ-

286 3784 668 3849 πεπτωκέναις
699 3784 911 3855 Ὥσπερ
937 3783 1047 3854 γάρ
1072 3783 1160 3837 ἐπ’
1187 3780 1417 3849 ἐκείνου,
1445 3783 1619 3848 οὕτως
1656 3786 1749 3838 καὶ
1790 3787 1882 3837 ἐπὶ

284 3877 381 3931 τοῦ
426 3875 714 3946 ἀνθρώπου
763 3876 1015 3946 λέγομεν,
1065 3876 1163 3948 τὴν
1213 3877 1486 3931 ἔκπτωσιν
1533 3877 1775 3949 δηλονότι
1816 3879 1883 3932 ἐκ

287 3967 382 4021 τοῦ
417 3966 671 4039 οὐρανοῦ.
762 3972 777 3983 ‘

918 4060 1271 4125 Ἀπόκρισις.

384 4150 789 4224 Ἀναμφιὸὀλως
816 4149 994 4220 φαμὲν
1034 4147 1142 4201 τῶν
1177 4145 1564 4218 ὑπερκοσμίων
1599 4146 1881 4215 κατερρω-

300 4228 553 4315 γέναιτὸν
566 4243 873 4315 ἀρχέκακον
890 4241 978 4295 δαί
986 4257 1141 4312 μονα,
1154 4237 1247 4293 τοῦ
1263 4236 1465 4309 θεωροῦ
1479 4237 1588 4289 τῶν
1599 4238 1673 4289 Xa
1683 4236 1833 4306 ρουὸὶ
1840 4253 1880 4305 μ

314 4336 571 4405 Ἰεζεκιὴλ
612 4335 746 4404 (98⁹)
780 4333 941 4386 αὑτὸν
978 4332 1413 4402 ἀποδυρομένου,
1435 4329 1528 4383 καὶ
1560 4329 1878 4397 φάσκοντος,

302 4425 435 4493 Πῶς
459 4424 751 4491 ἐξέπεσεν
767 4425 837 4476 ἐκ
873 4421 980 4477 τοῦ
1010 4421 1318 4489 οὐρανοῦό
1351 4418 1879 4488 Ἐωσςεόρος;Συμ-

302 4515 496 4585 φώνως
522 4514 578 4567 δὲ
610 4513 686 4585 τῷ
713 4514 895 4584 οίκέτῃ
927 4514 985 4564 ἐν
1014 4509 1364 4579 Εὑαγγελίοις
1395 4510 1556 4578 φησὶν
1591 4510 1621 4561 6
1654 4507 1877 4578 Κύριος,

315 4606 635 4677 Ἐθεώρουν
678 4606 788 4660 τὸν
835 4604 1115 4660 Σατανᾶν
1141 4605 1224 4670 ὡς
1250 4602 1572 4671 ἀστραπὴν
1614 4603 1884 4654 πεσόντα

300 4703 369 4756 ἐκ
393 4703 495 4755 τοῦ
520 4699 781 4769 οὐρανοῦ
804 4714 821 4732 ⁸
846 4699 938 4752 ἐπὶ
961 4698 1019 4751 δὲ
1036 4696 1131 4750 τοῦ
1160 4695 1350 4766 Ἀδὰμ,
1372 4694 1596 4748 οὐδέπου
1614 4694 1712 4763 τῆς
1735 4692 1884 4756 θείας

303 4790 524 4860 Πυκτῆς
573 4787 732 4842 τοῦτο
773 4789 1024 4859 κείμενον
1053 4786 1430 4858 εὑρεθήσεται.
1473 4784 1536 4838 Εἰ
1579 4783 1689 4852 γάρ
1726 4783 1884 4853 καὶὴ

304 4881 563 4953 συνήθειά
591 4898 722 4952 φησι
751 4881 811 4934 τὸ
844 4880 1098 4946 ἐξέπεσε
1141 4880 1270 4950 περὶ
1308 4878 1402 4931 τοῦ
1436 4877 1745 4948 ἀνθρώπου,
1794 4877 1886 4929 καὶ

306 4973 447 5043 μετὰ
467 4970 566 5041 τὴν
594 4969 868 5023 ἔκπτωσίν
909 4986 1041 5039 φησι
1069 4967 1162 5020 τοῦ
1207 4967 1403 5036 Ἀδὰμ,
1436 4968 1496 5018 οὐ
1530 4966 1716 5035 μέντοι
1754 4964 1888 5034 πρό-

262 5104 265 5105 .
305 5080 516 5118 κεινται
556 5063 605 5115 οἱ
640 5062 862 5132 οὐρανοὶ⁹
890 5063 958 5130 τῇ
999 5058 1294 5122 ἐκπτώσει,
1329 5056 1510 5119 καθὼς
1547 5056 1638 5107 ἐπὶ
1663 5054 1758 5109 τοῦ
1792 5055 1889 5105 Βε-

304 5156 448 5210 λιάλ.
494 5155 835 5207 Ἐκπτωσιν
874 5150 933 5204 δέ
976 5167 1158 5221 φαμεν
1200 5150 1301 5203 καὶ
1324 5149 1386 5201 τὸ
1420 5150 1486 5201 ἐκ
1526 5146 1755 5201 πλούτου
1794 5147 1888 5198 καὶ

308 5245 669 5318 περιφανείας
697 5247 778 5307 είς
802 5243 1074 5312 πτωχείαν
1104 5241 1315 5303 ἐλάσαι,
1355 5242 1448 5293 καὶ
1479 5239 1578 5310 τὴν
1607 5238 1667 5303 ἐξ
1688 5238 1890 5309 ἀρετῆς

303 5342 399 5393 ἐπὶ
446 5339 508 5391 τὸ
552 5339 731 5408 χεῖρον
772 5335 1157 5405 ὑπονόστησιν,
1203 5333 1298 5387 καὶ
1345 5332 1444 5401 τὴν
1483 5334 1547 5384 ἐκ
1595 5330 1891 5402 παρθενίας

306 5432 402 5486 ἐπὶ
428 5429 685 5498 λαγνείαν
723 5428 1001 5499 ἀφορμὴν,
1043 5426 1139 5479 καὶ
1174 5425 1274 5495 τὴν
1304 5423 1459 5493 λῆξιν
1489 5421 1583 5475 τοῦ
1618 5422 1887 5491 σώματος.

301 5517 432 5592 Ἆρ’
463 5518 557 5574 οὖν
594 5520 701 5574 τῶν
748 5518 992 5590 οὐρανῶν
1024 5516 1450 5571 ἐκπεπτώκασιν
1498 5509 1675 5579 οὗτοι;
1722 5514 1892 5568 Οὐδα-

2366 3588 2884 3645 INTEIlROGATIO
2915 3588 3191 3643 CXLVIII.

2061 3688 2201 3753 Quid
2225 3686 2434 3756 igitur?
2464 3701 2557 3739 an‘
2590 3684 2872 3738 diabolum
2927 3698 3035 3737 non
3085 3695 3247 3753 putas
3300 3685 3575 3740 excidisse

1989 3778 2172 3834 οωιοῖ
2201 3774 2675 3841 Quemadmodum
2709 3774 2857 3827 enim
2897 3773 2966 3828 de
2999 3774 3113 3839 illo,
3147 3775 3227 3829 sic
3255 3785 3310 3829 ct
3355 3777 3423 3831 de
3477 3777 3575 3829 ιιυο

1989 3870 2138 3924 mine
2170 3868 2428 3929 dicimus.
2459 3866 2671 3935 lapsum
2711 3865 2967 3919 videlicet
2991 3880 3058 3919 ex
3084 3866 3263 3920 caelis.

2626 4043 2928 4109 Responsio.

2061 4138 2259 4193 Procul
2287 4137 2454 4192 dubio
2502 4136 2742 4191 dicimus
2783 4152 2849 4189 ex
2888 4136 3328 4191 ulrramundams
3377 4140 3574 4205 ρι’ωοὶ-

1990 4229 2224 4299 pilatum
2258 4237 2537 4283 auctorem
2570 4227 2723 4281 illum
2755 4227 2883 4281 mali
2911 4228 3236 4292 daemonem,
3270 4238 3575 4297 spectatore

1992 4323 2362 4378 cheruborum
2398 4320 2686 4375 Ezechielo
2724 4320 2903 4389 ipsum
2930 4321 3268 4389 deplorante,
3299 4333 3463 4391 atque
3485 4322 3576 4377 di~

1990 4427 2148 4472 cente
2173 4436 2187 4470 :
2221 4414 2495 4480 Quomodo
2520 4417 2715 4470 excidit
2747 4417 2875 4469 calo
2901 4413 3116 4484 Lucifer
3133 4414 3191 4466 ‘?
3212 4413 3579 4471 Consentinus

1991 4518 2175 4563 autem
2207 4523 2334 4562 cum
2378 4524 2539 4562 servo
2581 4509 2634 4560 in
2688 4506 2984 4577 Evangelio
3033 4504 3318 4569 Dominus,
3365 4505 3575 4576 inquit:

2002 4599 2257 4653 Videbam
2294 4599 2561 4654 Satanam
2591 4600 2751 4653 veluti
2782 4597 3044 4668 fnlgurde
3073 4597 3203 4651 caelo
3235 4598 3505 4652 cadentem
3531 4600 3574 4653 ⁸.

1993 4693 2071 4748 De
2101 4693 2313 4747 Adamo
2339 4701 2521 4746 autem
2567 4692 2671 4746 hoc
2703 4703 2974 4760 nusquam
3012 4692 3066 4744 in
3101 4689 3304 4744 divinis
3355 4690 3578 4747 Litteris

1992 4786 2231 4857 positum
2269 4785 2599 4839 invenietur.
2653 4783 2984 4853 Quanquam
3023 4783 3171 4837 enim
3230 4783 3577 4837 consuetudo

1994 4877 2223 4931 verbum
2257 4875 2539 4929 excidendi
2569 4885 2799 4945 usurpet
2835 4875 2904 4927 de
2939 4872 3181 4939 homine,
3215 4873 3455 4943 itemque
3481 4888 3579 4926 γοα

1996 4968 2252 5023 cabulum
2284 4968 2472 5036 lapsus
2501 4968 2569 5021 de
2599 4967 2840 5021 Adamo:
2879 4981 2989 5020 non
3017 4973 3198 5020 tamen
3225 4965 3577 5036 praepositum

1997 5066 2083 5112 est
2112 5057 2236 5111 coeli
2266 5072 2463 5111 nomen
2523 5067 2649 5111 ante
2701 5072 2916 5119 casum,
2984 5055 3451 5126 quemadmodum
3510 5057 3579 5110 de

1993 5147 2217 5202 Belialo.
2248 5149 2313 5202 Et
2344 5149 2508 5201 verbo
2534 5148 2776 5201 excidere
2827 5149 3035 5201 utimur
3086 5148 3275 5215 etiam,
3332 5162 3449 5202 cutr
3511 5163 3581 5201 ex

1994 5240 2199 5293 divitiis
2225 5250 2279 5294 et
2310 5240 2601 5314 splendore
2640 5239 2709 5293 ad
2738 5249 3116 5309 paupertatem
3152 5239 3277 5308 quis
3333 5240 3576 5301 devenit,

1998 5331 2082 5384 vel
2119 5347 2150 5384 a
2194 5340 2396 5389 Virtute
2423 5332 2489 5390 ad
2524 5331 2655 5384 vitia
2690 5327 2848 5398 redit,
2878 5332 2963 5386 vel
2998 5347 3066 5385 ex
3123 5331 3444 5399 virginitate
3500 5332 3567 5383 ad

1996 5425 2384 5480 scortationem
2414 5425 2546 5490 ruit,
2594 5425 2678 5478 vel
2731 5440 2858 5479 cum
2912 5437 3115 5493 corpus
3169 5424 3377 5479 interit.
3436 5419 3576 5476 Num

1994 5519 2158 5588 igitur
2190 5533 2253 5572 ex
2287 5519 2440 5573 caelis
2466 5517 2790 5572 exciderunt
2826 5516 2949 5569 illi?
2979 5516 3334 5586 Nequaquam
3364 5534 3379 5569 :
3404 5517 3578 5571 enim-

370 5670 392 5703 ³
416 5674 581 5729 Eccli.
608 5690 692 5738 ιιι,
716 5673 807 5728 22.
887 5673 908 5703 ’⁵
936 5671 1074 5728 Gen.
1112 5689 1174 5739 ιι,
1212 5673 1299 5726 15.
1377 5674 1399 5704 ³
1427 5671 1529 5727 Isa.
1562 5673 1784 5737 xiv,12.
1838 5674 1857 5700 “

1982 5690 2013 5729 ξ.
2052 5692 2105 5737 x,
2143 5677 2227 5730 18.

370 5855 503 5926 (98')
543 5855 843 5924 Ἰεζεχιήλ.
892 5855 1165 5911 Memoria:
1208 5854 1361 5926 lapsu
1414 5856 1750 5913 hzcchielcm
1803 5872 1899 5927 pro
1928 5859 2064 5913 lsaia
2094 5857 2282 5912 cntavit
2309 5864 2518 5912 auctor.

626 5951 900 6012 PATROL.
940 5951 1055 6009 Gn.
1090 5949 1444 6011 XXXVIII.
