4112 6380
609 252 748 311 1099

604 390 736 433 vero
767 373 1030 428 utendum
1067 375 1328 430 existimo
1352 375 1662 431 divinarum
1696 375 2030 432 Litterarum
2062 375 2194 431 sub-

604 466 770 533 sidio,
803 476 859 521 et
880 482 946 522 ex
984 481 1144 521 sacro
1175 467 1447 537 scriptore
1479 467 1667 539 Moyse
1696 467 2197 523 demonstrationes

602 558 982 630 proferendas.
1023 559 1206 631 lnquit
1234 570 1418 616 autem
1446 562 1530 617 is:
1577 561 1647 615 Et
1694 563 1871 632 posuit
1920 559 2059 613 Deus
2103 559 2196 613 ho-

603 653 823 716 minem,
863 662 918 706 ut
953 653 1145 708 coleret
1181 665 1229 708 et
1261 655 1553 709 custodiret
1575 655 1892 724 paradisum
1912 655 1955 707 ".
1986 655 2028 708 A
2055 668 2194 724 quo-

604 760 758 809 nam,
783 760 996 816 quaeso,
1048 746 1230 817 ipsum
1271 747 1553 802 custodire
1607 745 1791 813 debet,
1832 744 2104 816 siquidem
2141 746 2196 799 in

603 840 760 896 oculis
791 840 973 911 angeli
1006 839 1264 911 ignorant
1293 838 1468 894 furari
1493 839 1518 894 ?
1541 838 1720 895 Ursus
1749 853 1882 893 vero
1909 852 2071 909 poma
2102 836 2198 892 dc-

604 947 824 997 vorans,
860 940 956 988 aut
979 947 1096 997 sus,
1123 941 1217 986 aut
1243 930 1545 1001 singularis
1575 929 1633 986 in
1667 929 1825 987 caelis
1869 945 1981 984 non
2026 940 2193 994 sunt,

604 1039 707 1079 nec
733 1023 1028 1080 erinaceus
1061 1023 1172 1089 ille,
1204 1023 1301 1095 qui
1335 1023 1585 1094 gramine
1614 1024 1899 1090 vescitur;
1927 1038 2029 1078 nec
2063 1022 2195 1077 item

603 1118 798 1187 vulpes
827 1132 998 1189 apum
1032 1117 1250 1172 alveare
1276 1115 1614 1187 perfodiens,
1639 1114 1997 1187 ipsarumque
2026 1129 2196 1170 sonos

600 1211 955 1284 perturbans,
989 1217 1087 1264 aut
1119 1209 1274 1264 favos
1305 1216 1618 1276 devorans;
1657 1224 1766 1263 non
1811 1208 1896 1262 leo
1938 1206 2196 1262 crudivo—

601 1319 720 1370 rus,
758 1319 868 1358 non
901 1317 1073 1372 rapax
1096 1302 1287 1373 lupus,
1313 1317 1425 1356 non
1458 1301 1646 1372 aquila
1672 1301 1759 1355 vel
1785 1301 2054 1372 gryphas,
2084 1315 2192 1354 non

599 1397 750 1454 aliud
781 1397 916 1468 quid
947 1412 1141 1451 eorum
1173 1412 1297 1466 qua:
1329 1404 1460 1450 sunt
1499 1395 1644 1467 apud
1678 1409 1801 1463 nos,
1828 1395 1881 1448 in
1911 1395 2068 1450 caelis
2089 1405 2192 1462 est,

600 1505 726 1561 quae
757 1489 842 1546 vel
867 1487 1044 1545 solam
1069 1487 1501 1558 increpationem
1530 1487 1722 1542 Adami
1758 1487 2192 1553 extimescentia,

602 1589 830 1649 tangere
863 1579 946 1634 vel
977 1578 1240 1634 accedere
1269 1577 1588 1648 paradisum
1617 1579 1968 1634 verebantur.
1995 1575 2192 1632 Omnia

600 1672 748 1728 enim
783 1670 852 1725 ad
890 1669 1066 1740 ipsius
1108 1669 1561 1724 iutremiscebant
1595 1683 1784 1724 vocem
1831 1678 1959 1734 ante
2014 1679 2195 1724 trans-

600 1763 962 1834 gressionem.
998 1761 1074 1816 De
1111 1770 1458 1832 transgresso
1504 1770 1686 1816 autem
1720 1761 1904 1831 inquit
1936 1779 1950 1816 :
1987 1760 2058 1815 Et
2087 1763 2194 1834 eje-

599 1855 669 1909 cit
697 1856 838 1924 ipsos
868 1869 934 1908 ea:
965 1851 1220 1924 paradiso
1252 1853 1296 1918 ⁸,
1331 1867 1443 1907 non
1471 1861 1652 1908 autem
1687 1852 1887 1922 deiecit
1913 1871 1928 1908 :
1961 1851 2031 1906 Et
2079 1852 2194 1908 col-

597 1946 792 2001 locavit
825 1945 990 2016 ipsos,
1026 1945 1230 2014 inquit,
1267 1959 1376 1999 non
1406 1944 1570 2006 infra.
1604 1944 1700 2001 sed
1725 1961 1754 1999 ε
1786 1945 1994 2016 regione
2032 1960 2195 2014 para-

597 2039 726 2094 disi.
763 2036 832 2092 Et
853 2039 1034 2109 posuit
1065 2037 1340 2104 cherubos,
1375 2048 1425 2092 et
1458 2038 1768 2108 ﬂammeum
1796 2037 2039 2107 gladium
2079 2053 2195 2092 ver-

596 2136 808 2191 satitem
847 2131 918 2186 ad
951 2129 1380 2204 custodiendum,
1422 2145 1531 2184 non
1590 2144 1907 2195 ascensum,
1937 2129 2033 2185 sed
2103 2131 2191 2184 in-

596 2243 838 2302 gressum
864 2224 935 2281 ad
974 2226 1177 2296 tignum
1206 2227 1326 2280 vita:
1359 2228 1404 2280 ’.
1437 2222 1762 2279 Versatilem
1790 2235 1973 2278 autem
2011 2224 2188 2295 ipsum

596 2320 800 2389 inquit,
830 2320 899 2372 ad
931 2316 1242 2372 feriendum
1269 2315 1490 2370 eminus
1517 2316 1586 2369 ad
1614 2316 1668 2369 id
1709 2316 2050 2378 accedentia,
2077 2315 2192 2371 sive

597 2411 902 2468 animantia
947 2410 1129 2475 bruta,
1168 2410 1286 2464 sive
1339 2409 1610 2464 daemonia
1646 2426 1659 2462 :
1722 2409 2188 2479 quemadmodum

596 2508 781 2564 facere
811 2507 995 2562 solent
1024 2521 1286 2576 agrorum
1313 2506 1597 2570 custodes,
1622 2506 1865 2560 clamore
1893 2514 2003 2559 tam
2037 2505 2190 2560 vola-

597 2600 721 2657 tiles
751 2614 918 2670 quam
955 2597 1345 2669 quadrupedes
1379 2596 1583 2651 bestias
1632 2607 1887 2652 arcentes
1921 2613 1952 2652 a
2017 2599 2189 2654 vineis

593 2702 651 2750 et
689 2692 887 2758 ﬁcetis,
927 2691 1230 2764 agitatione
1283 2700 1468 2746 autem
1509 2689 1676 2760 gladii
1711 2690 1807 2760 qui
1846 2690 1900 2744 in
1933 2691 2187 2745 manibus

592 2795 703 2851 est,
731 2786 997 2856 illiusque
1023 2783 1244 2856 fulgore
1283 2783 1537 2838 homines
1562 2783 1786 2839 eminus
1812 2782 2094 2838 venientes
2118 2783 2187 2838 ad

595 2880 963 2951 direptionem
998 2875 1243 2948 frugum,
1306 2884 1634 2946 perterrent.
1692 2876 2004 2946 Aliquoties
2055 2878 2184 2932 item

595 2971 778 3028 funda:
813 2971 1112 3043 agitatione
1139 2969 1291 3038 jacto
1335 2967 1517 3038 lapide
1546 3007 1563 3032 ,
1608 2968 1828 3023 eminus
1883 2967 2180 3026 advenien-

595 3074 703 3121 tem
741 3063 1054 3134 praadonem
1089 3071 1239 3118 metu
1280 3058 1604 3132 percellunt.

985 3237 1511 3297 INTERROGATIO
1555 3238 1793 3297 CXLIX.

663 3334 808 3403 Quid
836 3332 935 3388 tibi
959 3333 1218 3388 videntur
1262 3346 1387 3387 esse
1427 3330 1672 3401 pellicea:
1729 3329 1950 3396 tunical,
1981 3330 2185 3401 quibus

592 3433 719 3498 post
751 3425 964 3494 lapsum
993 3421 1264 3477 Adamum
1310 3429 1368 3475 et
1408 3419 1581 3475 Evam
1637 3417 1908 3474 Dominus
1959 3419 2184 3474 induit?

592 3515 921 3574 Audivimus
938 3515 1087 3570 enim
1111 3511 1409 3585 quemdam
1434 3511 1697 3582 praeclare
1717 3511 2015 3577 dicentem,
2034 3512 2184 3582 quod

594 3609 762 3664 homo
779 3620 934 3663 mens
951 3605 1241 3662 rationalis
1273 3603 1461 3669 fuerit,
1483 3611 1540 3659 et
1556 3603 1762 3658 animal
1799 3604 2183 3675 incorporeum

595 3700 886 3756 rationale.
903 3697 1206 3769 Postquam
1233 3705 1418 3752 autem
1443 3695 1710 3767 peccavit,
1739 3710 1839 3766 per
1861 3695 2184 3751 inobedien-

576 3795 724 3859 ,tiam
740 3808 868 3864 erga
890 3786 1067 3846 Deum
1079 3790 1726 3859 exhibitam,separatam
1746 3804 1868 3843 esse
1883 3797 2186 3843 mortuam-

594 3901 704 3954 que
753 3893 1017 3946 mentem,
1049 3890 1104 3937 et
1131 3883 1370 3937 animam
1404 3879 1532 3936 ideo
1560 3889 1810 3935 vocatam
1845 3896 1990 3947 esse,
2034 3880 2186 3952 quod

593 3975 916 4047 frigefactas
944 3975 1098 4030 calor
1125 3973 1327 4028 mentis
1345 3972 1588 4042 amplius
1620 3988 1911 4029 remanere
1942 3989 2052 4029 non
2081 3988 2183 4045 po-

592 4068 778 4133 tuerit,
809 4075 868 4123 et
892 4066 1211 4122 ministrare
1239 4066 1520 4134 supernis,
1574 4064 1671 4120 sed
1707 4065 1811 4119 hoc
1859 4080 2065 4136 corpus
2102 4068 2184 4121 in-

589 4159 800 4223 duisse,
833 4157 982 4227 quod
1007 4156 1294 4228 pelliceam
1327 4155 1572 4211 tunicam
1602 4153 2084 4224 vocatScriptura,
2115 4157 2184 4209 ad

591 4247 927 4319 supplicium
963 4246 1371 4301 circumdatam
1428 4245 1478 4299 ei
1509 4243 1604 4314 qui
1635 4252 1981 4313 peccaverat,
2019 4253 2081 4297 ut
2132 4243 2185 4296 ei

589 4341 761 4398 veluti
794 4353 987 4394 carcer
1015 4347 1071 4392 et
1103 4351 1269 4408 penna
1303 4337 1396 4392 sit.
1429 4336 1556 4392 Ideo
1582 4344 1638 4392 et
1689 4334 1862 4390 Deum
1921 4346 2186 4404 rogarunt

591 4432 794 4498 sancti,
827 4440 889 4486 ut
920 4439 1272 4486 morerentur
1298 4438 1355 4484 et
1394 4429 1766 4484 liberarentur
1792 4427 1862 4483 ab
1913 4428 2021 4482 hoc
2051 4443 2183 4497 sup-

590 4526 779 4596 plicio.
795 4524 1032 4579 Davides
1053 4523 1274 4594 quidem
1289 4522 1425 4578 dicit
1444 4520 1696 4575 :Educex
1711 4536 1923 4575 carcere
1943 4521 2181 4574 animum

589 4636 764 4676 vincam
787 4619 853 4671 ¹⁰.
883 4616 1088 4673 Paulus
1119 4624 1304 4671 autem
1341 4633 1356 4670 :
1388 4615 1557 4669 Miser
1601 4631 1693 4686 ego
1724 4615 1880 4667 homo
1900 4652 1918 4677 ,
1955 4614 2071 4684 quis
2105 4629 2186 4665 me

589 4714 778 4784 eripiet
830 4727 897 4766 ea:
941 4725 1162 4780 corpore
1221 4709 1412 4762 mortis
1469 4706 1750 4776 hujus“?
1793 4705 1966 4761 Jobus
2029 4704 2187 4760 deni-

589 4821 700 4878 que
731 4805 1076 4862 incessarter
1103 4809 1337 4857 mortem
1372 4800 1602 4870 optabat
1623 4838 1639 4862 ,
1680 4813 1800 4854 non
1822 4797 2058 4868 amplius
2107 4797 2186 4850 fe-

589 4913 722 4954 rens
755 4897 812 4950 in
843 4910 1074 4964 corpoi-e
1099 4893 1346 4965 pelliceae
1373 4891 1579 4947 tunica:
1608 4891 1962 4962 supplicium.

1198 5007 1200 5009 ν
1236 4983 1548 5054 Responsio.

661 5077 798 5134 Illud
821 5078 937 5149 jam
977 5085 1106 5132 ante
1139 5076 1432 5146 suspicans
1462 5075 1516 5129 in
1564 5071 2004 5144 praecedentibus
2044 5071 2180 5136 dixi,

590 5188 691 5228 vos
719 5173 862 5228 idem
886 5171 1094 5226 sentire
1117 5185 1246 5225 cum
1272 5168 1557 5224 venenatis
1578 5166 1964 5238 pestiferisque
1992 5165 2183 5236 Orige-

590 5267 678 5323 nis
710 5264 1084 5336 dogmatibus,
1114 5278 1239 5332 quae
1273 5261 1643 5332 simpliciores
1663 5259 1962 5330 decipiunt.
1993 5255 2184 5328 Neque

589 5359 738 5416 enim
778 5359 833 5412 in
867 5356 1010 5412 coelo
1047 5363 1342 5425 peccantes
1373 5355 1575 5409 animae
1617 5352 1996 5406 condemnata:
2028 5360 2178 5416 sunt,

593 5449 732 5505 utin
765 5461 996 5518 corpore
1023 5446 1369 5517 punirentur,
1403 5458 1510 5498 non
1545 5442 1782 5512 amplius
1817 5443 2058 5497 valentes
2084 5441 2182 5496 ob»

593 5542 675 5597 ire
705 5539 1113 5595 ultrainundaui
1154 5537 1444 5595 ministerii
1487 5553 1709 5592 sacrum
1750 5535 2010 5591 oﬂicium.
2044 5533 2182 5590 Nam

596 5636 642 5690 si
668 5635 735 5689 ad
763 5632 1160 5689 correctionem
1189 5641 1243 5687 et
1265 5630 1682 5702 castigationem
1709 5629 1832 5684 istis
1857 5628 2186 5698 corporibus

667 5775 688 5806 '
717 5773 855 5830 Gen.
891 5791 951 5843 ιι,
983 5773 1069 5828 15.
1146 5775 1166 5803 ⁸
1196 5771 1332 5828 Gen.
1371 5789 1452 5837 ιιι,
1478 5770 1567 5826 Ξ-ί.

1678 254 1736 309 S.
1780 251 2079 310 CESARII
2113 249 2442 308 GREGOftll
2488 253 2792 312 FRATRIS

3765 269 3878 322 Ηω

2303 378 2447 448 μῶς·
2478 378 2616 432 ἀλλά
2643 379 2756 433 δεῖν
2783 378 2970 451 ᾠήθην
2997 382 3064 452 τῇ
3099 381 3220 454 θείᾳ
3255 385 3446 456 Γραφῇ
3701 394 3877 460 χρήσει⁶

2302 468 2448 532 σθαι,
2495 470 2590 524 καὶ
2639 472 2703 524 ἐκ
2749 472 2846 526 τοῦ
2895 472 3226 546 ίερογράφου
3273 477 3552 542 Μωῦσέως
3601 479 3876 546 ἀποδείξεις

2301 562 2660 634 παρέχεσθαι.
2691 565 2832 635 Φησὶ
2861 564 3012 634 γοῦν*
3050 565 3161 620 Καὶ
3199 568 3368 622 ἔθετο
3398 572 3431 623 ὀ
3457 570 3605 636 Θεὸς
3649 573 3756 624 τὸν
3791 572 3874 626 ἇν-

2299 655 2538 720 θρωπω·
2564 653 2911 724 ἐργάζεσθαι
2958 657 3057 711 καὶ
3095 658 3446 727 φυλάσσειν
3487 660 3599 713 τὸν
3629 662 3874 730 παράδει-

2299 761 2435 800 σον.
2477 748 2608 800 Ἀπὸ
2638 746 2784 812 τίνος
2828 745 2924 802 οὖν
2974 751 3085 821 ἄρα
3125 751 3422 819 φυλάσσειν
3464 753 3632 807 αὑτὸν
3678 754 3870 822 ὀφείλει,

2299 840 2458 911 εἴπερ
2491 841 2548 892 ὲν
2576 840 2830 913 οὐρανοῖς
2867 843 3088 912 ἄγγελοι
3128 845 3381 901 κλέπτειν
3407 849 3507 901 οὐκ
3531 848 3740 913 ἴσασινς
3767 851 3874 920 Ἀρ-

2299 949 2428 996 κτος
2456 932 2512 986 δὲ
2541 933 2908 1006 ὀπωροϐόρος,
2940 935 2974 1005 ἢ
3008 930 3093 1000 ὗς,
3123 936 3156 1009 ἢ
3193 937 3393 1008 μονιὸς,
3432 940 3493 990 ἐν
3529 939 3779 1009 οὐρανοῖς
3796 943 3871 1010 οὖα

2300 1023 2565 1096 ὑπάρχειο
2600 1026 2722 1079 οὐδὲ
2755 1025 3142 1098 χοιρόγρυλλος
3175 1029 3489 1098 ποηφάγος·
3527 1029 3654 1083 οὐδὲ
3680 1031 3871 1101 ἀλώπηξ

2296 1119 2426 1182 τοὺς
2473 1119 2736 1190 σίμϐλους
2775 1120 2886 1173 τῶν
2945 1121 3212 1190 μελιττῶν
3254 1121 3572 1192 διορύττων,
3630 1125 3724 1177 καὶ
3773 1125 3871 1188 τοῖς

2299 1212 2537 1283 βόμϐους
2563 1213 2746 1266 αὐτῶν
2792 1213 3045 1280 διαλύων,
3085 1214 3120 1286 ἢ
3168 1216 3474 1270 κατεσθίων
3500 1217 3573 1270 τὰ
3606 1218 3798 1288 κηρία·
3822 1220 3869 1270 οὔ

2297 1307 2434 1360 λέων
2461 1305 2776 1378 αἱμοϐόρος,
2804 1308 2866 1360 οὐ
2896 1307 3059 1372 λύκος
3086 1307 3290 1378 ἀρπαξ.
3319 1309 3420 1362 οὐκ
3444 1309 3630 1375 ἀετὸς,
3665 1310 3698 1380 ἦ
3724 1309 3866 1383 γρὺψ·

2296 1397 2394 1466 οὐχ
2424 1395 2609 1466 ἕτερόν
2647 1413 2700 1449 τι
2747 1396 2856 1449 τῶν
2907 1399 3038 1469 παρ’
3088 1398 3220 1469 ἡμῖν
3257 1400 3315 1452 ἐν
3343 1400 3597 1470 οὐρανοῖς
3633 1400 3866 1471 ὑπάρχει·

2295 1488 2332 1543 ἃ
2369 1487 2464 1541 καὶ
2503 1487 2674 1560 μόνην
2723 1487 2824 1560 τὴν
2870 1489 3190 1561 ἐπιτίμησιν
3231 1489 3328 1544 τοῦ
3377 1490 3551 1561 Ἀδάμ
3588 1491 3866 1560 φρίττοντα,

2295 1581 2490 1651 ψαύειν
2558 1581 2592 1654 ἢ
2655 1582 3034 1654 παρεμϐαλεῖν
3103 1581 3182 1654 τῷ
3234 1582 3553 1654 παραδείσῳ
3620 1583 3864 1637 ἐδεδοίκει.

2296 1675 2482 1728 Πάντα
2503 1673 2612 1746 γάρ
2638 1674 2805 1728 αὑτοῦ
2831 1674 3062 1748 ἔτρεμον
3091 1674 3191 1745 τὴν
3223 1674 3406 1744 φωνὴν
3453 1674 3565 1745 πρὸ
3590 1673 3693 1744 τῆς
3722 1691 3865 1744 παρα-

2292 1764 2537 1828 6ἀσεως’
2571 1764 2897 1836 παραϐάντα
2926 1765 2982 1818 δέ
3005 1781 3168 1834 φησι’
3203 1765 3315 1819 Καὶ
3356 1762 3657 1830 ἐξέϐαλεν
3678 1767 3866 1832 αὐτοὺς

2291 1855 2401 1911 τοῦ
2425 1856 2957 1928 παραδείσουωῦίι
2985 1857 3064 1920 δὲ,
3081 1856 3393 1911 Κατέϐαλε·
3422 1857 3531 1912 Καὶ
3567 1855 3866 1922 κατῴκισεν·

2291 1949 2537 2016 αὐτοὺς,
2566 1949 2751 2021 φησὶν,
2792 1949 2891 2020 οὐχ
2943 1949 3232 2015 ὑποκάτω,
3277 1949 3393 2003 ἀλλ’
3435 1950 3733 2004 ἀπέναντι
3781 1950 3864 2002 τοῦ

2291 2039 2694 2108 παραδείσου·
2721 2039 2820 2094 καὶ
2841 2039 3009 2093 ἔθετο
3037 2041 3110 2096 τὰ
3144 2041 3456 2111 Χερουϐὶμ,
3481 2042 3586 2096 καὶ
3619 2039 3733 2107 τὴν
3749 2044 3864 2110 φλο-

2292 2131 2472 2201 τίφυην
2493 2130 2803 2200 ῥομφαίαν
2831 2129 2947 2198 τὴν
2967 2130 3406 2200 στρεφομένην,
3435 2130 3795 2199 φυλάσσειν,
3816 2130 3860 2181 οὔ

2290 2223 2390 2293 τὴν
2435 2222 2641 2287 ἄνοδον,
2695 2222 2834 2276 ἀλλὰ
2898 2221 3016 2290 τὴν
3065 2222 3314 2276 ετσοδον
3363 2223 3473 2277 τοῦ
3540 2223 3732 2288 ξύλου
3778 2221 3861 2289 τῆς

2291 2314 2464 2383 (huic.
2495 2314 2881 2384 Στρεφομένην
2916 2313 2974 2367 δὲ
3020 2315 3192 2386 αὐτήν
3249 2332 3406 2386 φησι,
3454 2315 3599 2386 πρὸς
3628 2313 3724 2385 τὴν
3758 2315 3862 2384 mf,

2291 2406 2466 2480 ρωθεν
2495 2405 2837 2478 κατάπληξιν
2873 2406 2985 2460 τῶν
3030 2409 3548 2480 ὲπαυτομολούντων
3581 2409 3616 2480 ἢ
3663 2407 3861 2477 ἀλόγων.

2289 2502 2407 2572 ἤτοι
2432 2500 2731 2570 δαιμόνων·
2763 2494 2877 2553 οἶόν
2906 2519 2957 2554 τι
2991 2499 3125 2572 δρᾷν
3156 2490 3414 2556 εἰώθασιν
3449 2503 3500 2554 οἱ
3551 2501 3791 2572 ἀγρόται,
3811 2503 3858 2567 τῇ

2293 2589 2390 2659 μὲν
2421 2587 2520 2657 βοῇ
2552 2585 2620 2639 τά
2653 2589 2830 2658 πτηνά
2871 2605 2931 2642 τε
2976 2588 3070 2641 καὶ
3111 2589 3419 2660 τετράποδα
3465 2590 3747 2661 εἴργοντες
3779 2588 3860 2641 τῶν

2288 2672 2626 2745 ἀμπελώνων
2659 2674 2754 2727 καὶ
2808 2677 3182 2747 σικυηράτωνο
3214 2681 3280 2748 τῇ
3325 2677 3380 2730 δὲ
3429 2682 3763 2751 περιστροφῇ
3790 2679 3859 2730 τοῦ

2289 2767 2348 2819 ὲν
2379 2767 2537 2837 χερσὶ
2560 2766 2865 2836 φασγάνου,
2908 2769 3004 2822 καὶ
3028 2772 3094 2840 τῇ
3137 2770 3349 2823 ἐκεῖθεν
3380 2771 3643 2843 ἀστραπῇ
3677 2772 3859 2846 βροτοὺς

2289 2855 2370 2910 ἔτι
2414 2856 2700 2928 πόρρωθεν
2751 2857 2989 2928 ἥκοντας
3048 2858 3142 2912 ὲπὶ
3205 2859 3457 2934 λῃστείαν
3508 2862 3620 2916 τῶν
3668 2862 3859 2932 καρπῶν

2288 2950 2628 3023 κατέπληξε·
2667 2950 2930 3015 πολλάκις
2965 2951 3022 3005 δὲ
3064 2952 3160 3007 καὶ
3205 2953 3505 3025 σφενδόνης
3553 2953 3858 3025 περιστροςῇ

2287 3044 2368 3115 τῷ
2413 3044 2626 3099 ἐκεῖθεν
2668 3044 2918 3116 βληθέντι
2965 3044 3121 3116 λίθῳ,
3175 3045 3465 3118 πόρρωθεν
3503 3046 3602 3101 τὸν
3656 3046 3861 3119 ἐπήλυδα

2292 3134 2540 3206 συλώτην
2569 3135 2842 3208 κατεπτόη
2851 3153 2964 3191 σεν.

2859 3228 3112 3282 ΠΕΥΣΙΣ
3145 3228 3328 3285 PMB’.

2361 3319 2426 3373 Τί
2481 3337 2565 3374 σοι
2611 3318 2861 3374 δοκοῦσιν
2901 3323 2950 3374 οἱ
3003 3321 3321 3393 δερμάτινοι
3350 3323 3604 3393 χιτῶνες,
3637 3323 3726 3387 οὓς
3753 3321 3860 3393 μετὰ

2286 3408 2388 3480 τὴν
2429 3405 2726 3469 ἔκπτωσιν,
2768 3408 2858 3462 τὸν
2900 3407 3072 3479 Ἀδάμ
3121 3410 3218 3463 καὶ
3265 3410 3366 3482 τὴν
3413 3409 3563 3464 Εὕαν
3616 3413 3646 3464 ὁ
3694 3411 3858 3482 Κύριος

2288 3495 2538 3560 ἑνέδυσες
2587 3495 2928 3566 Ἀκηκόαμεν
2964 3495 3074 3568 γάρ
3103 3512 3248 3560 τινος
3281 3496 3462 3561 καλῶς
3494 3497 3765 3568 λέγοντος,
3797 3498 3856 3549 ὁτι

2289 3582 2414 3647 νοῦς
2443 3583 2660 3650 λογικὸς
2684 3583 2946 3655 ὑπάρχων
2996 3585 3026 3637 ὁ
3073 3583 3382 3656 ἄνθρωπος,
3421 3587 3518 3640 καὶ
3575 3586 3713 3653 ζῶον
3741 3585 3856 3642 ἀσώ-

2291 3687 2462 3736 ματον
2497 3671 2736 3739 λογικὸν,
2777 3671 2918 3742 μετά
2958 3671 3016 3726 δὲ
3056 3671 3118 3724 τὸ
3156 3673 3422 3744 ἁμαρτεῖν
3463 3676 3857 3747 παρακούσαντι

2287 3758 2409 3830 Θεῷ
2447 3758 2812 3831 ἀφορισθῆναι
2859 3760 2952 3814 τὸν
2985 3761 3370 3832 ἀποψυχθέντα
3401 3762 3548 3828 νοῦν,
3578 3765 3678 3818 καὶ
3713 3764 3857 3834 ψυχὴν

2287 3846 2375 3900 διὰ
2419 3847 2579 3900 τοῦτο
2637 3847 2926 3920 κληθῆναι,
2980 3847 3070 3902 διὰ
3113 3849 3176 3902 τὸ
3225 3849 3398 3920 eum
3442 3851 3506 3904 τὸ
3551 3851 3750 3925 θερμὸν
3785 3849 3856 3904 τοῦ

2287 3935 2380 3989 νοῦ
2417 3935 2613 4006 μηκέτι
2645 3935 2907 3990 δύνασθαι
2941 3936 3303 4008 παραμένειν,
3335 3937 3430 3992 καὶ
3458 3939 3858 4010 συλλειτουργεῖν

2285 4025 2396 4086 τοῖς
2428 4022 2570 4077 ἀνω·
2613 4023 2730 4078 ἀλλ’
2773 4022 3060 4094 ὲνδυθῆναι
3103 4025 3165 4078 τὸ
3216 4028 3372 4096 σῶμα
3403 4025 3582 4091 τοῦτο,
3611 4029 3741 4100 ὅπερ
3765 4029 3850 4096 δερ

2289 4109 2510 4181 μάτινον
2540 4111 2742 4181 χιτῶνα
2774 4110 2923 4178 λέγει
2951 4113 2985 4183 ἡ
3013 4109 3227 4183 Γραφὴ,
3263 4113 3402 4184 πρὸς
3426 4115 3701 4186 τιμωρίαν
3735 4131 3856 4186 1:59:-

2284 4197 2509 4252 τεθέντα
2534 4199 2613 4270 τῷ
2647 4199 3038 4272 ἁμαρτάνοντι,
3087 4201 3183 4254 καὶ
3229 4200 3419 4274 ὥσπερ
3464 4203 3690 4258 κόλασιν
3724 4201 3856 4257 αὑτοῦ

2287 4287 2381 4342 καὶ
2411 4285 2660 4358 φυλακὴν
2698 4287 3014 4359 ὑπάρχοντα
3033 4304 3046 4319 ·
3086 4288 3170 4343 διὸ
3211 4291 3307 4344 καὶ
3357 4291 3573 4345 ἐδέοντο
3609 4292 3705 4347 τοῦ
3748 4289 3856 4344 Θεοῦ

2285 4377 2335 4429 οἱ
2387 4374 2530 4444 ἅγιοι
2585 4374 2875 4429 ἀποθανεῖν
2921 4377 3016 4430 καὶ
3062 4377 3328 4450 ρυσθῆναι
3369 4379 3471 4449 τῆς
3511 4380 3857 4453 τιμωρίας”ὀ

2293 4462 2394 4534 μὲν
2439 4461 2604 4516 Δαϐὶδ
2649 4461 2845 4531 λέγων,
2882 4463 3172 4534 Ἐξάγαγε
3198 4465 3268 4518 ἐκ
3298 4465 3587 4534 φυλακῆς
3625 4469 3739 4533 τὴν
3765 4470 3858 4535 ις-υ.

2291 4553 2414 4620 χήν
2443 4567 2597 4618 μου·
2643 4550 2674 4602 ό
2711 4549 2768 4602 δὲ
2821 4550 3054 4615 Παῦλος,
3088 4553 3473 4621 Ταλαίπωρος
3512 4554 3634 4622 ἐγὼ
3671 4554 3859 4620 draw-

2290 4651 2436 4706 πος,
2457 4639 2552 4705 τίς
2575 4656 2654 4708 με
2673 4639 2926 4707 ῥύσεται
2949 4639 3018 4692 ἐκ
3043 4641 3150 4694 τοῦ
3178 4640 3454 4710 σώματος
3479 4642 3593 4696 τοῦ
3627 4641 3860 4697 θανάτου

2289 4727 2545 4792 eodem);
2577 4729 2606 4781 ὁ
2649 4727 2706 4780 δὲ
2741 4726 2860 4781 Ἰὼϐ
2908 4727 3206 4794 ἀπαύστως
3244 4731 3339 4784 τὸν
3389 4730 3624 4786 θάνατον
3671 4731 3858 4802 ηὔχετο.

2291 4815 2493 4885 μηκέτι
2537 4815 2720 4886 φέρων
2763 4815 2861 4888 τὴν
2911 4817 2971 4870 ὲν
3020 4815 3100 4888 τῷ
3151 4817 3366 4890 σώματι
3415 4817 3514 4872 τοῦ
3561 4819 3858 4892 δερματίνας)

2293 4901 2522 4972 χιτῶνος
2550 4903 2795 4958 κόλασιν.

2914 4987 3274 5056 Ἀπόκρισις.

2368 5074 2508 5146 Ἤδη
2536 5074 2796 5148 ἀνωτέρω
2825 5075 3148 5147 αἰσθόμενος
3197 5076 3357 5149 έφην,
3393 5079 3540 5150 ὑμᾶς
3567 5081 3642 5136 τά
3678 5077 3858 5152 Ὠριγέι

2292 5186 2417 5232 νους
2441 5171 2658 5240 φρονεῖν
2680 5168 2987 5240 δηλητήρια
3010 5170 3108 5223 καὶ
3130 5169 3430 5243 φθοροποιά
3452 5173 3726 5245 δόγματα,
3759 5176 3857 5231 τοὺς

2291 5261 2696 5333 ἁπλουστέρους
2721 5259 3056 5325 σκελίζοντα.
3081 5261 3158 5315 Οὐ
3179 5263 3287 5334 γὰρ
3312 5266 3434 5320 κατ’
3455 5267 3691 5339 οὐρανὸν
3713 5267 3857 5336 ἀμαρ-

2289 5352 2479 5407 τοῦσαι
2514 5353 2684 5424 ψυχαὶ
2713 5356 2773 5407 ἐν
2811 5353 3027 5426 σώματι
3069 5357 3477 5429 κατεκρίθησαν
3497 5358 3856 5433 τιμωρεῖσθαι,

2296 5447 2492 5518 μηκέτι
2518 5447 2817 5518 δυνάμεναι
2847 5451 3280 5522 συμπεριπολεῖν
3307 5455 3374 5524 τῇ
3403 5455 3762 5527 ὑπερκοσμίῳ
3785 5468 3856 5507 τεο

2293 5539 2476 5610 λευτῇ.
2509 5540 2571 5592 Et
2600 5539 2709 5612 γὰρ
2739 5540 2878 5613 πρὸς
2897 5541 3185 5613 διόρθωσιν
3219 5545 3312 5598 καὶ
3333 5545 3500 5618 νῆψιν
3529 5551 3650 5614 τοῖς
3673 5550 3856 5619 σώμασι

2295 5629 2504 5693 τούτοις
2555 5631 3045 5704 κατεκλείσθησαν,
3093 5634 3211 5699 πῶς
3262 5638 3321 5690 ὲν
3352 5638 3530 5710 τούτῳ
3570 5638 3855 5713 βαρυτέροις

1647 5771 1667 5801 ‘-‘
1696 5770 1825 5826 ibid.
1863 5787 1974 5824 sec.
2013 5768 2172 5824 LXX.
2254 5772 2296 5802 ¹⁰
2333 5770 2475 5827 Psal.
2505 5787 2652 5838 cm,
2677 5773 2728 5826 8.
2811 5774 2850 5805 ¹¹
2887 5773 3046 5828 Rom.
3083 5792 3176 5841 vlt,
3207 5776 3297 5831 24.
