4112 6380
527 212 668 273 “05

527 334 621 405 qui
655 341 781 405 post
810 333 962 389 illum
1009 332 1252 399 fuerunt,
1294 334 1581 390 docemur.
1622 333 1783 400 Quali
1807 335 1953 389 enim
1996 334 2108 388 vir-

528 433 643 481 tute
684 426 1065 481 demonstrata
1098 424 1369 482 Jeremias
1404 427 1496 481 ille
1540 427 1784 491 divinus,
1818 438 2115 495 antequam

526 532 594 572 ex
635 527 793 572 utero
821 517 1212 586 egrederetur,
1249 527 1475 572 sanctus
1513 518 1831 573 testimonio
1865 518 1959 572 Dei
1992 534 2116 587 per-

531 608 789 665 hibetur?
835 608 1085 676 Quauam
1140 625 1200 666 re
1260 612 1501 681 praestita
1550 610 1791 665 Joannes
1845 612 1897 664 in
1961 619 2117 666 utero

529 702 711 756 adhuc
743 712 989 773 gestatus
1016 703 1159 771 apud
1181 718 1306 757 eum
1329 704 1422 772 qui
1453 704 1634 757 adhuc
1662 703 1915 758 similiter
1944 711 2122 773 gesta-

532 793 712 855 batur,
748 793 944 848 Filium
974 803 1029 847 et
1048 792 1286 848 Verbum
1319 796 1372 848 in
1397 797 1520 849 alvo
1556 793 1830 865 perpetum
1852 792 2118 865 Virginis,

530 903 650 942 eam
676 888 982 942 libertatem
1012 886 1243 959 adeptus
1273 897 1377 953 est,
1412 903 1576 959 quam
1614 899 1668 942 et
1697 889 1961 944 exsiliens
1985 889 2123 944 indi-

532 981 713 1036 cavit?
742 980 897 1046 Quod
937 981 981 1034 si
1027 981 1179 1043 item,
1211 990 1271 1035 ut
1298 981 1478 1036 dicitis
1501 1023 1516 1046 ,
1553 982 1762 1051 absque
1802 981 2041 1050 peccatis
2065 981 2119 1034 in

531 1075 688 1131 ctelis
714 1073 966 1134 luerunt.
1000 1075 1159 1144 cujus
1182 1076 1358 1145 gratia
1394 1075 1857 1145 quemadmodum
1897 1083 1951 1129 et
1986 1090 2120 1129 con-

1599 214 1654 269 S.
1698 213 2000 269 CAESAR"
2042 212 2375 271 GREGORII
2405 214 2710 270 FRATRIS

3689 215 3831 270 ΗΜ

2233 335 2499 407 Ἱερεμίας
2542 336 2571 388 ὀ
2617 334 2904 397 Θεσπέσιος
2939 332 3048 404 πρὸ
3085 332 3180 386 τοῦ
3212 331 3450 397 ἐξελθεῖν
3476 332 3578 403 τῆς
3602 331 3829 399 νηδύος,

2225 427 2332 479 ὑπὸ
2358 425 2454 478 τοῦ
2482 425 2618 478 Θεοῦ
2668 428 3067 496 μαρτυρεῖται;
3104 425 3170 478 Τί
3220 424 3277 478 δὲ
3316 425 3523 496 δράσας
3564 424 3832 496 Ἰωάννης

2225 519 2282 571 ἐν
2304 521 2372 589 τῇ
2406 519 2590 590 μήτρᾳ
2623 517 2703 570 ἔτι
2731 518 3032 589 φερόμενος
3074 517 3214 589 πρὸς
3240 517 3332 571 τὸν
3358 517 3561 588 ὁμοίως
3587 518 3835 587 φερόμε-

2226 627 2318 664 νον
2375 609 2503 662 Υἱὸν
2548 610 2643 663 καὶ
2697 609 2871 678 Λόγον
2906 610 2965 661 ἐν
2998 610 3063 680 τῇ
3095 611 3299 679 γαστρὶ
3342 609 3441 679 τῆς
3485 607 3828 670 ’Δείπαιδος.

2227 704 2539 775 παρρησίαν
2585 704 2804 775 εὕρατο,
2850 703 2918 775 ἣν
2957 703 3200 776 σκαίρων
3229 704 3544 774 ἐδήλωσεν;
3578 704 3653 757 Et
3694 702 3745 756 δ’
3765 698 3829 757 αὖ

2224 797 2409 858 πάλιν,
2437 796 2622 860 καθώς
2644 814 2804 866 φατε,
2828 795 3205 867 ἀναμάρτητοι
3219 798 3340 849 κατ’
3356 796 3630 868 οὐρανοὺς
3653 794 3833 865 ὑπῆρ-

2223 908 2339 961 χον,
2368 890 2513 951 τίνος
2539 888 2701 960 χάριν
2741 888 2831 942 ἴσα
2849 892 2962 952 τοῖς
3001 888 3353 959 κατακρίτοις
3393 883 3621 957 σώμασι
3676 903 3833 960 περι-

2226 984 2428 1047 έθεντο;
2453 983 2690 1049 Ἀπαγε,
2710 980 2965 1052 Χριστὸς,
2992 981 3120 1044 τοὺς
3148 979 3493 1052 προῦπαρξιν
3509 978 3832 1051 ληροῦντας

2224 1074 2527 1145 ψυχῶν.ἱ’να
2541 1074 2722 1143 ψυχὴν
2736 1071 3118 1144 ἀποψυχθέντα
3132 1071 3257 1126 νοῦν
3270 1073 3435 1140 φάναι
3451 1072 3830 1143 τολμήσωσιν.

531 1171 772 1227 demuati
794 1213 810 1236 ,
855 1187 1087 1241 corpore
1118 1171 1442 1225 circumdati
1477 1172 1644 1226 sunt?
1685 1169 1886 1223 Procul
1924 1171 2107 1236 abigat
2140 1169 2394 1224 Christus
2423 1185 2519 1224 eos
2553 1169 2648 1239 qui
2682 1169 2896 1223 animas
2935 1168 3088 1238 prius
3125 1168 3393 1223 exsistere
3419 1176 3733 1237 nugantur,
3768 1179 3833 1219 ne

532 1277 588 1323 et
640 1267 814 1337 ipsius
864 1267 1104 1320 animam
1158 1266 1370 1320 ratione
1416 1265 1618 1318 mentis
1657 1262 1995 1334 lrigel‘actam
2029 1265 2211 1319 dicere
2241 1264 2501 1320 audeant.

980 1376 1083 1431 IN'l
1098 1373 1502 1433 ERROGATIO
1534 1378 1670 1433 CLI.

603 1492 743 1561 Quid
778 1493 985 1564 igitur?
1009 1493 1056 1548 si
1090 1509 1199 1548 non
1237 1495 1388 1564 prius
1425 1497 1701 1550 exsistens
1737 1496 1790 1549 iu
1820 1495 1975 1550 casulis
2007 1495 2127 1548 aui-

533 1601 642 1649 ma,
680 1595 976 1656 postquam
1015 1587 1283 1655 peccavit,
1317 1587 1372 1640 in
1404 1597 1728 1657 pmsentem
1771 1596 1856 1642 est
1900 1587 2129 1656 expulsa

532 1680 723 1745 vitam,
770 1693 867 1748 per
908 1679 1319 1748 copulationem
1380 1694 1507 1734 cum
1551 1693 1783 1748 corpore
1820 1679 2131 1751 generatio-

534 1787 789 1841 ncmque,
834 1772 1115 1841 quomodo
1162 1770 1395 1827 Davides
1450 1771 1502 1826 id
1552 1772 1847 1841 deplorans
1904 1772 2122 1842 inquit:

551 1864 686 1918 Ecce
708 1866 868 1929 enim,
898 1865 951 1918 in
979 1865 1354 1935 iniquitatibus
1388 1875 1668 1935 conceptus
1685 1882 1801 1919 sum
1821 1907 1836 1933 ,
1867 1875 1916 1919 et
1941 1868 1994 1919 in
2010 1882 2129 1935 pec-

533 1958 667 2012 catis
700 1959 935 2027 concepit
966 1973 1044 2011 me
1067 1966 1237 2011 mater
1266 1974 1382 2011 mea
1419 1956 1497 2008 “?

1155 2047 1470 2116 Responsio.

602 2140 752 2196 Nihil
794 2143 897 2197 hoc
921 2140 1178 2212 Origenis
1206 2155 1381 2211 nugas
1408 2141 1739 2195 conlirmare
1766 2149 1965 2210 potest.
1988 2137 2124 2193 Nam

532 2236 680 2306 quod
724 2233 957 2289 Davides
1001 2235 1099 2295 ait,
1148 2231 1283 2286 Ecce
1318 2234 1375 2286 in
1419 2232 1793 2302 iniquitatibus
1849 2242 2125 2302 conceptus

533 2343 673 2392 sum,
714 2328 939 2382 denotat
977 2326 1158 2397 ipsum
1209 2334 1430 2395 captum
1469 2333 1523 2380 et
1565 2323 1829 2378 infectum
1871 2324 2129 2393 concupi-

534 2421 742 2474 scentia
776 2417 1045 2473 cecidisse
1087 2418 1141 2472 iu
1187 2416 1489 2488 ﬂagitium,
1526 2425 1581 2470 et
1609 2415 1864 2470 adulterii
1902 2415 2126 2471 tristitia

536 2518 865 2578 perpetrata.
906 2507 1053 2561 illico
1095 2507 1298 2560 caedem
1338 2506 1715 2576 coniunxisse.
1745 2505 1956 2560 Iudicat
1996 2521 2126 2576 ergo

533 2619 593 2656 se
629 2603 814 2672 lugere
856 2603 1003 2670 quod
1037 2616 1067 2654 a
1099 2599 1544 2669 concupiscentia
1578 2607 1901 2668 superatus,
1932 2607 2127 2667 captus

535 2695 823 2763 iniquitate
867 2694 962 2760 sit,
998 2692 1114 2763 lege
1162 2692 1530 2761 praecipiente,
1563 2688 1687 2744 Non
1725 2688 1963 2755 occides,
1999 2687 2124 2743 Non

533 2786 868 2853 concupisces
908 2797 1127 2837 uxorem
1156 2783 1388 2852 proximi
1422 2781 1499 2834 tui
1531 2781 1595 2834 ".
1634 2780 1769 2833 lllud
1810 2789 2017 2843 autem,
2056 2778 2125 2833 1η

534 2877 762 2946 peccatis
782 2875 1016 2942 concepit
1046 2890 1125 2927 me
1142 2884 1313 2927 mater
1342 2888 1478 2937 mea,
1512 2871 1678 2925 etiam
1717 2870 1882 2924 hodie
1906 2871 2127 2925 conlin—

536 2988 661 3037 gere
688 2969 849 3024 solet.
880 2967 1082 3021 Matres
1109 2965 1257 3020 enim
1293 2963 1713 3035 quamplurimas
1743 2979 1850 3018 non
1890 2978 1957 3017 ex
1990 2962 2125 3017 dile-

536 3063 742 3126 ctione,
791 3061 936 3116 sicut
981 3058 1142 3123 Sara,
1181 3060 1265 3110 vel
1332 3055 1617 3120 Rebecca,
1669 3055 1752 3108 vel
1799 3055 1992 3119 Anna,
2045 3055 2131 3107 vel

540 3154 835 3217 Elisabeta,
882 3167 1006 3207 eum
1051 3149 1381 3220 coniugibus
1419 3148 1644 3212 cubant,
1687 3144 1785 3201 sed
1817 3148 1889 3200 ob
1922 3146 2129 3216 jurgia,

537 3248 942 3311 aemulationes,
969 3258 1201 3314 corpore
1232 3242 1453 3312 quidem
1489 3256 1549 3296 se
1577 3240 1964 3295 submittentes
1985 3281 1999 3304 ,
2036 3240 2131 3293 sed

540 3340 907 3409 immorigerae
953 3336 1235 3390 voluntate
1272 3343 1559 3389 manentes
1584 3375 1600 3400 ,
1655 3332 1951 3403 aliquando
1990 3331 2139 3387 fetus

492 3429 515 3449 ’
538 3432 879 3501 concipiunt.
920 3430 972 3482 Id
1000 3427 1148 3498 quod
1169 3436 1221 3482 et
1247 3427 1476 3482 Davides
1496 3426 1833 3496 suspicatur,
1866 3442 1925 3481 se
1945 3425 2015 3479 ab
2036 3426 2135 3479 iui-

540 3525 616 3580 tio
656 3539 726 3578 ex
767 3521 1038 3591 ejusmodi
1077 3518 1430 3574 contentione
1472 3525 1817 3586 conceptum.
1858 3518 1940 3573 Ab
1979 3519 2132 3572 omni

538 3624 720 3669 autem
770 3622 994 3683 peccato
1044 3611 1298 3673 liberam,
1348 3619 1403 3664 et
1457 3610 1736 3680 vituperio
1790 3609 2132 3680 superiorem

539 3724 658 3762 eam
709 3721 833 3776 quae
884 3706 990 3775 legi
1036 3712 1407 3758 consentanea
1452 3711 1574 3769 est,
1627 3703 2032 3773 copulationem
2080 3713 2136 3757 et

541 3798 980 3868 procreationem
1036 3798 1337 3850 liberorum
1379 3795 1622 3851 ostendit
1674 3796 1963 3860 Dominus,
2003 3798 2132 3850 dum

540 3905 608 3941 ex
640 3889 848 3942 Adamo
890 3886 1110 3956 quidem
1142 3886 1427 3940 mulierem
1479 3885 1610 3942 fecit
1655 3904 1669 3941 :
1705 3901 1818 3956 quo
1841 3888 2002 3942 docet
2040 3902 2135 3955 per

541 3983 714 4052 ipsam
771 3979 1191 4058 coniunctorum
1249 3978 1535 4042 unionem,
1593 3986 1649 4033 et
1698 3978 2132 4048 procreationem

543 4074 840 4128 liberorum
865 4087 932 4127 ex
963 4071 1073 4127 illis
1101 4086 1159 4127 se
1202 4071 1481 4141 amplecti,
1520 4070 1758 4140 ideoque
1796 4071 1865 4125 de
1907 4087 1974 4126 ea
2011 4086 2135 4141 quae

543 4183 637 4237 per
666 4167 844 4237 ipsum
872 4175 955 4220 est
983 4164 1332 4234 copulatione
1366 4163 1547 4233 inquit
1577 4179 1589 4214 :
1616 4162 1853 4217 Crescite
1871 4173 1920 4217 et
1945 4163 2132 4217 multi-

540 4259 838 4329 plicamini,
881 4266 932 4310 et
966 4256 1178 4325 implete
1211 4263 1446 4321 terram,
1490 4263 1541 4308 et
1589 4254 1941 4306 dominamini
1979 4254 2028 4308 ei
2066 4254 2132 4307 “.

544 4350 799 4405 Eamdem
813 4356 993 4401 autem
1009 4346 1190 4400 denuo
1203 4346 1414 4399 vivendi
1432 4361 1536 4398 una
1553 4345 1815 4399 rationem
1830 4346 2134 4408 honoratis,

545 4441 599 4494 in
629 4438 776 4496 Cana
811 4438 1050 4493 Galilzete
1093 4452 1197 4491 suo
1231 4451 1461 4491 accessu
1503 4446 1558 4491 et
1595 4435 1832 4490 convivii
1877 4437 2138 4492 societate

544 4543 743 4597 ornat;
775 4531 941 4601 idque
973 4529 1147 4598 magis
1183 4530 1347 4583 etiam
1376 4538 1434 4582 ut
1477 4526 1924 4592 demonstraret,
1957 4528 2128 4582 hono-

543 4624 752 4679 rarium
776 4637 985 4677 munus
1001 4621 1192 4684 donat,
1230 4621 1419 4673 viuum
1449 4635 1518 4674 ex
1545 4634 1686 4689 aqua
1719 4617 1948 4675 factum.
1983 4620 2051 4674 Et
2081 4623 2134 4675 in

545 4716 839 4788 Erangelio
876 4713 1141 4769 divinitus
1168 4713 1282 4766 haec
1312 4710 1621 4781 proferens,
1657 4712 1876 4782 inquit:
1909 4711 2138 4781 Propter

543 4810 638 4863 hoc
680 4810 883 4863 deseret
927 4807 1081 4859 homo
1122 4813 1329 4874 patrem
1378 4813 1428 4857 et
1474 4813 1721 4868 matrem,
1760 4812 1812 4857 et
1846 4803 2137 4857 adluerebit

544 4900 703 4954 uxori
754 4915 888 4961 sum,
927 4906 975 4951 et
1009 4905 1162 4949 erunt
1214 4896 1320 4948 duo
1375 4898 1430 4948 in
1465 4911 1624 4949 carne
1654 4913 1764 4950 una
1802 4897 1867 4950 ³⁷.
1936 4894 2004 4949 Ει
2043 4912 2136 4965 per

543 4987 778 5044 Paulum
841 4987 1020 5055 inquit
1051 5002 1065 5039 :
1101 4985 1427 5039 llonorabile
1479 4985 1826 5055 conjugium,
1879 4995 1928 5041 et
1965 4986 2135 5040 cubile

543 5078 920 5148 impollutam;
957 5087 1279 5132 scortatores
1313 5088 1490 5131 autem
1517 5088 1567 5132 et
1602 5079 1874 5133 adulteros
1914 5080 2137 5143 judica~

543 5172 617 5225 bit
648 5170 787 5225 Deus
815 5171 881 5235 ¹⁸,
921 5171 1182 5224 nimirum
1226 5171 1314 5224 hie
1349 5171 1465 5239 ipse
1490 5170 1764 5227 Christus.
1806 5169 1944 5225 Nam
1975 5171 2135 5224 Pater

538 5265 751 5335 ju'licat
795 5265 1075 5338 neminem,
1104 5262 1194 5315 sed
1230 5279 1383 5316 omne
1419 5262 1689 5333 judicium
1724 5263 1870 5317 Filio
1892 5264 2036 5318 dedit
2066 5266 2131 5318 ‘9.

546 5356 664 5412 Non
699 5358 754 5411 in
791 5358 1175 5429 iniquitatibus
1214 5359 1401 5429 igitur,
1439 5358 1509 5413 ad
1542 5357 1853 5427 exemplum
1898 5356 2131 5423 Christi,

545 5455 606 5505 tit
631 5449 917 5520 conceptio
944 5458 1155 5505 nostra.
1180 5450 1315 5505 Nam
1360 5451 1413 5505 in
1440 5460 1598 5505 utero
1625 5447 1897 5505 Jeremias
1923 5451 2144 5505 sanctia

545 5540 742 5595 ﬁcatus
780 5549 895 5604 est,
938 5538 1179 5596 Joannes
1209 5556 1333 5595 cum
1371 5539 1572 5610 gaudio
1603 5540 1867 5610 singulari
1908 5540 2130 5593 exsiliit.

546 5631 784 5687 Verbum
823 5632 955 5687 illud
995 5633 1252 5702 denique,
1297 5633 1390 5701 qui
1423 5633 1586 5687 etiam
1635 5630 1778 5687 Deus
1820 5640 1925 5694 est,
1962 5631 2126 5686 homo

620 5753 661 5783 ιδ
697 5751 841 5806 l’sal.
877 5767 930 5821 1.,
964 5751 1019 5806 7.
1098 5754 1140 5785 ¹⁵
1180 5751 1348 5807 Exod.
1388 5767 1479 5818 xx,
1521 5751 1606 5816 15,
1651 5752 1733 5805 l7.

1815 5753 1856 5782 ¹⁶
1894 5750 2030 5808 Gen.
2071 5765 2107 5815 Ι,
2135 5750 2226 5805 ΞΒ.

2796 1374 3050 1426 ΠΕΥΣΙΣ
3074 1374 3250 1427 PNA'.

2300 1486 2473 1544 Τίοῦν
2497 1507 2510 1555 ;
2534 1491 2581 1543 εί
2601 1490 2661 1542 οὐ
2685 1490 3118 1562 προϋπάρχουσα
3136 1492 3170 1561 ἡ
3200 1489 3346 1561 ψυχὴ
3377 1490 3497 1543 κατ’
3527 1489 3825 1560 οὐρανοὺς.

2229 1584 2457 1657 ὕστερον
2520 1586 2910 1657 ἁμαρτήσασα,
2976 1586 3057 1648 είς
3113 1583 3207 1637 τὸν
3248 1583 3496 1654 παρόντα
3549 1582 3827 1654 ἐξωρίσθη

2232 1678 2368 1748 βίον»
2423 1676 2512 1730 διὰ
2551 1676 2651 1746 τῆς
2679 1677 2813 1747 πρὸς
2859 1676 2920 1728 τὸ
2952 1676 3112 1746 σῶμα
3153 1674 3474 1746 συμπλοκῆς
3505 1676 3605 1727 καὶ
3639 1674 3831 1743 γεννή-

2234 1786 2391 1835 σεως,
2417 1768 2533 1832 πῶς
2554 1770 2582 1821 ὁ
2606 1768 2770 1821 Δαόὶδ
2800 1767 2957 1821 τοῦτο
2977 1765 3404 1838 ἀποδυρόμενος,
3438 1767 3592 1835 λέγει
3619 1784 3633 1796 ·
3678 1765 3829 1821 Ἰδοὺ

2230 1861 2342 1932 γὰρ
2375 1862 2445 1916 ἐν
2483 1862 2759 1931 ἀνομίαις
2812 1861 3231 1930 συνελήφθην,
3275 1862 3372 1915 καὶ
3399 1862 3469 1915 ἐν
3509 1861 3826 1931 ἁμαρτίαις

2229 1954 2530 2022 ἐκίσσησε
2552 1970 2631 2023 με
2656 1953 2694 2020 ἡ
2711 1953 2909 2024 μήτηρ
2927 1970 3077 2023 μου;

2840 2046 3214 2114 Ἀπόκρισις.

2301 2139 2467 2193 Οὐδὲν
2512 2139 2718 2193 τούτων
2770 2137 3069 2209 βεϐαιῶσαι
3120 2139 3248 2200 τοὺς
3290 2136 3603 2208 Ὠριγένους
3630 2136 3829 2207 φληνά-

2231 2248 2364 2299 φους
2410 2227 2521 2284 οἷόν
2558 2248 2640 2285 τε.
2665 2231 2740 2284 Τὸ
2777 2229 2921 2300 γὰρ,
2967 2228 3124 2284 Ἰδοὺ
3160 2230 3229 2281 ἑν
3252 2229 3529 2298 ἀνομίαις
3558 2231 3825 2295 συνελή-

2229 2328 2411 2394 φθην,
2442 2326 2576 2396 φησὶ
2596 2325 2693 2379 τὸν
2719 2323 2903 2386 Δαϐὶδ,
2934 2323 3028 2376 τὸν
3070 2322 3445 2394 συλληφθέντα
3464 2324 3560 2376 καὶ
3592 2324 3825 2393 ἀνακρα-

2232 2417 2395 2472 θέντα
2426 2420 2496 2489 τῇ
2519 2417 2808 2488 ἐπιθυμία,
2840 2421 3027 2469 πεσεῖν
3061 2416 3118 2467 ἐν
3152 2417 3219 2485 τῇ
3254 2414 3474 2486 ἀνομίᾳ,
3514 2415 3614 2467 καὶ
3647 2414 3710 2467 τὸ
3741 2414 3825 2466 ἄ).-

2229 2523 2327 2575 γος
2382 2508 2758 2577 ἐργασάμενον
2795 2505 2898 2574 τῆς
2951 2504 3219 2575 μοιχείας,
3259 2500 3415 2568 αὖθις
3461 2504 3706 2573 συνάψαι
3738 2505 3827 2557 καὶ

2229 2599 2329 2668 τὴν
2361 2598 2675 2669 μιαιφονίαν
2697 2614 2710 2627 ο
2734 2596 2888 2668 δηλοῖ
2910 2596 3072 2649 αὑτὸν
3089 2595 3460 2667 ἀποδύρεσθαι
3483 2594 3822 2666 κρατηθέντα

2230 2691 2336 2745 ὑπὸ
2362 2692 2462 2762 τῆς
2489 2688 2810 2760 ἐπιθυμίας,
2845 2688 3047 2742 ἁλῶναι
3082 2689 3140 2740 ὲν
3172 2690 3239 2758 τῇ
3274 2687 3493 2760 ἀνομίᾳ,
3534 2687 3635 2740 τοῦ
3667 2687 3827 2759 νόμου

2231 2781 2672 2853 παρεγγυῶντος,
2697 2783 2778 2834 Οὐ
2799 2781 3139 2849 φονεύσεις,
3163 2783 3284 2833 Οὐκ
3299 2779 3703 2850 ἐπιθυμήσεις
3719 2781 3824 2849 τὴν

2229 2875 2485 2944 γυναῖκα
2497 2873 2605 2928 τοῦ
2617 2874 2888 2941 πλησίον
2902 2873 3118 2928 σου.Τὸ
3137 2873 3213 2935 δὲ,
3232 2873 3329 2925 Ἐν
3343 2873 3618 2942 ἁμαρτίαι
3629 2874 3825 2939 ςέκίσ-

2236 2966 2397 3035 σησέ
2429 2983 2507 3035 με
2536 2967 2574 3033 ἠ
2599 2965 2800 3034 μήτηρ
2829 2982 2965 3031 μου,
2998 2964 3095 3018 καὶ
3128 2965 3290 3036 μέχρι
3322 2968 3562 3036 τήμερον
3594 2965 3824 3036 συμϐαίο

2234 3076 2344 3112 νειν
2378 3059 2622 3129 πέφυκεν
2644 3073 2661 3088 ο
2692 3058 2749 3110 αἱ
2775 3056 2885 3129 γὰρ
2912 3056 3165 3110 πλεῖσται
3204 3057 3441 3129 μητέρες
3475 3057 3577 3111 οὐκ
3612 3058 3671 3124 ἐξ
3696 3058 3822 3125 ἀγά-

2234 3168 2343 3221 πης
2391 3151 2466 3215 ὡς
2510 3150 2717 3222 Σάρρα,
2747 3150 2781 3220 ἣ
2815 3149 3109 3215 Ῥεϐέκκα,
3139 3149 3172 3219 ἢ
3211 3151 3403 3214 Ἀννα,
3439 3150 3472 3220 ἢ
3520 3148 3819 3212 Ἐλισάὸετ,

2234 3246 2345 3307 τοῖς
2372 3241 2622 3312 συμϐίοις
2649 3240 3127 3311 συγκαθεύδουσιν,
3152 3241 3267 3295 ἀλλ’
3297 3241 3580 3314 ἐριθείαις,
3611 3244 3709 3295 καὶ
3721 3241 3815 3311 μά-

2235 3352 2377 3406 χαις,
2434 3335 2530 3389 καὶ
2567 3334 2941 3405 ζηλοτυπίαις,
2989 3333 3411 3403 συγκλινόμεναι
3452 3333 3553 3404 μὲν
3595 3332 3817 3402 σώματι,

2234 3427 2473 3490 ἁκλινεῖς
2504 3426 2562 3480 δὲ
2599 3428 2693 3480 καί
2714 3427 3033 3481 ἀνύπεικτοι
3078 3427 3397 3498 προαιρέσει
3428 3426 3712 3498 μένουσαι,
3745 3428 3821 3493 ἑγ-

2236 3514 2555 3569 κισσοῦνται
2601 3516 2865 3579 πολλάκις
2892 3516 2962 3570 τὰ
2998 3516 3239 3589 ἔμϐρυα.
3267 3518 3446 3589 Ὅπερ
3475 3519 3573 3572 καὶ
3608 3520 3637 3572 δ
3671 3515 3826 3570 Δαδὶδ

2237 3604 2474 3669 ὑπενόει,
2500 3606 2566 3658 ὲκ
2595 3605 2856 3676 τοιαύτης
2882 3607 3201 3677 ἐρεσχελίας
3226 3609 3391 3661 αὑτὸν
3418 3609 3703 3681 καταρχὰς
3725 3609 3826 3661 ὑπὸ

2234 3698 2344 3751 τῶν
2366 3698 2570 3766 γονέων
2588 3699 2993 3771 συνενεχθῆναι.
3037 3701 3360 3774 Ἐλευθέραν
3375 3702 3431 3755 δὲ
3455 3704 3641 3774 πάσης
3659 3708 3821 3775 ἀμαρ-

2234 3791 2377 3856 τίας,
2405 3792 2498 3845 καί
2520 3792 2801 3865 ὰνωτέραν
2822 3793 3168 3865 ἐγκλήματος
3200 3795 3301 3866 τὴν
3330 3796 3473 3849 κατὰ
3506 3797 3677 3866 νόμον
3706 3814 3819 3849 συν·

2237 3886 2433 3955 άφειαν
2495 3887 2591 3940 καὶ
2643 3887 2990 3956 παιδογονίαν
3042 3889 3368 3954 ἀποδεικνὺς
3418 3892 3449 3944 ὁ
3500 3891 3729 3962 Κύριος,
3762 3892 3820 3943 ὲκ

2240 3979 2338 4049 μὲν
2363 3979 2458 4032 τοῦ
2493 3978 2664 4049 Ἀδὰμ
2691 3979 2793 4050 τὴν
2830 3982 3063 4049 γυναῖκα
3110 3981 3540 4054 ἐδημιούργησε.
3581 3983 3691 4036 τῶν
3733 3982 3819 4053 μέ-

2237 4087 2328 4140 χρι
2348 4069 2443 4124 νῦν
2463 4072 2531 4123 δι’
2570 4070 2737 4125 αὐτοῦ
2766 4072 3191 4143 συναπτομένων
3223 4074 3495 4128 παιδεύων
3543 4076 3646 4147 τὴν
3693 4075 3821 4129 ἕνω-

2240 4178 2345 4221 σιν,
2379 4162 2472 4215 καὶ
2499 4162 2598 4229 τὴν
2640 4162 2701 4228 ἐξ
2729 4163 2955 4218 ἐκείνων
2992 4165 3341 4220 παιδοποιίαν
3366 4166 3665 4237 ἀγάμενος,
3697 4168 3817 4238 φησὶ

2238 4255 2303 4323 τῇ
2338 4254 2405 4306 δι’
2434 4254 2599 4308 αὐτοῦ
2621 4255 2911 4326 συνάφεια,
2928 4255 3279 4321 Αὐξὰνεσθε
3303 4258 3402 4311 καὶ
3419 4260 3815 4325 πληθύνεσθε.

2241 4346 2340 4402 καὶ
2390 4347 2752 4414 πληρώσατε
2795 4347 2910 4415 τὴν
2957 4346 3107 4417 γῆν,
3160 4349 3260 4402 καὶ
3319 4351 3819 4418 κατακυριεύσατε

2239 4437 2451 4506 αὐτῆς.
2508 4437 2621 4510 Τὴν
2664 4436 2711 4491 δ’
2762 4437 2933 4509 αὐτὴν
2978 4438 3142 4492 πάλιν
3183 4439 3362 4511 τιμῶν
3411 4440 3735 4511 συμϐίωσιν,
3765 4442 3818 4492 ὲν

2240 4530 2394 4600 Κανᾷ
2448 4529 2549 4599 τῆς
2599 4528 2890 4593 Γαλιλαίας
2919 4529 3201 4601 φαιδρύνει
3235 4533 3302 4603 τῇ
3344 4532 3482 4604 πρὸς
3508 4532 3682 4605 αὐτὴν
3713 4549 3817 4601 φοιρ

2240 4624 2394 4691 τήσει
2424 4623 2521 4675 καὶ
2561 4622 2926 4687 συνεστιάσει,
2949 4623 3228 4688 ἀπόδειξιν
3271 4624 3369 4677 τοῦ
3407 4625 3606 4696 γέρως,
3636 4626 3698 4679 τὸ
3721 4627 3819 4678 λοι-

2239 4712 2340 4766 πὸν
2388 4714 2797 4785 δωρησάμενος,
2831 4711 2973 4771 οἶνον
3018 4715 3078 4782 eg
3119 4715 3307 4781 ὓδατος
3327 4733 3342 4749 ο
3376 4719 3471 4771 καὶ
3498 4718 3556 4771 ὲν
3584 4718 3818 4787 Εὐάγγε-

2239 4803 2375 4868 λίοις
2405 4804 2688 4876 θεηγορῶν
2733 4823 2922 4875 φησιν,
2954 4808 3202 4860 Ἕνεκεν
3227 4807 3447 4864 τούτου
3480 4811 3816 4879 καταλείψει

2238 4895 2552 4963 ἅνθρωπος
2574 4900 2681 4951 τὸν
2706 4897 2933 4968 πατέρα
2951 4896 3164 4962 αὐτοῦ,
3190 4900 3289 4953 καί
3324 4899 3440 4968 τὴν
3451 4900 3700 4971 μητέρα,
3727 4901 3816 4956 καί

2240 4989 2850 5057 προσκολληθήσεται
2881 4988 3033 5057 πρὸς
3061 4987 3177 5057 τὴν
3199 4990 3457 5058 γυναῖκα
3483 4994 3693 5057 αὐτοῦ,
3729 4990 3816 5046 καί

2238 5078 2484 5133 ἔσονται
2509 5083 2565 5133 οί
2584 5080 2695 5136 δύο
2713 5084 2804 5148 εις
2822 5080 3019 5150 σάρκα
3037 5083 3206 5151 μίαν.
3237 5085 3348 5138 Καὶ
3364 5085 3422 5137 ὲν
3446 5084 3646 5156 Παύλῳ
3672 5085 3812 5155 φησὶ,

2245 5172 2439 5240 Τίμιος
2460 5175 2493 5226 ὁ
2514 5173 2722 5243 γάμος,
2742 5174 2841 5230 καὶ
2862 5176 2901 5243 ἠ
2922 5176 3095 5245 κοίτη
3121 5176 3408 5245 ἀμίαντος
3421 5193 3436 5207 ·
3466 5178 3727 5247 πόρνους
3753 5175 3815 5229 δὲ

2239 5262 2335 5315 καὶ
2372 5262 2627 5331 μοιχοὺς
2662 5264 2858 5332 κρινεῖ
2883 5268 2916 5318 ὁ
2938 5266 3105 5331 Θεὸς,
3140 5267 3303 5330 αὐτὸς
3324 5262 3481 5331 οὗτος
3507 5270 3536 5321 ὁ
3567 5265 3812 5342 Χριστός.

2250 5355 2314 5406 '0
2355 5355 2464 5421 γάρ
2514 5354 2720 5424 Πατὴρ
2757 5356 2948 5424 κρίνει
2983 5357 3228 5423 οὐδένα,
3277 5359 3440 5413 ἀλλὰ
3474 5359 3593 5428 τὴν
3624 5360 3814 5429 κρίσιν

2238 5444 2447 5500 πᾶσαν
2472 5446 2698 5501 δέδωκε
2741 5450 2822 5515 τῷ
2864 5447 2996 5515 Υἱῷ.
3029 5452 3147 5503 Οὐκ
3185 5451 3245 5502 ὲν
3268 5451 3533 5521 ἁνομίαις
3563 5448 3660 5506 οὖν
3687 5449 3815 5505 κατὰ

2239 5540 2473 5610 Χριστὸν
2506 5544 2564 5593 ἐν
2598 5543 2764 5613 σαρκὶ¹
2800 5545 2834 5613 ή
2873 5542 3139 5613 σύλληψις
3165 5543 3354 5615 ἡμῶν·
3398 5546 3458 5598 ὲν
3493 5546 3692 5615 γαστρὶ
3714 5543 3811 5614 γὰρ

2249 5632 2520 5704 Ἱερεμίας
2552 5634 2817 5705 ἡγιάσθη,
2862 5635 3115 5708 Ἰωάννης
3144 5637 3204 5690 ὲν
3227 5637 3549 5706 ἀγαλλιάσει
3575 5637 3809 5707 ἐσκίρτη-

2312 5752 2355 5785 ’τ
2392 5751 2581 5807 Matth.
2613 5768 2725 5820 xix,
2759 5754 2811 5809 5.
2883 5755 2926 5787 ¹⁸
2949 5753 3118 5813 llebr.
3147 5771 3269 5825 xm,
3300 5757 3353 5811 4.
3401 5757 3445 5788 ¹⁶
3471 5755 3630 5812 Joan.
3654 5771 3702 5823 v,
3724 5753 3807 5808 ει.
