4112 6380
244 513 388 574 ίίοὸ

245 642 360 689 dav,
386 629 415 681 ό
454 629 626 697 Λόγος
666 631 759 684 καὶ
785 630 936 693 Θεὸς,
954 630 1145 700 βροτὸς
1174 630 1396 699 γέγονεν
1433 631 1492 697 ἐξ
1512 630 1825 704 ἀπόρῤήτου

249 720 582 792 συλλήψεως.
624 721 699 775 Οὑ
739 721 829 776 διὰ
868 722 968 786 τὰς
1015 722 1193 793 ψυχὰς
1242 722 1420 776 τοίνυν
1459 724 1527 777 τά
1564 723 1822 791 σώματα·

250 813 360 869 αὕθ’
394 814 584 886 ἕτερον
639 813 751 886 γὰρ
792 814 981 886 ἑτέρου
1022 814 1624 886 προγενέστερον’άλλ’
1661 815 1829 885 ἄμφω

174 960 187 979 ι
248 906 543 977 ἀφράστως
577 904 646 959 δι’
690 905 1020 975 ἁγαθότητα,
1050 906 1109 957 ἐν
1133 905 1331 976 ἀκαρεῖ
1375 904 1508 968 Θεὸς
1540 906 1829 977 ἐδημιούρ-

157 994 185 1028 έί
249 1014 436 1068 γησεν.
480 995 855 1068 Ἐκτραπέντα
882 995 939 1050 δὲ
968 996 1062 1049 τοῦ
1090 994 1320 1065 ἀγαθοῦ,
1356 996 1447 1049 καὶ¹
1474 996 1827 1066 γυμνωθέντα

247 1080 348 1160 τῆς
394 1088 668 1162 θεότητος,
727 1087 890 1143 πάλιν
940 1089 1007 1142 δι’
1055 1088 1377 1157 ἀγαθότητα
1424 1088 1609 1160 δέρῤει
1670 1107 1828 1162 περι-

248 1178 476 1243 έστειλε,
506 1160 848 1250 ιῷθστεγάνῳ
876 1177 1156 1249 περιέπων
1182 1178 1242 1230 τὸ
1273 1177 1481 1231 ἁπαλὸν
1514 1178 1608 1231 τοῦ
1635 1178 1825 1249 σώμα-

247 1286 359 1334 τος,
383 1270 508 1341 ἄρτι
527 1267 632 1333 ἔξω
651 1270 941 1340 γενόμενον
962 1268 1062 1339 τῆς
1088 1271 1145 1322 ὲν
1167 1269 1484 1340 παραδείσῳ
1509 1271 1719 1341 τρυφῆς
1734 1274 1827 1326 καὶ

248 1361 345 1428 τῆς
376 1359 526 1423 θείας
541 1359 854 1446 περιϐολῆς,
884 1360 1009 1431 ἄρτι
1032 1359 1140 1412 τῶν
1176 1360 1352 1413 πόνων
1375 1360 1702 1431 ἁπτόμενον,
1726 1362 1823 1432 τῆς

244 1451 508 1505 ἐπιπόνου
540 1449 685 1522 ζωῆς
738 1452 831 1506 καὶ⁸
866 1451 1087 1521 ἱδρῶτος
1129 1453 1187 1504 ἐν
1214 1451 1380 1522 πείρα
1405 1452 1725 1523 γενόμενον·
1763 1454 1824 1505 οὐ

248 1541 592 1614 προῦπαρξιν
639 1541 838 1605 τοίνυν,
867 1542 929 1594 οὐ
966 1540 1319 1614 συνύπαρξιν,
1367 1543 1430 1595 οὐ
1464 1543 1823 1615 μεθύπαρξιν,

241 1632 391 1684 ὅσιον
425 1629 699 1686 παιδεύειν
717 1645 731 1659 ⁸
760 1630 845 1683 ἵνα
880 1630 955 1701 μὴ
982 1631 1042 1684 τὸ
1068 1632 1166 1702 μὲν
1196 1632 1486 1686 ἐκπίπτειν
1513 1633 1692 1704 ψυχὰς
1717 1634 1825 1687 τῶν

246 1722 513 1794 οὐρανῶν,
549 1722 644 1776 καὶ
694 1721 996 1792 ὲνείρεσθαι
1041 1721 1291 1793 σώμασιν
1324 1723 1697 1795 ἀπατηθῶμεν
1724 1742 1738 1755 ο
1768 1724 1827 1777 τὸ

241 1816 325 1878 δὲ,
364 1815 493 1879 τοὺς
552 1813 1007 1885 παρθενεύοντας,
1052 1813 1310 1879 καὶτοὺς
1366 1817 1675 1887 ἐγκρατεῖς,
1732 1817 1826 1869 καὶ

246 1909 373 1971 τοὺς
422 1908 733 1979 γονορῤυεῖς
783 1905 1151 1976 ψυχοκτόνους
1203 1906 1716 1978 βλασφημήσωμεν,
1767 1909 1825 1961 ὲν

246 2004 311 2071 τῇ
340 2001 505 2071 ὀσφύϊ
531 1999 625 2053 καὶ
652 1998 730 2070 τῷ
769 2000 1043 2070 σπέρματι
1072 1998 1171 2064 τὰς
1200 1997 1376 2069 ψυχάς
1424 2000 1824 2070 κατεμπνίγονο

240 2109 362 2155 τας.
392 2092 589 2163 nepam
610 2091 654 2143 δ’
677 2089 916 2158 άφάλλου
948 2090 1041 2142 καὶ
1070 2090 1177 2141 τῶν
1204 2088 1514 2160 ληρούντων
1547 2090 1827 2163 μεθύπαρ-

246 2178 327 2248 ξιν
344 2199 358 2212 ’
396 2183 456 2234 οὐ
492 2181 602 2252 γὰρ
635 2178 1006 2251 πρεσϐύτερος
1031 2181 1127 2234 καὶ
1152 2178 1415 2251 νεώτερος
1442 2179 1603 2243 αὐτὸς
1630 2180 1824 2234 ἑαυτοῦ

247 2271 458 2344 βροτός.

1626 520 1974 577 DIALOGUS
2038 521 2120 580 III.

3372 525 3512 581 H06

1929 630 2110 686 factus
2146 640 2230 687 est
2272 647 2369 701 per
2426 632 2753 688 ineffabilem
2798 644 3233 703 conceptionem.
3272 633 3511 691 Proinde

1929 738 2037 776 non
2079 732 2209 777 sunt
2243 738 2473 794 corpora
2522 734 2740 794 propter
2778 726 3016 789 animas,
3060 741 3240 795 neque
3277 726 3508 781 alterum

1930 814 2101 867 altero
2141 816 2487 885 generatione
2522 815 2677 884 prius
2716 823 2822 880 est,
2864 816 2957 870 sed
2998 824 3229 886 utraque
3264 815 3514 870 inc-ﬂabi-

1929 906 2053 957 liter
2076 915 2296 974 propter
2321 906 2620 959 bonitatem
2649 905 2792 961 Deus
2817 905 2869 959 in
2896 918 3174 961 momento
3199 906 3509 962 fabricavit.

1929 992 2310 1046 Abalienatum
2344 1002 2523 1046 autem
2556 1009 2586 1046 a
2620 994 2783 1056 bono,
2818 994 3215 1065 divinitateqne
3244 997 3508 1051 nudatum

1928 1099 2122 1137 rursus
2179 1092 2401 1154 propter
2452 1085 2749 1139 bonitatem
2815 1086 3086 1151 contexit,
3140 1088 3311 1142 solida
3375 1088 3511 1157 pelle

1928 1191 2131 1229 ornans
2154 1217 2168 1239 ,
2201 1190 2326 1228 cum
2364 1174 2620 1230 teneritas
2645 1175 2758 1245 jam
2789 1188 2941 1231 extra
2980 1178 3215 1246 paradisi
3263 1179 3512 1248 volupta-

1930 1278 2035 1321 tem
2073 1267 2425 1333 divinamque
2462 1268 2820 1324 munitionem
2865 1278 3043 1332 esset,
3072 1280 3126 1324 ct
3152 1270 3265 1339 jam
3296 1270 3509 1325 labores

1928 1367 2273 1428 capesseret,
2317 1358 2759 1429 laboriosamque
2803 1360 2968 1414 vitam
3033 1374 3196 1428 atque
3253 1365 3507 1414 sudorem

1927 1450 2286 1520 experiretur.
2375 1447 2613 1504 Proinde
2662 1466 2840 1520 neque
2901 1452 3056 1520 prius
3121 1451 3507 1515 exsistcntem,

1928 1555 2105 1609 neque
2148 1539 2569 1594 coexsistentem
2634 1556 2812 1610 neque
2861 1542 3336 1611 postexsistentem
3392 1543 3505 1595 ani-

1929 1646 2073 1686 mam
2098 1632 2271 1700 pietas
2300 1631 2495 1695 docet,
2523 1647 2590 1685 ne
2613 1634 2808 1702 partim
2834 1634 3011 1689 delabi
3034 1650 3097 1689 ex
3123 1634 3278 1689 caelis
3300 1636 3512 1691 animas

1928 1733 1981 1776 et
2009 1723 2176 1778 inseri
2213 1723 2535 1792 corporibus
2560 1723 2698 1779 falso
2725 1725 3105 1782 existimemus
3125 1767 3139 1791 ,
3173 1728 3368 1797 partim
3399 1744 3507 1779 ser-

1928 1825 2114 1869 vantes
2169 1816 2514 1880 castitatem,
2563 1827 2618 1870 et
2677 1826 3072 1886 temperantes,
3135 1828 3229 1872 aut
3287 1819 3513 1873 seminis

1932 1906 2136 1960 ﬂuxum
2164 1906 2455 1975 patientes,
2484 1906 2629 1960 velut
2650 1908 2955 1962 animarum
2989 1908 3261 1963 oceisores
3301 1910 3511 1962 calum-

1933 2000 2181 2062 niemur,
2229 1996 2281 2050 in
2336 1998 2521 2051 lumbo
2563 2008 2615 2052 ct
2654 1999 2865 2053 semine
2906 2000 3118 2054 animas
3158 2000 3509 2057 sttﬂ'ocantrs.

1932 2088 2115 2159 Longe
2166 2090 2332 2143 etiam
2380 2091 2512 2143 milii
2549 2090 2711 2144 velim
2746 2091 2816 2145 ab
2866 2107 2927 2146 ca
2966 2094 3182 2148 resilias
3231 2094 3507 2161 Opinione,

1932 2181 2079 2250 quod
2107 2197 2335 2250 corpore
2365 2184 2633 2251 posterior
2656 2183 2728 2237 sit
2758 2185 2976 2248 anima;
3002 2201 3109 2238 non
3140 2185 3283 2239 enim
3329 2186 3511 2255 seipso

1931 2271 2013 2323 vel
2037 2270 2215 2343 major
2244 2270 2327 2324 vel
2359 2271 2537 2325 minor
2570 2280 2728 2326 aetate
2748 2282 2834 2328 est
2866 2276 3047 2327 homo.

422 2444 585 2516 (Hcce
608 2445 771 2498 etiam
794 2446 858 2498 de
889 2443 999 2497 alio
1032 2453 1154 2497 sunt
1182 2442 1428 2511 adjecta;
1453 2459 1577 2497 nam
1608 2443 1892 2499 Maximus
1920 2445 2275 2516 Philosophus
2300 2446 2640 2502 Christianus
2674 2458 2791 2517 post
2826 2447 3124 2503 Cazsarium
3152 2450 3333 2520 vixit.)

703 2608 815 2664 Τοῦ
856 2609 1032 2678 ἁγίου
1060 2608 1357 2677 Μαξίμου.

324 2700 545 2771 Ἐπειδὴ
572 2702 601 2754 ὁ
645 2699 1055 2771 προηγούμενος
1090 2699 1291 2763 σκοπὸς
1325 2697 1419 2752 τοῦ
1462 2694 1598 2751 Θεοῦ
1632 2690 1719 2765 ῆν.
1747 2693 1821 2763 μὴ

236 2790 330 2843 διὰ
357 2791 536 2861 γάμου
565 2791 812 2859 γίνεσθαι
853 2792 1000 2862 ἡμᾶς
1034 2792 1129 2845 καὶ
1156 2790 1363 2862 φθορᾶς
1381 2807 1394 2820 ·
1430 2792 1463 2860 ἡ
1482 2790 1539 2842 δὲ
1570 2786 1822 2858 παράϐα-

244 2901 327 2947 σις
374 2884 467 2936 τὸν
522 2883 700 2954 γάμον
753 2884 1050 2955 εισήγαγε-
1099 2882 1189 2935 διὰ
1218 2881 1375 2935 τοῦτο
1424 2881 1627 2943 πάντες
1674 2881 1723 2932 οἱ
1764 2878 1824 2942 ἐξ

253 2975 447 3046 Ἀδὰμ,
492 2974 889 3037 ὑποπίπτοντες
914 2977 982 3045 τῇ
1010 2973 1105 3027 τοῦ
1154 2973 1495 3044 προπάτορος
1529 2970 1819 3041 καταδίκῃ,

239 3068 300 3119 ἐν
338 3066 589 3137 άνομὶαις
630 3054 1240 3137 συλλαμσάνονται.’Τὸ
1268 3064 1346 3131 δὲ,
1391 3065 1489 3117 Ἐν
1509 3064 1821 3132 ἁμαρτίαις

234 3158 540 3226 summa
581 3175 657 3228 με
701 3159 739 3227 ἡ
780 3155 980 3227 μήτηρ
1029 3175 1180 3227 μου,
1221 3158 1304 3210 ὅτι
1353 3156 1662 3226 προμήτωρ
1706 3151 1821 3208 Εὕα

238 3248 432 3321 πρώτη
487 3249 745 3320 ὲκίσσησε
790 3250 888 3321 τὴν
917 3250 1146 3321 ἡδονήν⁸
1177 3248 1266 3303 διὰ
1311 3236 1471 3302 τοῦτο
1518 3246 1611 3301 καὶ
1661 3248 1819 3317 ἡμεῖς

237 3341 531 3394 κισσᾶσθαι
580 3340 811 3412 λέγομεν
856 3343 915 3396 ὲν
962 3342 1280 3414 ἁμαρτίαις,
1307 3341 1384 3404 ὡς
1424 3340 1820 3402 ὑποπίπτοντες

233 3434 304 3502 τῇ
335 3431 551 3503 ἐκείνης
583 3433 870 3503 καταδίκῃ.

793 3522 1045 3579 ΠΕΥΣΙΣ
1088 3522 1264 3575 ΡΝΒ’.

310 3614 376 3668 Τί
404 3609 533 3679 οὖν;
583 3613 917 3684 βυρσοτόμον
962 3613 996 3683 ἢ
1035 3610 1314 3683 ζωοθύτην
1346 3612 1640 3683 ὀφείλομεν
1680 3614 1823 3665 νοεῖν

235 3707 331 3761 τὸν
355 3706 510 3772 Θεὸν,
542 3706 629 3759 ἶνα
651 3705 743 3759 τὸν
777 3705 950 3775 ’Δδὰμ
977 3704 1174 3779 ἐνδύσῃ
1194 3707 1323 3767 τοὺς
1351 3705 1588 3776 χιτῶνας
1620 3704 1826 3775 δερμα-

237 3798 417 3863 τίνους
438 3816 453 3865 ;

264 3874 267 3877 ν
856 3887 1212 3956 Ἀπόκρισις.

322 3980 578 4053 Ἐροίμην
612 3998 671 4033 σε
704 3980 799 4033 καὶ
845 3977 975 4047 ἐγὼ,
1016 3972 1062 4032 ὦ
1104 3977 1528 4046 φιλονεικότατε,
1557 3978 1610 4030 τί
1650 3979 1822 4048 εὐμα-

238 4075 495 4146 ρέστερον
521 4075 613 4128 καὶ
633 4072 1029 4143 εὐκοπώτερον,
1056 4071 1283 4142 οὐρανὸν
1302 4069 1363 4135 ἐξ
1389 4070 1597 4124 ὑδάτων
1620 4071 1818 4139 πῆξαι,

238 4168 335 4220 καὶ
356 4168 462 4238 γῆν
490 4167 575 4219 ἐπ’
606 4166 829 4235 ἀϐύσσῳ
858 4163 1211 4235 θεμελιῶσαι,
1231 4163 1324 4216 καὶ
1350 4162 1410 4215 τὸ
1446 4164 1641 4233 μυρίον
1676 4163 1819 4234 ὕδωρ

238 4265 297 4314 ὲν
318 4263 415 4331 μιᾷ
446 4261 735 4329 συναγωγῇ
764 4256 1074 4317 συνελάσαι.
1112 4256 1209 4309 καὶ
1242 4254 1321 4323 τῷ
1346 4254 1665 4325 καταλλήλῳ
1691 4254 1820 4306 ἔκα-

240 4371 365 4406 στον
401 4351 788 4422 διακοσμῆσαι,
830 4348 1055 4418 ἄστροις
1098 4346 1199 4417 μὲν
1241 4344 1584 4414 καταπέψαι
1611 4344 1702 4396 τὸν
1730 4345 1821 4396 οὑ-

236 4446 420 4518 ρανὺν,
477 4446 665 4514 φυτοῖς
715 4442 773 4495 δὲ
811 4440 1054 4495 ποικίλαι
1106 4439 1205 4509 τὴν
1243 4438 1461 4509 χέρσον,
1498 4437 1732 4499 πλωτοῖς
1761 4437 1819 4490 δὲ

234 4535 504 4607 τεκνῶσαι
528 4534 624 4606 τὴν
651 4533 942 4597 θάλατταν,
967 4532 1001 4601 ῆ
1028 4531 1211 4603 δέρῤιν
1243 4532 1505 4601 συνεῖραι,
1529 4530 1624 4582 καὶ
1657 4545 1809 4598 περι-

232 4626 445 4679 στεῖλαι
472 4625 563 4679 τὸν
583 4622 969 4697 γυμνωθέντα;
999 4621 1206 4673 πλάσαι
1224 4618 1286 4671 τὸ
1306 4617 1495 4689 ζῶονῆ
1519 4616 1813 4688 ἀμφιάσαι;

233 4718 506 4772 θάλατταν
530 4715 909 4787 διαχερσῶσαι
942 4713 1021 4784 τῷ
1057 4711 1461 4782 προστάγματι,
1496 4710 1590 4764 καὶ
1623 4707 1814 4774 ἑξακο-

233 4812 357 4873 σίας
391 4808 599 4881 ἀνδρῶν
632 4808 878 4880 χιλιάδας
918 4808 1014 4860 σὺν
1064 4806 1279 4873 γυναιξὶ
1334 4805 1428 4858 καὶ
1476 4803 1688 4866 τέκνοις
1721 4805 1816 4857 ἀν-

230 4904 420 4972 ίκμοις
450 4903 578 4954 ποσὶ
607 4899 989 4965 διαϐιϐάσαι,ἢ
1021 4898 1212 4968 χιτῶσι
1244 4896 1629 4968 προστάγματι
1659 4912 1814 4965 περι-

231 4997 441 5050 στεῖλαι
470 4996 596 5059 τοὺς
628 4994 949 5065 δεομένους;
1000 4991 1161 5063 ῥῆξαι
1188 4989 1516 5060 ἀκρότομον,
1548 4989 1642 5042 καὶ
1673 4988 1814 5057 ὕδωρ

229 5086 501 5157 πηγάσαι,
545 5083 812 5152 ἀνακόψαι
863 5082 925 5136 τὸ
968 5080 1232 5151 Ἰορδάνου
1282 5078 1516 5148 ῥεῖθρον,
1549 5078 1645 5131 καὶ
1690 5076 1814 5130 λαὸν

225 5174 593 5245 διαγαγεῖν,ἢ
645 5173 707 5226 τὸ
752 5171 958 5242 γυμνὸν
991 5169 1314 5240 περιϐάλαι;
1353 5167 1624 5237 ἀνακόψαι
1664 5168 1809 5237 χοῦν,

224 5270 504 5340 νευρῶσαι
532 5269 625 5322 καὶ
681 5266 948 5338 ψυχῶσαι,
989 5265 1024 5335 ἢ
1054 5265 1327 5335 ἁμιριάσαι
1357 5261 1418 5316 τὸ
1445 5259 1504 5325 ἐξ
1532 5261 1697 5314 αὑτοῦ
1724 5260 1811 5312 λο-

223 5365 389 5435 γικόν
408 5381 423 5429 ;

795 5542 1045 5597 ΠΕΥΣΙΣ
1081 5542 1251 5594 PM".

306 5640 443 5694 Εἰπὲ
498 5634 592 5694 οὖν
624 5639 755 5709 ἡμῖν
778 5636 864 5699 τίς
889 5636 920 5688 ὁ
949 5634 1140 5699 θύσας,
1179 5634 1274 5687 καὶ
1300 5632 1352 5685 τί
1382 5632 1442 5684 τὸ
1464 5630 1621 5684 τυθὲν
1652 5629 1810 5694 ζῶον,

224 5734 292 5799 ἐξ
342 5727 405 5784 οὒ
458 5731 527 5785 τὰ
566 5730 831 5801 δέρματα,
866 5728 963 5782 καὶ
1002 5725 1085 5789 τίς
1118 5727 1148 5778 ὁ
1185 5725 1363 5796 ράψας
1395 5724 1587 5787 αὑτόν;
1612 5723 1675 5775 Εἰ
1705 5722 1812 5791 γάρ

228 5826 360 5895 περὶ
385 5825 585 5878 τούτων
605 5821 819 5893 ἀποδῷς
849 5821 941 5874 τὸν
967 5819 1145 5887 λόγον,
1181 5818 1397 5887 ἀνάγκη
1432 5819 1580 5888 ἡμᾶς
1616 5815 1810 5887 μηκέτι

227 5920 343 5979 τοῖς
366 5918 512 5987 παρὰ
542 5917 633 5971 σοῦ
662 5914 975 5985 λεγομένοις
1001 5910 1308 5976 ἐνδοιάζειν.

2410 2602 2496 2656 Ea:
2527 2618 2715 2661 sancto
2755 2607 3016 2662 Maximo.

1996 2694 2449 2764 Quandoquidem
2471 2697 2788 2768 principalis
2805 2697 2895 2753 Dei
2915 2714 3114 2767 scopas
3132 2708 3271 2761 erat,
3289 2714 3395 2752 non
3416 2713 3512 2768 per

1926 2787 2242 2856 conjugium
2273 2795 2329 2841 et
2352 2789 2761 2858 corruptionem
2781 2806 2880 2846 nos
2908 2791 3173 2859 generari,
3202 2802 3510 2861 transgres-

1921 2880 2007 2932 sio
2073 2888 2257 2933 autem
2319 2881 2640 2950 conjugium
2711 2882 3016 2936 introduxit
3077 2898 3088 2933 :
3140 2882 3264 2936 ideo
3317 2897 3512 2938 omnes

1930 2972 2026 3040 qui
2068 2987 2137 3026 ex
2172 2971 2383 3027 Adamo
2419 2973 2650 3042 subjecti
2684 2984 2814 3028 sunt
2849 2976 3009 3044 primi
3054 2976 3295 3043 parentis
3338 2977 3510 3029 nostri

1928 3060 2391 3126 condemnatioai,
2433 3062 2486 3115 in
2521 3063 2903 3133 iniquitatibus
2939 3065 3346 3135 concipiuntur.
3378 3067 3508 3120 lllud

1930 3162 2109 3208 autem
2133 3151 2198 3206 In
2228 3154 2455 3222 patratis
2474 3157 2706 3224 concepit
2730 3173 2812 3211 me
2835 3167 3004 3210 mater
3030 3174 3167 3225 mea,
3185 3159 3344 3212 docet
3363 3159 3523 3227 quod,

1927 3245 2103 3314 prima
2157 3262 2353 3315 parens
2399 3249 2508 3301 Eva
2549 3247 2723 3317 prima
2757 3250 3128 3318 concupiverit
3157 3248 3509 3317 voluptatem.

1926 3335 2218 3405 Propterea
2264 3348 2317 3392 ιι
2360 3354 2458 3393 nos
2494 3337 2733 3417 dicimur
2756 3339 2809 3393 in
2847 3341 3081 3408 peccatis
3124 3340 3359 3410 concipi,
3393 3350 3443 3395 ta
3464 3357 3510 3393 ι-

1928 3444 2092 3498 quam
2128 3429 2279 3485 illius
2305 3429 2751 3485 condemnationi
2792 3431 3048 3501 subjecti.

2282 3556 2290 3565 .
2370 3519 2891 3576 INTERROGATIO
2928 3520 3083 3576 CLII.

1996 3607 2137 3663 Num
2173 3609 2339 3681 igitur
2364 3613 2449 3665 vel
2487 3612 2761 3667 lanionem
2802 3612 2885 3667 vel
2925 3613 3221 3666 curiarium
3244 3625 3508 3668 ueoemus

1925 3700 2241 3756 existimare
2289 3701 2495 3767 Deum,
2546 3712 2607 3757 ut
2674 3703 2943 3757 Adamnm
2974 3701 3225 3758 indueret
3268 3702 3508 3773 pelliccis

1927 3792 2167 3847 tunicis?

2558 3886 2866 3957 Responsio.

2021 3975 2214 4032 Merito
2258 3986 2311 4031 ct
2344 3992 2444 4045 ego
2501 3994 2567 4032 ex
2613 3989 2666 4032 te
2704 3980 3053 4048 quaesierint,
3107 3981 3506 4035 contentiosis-

1923 4067 2081 4130 sime,
2134 4069 2267 4138 quid
2314 4069 2487 4123 levius
2519 4081 2574 4123 et
2603 4068 2842 4126 facilius.
2879 4072 3079 4125 ccelum
3120 4086 3188 4125 ex
3224 4073 3386 4141 aquis
3415 4072 3506 4127 lir-

1923 4172 2138 4222 niasse,
2171 4165 2375 4212 terram
2404 4174 2569 4227 super
2597 4159 2857 4231 abyssum
2900 4159 3196 4225 fundasse,
3230 4172 3286 4216 et
3326 4162 3497 4216 inlini-

1923 4257 2031 4302 tam
2061 4262 2263 4319 aquam
2314 4250 2370 4304 iu
2401 4266 2565 4305 unam
2600 4253 3077 4323 congregationem
3110 4256 3378 4325 coegisse,
3413 4270 3505 4310 ra-

1920 4340 2071 4394 tione
2151 4342 2510 4395 conveniente
2580 4358 2748 4396 unum
2825 4346 3108 4413 quodlibet
3166 4362 3504 4412 exornassc,

1920 4433 2332 4503 astris‘quidem
2362 4434 2669 4491 illustrasse
2711 4436 2934 4502 malum,
2959 4416 3159 4507 plantis
3193 4448 3376 4493 autem
3407 4456 3470 4494 va

1921 4524 2160 4595 riegasse
2196 4535 2420 4590 terram,
2452 4527 2783 4596 aquatilibus
2814 4530 3082 4584 scaturire
3113 4530 3307 4586 fecisse
3332 4549 3501 4598 inarc,

1919 4634 1987 4670 an
2049 4616 2242 4685 pellem
2295 4629 2620 4673 connectere
2662 4629 2717 4673 et
2757 4629 3045 4691 contegere
3104 4624 3354 4679 nudum?
3399 4627 3503 4679 tin-

1924 4724 2049 4778 gere
2090 4709 2324 4775 animal,
2370 4719 2466 4763 aut
2511 4712 2749 4766 vestire?
2794 4728 2949 4768 mare
2981 4714 3155 4768 instar
3182 4724 3345 4771 terra:
3374 4732 3501 4785 per-

1924 4798 2153 4853 meabile
2182 4797 2377 4854 fecisse
2412 4809 2707 4869 praecepto,
2733 4811 2787 4855 et
2818 4815 3076 4859 sexcenta
3107 4805 3351 4860 virorum
3378 4807 3502 4860 mil-

1919 4892 1989 4945 lia
2036 4907 2160 4947 cum
2201 4892 2549 4957 mulieribus,
2586 4900 2641 4946 et
2684 4893 2871 4949 liberis
2925 4896 3089 4949 siccis
3126 4897 3353 4965 pedibus
3386 4907 3499 4952 tra-

1916 4987 2163 5053 duxisse,
2220 4995 2317 5039 aut
2352 4987 2554 5041 tunicis
2591 4997 2861 5057 praecepto
2892 4991 3203 5043 contexisse
3249 4991 3500 5060 indigus?

1918 5078 2130 5145 rupisse
2157 5092 2374 5140 saxum,
2407 5086 2461 5131 ct
2499 5094 2655 5147 aqua:
2702 5077 2907 5132 fontem
2945 5081 3315 5149 produxisse?
3357 5098 3501 5137 resar

1925 5184 2085 5222 rasse
2121 5166 2381 5221 Jordanis
2419 5184 2672 5232 amnem,
2730 5171 3101 5240 populumque
3145 5172 3461 5239 perduxisse
3485 5216 3497 5232 .

1916 5272 2010 5314 aut
2066 5261 2245 5315 nudos
2280 5262 2604 5330 eperuisse?
2636 5263 2910 5331 pulverem
2953 5265 3134 5318 nervis
3166 5265 3419 5321 ﬁrmasse
3448 5279 3503 5320 et

1916 5354 2209 5417 animasse,
2250 5368 2318 5406 an
2358 5368 2423 5405 ex
2454 5355 2676 5421 pulvere
2719 5353 2920 5407 factum
2963 5356 3195 5409 rationis
3224 5358 3501 5426 particeps

1915 5445 2118 5498 animal
2151 5444 2477 5497 vestivisse?

2332 5534 2851 5591 INTERROGATIO
2889 5536 3066 5591 CLIII.

1986 5626 2223 5682 Ostende
2256 5629 2421 5698 igitur
2460 5630 2642 5693 nobis,
2677 5644 2886 5699 quaeso,
2925 5631 3049 5699 quis
3079 5630 3245 5686 fuerit
3288 5634 3377 5687 ille
3400 5637 3494 5705 qui

1914 5720 2190 5782 mactavit,
2219 5727 2274 5772 ct
2306 5720 2583 5787 quodnam
2618 5730 2913 5773 maclatum
2946 5723 3170 5784 animal,
3205 5722 3345 5777 unde
3379 5728 3494 5793 pel--

1915 5815 1992 5867 les
2023 5814 2265 5876 fuerunt,
2311 5823 2365 5866 ct
2405 5814 2530 5882 quis
2561 5813 2647 5867 ille
2672 5813 2765 5881 qui
2805 5828 2897 5867 cas
2925 5813 3238 5868 consuerit?
3277 5814 3410 5869 Nam
3445 5817 3493 5870 si

1915 5906 1980 5958 de
2038 5905 2121 5958 bis
2166 5905 2431 5958 rationem
2474 5904 2810 5966 reddideris,
2846 5906 3212 5961 necessarium
3247 5908 3353 5963 crit
3395 5923 3494 5964 nos

1916 6012 2016 6049 non
2059 5996 2290 6066 amplius
2326 5998 2391 6051 dc
2433 5996 2540 6050 tuis
2571 5997 2731 6051 dictis
2771 5998 3067 6067 ambigere.
