4006 6386
575 509 713 564 H07
1677 521 1736 587 s.
1767 519 2073 590 caesum
2108 519 2439 578 cneconn
2480 522 2787 582 FRATRIS
3716 491 3823 578 ius

1208 637 1518 708 Responsio.

2895 644 3262 718 Ἀπόκρισις,

643 724 925 782 Ostendite
969 725 1136 799 igitur
1182 740 1238 786 et
1276 747 1375 789 vos
1435 735 1672 791 convivii
1712 745 2063 806 stt-ueterem,
2113 747 2168 803 et

2347 736 2568 802 Δείξατε
2589 733 2684 790 οῦν
2735 736 2829 790 καὶ
2854 736 3015 808 ὑμεῖς
3041 734 3135 788 τὸν
3183 732 3503 803 δαιτυμόνα,
3544 729 3642 786 καὶ
3669 733 3821 787 τάτυ-

585 817 836 872 mimalia
890 827 1152 888 mactata,
1193 833 1250 878 et
1286 826 1414 908 quis
1443 841 1636 882 eorum
1671 844 1938 887 numerus
1963 831 2167 902 quibus

2277 828 2438 882 θέντα
2467 827 2605 892 ζῶα,
2655 829 2750 881 καὶ
2782 827 2868 892 τίς
2923 828 2952 879 6
3001 825 3239 906 ἀριθμὸς
3267 823 3449 880 αὐτῶν
3468 841 3484 857 ο
3510 823 3573 889 ἐξ
3603 819 3821 881 ὧνόδισ-

577 910 808 967 celebris
841 911 932 968 ille
964 913 1287 973 rubefactus
1314 927 1402 988 est
1430 918 1610 988 Nilus,
1641 931 1696 977 et
1724 923 2015 979 confestim
2043 934 2159 988 tan-

2279 921 2473 992 ϐόητος
2500 921 2848 988 πεφοίνικται
2887 919 3105 985 Νεῖλος,
3135 918 3229 972 καὶ
3273 916 3486 988 ἀθρόως
3520 916 3584 970 τὺ
3625 915 3822 970 τοιοῦτον

580 1012 692 1056 tum
718 1003 920 1060 flumen
943 1005 998 1061 in
1022 1009 1346 1080 sanguinem
1384 1021 1680 1078 mutatum,
1706 1029 1804 1085 per
1833 1013 2006 1084 Deum
2029 1015 2162 1071 Mosi

2277 1011 2459 1084 ῥεῦμα
2487 1013 2569 1074 είς
2597 1005 2738 1082 αἷμα
2787 1011 3046 1082 μετέστη,
3071 1009 3161 1070 διὰ
3189 1007 3328 1074 Θεοῦ
3360 1009 3442 1080 τῷ
3481 1009 3654 1080 Μωσῇ
3677 1007 3822 1062 πειθό-

576 1094 875 1160 obediens,
918 1097 1008 1152 ubi
1043 1108 1305 1172 praeterea
1352 1117 1550 1173 carnes
1592 1114 1702 1161 tam
1739 1108 2020 1176 immensae
2049 1123 2158 1162 ma-

2279 1119 2478 1174 μενον;
2511 1103 2621 1156 Ποῦ
2649 1104 2720 1157 τά
2764 1103 2902 1175 κρέα
2928 1103 3030 1183 τῆς
3063 1101 3295 1184 ἀπείρου
3340 1100 3751 1181 κτηνοσφαγίας,
3772 1101 3822 1155 δι’

575 1188 843 1244 elationis.
864 1205 1154 1262 pecorum,
1180 1209 1278 1266 per
1318 1211 1442 1265 qua:
1478 1197 1530 1251 in
1575 1199 1902 1270 sanguinem
1944 1201 2157 1271 naviga-

2275 1189 2352 1250 ὧν
2375 1195 2456 1259 είς
2485 1191 2627 1264 αἷμα
2647 1193 2710 1248 τὸ
2754 1194 3082 1266 ναυσιπόρον
3118 1192 3324 1264 μετέφυ
3355 1193 3574 1266 ῥεῖθρον
3598 1210 3613 1260 ;
3654 1191 3762 1255 Πῶς
3781 1190 3823 1244 δὲ

575 1279 702 1334 bilis
738 1280 1164 1350 transformatus
1193 1298 1276 1341 est
1303 1288 1522 1358 amnis?
1561 1288 1848 1357 Quomodo
1881 1293 2011 1351 item
2039 1309 2157 1348 san-

2278 1288 2374 1341 καὶ
2399 1288 2430 1341 6
2467 1288 2624 1356 ἆγιος
2665 1286 2762 1340 καὶ
2790 1284 3228 1352 αὐθυπόστατος,
3259 1283 3370 1348 ζῶν
3400 1283 3559 1348 Θεὸς,
3573 1282 3667 1348 καὶ
3689 1283 3823 1351 Λόγος

575 1382 698 1429 ctus
729 1383 786 1430 et
816 1390 915 1446 per
951 1392 1011 1439 se
1035 1377 1346 1435 subsistens
1399 1380 1559 1437 vivus
1579 1363 1780 1447 ‘Deus,
1827 1399 1893 1438 ae
1925 1383 2157 1439 Verbum

2354 1378 2658 1449 ρκοφορῶν,
2688 1377 2786 1430 καὶ
2826 1378 2892 1430 ὲκ
2933 1375 3030 1441 τοῦ
3063 1375 3207 1446 ὑπὲρ
3243 1373 3402 1447 ἡμῶν
3439 1375 3614 1444 τάφου
3648 1372 3825 1427 ἀνιστάς
3933 1420 3934 1449 ι

577 1480 799 1520 carnem
841 1477 1088 1539 gestans,
1128 1479 1182 1538 et
1218 1485 1321 1550 pro
1351 1471 1511 1542 nobis
1555 1488 1624 1528 ex
1681 1484 2038 1530 monumento
2083 1492 2159 1530 re-

2279 1487 2461 1541 μενος,
2491 1471 2551 1523 ἐν
2582 1467 2735 1548 αὐτῷ
2778 1467 3114 1534 καταλείψας
3175 1466 3248 1524 τά
3289 1467 3475 1538 eam
3500 1506 3518 1532 ,
3563 1465 3625 1519 οὐ
3657 1463 3824 1538 γυμνὸς

576 1573 834 1628 surgens,
883 1560 939 1624 in
981 1561 1105 1634 ipso
1143 1563 1352 1626 relictis
1396 1564 1756 1630 indumentis,
1794 1575 2020 1622 nonest
2066 1584 2158 1622 nu-

2273 1561 2498 1634 ὼράθη;
2524 1561 2664 1626 Τίςὸ
2685 1560 3128 1632 παρασχόμενος,
3146 1559 3232 1624 τίς
3257 1560 3287 1613 6
3310 1557 3514 1628 ράψας,
3537 1557 3620 1622 τίς
3646 1559 3674 1610 6
3700 1572 3824 1629 mpi-

577 1649 683 1703 dus
717 1652 1090 1734 conspectus?
1141 1650 1279 1720 Quis
1325 1663 1411 1710 est
1458 1654 1552 1725 qui
1595 1655 1856 1726 praebeat,
1895 1657 1990 1728 qui
2035 1672 2159 1713 con-

2277 1654 2460 1709 ϐαλὼν
2486 1654 2578 1710 τὸν
2631 1652 2921 1725 περίϐολον
2966 1651 3062 1706 τοῦ
3097 1650 3340 1717 παντός;
3386 1651 3450 1704 El
3491 1648 3551 1703 δὲ
3591 1645 3825 1715 ταῦτατῷ

577 1751 725 1806 suat,
762 1742 890 1824 quis
929 1751 1014 1797 est
1050 1746 1143 1815 qui
1185 1747 1468 1820 cooperiat
1503 1749 1913 1819 cooperientem
1949 1752 2159 1806 univer-

2277 1750 2410 1821 θείῳ
2447 1747 2615 1805 αὐτοῦ
2665 1745 2994 1826 παρυπέστη
3042 1743 3371 1825 βουλήματι,
3418 1741 3723 1821 πεισθῶμεν
3755 1742 3825 1795 καὶ

579 1831 674 1901 sa?
711 1832 867 1900 Quod
907 1835 952 1890 si
977 1834 1068 1890 illa
1103 1851 1201 1908 per
1235 1838 1480 1894 divinam
1504 1841 1622 1910 ejus
1649 1837 1947 1898 adfuerunt
1971 1842 2161 1903 volun-

2275 1843 2404 1905 τοὺς
2436 1841 2791 1913 προπάτορας
2815 1837 2976 1915 ἡμῶν
2999 1837 3180 1908 τούτῳ
3207 1834 3608 1906 περιϐληθῆναι
3633 1834 3721 1897 τὰς
3741 1833 3823 1905 δέῤ-

579 1933 780 1995 tatem,
837 1927 1129 1984 credamus
1172 1931 1338 1986 etiam
1385 1933 1595 2001 prltnos
1647 1946 1904 2005 parentes
1950 1947 2161 1992 nostro:

2281 1937 2432 2006 ρειςο
2495 1933 2558 1986 οὐ
2613 1931 2726 2002 γὰρ
2773 1929 2918 1988 κατὰ
2963 1928 3057 1984 τὸν
3099 1926 3482 2006 είκαιολέσχην
3506 1924 3581 1979 τὰ
3641 1923 3824 1996 σώματα

578 2032 680 2086 per
702 2019 841 2074 hanc
867 2021 1098 2078 amictos
1119 2037 1244 2078 esse
1270 2023 1534 2093 pellibus;
1565 2042 1674 2081 non
1691 2027 1839 2085 enim
1865 2028 2160 2084 secundum

2275 2026 2505 2098 ὴμῶναί
2535 2024 2752 2102 δέρρεις
2783 2023 3147 2094 ὑπάρχουσιν,
3176 2021 3244 2084 ἃς
3273 2020 3413 2091 μετὰ
3436 2019 3503 2073 τὸ
3521 2018 3722 2082 ἔδεσθαι
3745 2017 3824 2070 τῶν

579 2108 728 2182 illius
758 2110 1039 2182 vaniloqui
1058 2113 1374 2182 opinionem
1396 2157 1411 2183 ,
1433 2131 1666 2187 corpora
1694 2127 1884 2174 nostra
1907 2134 1985 2175 ea:
2004 2119 2161 2192 pelles

2275 2118 2743 2192 ἀπηγορευμένων
2781 2116 2840 2169 al.
2893 2115 3066 2186 ψυχαὶ
3095 2113 3414 2186 περιέθεντο
3434 2128 3450 2144 ·
3490 2111 3600 2190 πρὸ
3630 2112 3729 2183 γὰρ
3752 2109 3823 2178 τῆς

579 2211 730 2263 sunt,
762 2202 966 2272 quibus
992 2214 1285 2277 postquam
1313 2207 1383 2263 de
1420 2209 1607 2265 vetitis
1635 2211 2014 2279 eomederant,
2045 2214 2161 2269 ani-

2279 2211 2538 2286 βρώσεως
2596 2211 2694 2266 καὶ
2741 2212 2844 2282 τῆς
2881 2206 3277 2279 παραϐάσεως,
3325 2206 3360 2275 ἠ
3395 2203 3598 2268 πλάσις
3623 2201 3720 2256 τῶν
3747 2219 3822 2254 σω-

579 2309 684 2348 nm
713 2295 1070 2352 circumdatae
1125 2309 1290 2367 sunt;
1345 2315 1474 2356 nam
1519 2310 1650 2358 ante
1690 2318 1850 2359 esum
1891 2315 1948 2361 et
1986 2316 2161 2363 trans«

2281 2308 2467 2380 μάτων
2485 2303 2926 2378 ἀναγέγραπται,
2956 2300 3094 2356 ἀλλά
3117 2301 3218 2373 τὴν
3243 2297 3493 2370 πλευράν
3521 2298 3603 2362 είς
3636 2296 3824 2365 γυναῖκα

579 2387 919 2468 gressionem
967 2387 1228 2444 formatio
1269 2407 1567 2462 corporum
1617 2394 1897 2466 descripta
1941 2407 2048 2462 est,
2079 2403 2161 2454 sed

2276 2404 2307 2456 6
2345 2398 2518 2471 Ἀδὰμ
2550 2397 2660 2470 πρὸ
2685 2397 2786 2468 τῆς
2803 2393 3174 2468 παρασάσεως
3202 2390 3457 2465 ἀφῃρέθη
3473 2407 3488 2422 ·
3526 2391 3621 2443 ἐπὶ
3645 2387 3697 2442 δὲ
3713 2389 3821 2442 deuo

578 2485 634 2530 et
659 2487 814 2544 costa
864 2477 918 2532 in
964 2480 1252 2535 mulierem
1283 2480 1497 2538 Adame
1530 2482 1673 2540 facta
1704 2493 1834 2540 ante
1863 2495 2160 2558 transgres-

2279 2493 2452 2564 μὰτου
2503 2488 2744 2561 πλευράν
2799 2487 3029 2550 ἀπεικὸς
3057 2484 3289 2539 οἴεσθαι.
3334 2483 3432 2548 Τίς
3463 2482 3512 2536 δ’
3560 2478 3824 2542 αὐτοῖςκαὶ

581 2571 788 2624 sionem
827 2571 1010 2637 ablata
1039 2583 1142 2646 est,
1183 2589 1310 2630 cum
1341 2575 1396 2630 in
1426 2587 1652 2646 experte
1683 2580 1934 2650 corporis
1960 2593 2163 2637 costam

2276 2585 2492 2657 ἀνάγκη
2517 2583 2696 2655 φῦλλα
2724 2582 2896 2653 συκῆς
2911 2577 3428 2652 περιϐεϐλῆσθαι,εί
3448 2576 3695 2648 ὑπῆρχον
3713 2568 3822 2628 ἀσώ-

579 2671 824 2718 statuere
858 2664 1158 2726 absurdum
1209 2669 1302 2724 sit.
1345 2667 1479 2736 Quae
1516 2672 1644 2727 item
1684 2675 1989 2730 necessitas
2027 2675 2176 2746 ipsos
2280 2697 2442 2752 ματοι
2474 2701 2488 2746 ;

581 2756 758 2828 coegit
791 2757 938 2815 loliis
967 2758 1055 2822 lici
1087 2762 1326 2832 contegi,
1353 2763 1401 2819 si
1433 2774 1594 2820 erant
1619 2765 1964 2837 incorporei?

1009 2853 1536 2913 lNTEllROGATlO
1565 2857 1747 2915 CLIV.

1721 2860 1747 2915 ’.
2842 2859 3096 2914 ΠΕΥΣΙΣ
3134 2857 3303 2912 ΡΝΔ’.

653 2942 734 2999 Ex
773 2961 973 3016 magno
1018 2945 1226 3002 Davide
1271 2949 1565 3017 discimus,
1618 2953 1833 3010 animas
1887 2965 2016 3010 ante
2053 2972 2178 3012 cor-

2361 2958 2458 3012 Ἒκ
2495 2957 2592 3011 τοῦ
2649 2953 2887 3028 μεγάλου
2934 2951 3101 3008 Δαϐὶδ
3145 2949 3521 3021 μανθάνομεν,
3567 2945 3660 3009 τὰς
3688 2941 3824 3013 ψυχὰς

581 3048 716 3101 pora
747 3050 891 3090 esse.
932 3035 1114 3108 lnquit
1140 3039 1288 3094 enim
1318 3041 1386 3094 ad
1421 3040 1594 3096 Deum
1625 3059 1638 3095 :
1675 3043 1874 3099 .llanus
1900 3055 2006 3102 tua:
2035 3049 2163 3116 lece-

2279 3042 2720 3118 προγενεστέρας
2768 3037 3039 3114 ὑπάρχειν
3090 3038 3201 3092 τῶν
3244 3037 3540 3110 σωμάτων.
3572 3034 3723 3100 Λέγει
3747 3031 3828 3099 γὰρ

580 3138 709 3183 rum‘
755 3143 837 3181 me
873 3129 1138 3195 (animum
1170 3131 1499 3206 intelligens)
1533 3144 1582 3189 et
1612 3135 1974 3205 formaverunt
1999 3156 2080 3196 me
2107 3142 2162 3210 ὀ,

2279 3137 2417 3209 πρὸς
2441 3137 2594 3202 Θεὸν,
2627 3137 2698 3190 Αἱ
2731 3132 2927 3204 χεῖρές
2960 3149 3078 3188 σου
3116 3128 3420 3199 ἐποίησάν
3437 3146 3518 3197 με
3548 3127 3664 3196 (τὴν
3690 3122 3825 3195 ψυχὴν

584 3219 810 3291 (corpus
846 3221 1142 3292 videlicet).

2280 3229 2477 3300 λέγων)
2508 3225 2610 3281 καὶ
2635 3224 2920 3281 ἕπλασάν
2941 3241 3018 3296 με
3049 3223 3130 3296 (τὸ
3155 3222 3317 3294 σῶμα
3348 3219 3637 3292 δηλονότι).

1233 3314 1546 3385 Responsio.

2905 3317 3260 3386 Ἀπόκρισις.

653 3407 773 3466 Non
827 3411 1007 3469 minor
1053 3420 1175 3467 erat
1221 3410 1424 3467 Davide
1472 3430 1706 3486 magnus
1753 3417 1846 3473 Ille
1895 3417 2071 3474 Jobus
2122 3420 2178 3475 in

2353 3412 2466 3483 Οὐχ
2497 3411 2678 3482 ἥττων
2698 3409 2798 3464 τοῦ
2829 3407 2996 3464 Δαὸὶδ
3022 3409 3052 3461 6
3093 3407 3270 3478 μέγας
3305 3403 3427 3459 Ἰὼϐ
3453 3404 3518 3463 ἐν
3539 3401 3827 3486 δικαιοσένῃ,

582 3499 821 3570 justitia,
894 3517 1073 3572 neque
1124 3503 1342 3561 minore
1389 3483 1589 3576 septus
1619 3510 1886 3578 potentia.
1925 3510 2164 3569 Celebris

2280 3503 2391 3557 οὐδ’
2431 3504 2489 3555 ἐν
2531 3500 2795 3574 περιϐολῇ
2829 3497 3113 3568 δυνάμεως
3135 3511 3150 3526 ⁸
3173 3494 3429 3566 βασιλεὺς
3460 3494 3578 3566 γὰρ
3605 3492 3693 3546 καὶ
3713 3483 3828 3549 οὗτος

586 3592 732 3648 enim
763 3600 820 3647 et
852 3592 942 3648 hic
977 3610 1070 3649 rex
1115 3594 1241 3661 fuit,
1280 3607 1336 3652 et
1371 3613 1469 3668 par
1502 3599 1553 3654 ei
1593 3615 1719 3655 cum
1774 3599 1979 3656 Davide
2015 3603 2168 3674 justi-

2280 3593 2690 3666 διαθρύλλητος,
2717 3591 2814 3644 καὶ
2847 3591 2941 3645 ίσα
2968 3588 3046 3658 τῷ
3079 3587 3200 3659 Θεῷ
3231 3587 3362 3660 περὶ
3387 3584 3729 3655 δικαιοσύνης

589 3685 679 3738 tia:
734 3685 1094 3757 veritatisque
1152 3689 1529 3746 testimonium
1583 3708 1614 3747 a
1678 3692 1788 3748 Deo
1841 3672 2171 3764 perhibitum

2281 3687 2539 3761 ἀληθείας
2562 3687 2668 3740 ὐπὸ
2688 3684 2824 3746 Θεοῦ
2862 3682 3331 3756 μαρτυρούμενος.
3363 3682 3506 3752 Φησὶ
3535 3680 3595 3734 δὲ
3625 3677 3698 3750 τῷ
3727 3672 3830 3743 Θεῷ.

585 3791 691 3836 est.
722 3782 793 3836 At
813 3783 900 3838 bic
917 3793 989 3838 ait
1020 3784 1088 3839 ad
1125 3783 1292 3839 Deum
1330 3801 1342 3837 :
1380 3783 1570 3840 Manus
1605 3798 1710 3842 tum
1733 3788 1972 3858 fecerunt
2002 3807 2084 3846 me
2109 3792 2167 3846 “.

2281 3783 2352 3835 Αὶ
2387 3777 2581 3849 χεῖρές
2594 3793 2710 3832 σου
2742 3773 3163 3845 ἐποίησάνμεο
3198 3773 3296 3827 καὶ
3316 3772 3518 3866 πάλιν,
3566 3769 3833 3866 Μνέξσθηξι

587 3873 656 3928 Et
696 3892 894 3932 rursus
938 3893 950 3927 :
1002 3875 1268 3932 Μεηιεηιο
1313 3880 1455 3950 quod
1499 3879 1672 3935 lutum
1712 3900 1793 3939 me
1829 3884 2080 3954 formasti
2109 3887 2169 3938 ".

2282 3871 2374 3926 ὄίι
2423 3868 2624 3938 πηλόν
2666 3885 2745 3938 με
2803 3866 3104 3933 ἔπλασας.
3135 3861 3263 3936 'Ap’
3285 3858 3379 3918 οῦν
3406 3863 3567 3934 παρά
3593 3860 3740 3915 τοῦτο

588 3965 730 4023 Num
754 3969 918 4040 igitur
948 3981 1234 4042 propterea
1258 3974 1406 4043 quod
1449 3974 1632 4043 priore
1655 3975 1775 4030 loco
1809 3977 2032 4046 ponitur
2063 3976 2170 4032 for-

2278 3964 2541 4025 πλάσεως
2603 3959 3008 4034 προταγείσης,
3054 3957 3288 4030 ἐροῦμεν
3351 3955 3833 4046 προϋπάρχειν

589 4063 782 4125 matio,
818 4063 1066 4118 dicemus
1097 4075 1226 4119 ante
1249 4066 1491 4121 animam
1527 4082 1730 4138 corpus
1762 4069 1920 4124 esse?
1948 4079 2044 4125 aut
2065 4070 2171 4124 for-

2282 4057 2462 4128 ψυχῆς
2481 4054 2545 4107 τὸ
2569 4054 2732 4124 σῶμα
2753 4053 2820 4125 ;ἦ
2849 4047 2915 4106 αὖ
2943 4051 3129 4115 πάλιν,
3158 4050 3259 4121 τῆς
3283 4048 3542 4112 πλάσεως
3562 4041 3833 4138 meamea

589 4153 852 4208 mationis
891 4153 962 4210 ab
1014 4155 1132 4223 ipso
1180 4156 1461 4211 mentione
1507 4136 1690 4221 facta,
1731 4165 1788 4212 et
1821 4157 2036 4212 factura
2069 4173 2171 4213 non

2286 4147 2568 4219 ῥηθείσης,
2595 4145 2696 4216 τῆς
2724 4145 2782 4198 δὲ
2819 4144 3095 4215 ποιήσεως
3123 4142 3186 4196 οὐ
3227 4139 3650 4214 προστεθείσης,
3673 4136 3835 4205 ἄψυχον

588 4248 796 4320 addita,
833 4247 955 4304 ideo
984 4246 1166 4316 ipsum
1198 4248 1504 4304 inanimum
1532 4248 1814 4314 dicemus,
1851 4249 1936 4302 vel
1979 4247 2170 4303 aliter?

2283 4239 2440 4311 παρὰ
2470 4236 2630 4291 τοῦτο
2668 4235 2905 4308 ἐροῦμεν
2938 4235 3122 4301 αὑτὸν,
3162 4233 3366 4306 ἑτέρως
3407 4249 3506 4298 τε;
3553 4229 3699 4286 Ἐπεί
3739 4237 3836 4295 φησι

587 4318 1044 4407 Quandoquidem
1089 4339 1268 4409 inquit
1296 4338 1476 4396 Moses
1511 4340 1735 4395 divinus
1766 4340 1855 4395 ille
1881 4341 2169 4397 creationis

2283 4331 2495 4402 Μωσῆς
2513 4332 2542 4384 ὁ
2568 4329 2711 4394 θεῖος
2737 4330 3090 4400 συγγραφεὺς
3123 4327 3224 4398 τῆς
3253 4326 3509 4390 κτίσεως,
3544 4324 3655 4380 Καὶ
3680 4318 3838 4376 λαϐὼν

588 4428 918 4498 descriptor,
967 4428 1113 4497 quod
1161 4438 1386 4499 accepto
1427 4427 1572 4484 Deus
1621 4429 1847 4499 pulvere
1884 4438 2044 4484 terra:
2074 4429 2170 4485 for-

2288 4426 2321 4479 ό
2345 4423 2488 4489 Θεὸς
2520 4421 2676 4491 χοῦν
2711 4419 2834 4476 ἀπὸ
2858 4418 2971 4491 τῆς
2989 4418 3122 4490 γῆς,
3151 4419 3388 4474 ἔπλασε
3412 4416 3522 4470 τὸν
3548 4417 3836 4484 ἄνθρωπον·

589 4522 824 4579 maverit
859 4520 1162 4584 hominem,
1187 4531 1242 4576 et
1264 4537 1376 4576 non
1407 4520 1621 4576 addidit
1651 4522 1797 4592 quod
1831 4521 2021 4577 eadem
2044 4523 2171 4578 hora

2289 4519 2384 4572 καὶ
2412 4518 2516 4571 οὐκ
2575 4516 2878 4587 ἐπήγαγεν,
2911 4515 2994 4568 ὅτι
3023 4513 3234 4586 αὐθωρὶ
3284 4514 3382 4568 καὶ
3423 4513 3483 4565 ὲν
3533 4511 3717 4583 ἀτόμῳ
3753 4506 3841 4561 ὅλον

589 4627 646 4673 et
697 4623 974 4670 momento
1013 4613 1193 4684 ipsum
1233 4612 1546 4684 perfecerit,
1597 4630 1732 4669 num
1771 4614 1978 4671 idcirco
2026 4616 2171 4690 prius

2290 4609 2454 4664 αὐτὸν
2479 4609 2592 4680 ἀπή
2604 4624 2780 4680 ρτισετ
2813 4606 3190 4679 προϋπάρχειν
3211 4605 3310 4678 μὲν
3338 4606 3439 4677 τὴν
3468 4604 3730 4677 κορυφὴν,
3754 4599 3841 4652 δευ-

587 4708 808 4776 quidem
859 4695 1140 4761 exstitisse
1194 4706 1488 4774 verticem,
1542 4708 1665 4763 loco
1708 4707 1952 4764 secundo
1996 4689 2169 4763 autem

2288 4701 2532 4771 τερεύειν
2559 4699 2618 4753 δὲ
2648 4699 2750 4762 τὰς
2797 4699 2969 4771 ὄψεις,
2993 4697 3267 4772 τριτεύειν
3311 4697 3369 4751 δὲ
3401 4697 3496 4751 τὸν
3538 4697 3753 4768 αὐχένα,
3775 4689 3843 4744 καὶ

591 4801 804 4866 oculos,
841 4799 1003 4855 tertio
1041 4799 1243 4864 collum
1263 4839 1277 4861 ,
1309 4807 1364 4852 et
1397 4807 1676 4868 postremo
1705 4796 1937 4853 tandem
1955 4800 2096 4856 talos
2129 4809 2173 4855 el

2289 4796 2668 4869 μεθυπάρχειν
2691 4796 2761 4850 τὰ
2811 4794 2993 4867 σφυρὰ
3026 4795 3123 4855 xa‘t
3164 4794 3265 4859 τὰς
3298 4794 3508 4866 βάσεις,
3545 4791 3698 4864 παρὰ
3718 4785 3843 4842 τοῦτο

591 4895 760 4966 pedes
789 4891 1148 4965 putabimus?
1175 4879 1438 4962 Apagesi's
1475 4907 1600 4947 cum
1646 4892 1917 4962 ejusmodi
1965 4893 2173 4952 delirio.

2285 4888 2610 4960 νοήσωμενς
2649 4889 2868 4955 Ἄπαγε
2903 4886 3006 4956 τῆς
3048 4886 3352 4958 φλυαρίαςῑ
3387 4885 3554 4938 πόθεν
3604 4883 3709 4954 γάρ
3733 4876 3843 4933 εἰσό-

598 4984 751 5039 Unde
789 4984 936 5038 enim
971 4982 1237 5045 sciemus,
1264 4982 1412 5050 quod
1447 4997 1556 5039 non
1590 4998 1621 5037 a
1649 4981 1851 5053 plantis
1879 4993 1976 5054 aut
2000 4984 2180 5055 lingua

2290 4981 2454 5052 μεθα,
2505 4981 2589 5034 ὅτι
2638 4981 2740 5034 οὐκ
2785 4979 2895 5034 ἀπὸ
2939 4979 3050 5033 τῶν
3098 4977 3472 5051 πελμάτων,ἢ
3509 4978 3614 5048 τῆς
3642 4973 3844 5044 γλώττης

593 5091 756 5128 orsus
791 5075 863 5127 sit
910 5082 1158 5127 nostram
1191 5071 1527 5126 creationem
1577 5072 1821 5147 optimus
1861 5083 1919 5129 et
1963 5060 2175 5143 sapien-

2288 5071 2494 5146 ἤρξατο
2522 5073 2679 5144 ἡμῶν
2728 5073 2827 5142 τῆς
2878 5071 3243 5142 δημιουργίας
3285 5073 3315 5125 ὁ
3361 5069 3741 5141 ἀριστότεχνος
3775 5060 3844 5115 καὶ

595 5171 845 5224 tissimus
886 5166 1082 5221 artifex
1113 5163 1296 5218 Deus?

1184 5165 1296 5218 :us?
2289 5168 2567 5236 πάνσοφος
2595 5164 2728 5228 Θεός
2753 5180 2766 5228 ;

1033 5255 1556 5324 ΙΝΤΕΙῖΙὶΟϐΑἸῚΟ
1593 5256 1747 5311 CLV.

1735 5299 1747 5311 .
2859 5257 3110 5318 ΠΕΥΣΙΣ
3137 5254 3309 5310 PNE’.

664 5351 786 5418 Qua
820 5352 874 5404 in
917 5367 975 5404 re
1007 5351 1103 5404 tibi
1136 5351 1352 5405 videtur
1382 5351 1550 5407 botno
1580 5369 1704 5407 esse
1745 5353 1919 5408 factus
1951 5353 2016 5406 ad
2047 5353 2186 5412 ima-

2376 5354 2464 5405 Ἐν
2491 5354 2599 5406 τίνι
2637 5368 2717 5404 σοι
2747 5352 2896 5405 δοκεῖ
2927 5350 2989 5403 τὸ
3015 5352 3137 5403 κατ’
3173 5349 3359 5403 εἰκόνα
3392 5347 3530 5401 Θεοῦ
3566 5347 3707 5418 ἔχειν
3731 5345 3755 5396 6
3780 5340 3844 5395 ἄν·

593 5443 775 5510 ginem
818 5440 954 5495 Dei?
1003 5439 1145 5495 Num
1184 5442 1236 5494 in
1268 5444 1476 5508 anima,
1519 5453 1781 5526 tanquam
1822 5443 2014 5512 spiritu
2045 5452 2100 5496 et
2131 5460 2175 5498 rt

2293 5446 2511 5516 θρωπος
2538 5461 2553 5509 ;
2597 5445 2684 5498 Ἐν
2712 5447 2779 5515 τῇ
2803 5445 2949 5515 ψυχῇ
2982 5445 3060 5508 ὡς
3089 5442 3308 5514 πνεῦμα
3356 5439 3495 5514 οὐσῃ
3531 5441 3629 5493 καὶ
3650 5436 3843 5506 ἀοράτῳ,

596 5533 1002 5604 inaspectabili,
1037 5551 1105 5587 an
1146 5535 1197 5587 in
1241 5550 1470 5602 corpore
1503 5535 1786 5607 multiple;
1821 5546 1905 5589 est
1920 5538 1943 5586 Ῥ

1589 5535 1786 5607 lltipler
1821 5546 1905 5589 est
1920 5538 1943 5586 Ῥ
2291 5539 2326 5609 ἢ
2353 5542 2413 5593 ἐν
2439 5538 2518 5609 τῷ
2549 5537 2762 5610 σώματι
2792 5536 3171 5609 πολυπλασίᾳί

1230 5628 1541 5697 Responsio.

2913 5630 3268 5698 Ἀπόκρισις.

671 5724 727 5784 in
780 5733 1000 5784 neutro,
1027 5730 1392 5791 prmlerquam
1443 5722 1496 5773 in
1525 5720 1723 5775 animae
1755 5720 2188 5782 inmortalitate.

2377 5726 2466 5779 Ἐν
2489 5723 2779 5794 οὐδετέρῳ,
2831 5721 2970 5794 πλὴν
3025 5724 3082 5774 ὲν
3119 5719 3200 5791 τῷ
3235 5717 3492 5790 ἀθανάτῳ
3535 5717 3638 5786 τῆς
3685 5709 3845 5785 ψυχῆς.

602 5813 736 5866 Etin
768 5830 858 5879 eo,
889 5813 1035 5883 quod
1064 5813 1321 5867 omnibus
1348 5811 1700 5866 dominatur:
1731 5827 1907 5880 neque
1933 5822 2113 5881 tamen
2137 5813 2184 5867 in

2295 5817 2388 5870 καὶ
2413 5819 2471 5871 ἐν
2496 5816 2575 5887 τῷ
2601 5815 2823 5870 πάντων
2849 5816 3038 5887 ἄρχειν
3066 5812 3256 5866 αὐτόν’
3285 5810 3397 5865 οὐδ’
3423 5813 3481 5864 ὲν
3506 5811 3718 5872 τούτοις
3749 5803 3846 5876 μὲν-

603 5905 689 5960 bis
713 5906 879 5958 etiam
912 5915 1092 5958 servat
1121 5917 1366 5959 exactam
1401 5904 1467 5958 ad
1505 5902 1672 5958 Deum
1692 5905 2010 5974 qualitatem
2036 5916 2088 5960 et
2118 5906 2185 5962 si-

2352 5927 2379 5962 ιι
2405 5909 2564 5974 σώζει
2630 5908 2727 5981 τὴν
2785 5908 2985 5979 ἀκριϐῆ
3043 5907 3176 5979 πρὸς
3213 5903 3274 5960 τὺ
3317 5904 3474 5959 Θεῖον
3531 5904 3750 5972 ἰσότητα
3779 5895 3850 5949 1-1"

683 6041 728 6074 “
752 6041 892 6096 l’sal.
923 6055 1112 6111 cxvtn,
1142 6041 1227 6096 75.
1307 6044 1347 6074 ²¹
1375 6040 1474 6096 Job
1500 6058 1553 6108 κ,
1582 6041 1632 6096 8.
1715 6043 1756 6073 “
1779 6041 1909 6096 ibid.
1955 6043 2005 6094 9.
