4006 6386
194 450 336 507 “09

193 569 453 632 ὁμοίωσιν
472 581 486 596 ·
512 564 681 636 ἄμφω
702 562 811 633 γάρ
832 560 1046 624 κτιστά,
1076 560 1111 631 ἦ
1139 576 1199 612 τε
1227 558 1375 629 ψυχὴ
1403 557 1575 611 καὶτὸ
1597 558 1778 627 σῶμα,

193 658 288 711 καὶ
322 655 552 710 σύνθετα
579 657 647 725 τῇ
686 654 824 725 πρὸς
847 652 1052 722 ἄλληλα
1075 651 1337 723 συναφείᾳ
1363 651 1457 704 καὶ
1493 652 1778 723 κοινωνίᾳ·

195 748 443 802 συνθέσει
475 747 534 800 δὲ
559 747 777 808 πάντως
806 745 998 798 ἕπεται
1031 744 1335 809 διάστασις,
1367 744 1462 797 καὶ
1487 742 1779 814 διαίρεσις·

196 840 258 891 τὸ
284 839 341 893 δέ
375 839 530 892 Θεῖον
584 836 877 893 ἀσύνθετον
938 837 1175 907 ὑπάρχει
1206 836 1302 889 καὶ
1337 835 1665 906 ἀδιαίρετον,
1690 834 1785 888 καὶ

128 914 148 939 ⁸
200 930 625 1001 ἀσχημάτιστον,
654 930 785 982 αὑτὸ
811 930 895 995 ἐφ’
929 927 1121 981 ἐαυτοῦ
1157 927 1337 999 μένον,
1366 928 1461 981 καὶ
1485 927 1574 983 ἀεὶ
1599 925 1783 979 ὡσαύ-

202 1044 306 1085 τως
339 1026 480 1094 ἕχον.
505 1024 624 1076 Οὐδ’
656 1018 722 1076 αὖ
758 1022 918 1075 πάλιν
936 1023 992 1074 ἐν
1025 1021 1103 1091 τῷ
1124 1020 1337 1091 ἀρχικῷ
1368 1018 1531 1083 σώζει
1565 1018 1700 1089 πρὸς
1724 1018 1787 1072 τὸ

203 1118 506 1187 ἀρχέτυπον
550 1116 651 1185 τῆς
700 1115 909 1176 εἰκόνος
955 1111 1055 1181 τὴν
1100 1113 1379 1181 ὁμοίωσιν.
1418 1110 1493 1164 Οὑ
1532 1109 1642 1183 γάρ
1673 1112 1786 1163 ἰσο-

203 1209 364 1279 ιιλεὴς
403 1207 479 1279 τῷ
511 1206 846 1279 ἐγχειροῦντι
905 1208 933 1258 ὸ
974 1204 1356 1275 κομιζόμενος.
1413 1204 1471 1257 Ὀ
1531 1203 1631 1274 μέν
1678 1202 1785 1275 γὰρ

204 1295 479 1365 παρέχων,
509 1292 811 1365 ἀπροσδεὴς
858 1291 1093 1362 ὑπάρχει
1139 1292 1358 1354 πάντως
1382 1283 1444 1343 οὗ
1476 1290 1749 1361 παρέσχεν
1768 1307 1783 1320 ο

203 1388 231 1437 ὸ
259 1385 314 1437 δὲ
337 1383 732 1453 ὑποδεξάμενος
744 1383 925 1452 ἐνδεὴς
942 1382 1179 1452 ὑπάρχει
1190 1380 1391 1444 παντὸς
1407 1380 1503 1434 τοῦ
1518 1380 1783 1443 δοθέντος.

207 1477 315 1529 Καὶ
342 1477 371 1529 ὁ
402 1477 499 1547 μὲν
526 1478 676 1546 παρά
724 1474 859 1528 Θεοῦ
888 1473 997 1527 τῶν
1024 1473 1325 1527 συνδούλων
1358 1472 1548 1543 ἄρχειν
1574 1472 1746 1541 ἐτάγη
1770 1487 1785 1503 ·

206 1567 235 1617 ὁ
267 1565 323 1620 δὲ
343 1566 476 1630 Θεὸς
499 1566 626 1637 παρ’
641 1565 871 1629 οὐδενὸς,
889 1564 1244 1637 αὐτοκράτωρ
1267 1582 1327 1618 τε
1353 1566 1448 1620 καὶ
1475 1561 1787 1634 παντοκρά-

206 1672 321 1724 τωρ
349 1656 630 1726 ὑπάρχων.

758 1840 1013 1893 ΠΕΥΣιΣ
1046 1839 1238 1907 ΡΝεῖο.

296 1932 433 1985 Ἀλλ’
463 1932 696 1987 ἕκαστον
728 1931 849 1985 καθ’
879 1931 1041 1984 ἐαυτὸ
1067 1931 1364 2002 σκόπησον,
1399 1933 1501 2003 τήν
1524 1949 1583 1986 τε
1610 1931 1791 2005 ψυχὴν

214 2025 358 2089 ἰδίως
382 2064 398 2088 ,
432 2024 711 2095 καὶσῶμα
751 2024 955 2098 ἑτέρως
984 2040 998 2056 ·
1035 2025 1132 2077 καὶ
1163 2024 1365 2089 ἀπόδος
1397 2026 1533 2096 ἡμῖν
1563 2017 1684 2093 ὲνῷ
1713 2025 1792 2078 δο-

209 2118 324 2179 κείς
341 2115 403 2167 τὸ
420 2117 543 2167 κατ’
565 2114 747 2169 εἰκόνα
770 2112 927 2169 Θεοῦ.

826 2271 1195 2339 Ἀπόκρισις.

280 2361 584 2434 Οὑδέτερον
616 2362 706 2416 τοῦ
748 2364 937 2435 ἐτέρου
973 2363 1255 2435 διακριθὲν
1285 2364 1524 2436 ὑπάρχει
1557 2364 1752 2437 βροτὸς
1774 2407 1790 2431 ,

215 2449 250 2527 ᾖ
304 2454 405 2525 μὲν
450 2455 558 2527 γάρ
609 2457 859 2526 πνεῦμα,
915 2456 1016 2509 οὑκ
1051 2455 1369 2528 ἄνθρωπος·
1483 2457 1539 2510 δὲ
1586 2458 1792 2529 πηλὸς,

217 2547 410 2616 ἄλογος
436 2548 531 2602 καὶ
557 2548 885 2620 ἀναίσθητος
906 2565 921 2580 ο
954 2547 1014 2612 ἐξ
1036 2549 1239 2619 ἀμφοῖν
1261 2548 1317 2602 δὲ
1346 2543 1428 2613 εἷς
1453 2549 1797 2604 ἀποτελεῖται

220 2640 411 2709 βροτός
435 2655 448 2671 ⁸
482 2642 575 2694 καὶ
604 2643 636 2711 ἡ
668 2641 769 2712 μὲν
794 2638 1073 2694 ἀλλοιώσει
1105 2642 1200 2695 καὶ
1227 2645 1458 2713 τροπαῖς
1488 2642 1794 2705 ὑπόκειται,

215 2729 287 2781 τὰ
328 2729 450 2800 μὲν
475 2729 974 2801 ἐπιλανθανομένη,
1013 2730 1083 2783 τὰ
1133 2729 1191 2782 δὲ
1237 2731 1693 2801 μνημονεύουσα,
1739 2733 1798 2784 ἐν

218 2821 453 2893 ἀφθονίᾳ.
476 2822 820 2892 πραγμάτων
839 2821 1176 2893 γαννυμένη,
1206 2822 1302 2875 καὶ
1325 2822 1590 2895 βλοσυρὸς
1618 2824 1799 2896 ὑπάρ-

221 2931 411 2984 χουσα,
446 2912 789 2986 ποτνιωμένη
819 2912 875 2967 δὲ
914 2913 1009 2967 καὶ
1041 2912 1367 2986 σκυθρωπὸς
1404 2916 1461 2969 ἐν
1495 2914 1694 2987 ἐνδείᾳ,
1722 2916 1799 2987 ﬁl

223 3006 327 3075 μὲν
372 3005 582 3076 σεμνά,
628 3005 706 3076 πὴ
750 3005 809 3058 δὲ
842 3005 1119 3059 ἀκόλαστα
1153 3005 1517 3078 λογιζομένη,
1572 3005 1668 3062 νῦν
1701 3007 1803 3079 μὲν

219 3096 422 3165 δίκαια,
457 3096 554 3151 νῦν
595 3096 653 3150 δέ
680 3097 841 3151 ἄδικα
866 3098 1279 3170 προαιρουμὲνη
1301 3137 1316 3161 ,
1347 3097 1446 3153 νῦν
1478 3098 1578 3171 μὲν
1608 3098 1803 3169 φιλάν-

222 3186 439 3258 θρωπος
463 3226 479 3253 ,
525 3185 620 3242 νῦν
661 3187 719 3241 δὲ
762 3188 1133 3261 ἀπάνθρωπος
1165 3189 1466 3259 γινομένη,
1512 3190 1571 3245 ἐν
1605 3191 1805 3261 ἀκαρεῖ

220 3277 587 3350 ὀργιζομένη,
630 3280 724 3332 καὶ
765 3280 825 3332 ἐν
866 3279 1055 3351 ἀτόμῳ
1088 3280 1440 3352 ήμερουμένη
1464 3320 1480 3345 ,
1512 3284 1804 3353 μερισμοῖς

221 3370 317 3423 καὶ
365 3369 690 3441 μεταϐολαῖς
725 3372 1058 3438 ὑπείκουσα,
1104 3370 1289 3435 καθώς
1318 3388 1484 3442 φησιν
1526 3374 1555 3426 ὁ
1599 3373 1806 3444 ὑψηλὸς

235 3461 584 3528 Ἀπόστολος,
618 3463 915 3536 διαρρήδην
937 3463 1076 3534 βοῶν
1092 3479 1110 3497 ο
1128 3463 1261 3518 Ζῶν
1287 3462 1400 3535 γὰρ
1428 3467 1461 3519 ὀ
1491 3467 1677 3534 λόγος
1695 3464 1805 3519 τοῦ

224 3552 375 3607 Θεοῦ
408 3553 509 3607 καί
550 3554 802 3623 ἐνεργὴς
828 3592 844 3618 ,
891 3552 993 3607 καὶ
1021 3553 1350 3623 τομώτερος
1400 3553 1553 3623 ὑπὲρ
1595 3552 1807 3609 πᾶσαν

220 3644 521 3714 μάχαιραν
563 3644 874 3714 δίστομον,
926 3644 1027 3698 καὶ
1071 3645 1487 3714 διικνούμενος
1525 3646 1664 3715 ἄχρι
1702 3664 1808 3716 με·

220 3736 442 3806 ιιισμοῦ
482 3736 692 3806 ψυχῆς
740 3737 840 3791 καὶ
871 3738 1237 3807 πνεύματος,
1300 3738 1399 3792 καὶ
1445 3738 1808 3807 διακριτικὸς

225 3826 618 3895 ἐνθυμήσεων
655 3825 755 3879 καὶ
794 3825 1096 3880 διανοιῶν.
1126 3826 1253 3891 Πῶς
1289 3823 1383 3881 οὖν
1421 3828 1509 3882 οἵα
1552 3846 1614 3882 τε
1643 3829 1807 3884 εἰκὼν

229 3919 502 3989 ὑπάρχει,
553 3916 648 3972 τοῦ
684 3917 1044 3972 ἀναλλοιώτου
1086 3916 1220 3971 Θεοῦ
1279 3921 1568 3991 μερισμοῖς
1606 3921 1808 3974 ὑποπί-

228 4027 455 4076 πτουσα,
470 4010 565 4064 καὶ
579 4008 960 4081 διακρινομένη
984 4008 1083 4073 τὰς
1106 4009 1432 4081 ἐνθυμήσεις
1460 4012 1555 4066 καὶ
1580 4012 1808 4077 ἐννοίας,

227 4103 287 4156 οὑ
323 4102 480 4172 μόνον
510 4102 616 4155 ὑπὸ
643 4101 801 4168 Θεοῦ,
833 4101 972 4155 ἀλλά
1004 4102 1099 4154 καὶ
1120 4101 1225 4154 ὑπὸ
1250 4102 1359 4155 τῶν
1390 4102 1555 4157 αὑτοῦ
1593 4120 1811 4176 προφη-

228 4193 337 4250 τῶν
370 4194 631 4260 πολλάκις
672 4194 741 4251 τά
784 4194 875 4248 διά
913 4194 1111 4266 βάθους
1157 4195 1526 4269 ἐλεγχομένη;
1567 4198 1704 4252 Θεοῦ
1752 4199 1811 4253 δὲ

229 4286 329 4356 τὴν
356 4285 550 4357 βουλὴν
583 4286 617 4357 ἢ
657 4286 954 4358 ἐνθύμησιν
982 4287 1068 4351 τίς
1092 4287 1469 4357 καταλήψεται
1487 4330 1502 4354 ,
1531 4289 1628 4343 τοῦ
1661 4290 1810 4362 ἱεροῦ

244 4379 569 4432 Ἀποστόλου
602 4377 854 4449 βοῶντοςο
890 4380 987 4446 Τίς
1018 4379 1174 4449 ἔγνω
1197 4380 1351 4436 νοῦν
1375 4381 1599 4449 Κυρίου
1620 4382 1692 4453 ;ἢ
1720 4384 1814 4451 τίς

232 4472 582 4540 σύμϐουλος
604 4471 793 4525 αὐτοῦ
841 4470 1119 4541 ἑγένετο;
1151 4472 1215 4525 Εἰ
1254 4468 1349 4526 οῦν
1381 4472 1443 4527 τὸ
1476 4473 1814 4547 κυριώτερον

231 4562 325 4616 τοῦ
354 4562 696 4634 ἀνθρωπίνου
717 4562 1123 4634 συγκράματος,
1142 4566 1176 4636 ἡ
1202 4563 1689 4639 ψυχὴ,ἀπελείφθη
1714 4570 1813 4638 τῆς

234 4654 387 4716 θείας
417 4652 623 4716 εἰκόνος
652 4654 748 4707 καὶ
792 4653 1110 4726 ὁμοιότητος
1129 4694 1145 4719 ,
1177 4654 1329 4725 πόσῳ
1364 4655 1565 4726 μᾶλλον
1597 4656 1814 4728 ἐκείνης

236 4744 426 4815 πόρρω
453 4745 813 4816 φανήσεταιή
845 4743 940 4797 τοῦ
976 4744 1231 4815 σώματος
1263 4744 1581 4816 παραϐολή;
1615 4745 1690 4799 Τὸ
1716 4747 1818 4818 μὲν

236 4838 346 4910 γὰρ
387 4831 498 4891 οἷον
545 4839 781 4909 ὑπάρχει
814 4836 1112 4908 ἄφθαρτον,
1146 4838 1208 4891 τὸ
1239 4837 1298 4891 δὲ
1338 4837 1502 4909 σῶμα
1534 4840 1775 4911 φθαρτόν
1800 4857 1815 4871 ·

236 4933 299 4985 τὸ
328 4932 425 5002 μὲν
454 4930 725 5003 ἀμέγεθες
757 4932 854 4986 καὶ
884 4930 1111 4997 ἀποσον,
1137 4932 1200 4985 τὸ
1232 4932 1291 4985 δὲ
1320 4932 1496 5003 βραχὺ
1536 4934 1633 4987 καὶ
1659 4951 1817 5006 περι-

236 5023 477 5094 ληπτόνσ
512 5022 573 5075 τὸ
621 5021 720 5091 μὲν
769 5020 1154 5090 ἀκατάληπτον
1206 5020 1302 5074 καὶ
1343 5023 1496 5092 ἀφῇ,
1525 5023 1621 5076 καὶ
1650 5022 1713 5075 τὸ
1760 5024 1818 5077 δὲ

238 5116 409 5169 ἁπτὸν
464 5113 557 5167 καὶ
599 5111 797 5182 ῥοῶδες
822 5129 836 5143 ⁸
883 5110 945 5165 τὸ
1001 5112 1100 5183 μὲν
1155 5112 1451 5185 ἀσώματον
1483 5116 1579 5167 καὶ
1633 5114 1819 5180 ἆῡλον,

240 5205 441 5267 παντὸς
472 5203 642 5273 ὕψους
674 5204 971 5274 μετέωρον,
998 5201 1095 5255 καὶ
1125 5202 1453 5274 ὑπέρτερον,
1476 5203 1537 5256 τὸ
1559 5203 1618 5258 δὲ
1645 5205 1819 5276 βραχὺ

240 5297 337 5350 καὶ
360 5294 565 5359 ὑλικὸν,
589 5292 865 5362 γεωπετὲς
883 5293 976 5345 καὶ
991 5292 1293 5362 χθαμαλὸν,
1312 5294 1440 5364 περὶ
1460 5293 1530 5349 τά
1556 5295 1707 5350 κάτω
1723 5314 1823 5351 κα-

240 5386 582 5457 λινδούμενον
607 5398 621 5413 ⁸
652 5383 714 5437 τὸ
749 5383 850 5453 μὲν
881 5383 982 5436 οὑκ
1012 5381 1190 5447 αὔξει,
1223 5384 1284 5436 οὑ
1324 5384 1501 5453 λήγει,
1526 5386 1626 5457 οὑχ
1662 5388 1821 5458 ὑφίε.

241 5497 330 5531 ται
349 5518 364 5542 ,
411 5478 471 5531 οὐ
525 5475 774 5547 μειοῦται
796 5489 810 5503 ⁸
844 5473 920 5546 μὴ
953 5475 1137 5528 τοίνυν
1161 5474 1255 5529 ἔσο
1282 5471 1407 5539 ’τοῖς
1439 5477 1593 5531 κάτω
1622 5496 1820 5533 πεπει-

244 5572 463 5643 σμένος,
518 5571 656 5643 μηδέ
708 5566 1053 5641 μελογραφοῦ
1103 5567 1164 5621 τδ
1193 5568 1369 5633 Θεῖον,
1427 5570 1637 5625 ἐπαΐων
1685 5573 1822 5627 Θεοῦ

242 5664 578 5732 φάσκοι-τος,
612 5664 696 5717 ὅτι
741 5662 880 5731 Ἄρῶ
910 5664 997 5726 εἰς
1027 5661 1136 5715 τὸν
1190 5662 1453 5730 οὐρανὸν
1504 5663 1622 5733 τὴν
1657 5666 1825 5735 χεῷἀ

238 5773 378 5823 μου,
414 5756 513 5810 καὶ
543 5754 797 5825 ὀμοῦμαι
826 5752 900 5821 τῇ
932 5751 1101 5819 δεξιᾷ
1118 5770 1261 5822 μου,
1296 5755 1397 5807 καὶ
1426 5755 1567 5823 ἐρῶ’
1596 5758 1690 5811 καὶ
1716 5760 1820 5812 πά-

245 5841 349 5909 λιν,
390 5846 453 5898 ’0
496 5846 754 5913 οὐρανός
783 5862 884 5913 μοι
913 5844 1159 5911 θρόνος,
1194 5844 1233 5912 ἡ
1270 5842 1341 5896 δὲ
1383 5844 1458 5915 γῆ
1489 5849 1822 5905 ὑποπόδιον

316 5964 362 5995 ⁸³
395 5960 555 6017 Hebr.
585 5978 655 6028 tv,
680 5962 762 6015 1:2.
843 5962 887 5994 ²⁵
926 5959 1082 6017 Rom.
1112 5975 1190 6028 χι,
1215 5960 1300 6015 54.

1576 432 1926 490 DIALOGUS
1957 434 2041 491 Ill.

3329 436 3468 491 “l0

1889 554 2287 624 militudinem;
2332 566 2563 626 utraque
2592 556 2737 611 enim
2768 568 2954 612 creata
2985 566 3135 621 sunt,
3152 566 3262 612 tam
3285 559 3468 612 anima

1888 665 2055 717 quam
2087 665 2313 719 corpus,
2352 657 2407 703 et
2451 647 2759 718 composita
2811 656 3005 703 mutua
3039 648 3388 719 copulatione
3416 659 3472 704 et

1885 741 2297 794 communione.
2322 739 2790 809 Compositionem
2818 746 3001 794 autem
3034 754 3264 808 prorsus
3294 737 3473 808 sequi-

1887 839 1977 884 tur
2014 829 2287 900 separatio
2328 840 2493 899 atque
2526 827 2745 884 divisio.
2792 825 2938 882 Deus
2968 836 3150 882 autem
3188 827 3473 897 incompo-

1891 924 2038 977 situs
2070 932 2229 977 estet
2259 921 2627 988 indivisibiiis,
2654 931 2709 977 et
2734 920 2881 976 nulla
2926 935 3221 993 expressus
3259 919 3472 986 forma,

1889 1015 2006 1083 ipse
2048 1030 2141 1085 per
2182 1014 2423 1084 seipsum
2472 1030 2722 1077 manens,
2749 1024 2804 1069 et
2828 1029 3047 1084 semper
3079 1013 3272 1068 eodem
3310 1011 3474 1067 modo

1888 1106 2137 1163 aifectus.
2169 1104 2359 1176 Neque
2388 1105 2517 1162 item
2572 1106 2629 1160 in
2665 1105 2948 1162 dominatu
2976 1114 3163 1163 servat
3184 1104 3251 1161 ad
3280 1105 3473 1159 arche-

1890 1211 2079 1273 typum
2124 1200 2381 1272 imaginis
2410 1199 2857 1255 similitudinem.
2890 1197 3010 1254 Non
3053 1199 3199 1253 enim
3227 1196 3473 1268 ejusdem

1889 1294 2119 1349 honoris
2169 1302 2254 1348 est
2294 1308 2419 1347 cum
2450 1293 2643 1347 datore
2687 1292 2775 1348 bis
2815 1298 2911 1363 qui
2946 1292 3172 1365 accipit.
3212 1288 3349 1345 Nam
3379 1285 3477 1359 qu'i

1889 1385 2117 1453 praebet,
2155 1384 2381 1439 omnino
2416 1398 2529 1438 non
2562 1382 2784 1452 indigus
2830 1392 2916 1438 est
2954 1382 3078 1454 ejus
3113 1379 3262 1455 quod
3302 1370 3473 1436 dedi't.

1889 1474 1994 1545 Qui
2011 1485 2194 1531 autem
2224 1475 2437 1543 recipit,
2464 1474 2687 1546 indigus
2709 1475 2833 1545 ejus
2855 1483 2941 1530 est
2967 1474 3116 1545 quod
3156 1474 3347 1530 datum
3369 1483 3479 1529 est.

1889 1565 1957 1622 Et
1992 1566 2085 1621 hic
2128 1566 2352 1637 quidem
2398 1580 2430 1620 a
2482 1564 2597 1622 Deo
2651 1566 2937 1623 conservis
2979 1564 3253 1621 dominari
3287 1565 3481 1635 jussus

1888 1667 2016 1714 est:
2049 1656 2192 1713 Deus
2230 1669 2410 1711 autem
2452 1672 2485 1712 a
2534 1656 2784 1721 nemine,
2842 1672 2966 1712 cum
3005 1657 3122 1729 ipse
3165 1671 3263 1728 per
3317 1672 3376 1712 se
3410 1655 3485 1712 sit

1890 1752 2125 1825 propriae
2156 1751 2444 1822 potestatis
2471 1749 2761 1813 Dominus,
2804 1760 2861 1805 et
2898 1749 3268 1819 omnipotens.

2297 1841 2824 1899 lNTERROGATlO
2863 1840 3048 1899 CLVI.

1976 1934 2046 1990 At
2072 1935 2525 2006 unumquodlibet
2556 1950 2651 2005 per
2672 1952 2730 1990 se
2756 1935 3065 1998 considera,
3089 1947 3337 1989 seorsum
3365 1932 3485 1986 ani-

1894 2033 2141 2091 mam,et
2188 2040 2253 2080 ex
2284 2025 2453 2080 altera
2495 2034 2650 2093 parte
2692 2039 2937 2092 corpus;
2984 2033 3041 2079 et
3072 2037 3287 2093 expone
3323 2022 3485 2079 nobis

1899 2116 1952 2171 in
1987 2132 2097 2187 quo
2128 2125 2288 2186 putes
2318 2130 2442 2173 esse
2463 2115 2517 2171 id
2541 2115 2689 2186 quod
2728 2124 2816 2171 est
2848 2113 3153 2171 secundum
3185 2112 3484 2185 imaginem

1899 2207 2017 2264 Dei.

2544 2277 2850 2349 Responsio.

1966 2367 2230 2423 Neutrum
2293 2369 2363 2423 ab
2418 2367 2590 2422 altero
2623 2377 2936 2437 separatum
2998 2377 3084 2422 est
3122 2366 3310 2421 homo:
3356 2379 3483 2418 nam

1908 2463 2054 2518 aliud
2082 2462 2303 2534 quidem
2336 2461 2583 2532 spiritus,
2612 2478 2719 2515 non
2753 2462 2950 2526 homo;
2980 2459 3125 2514 aliud
3149 2476 3279 2514 vero
3313 2460 3485 2512 lutqu

1900 2552 2130 2607 rationis
2153 2560 2205 2606 et
2236 2568 2434 2607 sensus
2468 2567 2700 2623 expers:
2729 2567 2793 2604 ex
2825 2552 3075 2623 utrisque
3115 2560 3296 2605 autem
3337 2565 3478 2603 unus

1899 2643 2181 2714 perﬁcitur
2228 2642 2415 2697 homo.
2470 2642 2648 2713 Atque
2697 2642 2788 2696 ill'.
2823 2641 3042 2712 quidem
3092 2640 3394 2696 alterationi
3435 2649 3491 2695 et

1901 2734 2306 2790 mutationibus
2332 2734 2569 2789 obnoxia
2595 2750 2625 2789 e
2642 2742 2713 2797 τ’,
2740 2735 2847 2789 alia
2879 2735 3099 2805 quidem
3137 2734 3488 2801 obliviscens,

1902 2828 2008 2881 alia
2033 2841 2161 2882 vero
2197 2825 2256 2880 in
2304 2825 2563 2881 memori'
2618 2827 2880 2892 retinens,
2931 2836 2986 2881 et
3041 2827 3095 2880 in
3145 2826 3492 2881 multitudine

1903 2932 2086 2972 rerum
2130 2916 2253 2971 laeta
2295 2926 2352 2971 et
2383 2917 2690 2971 truculenta
2720 2917 2774 2971 in
2830 2918 2988 2982 alios,
3032 2917 3270 2973 demissa
3306 2927 3489 2972 autem

1904 3019 1957 3062 et
2021 3008 2211 3063 tetrica
2268 3022 2395 3063 cum
2450 3008 2676 3080 indiget.
2704 3010 2857 3064 Alias
2908 3009 3133 3080 quidem
3176 3010 3407 3064 honesta
3437 3017 3493 3063 et

1906 3100 2113 3172 gravis,
2152 3099 2290 3154 alias
2340 3114 2472 3153 vero
2507 3100 2707 3154 lasciva
2739 3100 3038 3170 cogitans;
3072 3116 3221 3155 nunc
3267 3100 3491 3171 quidem

1902 3193 2075 3263 justa,
2135 3207 2281 3246 nunc
2334 3200 2515 3246 autem
2548 3191 2750 3261 injusta
2795 3193 3039 3264 eligens;
3089 3209 3237 3247 nunc
3269 3193 3492 3262 quidem

1907 3286 2164 3355 benigna,
2216 3298 2364 3337 nunc
2394 3299 2526 3339 vero
2580 3285 2917 3351 inhumana;
2972 3286 3026 3339 in
3064 3284 3323 3355 temporis
3373 3300 3496 3339 nio-

1908 3388 2091 3431 meuto
2124 3376 2388 3440 irascens,
2430 3384 2484 3430 et
2520 3377 2572 3429 in
2621 3385 2825 3444 puncto
2857 3377 3095 3447 placata,
3126 3378 3496 3433 divisionibus

1908 3475 1956 3522 et
1988 3467 2387 3523 mutationibus
2449 3466 2726 3532 obnoxia,
2785 3468 3253 3536 quemadmodum
3316 3466 3495 3536 inquit

1907 3560 2143 3615 eximius
2174 3559 2263 3614 ille
2297 3560 2611 3630 Apostolus,
2638 3559 2845 3614 diserte
2866 3560 3151 3615 clamans:
3206 3558 3365 3612 Vivus
3415 3569 3493 3613 est

1907 3667 2078 3705 sermo
2112 3651 2210 3705 Dei
2257 3660 2306 3704 et
2334 3651 2549 3720 eﬂicax,’
2572 3666 2637 3703 ac
2675 3654 3051 3719 penetrantior
3104 3652 3288 3721 quovis
3316 3652 3495 3720 gladio

1909 3743 2153 3812 utrinque
2186 3742 2468 3807 incidente,
2513 3750 2562 3794 et
2600 3742 2908 3811 pertingens
2974 3758 3139 3813 usque
3172 3744 3241 3795 ad
3276 3742 3495 3795 divisio-

1908 3852 2026 3889 nem
2051 3834 2272 3903 spiritu:
2312 3843 2362 3887 et
2386 3833 2601 3897 animae,
2666 3842 2717 3887 et
2746 3834 3007 3887 discretor
3039 3834 3425 3903 cogitationum
3446 3843 3498 3888 et

1910 3927 2259 3979 intentionum
2291 3926 2359 3980 ³³.
2392 3925 2681 3991 Quomodo
2711 3924 2878 3994 igitur
2930 3936 3110 3996 potest
3163 3927 3345 3995 imago
3372 3942 3497 3982 esse

1910 4020 2273 4075 immutabilis
2323 4018 2415 4073 Dei
2469 4019 2836 4075 divisionibus
2889 4019 3168 4083 obnoxia,
3231 4028 3286 4074 et
3338 4020 3496 4088 cujus

1911 4113 2282 4182 dijudicantur
2311 4112 2675 4182 cogitationes
2699 4121 2754 4167 et
2789 4112 3145 4175 intentiones,
3178 4128 3287 4167 non
3314 4112 3496 4167 solum

1912 4219 1942 4258 a
1969 4204 2098 4271 Deo,
2125 4204 2217 4259 sed
2249 4204 2414 4258 etiam
2446 4205 2515 4257 ab
2563 4202 2685 4272 ejus
2711 4204 2955 4267 vatibus.
2997 4205 3297 4275 aliquoties
3330 4207 3497 4261 etiam

1912 4296 1980 4350 de
2010 4294 2313 4349 reconditis
2358 4293 2653 4348 convicta?
2702 4293 3011 4349 Consilium
3059 4304 3243 4350 autem
3287 4296 3500 4367 cogita-

1914 4387 2188 4441 tionemve
2218 4384 2309 4439 Dei
2337 4385 2463 4454 quis
2491 4383 2885 4454 deprehendet,
2916 4384 3045 4439 divo
3080 4384 3346 4455 Apostolo
3377 4386 3493 4440 cla-

1915 4487 2138 4533 mante:
2168 4476 2299 4541 Quis
2335 4477 2573 4546 cognovit
2607 4486 2829 4529 mentem
2858 4475 3095 4542 Domini,
3136 4486 3230 4530 aut
3256 4478 3305 4531 ei
3335 4477 3438 4546 fuit
3464 4494 3497 4531 a

1914 4570 2154 4625 consiliis
2185 4568 2268 4622 ⁸⁸2
2299 4569 2356 4623 Si
2376 4568 2545 4637 igitur
2576 4568 2721 4637 quod
2761 4568 2937 4639 magis
2966 4579 3051 4624 est
3076 4568 3361 4641 proprium
3396 4570 3497 4625 IIII-

1918 4679 2093 4718 inanaa
2120 4661 2556 4731 cumpositionis,
2597 4661 2713 4731 ipsa
2754 4675 2951 4730 nempe
2984 4660 3192 4724 anima,
3233 4660 3403 4715 distat
3430 4661 3503 4714 ab

1916 4756 2156 4823 imagine
2189 4752 2663 4823 similitudineque
2703 4752 2925 4807 divina:
2980 4763 3191 4821 quanto
3219 4751 3394 4823 magis
3432 4752 3503 4807 ab

1917 4848 2010 4902 illa
2061 4848 2222 4917 longe
2269 4847 2476 4901 distare
2518 4847 2805 4916 apparebit
2831 4848 3179 4916 comparatio
3207 4846 3504 4916 corporis?

1917 4939 2051 4995 Nam
2105 4940 2303 4994 borum
2354 4939 2585 4992 alterum
2638 4937 3058 5003 incorruptibile
3104 4947 3211 5001 cst,
3265 4938 3500 4993 alterum

1921 5040 2103 5085 autent
2137 5028 2520 5099 corruptibile,
2549 5037 2604 5081 et
2636 5028 2767 5081 illud
2814 5028 3037 5097 quidem
3100 5028 3504 5099 magnitudinis

1917 5135 1972 5178 et
1997 5122 2319 5192 quantitatis
2369 5136 2566 5190 expers
2611 5132 2717 5181 est,
2778 5120 2881 5174 hoc
2912 5133 3095 5173 autem
3147 5120 3406 5189 exiguum
3449 5130 3504 5174 et

1918 5212 2435 5281 contprcbensibile.
2492 5211 2625 5265 Illud
2668 5211 2889 5281 quidem
2943 5210 3504 5281 incomprehensibile

1919 5312 2090 5367 tactu,
2122 5303 2224 5355 hoc
2245 5311 2427 5357 autem
2458 5301 2605 5370 tangi
2644 5309 2831 5371 potest
2870 5314 2936 5354 ac
2960 5300 3170 5355 ﬂitxum
3209 5309 3333 5366 est;
3371 5299 3503 5353 illud

1920 5396 2304 5464 incorporeum
2346 5403 2403 5448 et
2432 5408 2629 5463 expers
2677 5391 2922 5448 materia!
2981 5406 3214 5457 crassae,
3245 5390 3395 5446 omni
3428 5391 3497 5444 al-

1920 5483 2156 5539 titudine
2185 5482 2480 5537 sublimius
2531 5492 2587 5536 et
2613 5480 3153 5552 supereminentius;
3190 5480 3297 5534 boc
3320 5490 3502 5533 autem

1918 5577 2174 5647 exiguum
2229 5585 2284 5631 et
2311 5584 2477 5631 certae
2511 5575 2860 5645 quantitatis,
2908 5574 2963 5628 in
3011 5584 3157 5629 terra
3221 5588 3421 5643 repens
3449 5581 3504 5625 et

1920 5665 2148 5731 humile,
2173 5665 2321 5720 circa
2354 5665 2468 5719 [nec
2514 5664 2776 5719 interiora
2812 5679 3061 5719 versans.
3096 5663 3234 5717 Illud
3270 5663 3504 5733 denique

1924 5776 2032 5814 non
2068 5758 2286 5818 crescit,
2322 5772 2431 5811 non
2454 5756 2677 5823 desinit,
2708 5772 2817 5811 non
2851 5754 3121 5819 subsidet,
3158 5772 3265 5810 non
3298 5755 3471 5810 minui

1929 5863 2039 5908 tur.
2070 5849 2306 5906 Proinde
2329 5858 2383 5905 tu
2410 5849 2629 5919 quidem
2660 5848 3011 5904 inferioribus
3041 5847 3127 5903 bis
3166 5848 3505 5919 tequicscas,
