4006 6386
595 395 730 456 “Il

593 526 772 581 neque
818 507 1032 565 Numen
1081 511 1348 567 membris
1416 513 1882 582 circumscribas,
1941 519 2174 575 audiens

593 599 764 656 Deum
788 599 1094 656 dicentem:
1133 601 1342 656 Tollam
1384 605 1440 657 in
1490 604 1678 658 cozlum
1725 624 1942 662 "ianum
1979 627 2169 678 meam,

592 699 642 742 et
667 687 888 758 jurabo,
919 699 1076 760 atque
1101 691 1276 746 dicam
1309 691 1377 748 ³⁵.
1413 693 1480 746 Ει
1532 709 1727 750 rursus
1757 713 1771 748 :
1811 698 2012 752 (.‘azlum
2044 702 2172 755 mihi

596 781 812 833 thronus
829 790 926 847 est,
951 792 1092 834 terra
1116 791 1292 836 autem
1315 783 1600 838 scabellum
1619 789 1818 856 pedum
1844 805 2078 843 meorum
2103 794 2170 846 ".

595 871 906 940 lterumque
988 863 1333 942 prophetam'
1384 877 1652 932 dicentem
1711 899 1722 933 :
1789 879 1894 945 Qui
1963 898 2172 937 mensus

591 975 668 1014 est
701 963 1171 1034 caeltgmpalmo,“
1197 975 1395 1020 terram
1437 984 1610 1038 pugno
1635 971 1702 1023 ³⁷.
1744 971 1811 1026 Ει
1838 973 1990 1039 alibi,
2024 975 2172 1045 quod

593 1053 762 1124 digito
789 1055 1154 1124 exsculpserit
1205 1056 1422 1112 tabulas
1480 1059 1720 1130 lapideas
1777 1063 1844 1126 ’⁸,
1900 1080 2039 1134 quas
2076 1065 2169 1120 Dei

593 1145 886 1212 spei-latori
943 1145 1077 1201 Mosi
1106 1148 1349 1204 tradidit.
1383 1148 1573 1220 Neque
1605 1153 1749 1222 quod
1799 1155 1974 1224 inquit
2012 1155 2172 1210 Davi-

590 1235 688 1289 dcs
717 1237 806 1291 ille
857 1235 1169 1292 divinorum
1197 1241 1504 1294 carminum
1531 1253 1762 1298 auctor:
1798 1243 2033 1312 Inclina,
2059 1248 2170 1301 Do-

595 1329 752 1394 mine,
771 1344 952 1383 aurem
977 1337 1144 1396 tuam,
1179 1341 1228 1384 et
1251 1332 1446 1386 exaudi
1481 1351 1560 1387 me
1599 1333 1681 1402 ’°;
1718 1345 1813 1390 et:
1850 1338 1932 1391 Ad
1967 1355 2047 1392 me
2085 1357 2170 1394 re-

594 1421 755 1486 spice,
783 1428 834 1473 et
865 1421 1110 1480 miserere
1150 1423 1255 1477 mei
1279 1423 1361 1476 ³⁰ε
1407 1425 1612 1480 idcirco
1659 1425 1890 1481 formam
1923 1430 2174 1499 assignes

590 1509 834 1573 ﬂumini.
865 1513 1129 1567 membris
1177 1514 1355 1584 ipsum
1402 1524 1454 1569 et
1487 1531 1694 1586 organo
1729 1518 2068 1574 describens.
2115 1519 2173 1574 Si

590 1602 736 1664 enim
777 1613 972 1658 ventus
1012 1605 1231 1674 spirans
1261 1606 1462 1678 ubique
1487 1624 1736 1677 praesens
1769 1621 1875 1670 est.
1911 1622 1962 1665 et
1996 1629 2091 1667 aer
2117 1613 2171 1667 in

593 1706 654 1746 se
690 1693 1072 1762 complectitur
1126 1697 1402 1760 universa,
1431 1709 1638 1768 quanto
1686 1701 1862 1772 magis
1897 1703 2009 1769 ille,
2074 1704 2170 1772 qui

593 1783 772 1850 ipsum
814 1785 1023 1854 spirare
1053 1784 1237 1855 jussit,
1261 1797 1316 1842 et
1337 1802 1529 1844 ventos
1561 1790 1754 1848 ﬂantes
1775 1798 2170 1869 congregavit?

593 1873 804 1930 Solium
843 1879 1232 1948 complectitur
1273 1880 1576 1946 sedentem,
1607 1892 1663 1938 at
1691 1883 1838 1941 Dens
1863 1886 2174 1959 incompre—

592 1967 880 2022 hensibilis
907 1979 1014 2022 est.
1061 1969 1215 2036 Quod
1251 1973 1296 2027 si
1327 1982 1382 2027 et
1427 1983 1628 2028 terram
1661 1977 1956 2033 scabellum
1984 1980 2168 2044 habet,

589 2060 868 2130 quiomodo
925 2061 1054 2115 dum
1106 2063 1444 2132 incedimus,
1497 2076 1594 2121 aut
1647 2083 1903 2138 aramus,
1957 2081 2053 2128 aut
2101 2074 2172 2129 ab

589 2151 802 2211 oriente
817 2149 884 2205 ad
905 2153 1242 2208 occidentem
1269 2157 1568 2222 currimus,
1592 2159 1982 2230 imperatorum
2009 2163 2167 2234 jussu

587 2258 762 2312 equos
814 2251 1038 2312 agentes
1081 2254 1136 2298 et
1169 2247 1581 2313 compellantes,
1624 2265 1730 2304 non
1795 2251 2074 2308 allidimur
2100 2239 2166 2310 ad

587 2335 764 2404 ipsius
805 2335 1008 2404 pedes?
1055 2333 1344 2401 Quomodo
1393 2353 1526 2394 vero
1577 2355 1701 2395 cum
1752 2343 1926 2398 caelos
1981 2345 2168 2414 palmo

587 2440 813 2489 merisus
843 2437 946 2488 est.
973 2435 1027 2482 et
1078 2443 1318 2498 superne
1345 2431 1570 2495 insidet,
1605 2448 1804 2488 rursus
1851 2435 1904 2489 in
1935 2437 2161 2500 caelum,

586 2516 792 2586 inquit,
828 2517 986 2573 eﬂert
1037 2520 1299 2573 manum?
1327 2520 1617 2586 Quomodo
1650 2540 1783 2582 vero
1817 2528 1983 2582 tantis
2015 2529 2164 2599 digi-

586 2610 658 2674 tis
681 2609 889 2679 absque
910 2611 1059 2667 ascia
1097 2612 1312 2668 tabulas
1339 2614 1550 2682 polivit,
1587 2616 1798 2688 absque
1841 2620 1986 2690 styln
2014 2622 2162 2674 scul-

1699 403 1756 468 S.
1790 404 2087 463 CASSARII
2127 409 2454 470 GREGORII
2491 414 2796 474 FRATRIS

3709 425 3820 480 illi

2279 521 2400 576 τῶν
2433 526 2637 580 ποδῶν
2655 547 2804 598 μου·
2839 530 2933 584 καὶ
2962 530 3124 584 πάλιν
3147 548 3240 584 του
3274 529 3555 602 προφήτου
3584 529 3816 598 λέγοντος,

2293 615 2345 666 '0
2364 619 2673 688 μετρήσας
2697 622 2806 675 τὸν
2836 625 3099 692 οὐρανὸν
3125 623 3400 693 σπιθαμῇ
3416 663 3433 688 .
3473 623 3579 678 καὶ
3605 624 3711 691 τὴν
3728 625 3818 693 Τῆν

2279 706 2454 773 δρακί
2473 724 2486 736 ·
2525 713 2619 764 καὶ
2655 713 2916 784 ἑτέρωθι,
2947 716 3032 768 ὅτι
3067 714 3318 786 δακτύλῳ
3355 713 3598 786 χαράξας
3641 715 3817 778 πλάκας

2277 799 2512 868 λιθίνους
2545 803 2623 874 τῷ
2689 805 2889 880 θεόπτῃ
2941 809 3115 880 Μωσῇ
3163 807 3482 878 ἐνεχείρισε.
3534 808 3670 878 Mat?
3721 809 3816 862 ὅτι
3905 865 3908 869 ,

2278 887 2413 958 φησὶ
2443 889 2606 942 Δαϐὶδ
2643 892 2671 943 6
2710 891 2820 945 τῶν
2866 893 3025 946 θείων
3071 892 3340 964 μελῳδὸς·
3384 892 3628 954 κλῖνον.
3653 894 3814 962 Κύριε,

2275 979 2341 1033 τὸ
2359 974 2470 1046 οὖς
2493 997 2632 1045 σου,
2653 983 2750 1036 καί
2781 983 3128 1038 ἐπάκουσόν
3147 1000 3269 1052 μου
3285 999 3298 1010 ·
3327 983 3442 1046 καὶ,
3490 983 3818 1051 Ἐπίϐλεψοκ

2277 1073 2368 1126 ἐπ’
2395 1073 2520 1143 ἐμὲ,
2552 1073 2648 1126 καί
2667 1073 2926 1141 ἐλέησόν
2939 1091 3037 1142 με,
3063 1075 3215 1145 παρά
3236 1073 3395 1127 τοῦτο
3425 1073 3748 1144 σχηματίσῃς
3772 1075 3816 1126 τὸ

2277 1165 2453 1230 Θεῖον,
2491 1164 2710 1234 μέλεσιν
2743 1165 2876 1218 αὐτὸ
2915 1166 3012 1219 καὶ
3043 1167 3261 1238 ὀργάνῳ
3289 1165 3628 1234 διαγράφων.
3655 1164 3712 1218 Εἰ
3733 1163 3814 1234 γὰρ

2277 1258 2304 1310 ὁ
2329 1255 2527 1325 ἄνεμος
2555 1255 2734 1309 πνέων
2760 1255 2935 1326 πάντη
2965 1257 3218 1325 πάρεστι,
3244 1257 3338 1310 καὶ
3358 1255 3514 1326 ὁάὴρ
3535 1256 3816 1326 ἐμπεριέχει

2275 1347 2344 1399 τά
2377 1349 2690 1416 σύμπαντα,
2730 1347 2881 1417 πόσῳ
2921 1347 3122 1417 μᾶλλον
3155 1352 3184 1400 6
3213 1348 3276 1400 τὸ
3303 1351 3457 1400 πνεῖν
3491 1345 3641 1416 αὑτῷ
3663 1347 3815 1398 ἐπιτά-

2277 1439 2373 1506 ξας
2397 1479 2414 1504 ,
2447 1438 2542 1492 καὶ⁷
2571 1439 2806 1494 πνέοντα
2849 1437 3084 1506 συνάξας
3113 1457 3128 1504 ;
3169 1439 3228 1493 '0
3257 1439 3446 1510 θρόνος
3478 1437 3719 1507 περιέχει
3747 1438 3816 1489 τὸν

2277 1531 2610 1601 καθήμενον,
2644 1531 2706 1582 τὸ
2731 1529 2789 1584 δὲ
2816 1530 2968 1585 Θεῖον
2997 1531 3395 1602 ἀπερίληπτον.
3428 1530 3493 1581 Εἰ
3529 1529 3588 1582 δὲ
3619 1530 3706 1582 καὶ
3740 1528 3816 1598 τὴν

2275 1623 2378 1692 γῆν
2408 1622 2518 1693 ἔχει
2550 1622 2862 1686 ὑποπόδιον,
2904 1621 3022 1684 πῶς
3065 1621 3395 1692 βαδίζοντες,
3423 1621 3457 1692 ἢ
3490 1620 3757 1691 ἀροῦντες,
3789 1621 3814 1688 ῆ

2275 1715 2384 1768 ἀπὸ
2411 1714 2511 1782 τῆς
2541 1713 2683 1783 ἑῴας
2714 1715 2808 1767 ἐπὶ
2840 1714 2940 1786 τὴν
2979 1713 3250 1784 Ἑσπέραν
3275 1713 3510 1776 θέοντες,
3557 1711 3813 1781 βασιλικοῖς

2277 1804 2694 1875 προστάγμασιν
2731 1803 3198 1876 ἱππηλατοῦντες,
3235 1804 3332 1857 καὶ
3372 1801 3742 1864 συνωθοῦντες,
3768 1801 3810 1852 οὗ

2274 1895 2766 1966 προσαραττόμεθα
2792 1895 2956 1948 αὑτοῦ
2987 1897 3100 1959 τοῖς
3124 1895 3282 1948 ποσίν
3307 1911 3323 1961 ;
3357 1894 3481 1957 Πῶς
3503 1893 3566 1946 δὲ
3598 1891 3807 1958 σπιθαμῇ

2271 1987 2361 2039 τὸν
2395 1987 2622 2058 οὐρανὸν
2655 1987 2938 2058 μετρήσας
2962 2027 2979 2050 ,
3009 1987 3105 2040 καὶ
3133 1985 3245 2040 ἄνω
3292 1985 3608 2055 καθήμενος
3633 2023 3650 2046 ,
3682 1981 3812 2034 πάλιν

2272 2079 2351 2140 είς
2382 2078 2608 2148 οὐρανόν
2638 2095 2802 2148 φησιν
2825 2077 3001 2149 αἴρειν
3025 2079 3123 2148 τὴν
3149 2079 3344 2148 χεῖρα;
3371 2075 3497 2140 Πῶς
3524 2075 3587 2128 δὲ
3611 2077 3665 2128 ἐν
3682 2071 3815 2126 τοιού-

2270 2181 2385 2228 τοις
2421 2165 2705 2230 δακτύλοις
2725 2166 2892 2238 χωρὶς
2932 2166 3125 2236 ἀξίνης
3154 2165 3369 2227 πλάκας
3407 2163 3701 2230 ὲλάξευσες
3733 2177 3812 2229 χωο

2279 2259 2361 2330 ρὶς
2393 2259 2660 2329 γραφίδος
2697 2259 2951 2330 ἐτόρευσε
2978 2275 2993 2323 ;
3027 2259 3122 2312 καὶ
3159 2257 3236 2329 τῷ
3262 2256 3534 2326 νομοθέτῃ
3565 2257 3622 2308 ἐν
3659 2254 3811 2312 αὐταῖς

2273 2352 2364 2403 τὸν
2407 2354 2566 2422 νόμον
2609 2352 2827 2424 γράψας
2875 2353 3242 2416 ὲπιδέδωκενς
3303 2348 3644 2418 ’Λνασφήλας
3670 2345 3811 2398 τοίνυν

2273 2442 2375 2497 κᾶν
2411 2445 2529 2513 ὀψὲ,
2558 2443 2822 2514 ὀψθαλμῷ
2848 2445 3086 2506 διανοίας
3112 2442 3268 2513 ἄθρει
3297 2441 3362 2512 δὴ
3387 2442 3638 2511 νοήματα
3671 2437 3812 2506 ὑπάρ-

2271 2547 2386 2599 χειν
2415 2531 2608 2599 ταῦτα,
2641 2532 2673 2602 ἢ
2704 2535 2982 2604 σχήματα,
3008 2532 3102 2586 καὶ
3133 2530 3230 2583 θέα
3258 2547 3350 2601 μοι
3378 2527 3440 2592 ἐξ
3479 2526 3719 2589 εὐτελοῦς
3743 2523 3812 2578 καὶ

2273 2622 2532 2693 βραχείας
2555 2622 2692 2694 πρὸς
2720 2624 2782 2676 τὸ
2811 2623 2964 2677 Θεῖον
2990 2620 3328 2693 παραϐολῆς.

561 2703 714 2771 .psit,
751 2712 803 2756 ct
833 2703 885 2754 in
921 2702 1002 2758 eis
1044 2703 1216 2774 legem
1252 2707 1610 2776 perscriptam
1653 2709 1950 2780 Iegislatori
1993 2713 2259 2766 tradidit?
2305 2714 2536 2768 Mentem
2589 2717 2754 2784 igitur
2794 2716 2876 2770 vel
2918 2729 3045 2772 sero
3085 2715 3302 2770 tandem
3351 2711 3556 2782 recipe,
3591 2719 3644 2766 et
3676 2706 3813 2764 oculis

586 2797 788 2851 tuentis
817 2797 1000 2867 aspice
1032 2797 1136 2852 ista
1179 2801 1536 2870 cogitationes
1570 2813 1781 2860 tantum
1809 2817 1863 2860 et
1894 2809 2099 2878 ﬁguras
2122 2824 2269 2878 esse,
2304 2810 2470 2881 idque
2497 2813 2786 2867 considera
2819 2826 2886 2866 ex
2925 2811 3017 2864 viii
3052 2821 3105 2864 et
3135 2809 3332 2880 exigua
3354 2809 3422 2864 ad
3453 2805 3664 2862 Numen
3695 2818 3812 2859 com-

621 2893 885 2946 aratione.

621 2908 885 2946 aratione.

586 2908 620 2971 Ρ
657 2983 804 3038 Mare
822 2985 1004 3038 omnia
1039 2985 1416 3055 magnitudine
1439 3003 1707 3058 superans
1725 2992 2016 3058 elementa,
2043 2995 2156 3049 vel-

588 3087 649 3136 ut
682 3091 748 3128 ex
769 3075 906 3130 cado
953 3069 1105 3145 gutta
1134 3087 1240 3140 est,
1270 3087 1324 3132 et
1355 3078 1613 3137 universa
1639 3083 1804 3136 veluti
1831 3084 1976 3138 stilla
2006 3098 2157 3153 sunt,

589 3165 636 3219 si
681 3165 748 3218 ad
787 3165 1035 3219 divinum
1079 3166 1211 3222 illud
1259 3169 1482 3238 pelagus
1523 3174 1879 3228 conferantur
1917 3194 1930 3228 :
1973 3193 2164 3246 quem-

588 3256 884 3312 admodum
933 3259 1114 3327 inquit
1158 3257 1432 3328 PrOpheta
1483 3262 1549 3315 ³¹.
1602 3261 1988 3322 Verumtamen
2034 3285 2161 3323 cum

589 3349 822 3418 simplex
863 3349 1128 3419 quiddam
1183 3351 1286 3414 sit,
1333 3354 1594 3424 nullaque
1633 3355 1808 3415 forma
1843 3361 2164 3429 praeditum,

590 3439 793 3493 clamat
821 3441 1029 3509 absque
1059 3457 1178 3505 ore,
1213 3447 1393 3498 currit
1425 3445 1636 3514 absque
1668 3448 1936 3516 pedibus;
1968 3450 2164 3519 insilit,

587 3540 645 3586 et
672 3531 739 3585 ad
771 3532 1145 3588 festinandum
1200 3535 1409 3606 absque
1451 3537 1601 3592 tibiis
1641 3539 1910 3610 insurgit;
1961 3543 2169 3598 detinet

591 3625 1046 3692 navigantesmon
1070 3626 1276 3680 habens
1307 3642 1543 3694 manus;
1569 3629 1621 3682 in
1654 3631 1894 3688 sublime
1921 3634 2166 3688 elevatur

589 3715 800 3784 absque
817 3716 920 3771 alis
945 3733 960 3782 ;
989 3716 1221 3770 suffoeat
1238 3719 1442 3773 multos
1469 3721 1680 3790 absque
1703 3725 1822 3780 vola
1854 3726 1938 3779 vel
1957 3727 2163 3796 digitis,

587 3815 684 3861 aut
707 3808 970 3870 nexibus;
996 3808 1220 3864 insonat
1253 3817 1308 3862 et
1330 3813 1552 3880 exspuit
1603 3813 1766 3868 labiis
1793 3830 2032 3882 carens;
2069 3833 2166 3870 ru-

588 3899 752 3968 pibus
796 3900 972 3954 allidit
1023 3901 1232 3971 absque
1279 3903 1538 3969 brachiis,
1591 3907 1814 3960 elevans
1885 3909 2163 3965 immensa

592 3990 830 4045 ferentes
853 4007 1022 4046 onera
1058 4009 1262 4060 naves;
1304 3997 1514 4067 absque
1540 3999 1800 4054 dentibus
1831 4001 2078 4068 devorat,
2114 4014 2168 4058 et

589 4083 824 4137 vicinam
894 4097 1096 4140 terram
1146 4099 1396 4144 excavat.
1452 4090 1508 4144 Si
1563 4106 1698 4146 vero
1754 4110 1876 4148 cum
1930 4097 2166 4166 simplex

586 4174 844 4249 quiddam
884 4186 1074 4230 natura
1104 4177 1174 4230 sit
1230 4186 1284 4230 et
1318 4177 1549 4242 ﬂuxum,
1605 4181 1708 4236 ista
1741 4181 1920 4238 facere
1974 4187 2116 4240 solet
2146 4204 2161 4240 :

585 4276 800 4334 quanto
857 4267 1031 4337 magis
1065 4280 1328 4336 praestare
1358 4281 1536 4340 potest
1573 4273 1692 4328 lucc
1740 4275 1806 4340 is,
1840 4277 1936 4345 qui
1997 4278 2165 4345 hujus

589 4356 992 4411 intolerabilem
1022 4360 1335 4414 violentiam
1373 4374 1538 4430 atque
1570 4365 1914 4433 tyrannidem
1951 4368 2167 4435 paucis-

589 4446 728 4500 sima
758 4463 924 4502 arena
967 4449 1286 4513 refrenavit,
1323 4461 1378 4505 et
1417 4455 1576 4521 quasi
1607 4455 1790 4514 ferreo
1822 4473 1984 4513 muro
2015 4460 2164 4514 circa

589 4539 768 4607 ipsum
799 4541 982 4608 posuit
1014 4543 1356 4597 terminum?
1388 4543 1491 4598 Per
1545 4545 1745 4611 [luctus
1789 4549 1938 4602 enim
1965 4551 2032 4604 ad
2063 4567 2161 4605 ex-

585 4629 844 4686 teriorem
887 4633 1162 4704 regionem
1197 4635 1460 4704 impetum
1510 4636 1740 4702 faciens,
1776 4651 1945 4695 arena
1998 4642 2161 4710 quasi

584 4723 742 4780 freno
777 4727 1075 4792 inhibetur,
1103 4737 1157 4782 et
1183 4729 1239 4782 in
1268 4745 1522 4798 spumam
1555 4731 1759 4800 impetu
1785 4735 2051 4799 resoluto,
2093 4735 2164 4788 ad

581 4817 825 4886 seipsnm
881 4821 1194 4875 revertitur.
1267 4818 1534 4874 Similiter
1577 4831 1632 4875 et
1689 4823 1918 4890 spiritus
1987 4823 2162 4887 venti,

586 4909 712 4962 lii-et
741 4911 969 4979 simplex
989 4911 1080 4975 sit,
1107 4910 1244 4966 ﬂans
1289 4913 1495 4967 listulat
1521 4911 1730 4981 absque
1793 4914 1980 4978 labiis,
2018 4924 2162 4971 tecta

583 4997 772 5066 dejicit
803 5001 1012 5068 absque
1040 5001 1306 5061 brachiis.
1343 5003 1646 5057 viudemiat
1702 5003 1936 5066 fructus.
1989 5007 2158 5060 arbo-

581 5107 674 5162 rrs
703 5093 1002 5160 quatiendo
1045 5092 1251 5161 absque
1304 5093 1583 5155 manilius,
1621 5094 1921 5162 dejiciens;
1955 5097 2165 5150 excutit

584 5195 639 5233 et
659 5182 948 5237 fervefacit
983 5185 1146 5237 veluti
1183 5187 1377 5238 l'ornax
1406 5187 1690 5256 abyssum,
1719 5198 1774 5240 ct
1803 5204 1924 5256 qua:
1957 5189 2162 5242 suntin

583 5272 761 5326 l'nndn
813 5273 869 5326 in
906 5275 1250 5342 superﬁciem
1301 5276 1632 5344 transponit,
1689 5293 1796 5329 non
1837 5278 2161 5345 ventilabro,

585 5379 695 5417 non
729 5363 949 5418 sarculo
983 5375 1177 5430 utens;
1213 5367 1405 5419 nititur
1437 5382 1500 5418 ex
1531 5365 1786 5428 adverso,
1820 5377 1875 5421 et
1895 5369 2158 5424 resistens

581 5453 797 5518 inhibet
823 5469 854 5508 a
882 5470 1046 5510 cursu
1087 5455 1332 5524 ingentes
1360 5473 1547 5520 naves,
1595 5458 1913 5526 pectoribus
1969 5469 2024 5513 et
2057 5459 2160 5512 hu-

581 5547 752 5602 meris
777 5563 994 5602 carens.
1019 5547 1170 5601 Alias
1193 5562 1374 5604 autem
1399 5551 1608 5606 albatas
1639 5555 1813 5606 instar
1839 5554 2022 5606 ovium
2053 5555 2150 5606 im-

583 5640 736 5708 pellit
767 5639 819 5694 in
837 5639 1025 5708 pelago
1041 5641 1186 5694 velut
1214 5642 1266 5694 in
1285 5651 1441 5710 prato
1471 5642 1551 5696 vel
1582 5658 1798 5712 campo,
1839 5658 1948 5698 non
1974 5645 2158 5700 hasuili

671 5801 717 5832 "
757 5801 911 5856 Deut.
941 5817 1113 5871 xxx”,
1137 5806 1221 5860 40.

581 5886 727 5934 xxiv,
758 5873 850 5938 l9;
881 5889 1078 5939 Lxxxv,
1113 5877 1194 5930 16.

1331 5808 1375 5837 ’δ
1413 5809 1512 5861 lsa.
1573 5825 1716 5872 LXVI,
1759 5813 1800 5865 l.

1277 5877 1315 5908 ³⁸
1351 5876 1453 5932 15a.
1485 5897 1567 5946 .\'l.,
1613 5881 1697 5932 15.

1903 5816 1944 5844 ιτ
1995 5813 2093 5868 lsa.
2129 5830 2215 5880 XL,
2253 5813 2330 5868 19..

2350 2997 2415 3048 Ἦ
2445 2993 2680 3050 Θάλαττα
2711 2993 2928 3064 μεγέθει
2953 2994 3170 3046 πάντων
3198 2991 3550 3062 ὑπερέχουσα
3579 2987 3682 3040 τῶν
3707 3000 3813 3036 στοι-

2269 3087 2466 3158 χείων·
2510 3086 2586 3148 ὡς
2631 3083 2846 3152 σταγὼν
2895 3085 3003 3137 ἀπὸ
3057 3084 3220 3138 κάδον
3242 3123 3258 3147 ,
3309 3083 3404 3136 καὶ⁵
3456 3082 3536 3145 ὡς
3587 3081 3724 3151 ῥανὶς
3763 3073 3814 3126 τὰ

2272 3181 2562 3251 σύμπαντα
2625 3179 2762 3248 πρὸς
2824 3178 2886 3230 τὸ
2931 3177 3087 3240 Θεῖον
3148 3178 3385 3248 ὑπάρχει
3452 3172 3814 3244 συγκρινόμενα

2272 3272 2542 3340 πέλαγος,
2583 3271 2765 3334 καθώς
2799 3287 2962 3340 φησιν
3005 3274 3034 3324 6
3070 3271 3382 3342 προφήτης·
3420 3267 3539 3322 ἀλλ’
3575 3263 3666 3320 οὖν
3697 3265 3812 3333 ὅμως

2270 3363 2416 3432 ἁπλῆ
2443 3379 2528 3426 τις
2560 3363 2885 3432 ὑπάρχουσα
2931 3363 3026 3415 καὶ
3071 3363 3518 3432 ἀσχημάτιστος,
3559 3359 3655 3430 βοᾷ
3683 3354 3814 3426 χωρὶς

2269 3455 2556 3526 στόματος,
2587 3457 2771 3527 τρέχει
2810 3456 2938 3510 ἀνευ
2969 3455 3171 3521 ποδῶν,
3200 3453 3494 3524 ὲφάλλεται
3529 3454 3622 3506 καί
3651 3452 3812 3502 ἐπιτω-

2269 3548 2422 3613 θάζει
2477 3548 2608 3602 ἄνευ
2644 3548 2858 3601 σκελῶν
2903 3547 3210 3602 οἰδαίνουσα
3235 3564 3248 3578 ·
3285 3546 3508 3616 κατέχει
3544 3545 3670 3607 τοὺς
3699 3541 3813 3593 πλω·

2267 3640 2442 3712 τῆρας
2489 3639 2566 3710 μὴ
2603 3639 2914 3711 κεκτημένη
2944 3642 3152 3713 χεῖρας·
3182 3640 3262 3703 εἰς
3291 3638 3424 3708 ὕψος
3459 3634 3811 3710 μετεωρίζεται

2267 3731 2398 3784 ἄνευ
2434 3729 2651 3800 πτερῶν
2671 3747 2684 3760 ·
2713 3729 2896 3797 πνίγει
2927 3728 3158 3794 πολλοὺς
3188 3729 3318 3782 ἄνευ
3352 3728 3577 3798 ταρσῶν
3608 3727 3640 3798 ἥ
3664 3720 3815 3778 δακτύ-

2267 3819 2406 3884 λων,
2451 3818 2485 3888 ἢ
2521 3817 2810 3886 ἀγκαλῶν·
2852 3817 3084 3881 σιαλίζει
3135 3817 3229 3871 καὶ
3275 3815 3591 3880 ἀποπτύει,
3631 3813 3814 3885 χειλέων

2269 3910 2475 3980 ἕρημος
2501 3925 2515 3940 ·
2551 3909 2920 3981 προσ-πράττει
2945 3911 3065 3972 ταῖς
3098 3909 3330 3979 πέτραις
3358 3909 3492 3962 ἄνευ
3533 3906 3812 3978 βραχιόνων.

2267 4003 2572 4073 ὲπαίρουσα
2604 4003 2702 4064 τὰς
2736 4002 3102 4074 μυριοφὸρους
3134 3999 3396 4064 ὁλκάδας·
3428 4001 3606 4070 χωρὶς
3627 3997 3813 4051 ὀδόντων

2269 4093 2515 4146 ύπεσθίει
2563 4093 2662 4145 καὶ
2709 4091 3000 4162 ὑποτρύνει
3037 4092 3138 4160 τὴν
3167 4091 3382 4160 γείτονα
3429 4089 3651 4159 χέρσον.
3682 4088 3738 4139 Εἰ

2270 4182 2415 4253 ἁπλῆ
2463 4181 2561 4252 τὴν
2607 4181 2768 4250 φύσιν
2817 4182 2912 4234 καὶ
2951 4180 3193 4251 ῥοώδης,
3232 4178 3406 4232 ταῦτα
3451 4181 3593 4250 δρᾷν
3641 4175 3812 4235 είωθεν,

2269 4275 2420 4342 πόσῳ
2451 4272 2649 4342 μᾶλλον
2674 4275 2702 4326 6
2723 4272 2924 4343 ταύτης
2949 4272 3046 4343 τὴν
3077 4272 3350 4341 ἀφόρητον
3382 4271 3506 4341 βίαν
3530 4270 3627 4326 καὶ
3657 4283 3817 4339 τυρανο

2268 4364 2386 4417 νίδα
2411 4363 2730 4434 βραχυτάτῳ
2755 4363 2967 4434 ψάμμῳ
2989 4361 3312 4433 χαλινώσας,
3345 4365 3438 4416 καὶ
3457 4363 3627 4416 οἱονεὶ
3653 4361 3816 4428 σιδήρῳ

2267 4455 2438 4526 τείχει
2483 4454 2652 4526 αὑτὴν
2691 4455 3048 4525 περιορίσας;
3098 4455 3430 4524 Ἐφορμῶσα
3463 4455 3580 4526 γὰρ
3621 4454 3705 4508 διὰ
3734 4449 3818 4503 τῶν

2269 4545 2527 4615 κυμάτων
2550 4547 2644 4598 ἐπὶ
2663 4545 2762 4618 τὴν
2783 4545 2888 4609 ἔξω
2906 4546 3111 4617 χώραν,
3127 4547 3294 4600 οἱονεὶ
3321 4546 3529 4617 χαλινῷ
3548 4549 3616 4617 τῇ
3641 4545 3819 4614 ψάμμῳ

2269 4638 2605 4709 κρουομένη,
2656 4638 2737 4700 εἰς
2776 4636 2949 4708 ἀφρὸν
2981 4637 3083 4707 τὴν
3119 4638 3300 4708 ὁρμὴν
3331 4637 3669 4699 διαλύσασα,
3711 4634 3818 4704 πρὸς

2267 4731 2467 4802 ἑαυτὴν
2505 4731 2797 4801 ἐπανῆκεν.
2845 4729 3119 4792 Ὡσαύτως
3145 4731 3240 4784 καὶ
3273 4730 3336 4782 τὸ
3363 4731 3595 4800 ἀνέμιον
3633 4727 3818 4794 πνεῦμα

2265 4823 2472 4876 ἁπλοῦν
2504 4824 2782 4894 ὑπάρχον,
2816 4822 2975 4876 πνέον
3007 4823 3222 4893 συρίζει
3247 4821 3378 4876 ἄνευ
3435 4823 3693 4893 χειλέων,
3719 4819 3818 4890 tipa-

2269 4929 2402 4979 φους
2428 4913 2682 4984 καθαιρεῖ
2707 4913 2836 4966 ἀνευ
2867 4911 3188 4982 βραχιόνων,
3219 4914 3398 4983 τρυγᾷ
3420 4915 3553 4976 τοὺς
3585 4912 3816 4984 καρποὺς.

2268 5007 2554 5058 κατασεῖον
2596 5003 2667 5056 τά
2711 5002 2856 5072 φυτά
2899 5003 3026 5056 ἄνευ
3077 5004 3318 5074 χειρῶν·
3369 5004 3698 5074 ἐκμοχλεύει
3745 5001 3817 5054 καὶ

2262 5096 2588 5164 ἁναὸράττει
2617 5094 2808 5166 ὥσπερ
2835 5094 3089 5164 χαλκεῖον
3125 5095 3224 5164 τὴν
3253 5095 3488 5148 ἄϐυσσον
3515 5113 3531 5128 ·
3569 5098 3664 5150 καὶ
3684 5095 3744 5147 τά
3773 5095 3816 5144 ὲν

2260 5187 2338 5256 τῷ
2382 5187 2618 5256 πυθμένι
2660 5189 2728 5257 τῇ
2761 5189 3055 5258 ἐπιφανείᾳ
3086 5186 3384 5240 διατίθεται
3414 5229 3426 5250 ,
3457 5187 3523 5241 οὐ
3558 5187 3734 5258 πτύῳ,
3769 5184 3815 5236 οὗ

2265 5279 2518 5350 σκαπάνῃ
2541 5277 2844 5348 χρώμενον,
2871 5279 3233 5350 ἀντερίζεται,
3269 5279 3364 5332 καὶ
3388 5279 3700 5333 ἀντιϐαῖνον
3730 5276 3814 5344 εἴρ-

2261 5389 2348 5438 γει
2373 5371 2466 5423 τοῦ
2497 5372 2696 5441 δρόμου
2727 5371 2824 5434 τὰς
2857 5371 3228 5442 μυριοφὸρους
3251 5369 3362 5422 τῶν
3392 5370 3567 5439 νηῶν,
3613 5371 3815 5442 στέρνων

2263 5466 2358 5516 καὶ
2389 5465 2555 5534 ὤμων
2581 5463 2809 5534 ἄμοιρον
2831 5481 2842 5492 ·
2877 5465 3069 5534 ἑτέρας
3097 5464 3152 5516 δὲ
3181 5464 3666 5534 λευχειμονούσας,
3689 5462 3815 5528 δίκην

2263 5555 2550 5626 προϐάτων
2579 5555 2812 5612 ἐλαύνει,
2854 5554 3044 5624 ῶσπερ
3085 5554 3176 5607 ἐπὶ
3211 5554 3440 5624 λειμῶνι
3473 5555 3511 5626 ἦ
3549 5556 3731 5626 πεδίῳ,
3755 5549 3815 5620 τῷ

2263 5646 2508 5714 πελάγει,
2533 5647 2594 5699 οὑ
2623 5647 2977 5719 σειρομάστῃ,
3003 5647 3064 5699 οὐ
3090 5645 3310 5718 βάκτρῳ
3327 5649 3509 5714 παίον,
3535 5646 3816 5719 ὲρυθραίνει

3631 5814 3674 5845 ⁸⁸
3695 5809 3816 5872 (Nai,

2443 5818 2485 5848 ’λ
2518 5815 2669 5870 Deut.
2706 5833 2777 5881 ιιι,
2816 5815 2893 5868 l0.
2992 5817 3034 5848 ἐ’
3072 5813 3211 5868 Psal.
3241 5831 3440 5883 “xxv,
3470 5817 3525 5870 L
