4006 6386
334 559 434 622 τὰς
469 559 589 613 λίαν
622 559 912 631 ὦχριώσας
943 560 1335 637 βροτοπορίας,
1360 566 1538 619 οὐδενὶ
1573 568 1752 639 φυκίῳ
1776 569 1918 623 πάσ-

337 668 430 704 σον
458 650 652 713 αὐτάς.
680 653 745 706 Εἰ
777 648 871 707 οὖν
903 652 1146 707 θάλαττα
1172 657 1267 708 καὶ
1295 656 1497 728 ἄνεμος
1526 658 1635 712 τῶν
1664 660 1762 730 μὲν
1795 679 1917 714 συν-

333 742 539 797 δούλων
579 744 797 799 πάντων
839 746 1059 815 μεγέθει
1087 747 1425 818 ὑπερέχοντα
1446 790 1459 814 ,
1493 750 1757 815 κώνωπος
1802 753 1860 805 δὲ
1888 754 1923 822 ἢ

334 834 580 903 ἐμπίδος,
612 835 646 907 ἢ
674 836 872 891 κόκκου
889 838 1229 911 σινάπεως,ἦ
1252 858 1398 905 τινος
1416 842 1750 913 βραχυτέρου
1772 842 1925 908 τάξιν

335 926 601 995 ἐπέχοντα
632 928 768 999 πρὸς
788 929 848 982 τὸ
870 929 1024 984 Θεῖον
1041 931 1461 1002 συγκρινόμενα,
1492 934 1611 1005 βοᾷ,
1631 935 1921 998 ὼκυποδεί,

336 1015 665 1081 ἐπιτωθάζει
689 1057 705 1081 ,
736 1022 947 1087 κρατεῖ,
1000 1018 1176 1089 εἴργει
1205 1020 1300 1072 τοῦ
1334 1022 1557 1091 πρόσω,
1597 1024 1796 1094 χειρῶν
1828 1025 1935 1078 καὶ

338 1107 634 1177 σχημάτων
647 1108 847 1180 ἔρημα,
869 1110 1408 1181 εὐεργετεῖ,κολάζει,
1430 1113 1727 1178 πλουτίζει,
1748 1117 1925 1168 ποντί-

337 1198 440 1264 Cat,
456 1199 598 1266 ἄγει,
616 1201 840 1268 ἀπάγει,
856 1202 923 1255 σὺ
935 1201 1084 1256 διὰτί
1098 1219 1197 1273 σχη
1208 1203 1453 1274 ματίζεις
1473 1205 1534 1258 τὸ
1550 1200 1784 1269 Θεῖον,ὧ
1805 1205 1923 1270 ἀξι-

336 1288 556 1357 ἐραστε,
582 1293 677 1345 καὶ
705 1292 1069 1365 μελογραφεῖς
1088 1295 1149 1349 τὸ
1164 1294 1371 1348 ἁπλοῦν
1388 1297 1481 1349 καὶ
1497 1297 1810 1361 ἀσύνθετον,
1829 1299 1922 1352 καὶ

335 1382 761 1452 ἀσχημάτιστον,
786 1384 1019 1450 ἀκούων,
1045 1387 1291 1451 κλῖνον,
1312 1389 1508 1456 Κύριε,
1530 1388 1596 1441 τὸ
1625 1384 1735 1454 οὖς
1756 1405 1874 1443 σου
1901 1406 1915 1420 ·

336 1473 431 1525 καὶ
462 1474 644 1537 πάλιν,
676 1477 1045 1546 Ἐπίϐλεψον
1060 1478 1289 1548 ἐπ’ἑμέ·
1321 1481 1414 1533 καὶ
1444 1480 1627 1548 πάλιν,
1666 1480 1922 1544 Ἐξαπό-

335 1567 601 1630 credor,
633 1569 813 1637 Κύριε
833 1608 848 1631 ,
876 1568 992 1636 τὴν
1018 1569 1187 1640 χεῖρά
1214 1586 1333 1624 σου
1360 1570 1429 1634 ἐξ
1450 1572 1670 1639 ὕψους,
1702 1572 1918 1636 ἐξελοῦ

328 1672 427 1723 με,
458 1657 557 1709 καὶ
584 1659 775 1723 ῥῦσαί
799 1678 898 1729 με,
933 1663 1028 1714 κα)⁵
1053 1663 1153 1714 ὅσα
1190 1662 1413 1715 τοιαῦτα
1442 1682 1457 1731 ;
1495 1666 1709 1732 ’Ἄπαγε
1737 1664 1919 1718 τοίνυν

332 1748 391 1812 ἐν
434 1748 579 1820 ψυχῇ
621 1751 653 1821 ἢ
698 1752 909 1822 σώματι
962 1753 1240 1825 ὁρίζεσθαι
1293 1754 1517 1826 βροτοὺς
1561 1756 1685 1809 κατ’
1733 1756 1918 1810 εἰκόνα

330 1839 469 1892 Θεοῦ
507 1843 792 1913 ὑπάρχειν.
832 1845 956 1910 Πῶς
979 1846 1089 1917 γὰρ
1119 1846 1189 1900 τὰ
1214 1846 1518 1917 εὐχείρωτα
1548 1848 1640 1899 καὶ
1672 1847 1917 1901 ἀλλοιού-

334 1955 497 2017 μενα,
527 1940 674 2003 εἰκὸς
707 1940 860 1996 ἔσται
888 1942 966 2012 τῷ
993 1943 1135 2014 Θείῳ
1169 1944 1560 2015 παραϐάλλειν,
1583 1944 1660 2016 τῷ
1689 1944 1780 1999 διὰ
1815 1945 1908 1998 τοῦ

331 2024 612 2099 προφήτου
644 2030 859 2100 βοῶντι,
903 2033 1051 2102 Ἐγώ
1069 2037 1209 2104 ειμι,
1239 2036 1337 2088 καί
1365 2038 1478 2090 οὐκ
1504 2036 1875 2105 ἠλλοίωμαιί

1736 445 2085 505 DIALOGUS
2111 447 2197 504 ιιι.

3470 447 3612 503 illi

2024 574 2108 626 vel
2138 573 2334 627 baculo
2363 571 2598 637 feriens;
2638 568 2909 626 rubefacit
2932 568 3095 625 valde
3128 568 3389 638 pallentia
3418 568 3603 627 homi-

2026 665 2190 719 nibus
2244 664 2683 734 transportandis
2718 673 2909 733 parata
2973 662 3214 731 navigia,
3270 662 3423 716 nullo
3484 663 3604 731 ipsa

2028 757 2156 813 fuco
2175 758 2420 812 varians.
2480 757 2539 811 Si
2578 756 2748 827 igitur
2781 770 2934 811 mare
2957 764 3015 810 et
3046 762 3264 820 ventus,
3320 754 3604 809 conservis

2027 850 2244 920 quidem
2298 849 2557 903 omnibus
2591 848 2963 914 magnitudine
3024 847 3598 915 prastautiamnlicis

2027 952 2209 996 autem
2235 941 2319 995 vel
2347 941 2632 1002 mulionis,
2680 941 2763 995 vel
2794 941 2946 1010 grani
2979 940 3209 1010 sinapis,
3244 949 3338 994 aut
3371 940 3607 1007 alicujus

2023 1033 2102 1085 rei
2131 1031 2358 1086 minoris
2381 1033 2559 1089 locum
2585 1032 2908 1094 obtinentia,
2932 1031 2980 1085 si
3006 1047 3132 1086 cum
3173 1030 3278 1085 Deo
3314 1029 3605 1086 conferan-

2025 1132 2136 1182 tur,
2201 1122 2466 1185 clamant,
2498 1121 2707 1176 velocia
2756 1129 2905 1183 sunt,
2953 1121 3330 1183 insectantur,
3387 1119 3604 1175 fortiter

2023 1214 2277 1275 vincunt,
2313 1228 2669 1283 progressum
2703 1212 3032 1282 impediunt,
3052 1213 3310 1267 manibus
3330 1220 3382 1265 et
3404 1210 3602 1267 formis

2022 1307 2282 1369 carentia,
2321 1304 2693 1369 benefaciunt,
2731 1306 2990 1374 puniunt,
3023 1304 3245 1359 divitias
3282 1303 3597 1370 conferunt,

2022 1396 2383 1466 submergunt
2441 1404 2627 1465 ponto,
2661 1396 2887 1459 ducunt,
2939 1395 3242 1460 abducunt,
3273 1411 3372 1449 cur
3406 1404 3483 1462 tu,
3517 1395 3601 1449 vir

2019 1487 2441 1554 praeclarissime
2495 1502 2561 1541 ac
2603 1486 2762 1540 nobis
2791 1487 2977 1551 chare,
3024 1485 3259 1541 formam
3306 1486 3503 1540 tribuis
3541 1495 3613 1540 et.

2021 1577 2254 1632 ascribis
2286 1576 2535 1630 membra
2566 1574 2788 1630 Nemini
2827 1576 3063 1645 simplici
3104 1587 3157 1630 et
3202 1575 3592 1645 incomposito,

2018 1681 2073 1722 et
2107 1670 2254 1722 nulla
2286 1667 2462 1721 forma
2494 1684 2776 1736 expresso,
2815 1670 2943 1723 dum
2982 1668 3138 1722 audis
3171 1689 3183 1721 :
3214 1667 3457 1730 lnclina,
3492 1666 3600 1718 lio-

2018 1760 2181 1823 mine,
2231 1774 2413 1811 aurem
2456 1771 2625 1820 tuam,
2657 1769 2706 1812 et
2760 1758 2957 1811 exaudi
2988 1774 3067 1811 me
3100 1758 3186 1810 3’?
3219 1756 3384 1811 Item:
3416 1757 3483 1811 Et
3514 1775 3598 1811 re-

2017 1852 2155 1919 spice
2180 1851 2250 1903 ad
2281 1866 2362 1903 me
2391 1850 2455 1913 ³³,
2491 1858 2545 1903 ει
2577 1869 2590 1904 :
2639 1848 2794 1903 Mille
2835 1865 3055 1903 manum
3091 1859 3239 1903 tuam
3266 1866 3330 1902 ea:
3362 1850 3494 1909 alio,
3544 1859 3595 1904 et

2019 1943 2158 2009 eripe
2181 1952 2339 2010 atque
2363 1941 2531 1994 libera
2571 1958 2650 1995 me
2672 1941 2753 2006 ³’⁶;
2787 1951 2841 1996 ει
2866 1956 2989 2010 quae
3015 1952 3147 1996 sunt
3173 1941 3441 2010 ejusmodi
3465 1942 3591 1994 alia.

2020 2031 2260 2087 Proinde
2288 2034 2432 2087 absit
2462 2043 2521 2087 ut
2547 2034 2848 2087 secundum
2875 2034 3114 2087 animam
3152 2042 3247 2087 aut
3284 2049 3483 2103 corpus
3501 2034 3595 2087 de-

330 2125 491 2180 finias
525 2125 781 2182 homines
815 2142 941 2183 esse
975 2127 1148 2185 factos
1179 2130 1247 2185 ad
1281 2131 1576 2201 imaginem
1607 2131 1724 2185 Dei.
1753 2129 2047 2196 Quomodo
2077 2129 2226 2182 enim
2256 2131 2660 2197 comprehensu
2694 2127 2873 2183 facilia
2905 2139 2960 2184 et
2990 2128 3273 2185 mutabilia
3304 2127 3595 2187 conveniet

330 2221 380 2274 ei
422 2220 748 2286 assimilare,
795 2224 889 2293 qui
930 2224 1133 2279 clamat
1166 2240 1261 2293 per
1291 2227 1615 2297 prophetam
1644 2245 1658 2280 :
1693 2226 1807 2295 Ego
1839 2242 1979 2289 sum,
2011 2233 2061 2280 et
2090 2241 2195 2278 non
2225 2234 2404 2278 mutor
2441 2224 2523 2277 3'?

401 2312 539 2365 Οὔτε
573 2314 685 2384 (99)
717 2316 747 2367 ό
773 2315 915 2380 θεῖος
943 2317 1197 2387 ψεύδεται
1227 2319 1386 2388 λόγος
1414 2321 1535 2373 κατ’
1563 2320 1748 2373 εἰκόνα
1774 2318 1910 2371 Θεοῦ

331 2405 502 2471 εἰπὼν
540 2408 867 2480 γεγενῆσθαι
895 2409 985 2463 τὸν
1010 2411 1293 2483 ἄνθρωπον
1314 2426 1328 2440 ⁸
1361 2411 1483 2465 οὔτε
1505 2414 1539 2482 ἡ
1568 2411 1776 2481 ἐλεεινὴ
1810 2409 1911 2478 τῆς

330 2498 678 2579 ἀνθρωπίνης
704 2501 919 2569 φύσεως
946 2501 1293 2571 ταλαιπωρία
1316 2504 1382 2573 τῇ
1419 2502 1781 2572 μακαριότητι
1810 2499 1911 2569 τῆς

328 2588 572 2653 ἀπαθοῦς
623 2590 875 2662 θεότητος
926 2592 1349 2662 καθωμοίωται·
1392 2593 1606 2662 ἀνάγκη
1661 2592 1772 2662 γὰρ
1812 2593 1912 2644 ἐπὶ

329 2683 394 2750 τῇ
427 2680 748 2752 συγκρίσει,
784 2683 816 2753 ἢ
854 2682 1096 2753 παθητὸν
1129 2683 1192 2736 τὺ
1237 2684 1416 2746 Θεῖον,
1459 2683 1490 2753 ἢ
1520 2682 1735 2745 ἀπαθὲς
1769 2680 1911 2734 εἶναι

328 2769 390 2822 τὸ
417 2771 775 2842 ἀνθρώπινον.
817 2772 1162 2837 Ἐξεταστέον
1186 2768 1280 2827 οὖν
1311 2773 1427 2837 πῶς
1452 2775 1636 2843 ὅμοιον
1668 2773 1747 2843 τῷ
1771 2772 1910 2841 Θείῳ

329 2861 644 2933 ὠνόμασται
692 2865 754 2917 τὸ
804 2864 1168 2935 ἀνθρώπινον.
1214 2867 1383 2936 Φησὶν
1435 2869 1468 2936 ἡ
1521 2866 1750 2937 Γραφή*
1797 2865 1906 2918 Καὶ

328 2954 620 3022 ἐποίησεν
654 2960 687 3010 o'
718 2957 862 3023 Θεὸς
881 2958 989 3011 τὸν
1020 2957 1352 3026 ἄνθρωπον,
1376 2961 1501 3012 κατ’
1531 2962 1738 3013 εἰκόνα
1761 2959 1909 3013 Θεοῦ

327 3047 623 3115 ἐποίησεν
650 3051 856 3103 αὐτόν.
889 3050 1059 3103 Πάλιν
1085 3051 1536 3121 ὲπαναλάμϐανεο
1564 3053 1789 3120 Ἀρσεν
1807 3051 1908 3104 καὶ

328 3136 485 3206 θῆλυ
525 3140 816 3206 ἐποίησεν
842 3142 1086 3207 αὐτούς.
1123 3143 1302 3216 Ὅπερ
1337 3141 1433 3195 καὶ
1466 3141 1745 3212 ἀλλότριον
1768 3140 1906 3193 Θεοῦ

327 3229 476 3283 ἐστιν
498 3246 512 3260 ο
542 3230 637 3282 καὶ
659 3230 865 3295 λοιπὸν,
896 3234 929 3303 ἡ
957 3232 1119 3285 εἰκὼν
1146 3233 1249 3286 οὐκ
1283 3234 1396 3303 ἔχει
1418 3233 1478 3285 τὸ
1505 3231 1599 3285 τοῦ
1631 3230 1909 3303 πρωτοτύ-

329 3338 431 3373 που
462 3322 711 3392 ὁμοίωμα
731 3341 742 3355 ·
783 3325 816 3394 ή
843 3323 899 3375 δὲ
935 3323 1088 3388 λύσις
1113 3325 1305 3377 τούτου
1336 3323 1590 3394 τοιαύτη·
1618 3323 1791 3391 Διπλῆ
1823 3322 1907 3385 τίς

328 3414 475 3477 ἐστιν
506 3414 537 3482 ἡ
564 3414 665 3482 τῆς
692 3413 906 3483 φύσεως
934 3414 1094 3485 ἡμῶν
1122 3416 1436 3485 κατασκευὴ
1467 3432 1479 3445 ·
1516 3416 1549 3485 ὴ
1580 3414 1679 3484 μὲν
1707 3414 1903 3485 νοερὰ,

325 3498 448 3568 ἥτις
476 3501 569 3551 καὶ
614 3502 672 3553 ἐν
705 3502 921 3570 μεθέξει
952 3503 1170 3555 πάντων
1203 3503 1312 3556 τῶν
1339 3502 1557 3571 ἀγαθῶν
1583 3499 1737 3565 οὖσα,
1784 3505 1904 3557 κατ’

330 3591 518 3644 εἰκόνα
556 3592 691 3646 Θεοῦ
730 3595 988 3662 γενέσθαι
1035 3596 1286 3665 λέγεται·
1328 3599 1360 3666 ἡ
1414 3597 1473 3650 δὲ
1501 3598 1639 3667 πρὸς
1672 3597 1772 3668 τὴν
1810 3597 1907 3651 τοῦ

328 3684 557 3755 ἄρρενος
582 3685 678 3738 καὶ
711 3684 901 3756 θήλεος
942 3688 1320 3759 μεμερισμὲνη
1357 3688 1637 3757 διαφοράν.
1688 3688 1906 3757 Ἐπειδὴ

324 3776 382 3828 δὲ
412 3777 571 3846 μόνον
598 3777 658 3829 τὸ
684 3777 837 3831 Θεῖον
862 3778 1162 3850 ἄτρεπτον,
1187 3779 1249 3831 τὸ
1284 3780 1342 3832 δὲ
1371 3780 1638 3850 ἡμέτερον
1676 3780 1907 3850 τρεπτὸν

327 3867 413 3936 (ἐκ
441 3866 535 3919 τοῦ
573 3866 647 3938 μὴ
697 3867 847 3931 ὄντος
874 3869 983 3941 γὰρ
1013 3869 1270 3941 ἤρξατο),
1299 3873 1326 3923 ὁ
1359 3871 1466 3942 πρὸ
1506 3873 1607 3940 τῆς
1639 3871 1907 3939 γενέσεως

324 3960 394 4012 τὰ
435 3960 613 4013 πάντα
641 3960 795 4025 εἰδὼς
814 4002 829 4021 ,
862 3964 1129 4033 προγνοὺς
1158 3963 1294 4033 πρὸς
1322 3963 1349 4015 ὅ
1374 3981 1426 4015 τι
1460 3962 1615 4033 ρἑει
1650 3964 1682 4034 ἡ
1714 3963 1905 4031 αὐτεξο

324 4051 506 4114 ούσιος
552 4052 654 4122 τῆς
696 4054 1045 4126 ἀνθρωπίνης
1095 4055 1471 4124 προαιρέσεως
1511 4055 1744 4125 κίνησις,
1788 4055 1909 4107 ἐπι-

327 4146 582 4215 τεχνᾶται
618 4149 683 4217 τῇ
726 4147 893 4200 εἰκόνι
922 4149 1021 4213 τὴν
1051 4148 1193 4201 κατά
1225 4146 1284 4200 τὸ
1317 4147 1485 4218 ἅρῤεν
1512 4147 1607 4200 καὶ
1636 4146 1769 4219 θῆλυ
1798 4147 1908 4201 δια-

325 4236 517 4307 φοράν.
556 4237 737 4290 Εἰπὼν
775 4239 830 4291 δὲ
882 4241 910 4291 ό
955 4238 1112 4306 λόγος
1154 4240 1236 4291 ὅτι
1280 4238 1535 4310 ἐποίησεν
1586 4240 1615 4292 ὁ
1643 4238 1774 4300 Θεὸς
1816 4237 1906 4291 τὸν

325 4327 645 4397 ἄνθρωπον,
681 4328 758 4398 τῷ
791 4329 1062 4400 καθολικῷ
1108 4330 1355 4399 ὀνόματι,
1406 4331 1498 4384 καὶ
1543 4329 1620 4401 τῷ
1670 4331 1906 4402 ἀορίστῳ

323 4423 424 4492 τῆς
465 4425 740 4495 σημασίας
786 4427 932 4479 ἅπαν
972 4427 1376 4499 συμπεριέλαϐε
1416 4428 1476 4480 τὸ
1523 4428 1864 4499 ἀνθρώπινον
1888 4445 1901 4459 ⁸

323 4518 384 4569 ού
410 4516 518 4588 γὰρ
537 4518 928 4589 συνωνομάσθη
948 4518 1027 4588 τῷ
1051 4520 1310 4589 κτίσματι
1338 4520 1431 4572 νῦν
1452 4522 1480 4571 ὁ
1514 4521 1704 4590 Ἀδὰμ,
1723 4519 1907 4582 καθὼς

323 4610 381 4660 ὲν
410 4611 521 4670 τοῖς
570 4609 796 4679 ἐφεξῆς,
829 4608 965 4663 ἀλλὰ
1007 4613 1034 4664 ὁ
1069 4610 1296 4664 καθόλου
1330 4610 1638 4683 ἄνθρωπος.
1669 4613 1758 4665 Διὸ
1785 4612 1907 4666 οὐδὲ

323 4698 382 4750 ἐν
407 4696 482 4768 τῷ
519 4698 688 4769 Ἀδὰμ
708 4699 854 4769 μόνῳ
880 4699 939 4751 τὸ
963 4684 1087 4754 κατ’
1109 4702 1295 4755 εἰκόνα
1315 4702 1448 4755 Θεοῦ
1475 4703 1728 4772 γενέσθαι
1757 4703 1906 4757 ἔστιν

326 4789 488 4852 ἰδεῖν,
529 4790 644 4842 ἀλλ’
680 4792 735 4842 ὲν
765 4791 928 4844 παντὶ
979 4792 1276 4863 ἀνθρώπῳ·
1325 4796 1525 4865 ὁμοίως
1566 4794 1675 4866 γὰρ
1703 4794 1817 4865 ἔχει
1868 4797 1897 4849 ὅ

321 4898 381 4933 τε
410 4882 624 4952 πρῶτος
657 4882 1146 4948 κατασκευασθεὶς,
1176 4885 1270 4938 καὶ
1296 4887 1324 4937 ὁ
1356 4885 1663 4949 τελευταῖος
1686 4887 1901 4940 πάντων

323 4973 704 5045 γενησόμενος.
754 4974 811 5027 '0
840 4976 971 5043 γοῦν
1005 4976 1150 5030 ἆπαν
1200 4977 1260 5029 τὸ
1299 4977 1640 5051 ἀνθρώπινον
1684 4979 1772 5033 διὰ
1801 4980 1902 5049 τῆς

323 5065 741 5135 προγνωστικῆς
775 5068 1115 5138 κατανοήσας
1153 5069 1431 5139 ἐνεργείας
1454 5110 1468 5134 ,
1500 5071 1595 5123 καὶ
1636 5072 1703 5141 τῇ
1749 5072 1903 5139 ἰσαγ-

323 5155 469 5224 γέλῳ
521 5155 672 5226 λήξει
728 5152 1003 5229 τιμήσας,
1046 5159 1234 5230 ἐπειδὴ
1274 5161 1492 5231 προεῖδε
1544 5162 1622 5233 μὴ
1670 5160 1904 5214 εὐθυπο-

325 5248 523 5318 ρούσαν
567 5249 704 5321 πρὸς
751 5251 812 5304 τὸ
860 5250 1022 5303 καλὸν
1080 5252 1178 5321 τὴν
1235 5251 1585 5323 ἀνθρωπίνην
1640 5253 1901 5324 προαίρε-

322 5358 449 5401 σιν,
505 5341 579 5405 ὡς
636 5343 702 5395 ἂν
756 5342 831 5413 μὴ
902 5342 1183 5414 κολοϐωθῇ
1256 5344 1317 5396 τὸ
1376 5344 1485 5396 τῶν
1542 5344 1900 5416 ἀνθρωπίνων

318 5434 506 5503 ψυχῶν
543 5433 744 5505 πλῆθος
766 5477 780 5501 ,
826 5435 1078 5489 ἐκπεσὼν
1134 5437 1347 5490 ἐκείνου
1383 5436 1477 5491 τοῦ
1513 5438 1717 5508 τρόπου
1774 5436 1896 5490 καθ’

316 5526 374 5577 ὃν
424 5527 471 5578 οἰ
523 5525 745 5595 ἄγγελοι
802 5526 939 5596 πρὸς
988 5526 1191 5597 πλῆθος
1233 5527 1568 5599 ηὐξήθησαν,
1618 5529 1717 5599 τὴν
1764 5545 1896 5580 κατ-

322 5617 547 5686 ἀλληλον
595 5619 706 5681 τοῖς
753 5619 832 5681 εἰς
876 5618 1151 5688 ἁμαρτίας
1192 5617 1571 5686 ἐξολισθήσασι
1599 5618 1696 5688 τῆς
1726 5617 1896 5688 αὐξή-

395 5749 440 5780 ³²
469 5748 612 5804 Psal.
648 5764 850 5813 Lxxxv,
891 5748 944 5803 1.
1022 5746 1067 5778 ³³
1097 5746 1243 5802 Psal.
1274 5764 1464 5814 cxun,
1494 5749 1544 5801 '7.

399 5865 508 5930 (99)
538 5865 687 5919 Οὔτε
723 5884 775 5918 κ.
816 5885 866 5919 τ.
894 5871 953 5921 λ.
991 5866 1263 5935 Ῥαψῳδία
1309 5867 1377 5920 ab
1403 5868 1527 5921 aliis
1557 5878 1762 5920 temere
1793 5866 1888 5918 ad-

325 5936 468 6007 jecta
505 5935 568 5989 ad
595 5938 753 5992 linem
785 5938 1070 5992 verborum
1107 5937 1351 5993 (Iazsarii.
1388 5939 1526 5992 Sunt
1558 5946 1736 5992 autem
1770 5938 1882 5992 haec

1622 5749 1668 5779 ³⁸
1695 5748 1829 5803 ibid.
1864 5747 1948 5801 16.

2084 2316 2274 2386 Neque
2312 2332 2443 2372 vero
2476 2316 2693 2371 divinus
2734 2330 2916 2371 sermo
2950 2316 3125 2370 falsus
3151 2324 3255 2380 est,
3290 2316 3477 2371 dicens
3503 2329 3591 2369 se—

2013 2410 2254 2465 cundum
2303 2410 2595 2480 imaginem
2626 2410 2717 2464 Dei
2751 2409 2957 2463 factum
3004 2425 3127 2465 esse
3156 2410 3457 2473 hominem,
3494 2424 3590 2463 ne-

2012 2516 2119 2570 que
2146 2501 2475 2556 miserabilis
2501 2501 2755 2556 humana:
2782 2512 2994 2554 natura:
3024 2499 3319 2555 infelicitas
3341 2500 3589 2555 beatitati

2012 2591 2364 2645 affectionum
2414 2591 2655 2660 expertis
2696 2591 3001 2644 divinitatis
3039 2600 3124 2645 est
3152 2591 3372 2645 similis.
3402 2589 3459 2643 ln
3491 2589 3591 2642 ho-

2012 2699 2132 2738 rum
2156 2699 2392 2751 namque
2407 2684 2699 2738 collatione
2731 2698 3017 2738 necessum
3039 2694 3144 2744 est,
3169 2681 3589 2749 autpassibilem

2012 2791 2132 2829 esse
2160 2775 2494 2830 divinitatem
2517 2816 2530 2837 ,
2557 2784 2653 2828 aut
2678 2774 3080 2828 humanitatem
3104 2771 3593 2842 impassibilemdit

2011 2866 2244 2935 proinde
2277 2865 2694 2934 disquirendum
2727 2873 2833 2927 est,
2854 2864 3135 2933 quomodo
3163 2863 3481 2918 humanitas
3496 2862 3585 2915 di-

2009 2957 2222 3011 vinitati
2255 2957 2451 3012 similis
2474 2957 2621 3010 dicta
2651 2957 2742 3011 sit.
2785 2954 3072 3025 Scriptura
3096 2954 3313 3023 inquit:
3355 2953 3428 3007 Et
3463 2952 3587 3022 fecit

2010 3049 2154 3103 Deus
2192 3049 2475 3111 hominem,
2523 3046 2810 3102 secundum
2838 3047 3120 3116 imaginem
3165 3045 3263 3098 Dei
3290 3044 3411 3112 fecit
3445 3059 3585 3098 eum.

2012 3141 2214 3195 Deinde
2247 3138 2469 3208 subjicit
2495 3156 2508 3191 :
2544 3136 2748 3190 Marem
2772 3145 2822 3190 et
2846 3137 3096 3205 feminam
3120 3134 3243 3203 fecit
3276 3135 3418 3204 ipsos
3438 3132 3504 3186 “.
3531 3131 3588 3186 ld

2009 3234 2155 3304 quod
2189 3249 2217 3286 a
2238 3234 2345 3287 Deo
2362 3232 2602 3286 alienum
2626 3228 2975 3285 est.Proinde
2995 3228 3163 3296 hujus
3186 3237 3435 3298 respectu
3450 3227 3591 3282 ima-

2008 3341 2077 3395 ge
2101 3340 2208 3378 non
2236 3324 2400 3377 habet
2450 3323 2613 3393 primi
2648 3320 2979 3390 exemplaris
3000 3319 3439 3375 similitudinem.
3475 3318 3591 3373 llu-

2003 3418 2096 3488 jus
2122 3425 2302 3470 autem
2334 3415 2537 3469 solutio
2565 3414 2688 3468 talis
2727 3411 2979 3482 quaedam
3011 3420 3098 3467 est
3132 3428 3148 3465 :
3192 3411 3398 3478 Duplex
3431 3426 3587 3481 quae-

2008 3510 2132 3564 dam
2169 3516 2255 3562 est
2285 3515 2496 3560 natura:
2525 3514 2727 3560 nostra:
2753 3512 3032 3558 structura
3063 3523 3076 3557 :
3109 3503 3217 3557 alia
3247 3503 3469 3571 quidem
3502 3502 3589 3556 in-

2012 3601 2305 3664 tellectilis,
2332 3613 2453 3668 quae
2478 3613 2605 3654 cum
2636 3598 2690 3650 in
2721 3596 2966 3650 omnium
2997 3596 3268 3650 honorqu
3294 3594 3588 3664 participa-

2009 3696 2163 3749 tione
2210 3695 2303 3758 sit,
2356 3691 2659 3747 secundum
2711 3690 3007 3758 imaginem
3052 3688 3150 3743 Dei
3212 3688 3412 3742 dicitur
3462 3701 3588 3741 esse

2010 3785 2185 3852 facta;
2229 3786 2335 3839 alia
2367 3793 2545 3837 autem
2574 3783 2629 3836 in
2662 3782 2833 3836 maris
2875 3790 2930 3836 et
2964 3779 3184 3835 femina:
3224 3778 3585 3834 diﬂ’erentiam

2009 3879 2205 3935 divisa.
2238 3874 2689 3944 Quandoquidem
2722 3881 2907 3926 autent
2950 3873 3066 3926 sola
3098 3870 3353 3924 divinitas
3381 3870 3586 3922 immu-

2008 3970 2195 4025 tubilis
2221 3976 2326 4028 est,
2359 3976 2546 4019 nostra
2569 3979 2697 4017 vero
2726 3971 2920 4017 natura
2937 3959 3215 4014 mutabilis
3237 3958 3583 4029 (empitenim

2008 4080 2131 4119 esse
2178 4061 2245 4116 de
2305 4057 2524 4125 nihilo),
2565 4057 2661 4127 qui
2710 4064 2836 4109 ante
2885 4053 3287 4124 generationem
3339 4051 3584 4105 omnium

2008 4154 2270 4225 praescius
2329 4160 2481 4215 erat,
2551 4147 2880 4218 praacognito
2938 4146 3004 4199 ad
3057 4145 3186 4215 quid
3246 4143 3585 4198 declinatum

2008 4256 2156 4303 esset
2187 4245 2406 4315 propria
2437 4250 2704 4313 potestate
2724 4239 2983 4309 praeditus
3014 4239 3265 4291 humana:
3286 4234 3588 4288 voluntatis

2009 4349 2225 4400 motus,
2255 4333 2481 4389 adhibet
2511 4330 2732 4399 epiﬁcio
2769 4327 3025 4397 imaginis
3072 4341 3216 4389 eam,
3256 4339 3378 4394 quae
3406 4332 3490 4378 est
3528 4323 3585 4376 in

2009 4443 2162 4482 mare
2199 4436 2253 4480 et
2284 4424 2504 4489 femina,
2552 4419 2935 4476 differentiam.
2969 4417 3107 4471 Cum
3143 4416 3344 4470 dicitur
3376 4426 3586 4480 autem,

2006 4500 2152 4589 quod
2206 4516 2394 4571 fecerit
2429 4515 2572 4568 Deus
2619 4512 2916 4575 hominem,
2943 4507 3238 4562 universali
3264 4515 3316 4560 et
3345 4507 3585 4560 indeter-

2008 4611 2216 4663 minato
2273 4606 2495 4661 nomine
2566 4600 2982 4673 significationis
3051 4599 3361 4652 universam
3432 4611 3587 4650 com-

2007 4703 2199 4772 plexos
2226 4709 2312 4755 est
2353 4696 2747 4751 humanitatem
2778 4713 2790 4748 :
2822 4709 2928 4748 non
2954 4693 3102 4747 enim
3137 4706 3245 4744 una
3274 4705 3400 4745 cum
3431 4704 3587 4745 crea-

2008 4807 2061 4849 tn
2083 4809 2228 4847 nunc
2250 4790 2453 4845 mentio
2476 4789 2533 4842 fit
2556 4787 2772 4851 Adami,
2797 4784 3256 4855 quemadmodum
3278 4782 3330 4835 in
3355 4796 3587 4851 sequen-

2009 4886 2177 4947 tibus,
2203 4883 2296 4937 sed
2323 4882 2488 4935 homo
2517 4880 2831 4933 nominatur
2858 4878 3127 4930 lmiverse.
3162 4873 3285 4927 Ideo
3312 4888 3485 4943 neque
3529 4874 3583 4925 in

2005 4978 2125 5032 solo
2150 4973 2361 5028 Adamo
2399 4981 2733 5026 structuram
2780 4983 2900 5037 qua:
2948 4965 3246 5021 secundum
3291 4964 3583 5033 imaginem

2007 5068 2101 5121 Dei
2152 5076 2256 5131 est,
2293 5064 2481 5118 videre
2518 5062 2663 5121 licet,
2703 5059 2796 5113 sed
2840 5059 2893 5111 in
2927 5057 3122 5127 quovis
3147 5056 3386 5110 homine.
3418 5052 3583 5109 Simi-

2004 5159 2127 5212 liter
2150 5158 2296 5211 enim
2328 5153 2556 5208 affectus
2584 5159 2668 5206 est
2697 5150 2789 5219 qui
2823 5150 3033 5218 primus
3065 5156 3151 5201 est
3183 5146 3381 5211 factus,
3416 5156 3470 5199 et
3494 5146 3584 5215 qui

2006 5259 2322 5318 postremus
2355 5245 2604 5300 omnium
2638 5243 2858 5297 futurus
2893 5252 2995 5296 est.
3029 5239 3133 5306 Qui
3170 5239 3335 5308 igitur
3364 5253 3583 5292 omnem

2008 5340 2408 5394 humanitatem
2454 5352 2551 5407 per
2592 5341 3126 5405 praecognoscentem
3173 5332 3283 5384 vim
3350 5330 3585 5384 faculta~

2003 5420 2220 5498 temque
2251 5443 2408 5483 suam
2460 5426 2929 5485 consideraverat,
2965 5433 3019 5476 et
3062 5422 3179 5492 pari
3215 5437 3340 5474 cum
3377 5419 3587 5490 angelis

2006 5531 2152 5577 sorte
2202 5522 2592 5581 honoraverat,
2627 5515 3072 5587 quandoquidem
3109 5511 3445 5583 prmvidebat
3473 5525 3583 5565 non

2006 5624 2150 5668 recte
2185 5614 2555 5682 ingressuram
2605 5610 2659 5662 in
2696 5608 2842 5663 bono
2884 5606 3180 5661 humanam
3224 5605 3584 5665 voluntatem,

2027 5748 2071 5778 ³⁵
2105 5746 2335 5801 Malach.
2371 5762 2452 5811 ιιι,
2491 5744 2543 5798 6.
2622 5743 2666 5775 ³⁸
2695 5742 2831 5799 Gen.
2874 5759 2911 5807 ι,
2951 5742 3043 5798 ‘26.

1997 5865 2247 5947 Nysseni.
2311 5867 2383 5921 De
2432 5867 2655 5921 hominis
2699 5875 3002 5928 structura,
3054 5881 3171 5934 cap.
3216 5865 3277 5918 Π
3332 5873 3385 5919 et
3440 5863 3582 5918 alius

1996 5952 2219 6008 passnn.
