4006 6386
462 420 602 478 HIS-

460 553 526 592 ne
547 538 940 597 diminueretut
979 540 1347 597 humanarum
1393 541 1704 598 animarum
1747 543 2039 600 multitudo

461 630 746 687 declinans
793 632 864 688 ab
913 632 1009 687 illo
1053 633 1216 688 modo
1261 648 1372 706 quo
1417 634 1593 704 angeli
1637 643 1929 691 creverunt
1980 636 2037 690 in

462 722 890 788 multitudinem,
937 724 993 778 in
1037 733 1261 796 peccata
1306 725 1576 796 prolapsis
1625 727 2038 782 convenientem

463 822 736 883 praeparat
785 815 1111 872 incrementi
1151 817 1444 885 rationem,
1481 834 1582 888 pro
1622 819 1868 891 angelica
1907 835 2040 875 con-

463 906 794 973 versatione,
812 906 1036 962 brutum
1055 923 1120 962 ac
1135 908 1368 964 rationis
1389 919 1668 981 expertem
1687 913 2038 982 propagatio-

464 995 550 1052 nis
577 997 798 1054 modum
831 999 1086 1056 humanae
1112 1009 1323 1056 naturae
1349 1002 1599 1058 tribuens
1622 1046 1638 1070 ,
1674 1005 2035 1074 quemadmo-

463 1088 592 1143 dum
627 1089 804 1159 inquit
843 1089 1077 1147 Davides
1114 1110 1129 1146 :
1179 1091 1354 1146 Homo
1405 1108 1527 1147 cum
1561 1103 1694 1148 esset
1743 1094 1799 1148 in
1842 1095 2040 1150 honore

462 1195 569 1234 non
601 1179 860 1234 intellexit
888 1181 979 1236 ³⁶’.
1013 1180 1170 1238 Unde
1202 1197 1328 1238 cum
1359 1183 1622 1253 jumentis
1660 1191 1716 1239 et
1747 1185 2038 1254 pecoribus

463 1271 700 1328 minitas
756 1272 848 1328 illa
891 1282 1100 1341 nostra,
1138 1289 1519 1346 saepenumero
1561 1275 1760 1331 melius
1798 1275 2040 1347 contegit

463 1363 758 1429 deteriore,
793 1363 843 1419 si
867 1365 996 1438 quis
1025 1365 1271 1420 animum
1299 1366 1367 1420 ad
1395 1365 1527 1421 vitia
1551 1366 1867 1423 detraxerit.
1899 1365 2038 1423 Nam

464 1453 531 1508 ad
559 1455 918 1510 vitiositatem
948 1455 1217 1512 accedens
1246 1457 1451 1512 mentis
1483 1456 1745 1525 efﬁcacia,
1772 1458 2038 1528 multipli-

464 1563 584 1602 cem
613 1563 798 1603 rerum
829 1548 1196 1604 absurdarum
1223 1547 1656 1619 procreationem
1693 1548 1950 1604 instituit.
1978 1548 2037 1612 Si

466 1651 599 1692 vero
627 1653 660 1692 a
708 1638 920 1694 ratione
965 1638 1103 1693 nihil
1148 1637 1270 1707 opis
1307 1649 1363 1693 et
1401 1639 1589 1693 auxilii
1621 1639 1892 1695 vitiositas
1939 1641 2040 1696 ha-

467 1728 666 1794 buerit,
709 1731 894 1784 statim
939 1729 1280 1786 dissolvitur.
1323 1730 1379 1784 In
1419 1730 1578 1786 beata
1612 1729 1778 1801 igitur
1813 1731 1905 1786 illa
1939 1747 2040 1787 na-

465 1830 588 1874 tura
621 1821 791 1876 maris
818 1831 873 1876 et
913 1820 1130 1877 feminae
1175 1822 1468 1878 discrimen
1503 1822 1714 1876 nullum
1747 1832 1854 1878 est.
1889 1822 2040 1890 Qua-

465 1920 686 1981 propter
711 1928 836 1967 cum
867 1912 1142 1968 hominem
1163 1913 1232 1968 ad
1259 1912 1551 1982 imaginem
1580 1913 1666 1968 sui
1691 1913 2037 1982 concederet,

464 2017 575 2057 non
601 2003 931 2074 augescendi
963 2018 1134 2074 seque
1159 2004 1531 2072 ampliﬁcandi
1563 2005 1674 2061 vim
1703 2005 1911 2060 homini
1943 2006 2042 2060 ad-

465 2095 620 2160 didit,
663 2095 757 2151 sed
786 2111 912 2152 cum
955 2096 1012 2151 in
1047 2112 1254 2152 marem
1285 2077 1351 2153 ac
1383 2096 1644 2152 feminam
1686 2112 1812 2152 eum
1843 2096 2042 2153 distin-

465 2195 673 2255 gueret,
709 2188 888 2258 inquit
925 2206 941 2243 :
982 2188 1216 2244 Crescite
1246 2199 1298 2244 et
1349 2190 1801 2259 multiplicamini,
1847 2200 1898 2244 et
1931 2191 2040 2244 int-

464 2277 601 2346 ps’ete
631 2289 828 2332 terram
852 2279 918 2346 ⁸⁷,
942 2287 998 2334 et
1024 2295 1149 2350 qua:
1171 2290 1495 2350 sequuntur;
1524 2297 1632 2351 qua
1658 2281 1881 2352 quidem
1906 2296 2042 2337 voce

466 2369 621 2438 prius
652 2370 817 2425 etiam
852 2370 920 2426 ad
945 2372 1201 2427 animalia
1234 2371 1399 2426 bruta
1420 2371 1565 2428 Deus
1593 2389 1730 2429 usus
1756 2371 1954 2428 fuerat.
1981 2372 2040 2428 Si

465 2461 612 2515 enim
653 2462 965 2518 istiusmodi
997 2478 1104 2518 vox
1142 2464 1288 2520 dicta
1317 2463 1533 2530 fuisset,
1567 2463 1788 2534 quando
1809 2464 1863 2519 id
1895 2465 2040 2534 quod

465 2553 768 2607 secundum
803 2553 1100 2625 imaginem
1121 2562 1230 2620 est,
1255 2553 1406 2621 fecit,
1444 2569 1552 2609 non
1592 2555 1785 2624 utique
1817 2555 2042 2610 animali

468 2646 819 2713 generatione
835 2647 1288 2716 indiguissemus.
1313 2646 1526 2703 Idcirco
1541 2657 1722 2703 autem
1735 2660 2043 2718 congruens

469 2736 750 2792 hominum
781 2738 1046 2793 creationi
1078 2747 1293 2809 tempus
1327 2739 1658 2806 destinavit,
1687 2747 1750 2794 ut
1777 2753 1885 2794 una
1915 2752 2042 2794 cum

463 2829 775 2884 animarum
839 2831 1237 2901 productione,
1298 2847 1422 2902 qua:
1478 2841 1606 2886 ante
1670 2832 2046 2887 determinatae

465 2927 618 2986 sunt,
648 2921 829 2990 ipsum
858 2922 1250 2991 compleretur,
1290 2930 1516 2994 tumque
1542 2931 1836 2994 utrumque
1861 2938 2046 2980 cessa-

468 3020 571 3076 ret,
599 3017 766 3082 atque
794 3013 870 3068 ita
887 3012 1042 3069 ﬁeret
1066 3013 1233 3085 hujus
1259 3013 1501 3072 universi
1521 3013 1843 3070 reformatio
1863 3028 1928 3070 ac
1951 3029 2047 3085 ge-

469 3103 619 3158 neris
649 3103 874 3158 lmmani
904 3105 1156 3172 mutatio,
1188 3121 1220 3160 a
1245 3113 1462 3161 terreno
1489 3105 1544 3160 in
1572 3106 1628 3161 id
1661 3105 1808 3176 quod
1833 3106 2046 3176 passio-

467 3192 555 3248 nis
588 3209 784 3264 expers
815 3204 920 3257 est.
959 3204 1014 3251 et
1040 3209 1326 3251 aeternum.
1365 3196 1659 3253 Sciendum
1683 3197 1831 3268 quod
1861 3197 2045 3267 imago

467 3285 686 3353 quidem
728 3286 821 3342 Dei
849 3296 934 3342 est
961 3303 1083 3357 quae
1117 3289 1174 3343 in
1221 3297 1336 3344 tota
1370 3289 1716 3345 humanitate
1754 3287 2050 3359 perfectio-

467 3391 591 3436 nem
619 3375 833 3433 habuit.
867 3377 1050 3448 lnquit
1079 3379 1252 3445 enim,
1284 3381 1432 3451 quod
1460 3379 1653 3436 fecerit
1688 3379 1833 3435 Deus
1869 3379 2050 3434 homi-

470 3483 616 3537 nem,
637 3486 744 3526 non
772 3471 1067 3528 Adamum.
1090 3472 1392 3545 Postquam
1421 3485 1602 3529 autem
1626 3473 1924 3531 addidisset
1945 3473 2048 3528 liu-

1547 423 1608 480 S.
1648 423 1952 481 CESARII
1984 421 2312 480 GREGORII
2349 423 2651 480 FRATRIS

3579 418 3701 475 lii-‘5

2148 559 2287 607 σεως
2343 543 2746 609 κατασκευάζει
2795 545 3068 599 ἐπίνοιαν·
3101 541 3226 598 ἀντὶ
3273 541 3372 612 τῆς
3417 537 3699 610 ἁγγελικῆς

2139 632 2417 704 διαγωγῆς
2460 632 2557 705 τὴν
2600 632 2848 706 κτηνώδη
2882 635 2977 688 καὶ
3003 633 3199 701 ἄλογον
3239 631 3340 702 τῆς
3371 629 3430 696 ἐξ
3473 628 3702 699 ἀλλήλων

2138 724 2388 794 διαδοχῆς
2412 725 2619 798 τροπὴν
2645 725 2990 796 ὲμερυτεύσας
3014 727 3082 796 τῇ
3109 722 3511 795 άνθρωπότητι,
3537 720 3611 783 ὡς
3627 720 3701 773 λέο

2139 831 2226 884 γει
2253 815 2434 880 Δασιδ,
2467 817 2560 870 καὶ
2587 819 2925 888 Ἀνθρωπος
2952 817 3022 869 ἐν
3045 813 3182 886 τιμῇ
3207 812 3292 867 ὢν
3318 815 3392 868 οὺ
3419 810 3700 879 συνῆκεν.

2142 907 2306 961 Ὅθεν
2339 910 2373 979 ἡ
2401 909 2538 979 πρὸς
2569 909 2628 963 τὸ
2657 909 2929 979 κτηνόὧες
2973 907 3268 976 συγγένεια
3301 903 3458 976 ἡμῶν
3507 918 3698 971 συγκα-

2138 998 2331 1052 λύπτει
2359 999 2620 1063 πολλάκις
2650 1000 2711 1052 τὸ
2740 1001 2986 1072 κρεῖττον
3013 999 3092 1070 τῷ
3120 997 3322 1068 χείρονι
3341 1037 3356 1063 ,
3388 994 3608 1049 ἐπειδάν
3628 1010 3702 1056 τις
3779 1034 3786 1058 ,

2139 1091 2277 1162 πρὸς
2303 1090 2373 1144 τά
2409 1090 2554 1161 πάθη
2592 1090 2683 1144 τὸν
2729 1088 2851 1144 νοῦν
2886 1087 3218 1161 καθελκύσῃ.
3255 1087 3367 1158 Τὴν
3411 1085 3521 1155 γάρ
3570 1084 3704 1153 παρὰ

2110 1181 2232 1260 ,τοῦ
2261 1182 2378 1246 νοὸς
2401 1181 2718 1255 συνέργειαν
2747 1181 2873 1243 δοὺς
2896 1179 2977 1251 τῷ
3005 1179 3192 1244 πάθει,
3213 1178 3484 1247 πολύχουν
3516 1177 3702 1244 ἀπειρ-

2138 1274 2348 1344 γάσατο
2376 1273 2486 1326 τῶν
2518 1273 2738 1327 ἀτόπων
2775 1271 2876 1343 τὴν
2915 1271 3154 1340 γένεσιν.
3195 1270 3260 1323 Ei
3300 1269 3359 1322 δὲ
3389 1267 3489 1339 τὴν
3531 1267 3596 1319 ὲκ
3619 1264 3702 1317 τοῦ

2138 1363 2400 1434 λογισμοῦ
2430 1363 2751 1434 συμμαχίαν
2776 1363 2878 1432 οὑχ
2911 1359 3020 1426 ἕξει
3045 1359 3106 1413 τὸ
3131 1358 3335 1425 πάθος,
3368 1357 3579 1429 ταχέως
3599 1357 3703 1408 δια-

2139 1457 2348 1512 λύεται.
2405 1457 2486 1528 Τῇ
2519 1456 2703 1528 μέντοι
2734 1455 2982 1527 μακαρίᾳ
3012 1456 3172 1525 φύσει
3208 1457 3243 1526 η
3266 1451 3410 1508 κατὰ
3433 1450 3602 1521 ἄρῤεν
3621 1446 3706 1501 καὶ

2139 1545 2274 1617 θῆλυ
2300 1545 2536 1617 διαφορὰ
2563 1544 2664 1598 οὑκ
2703 1544 2871 1607 ἐστιν,
2893 1544 3018 1597 ὅθεν
3046 1543 3153 1598 οὐδ’
3181 1543 3272 1597 ὅτε
3298 1540 3362 1595 τὸ
3387 1540 3508 1593 κατ’
3538 1537 3706 1590 είκόνα

2139 1636 2383 1705 ἐποίησε,
2429 1637 2553 1690 τότε
2593 1635 2695 1706 τὴν
2739 1634 2835 1688 τοῦ
2865 1633 3192 1701 αὐξάνεσθαι
3223 1633 3319 1686 καὶ
3355 1626 3708 1700 πληθύνεσθαι

2137 1729 2366 1801 δύναμιν
2395 1728 2478 1800 τῷ
2505 1727 2781 1801 ἀνθρώπῳ
2807 1726 3150 1800 προσέθηκεν
3172 1743 3187 1757 °
3211 1725 3328 1781 ἀλλ’
3361 1725 3452 1777 ὅτε
3479 1721 3701 1791 διέκρινε

2143 1825 2210 1894 τῇ
2262 1822 2406 1876 κατὰ
2441 1822 2504 1875 τὸ
2536 1821 2708 1894 άῤῥεν
2740 1821 2838 1874 καὶ
2875 1820 3010 1891 θῆλυ
3056 1819 3326 1890 διαφορᾷ,
3353 1817 3477 1871 τότε
3519 1811 3706 1884 φησὶν,

2142 1915 2491 1980 Αὐξὰνεσθε
2509 1914 2607 1968 καὶ
2637 1914 3049 1982 πληθύνεσθε,
3068 1911 3164 1966 καὶ
3187 1910 3258 1965 τὰ
3280 1909 3425 1981 ἑξῆς·
3459 1908 3708 1978 πρότερον

2147 2009 2241 2062 ἐπὶ
2271 2008 2380 2063 τῶν
2407 2008 2618 2076 ἀλόγων
2646 2005 2799 2080 παρὰ
2821 2006 2918 2060 τοῦ
2949 2003 3088 2058 Θεοῦ
3113 2003 3214 2076 τῆς
3243 1999 3504 2070 τοιαύτης
3535 1996 3708 2066 φωνῆς

2148 2100 2440 2173 ῥηθείσηςο
2480 2103 2531 2155 εί
2578 2098 2689 2171 γὰρ
2738 2101 2773 2170 ἡ
2803 2097 3031 2168 τοιαύτη
3065 2094 3218 2166 φωνὴ
3258 2092 3460 2165 ἐρρέθη
3482 2131 3498 2154 ,
3533 2091 3620 2144 ὅτε
3656 2087 3711 2139 τὸ

2147 2193 2268 2249 κατ’
2291 2194 2476 2248 εἰκόνα
2500 2193 2776 2264 ἐποίησεν,
2799 2191 2902 2245 οὐκ
2925 2189 2992 2245 ἂν
3015 2189 3117 2260 τῆς
3139 2185 3387 2252 ζωώδους
3413 2183 3710 2252 γεννήσεως

2148 2285 2611 2358 προσεδεήθημεν.
2642 2284 2743 2337 Διὰ
2770 2281 2932 2337 τοῦτο
2955 2281 3014 2335 δὲ
3041 2281 3138 2336 καὶ
3157 2279 3249 2334 τὸν
3278 2277 3594 2348 σύμμετρον
3614 2271 3710 2324 τῶν

2147 2377 2454 2450 ἀνθρώπων
2509 2375 2702 2447 χρόνον
2734 2371 3062 2443 κατενόησεν
3108 2372 3176 2441 τῇ
3206 2368 3523 2436 κατασκευῇ
3541 2404 3559 2426 ,
3585 2362 3711 2416 ὥστε

2147 2472 2215 2542 τῇ
2236 2469 2457 2541 παρόδῳ
2471 2467 2581 2521 τῶν
2595 2463 3025 2538 προορισθεισῶν
3043 2462 3231 2533 ψυχῶν
3248 2455 3711 2529 συναπαρτηθῆναι

2148 2559 2312 2614 αὑτόν
2332 2577 2346 2591 ·
2371 2559 2466 2612 καὶ⁵
2486 2557 2608 2612 τότε
2629 2556 2822 2627 στῆναι
2843 2555 3054 2625 άμφότε
3064 2570 3152 2625 ρα,
3189 2551 3286 2606 καὶ
3304 2548 3483 2612 οὕτως
3510 2546 3608 2617 τὴν
3629 2542 3712 2597 τοῦ

2149 2649 2355 2714 παντὸς
2401 2647 2845 2719 άναστοιχείωσιν
2888 2645 3146 2717 γενέσθαι
3169 2685 3188 2711 ,
3220 2643 3318 2697 καὶ
3357 2640 3588 2712 ἄμειψιν
3624 2634 3708 2689 τοῦ

2147 2741 2492 2816 ἀνθρωπίνου
2519 2744 2585 2795 ἐκ
2606 2741 2700 2794 τοῦ
2721 2738 2957 2808 γεώδους
2988 2738 3081 2790 ἐπὶ
3094 2736 3158 2790 τὸ
3181 2733 3392 2798 ἀπαθὲς
3415 2731 3513 2787 καὶ
3538 2731 3713 2786 ἀΐδιον.

2162 2833 2357 2889 ’ἰστέον
2381 2833 2459 2898 δὲ,
2486 2834 2570 2887 ὅτι
2594 2834 2628 2904 ἡ
2659 2831 2758 2903 μὲν
2785 2829 2951 2884 εἰκὼν
2989 2829 3085 2882 τοῦ
3121 2827 3278 2889 Θεοῦ,
3309 2826 3344 2896 ἡ
3389 2826 3449 2879 ὲν
3490 2825 3634 2892 πάσῃ
3654 2822 3712 2888 τῇ

2148 2924 2528 2996 άνθρωπότητι
2563 2924 2626 2977 τὺ
2665 2922 2819 2987 τέλος
2847 2921 3004 2992 ἔσχεν
3023 2937 3038 2952 ο
3067 2915 3191 2974 εἷπε
3219 2916 3329 2988 γάρ
3360 2915 3488 2978 καὶ,
3526 2915 3606 2967 ὅτι
3631 2911 3716 2966 καὶ

2149 3016 2406 3088 ἐποίησεν
2425 3017 2453 3069 6
2480 3013 2614 3078 Θεὸς
2637 3013 2728 3068 τὸν
2749 3011 2848 3068 άνθ
2857 3027 3059 3084 ρωπον,
3089 3008 3210 3080 οὑχὶ¹
3227 3008 3319 3062 τὸν
3359 3005 3553 3076 Ἀδάμ.
3575 3001 3715 3058 Μετὰ

2147 3109 2208 3164 δὲ
2224 3108 2286 3163 τὸ
2299 3109 2599 3178 ἐπαγαγεῖν
2618 3107 2719 3177 τῆς
2742 3105 3088 3176 ἀνθρωπίνης
3113 3103 3328 3174 φύσεως
3350 3101 3420 3154 τὰ
3442 3097 3714 3182 ἰδιώματα.

2149 3199 2321 3270 ἤγουν
2349 3199 2412 3252 τὸ
2441 3198 2611 3270 ἄρσεν
2657 3197 2754 3250 καὶ
2799 3195 2935 3265 θῆλυ
2955 3235 2970 3258 ,
2999 3195 3124 3249 τότε
3173 3191 3533 3262 ἐπωνόμασεν
3573 3186 3718 3242 αὑτὸν

2165 3291 2373 3361 Ἀδάμ,
2422 3290 2544 3360 ἦτοι
2586 3289 2776 3359 γήϊνον
2821 3286 3071 3358 πλάσμα,
3103 3281 3389 3355 Ἐϐραϊστί
3414 3297 3428 3311 ·
3479 3276 3660 3340 καθὼς
3692 3277 3719 3328 6

2153 3381 2367 3447 Παῦλος
2396 3381 2484 3436 διὰ
2512 3381 2611 3454 τῆς
2651 3379 2903 3446 Ἑλλάδος
2943 3377 3128 3451 φωνῆς
3186 3373 3397 3445 χοτκὸν
3421 3371 3590 3428 αὑτὸν
3615 3368 3719 3421 6w-

2158 3470 2343 3543 μάζει.

471 3583 645 3622 mana:
679 3578 886 3624 natura:
914 3571 1292 3641 proprietates,
1336 3570 1588 3627 videlicet
1625 3587 1836 3627 marem
1862 3576 1920 3625 et
1951 3568 2234 3632 feminam,
2273 3576 2403 3623 tunc
2443 3574 2501 3622 et
2547 3579 2746 3621 nomen
2783 3562 2976 3620 Adami
3010 3561 3234 3632 adjecit,
3275 3556 3424 3630 quod
3473 3563 3722 3614 terrestre

469 3658 789 3730 ﬁgmentum
829 3660 1121 3733 signiﬁcat,
1153 3661 1209 3715 in
1242 3662 1426 3733 lingua
1461 3661 1709 3728 Hebraea.
1743 3661 1887 3717 sicut
1923 3658 2126 3716 Paulus
2152 3658 2339 3715 Graeca
2367 3671 2502 3712 voce
2530 3656 2829 3727 pulvereum
2866 3655 3048 3726 ipsum
3075 3653 3322 3709 nominat
3343 3650 3409 3709 ³⁸.

881 3772 1402 3832 INTERROGATIO
1439 3774 1644 3830 CLVII.

542 3888 689 3942 Idem
737 3888 898 3946 nobis
941 3890 1158 3945 videtur
1200 3904 1325 3946 esse
1367 3904 1522 3944 mens
1545 3897 1600 3943 et
1635 3887 1841 3942 anima.
1887 3885 2046 3956 Quod

467 3979 615 4033 enim
643 3989 727 4036 est
750 3982 946 4036 oculus
971 3981 1027 4036 in
1056 3997 1308 4052 corpore,
1331 3981 1384 4036 id
1413 3981 1641 4034 omnino
1667 3995 1822 4034 mens
1848 3979 1902 4033 in
1929 3978 2050 4033 ani-

472 4087 563 4126 ma
599 4073 978 4142 inaspectabili
1011 4082 1116 4137 est,
1147 4083 1200 4128 et
1228 4073 1345 4143 ipsa
1391 4071 1823 4142 inaspectabilis,
1861 4070 2053 4126 invisi-

471 4163 598 4219 bilis
626 4164 918 4221 exsistens.
948 4165 1143 4236 Itaque
1187 4166 1329 4221 scire
1360 4165 1636 4234 cupimus,
1663 4178 1733 4221 an
1781 4177 1938 4218 mens
1979 4162 2053 4218 sit

470 4255 776 4311 secundum
807 4255 1102 4324 imaginem
1132 4255 1248 4311 Dei.

1102 4346 1411 4417 Responsio.

540 4439 620 4496 Ne
653 4455 811 4496 mens
840 4439 1062 4511 quidem
1096 4447 1150 4495 et
1174 4439 1358 4493 anima
1388 4436 1690 4495 secundum
1735 4451 1916 4493 meam
1956 4435 2054 4491 de-

471 4533 918 4589 terminationem
968 4532 1111 4589 idem
1157 4539 1307 4586 sunt.
1357 4527 1520 4596 Quod
1568 4529 1616 4583 si
1663 4527 1838 4598 ipsam
1883 4528 2049 4584 etiam

469 4627 619 4682 aliud
649 4607 907 4696 quiddam
939 4626 1007 4680 ab
1029 4624 1214 4681 anima
1238 4624 1517 4678 diversum
1547 4626 1687 4678 ratio
1709 4620 2054 4676 demonstra-

471 4717 629 4781 verit,
657 4733 833 4788 neque
856 4717 938 4772 sic
967 4716 1073 4772 erit
1108 4716 1291 4786 imago
1322 4713 1443 4782 Dei,
1473 4727 1598 4783 qua:
1623 4711 1967 4782 corruptioni
1997 4719 2053 4766 et

470 4807 821 4864 mutabilitati
861 4807 1073 4870 subest,
1097 4803 1562 4876 quemadmodum
1607 4801 1787 4871 inquit
1825 4801 2045 4857 sublimi

470 4910 652 4956 mente
681 4899 940 4970 praeditus
964 4898 1293 4969 Apostolus:
1321 4894 1563 4951 Cantabo
1587 4895 1800 4965 spiritu,
1825 4899 2050 4948 cantabo

467 5005 516 5050 et
549 5002 716 5047 mente
739 4992 806 5058 ³⁹,
852 4990 1105 5062 spiritum
1145 4989 1387 5044 animam
1418 5001 1543 5042 esse
1573 4985 1861 5048 deﬁniens,
1896 4999 2052 5039 men-

469 5097 576 5142 tem
610 5096 793 5140 autem
823 5083 944 5154 ejus
973 5080 1328 5152 principalem
1363 5089 1418 5134 et
1443 5077 1886 5148 gubernatricem
1915 5076 2048 5143 vim,

467 5176 552 5230 cui
585 5175 848 5230 obediens
876 5181 931 5228 et
961 5174 1106 5228 velut
1129 5170 1240 5241 regi
1281 5169 1338 5224 in
1369 5169 1546 5239 capite
1576 5166 1884 5236 praesidenti
1917 5165 2049 5220 sub-

468 5269 578 5322 limi
628 5267 752 5321 duci
803 5268 1016 5319 interna
1059 5263 1240 5319 cordis
1281 5260 1518 5316 consilia
1548 5258 1820 5322 deferens,
1857 5256 2046 5312 multis

466 5371 630 5430 captu
677 5358 915 5414 diﬂicilis
964 5366 1071 5423 est,
1127 5369 1438 5424 repugnans
1471 5351 1790 5422 cogitationi
1839 5351 2047 5420 cogita-

373 5459 381 5466 '
469 5455 620 5507 tione
667 5451 1114 5520 superveniente,
1161 5455 1217 5501 et
1268 5461 1364 5517 per
1407 5441 1906 5500 considerationem
1949 5438 2049 5493 de-

471 5545 708 5600 mentiae.
761 5543 847 5596 Ea:
897 5541 1052 5595 corde
1112 5539 1253 5593 enim
1308 5537 1648 5608 egrediuntur
1702 5533 2050 5605 cogitationes

472 5640 630 5694 inulte
651 5640 718 5705 ιο,
759 5637 938 5707 inquit
968 5634 1254 5690 Dominus.
1283 5631 1344 5688 Si
1378 5632 1542 5703 igitur
1562 5630 1917 5702 impugnante
1950 5645 2053 5683 nos

474 5731 805 5802 cogitatione
821 5745 887 5786 ex
912 5729 1099 5793 corde,
1123 5726 1546 5798 apposuerimus
1577 5724 2049 5794 supervenientem

548 5899 619 5933 “'
650 5897 795 5956 Psal.
823 5911 1011 5967 smn,
1050 5898 1136 5967 15,
1176 5897 1265 5951 2i.
1345 5896 1386 5929 ³⁷
1423 5896 1557 5951 Gen.
1596 5910 1632 5962 ι,
1671 5893 1759 5948 9.8.
1838 5893 1880 5924 "‘
1928 5891 1947 5946 1
1986 5890 2113 5948 Cor.

2714 3770 2964 3823 ΠΕΥΣῙΣ
2997 3769 3166 3823 ΡΝΖ’.

2223 3888 2433 3942 Ταυτὺν
2482 3887 2614 3958 ἡμῖν
2652 3885 2804 3940 δοκεῖ
2845 3887 2874 3940 6
2901 3883 3029 3949 νοῦς
3061 3884 3158 3940 καὶ
3181 3885 3216 3955 ἠ
3253 3883 3421 3956 ψυχή.
3462 3885 3532 3938 ὀ
3563 3882 3668 3955 γάρ
3697 3883 3723 3935 6

2153 3979 2430 4050 ὀφθαλμὸς
2453 3978 2514 4031 ὲν
2538 3975 2617 4047 τῷ
2648 3975 2863 4048 σώματι
2898 3974 2994 4042 ὢν,
3026 3975 3122 4030 καὶ
3158 3975 3294 4030 αὑτὸ
3328 3974 3490 4029 τοῦτο
3515 3975 3722 4036 πάντως

2147 4071 2273 4135 νοῦς
2304 4071 2364 4123 ἐν
2390 4070 2458 4140 τῇ
2505 4066 2721 4139 ἀοράτῳ
2765 4065 2952 4138 ψυχῇ,
2989 4065 3221 4138 ἀόρατος
3265 4065 3343 4120 ὣν
3385 4065 3482 4120 καὶ
3529 4063 3723 4127 αὑτός·

2146 4163 2271 4218 ἐπεὶ
2293 4161 2663 4236 ὴρωτήσαμεν
2679 4160 2729 4214 εί
2747 4161 2776 4214 6
2800 4157 2928 4224 νοῦς
2950 4158 3187 4231 ὑπάρχει
3212 4160 3334 4214 κατ’
3356 4158 3547 4215 εἰκόνα
3574 4153 3722 4212 Θεοῦ.

2768 4356 3126 4425 Ἀπόκρισις.

2228 4449 2364 4504 esse
2391 4451 2421 4503 6
2448 4447 2574 4513 νοῦς
2610 4449 2707 4502 καὶ
2741 4449 2776 4517 ἠ
2819 4445 2966 4517 ψυχὴ
3005 4443 3149 4499 κατά
3189 4462 3254 4514 γε
3289 4445 3382 4499 τὸν
3425 4443 3565 4514 ἐμὸν
3612 4443 3728 4513 ὅρον

2155 4541 2352 4596 ταυτὸν
2379 4541 2632 4612 ὑπάρχει.
2662 4539 2724 4592 Εἰ
2750 4539 2806 4592 δὲ
2828 4538 2920 4592 καὶ
2940 4537 3126 4609 ἕτερόν
3151 4554 3204 4590 τι
3228 4535 3381 4608 παρά
3403 4535 3507 4607 τὴν
3534 4535 3726 4605 ψυχὴν,

2156 4634 2185 4686 6
2211 4633 2367 4700 λόγος
2397 4631 2560 4685 αὑτὸν
2597 4630 2889 4695 ἀποδείξει,
2915 4629 3024 4683 οὐδ’
3059 4628 3234 4692 οὕτως
3265 4627 3428 4682 είκὼν
3458 4628 3620 4681 ἔσται
3642 4624 3727 4680 τοῦ

2156 4722 2314 4784 Θεοῦ,
2341 4725 2370 4776 6
2393 4722 2568 4793 φθορᾷ
2593 4722 2688 4776 καὶ
2709 4719 2992 4775 ἀλλοιώσει
3020 4718 3412 4791 κρατούμενος,
3429 4719 3622 4782 καθώς
3645 4735 3730 4787 φη·

2158 4831 2241 4867 σιν
2261 4817 2290 4867 6
2313 4813 2516 4884 ὑψηλὸς
2538 4812 2878 4876 Ἀπόστολος’
2911 4811 3094 4866 Ψαλῶ
3110 4809 3191 4877 τῷ
3219 4813 3536 4881 πνεύματι,
3563 4807 3734 4880 ψαλὼ

2155 4905 2254 4958 καὶ
2285 4903 2365 4971 τῷ
2390 4906 2517 4959 νοΐ·
2554 4903 2776 4975 πνεῦμα
2801 4903 2900 4974 τὴν
2925 4901 3106 4972 ψυχὴν
3142 4901 3459 4972 ὁριζόμενος
3478 4939 3496 4963 ,
3525 4901 3656 4954 νοῦν
3679 4899 3732 4951 δὲ

2151 4998 2246 5052 τὸν
2290 4997 2464 5067 αὐτῆς
2492 4997 2737 5068 ἡγεμόνα
2759 5036 2775 5061 ,
2827 4995 2924 5050 καὶ
2953 4994 3225 5066 πρύτανιν
3250 5011 3265 5024 ·
3304 4987 3350 5062 ᾧ
3389 4991 3695 5048 ὑπείκουσα
3715 5031 3732 5053 ,

2153 5089 2249 5144 καὶ
2278 5087 2470 5158 ὥσπερ
2511 5085 2722 5157 βασιλεῖ
2757 5085 2837 5157 τῷ
2868 5085 2928 5138 ὲν
2961 5088 3030 5156 τῇ
3077 5084 3287 5155 κεφαλῇ
3330 5083 3734 5155 προκαθημένῳ

2154 5177 2345 5249 ὑψηλῷ
2368 5177 2600 5249 ἡγεμόνι
2622 5177 2691 5231 τὰ
2711 5176 2975 5248 ὲγκάρδια
3001 5174 3345 5246 βουλεύματα
3363 5175 3734 5246 ἀναφέρουσα.

2151 5269 2459 5333 δυσάλωτος
2513 5273 2626 5332 τοῖς
2677 5268 2894 5332 πολλοῖς
2937 5268 3150 5337 γίνεται
3177 5281 3192 5296 ·
3240 5266 3734 5337 ἀντιστρατεύουσα

2152 5361 2246 5414 τὸν
2277 5359 2628 5430 ἐπιλογισμὸν
2646 5359 2724 5431 τῷ
2737 5358 3002 5430 λογισμῷ,
3019 5357 3113 5411 καὶ
3137 5357 3236 5429 τὴν
3257 5357 3504 5410 ἐπίνοιαν
3520 5359 3592 5428 τῇ
3613 5357 3736 5410 ἁπο-

2154 5451 2294 5521 νοίᾳ.
2325 5451 2421 5505 Ἐκ
2441 5449 2551 5520 γὰρ
2568 5448 2679 5518 τῆς
2700 5447 2950 5517 καρδίας
2984 5445 3333 5515 ἐξέρχονται
3354 5443 3736 5515 «italo-perna!

2156 5539 2431 5607 πονηροί,
2478 5539 2641 5607 φησὶν
2680 5538 2711 5591 6
2754 5537 2980 5609 Κύριος.
3025 5535 3152 5590 Ἐάν
3183 5531 3280 5589 οὖν
3319 5534 3737 5605 πολιορκοῦντος

2158 5633 2306 5703 ἡμᾶς
2333 5630 2428 5684 τοῦ
2458 5633 2523 5684 ἐκ
2543 5631 2642 5703 τῆς
2675 5631 2903 5702 καρδίας
2926 5628 3212 5699 λογισμοῦ,
3240 5627 3630 5700 άντιτάξωμεν
3655 5627 3738 5680 τὸν

2161 5725 2514 5798 ἐπιλογισμὸν
2548 5729 2612 5779 ὲκ
2656 5724 2752 5778 τοῦ
2782 5721 2906 5785 νοῦ,
2954 5721 3119 5775 οἱονεὶ⁵
3161 5719 3226 5773 ἐκ
3265 5718 3540 5790 βασιλέως
3574 5733 3736 5774 κατα·

2157 5904 2245 5957 xv,
2278 5887 2366 5942 48.
2444 5885 2485 5916 ³³
2519 5882 2537 5936 ι
2567 5882 2690 5940 Cor.
2735 5897 2844 5945 xtv,
2885 5879 2966 5934 15.
3045 5878 3089 5909 ³ο
3122 5873 3311 5932 Malm.
3349 5890 3437 5942 xv,
3474 5875 3568 5932 l9.
