4006 6386
295 502 427 559 III'I

289 622 619 695 πεμφθέντα
645 622 831 694 νόμον,
859 622 1053 681 θᾶττον
1082 624 1281 699 ἠρεμεῖ
1310 624 1373 677 τὸ
1406 622 1579 687 πάθος
1605 642 1618 655 ο
1665 625 1759 679 καὶ
1786 623 1885 677 ὲάν

288 718 358 787 τῇ
384 716 620 787 ἀπονοίᾳ
646 717 745 787 τὴν
771 716 1013 770 ἐπίνοιαν
1040 714 1448 788 ἐπεισάγωμεν,
1472 713 1628 782 αὖθις
1652 719 1881 773 κατεάσ-

293 822 447 858 σεται
493 807 529 877 ἡ
560 806 766 876 οῐδησις
793 806 892 875 τῆς
932 804 1271 878 ὑπεροψίας’
1317 806 1412 862 καὶ
1444 808 1473 859 6
1500 804 1748 878 βρασμὸς
1784 807 1879 860 τοῦ
1908 804 1915 811 ’

295 895 474 966 θυμοῦ
511 880 904 960 κατευνάζεται
939 913 1004 948 πε
1016 897 1069 966 ρὶ
1095 897 1158 949 τὸ
1183 896 1444 967 δύστηνον
1481 897 1640 967 σῶμα
1662 897 1881 967 παφλά-

298 988 433 1051 ζων.
493 987 751 1049 Ἀπὸνοια
779 987 889 1060 γάρ
933 989 1173 1042 ἀπουσία
1204 990 1440 1061 ὑπάρχει
1480 990 1574 1047 τοῦ
1621 992 1745 1054 νοῦ,
1783 992 1883 1062 τῆς

297 1078 480 1159 ψυχῆς
520 1079 921 1156 ,ἀπωθουμένης
970 1080 1136 1134 αὑτοῦ
1178 1081 1277 1152 τὴν
1317 1082 1625 1152 καθήγησιν
1670 1084 1728 1136 ὲν
1769 1085 1884 1145 τοῖς

299 1172 622 1240 πρακτέοις,
649 1174 744 1226 καὶ
769 1172 1197 1245 προσχωρούσης
1225 1173 1302 1244 τῷ
1322 1174 1597 1247 ὑποφήτῃ.
1642 1173 1885 1229 Ἐπίνοια

298 1263 357 1315 δὲ
399 1264 635 1335 ὑπάρχει
675 1265 1023 1338 ἐπιφοίτησις
1069 1270 1165 1323 καὶ
1202 1268 1467 1340 ἐπαγωγὴ
1493 1269 1588 1322 τοῦ
1630 1270 1723 1322 νοῦ
1749 1286 1762 1299 ·
1792 1270 1887 1323 καὶ

300 1353 616 1424 νουθέτησις
671 1356 704 1425 ἡ
732 1354 881 1419 θέσις
916 1356 1011 1409 τοῦ
1037 1356 1131 1410 νοῦ
1156 1374 1169 1387 ·
1208 1357 1276 1428 ἢν
1314 1358 1619 1413 ἐντίθενται
1649 1361 1700 1413 οἱ
1750 1360 1886 1414 καθ-

300 1446 504 1519 ηγηταὶ
527 1448 639 1511 τοίς
656 1451 960 1520 φοιτηταῖς,
984 1449 1360 1514 νουθετοῦντες
1385 1450 1602 1516 αὑτούς.

861 1648 1112 1703 [ΙΕΥΣΙΣ
1152 1651 1331 1705 PNH'.

377 1737 443 1790 Τί
472 1730 601 1804 οῦν;
633 1738 683 1791 οἱ
716 1738 884 1809 μηδὲν
918 1739 1206 1808 μαθόντες,
1236 1741 1329 1798 τὸν
1348 1743 1473 1799 νοῦν
1505 1744 1605 1798 οὑκ
1634 1745 1887 1817 ἕχουσιν;

910 1915 1278 1986 Ἀπόκρισις.

376 2021 602 2094 Ἔχουσι
651 2025 784 2095 μὲν,
835 2026 1045 2082 ἐοίκασι
1082 2030 1141 2083 δὲ
1187 2034 1301 2096 τοῖς
1343 2032 1665 2105 ῥυπὼμοσιν
1704 2036 1809 2107 (l),
1846 2037 1881 2108 ἢ

303 2115 641 2184 ρακαμφίοις
663 2154 680 2179 ,
719 2116 907 2187 ἐσθῆτι
941 2119 1043 2189 μὲν
1084 2119 1525 2193 περικειμένοις,
1556 2124 1882 2198 διεῤῥωγότι

299 2205 358 2257 δὲ
401 2205 496 2257 καὶ
545 2205 747 2277 ἀτίμῳ.
789 2207 912 2262 Ὅτι
977 2204 1075 2264 οῦν
1117 2212 1306 2283 ἓτερον
1353 2214 1508 2285 παρά
1554 2214 1655 2286 τὴν
1703 2215 1882 2287 ψυχὴν

301 2296 567 2367 ὑπάρχειν
589 2299 681 2352 τὸν
707 2299 852 2366 νοῦν,
870 2302 1171 2374 ἀξιοπίστῳ
1203 2305 1440 2378 μάρτυρι
1465 2307 1545 2378 τῷ
1574 2309 1883 2380 ’Δποστόλῳ

301 2389 666 2463 χρησάμενος,
694 2394 953 2465 ἀνωτέρω
984 2396 1264 2465 ἀπέδειξα.
1294 2398 1358 2451 Ei
1395 2398 1452 2452 δὲ
1485 2402 1881 2472 ἐναργεστέραν

305 2481 434 2543 ἴσως
464 2481 818 2552 καραδοκεῖτε
841 2484 1139 2554 ἀπόφασιν,
1174 2489 1453 2559 άθρήσατέ
1487 2507 1578 2561 μοι
1602 2492 1728 2555 τοὺς
1760 2509 1883 2563 μαι-

301 2571 558 2641 νομένους
602 2573 698 2626 καὶ
728 2574 1036 2646 ἔκφρονας,
1085 2578 1184 2643 τὰς
1236 2580 1336 2650 μὲν
1381 2580 1561 2652 ψυχὰς
1610 2581 1835 2654 ἔχοντας
1862 2625 1878 2650 ,

301 2664 391 2717 τὸν
438 2664 495 2718 δὲ
541 2664 665 2718 νοῦν
716 2666 791 2737 μὴ
837 2667 1099 2739 ἔχοντας’
1141 2672 1280 2743 ὅπερ
1328 2674 1565 2745 ὑπάρχει
1616 2676 1878 2733 ἀπόνοια·

301 2755 709 2823 ἀποσφαλέντος
746 2759 931 2823 αὐτοῖς
970 2759 1066 2814 τοῦ
1124 2761 1253 2827 νοῦ,
1313 2764 1530 2836 ὀχληρῷ
1576 2784 1685 2820 τινι
1738 2786 1881 2838 παρ-

300 2847 587 2912 ωσθέντος.
620 2851 734 2905 Θέα
782 2868 874 2921 μοι
920 2854 1017 2907 καὶ
1042 2855 1170 2919 τοὺς
1201 2856 1554 2923 ὑποτίτθους,
1600 2860 1883 2932 ἐμψύχους

304 2939 424 3009 μὲν,
460 2939 586 2992 νοῦν
612 2939 671 2993 δὲ
700 2940 775 3012 μὴ
802 2942 1043 3011 ἔχοντας,
1081 2944 1235 2999 οῦπω
1255 2946 1355 3015 τῆς
1383 2949 1667 3013 νουθεσίας
1696 2953 1883 3017 αὑτοῖς

300 3029 451 3099 παρὰ
486 3030 623 3083 Θεοῦ
644 3034 964 3105 γενομένης,
1001 3035 1089 3090 διὰ
1112 3036 1174 3089 τὸ
1195 3038 1383 3103 ἀτελὲς
1413 3040 1508 3094 καὶ
1528 3042 1882 3099 ἀνεπίδεκτον

298 3122 397 3189 τῆς
423 3120 668 3189 φύσεωςο
692 3122 729 3177 ἀ
758 3125 853 3177 καὶ
882 3126 1035 3195 παρά
1056 3127 1156 3199 τὴν
1181 3128 1276 3181 τοῦ
1307 3130 1400 3183 νοῦ
1431 3133 1721 3197 ἀπουσίαν,
1750 3136 1881 3189 πολ-

299 3212 458 3276 λάκις
488 3214 752 3285 φασγάνῳ
781 3219 1191 3288 περιχαίνοντα,
1228 3221 1261 3293 ἢ
1312 3223 1461 3295 ὑάλῳ
1483 3264 1499 3289 ,
1532 3225 1565 3297 ἦ
1593 3244 1739 3291 τινος
1777 3246 1876 3282 κα·

301 3304 397 3357 κοῦ
455 3305 531 3370 ὼς
581 3308 788 3377 ἀγαθοῦ
865 3311 1302 3383 ἀπαρυσάμενα,
1357 3316 1551 3371 θᾶττον
1606 3320 1876 3375 οἴκτιστον

299 3397 681 3466 ἀπηνέγκαντο
708 3401 960 3469 θάνατον,
996 3403 1090 3475 βία
1128 3405 1221 3459 τοῦ
1257 3405 1357 3477 ζῇν
1390 3408 1772 3482 ἀπορραγέντα
1807 3417 1873 3483 τῇ

301 3489 551 3545 ἀπονοία.

861 3667 1112 3721 ΠΕΥΣΙΣ
1138 3669 1315 3726 ΡΝΘ’.

374 3777 583 3830 Οὑκοῦν
606 3818 621 3841 ,
672 3780 722 3833 εί
754 3780 853 3850 τῆς
887 3782 1065 3853 ψυχῆς
1112 3785 1334 3855 ἡγεμὼν
1383 3788 1412 3840 6
1448 3786 1570 3852 νοῦς
1607 3791 1878 3863 ὑπάρχει,

306 3870 398 3923 καὶ
437 3872 502 3941 τῇ
538 3871 638 3940 μὲν
673 3872 945 3945 παρουσία
971 3874 1161 3928 τούτου
1196 3878 1501 3947 σωζόμεθα,
1532 3883 1597 3950 τῇ
1630 3882 1687 3935 δὲ
1710 3884 1881 3935 ἀπου-

305 3962 396 4031 σίᾳ
443 3962 707 4033 μηδαμῶς
736 3980 750 3993 ·
783 3965 1003 4028 πάντως
1042 3968 1175 4037 ἡμῖν
1221 3969 1281 4022 ὲν
1332 3969 1509 4042 τούτῳ
1539 3973 1777 4044 ὑπάρχει
1819 3975 1882 4028 τὸ

305 4056 425 4107 κατ’
458 4055 645 4110 εἰκόνα
669 4055 826 4120 Θεοῦ,
860 4057 935 4121 ὡς
963 4059 1249 4126 σωτήριον.

913 4236 1277 4305 Ἀπόκρισις.

374 4345 435 4397 Ei
474 4344 568 4398 καὶ
606 4345 852 4418 ἡγεμόνα
893 4348 994 4418 τῆς
1026 4349 1207 4423 ψυχῆς
1254 4351 1392 4425 ἔφην
1432 4355 1525 4409 τὸν
1567 4356 1714 4421 νοῦν,
1762 4358 1881 4412 ἀλλ’

303 4436 460 4503 αὖθις
490 4444 643 4512 παρὰ
686 4441 853 4498 τόπον
882 4442 1041 4515 ἔφην,
1090 4445 1214 4517 μηδ’
1257 4448 1424 4503 αὑτὸν
1455 4449 1725 4521 ὑπάρχειν
1759 4454 1881 4506 κατ’

305 4531 486 4585 εἰκόνα
519 4532 675 4586 Θεοῦ.
716 4534 843 4598 Πῶς
888 4535 997 4607 γάρ
1022 4535 1177 4591 ἔσται
1206 4538 1371 4592 εἰκὼν
1398 4539 1495 4594 τοῦ
1541 4542 1822 4615 ἀφθάρτου
1855 4547 1883 4599 6

304 4624 543 4695 φθαρτὸς
595 4628 691 4679 καὶ
736 4629 1101 4698 εὐχείρωτος,
1152 4631 1182 4683 6
1216 4633 1566 4703 αἰχμάλωτος
1597 4638 1692 4692 τοῦ
1730 4639 1881 4707 ισχυ-

307 4715 430 4785 ροῦ,
465 4716 555 4768 καὶ
585 4719 671 4770 ἀεὶ
710 4718 973 4783 ὡσαύτως
1020 4721 1298 4792 άτρέπτου
1350 4725 1636 4795 μένοντος;
1680 4727 1738 4781 '0
1771 4730 1881 4800 γὰρ

302 4810 400 4879 τὴν
440 4809 899 4879 παρωθούμενος,
948 4811 981 4881 ἢ
1015 4812 1112 4866 τοῦ
1156 4814 1468 4885 αἱρεθέντος
1495 4818 1595 4893 τὴν
1632 4820 1883 4884 ἐξουσίαν

302 4901 363 4953 οὑ
410 4900 571 4970 μόνος
604 4899 767 4979 ἔχων,
809 4902 926 4957 ἀλλ’
961 4905 1286 4977 ὑποχωρῶν,
1335 4907 1368 4978 ῆ
1413 4914 1883 4978 συγκαταπίπτων

304 4992 382 5061 τῷ
431 4992 631 5064 χείρονι
658 5033 674 5053 ,
717 4994 819 5046 οὑκ
856 4994 924 5047 ἂν
959 4997 1114 5050 ἔσται
1152 5000 1315 5052 εἰκὼν
1354 5001 1447 5053 τοῦ
1497 5004 1751 5069 ἀκλινοῦς
1788 5009 1885 5063 καὶ

302 5082 627 5153 ἀχειρώτου.
667 5084 890 5149 Τούτοις
917 5086 976 5139 δὲ
1006 5088 1035 5139 6
1072 5088 1198 5151 νοῦς
1227 5092 1286 5143 ὲν
1330 5094 1644 5165 παραδείσῳ
1688 5097 1887 5152 ὑπέκυ-

300 5173 423 5265 ψεν,
448 5263 455 5265 Δ
477 5172 510 5243 ἢ
533 5174 880 5265 ὑπεχώρησε
910 5180 977 5249 τῇ
1011 5180 1288 5265 σμμϐουλῇ
1334 5183 1430 5235 τοῦ
1460 5184 1654 5253 ὄφεως.
1698 5186 1731 5258 ἢ
1776 5190 1887 5243 ἀπ-

301 5262 499 5352 ωσθεὶς
519 5263 629 5317 ἀπὸ
651 5265 752 5334 τῆς
776 5266 977 5337 ψυχῆς,
998 5262 1047 5340 ἦ
1066 5275 1499 5340 συγκαταπεσὼν
1522 5277 1683 5349 αὑτῇ.
1709 5280 1886 5352 Ὅπερ

301 5351 478 5421 δηλῶν
512 5354 541 5405 6
588 5353 884 5425 ὑψηλόνους
925 5358 1244 5427 Ἀπόστολός
1280 5382 1435 5436 φησι·
1475 5368 1770 5438 Φοϐοῦμαι
1803 5351 1885 5440 μὴ

304 5444 492 5498 πάλιν
504 5445 698 5499 ἐλθὼν
720 5448 907 5517 ὀίόφις
932 5451 1220 5523 ἀπατήσῃ
1242 5454 1411 5523 τινὰς
1426 5458 1611 5527 ὑμῶν,
1626 5462 1723 5516 καὶ
1740 5467 1886 5531 φθα-

295 5536 377 5604 ρῇ
414 5538 484 5592 τὰ
510 5539 781 5609 νοήματα
824 5544 1013 5611 ὑμῶν·
1040 5546 1268 5617 ἑτέρωθι
1292 5549 1350 5603 δὲ
1368 5552 1495 5616 τοὺς
1520 5554 1621 5626 ἤδη
1651 5555 1883 5623 ἁλόντας

304 5631 585 5700 κωμῳδῶν
638 5649 803 5703 φησιν
822 5651 835 5663 ·
877 5636 1200 5703 Ἄνθρωποι
1242 5644 1711 5715 κατεφθαρμένοι
1766 5648 1873 5703 τὸν

376 5771 419 5801 “
458 5769 499 5837 Il
524 5771 651 5829 Cor.
689 5788 766 5839 xr,
798 5773 851 5828 5.

374 5911 451 5979 (ι)
519 5911 884 6011 ;Ρυτῗώμοσιν.
946 5914 1043 5975 llic
1101 5917 1385 5990 legendum
1450 5926 1768 5996 ρυπίίμοτιν
1828 5943 1877 5981 Ill

1994 5947 2010 5990 t
2070 5939 2396 6006 Colclerius,
2433 5950 2489 5995 ut
2544 5942 2803 6011 superius

304 5994 414 6049 cxi,
447 5989 557 6035 not.
590 5983 685 6047 ω.

1702 499 2049 559 DIALOGUS
2088 498 2173 557 III.

3438 495 3579 552 1118

1976 622 2367 694 cogitationem
2407 638 2473 677 ex
2508 630 2709 685 mente,
2764 628 3028 690 tanquam
3071 634 3101 673 a
3150 617 3273 688 lege
3315 616 3576 672 emissam

1983 718 2179 786 legem,
2207 714 2370 769 cilius
2397 715 2634 784 quiescit
2661 713 2919 779 allectus;
2949 722 3004 766 et
3030 711 3074 766 si
3114 709 3403 764 dementiae
3438 723 3577 763 eon-

1984 808 2382 863 siderationem
2409 806 2985 876 superinduxcrimns,
3016 803 3162 857 illico
3182 801 3397 856 desinet
3418 799 3576 854 inna-

1984 899 2061 954 tio
2111 899 2474 968 arrogantiaa,
2534 907 2590 952 et
2634 896 3049 953 eﬂ‘ervescentia
3114 895 3209 949 ira:
3258 893 3580 961 εοηεοιιίιιιτ

1984 990 2133 1045 circa
2168 1006 2369 1060 corpus
2392 988 2582 1045 infelix
2610 989 2815 1058 ubique
2860 988 3099 1042 fervens.
3130 984 3412 1040 Dementia
3430 983 3575 1039 enim

1984 1084 2231 1140 absentia
2263 1083 2464 1137 mentis
2493 1091 2599 1147 est,
2630 1082 2815 1137 anima
2850 1080 3154 1151 repellente
3178 1078 3301 1148 ejus
3336 1075 3581 1146 discipliv

1984 1192 2110 1230 nam
2149 1175 2202 1228 in
2236 1175 2400 1230 rebus
2430 1174 2677 1245 agendis,
2725 1182 2781 1228 et
2813 1172 3112 1228 accedente
3144 1170 3213 1225 ad
3257 1169 3427 1224 alium
3461 1182 3580 1221 ma—

1986 1267 2242 1335 gistrum.
2283 1264 2666 1321 Consideratio
2692 1275 2873 1319 autem
2913 1272 2999 1317 est.
3037 1276 3299 1317 accessus
3326 1269 3380 1315 et
3425 1273 3580 1312 man-

1986 1358 2254 1412 suetactio
2296 1357 2519 1423 mentis,
2578 1366 2635 1410 et
2674 1354 2978 1410 admonitio
3018 1363 3105 1409 est
3165 1351 3324 1423 quasi
3380 1349 3583 1405 mentis

1986 1446 2219 1514 positio,
2241 1462 2404 1517 quam
2453 1445 2652 1501 indunt
2707 1451 3073 1515 praeceptores
3107 1440 3413 1512 discipulis.
3445 1440 3577 1495 dum

1985 1537 2137 1608 ipsos
2169 1538 2488 1593 admonent.

2380 1646 2909 1704 INTERROGATIO
2957 1646 3188 1703 CLVIII.

2062 1741 2202 1796 Num
2247 1741 2414 1813 igitur
2458 1742 2555 1813 qui
2598 1741 2742 1796 nihil
2797 1741 3134 1805 didicerunt,
3181 1748 3419 1794 mentem
3468 1751 3578 1791 non

1988 1834 2239 1891 habent?

2632 1923 2952 1995 Responsio.

2056 2036 2271 2092 Habent
2292 2036 2535 2106 quidem,
2583 2036 2682 2092 sed
2721 2035 3077 2104 squaloribus
3120 2042 3218 2089 aut
3256 2032 3582 2087 indumento

1982 2131 2165 2184 lacero
2214 2129 2430 2184 vestitis
2476 2128 2710 2191 similes,
2764 2126 2861 2197 qui
2916 2136 3071 2182 veste
3121 2126 3345 2195 quidem
3392 2122 3582 2179 amicti

1981 2229 2132 2285 sunt,
2194 2218 2288 2274 sed
2340 2228 2602 2289 corrupta
2654 2226 2711 2273 et
2773 2217 3169 2288 ignominiosa.
3218 2216 3394 2271 Porro
3433 2215 3582 2286 quod

1979 2312 2127 2365 aliud
2161 2310 2446 2380 quiddam,
2491 2326 2658 2381 quam
2697 2309 2908 2376 anima,
2952 2309 3025 2363 sit
3056 2324 3236 2373 mens,
3268 2308 3375 2362 lide
3410 2306 3583 2378 digno

1980 2419 2116 2459 usus
2152 2412 2292 2458 teste
2332 2402 2622 2472 Apostolo,
2672 2416 2839 2471 supra
2886 2399 3287 2456 demonstravi.
3325 2397 3483 2464 Quod
3530 2397 3580 2453 si

1978 2496 2365 2553 evidentiorem
2388 2496 2727 2565 exspectatis
2748 2493 3299 2559 demonstrationem,
3320 2491 3580 2548 conside-

1980 2597 2098 2643 rate
2128 2588 2264 2642 mihi
2292 2589 2515 2643 insanos
2549 2596 2606 2650 et
2628 2596 2811 2642 mente
2835 2595 3052 2655 captos,
3085 2585 3177 2653 qui
3210 2584 3425 2639 animas
3457 2582 3583 2653 qni-

1979 2680 2101 2735 dem
2146 2680 2371 2743 habent,
2415 2688 2653 2732 mentem
2684 2693 2793 2731 non
2826 2677 3065 2741 habent;
3099 2675 3152 2729 id
3182 2674 3330 2745 quod
3365 2684 3450 2727 est
3480 2674 3581 2727 de-

1979 2772 2204 2833 mentia,
2241 2771 2463 2840 quando
2505 2770 2559 2823 in
2587 2770 2721 2839 ipsis
2744 2769 3026 2823 aberravit
3054 2782 3234 2832 mens,
3267 2774 3364 2820 aut
3390 2764 3578 2834 aliqua

1979 2863 2391 2933 perturbatione
2435 2877 2674 2915 excussa
2721 2870 2826 2916 est.
2878 2861 3079 2931 Aspice
3127 2861 3260 2916 item
3310 2860 3580 2915 lactentes

1980 2954 2241 3018 infantes,
2269 2955 2545 3009 animatos
2570 2954 2819 3023 quidem,
2843 2954 2939 3009 sed
2965 2962 3204 3009 mentem
3233 2968 3345 3008 non
3372 2953 3578 3008 haben-

1980 3057 2086 3115 tes,
2135 3047 2379 3103 nonduin
2423 3047 2861 3102 admonitionem
2915 3044 3179 3101 divinitus
3225 3053 3580 3109 consecutos.

1978 3151 2201 3214 propter
2244 3138 2745 3211 imperfectionem,
2789 3147 2845 3194 et
2872 3142 3020 3209 quod
3049 3136 3171 3208 ejus
3204 3138 3451 3192 nondum
3495 3144 3582 3192 est

1981 3250 2153 3304 capax
2184 3242 2377 3288 natura
2407 3250 2422 3287 :
2450 3232 2543 3303 qui
2570 3241 2626 3287 et
2654 3239 2879 3301 prapter
2904 3230 3215 3286 absentiam
3247 3229 3450 3285 mentis
3478 3228 3581 3284 ali-

1980 3326 2196 3397 quoties
2237 3326 2417 3396 gladio
2452 3334 2548 3380 aut
2587 3325 2731 3379 vitro
2775 3324 3025 3387 inhiant,
3066 3332 3164 3377 aut
3207 3321 3415 3392 aliquid
3448 3320 3581 3378 mali

1980 3419 2129 3472 velut
2156 3417 2357 3472 bonum
2388 3416 2796 3479 exhaurieutes,
2830 3430 2958 3469 mox
2990 3413 3464 3469 luctuosissimam
3491 3428 3578 3467 re-

1982 3519 2270 3578 portarunt
2290 3517 2545 3573 mortem,
2577 3506 2689 3563 vita
2717 3506 2983 3561 violenter
3009 3505 3192 3560 ablata
3219 3519 3316 3575 per
3346 3505 3578 3560 demen-

1981 3601 2138 3656 tiam.

2401 3686 2928 3745 INTERROGATIO
2960 3686 3124 3743 CLIX

2059 3807 2113 3859 Si
2140 3805 2303 3876 igitur
2326 3805 2525 3860 anima:
2555 3804 2915 3873 gubernatrix
2937 3803 3023 3858 vis
3045 3810 3132 3858 est
3154 3816 3333 3861 mens.
3357 3809 3411 3854 et
3430 3815 3575 3871 pra:-

1984 3900 2160 3952 sentia
2194 3896 2416 3968 quidem
2467 3896 2632 3965 hujus
2670 3911 2982 3959 servantur,
3022 3893 3268 3949 absentia
3301 3907 3431 3946 vero
3480 3906 3578 3946 ne-

1983 4004 2259 4057 quaquam
2290 4007 2304 4042 :
2340 3987 2566 4043 omnino
2606 3987 2767 4042 nobis
2806 3987 2861 4040 in
2896 4002 2959 4041 ea
2992 3995 3076 4041 est
3110 3984 3164 4039 id
3201 3984 3345 4055 quod
3380 3998 3575 4037 secun-

1982 4083 2113 4135 dum
2158 4081 2452 4151 imaginem
2486 4078 2579 4135 Dei
2614 4090 2720 4148 est,
2758 4088 3019 4150 tanquam
3054 4078 3107 4133 in
3142 4093 3209 4133 eo
3235 4075 3383 4148 quod
3423 4075 3574 4131 salu-

1986 4181 2094 4226 tem
2128 4181 2372 4242 priestat.
2630 4230 2633 4235 _

2623 4260 2932 4330 Responsio.

2057 4370 2207 4427 Licet
2236 4373 2432 4428 animas
2471 4372 2907 4443 gubernatricem
2930 4374 3020 4428 vix
3052 4373 3285 4429 dixerim
3310 4383 3573 4440 mentem,

1984 4462 2172 4518 itidem
2207 4474 2390 4518 tamen
2419 4465 2549 4519 alibi
2578 4465 2715 4532 dixi,
2746 4482 2920 4537 neque
2950 4467 3091 4522 hanc
3118 4484 3241 4524 esse
3266 4470 3572 4525 secundum

1987 4557 2285 4625 imaginem
2334 4556 2452 4613 Dei.
2498 4557 2790 4625 Quomodo
2833 4560 2982 4614 enim
3023 4561 3129 4615 erit
3159 4560 3340 4633 imago
3387 4562 3573 4618 incor-

1984 4649 2261 4719 ruptibilis
2284 4665 2348 4703 ea
2376 4666 2501 4719 qua:
2548 4651 2924 4721 corruptibilis
2954 4659 3041 4707 est
3072 4663 3126 4708 et
3149 4664 3325 4724 captu
3353 4653 3572 4721 facilis,

1985 4744 2199 4812 captiva
2246 4743 2481 4806 robusti,
2521 4752 2579 4798 et
2632 4760 2850 4814 semper
2907 4746 3162 4801 similiter
3209 4746 3574 4802 immutabilis

1986 4832 2297 4887 manentis?
2327 4831 2464 4887 Nam
2500 4849 2624 4903 quae
2650 4848 2747 4903 per
2768 4834 2917 4889 aliud
2948 4838 3224 4890 excutitur
3254 4848 3348 4891 aut
3378 4834 3574 4908 degra-

1986 4934 2167 4987 vatur,
2211 4934 2308 4979 aut
2354 4924 2477 4994 ejus
2518 4926 2667 4994 quod
2709 4926 2883 4981 voluit
2930 4936 3249 4995 potestatem
3299 4944 3409 4982 non
3453 4928 3571 4985 sola

1988 5015 2220 5078 habens,
2248 5014 2341 5069 sed
2372 5031 2494 5085 qua),
2521 5015 2783 5083 declinat,
2812 5027 2910 5071 aut
2935 5019 3249 5073 succumbit
3285 5019 3567 5085 deteriori,

1988 5122 2098 5162 non
2138 5107 2245 5163 erit
2299 5108 2481 5179 imago
2513 5109 2637 5177 ejus
2681 5110 2775 5178 qui
2836 5126 2947 5164 non
2984 5110 3219 5165 ﬂectitur
3257 5120 3313 5166 et
3361 5111 3572 5166 incom-

1988 5199 2373 5270 prehensibilis
2395 5214 2498 5256 est.
2534 5201 2656 5255 Istis
2680 5210 2861 5255 autem
2898 5218 3055 5257 mens
3083 5202 3136 5256 in
3163 5203 3420 5273 paradiso
3446 5219 3572 5260 sue-

1987 5290 2200 5353 cubuit,
2238 5301 2336 5347 aut
2359 5303 2481 5362 post
2508 5292 2612 5347 ista
2638 5292 2859 5347 deﬂexit
2888 5294 3127 5350 consilio
3160 5295 3454 5365 serpentis,
3475 5306 3572 5352 aut

1988 5383 2202 5452 repulsa
2235 5385 2306 5439 ab
2330 5384 2539 5452 anima,
2562 5395 2657 5439 aut
2680 5401 2804 5439 cum
2838 5385 2954 5455 ipsa
2984 5388 3302 5444 concidens.
3335 5386 3392 5443 Id
3421 5388 3567 5459 quod

1986 5474 2207 5528 sublimi
2254 5485 2432 5531 mente
2469 5477 2731 5545 praeditus
2777 5479 3074 5548 Apostolus
3120 5479 3441 5551 signiﬁcans
3480 5481 3568 5535 in-

1985 5566 2145 5634 quit:
2179 5565 2360 5620 Metuo
2394 5584 2455 5621 ne
2486 5585 2669 5622 rursus
2696 5571 2901 5623 veniens
2939 5587 3151 5640 serpens
3184 5574 3443 5643 deceperit
3469 5572 3572 5626 ali-

1984 5673 2113 5711 uuos
2152 5669 2399 5722 vestrum,
2440 5670 2490 5713 et
2528 5662 2820 5731 corruperit
2858 5678 3043 5719 sensus
3087 5676 3286 5718 vestros
3319 5664 3386 5720 δι.
3420 5662 3568 5722 Alibi

2850 5944 3134 6001 innuimus
3176 5944 3244 6000 ad
3293 5941 3561 6016 lnterrog.
