4006 6386
428 469 563 524 1H9

424 591 611 633 autem
639 592 734 634 eos
773 577 867 648 qui
892 577 1005 646 jam
1047 576 1191 645 capti
1229 584 1356 630 sunt
1386 576 1739 640 lamentatus,
1770 578 1949 647 inquit
1982 598 1994 631 :

428 671 683 726 "omina
727 671 962 738 corrupti
1012 678 1202 729 mente,
1235 669 1438 735 reprobi
1479 669 1621 721 circa
1657 668 1814 735 ﬁdem
1838 668 1902 718 “.
1934 665 2001 720 Et

425 777 622 817 rursus
653 762 830 829 inquit
876 761 1055 815 idem:
1107 759 1261 813 l’ideo
1306 769 1481 813 autem
1534 759 1697 812 aliam
1752 759 1911 829 bgem
1946 758 2003 811 in

428 855 673 907 membris
702 854 849 918 meis,
889 862 1262 921 repugnantem
1297 852 1400 920 legi
1434 853 1621 905 mentis
1652 868 1798 915 mere,
1837 859 1885 902 et
1913 866 2005 901 ca-

426 946 626 1013 ptivum
650 945 949 999 reddentem
974 960 1054 997 me
1084 944 1186 1013 legi
1215 944 1417 1011 peccati
1444 943 1506 996 ”.
1532 942 1815 1009 Quomodo
1837 940 2004 1009 igitur

425 1035 535 1088 erit
561 1034 741 1098 imago
774 1033 867 1088 Dei
904 1034 1284 1100 immutabilis,
1324 1034 1562 1087 carentis
1593 1034 1742 1086 omni
1786 1032 2002 1087 delectu

426 1132 485 1176 t-t
516 1123 1103 1193 incomprehensibilis,
1132 1140 1255 1193 qua:
1280 1138 1311 1178 e
1338 1123 1553 1178 diverso
1587 1133 1865 1193 superata,
1908 1134 2004 1178 aut

427 1217 744 1281 succubuit,
768 1225 861 1270 aut
892 1231 999 1270 una
1030 1231 1154 1270 cum
1187 1216 1369 1270 anima
1408 1215 1622 1278 cecidit,
1656 1226 1712 1270 et
1738 1215 1791 1271 in
1825 1226 2004 1269 trans-

428 1310 770 1383 gressionem
799 1308 1054 1379 prolapsa
1086 1309 1205 1362 est?

861 1397 1375 1454 INTERROGATIO
1411 1396 1569 1452 CLX.

499 1491 562 1545 In
593 1506 704 1560 quo
739 1492 903 1561 igitur
936 1491 1031 1545 tibi
1074 1491 1287 1544 videtur
1319 1491 1610 1559 imaginem
1642 1486 1737 1543 Dei
1769 1504 1868 1545 nos
1908 1489 2005 1544 ba-

430 1583 580 1650 bere,
614 1597 683 1637 an
719 1583 946 1637 omnino
981 1597 1080 1636 nos
1106 1581 1154 1635 ei
1183 1582 1484 1636 dissimiles
1511 1580 1794 1636 ostendis?

1004 1684 1009 1688 '
1064 1672 1369 1741 Responsio.

506 1760 563 1816 id
590 1762 832 1831 quidem,
863 1763 1006 1832 quod
1040 1763 1325 1816 secundum
1353 1762 1753 1816 similitudinem
1781 1761 2000 1827 dicitur,

431 1855 600 1922 paulo
645 1863 769 1924 post
823 1855 1235 1920 demonstrabo,
1285 1870 1383 1924 pro
1432 1855 1577 1909 virili
1629 1854 1870 1908 divinam
1917 1868 2005 1909 se-

430 1961 610 2013 quens
630 1945 986 2016 Scripturam.
1017 1946 1172 2012 Quod
1204 1959 1383 2001 autem
1416 1947 1701 2001 secundum
1724 1947 2005 2015 imaginem

431 2035 658 2101 dicitur,
698 2035 1161 2104 quemadmodum
1202 2037 1450 2106 praedixi,
1502 2037 1556 2089 in
1599 2038 2007 2091 immortalitate

432 2125 675 2193 positum
694 2134 749 2179 et
770 2124 822 2179 in
853 2126 1227 2182 dominatione
1258 2128 1453 2181 animas
1477 2127 1607 2181 mibi
1642 2129 1871 2192 videtur,
1898 2143 2005 2182 non

432 2216 592 2270 aliter
622 2233 785 2287 quam
825 2228 884 2272 ut
913 2220 1227 2289 przedictum
1270 2230 1373 2274 est.
1406 2220 1577 2274 Aiunt
1600 2219 1746 2273 enim
1789 2218 2009 2273 Litterae

433 2306 668 2362 dirimet
697 2306 764 2360 Et
797 2309 971 2377 factus
1003 2318 1081 2362 est
1115 2309 1269 2362 homo
1294 2311 1348 2362 in
1381 2309 1614 2361 animum
1643 2310 1895 2362 viventem
1927 2309 2006 2361 διε

438 2396 540 2450 hoc
581 2407 687 2459 est,
736 2398 1122 2452 immortalem.
1174 2397 1227 2452 Id
1272 2399 1416 2467 quod
1470 2400 1523 2452 in
1580 2398 2010 2467 praecedentibus

431 2486 637 2541 clarius
672 2487 891 2556 inquit:
928 2488 993 2541 Et
1027 2489 1165 2542 dixit
1211 2487 1353 2540 Dens
1379 2504 1398 2541 :
1428 2487 1715 2541 Faciamus
1750 2488 2011 2541 hominem

437 2578 718 2630 secundum
769 2578 1056 2648 imaginem
1095 2590 1145 2633 et
1204 2580 1603 2633 similitudinem
1652 2588 1909 2644 nostram,
1960 2588 2010 2631 et

432 2668 737 2721 dominetur
764 2669 995 2737 piscibus
1023 2672 1185 2722 maris
1208 2679 1259 2723 et
1286 2670 1584 2723 volucribus
1616 2671 1751 2735 (celi,
1782 2680 1831 2722 et
1856 2686 2010 2738 peco—

436 2760 583 2812 ribus
628 2767 678 2812 et
727 2760 907 2814 bestiis
947 2771 996 2814 et
1037 2760 1312 2830 reptilibus
1355 2773 1508 2815 terra:
1529 2762 1597 2815 ".
1636 2763 1697 2816 In
1746 2779 1812 2816 eo
1848 2763 2014 2830 igitur

437 2851 582 2919 quod
609 2853 962 2906 dominamur
985 2855 1135 2908 omni
1164 2865 1428 2908 creaturae
1446 2869 1568 2923 qua:
1598 2856 1700 2909 sub
1726 2855 1866 2909 caelo
1901 2864 2008 2917 est,

434 2955 491 2998 et
522 2946 575 2999 in
607 2947 1018 3001 immortalitate
1047 2948 1244 3001 animm
1284 2947 1337 2999 id
1366 2947 1512 3015 quod
1543 2948 1844 3002 secundum
1878 2948 2014 3001 ima-

439 3037 618 3106 ginem
659 3036 753 3092 Dei
797 3048 904 3104 est,
955 3039 1241 3095 habemus.
1287 3038 1464 3108 Super
1499 3040 1701 3107 quibus
1735 3039 1880 3093 velut
1918 3038 2015 3092 ob-

439 3138 758 3196 stupescens
802 3131 870 3183 de
903 3128 1162 3184 ineﬂ'abili
1206 3130 1446 3185 bonitate
1495 3128 1589 3183 Dei
1632 3129 1861 3185 Davides
1891 3145 2015 3186 car-

443 3220 650 3274 minum
682 3220 994 3274 divinorum
1036 3230 1227 3276 auctor
1256 3221 1431 3290 inquit
1463 3237 1476 3272 :
1513 3221 1751 3284 Domine,
1786 3221 1911 3291 quid
1940 3231 2015 3275 est

440 3314 616 3377 homo,
643 3312 782 3382 quod
816 3328 1016 3367 memor
1046 3330 1101 3367 es
1133 3313 1271 3381 ejus,
1313 3322 1406 3366 aut
1445 3313 1589 3380 ﬁlius
1622 3314 1847 3367 hominis
1876 3315 2016 3383 quod

442 3402 629 3454 invisis
670 3416 789 3454 eum
814 3400 900 3455 ’⁵⁸2
923 3400 1283 3456 Consentiens
1332 3411 1512 3456 autem
1542 3416 1663 3456 cum
1700 3412 1852 3463 patre
1882 3403 2020 3471 peri-

444 3504 536 3548 tus
567 3493 657 3548 ille
695 3508 879 3549 rerum
914 3494 1223 3549 divinarum
1257 3491 1482 3547 Salonio
1527 3494 1703 3563 inquit
1732 3513 1746 3548 :
1774 3494 2016 3558 Domine,

442 3584 569 3654 quid
605 3593 683 3638 est
711 3585 864 3637 homo
890 3584 1028 3653 quod
1066 3582 1421 3652 magniﬁcasti
1452 3601 1590 3648 eum,
1616 3598 1706 3638 aut
1733 3585 1870 3653 quod
1894 3586 2021 3639 visi-

442 3686 529 3728 tas
569 3685 790 3729 mentem
823 3692 940 3745 qua:
970 3677 1024 3728 in
1053 3676 1164 3745 ipso
1190 3676 1373 3729 est"?
1398 3676 1461 3730 Et
1488 3676 1684 3731 iterum
1716 3678 1889 3746 inquit
1922 3680 2022 3731 Da-

446 3766 593 3819 rides
625 3765 853 3819 :Omnia
896 3764 1169 3834 subjecisti
1201 3764 1415 3833 pedibus
1457 3766 1593 3832 ejus.
1636 3783 1750 3819 oves
1776 3750 1840 3821 et
1871 3766 2019 3819 boves

444 3871 642 3917 omnes,
688 3856 903 3923 insuper
933 3867 982 3908 et
1034 3872 1222 3925 pecora
1266 3857 1459 3924 campi,
1508 3858 1751 3911 volatilia
1793 3858 1930 3922 caeli,
1969 3866 2021 3911 et

442 3948 611 4016 pisces
660 3949 847 4012 maris,
900 3963 993 4017 per
1041 3949 1276 4001 marinas
1320 3950 1533 4002 semitas
1584 3950 1932 4017 ingredientes
1954 3950 2020 4004 “‘.

517 4037 816 4099 Secundum
841 4039 1127 4109 imaginem
1164 4040 1482 4110 intelligitur
1514 4040 1813 4094 secundum
1854 4040 2025 4093 ratio-

445 4147 571 4185 nem
601 4140 658 4185 et
684 4130 1022 4185 intellectum
1054 4141 1107 4185 et
1136 4131 1409 4200 propriam
1452 4140 1795 4199 potestatem,
1830 4146 2025 4185 secun-

445 4224 575 4276 dum
609 4222 663 4276 id
715 4222 861 4292 quod
901 4236 1057 4276 mens
1092 4222 1261 4292 gignit
1303 4237 1634 4283 sermonem,
1674 4230 1728 4273 et
1773 4222 2022 4290 spiritum

444 4313 723 4382 producit,
772 4315 1072 4367 secundum
1105 4311 1423 4365 dominandi
1469 4319 1814 4380 potestatem.
1850 4310 1905 4364 1ιι
1940 4312 2024 4366 his

441 4416 500 4459 et
544 4405 722 4475 angeli
772 4406 1071 4460 secundum
1125 4405 1413 4475 imaginem
1458 4414 1618 4464 sunt;
1655 4404 2022 4457 abundantius

446 4505 628 4551 autem
672 4496 950 4562 homines,
998 4496 1296 4551 secundum
1343 4496 1394 4550 id
1442 4495 1586 4564 quod
1625 4495 1898 4561 ingenitus
1940 4507 2021 4550 est

446 4588 710 4651 Adamus,
761 4589 979 4659 genitus
1025 4587 1245 4652 Scthus,
1298 4587 1599 4657 procedens
1644 4587 1777 4650 Eva,
1827 4605 2022 4644 εεοιιηυ

447 4678 577 4730 dum
628 4676 682 4731 id
733 4676 877 4747 quod
926 4677 1253 4731 naturaliter
1303 4676 1662 4732 dominatur:
1709 4679 2029 4732 naturaliter

444 4768 591 4822 enim
630 4768 863 4839 imperat
890 4769 1107 4838 corpori
1141 4770 1341 4839 anima.
1369 4767 1433 4823 Et
1460 4770 1759 4826 secundum
1792 4771 1845 4825 id
1881 4773 2027 4841 quod

443 4859 729 4930 coniungit
757 4862 1069 4916 universam
1107 4870 1437 4917 creaturam.
1483 4860 1537 4915 1ιι
1582 4861 1692 4916 Deo
1727 4864 1871 4917 enim
1904 4865 2028 4919 uni-

446 4961 537 5006 tur
567 4952 744 5006 omnis
774 4962 1051 5015 creatura,
1095 4962 1148 5006 et
1181 4952 1233 5005 in
1282 4952 1523 5007 homine.
1556 4951 1845 5009 Vinculum
1883 4955 2028 5009 enim

442 5050 531 5097 cst
562 5043 891 5097 intellectilis
916 5052 970 5097 et
1000 5044 1218 5097 sensilis
1250 5053 1534 5097 creaturae.
1567 5042 1629 5095 Et
1658 5044 1800 5110 quod
1832 5060 2027 5097 secun-

444 5135 576 5189 dum
623 5134 916 5205 imaginem
966 5136 1278 5189 nasciturus
1340 5144 1458 5188 erat
1502 5135 1675 5189 Filius
1732 5135 1855 5200 Dei;
1916 5151 2025 5189 non

447 5225 594 5280 enim
627 5224 876 5294 angelus.
913 5224 1004 5277 sed
1040 5225 1205 5277 homo
1234 5224 1410 5277 factus
1446 5234 1549 5277 est.

518 5316 985 5380 Quemadmodum
1017 5332 1107 5370 rex
1140 5315 1339 5384 aliquis
1364 5315 1457 5385 qu'.
1504 5332 1753 5386 magnam
1791 5316 2027 5371 tedilica-

520 5468 561 5498 ”
589 5467 625 5519 ll
657 5466 897 5520 Timollt.
924 5481 1006 5527 ιιι.
1035 5466 1089 5521 8.
1166 5467 1211 5499 “
1232 5467 1385 5522 llom.
1417 5484 1512 5534 vn,
1536 5470 1625 5523 25.
1703 5469 1749 5501 ⁸⁸
1776 5468 1910 5523 Gen.
1934 5487 1991 5533 lt,
2017 5471 2068 5524 7.

449 5536 609 5593 LXX.
686 5537 730 5567 "
767 5535 910 5590 Psal.
945 5553 1062 5602 νιιι,
1096 5537 1148 5603 8,
1174 5538 1227 5591 9.

523 5657 618 5724 (ιο)
660 5654 923 5723 Ἐτέρωθι
1054 5655 1187 5724 περὶ
1223 5654 1341 5722 τὴν
1378 5654 1602 5724 πίστεις.
1655 5651 1817 5706 llunc.
1848 5652 2029 5724 locum

452 5720 638 5778 omisit
680 5720 970 5794 interpres.
1024 5726 1080 5779 In
1125 5720 1293 5779 textui
1333 5734 1515 5778 autem
1566 5723 1838 5786 Paullino,
1894 5720 2027 5775 editi

454 5798 667 5856 vitiose,
697 5794 760 5847 ἂν
799 5796 1004 5864 κατεφθ
1134 5795 1409 5863 ἀδόκιμον.

529 5867 607 5933 (‘2)
638 5865 838 5927 φήσω.
866 5863 954 5917 An
979 5866 1260 5931 legendqu
1295 5864 1506 5933 φῆσανῖ
1535 5863 1693 5915 Emr.

530 5930 608 6006 (5)
648 5934 951 6002 Σολομὼν.
987 5930 1256 5991 Memoria:
1309 5930 1460 6003 lapsu
1509 5933 1783 5987 Salomoni
1846 5930 2037 5985 tribuit

1498 466 1559 521 S.
1594 465 1891 520 CAESAR"
1927 463 2260 520 GREGORII
2299 463 2601 520 FRATRlS

3544 461 3702 515 “20

2103 576 2275 639 γοῦν,
2297 575 2568 645 ἀδόκιμοι
2582 575 2714 645 περὶ
2738 575 2851 642 τὴν
2866 575 3075 627 πίστιν
3095 573 3193 643 (1).
3216 573 3328 626 Καὶ
3345 574 3505 628 πάλιν
3531 578 3565 629 ὁ
3586 577 3697 629 αὖ·

2101 668 2209 730 τός·
2247 666 2383 734 Ὀρῶ
2409 664 2478 719 δὲ
2512 666 2720 733 ἕτερον
2733 667 2922 733 νόμον
2938 664 3008 716 ἐν
3038 662 3163 727 τοῖς
3184 661 3401 731 μέλεσι
3409 682 3549 732 μου,
3574 665 3696 717 ἁν-

2101 758 2639 826 τιστρατευόμενον
2667 754 2748 820 τῷ
2775 757 2933 824 νόμῳ
2949 753 3054 807 τοῦ
3078 754 3219 817 νοός
3227 771 3368 822 μου,
3390 753 3486 807 καὶ
3503 758 3699 824 αἰχμ-

2109 844 2468 905 αλωτίζοντά
2493 862 2571 914 με
2630 844 2712 911 τῷ
2744 846 2907 913 νόμῳ
2937 842 3050 913 τῆς
3077 844 3383 912 ἁμαρτίας.
3418 844 3549 907 Πῶς
3590 841 3697 897 οὖν

2103 938 2253 991 ἔσται
2283 936 2448 991 εἰκὼν
2499 935 2637 990 Θεοῦ
2669 935 2764 989 τοῦ
2803 935 3075 1006 ἀτρέπτου
3119 935 3215 987 καὶ
3249 935 3532 1006 ἀλωϐἡτου
3588 938 3701 988 καὶ

2101 1026 2422 1099 ἀχειρὼτου,
2456 1029 2485 1081 ὁ
2512 1027 2574 1081 τὸ
2605 1026 2847 1080 ἐναντίον
2893 1025 3149 1097 ἡττηθεὶς
3172 1065 3187 1089 ,
3227 1026 3261 1096 ἢ
3292 1026 3699 1097 ὑποχωρήσας,

2102 1120 2136 1189 ἢ
2170 1118 2599 1188 συγκαταπεσὼν
2623 1122 2690 1191 τῇ
2716 1119 2883 1190 ψυχῇ,
2914 1120 3009 1172 καὶ
3039 1120 3120 1180 εἰς
3147 1117 3461 1190 παράϐασιν
3493 1118 3691 1184 ἐξολι-

2105 1210 2351 1282 σθήσαςς

2692 1379 2941 1433 ΠΕΥΣΙΣ
2973 1375 3093 1431 ΡΞ’.

2185 1473 2273 1525 Ἐν
2302 1471 2408 1525 τίνι
2441 1465 2536 1524 οὖν
2573 1466 2657 1523 σοι
2695 1470 2841 1523 δοκεί
2884 1468 2946 1522 τὸ
2969 1469 3092 1522 κατ’
3130 1468 3315 1522 εἰκόνα
3348 1465 3489 1520 Θεοῦ
3536 1467 3704 1536 ἔχειν

2104 1565 2273 1635 ἡμᾶς.
2301 1564 2350 1616 εἰ
2376 1561 2513 1625 ὅλως
2536 1560 2752 1630 ὲκείνης
2790 1561 2939 1629 ἡμᾶς
2971 1560 3258 1630 ἀνομοίους
3285 1558 3658 1622 ἐπιδεικνύεις
3682 1577 3701 1626 ;

2675 1652 3019 1719 Ἀπόκρισις

2175 1746 2248 1799 Τὸ
2280 1745 2380 1816 μὲν
2412 1744 2540 1800 καθ’
2571 1744 2859 1813 ὁμοίωσιν
2894 1741 3090 1812 μικρὸν
3140 1740 3366 1809 ὕστερον
3392 1739 3704 1800 ἀποδώσω,

2104 1833 2246 1888 κατὰ
2284 1832 2511 1904 δύναμιν
2556 1830 2636 1902 τῷ
2681 1830 2812 1901 θείῳ
2858 1830 3125 1900 ἑπόμενος
3167 1830 3474 1899 γράμματι.
3508 1830 3590 1881 Τὸ
3643 1829 3709 1883 δὲ

2105 1926 2232 1979 κατ’
2268 1927 2491 1988 εἰκόνα,
2516 1923 2592 1987 ὡς
2617 1922 2887 1994 προὲφην,
2910 1923 2968 1975 ὲν
2993 1921 3075 1991 τῷ
3105 1922 3323 1992 ἀθνήτῳ
3346 1920 3437 1973 καὶ
3471 1920 3706 1991 ἀρχικῷ

2104 2018 2201 2087 τῆς
2228 2014 2407 2086 ψυχῆς
2443 2031 2535 2085 μοι
2569 2014 2738 2075 δοκεῖ,
2772 2013 2870 2082 οὐχ
2911 2012 3113 2083 ἑτέρως
3147 2011 3206 2066 δὲ
3232 2011 3267 2080 ἢ
3307 2010 3383 2076 ὡς
3424 2011 3706 2081 προείρη-

2104 2125 2228 2165 ταιο
2256 2109 2390 2179 φησι
2428 2106 2540 2178 γὰρ
2580 2107 2643 2161 τὸ
2672 2106 2815 2160 θεῖον
2849 2105 3122 2176 Γράμμαο
3164 2102 3278 2157 Καὶ
3310 2103 3550 2172 ἐγένετο
3584 2102 3705 2155 ἆν-

2108 2206 2338 2269 θρωπος
2361 2202 2448 2266 εἰς
2483 2198 2697 2269 ψυχὴν
2728 2196 2947 2258 ζῶσαν.
2987 2196 3111 2251 ἀντὶ
3147 2194 3243 2249 τοῦ
3286 2193 3585 2248 ἀθανάτου.
3623 2195 3707 2246 Τὸ

2109 2292 2215 2363 πρὸ
2250 2291 2439 2347 τούτου
2475 2290 2675 2361 μᾶλλον
2730 2290 2891 2359 φήσω
2926 2288 3036 2358 (2)’
3064 2287 3175 2342 Καὶ
3227 2283 3397 2341 εἶπεν
3422 2289 3456 2340 o’
3502 2286 3660 2351 Θεός
3686 2303 3701 2315 ·

2110 2380 2459 2448 Ποιήσωμεν
2495 2380 2807 2447 ἂνθρωποι·
2851 2377 2978 2432 κατ’
3024 2378 3231 2431 εἰκόνα
3264 2375 3362 2429 καὶ
3402 2377 3708 2444 ὁμοίωσιν

2112 2472 2431 2542 ἡμετέραν
2466 2472 2567 2526 καὶ
2618 2470 2970 2540 ἀρχέτωσαο·
3017 2467 3138 2525 τῶν
3168 2469 3390 2537 ἰχθύων
3420 2467 3535 2534 τῆς
3592 2472 3706 2522 θα-

2108 2566 2353 2632 λάττης,
2383 2563 2483 2618 καί
2512 2560 2632 2616 τῶν
2659 2559 2948 2615 πετεινῶν
2987 2558 3095 2615 τοῦ
3124 2557 3408 2626 οὐρανοῦ.
3438 2557 3540 2610 καί
3576 2556 3711 2610 τῶν

2112 2655 2345 2723 κτηνῶν
2372 2654 2472 2711 καί
2503 2653 2724 2722 θηρίων
2751 2652 2848 2706 καί
2885 2648 3151 2719 ἑρπετῶν
3179 2647 3289 2716 τῆς
3319 2646 3452 2716 γῆς.
3504 2648 3596 2701 Ἐν
3624 2648 3710 2716 τῷ

2112 2750 2302 2821 ἄρχειν
2328 2748 2505 2803 τοίνυν
2538 2746 2717 2816 πάσης
2751 2744 2980 2806 κτίσεως
3011 2740 3359 2812 ὑπουρανὼυ,
3392 2740 3490 2793 καὶ
3518 2741 3579 2792 ὲν
3620 2740 3710 2810 τῷ

2113 2841 2364 2908 ἀθανάτῳ
2407 2839 2505 2907 τῆς
2542 2835 2739 2905 ψυχῆς,
2778 2834 2840 2887 τὸ
2886 2833 3007 2886 κατ’
3050 2832 3237 2887 εἰκόνα
3275 2830 3410 2884 Θεοῦ
3461 2829 3707 2900 ἔχομεν·

2114 2932 2253 3000 ὑπὲρ
2282 2924 2357 2984 ὧν
2387 2928 2551 2983 οἰονεὶ
2592 2925 3028 2995 ἐκπληττόμενος
3053 2925 3155 2994 τὴν
3188 2923 3397 2992 ἄφατον
3434 2921 3534 2975 τοῦ
3561 2922 3712 2974 θεώ

2115 3022 2424 3092 ἀγαοότητα
2449 3019 2613 3073 Δαϐὶδ
2641 3019 2668 3071 ὁ
2702 3017 2811 3072 τῶν
2839 3015 3001 3071 Θείων
3034 3014 3274 3085 μελῳδός
3301 3029 3454 3084 φησι·
3492 3012 3710 3079 Κύριε.

2115 3117 2171 3167 τί
2198 3115 2367 3168 ἐστιν
2397 3111 2723 3178 ἅνθρωπος,
2756 3108 2845 3162 ὅτι
2859 3106 3224 3177 μιμνήσκεις
3260 3104 3468 3169 αὐτοῦ,
3498 3106 3540 3173 ἢ
3570 3106 3715 3169 υἱὲ-ς

2114 3203 2449 3271 ἀνθρώπου,
2479 3201 2569 3253 ὅτι
2597 3198 2929 3267 ἐπισκέπτῃ
2953 3197 3177 3262 αὑτοῦ;
3208 3198 3277 3250 Συ
3286 3195 3521 3266 μφώνως
3545 3195 3604 3248 δὲ
3630 3197 3717 3264 τῷ

2118 3295 2282 3364 πατρὶ
2338 3289 2588 3362 Σολομὼν
2622 3290 2697 3360 (5)
2731 3293 2759 3343 ὁ
2804 3290 2913 3343 τῶν
2960 3289 3120 3343 οείων
3166 3288 3362 3357 σοφός·
3401 3287 3612 3353 Κύριε,
3655 3288 3720 3340 τί

2116 3386 2285 3439 ἐστιν
2315 3385 2642 3453 ἄνθρωπος,
2660 3383 2749 3437 ὅτι
2774 3382 3149 3453 ἐμεγάλυνας
3172 3378 3377 3440 αὐτὸν,
3406 3378 3445 3445 ἦ
3466 3378 3559 3432 ὅτι
3582 3380 3720 3432 em-

2118 3476 2398 3542 σκέπτεις
2430 3475 2537 3529 τὸν
2563 3475 2715 3529 γοῦν
2740 3476 2827 3540 εἰς
2848 3473 3072 3536 αὑτόν;
3107 3472 3215 3524 Καὶ
3252 3466 3406 3533 αὖθις
3447 3473 3475 3522 ὁ
3513 3471 3718 3526 Δα6ἰ6⁶

2118 3569 2321 3623 Πάντα
2344 3568 2647 3632 ὑπέταξας
2669 3566 2788 3622 ὑπὸ
2817 3565 2960 3630 τοὺς
2984 3564 3178 3629 πόδας
3201 3560 3409 3626 αὑτοῦ,
3440 3563 3723 3629 πρόϐατα

2120 3663 2219 3715 καὶ
2252 3662 2409 3726 ,βόας
2458 3658 2723 3723 ἁπάσας,
2757 3659 2843 3711 ἐτι
2884 3656 2953 3710 δὲ
2987 3655 3087 3709 καὶ
3119 3654 3190 3707 τὰ
3234 3650 3424 3718 κτήνη
3460 3652 3571 3705 τοῦ
3603 3669 3722 3707 :rs-

2120 3752 2275 3815 δίου,
2308 3751 2380 3805 τὰ
2433 3749 2672 3803 πετεινὰ
2698 3747 2806 3802 τοῦ
2847 3744 3128 3813 οἰιρανοῦ,
3163 3744 3261 3798 καὶ
3308 3740 3450 3806 τοὺς
3492 3744 3723 3810 ἰχθύας

2121 3840 2226 3909 τῆς
2279 3840 2617 3908 θαλάσσης,
2662 3844 2734 3892 τὰ
2786 3838 3259 3906 διαπορευόμενοι
3307 3834 3548 3902 τρίϐους
3597 3837 3725 3888 θα-

2121 3931 2395 3989 λασσῶν.

2193 4044 2267 4095 Τὸ
2297 4042 2422 4095 κατ’
2469 4040 2672 4093 εἰκόνα
2702 4036 2779 4109 (4)
2826 4039 3049 4100 νοεῖται,
3093 4034 3235 4089 κατὰ
3262 4035 3322 4088 τὸ
3353 4035 3579 4105 λογικὸν
3620 4037 3729 4088 καὶ

2124 4134 2308 4204 νοερὸν
2353 4132 2449 4185 καὶ
2505 4130 2853 4196 αὐτεξούσιον
2879 4146 2891 4159 ·
2936 4127 3079 4181 κατὰ
3119 4127 3178 4179 τὸ
3220 4129 3415 4197 γεννᾷν
3445 4127 3541 4179 τὸν
3592 4127 3730 4195 νοῦν

2124 4226 2302 4293 λόγον,
2341 4223 2434 4276 καὶ
2472 4221 2795 4292 προϐάλλειν
2827 4218 3043 4289 πνεῦμα
3082 4217 3222 4272 κατὰ
3255 4217 3314 4270 τὸ
3359 4218 3628 4289 ἀρχικόν
3664 4221 3732 4273 ὲν

2126 4317 2335 4378 τούτοις
2368 4314 2463 4368 καὶ
2498 4315 2547 4366 οἰ
2589 4312 2809 4380 ἄγγελοι
2854 4312 2973 4365 κατ’
3018 4311 3238 4366 εἰκόνα·
3274 4312 3338 4363 ὲκ
3387 4313 3732 4379 περιουσίας

2127 4408 2184 4461 δὲ
2213 4409 2260 4460 οἱ
2312 4405 2609 4476 ἄνθρωποι,
2658 4404 2797 4455 κατὰ
2838 4401 2898 4454 τὸ
2936 4401 3230 4472 ἀγέννητον
3280 4400 3373 4454 τοῦ
3416 4401 3617 4470 Ἀδὰμ,
3664 4404 3738 4455 th

2128 4500 2383 4570 γεννητὸν
2406 4497 2497 4550 τοῦ
2524 4495 2652 4566 Σὴθ,
2695 4494 2754 4548 τὸ
2788 4494 3116 4563 ἐκπορευτὸν
3149 4493 3249 4562 τῆς
3288 4491 3453 4558 Εὔας.
3485 4494 3639 4546 κατὰ
3668 4497 3739 4549 τὸ

2131 4593 2287 4661 φύσει
2336 4591 2604 4660 ἀρχικόν’
2638 4587 2797 4656 φύσει
2848 4586 2956 4657 γὰρ
3006 4587 3199 4658 κρατεί
3253 4586 3349 4639 τοῦ
3396 4584 3660 4655 σώματος
3698 4591 3739 4658 ἡ

2124 4684 2293 4754 ψυχή.
2336 4682 2447 4735 Καὶ
2476 4678 2616 4733 κατὰ
2652 4678 2713 4731 τὸ
2762 4678 3017 4745 συνάγειν
3048 4677 3229 4729 πᾶσαν
3276 4675 3375 4744 τὴν
3416 4676 3638 4729 κτίσιν·
3671 4682 3741 4731 ὲν

2125 4775 2203 4846 τῷ
2229 4772 2347 4844 Θεῷ
2379 4771 2488 4842 γὰρ
2527 4769 2739 4823 ἑνοῦται
2790 4767 3001 4837 πᾶσαή
3040 4766 3233 4830 κτίσις,
3266 4768 3359 4819 καὶ
3403 4768 3461 4819 ὲν
3502 4768 3589 4838 τῷ
3632 4771 3741 4822 ἀν-

2127 4867 2363 4940 θρώπῳ·
2402 4863 2699 4932 σύνδεσμος
2748 4861 2855 4930 γάρ
2901 4860 3016 4911 ἐστι
3065 4858 3262 4928 νοητῆς
3310 4857 3403 4909 καὶ
3445 4857 3742 4930 αἰσθητῆς

2129 4961 2377 5020 κτίσεως.
2427 4955 2537 5008 Καὶ
2583 4954 2666 5006 ὅτι
2713 4954 2833 5005 κατ’
2880 4950 3062 5003 εἰκόνα
3188 4946 3411 5019 ἔμελλεν
3461 4950 3744 5015 γενέσθαι

2132 5054 2160 5105 ὁ
2194 5052 2321 5113 Υἱὸς
2352 5048 2445 5102 τοῦ
2492 5045 2661 5101 θεοῦο
2706 5045 2765 5097 οὐ
2804 5043 2912 5115 γὰρ
2970 5041 3223 5109 ἄγγελος,
3271 5040 3386 5093 ἀλλ’
3430 5040 3747 5113 ἄνθρωπος

2132 5142 2372 5210 ἐγένετο.

2204 5316 2414 5385 Ὥσπερ
2456 5331 2537 5376 τις
2592 5310 2844 5381 βασιλεὺς
2879 5308 3033 5361 πόλιν
3068 5309 3298 5379 ποιήσας
3335 5306 3618 5378 μεγάλην,
3666 5315 3751 5363 εξ-

2144 5468 2190 5501 ⁸⁸
2221 5469 2365 5523 Gen.
2392 5485 2430 5533 ι,
2459 5469 2549 5521 ‘26.
2625 5466 2671 5497 “
2703 5464 2851 5521 Psal.
2884 5479 2999 5529 vm,
3027 5463 3080 5517 5.
3155 5462 3200 5494 δ’
3233 5459 3333 5518 Job
3356 5477 3457 5529 vn,
3491 5462 3591 5527 16,
3614 5482 3747 5522 suo.

2134 5649 2298 5775 huncl
2325 5653 2502 5777 mum
2551 5651 2842 5707 Ctesarius.
2905 5651 3097 5705 Exstat
3141 5652 3283 5706 enim
3340 5648 3444 5704 Job
3491 5666 3606 5718 vn,
3648 5656 3750 5720 Hi,

2134 5738 2243 5777 see.
2301 5756 2340 5774 ι.
2376 5768 2387 5776 .
2427 5762 2440 5775 .

2133 5738 2243 5779 δυο.
2278 5738 2440 5777 Ιιλλ.

2207 5794 2280 5868 (ςί)
2317 5795 2383 5846 Τὸ
2407 5795 2548 5868 κατ’
2575 5793 2796 5868 εἰκόνα.
2991 5790 3210 5868 aliunde
3248 5790 3532 5861 descripta
3571 5808 3754 5868 sunt,

2136 5876 2183 5920 cl
2218 5866 2542 5920 Caesarianis
2585 5865 2805 5919 inserta.
2844 5864 2996 5916 Emr.
3030 5862 3212 5916 l‘ams.
