4006 6386
264 452 399 508 H23

259 571 455 620 εδωκεο
485 567 548 621 τὸ
593 565 651 618 δὲ
702 566 830 620 καθ’
873 566 1175 635 ὁμοίωσιν.
1215 562 1510 636 ἐσιώπησε.
1546 564 1685 635 Φησὶ
1724 563 1835 633 γὰρ

258 662 293 724 η
334 654 547 726 Γραφὴ,
599 655 713 710 Καὶ
748 656 1039 723 ἐποίησεν
1085 658 1118 711 d
1166 655 1312 722 Θεὸς
1359 655 1467 709 τὸν
1497 654 1831 723 ἄνθρωπον,

260 747 389 799 κατ’
408 746 610 800 εἰκόνα
633 746 780 801 Θεοῦ
802 747 1094 815 ἐποίησεν
1109 748 1323 800 αὐτόν’
1350 748 1539 815 ἄρσεν
1557 747 1652 801 καὶ
1678 746 1833 814 θῆλυ

260 835 551 903 ἐποίησεν
572 836 792 903 αὐτούς
812 852 824 865 ·
850 837 946 889 καὶ
969 836 1031 889 ού
1052 835 1373 908 πρόσκειται
1393 835 1472 889 ὅτι
1492 834 1614 891 καθ’
1644 835 1834 907 ὁμοίω⁶

262 945 349 980 σιν

876 1102 1240 1171 Ἀπόκρισις.

335 1198 427 1269 Μὴ
457 1194 780 1268 βουλόμενον
799 1195 861 1249 τὸ
888 1194 1043 1248 Θεῖον
1074 1194 1279 1266 ἀργοὺς
1303 1194 1399 1248 καὶ
1427 1192 1701 1266 ῥᾳθύμους
1724 1194 1832 1247 διας

265 1288 416 1341 διοῦν
448 1290 614 1359 ἡμᾶς,
649 1286 1045 1358 παραπλησίως
1099 1285 1261 1349 συῶν,
1293 1285 1327 1356 ἦ
1382 1283 1601 1355 μονιῶν,
1631 1284 1664 1355 ἢ
1701 1302 1837 1356 προ-

267 1379 468 1441 ϐάτων,
491 1378 585 1431 καὶ
624 1377 733 1429 τῶν
777 1376 978 1429 λοιπῶν
1023 1376 1302 1447 ὲρημικῶν
1348 1373 1577 1444 ἀλόγων,
1612 1374 1731 1445 μηδ’
1767 1372 1836 1428 αὖ

268 1470 429 1525 πάλιν
457 1467 721 1540 ἀμίσθους
756 1467 1033 1539 γεραίρειν
1060 1468 1208 1537 ἡμᾶς
1247 1466 1499 1533 ἀναξίως,
1522 1468 1581 1520 ὲν
1611 1468 1675 1537 τῇ
1704 1468 1839 1537 ἡμε-

267 1561 402 1633 τέρᾳ
429 1560 717 1614 κατέλιπεν
762 1559 978 1629 ἐξουσίᾳ
1024 1558 1396 1628 ἐξομοιοῦσθαι
1426 1558 1575 1629 αὑτῷ
1618 1558 1705 1612 διὰ
1737 1558 1839 1629 τῆς

269 1653 406 1725 πρὸς
432 1653 592 1708 αὑτὸν
622 1654 927 1724 μιμήσεως,
952 1653 1045 1706 καὶ
1069 1651 1169 1721 τῆς
1192 1651 1303 1704 τῶν
1330 1651 1540 1722 ἀρετῶν
1561 1650 1840 1721 κατορθώ-

268 1763 406 1809 σεως
437 1746 531 1800 καὶ
561 1744 892 1810 ἐπιδείξεως,
925 1745 1073 1807 ὅπως
1094 1746 1162 1815 τῇ
1192 1745 1321 1815 περὶ
1361 1744 1452 1797 τὸν
1478 1744 1645 1808 πέλας
1675 1745 1839 1816 κηδε-

269 1837 431 1909 μονίᾳ.
459 1835 871 1907 ὲξομοιωθῶμεν
902 1835 1072 1906 αὐτῷ,
1101 1824 1336 1889 ’καθόσον
1370 1830 1479 1888 οἶόν
1525 1852 1585 1889 τε
1616 1839 1683 1907 τῇ
1717 1836 1842 1907 βρο-

268 1928 376 1980 τῶν
413 1928 572 1996 φύσει
600 1927 736 1998 πρὸς
764 1927 897 1980 Θεὸν
917 1926 1247 1998 ἁμιλλᾶσθαι
1268 1943 1282 1957 °
1323 1927 1510 1981 Γίνου
1534 1929 1641 1999 γὰρ
1664 1928 1842 1996 ὀρφα-

268 2019 399 2085 νοῖς
434 2020 514 2086 ὡς
535 2019 752 2087 πατὴρ,
781 2018 879 2071 καί
916 2019 1049 2073 ἀντὶ
1071 2018 1294 2086 ἀνδρὸς
1314 2017 1389 2087 τῇ
1417 2019 1596 2087 μητρὶ
1619 2018 1837 2083 αὐτῶν,

270 2111 431 2181 φησιν
449 2112 477 2164 6
500 2110 611 2163 τῶν
637 2110 796 2163 θείων
820 2110 981 2179 σοφὸς
1004 2108 1254 2180 Σολομῶν
1276 2124 1289 2138 ⁶
1317 2109 1478 2172 αὐτὸς
1496 2110 1552 2163 δὲ
1575 2112 1633 2163 ὲν
1661 2110 1839 2178 Εὐαγ-

269 2202 467 2265 γελίοις
496 2201 660 2272 φησὶν
682 2204 710 2255 6
735 2201 955 2271 Κύριος·
983 2199 1273 2268 Μακάριοι
1293 2203 1348 2254 οἱ
1377 2200 1721 2270 ἐλεήμονες,
1751 2200 1839 2255 ὅτι

269 2295 439 2348 αὐτοὶ
480 2292 942 2362 ἐλεηθήσονται·
976 2293 1071 2346 καὶ
1105 2292 1295 2348 πάλιν*
1332 2293 1621 2363 Μακάριοι
1662 2296 1717 2348 οἱ
1756 2297 1837 2348 εἱ·-

262 2383 595 2452 ίγηνοποιοὶ,
631 2381 719 2435 ὅτι
742 2384 907 2436 αὐτοὶ
932 2382 1046 2436 υἱοί
1078 2383 1225 2437 Θεοῦ
1262 2384 1696 2453 κληθήσονται.
1730 2386 1841 2438 Καὶ

270 2475 451 2537 πάλιν,
485 2473 711 2529 Μὰθετε
731 2474 830 2527 ἀπ’
857 2473 1002 2541 ἐμοῦ
1028 2474 1117 2527 ὅτι
1141 2473 1330 2542 πρᾶός
1352 2477 1488 2543 ειμι,
1517 2476 1613 2529 καὶ
1643 2489 1843 2529 ταπει-

269 2568 377 2633 νὸς
400 2565 475 2636 τῇ
501 2567 731 2636 καρδίᾳ,
756 2567 851 2620 καὶ
889 2566 1175 2636 εὑρήσετε
1197 2568 1542 2623 ἀνάπαυσιν
1565 2568 1694 2636 ταῖς
1720 2573 1842 2638 ψυ-

270 2658 407 2727 χαῖς
431 2658 616 2726 ὑμῶν.
642 2656 931 2729 Γενώμεθα
958 2653 1051 2711 οὖν
1090 2654 1453 2730 φιλάνθρωποι
1494 2661 1587 2714 καὶ
1614 2661 1843 2733 ἐλεήμο-

272 2768 381 2816 νες,
409 2750 562 2805 αὐτοὶ
587 2748 766 2813 ἐλέους
792 2750 1056 2821 δεόμενοι,
1088 2753 1515 2825 οἰκτειρήσωμεν
1540 2752 1631 2805 τὸν
1652 2750 1712 2807 εὖ
1732 2772 1839 2809 πα-

270 2840 385 2893 θεῖν
421 2840 703 2910 δεόμενον’
753 2840 910 2892 τοῦτο
957 2840 1065 2911 γὰρ
1092 2843 1120 2893 6
1152 2840 1284 2904 Θεὸς
1320 2844 1432 2905 τοῖς
1473 2842 1747 2913 δεομένοις
1779 2839 1839 2896 εὖ

271 2930 463 2996 ποιῶν,
502 2934 550 2984 εἰ
603 2933 915 3003 ποιήσωμεν
955 2933 984 2985 6
1015 2932 1206 2986 παθεῖν
1258 2933 1507 3004 θέλομεψ
1550 2938 1695 2988 ποιεῖ
1735 2935 1841 3005 γὰρ

268 3024 405 3093 ἡμῖν
431 3023 461 3076 6
487 3020 618 3085 Θεὸς
644 3019 673 3073 6
692 3020 737 3074 δ’
766 3020 833 3075 ἂν
862 3022 1199 3092 ποιήσωμεν.

822 3114 1068 3166 ΠΕΥΣΙΣ
1107 3114 1285 3182 ΡΞΕΓ.

350 3202 489 3256 Ἀλλ’
518 3203 617 3257 οὐκ
644 3198 795 3256 εἶπεν
815 3204 843 3255 6
873 3203 1023 3267 Θεὸς,
1051 3204 1372 3275 Ποιήσωμεν
1400 3204 1684 3279 ἄνθρωπον
1715 3205 1843 3277 μέλ-

270 3292 429 3347 λοντα
452 3293 518 3347 δι’
546 3293 750 3365 ἀρετῆς
774 3294 1147 3364 ἐξομοιοῦσθαι
1175 3296 1306 3367 ἡμῖν
1328 3312 1342 3327 ⁸
1376 3297 1491 3350 ἀλλ’
1520 3298 1719 3363 εὐθέως
1757 3299 1844 3355 τέ-

270 3382 413 3439 λειον
441 3387 536 3440 καὶ
558 3385 963 3457 ἀπηρτισμένον
981 3381 1118 3439 εἷναι
1138 3387 1489 3459 δημιουργεῖν
1512 3389 1691 3443 αὐτόν.
1716 3386 1841 3461 'Ap‘

267 3474 363 3532 οὖν
388 3476 561 3542 ἄλλως
591 3478 691 3548 μὲν
724 3472 867 3543 εἷπε,
893 3476 1067 3541 ἄλλως
1094 3478 1152 3531 δὲ
1180 3479 1465 3551 ἐποίησεν;

882 3566 1232 3635 Ἀπόκρισις.

342 3658 509 3712 Οὐδὲν
534 3658 740 3712 τούτων
773 3658 1189 3728 ὑπεροὸουλίας
1220 3662 1517 3733 κατηγορεῖ
1548 3660 1641 3714 τοῦ
1664 3661 1799 3715 Θεοῦ
1823 3675 1840 3693 ο

272 3746 410 3801 ἀλλά
434 3746 706 3818 σπινθῆρα
744 3746 839 3799 τοῦ
872 3746 1010 3818 πρὸς
1034 3747 1195 3801 αὑτὸν
1223 3748 1422 3821 ἔρωτος
1478 3750 1611 3819 ἡμῖν
1643 3750 1844 3818 ἐγκατ-

272 3837 482 3901 έλιπεν,
508 3835 648 3891 ὥστε
685 3837 772 3891 διά
799 3838 1085 3908 μιμήσεως
1111 3838 1251 3910 πρὸς
1268 3840 1360 3892 τὸν
1392 3840 1602 3893 ἐκείνου
1637 3841 1844 3913 πυρσὸν

272 3928 627 4001 ἁμιλλᾶσθαιο
658 3929 842 4002 ἕτερος
888 3928 946 3982 δὲ
986 3929 1085 4000 οὐχ
1128 3930 1370 4001 ὑπῆρχεν
1417 3931 1501 3984 ἔτι
1527 3931 1557 3982 6
1597 3931 1703 3985 ὑπὸ
1746 3932 1842 3987 τοῦ

273 4019 652 4091 παραγομένου
679 4017 835 4084 αὖθις
858 4020 1085 4089 ὀφείλων
1117 4015 1176 4073 εὖ
1205 4020 1398 4074 παθεῖν
1415 4037 1431 4052 ο
1456 4022 1519 4074 τὸ
1545 4022 1601 4075 δὲ
1627 4022 1840 4093 μέλλον,

272 4114 385 4176 τοῖς
411 4113 470 4180 ἐξ
520 4112 726 4168 ἐκείνου
776 4113 1056 4185 προϊοῦσιν
1100 4114 1325 4178 εἰκότως
1363 4115 1676 4187 ἀπένειμεν.
1710 4119 1843 4174 Σκο-

274 4204 537 4275 πήσωμεν
565 4203 622 4259 δὲ
647 4207 743 4259 καὶ
773 4207 976 4279 ἑτέρως
987 4204 1397 4263 τὸκατέίκόνα
1410 4209 1835 4279 καὶόμοίωσιν,

270 4295 423 4348 οὐδὲν
450 4294 558 4349 τῶν
590 4294 894 4367 εἰρημένων
924 4299 1430 4370 παραγραφόμενοι,
1459 4298 1573 4352 ἀλλ’
1596 4302 1659 4353 ὲκ
1680 4317 1841 4371 περι-

269 4388 457 4452 ουσίας
491 4388 589 4452 τάς
638 4386 937 4454 ἀποδείξεις
980 4389 1443 4461 περιποιούμενοι.
1477 4391 1616 4462 Φησὶ
1667 4394 1777 4462 γὰρ
1811 4395 1841 4448 6

270 4480 424 4543 Θεὸς,
447 4481 797 4548 Ποιήσωμεν
815 4480 1126 4547 ἄνθρωπον
1149 4484 1275 4534 κατ’
1296 4482 1499 4535 εἰκόνα
1523 4483 1622 4536 καὶ
1643 4486 1843 4552 ὁμοίω-

269 4585 376 4624 σιν
411 4569 721 4640 ἡμετέραν,
747 4571 808 4623 τὸ
837 4570 1026 4640 μέλλον
1070 4572 1147 4634 ὼς
1186 4572 1287 4643 ῆδη
1322 4572 1495 4644 παρὸν
1539 4574 1841 4643 ἐπιστάμε-

269 4680 359 4726 νος
383 4680 396 4691 ·
437 4665 532 4716 καὶ
570 4663 675 4734 πρὸ
709 4663 801 4715 τοῦ
829 4662 1059 4732 δρᾶσθαι
1102 4662 1172 4716 τά
1219 4663 1416 4728 πάντα,
1449 4664 1840 4736 προγινώσκων

269 4755 499 4808 ἑκάστου
531 4752 625 4825 τὴν
656 4752 906 4807 ἑκϐασινο
938 4753 1011 4817 ὡς
1044 4755 1136 4807 ἐπὶ
1156 4753 1250 4807 τοῦ
1290 4754 1460 4809 Ἠσαῦ
1485 4755 1690 4809 καὶτοῦ
1732 4757 1835 4809 ‘la-

268 4844 405 4909 κὼσ,
442 4844 549 4916 πρὸ
595 4844 689 4897 τοῦ
732 4844 1099 4915 συλληφθῆναι
1148 4846 1345 4909 αὐτοὺς
1385 4848 1445 4899 ὲν
1492 4850 1561 4917 τῇ
1610 4846 1839 4918 μητρῴῳ

268 4937 442 5009 νηδύϊ,
468 4938 503 5009 ἢ
533 4938 630 5009 τῆς
664 4938 935 5008 πατρικῆς
963 4937 1327 5008 ἀποκριθῆναι
1357 4938 1584 5006 ὀσφύος·
1614 4938 1838 5006 φάσκων

266 5029 354 5083 διὰ
389 5028 483 5082 τοῦ
516 5030 817 5100 Μαλαχίου·
873 5030 981 5082 Τὸν
1020 5028 1228 5083 Ἰακὼϐ
1271 5030 1579 5099 ἠγάπησα,
1620 5030 1725 5083 τὸν
1770 5027 1839 5082 δὲ

280 5118 470 5174 Ἠσαῦ
498 5120 763 5188 ἐμίσησα
786 5135 801 5149 ·
834 5120 909 5183 ὡς
935 5120 1028 5172 ἐπὶ
1065 5119 1160 5173 τοῦ
1204 5121 1467 5192 Ἱερεμίου
1501 5122 1694 5190 λέγων·
1720 5122 1842 5189 Πρὸ

268 5213 375 5266 τοῦ
409 5228 484 5265 σε
507 5211 736 5266 πλάσαι
768 5212 835 5265 ἐν
858 5214 1078 5280 κοιλίᾳ,
1115 5213 1441 5283 ἐπίσταμαί
1473 5230 1568 5272 σε.
1594 5215 1691 5268 καὶ
1728 5215 1843 5282 πρὸ

265 5304 374 5358 τοῦ
416 5304 684 5369 ἐξελθεῖν
709 5306 779 5358 ἐκ
814 5305 1067 5373 μήτρας,
1104 5306 1324 5375 ἡγίακά
1370 5320 1470 5359 σε·
1498 5307 1574 5369 ὼς
1618 5307 1711 5359 ἐπὶ
1748 5307 1843 5359 τοῦ

278 5396 471 5460 Ἰούδα,
511 5396 823 5466 προφαίνων
864 5396 1030 5449 αὑτοῦ
1060 5397 1160 5468 τὴν
1204 5396 1515 5467 προδοσίαν,
1560 5399 1693 5467 μηδὲ
1738 5398 1845 5449 τῶν

262 5488 468 5558 γονέων
503 5485 667 5539 αὑτοῦ
704 5486 783 5539 ἔτι
826 5486 1198 5557 ὑπαρχόντων,
1229 5489 1361 5558 φησὶ
1389 5488 1476 5541 διὰ
1515 5488 1609 5539 τοῦ
1642 5488 1838 5541 θεσπε-

266 5579 383 5633 σίου
417 5578 599 5633 Δασίδ·
640 5577 705 5631 '0
728 5578 947 5633 ἐσθίων
966 5578 1184 5645 ἄρτους
1199 5596 1320 5647 μου
1348 5577 1719 5647 ἐμεγάλυνεν
1743 5578 1838 5631 ἐπ’

259 5670 370 5740 ἐμὲ
394 5669 761 5740 πτερνισμόν
778 5687 791 5699 ·
819 5670 897 5733 ὼς
925 5671 1017 5724 ἐπὶ
1043 5669 1137 5724 τοῦ
1160 5669 1458 5741 κορυφαίου
1484 5671 1594 5723 τῶν
1614 5671 1840 5723 ἀποστό-

261 5761 371 5815 λων
404 5762 609 5833 Πέτρου
641 5760 733 5815 διὰ
778 5758 873 5813 τοῦ
901 5759 1189 5814 θεσπεσίου
1229 5760 1412 5815 Δαδίδ·
1449 5762 1559 5815 Καὶ
1587 5764 1642 5815 οἱ
1668 5762 1839 5815 ἐπαι-

1655 441 1998 501 DlALOGUS
2030 441 2119 498 111.

3373 432 3512 488 H26

1940 574 2056 612 nem
2090 568 2326 611 nostram
2359 556 2402 586 ‘"
2439 569 2452 604 :
2483 554 2532 608 id
2560 552 2779 623 quidem
2811 551 2954 622 quod
2986 548 3290 606 secundum
3322 548 3518 619 imagi-

1941 663 2066 705 nem
2094 657 2178 704 est
2210 648 2443 718 repetiit,
2474 648 2526 701 id
2557 658 2735 701 autem
2752 646 2897 717 quod
2926 645 3225 701 secundum
3256 643 3513 701 simﬁitum

1939 741 2119 795 dinem
2153 749 2257 803 est,
2297 741 2505 795 tacuit?
2537 740 2713 808 lnquit
2743 739 2887 792 enim
2922 737 3207 807 Scriptura
3239 753 3260 791 :
3293 736 3365 791 Et
3387 736 3513 807 fecit

1938 831 2080 886 Deus
2120 832 2402 893 hominem,
2434 831 2717 883 secundum
2744 830 3025 900 imaginem
3052 828 3148 883 Dei
3171 829 3290 898 fecit
3314 829 3509 896 ipsum,

1935 940 2136 978 marem
2178 936 2226 977 et
2253 923 2502 988 feminam
2530 923 2651 992 fecit
2674 938 2759 976 eos
2790 922 2837 953 ⁸⁸
2871 941 2884 976 :
2913 930 2969 977 et
2993 935 3101 976 non
3129 930 3214 976 est
3243 921 3509 985 additum,

1934 1016 2079 1089 quod
2101 1018 2401 1071 secundum
2436 1014 2868 1070 similitudinem.

2572 1103 2878 1173 Responsio.

2006 1195 2147 1265 Quia
2186 1196 2359 1251 noluit
2397 1195 2541 1251 Deus
2592 1212 2689 1251 nos
2723 1196 2935 1251 desides
2963 1204 3017 1250 et
3048 1198 3301 1252 socordes
3340 1196 3509 1252 vitam

1937 1305 2117 1361 agere,
2152 1289 2325 1343 instar
2369 1304 2529 1344 suum
2564 1298 2657 1342 aut
2690 1303 2976 1357 porcorum
3017 1288 3346 1343 silvestrium
3367 1329 3383 1353 ,
3415 1298 3511 1344 aut

1936 1380 2123 1435 ovium
2165 1389 2219 1433 et
2243 1388 2571 1434 caeterorum
2600 1379 2811 1433 ratione
2835 1379 3132 1433 carentium
3168 1379 3508 1444 animalium,

1938 1486 2115 1542 neque
2147 1472 2272 1526 item
2305 1472 2507 1525 nullam
2541 1471 2845 1525 mercedem
2874 1470 3118 1536 meritos,
3152 1471 3368 1540 indigne
3406 1471 3511 1524 ho-

1940 1578 2172 1629 norare;
2200 1564 2252 1616 in
2282 1572 2466 1617 nostra
2486 1571 2751 1632 potestate
2782 1562 3021 1633 reliquit,
3056 1569 3116 1617 ut
3144 1562 3512 1616 assimilemur

1940 1654 2041 1723 ipsi
2072 1669 2166 1723 per
2207 1655 2561 1709 imitationem
2600 1669 2726 1724 erga
2767 1655 2952 1718 illum,
3009 1666 3061 1709 et
3106 1670 3202 1725 per
3248 1656 3509 1709 virtutum

1940 1742 2334 1798 correctionem
2381 1751 2436 1797 et
2484 1744 3027 1809 demonstrationem,
3066 1754 3125 1798 ut
3172 1760 3298 1815 erga
3334 1748 3513 1815 proxi-

1941 1849 2090 1888 mum
2126 1834 2413 1888 sedulitate
2443 1834 2811 1918 assimilemur
2846 1835 2970 1903 ipsi,
3000 1844 3263 1904 quantum
3304 1836 3372 1889 ab
3406 1836 3510 1889 hu-

1942 1941 2100 1979 mana
2134 1934 2327 1981 natura
2354 1924 2716 1981 contendente
2746 1926 2814 1980 ad
2846 1925 3011 1980 Deum
3039 1928 3283 1996 przestari
3311 1937 3509 1998 potest.

1939 2013 2074 2069 Nam
2103 2032 2119 2071 :
2152 2013 2283 2069 Esto
2312 2015 2527 2085 pupillis
2554 2029 2611 2068 ut
2658 2026 2827 2084 pater,
2863 2026 2911 2070 et
2936 2018 3169 2085 ipsorum
3201 2020 3366 2072 matri
3412 2037 3510 2087 pro

1940 2106 2073 2171 viro,
2106 2106 2283 2175 inquit
2314 2121 2496 2160 rerum
2520 2107 2822 2161 divinarum
2848 2109 3051 2176 peritus
3078 2108 3164 2162 ille
3188 2108 3407 2163 Salonio
3437 2112 3504 2165 ⁵⁹.

1940 2194 2033 2251 ille
2064 2204 2245 2251 autem
2280 2196 2335 2250 in
2371 2194 2664 2267 Evangelio
2691 2196 2957 2252 Dominus
2990 2199 3166 2267 inquit
3194 2219 3207 2254 :
3238 2199 3392 2253 Beati
3418 2204 3510 2253 mi-

1939 2288 2261 2355 sericordes,
2298 2292 2549 2358 quoniam
2596 2291 2699 2360 ipsi
2749 2293 3169 2347 misericordiam
3199 2311 3511 2365 consequen-

1942 2389 2028 2433 tur
2048 2380 2115 2434 ⁸⁸.
2147 2381 2215 2434 Et
2259 2382 2452 2435 iterum
2483 2401 2495 2436 :
2526 2381 2679 2435 Beati
2711 2384 2941 2451 paciﬁci,
2982 2388 3233 2455 quoniam
3265 2390 3366 2456 ipsi
3411 2388 3514 2457 ﬁlii

1941 2472 2038 2526 Dei
2084 2473 2409 2527 vocabuntur
2441 2475 2508 2526 “.
2561 2474 2689 2529 Item
2725 2495 2738 2530 :
2783 2475 2985 2530 Discite
3007 2495 3039 2530 a
3076 2495 3156 2531 me
3192 2480 3330 2549 quod
3369 2483 3512 2534 mitis

1939 2578 2057 2615 sum
2091 2577 2141 2617 et
2165 2563 2380 2617 humilis
2406 2566 2582 2629 corde,
2605 2577 2653 2619 et
2682 2567 2950 2620 invenietis
2972 2570 3200 2636 requiem
3235 2572 3514 2624 animabus

1940 2656 2126 2709 vestris
2150 2656 2218 2710 θ’.
2255 2655 2441 2710 Simus
2473 2672 2604 2725 ergo
2633 2658 2854 2711 beneﬁci
2877 2668 2931 2712 et
2964 2659 3381 2724 misericordes;
3409 2661 3512 2730 ipsi

1942 2746 2330 2801 misericordiae
2369 2747 2537 2817 indigi
2569 2748 2926 2802 misereamur
2956 2749 3093 2817 ejus,
3128 2748 3220 2819 qui
3249 2750 3514 2805 benelieio

1942 2838 2079 2893 allici
2112 2846 2283 2907 rogat.
2323 2834 2434 2892 Hoc
2465 2838 2610 2892 enim
2647 2838 2909 2893 beneficio
2938 2837 3081 2893 Deus
3118 2849 3371 2911 rogantes
3398 2842 3515 2896 alli-

1942 2932 2035 2996 cit,
2076 2930 2121 2986 si
2155 2928 2443 2985 fecerimus
2481 2929 2628 2999 quod
2680 2930 2840 2984 nobis
2902 2930 3019 2985 fleri
3066 2930 3337 2988 volumus.
3365 2932 3516 2989 Facit

1940 3023 2083 3079 enim
2121 3021 2278 3077 nobis
2319 3019 2483 3084 Deus,
2518 3020 2880 3091 quodcunque
2912 3036 3012 3076 nos
3040 3022 3162 3077 aliis
3200 3022 3515 3081 fecerimus.

2337 3110 2858 3166 INTERROGATIU
2901 3112 3129 3168 CLXVI.

2013 3204 2176 3275 Atqui
2208 3220 2317 3259 non
2355 3204 2491 3259 dixit
2519 3205 2660 3260 Deus
2695 3203 3023 3260 :Faciamus
3059 3207 3331 3263 hominem
3357 3208 3516 3264 nobis

1944 3312 2041 3367 per
2071 3298 2326 3351 virtutem
2375 3296 2810 3363 assimilandum,
2843 3299 2937 3352 sed
2987 3299 3168 3353 statim
3213 3299 3513 3369 perlectum

1943 3397 1997 3443 et
2028 3388 2337 3442 absolutum
2365 3386 2502 3442 dixit
2523 3402 2582 3442 se
2607 3387 2783 3456 ipsum
2816 3387 3012 3445 facere.
3053 3387 3195 3444 Num
3226 3390 3389 3461 igitur
3412 3392 3514 3446 ali-

1944 3489 2027 3536 ter
2053 3481 2271 3551 quidem
2307 3478 2465 3544 dixit,
2494 3479 2650 3533 aliter
2685 3489 2865 3533 autem
2900 3479 3047 3535 fecit.

2576 3568 2881 3640 Responsio.

2016 3658 2159 3715 Nihil
2192 3661 2384 3715 horum
2415 3658 2592 3731 arguit
2621 3660 2674 3713 in
2702 3658 2812 3714 Deo
2836 3662 3188 3718 mutationem
3210 3666 3512 3731 sententiis,

1944 3753 2039 3807 sed
2086 3754 2137 3831 in
2168 3752 2316 3806 urbis
2355 3752 2645 3805 scintillam
2678 3756 2883 3807 amoris
2912 3768 3039 3822 erga
3082 3770 3140 3808 se
3182 3757 3426 3826 reliquit,
3460 3770 3514 3813 nt

1944 3853 2041 3908 per
2063 3838 2422 3892 imitationem
2450 3838 2515 3892 ad
2537 3839 2679 3895 illius
2706 3838 2879 3893 facem
2905 3843 3316 3899 contendamus.
3354 3848 3513 3901 Alius

1942 3931 2087 3982 enim
2129 3927 2371 3983 nondum
2414 3937 2552 3994 erat,
2596 3930 2688 4000 qui
2739 3931 2807 3983 ah
2839 3946 2905 3985 eo
2944 3932 3036 3999 qui
3093 3934 3511 4001 producebatur,

1944 4036 2069 4075 mox
2088 4032 2233 4075 esset
2259 4021 2635 4074 oblectandus.
2659 4018 2922 4073 Futurum
2951 4032 3131 4077 autem
3158 4026 3351 4078 merito
3384 4025 3511 4090 iliis,

1943 4112 2036 4181 qui
2080 4127 2145 4165 cx
2199 4111 2292 4167 illo
2326 4112 2662 4182 progressuri
2712 4122 2889 4178 erant,
2937 4113 3143 4167 tribuit.
3188 4114 3513 4172 Considere-

1946 4219 2067 4258 mus
2108 4213 2288 4258 autem
2343 4206 2505 4258 etiam
2552 4204 2660 4259 alio
2693 4206 2872 4267 modo,
2918 4206 3053 4260 nihil
3084 4221 3274 4263 eorum
3304 4225 3425 4279 quae
3449 4212 3514 4265 de

1944 4295 2179 4363 imagine
2216 4304 2271 4350 et
2323 4295 2678 4350 similitudine
2725 4296 2869 4351 dicta
2925 4307 3085 4361 sunt,
3134 4299 3512 4369 depravantes,

1943 4385 2037 4441 sed
2098 4402 2163 4441 ex
2215 4388 2509 4441 abundanti
2560 4388 3054 4443 demonstrationes
3106 4392 3371 4459 quasdam
3425 4408 3512 4462 pe-

1943 4488 2135 4534 tentes.
2172 4477 2352 4549 lnquit
2394 4479 2540 4533 enim
2596 4478 2739 4533 Deus
2774 4498 2787 4533 :
2824 4477 3111 4534 Faciamus
3142 4481 3403 4537 hominem
3436 4502 3507 4538 se-

1943 4572 2172 4625 cundum
2217 4572 2497 4641 imaginem
2554 4579 2603 4624 et
2651 4570 3054 4624 similitudinem
3105 4580 3361 4629 nostram.
3406 4572 3512 4628 Fu-

1946 4673 2130 4716 turum
2189 4663 2333 4717 velut
2382 4663 2496 4732 jam
2542 4677 2783 4730 prtesens
2834 4664 3077 4728 sciebat,
3113 4673 3167 4718 et
3222 4674 3513 4735 antequam

1941 4752 2144 4808 laceret
2167 4752 2388 4815 omnia,
2430 4767 2875 4822 praeeognoscens
2924 4753 3358 4824 uniuscujusque
3399 4760 3515 4810 exi-

1940 4854 2078 4899 tum.
2107 4844 2576 4910 Quemadmodum
2606 4845 2672 4898 de
2698 4843 2878 4898 Esauo
2898 4853 2951 4899 et
2970 4842 3193 4911 Jacobo,
3223 4855 3514 4916 antequam

1940 4934 2359 5003 coneiperentur
2398 4933 2452 4987 in
2479 4943 2634 4988 utero
2659 4943 2923 4997 materno,
2960 4944 3053 4988 aut
3080 4943 3377 5004 alitequam
3410 4951 3516 4990 ex-

1941 5033 2293 5081 eernerentur
2332 5041 2364 5080 e
2414 5025 2601 5079 lumbo
2648 5035 2915 5094 paterno,
2951 5026 3140 5081 dicens
3193 5040 3289 5096 per
3350 5026 3514 5081 Mala-

1940 5117 2121 5173 chiam
2150 5132 2165 5169 :
2196 5116 2461 5170 Iacobum
2496 5118 2660 5171 dilexi
2684 5133 2704 5170 :
2733 5115 2934 5170 Esaunt
2968 5134 3087 5172 vero
3110 5119 3232 5172 odio
3256 5119 3417 5173 habui
3445 5120 3512 5174 ⁸³.

1942 5208 2097 5264 Sicut
2122 5217 2178 5262 et
2218 5208 2287 5262 de
2321 5206 2555 5263 Jeremia
2597 5208 2729 5263 dicit
2758 5226 2772 5263 ι
2812 5210 3111 5279 Antequam
3144 5219 3193 5263 te
3216 5208 3511 5279 formarem

1940 5302 1997 5355 in
2034 5312 2204 5367 utero,
2246 5301 2365 5355 novi
2404 5309 2472 5363 te,
2498 5310 2549 5353 et
2573 5310 2854 5371 antequam
2876 5316 2904 5354 e
2936 5302 3156 5356 matrice
3174 5303 3512 5373 egrederem,

1940 5394 2268 5462 sanctiﬁcavi
2301 5403 2350 5447 te
2376 5393 2441 5446 ⁸⁸.
2471 5391 2622 5447 Sicut
2640 5402 2694 5447 et
2722 5394 2789 5447 de
2812 5390 2946 5447 Iuda
2978 5404 3406 5463 praemonstrano
3430 5393 3512 5464 ip-

1942 5485 2060 5539 sius
2088 5485 2453 5554 proditionem
2477 5524 2494 5549 ,
2529 5500 2654 5540 eum
2694 5485 2873 5540 adhuc
2904 5500 2969 5539 ne
3010 5486 3229 5557 quidem
3266 5496 3510 5556 parentet

1945 5576 2117 5645 ipsius
2168 5586 2374 5643 essent,
2430 5577 2608 5648 inquit
2660 5593 2756 5647 per
2802 5576 3057 5635 Davidem
3090 5579 3241 5634 illum
3269 5580 3515 5633 divinum

1944 5678 2121 5723 vatem
2176 5688 2189 5724 :
2247 5669 2352 5736 Qui
2384 5687 2586 5724 mecum
2617 5670 2724 5725 edit
2755 5686 2937 5739 panes,
2984 5687 3232 5741 magnum
3282 5672 3515 5726 instituit

1946 5761 2196 5815 adversus
2230 5779 2309 5816 me
2346 5762 2528 5816 dolum
2560 5764 2629 5817 “.
2660 5760 2814 5818 Sicut
2836 5769 2892 5818 et
2923 5762 2992 5817 de
3015 5761 3261 5833 principe
3297 5773 3502 5833 aposto-

333 5870 377 5949 ς
402 5868 535 5949 Gen.
557 5885 607 5949 ‘l,
634 5872 727 5924 26.
803 5868 1135 5949 ⁵⁸--1Βίόιζί
1170 5942 1184 5949 -
1211 5871 1256 5903 ”
1290 5869 1459 5949 l'iceli.
1490 5887 1565 5939 Iv,
1596 5871 1684 5926 10.
1758 5871 1804 5903 ⁸⁸
1830 5870 2023 5928 Matth.
2050 5888 2103 5941 ν,
2137 5873 2188 5929 7.
2266 5875 2321 5949 "_
2343 5875 2477 5932 ibid.
2509 5876 2563 5934 9.
2640 5877 2686 5911 ⁸³
2709 5875 2901 5934 Matth.
2934 5875 3127 5945 XI,29.
3204 5875 3252 5911 ”
3288 5877 3515 5935 Malacbo

266 5975 310 6007 ,,
338 5938 395 5994 ‘2.
473 5940 518 5973 “
549 5938 750 5997 Jerem.
779 5957 815 6007 ι,
850 5940 903 5995 5.
982 5940 1028 5975 “
1060 5940 1207 5997 Psal.
1242 5957 1331 6003 ιι,
1364 5940 1444 5997 ll).
