4006 6386
502 422 639 478 H27

500 533 688 594 Isi-um
714 531 874 586 Petro
914 542 1008 601 per
1046 524 1298 583 eumdem
1330 520 1578 580 divmum
1608 533 1784 576 vatem
1816 519 2086 574 Davidem

506 629 584 684 ait
621 625 775 693 τρυε
818 639 898 677 me
934 620 1265 684 laudabant,
1305 615 1567 689 jurabant
1607 615 1854 668 adversus
1894 628 1976 665 me
2024 612 2090 665 “.

512 720 797 787 Simulque
857 714 1105 785 praedicit
1160 711 1404 766 omnium
1437 707 1656 776 fugam:
1694 706 1872 757 Amici
1911 703 2011 756 mei
2044 710 2095 754 et

511 813 749 885 proximi
798 811 898 862 mei
923 807 1174 861 adversus
1205 819 1285 857 me
1326 801 1879 869 appi'Opinquaoerunt
1909 804 1958 848 et
1992 804 2098 848 ste-

516 912 715 963 terunt,
749 909 797 954 et
818 896 1048 967 proximi
1072 895 1173 947 mei
1199 901 1457 946 steterunt
1488 890 1692 942 eminus
1714 886 1794 951 ⁶⁷;
1832 885 1925 953 qui
1959 900 2097 937 non-

518 998 646 1051 dum
674 1010 705 1047 e
728 991 913 1045 lumbo
944 984 1390 1053 fuerantrejecti,
1433 996 1609 1051 neque
1652 980 1705 1032 in
1739 992 1956 1033 carnem
2007 990 2101 1028 co-

518 1085 742 1158 agulati,
780 1083 892 1135 imo
943 1079 1185 1134 nondum
1233 1084 1505 1146 parentes,
1550 1080 1893 1138 autproavos
1938 1066 2101 1120 habe-

519 1183 666 1235 bant.
699 1174 804 1230 Sed
832 1183 885 1228 et
906 1173 1195 1227 salutarem
1220 1184 1373 1223 suam
1401 1180 1616 1221 crucem
1639 1164 1785 1216 velut
1807 1161 1917 1229 jam
1979 1174 2100 1212 erc-

526 1280 699 1334 ctam,
740 1279 793 1323 et
836 1280 1000 1335 super
1033 1278 1153 1317 eam
1205 1260 1374 1315 clavis
1411 1257 1627 1312 aﬂixum
1654 1256 1810 1324 longe
1843 1261 1968 1306 ante
2003 1252 2100 1304 de-

523 1371 860 1421 monstrans,
901 1354 1075 1424 inquit
1111 1370 1123 1404 :
1160 1351 1514 1420 Perfoderuut
1560 1363 1748 1400 manus
1772 1357 1915 1397 meas
1946 1350 1995 1394 et
2024 1357 2106 1407 pe-

524 1455 614 1508 des
657 1469 818 1515 meos,
866 1453 1301 1503 enumeraverunt
1350 1443 1527 1495 omnia
1584 1456 1703 1492 ossa
1748 1454 1862 1490 mea
1912 1436 1977 1499 ⁸³,
2015 1433 2105 1486 ubi

525 1545 709 1597 clavos
737 1542 790 1594 in
838 1555 926 1593 me
969 1536 1308 1604 transfigant.
1368 1531 1430 1583 Et
1479 1540 1537 1584 ut
1580 1527 1891 1582 summatim
1922 1524 2106 1579 omnia

527 1633 727 1694 dicam,
771 1629 960 1684 multis
1004 1628 1057 1680 in
1088 1625 1220 1679 locis
1268 1623 1466 1676 divinae
1515 1620 1810 1689 Scriptura:
1852 1616 2106 1670 audimus

530 1725 680 1794 loqui
720 1722 888 1777 Deum
918 1722 985 1775 de
1021 1717 1220 1772 futuris
1259 1714 1406 1767 velut
1443 1713 1555 1781 jam
1595 1710 1974 1780 praesentibus,
2012 1714 2108 1760 aut

531 1814 820 1886 praeteritis
858 1821 911 1866 et
944 1807 1215 1880 peractis,
1248 1820 1370 1875 quae
1404 1803 1703 1857 secundum
1741 1800 2098 1869 pranlestina-

533 1909 736 1959 tionem
760 1909 909 1956 certo
940 1906 1198 1953 eventura
1229 1901 1359 1947 sunt
1385 1898 1409 1943 :‘
1435 1890 1895 1959 quemadmodum
1928 1890 2106 1956 inquit

532 1994 766 2049 eximius
792 1991 881 2046 ille
911 1990 1199 2057 Apostolus
1230 2002 1244 2038 :
1288 1984 1555 2049 Quoniam
1591 1997 1719 2049 quos
1748 1980 2104 2046 prwsciverat,

530 2085 737 2142 eosdem
783 2091 833 2136 et
860 2080 1167 2152 prmﬁnivit,
1211 2079 1504 2143 conformo;
1549 2071 1796 2141 imaginis
1837 2070 1972 2123 Filii
1999 2073 2106 2135 sui,

533 2187 591 2233 ut
623 2179 732 2247 ipse
772 2176 841 2228 sit
870 2171 1245 2243 primogenita;
1273 2171 1412 2222 inter
1447 2167 1640 2218 multos
1666 2164 1862 2232 fratres
1897 2162 1965 2216 ⁵⁸.

606 2337 741 2391 Cum
800 2334 961 2404 igitur
1025 2337 1175 2385 certo
1231 2329 1397 2383 sciret
1458 2337 1763 2394 primorum
1816 2329 2110 2389 parentum

537 2440 852 2485 nostrorum
872 2425 1244 2481 seductionem
1268 2430 1322 2474 et
1342 2421 1557 2488 lapsum
1586 2433 1637 2468 sn
1664 2411 2109 2471 inobetlientiam,

538 2534 591 2577 (ιι
612 2523 757 2593 quod
792 2522 844 2574 in
877 2526 1151 2589 postremo
1172 2513 1495 2570 saeculorum
1528 2519 1770 2575 tempore
1804 2502 2115 2572 unigenitus

541 2615 634 2669 Dei
665 2613 835 2667 Filius
874 2611 1037 2662 homo
1067 2604 1376 2659 nasciturus
1407 2609 1573 2662 esset,
1614 2605 1834 2666 propter
1865 2591 2115 2646 homines

539 2709 612 2763 ob
678 2719 833 2762 suam
910 2701 1311 2772 separationem
1387 2692 1791 2764 periclitantes,
1843 2686 1894 2739 id
1972 2682 2116 2752 quod

542 2796 830 2871 praelinivit
878 2790 1143 2848 declarari
1175 2787 1307 2842 mihi
1362 2785 1576 2838 videtur
1620 2795 1713 2850 per
1762 2779 1814 2832 id
1858 2778 2002 2846 quod
2032 2776 2118 2827 in-

542 2890 716 2960 quit:
773 2885 1060 2939 Faciamus
1135 2878 1397 2933 hominem
1478 2873 1765 2927 secundum
1839 2867 2120 2936 imaginem

545 2990 781 3035 nostram
816 2986 863 3031 et
906 2971 1324 3028 similitudinem.
1372 2965 1542 3033 Quasi
1582 2963 1729 3017 dicat
1756 3002 1771 3025 ,
1805 2960 1933 3013 licet
1975 2970 2118 3019 sero,

545 3078 728 3126 tamen
757 3073 974 3135 propter
1026 3063 1206 3130 ipsum
1245 3072 1442 3112 nascar
1472 3052 1771 3108 secundum
1816 3050 2017 3117 ipsum,
2053 3045 2121 3099 de

547 3169 767 3230 eXperte
816 3155 1078 3226 nuptialis
1124 3146 1541 3207 consuetudinis
1582 3153 1636 3198 et
1681 3157 1893 3210 semper
1915 3137 2125 3207 virgine

548 3255 756 3322 absque
800 3248 1007 3305 semine
1046 3258 1245 3313 corpus
1283 3254 1608 3301 assumens,
1668 3235 1722 3288 in
1770 3231 1997 3302 pnesepi
2041 3244 2126 3281 ra-

549 3346 716 3402 tionis
737 3341 1037 3412 expertium
1066 3334 1379 3391 animalium
1412 3327 1779 3399 reponendus,
1812 3326 1881 3379 ab
1909 3332 2126 3392 experte

550 3437 778 3493 rationis
816 3431 1130 3489 conditione
1165 3427 1345 3495 ipsum
1387 3436 1671 3477 revocans.
1706 3416 1927 3487 Opertet
1981 3415 2128 3469 enim

550 3544 640 3584 me
682 3526 799 3581 fieri
830 3522 976 3593 quod
1021 3528 1125 3583 est,
1159 3526 1216 3573 et
1244 3517 1424 3587 ipsum
1448 3513 1631 3569 facere
1658 3509 1803 3580 quod
1830 3523 1950 3563 sum
1984 3523 1999 3560 :
2040 3506 2128 3580 in-

552 3625 801 3681 habitare
847 3619 1194 3675 tenebrosum
1240 3620 1296 3666 et
1319 3612 1439 3665 luce
1463 3623 1657 3664 carens
1696 3613 1914 3659 antrum
1969 3600 2133 3667 hujus

551 3722 698 3782 Viue,
728 3724 787 3768 ut
840 3714 956 3783 ipse
1011 3709 1212 3765 cmlum
1263 3703 1565 3764 inhabitet;
1615 3697 1803 3752 fasciis
1856 3693 2038 3762 ligari,
2075 3699 2135 3742 ut

555 3809 646 3864 ille
667 3807 907 3861 solvatur
957 3816 989 3855 a
1035 3796 1268 3853 vinculis
1308 3793 1530 3855 mortis;
1584 3802 1828 3844 crescere
1881 3796 2130 3852 corpore,

556 3912 617 3956 ut
663 3905 874 3954 crescat
937 3892 1255 3954 divinitate;
1315 3901 1402 3941 me
1460 3881 1724 3952 baptizari
1782 3884 2014 3947 oportet,
2080 3881 2134 3925 et

555 3993 779 4047 abluere
813 3983 1161 4056 squaloribus
1186 3977 1448 4038 obsitum,
1478 3973 1673 4029 tentari
1704 3979 1758 4025 et
1799 3970 2017 4023 vincere
2039 3963 2134 4017 ad-

559 4082 895 4143 versarium,
929 4087 983 4131 et
1025 4073 1296 4144 subjicere
1321 4075 1596 4138 superato.
1631 4061 1879 4116 Esuriam
1908 4070 2005 4126 pro
2033 4070 2128 4117 eo,

558 4174 655 4244 qui
712 4172 851 4227 male
884 4167 1138 4229 comedit,
1182 4177 1282 4232 ego
1327 4161 1578 4214 nutriens
1624 4154 1898 4207 universa.
1941 4145 2132 4198 Siliani

558 4282 659 4338 pro
687 4262 1072 4322 condemnato,
1126 4256 1218 4324 qui
1254 4250 1490 4319 pluviam
1531 4245 1766 4316 prmbeo,
1796 4249 1850 4293 et
1884 4238 1937 4290 in
1972 4248 2136 4289 carne

558 4352 841 4409 iuamhulo
892 4348 1171 4417 abyssum.
1230 4340 1432 4394 Volens
1475 4332 1711 4390 vinculis
1767 4327 2131 4393 constringar,

558 4456 615 4501 et
683 4446 893 4498 solvam
965 4446 1159 4508 prater
1243 4432 1410 4487 animi
1479 4428 1815 4481 voluntatem
1890 4420 2133 4487 ligatum.

559 4535 850 4595 Illudar,et
883 4526 1143 4583 conviciis
1180 4536 1444 4591 exponar,
1474 4525 1535 4571 ut
1566 4515 1634 4569 ab
1667 4509 1960 4581 opprobrio
1990 4508 2137 4559 viro-

562 4642 683 4680 rum
712 4625 966 4677 liberetur
998 4617 1090 4687 qui
1122 4626 1498 4681 transgressus
1520 4615 1604 4661 est
1639 4619 1801 4658 sexus
1831 4598 2131 4683 muliebris.

560 4720 783 4774 Creator
821 4717 934 4785 ipse
962 4724 1237 4779 conspnar
1280 4706 1333 4758 in
1367 4703 1548 4758 carnis
1601 4697 1818 4761 faciem,
1852 4703 1911 4747 ut
1964 4691 2133 4745 creati

561 4815 870 4880 abstergam
906 4805 1119 4861 faciem.
1150 4798 1408 4869 Colaphis
1440 4793 1621 4848 czedar
1661 4805 1691 4842 a
1717 4801 1874 4842 servo
1915 4800 2015 4855 ego
2037 4800 2136 4837 an-

564 4904 805 4975 gelorum
872 4898 1160 4961 Dominus,
1209 4894 1353 4948 utin
1399 4890 1701 4943 libertatem
1751 4897 1990 4937 asseram
2034 4877 2137 4931 sub

564 4974 882 5051 servitutem
936 4987 1140 5058 peccati
1176 4984 1475 5038 redactum.
1509 4974 1641 5029 Nam
1669 4974 1901 5041 colapho
1945 4985 2138 5024 manu-

563 5086 791 5141 mittunt
819 5093 1008 5136 servos
1036 5075 1266 5136 domini.
1308 5070 1473 5127 simul
1515 5077 1676 5135 atque
1703 5061 2070 5136 percusserint
2102 5076 2133 5113 a

563 5176 824 5233 servitute
872 5170 1194 5226 eximentes.
1220 5165 1405 5235 Spinis
1433 5159 1759 5221 corcuahor,
1791 5156 1883 5225 qui
1923 5152 2138 5223 paradi-

564 5284 687 5322 sum
738 5262 997 5335 plantavi,
1057 5268 1118 5313 ut
1172 5258 1520 5313 eradicentur
1567 5250 1876 5306 mortalium
1938 5248 2131 5315 spinte.

567 5361 712 5415 Felle
759 5355 1003 5419 cibahor,
1060 5362 1115 5406 et
1163 5360 1315 5421 aceto
1376 5348 1614 5418 rigabur,
1677 5344 1889 5397 ratione
1958 5340 2139 5393 carnis

566 5460 893 5521 assumptaa,
953 5460 1168 5502 omnem
1226 5444 1543 5511 abstergens
1612 5438 1862 5491 humanae
1930 5442 2141 5486 natura:

568 5540 1006 5597 amaritudinem.
1048 5535 1153 5602 Qui
1185 5533 1364 5588 lsraeli
1401 5544 1596 5585 manna
1643 5526 1871 5598 praebui,
1909 5540 2058 5579 aram
2085 5531 2139 5575 et

569 5646 783 5687 crucem
829 5630 1214 5691 conscendam,
1267 5635 1326 5679 ut
1362 5639 1590 5695 corpore
1632 5621 1920 5689 transligar
1963 5620 2143 5671 incor-

569 5737 787 5797 poreus,
825 5734 881 5776 at
918 5729 1137 5792 propter
1173 5718 1422 5774 homines
1461 5731 1528 5772 eo
1569 5713 1954 5770 circumdatus.
1996 5709 2139 5763 Idem

641 5897 690 5931 “
724 5897 867 5953 fsal.
895 5909 970 5963 Cl,
1003 5897 1054 5951 9.
1135 5895 1177 5928 "
1207 5894 1352 5950 Psal.
1381 5908 1586 5959 xxxvii,
1628 5889 1707 5943 12.

1590 413 1650 467 S.
1691 404 1992 465 CIESAIHI
2030 403 2358 463 GREGORII
2406 403 2704 459 FRATRIS

3656 393 3780 447 i128

2195 515 2447 580 νοῦντές
2472 532 2550 584 με
2592 515 2719 568 κατ’
2746 509 2893 581 ἐμοῦ
2941 509 3185 580 ὤμνυον
3203 524 3218 539 ο
3246 511 3343 562 καὶ
3373 506 3598 562 πάντων
3650 507 3783 577 ὁμοῦ

2194 608 2284 661 τὸν
2313 605 2580 676 δρασμόν’
2617 607 2679 657 Οἱ
2712 605 2875 671 φίλοι
2907 619 3026 670 μου
3056 600 3156 653 καὶ
3198 602 3254 653 οι
3278 598 3547 667 πλησίον
3566 614 3693 665 μου
3718 597 3781 659 ἐξ

2194 697 2473 759 ἐναντίας
2517 713 2634 763 μου
2664 692 2945 761 ἤγγισαν,
2992 691 3092 745 καὶ
3132 690 3438 756 ἔστησαν·
3468 688 3575 740 καὶ
3614 690 3670 740 οὶ
3693 686 3783 740 ἓν·

2195 787 2370 858 γιστά
2407 805 2550 855 μου,
2593 787 2711 841 ἀπὸ
2746 784 3049 853 μακρόθεν
3071 782 3367 849 ἔστησαν.
3397 780 3447 832 oi
3488 780 3666 848 μήπω
3694 776 3786 847 τῆς

2196 876 2397 944 ὀσφύος
2442 875 2861 945 προϐληθέντες,
2908 872 3030 943 μηδ’
3071 874 3151 936 εἰς
3199 872 3376 923 σάοκα
3425 866 3782 939 τυρωθὲντες,

2199 970 2313 1023 ἀλλ’
2340 969 2549 1021 οὐδέπω
2576 968 2696 1029 τοὺς
2727 969 2903 1035 γονεῖς
2934 966 2967 1036 ἢ
3011 965 3309 1036 προγόνους
3336 963 3577 1033 ἔχοντες.
3626 959 3780 1012 Ἀλλᾶ

2200 1062 2293 1114 καὶ
2327 1059 2419 1111 τὸν
2451 1059 2722 1127 σωτήριον
2755 1054 2948 1109 ἑαυτοῦ
2988 1055 3241 1126 σταυρὸν,
3271 1056 3345 1118 ὡς
3376 1054 3478 1124 ήδη
3515 1054 3784 1120 παγέντα,

2202 1154 2295 1205 καὶ
2320 1154 2404 1203 ἐπ’
2427 1150 2576 1219 αύτῴ
2607 1148 2989 1219 καθηλωθέντα
3016 1147 3350 1217 προφαίνων
3379 1144 3653 1213 Ὠρυξαν
3676 1142 3787 1212 χεῖ-

2194 1242 2311 1311 ράς
2330 1260 2448 1311 μου
2494 1241 2593 1294 καὶ
2622 1240 2813 1305 πόδας
2849 1258 2997 1308 μου,
3039 1238 3451 1307 ἐξηρίθμησαν
3498 1234 3785 1289 πάντατὰ

2204 1334 2353 1387 ὀστᾶ
2382 1351 2525 1402 μου,
2559 1332 2661 1385 πού
2683 1332 2809 1394 τοὺς
2844 1331 3006 1399 ἥλους
3039 1347 3142 1400 μου
3173 1329 3660 1398 διαπερονήσουσι.
3685 1327 3787 1377 Καὶ

2205 1427 2503 1498 συλλήϐδην
2534 1426 2731 1485 εἰπεῖν,
2760 1420 3031 1491 πολλαχοῦ
3054 1420 3154 1490 τῆς
3176 1418 3325 1481 θείας
3350 1419 3578 1490 Γραφῆς
3600 1417 3786 1469 ἀκούο-

2209 1533 2329 1589 μεν,
2364 1515 2425 1567 τὸ
2473 1515 2626 1567 Θεῖον
2660 1511 3031 1582 φθεγγόμενον
3076 1509 3204 1580 περὶ
3229 1509 3338 1561 τῶν
3385 1507 3694 1578 μελλόντων
3719 1506 3787 1568 ὡς

2207 1610 2307 1680 ἤδη
2338 1607 2641 1676 παρόντων,
2679 1604 2711 1674 ἦ
2744 1601 3154 1674 παρῳχηκότων
3185 1601 3278 1654 καὶ
3308 1598 3690 1672 πραχθέντων,
3717 1596 3787 1669 τῷ

2208 1697 2531 1770 προορισμῷ
2562 1698 2781 1757 πάντως
2808 1694 3173 1764 ἐκϐησόμενα,
3203 1692 3384 1755 καθώς
3410 1707 3580 1762 φησιν
3602 1694 3632 1742 6
3661 1691 3789 1760 ὑψηά

2206 1790 2299 1852 λὸς
2342 1786 2683 1849 ’Ᾱπόστολος,
2716 1786 2846 1838 Ὅτι
2877 1785 2985 1849 οὓς
3026 1781 3292 1850 προέγνω
3332 1782 3432 1835 καὶ
3475 1781 3786 1849 προώρέσε,

2207 1881 2603 1950 συμμόρφους
2637 1877 2748 1945 τῆς
2771 1876 3010 1941 εἰκόνος
3042 1876 3148 1930 τοῦ
3186 1875 3322 1929 Υιοῦ
3361 1874 3577 1936 αὐτοῦ,
3615 1876 3705 1936 εις
3727 1873 3786 1925 τὸ

2207 1965 2360 2026 εἶναι
2391 1971 2579 2025 αὑτὸν
2607 1969 2990 2038 πρωτότοκον
3021 1967 3092 2020 ἐν
3125 1966 3379 2032 πολλοῖς
3415 1964 3726 2034 ἀδελφοῖς.

2282 2327 2477 2396 Σαφῶς
2508 2320 2601 2378 οὖν
2636 2322 3001 2392 ἐπιστάμενος
3039 2318 3149 2372 τῶν
3188 2318 3472 2389 προγόνων
3516 2315 3681 2386 ἡμῶν
3702 2290 3803 2384 τὴν

2214 2419 2533 2489 ὑπαγωγὴν,
2581 2418 2676 2470 καὶ
2710 2416 2799 2469 τὸν
2833 2417 2915 2477 εἰς
2948 2412 3235 2484 παρακοὴν
3278 2409 3489 2462 ὄλισθον
3513 2425 3528 2436 ·
3584 2409 3679 2461 καὶ
3714 2409 3788 2460 δτι

2214 2512 2446 2583 ἤμελλεν
2492 2509 2578 2561 ἐπ’
2626 2508 2855 2577 ἐσχάτου
2904 2505 3012 2558 τῶν
3060 2500 3270 2556 αἰώνων
3306 2503 3334 2552 ὁ
3377 2501 3677 2570 μονογενὴς
3705 2497 3789 2551 τοῦ

2216 2602 2349 2656 Θεοῦ
2390 2603 2528 2662 Παῖς
2559 2599 2747 2669 βροτὸς
2791 2597 2882 2664 ὑφ’
2917 2595 3111 2648 ἑαυτοῦ
3144 2591 3414 2662 γίνεσθαι,
3454 2592 3547 2643 διὰ
3578 2591 3791 2661 βροτοὺς

2216 2694 2623 2754 κινδυνεύοντας
2652 2692 2749 2760 τὴν
2787 2689 2882 2742 ἀπ’
2914 2688 3080 2742 αὐτοῦ
3113 2688 3413 2748 διάστασιν,
3444 2685 3473 2736 6
3500 2685 3789 2755 προώρισε.

2216 2785 2374 2836 τοῦτο
2417 2784 2565 2835 δοκεί
2595 2798 2683 2850 μοι
2718 2777 3150 2846 ἀποφαίνεσθαι,
3178 2777 3266 2828 διὰ
3297 2773 3414 2839 τοῦ,
3448 2773 3792 2842 Ποιήσωμεν

2220 2876 2531 2942 ἄνθρωπον
2556 2872 2682 2926 κατ’
2707 2873 2911 2924 εἰκόνα
2931 2869 3226 2938 ἡμετέραν
3243 2867 3339 2920 καὶ
3371 2867 3668 2934 ὁμοίωσιν
3687 2881 3700 2892 ·
3728 2865 3792 2926 ὡς

2223 2969 2416 3027 εἰπεῖν,
2459 2964 2562 3018 κᾶν
2596 2963 2695 3032 ὀψέ
2734 2978 2886 3024 ποτε,
2919 2961 2985 3014 δι’
3019 2961 3179 3012 αὑτὸν
3217 2961 3337 3012 κατ’
3369 2957 3535 3010 αὐτὸν
3570 2957 3791 3024 γενήσο-

2228 3076 2347 3130 μαι,
2380 3056 2441 3122 ἐξ
2473 3054 2851 3126 ἀπειρογάμου
2882 3052 3197 3114 ἁείπαιδος,
3226 3049 3485 3122 ἀσπὸρως
3520 3047 3791 3119 σωματού-

2229 3163 2419 3222 μενος⁶
2451 3151 2508 3201 ὲν
2547 3147 2722 3217 φάτνῃ
2751 3145 2962 3213 ἀλόγων
2986 3144 3441 3213 ἁνακλιθήσομαι,
3461 3142 3567 3211 τῆς
3593 3139 3792 3206 ἀλογίας

2225 3243 2387 3295 αὐτὸν
2412 3239 2844 3308 ἀνακαλούμενος
2864 3254 2879 3269 ο
2904 3236 2984 3288 δεῖ
3007 3236 3115 3306 γάρ
3140 3253 3208 3301 με
3228 3234 3484 3303 γενέσθαι
3505 3235 3652 3302 ὅπερ
3673 3231 3792 3294 ἐστὶ,

2230 3335 2324 3388 καὶ
2357 3333 2552 3404 δρᾶσαι
2595 3330 2755 3383 αὑτὸν
2784 3330 2920 3398 ὅπερ
2963 3328 3079 3397 εἰμί
3101 3343 3114 3356 ⁸
3149 3328 3367 3395 οἰκῆσαι
3407 3325 3469 3377 τὸ
3512 3325 3712 3396 ἄντρον
3747 3322 3793 3375 τὸ

2234 3425 2525 3482 σκοτεινὸν,
2550 3423 2645 3475 καὶ
2673 3420 2891 3489 ἁφεγγῆ
2916 3417 3081 3473 αὐτοῦ
3119 3418 3255 3489 βίον,
3289 3419 3355 3471 ἵν’
3382 3419 3599 3480 ἐκεῖνος
3621 3418 3794 3485 οἰκήσῃ

2230 3515 2320 3566 τὸν
2345 3514 2596 3585 οὐρανόν·
2628 3512 2963 3581 σπαργάνοις
2989 3510 3234 3580 δεθῆναι,
3264 3511 3412 3573 ὅπως
3441 3512 3653 3573 ἐκεῖνος
3681 3506 3793 3575 λυθῇ

2231 3605 2338 3658 τῶν
2374 3604 2469 3658 τοῦ
2522 3603 2752 3657 θανάτου
2797 3601 3045 3673 δεσμῶν
3083 3599 3385 3671 αὐξηθῆναι
3437 3599 3687 3669 σώματι,
3725 3599 3797 3651 ἵνα

2232 3697 2440 3769 αὐξήσῃ
2477 3698 2723 3767 θεότητιτ
2757 3696 2839 3749 δεῖ
2872 3713 2939 3766 με
2972 3695 3354 3766 βαπτισθῆναι,
3387 3693 3483 3745 καὶ
3511 3691 3796 3745 ἀπολοῦσαι

2232 3792 2323 3844 τὸν
2351 3790 2700 3862 ρυπωθέντα·
2731 3787 3129 3859 πειρασθῆναι,
3159 3787 3253 3841 καὶ
3289 3785 3509 3854 νικῆσαι
3540 3786 3643 3837 τὸν
3669 3782 3794 3836 ἀντί-

2234 3883 2424 3947 παλον,
2463 3884 2557 3937 καὶ
2589 3879 2851 3945 ὑποτάξαι
2890 3879 2967 3950 τῷ
3007 3878 3341 3950 ἡττωμένῳ·
3386 3878 3637 3946 πεινήσω
3679 3874 3797 3943 ὑπὲρ

2234 3972 2326 4025 τοῦ
2352 3972 2538 4035 κακῶς
2560 3971 2837 4041 ὲδομένου,
2859 3973 2888 4023 6
2912 3969 3128 4040 τρέφων
3153 3969 3222 4023 τὰ
3252 3968 3546 4039 σύμπαντα
3568 3985 3585 3998 ·
3612 3967 3798 4035 διψήσω

2236 4068 2377 4137 ὑπὲρ
2408 4065 2498 4118 τοῦ
2528 4062 2856 4134 κατακρίτου
2878 4100 2894 4124 ,
2927 4064 2955 4115 6
2986 4061 3140 4114 ὑετὸν
3174 4059 3549 4131 παρεχόμενος
3577 4099 3594 4123 ,
3632 4058 3726 4110 καὶ
3751 4057 3799 4107 ἐν

2238 4159 2403 4233 σαρκὶ
2435 4154 2681 4219 πεζεύων
2721 4154 2819 4224 τὴν
2870 4153 3127 4207 ἄϐυσσον.
3179 4150 3442 4221 Βουλήσει
3490 4149 3799 4219 δεθήσομαιε

2237 4251 2331 4303 καὶ
2375 4246 2521 4300 λύσω
2568 4245 2657 4298 τὸν
2702 4244 3018 4313 ἀϐουλήτως
3063 4242 3316 4296 δεθέντα·
3366 4241 3799 4311 ὲμπαιχθήσομαι

2238 4341 2331 4394 καὶ
2362 4338 2818 4407 ὀνειδισθήσομαι,
2854 4337 2943 4389 ἵνα
2978 4334 3149 4405 ρυσθῇ
3180 4332 3277 4386 τοῦ
3316 4332 3552 4395 ὀνείδους
3594 4333 3701 4386 τῶν
3726 4334 3801 4385 ἀνί

2236 4432 2378 4504 δρῶν
2410 4432 2471 4483 τὸ
2498 4428 2752 4499 παραϐὰν
2779 4428 3019 4496 γύναιον.
3062 4426 3121 4479 Ὀ
3161 4425 3405 4493 πλάστης
3437 4423 3804 4493 ὲμπτυσθήσο-

2243 4539 2338 4590 μαι
2361 4518 2462 4590 τῆς
2501 4518 2703 4587 σαρκὸς
2733 4516 2830 4581 τὰς
2859 4515 3033 4584 ὄψεις,
3069 4516 3159 4568 ἵνα
3184 4514 3279 4568 τοῦ
3310 4513 3650 4577 πλασθέντος
3688 4516 3803 4566 ἁπο-

2241 4611 2432 4683 σμήξω
2455 4610 2515 4663 τὸ
2545 4608 2834 4680 πρόσωπον
2856 4625 2869 4638 ·
2909 4607 3323 4678 ῥαιητισθὴσομαι
3351 4605 3456 4658 ὑπὸ
3483 4604 3581 4656 τοῦ
3614 4606 3803 4658 οἰκεῖον⁴

2236 4707 2264 4757 ὁ
2296 4703 2405 4756 τῶν
2448 4701 2694 4768 ἀγγέλων
2740 4698 2946 4769 Κύριος
2966 4737 2980 4760 ,
3011 4697 3077 4750 ἵν’
3116 4696 3463 4767 ἐλευθερώσω
3496 4695 3594 4747 τὸν
3628 4694 3804 4749 δουλω-

2240 4795 2402 4847 θέντα
2430 4796 2494 4863 τῇ
2533 4791 2775 4862 ἁμαρτίᾳ
2794 4807 2807 4820 ·
2842 4792 2991 4860 ραπῇ
3021 4789 3128 4861 γὰρ
3157 4787 3498 4860 ἐλευθεροῦσι
3522 4790 3656 4850 τοὺς
3678 4785 3805 4839 οἰκέ-

2238 4904 2337 4949 τας
2368 4887 2417 4938 οἱ
2449 4884 2650 4954 κύριοι,
2684 4882 2799 4952 ἅμα
2829 4881 2925 4935 τοῦ
2964 4883 3156 4933 παῖσαι
3180 4883 3277 4950 τῆς
3310 4877 3551 4940 δουλείας
3587 4874 3785 4930 ἀπελαύ

2242 4993 2426 5039 νοντες
2502 4972 2788 5037 Ἀκάνθαις
2819 4971 3309 5041 στεφανωθὴσομαι
3349 4971 3377 5022 6
3414 4968 3690 5037 φυτεύσας
3732 4967 3805 5019 τὸν

2245 5069 2589 5141 παράδεισον,
2615 5066 2683 5118 ἵν’
2709 5062 3053 5135 ὲκριζωθῶσι
3080 5060 3287 5131 βροτῶν
3308 5062 3363 5114 αἱ
3392 5060 3652 5115 ἄκανθαι.
3680 5058 3804 5126 Χολῇ

2243 5159 2688 5230 ψωμισθήσομαι,
2722 5155 2816 5210 καὶ
2844 5153 2956 5218 ὄξει
2982 5153 3411 5225 ἁρδευθήσομαι,
3437 5150 3517 5220 τῷ
3542 5150 3812 5220 προσλήμρ

2250 5264 2378 5317 ματι
2410 5247 2590 5297 πᾶσαν
2620 5242 2963 5312 ἐκμυζαίνων
2988 5242 3088 5313 τὴν
3117 5242 3341 5312 πικρίαν
3372 5240 3471 5310 τῆς
3501 5239 3709 5310 βροτῶν
3733 5236 3790 5305 σύ

2248 5355 2401 5400 σεως.
2450 5336 2509 5388 Ὀ
2540 5335 2602 5388 τὸ
2648 5335 2820 5404 μάννα
2858 5334 2938 5405 τῷ
2990 5333 3206 5404 Ἰσραὴλ
3244 5332 3700 5403 παρασχόμενος,
3730 5328 3805 5383 ἐπὶ

2249 5428 2429 5498 βωμὸν
2462 5427 2555 5481 καὶ
2590 5428 2821 5496 σταυρὸν
2855 5428 3120 5496 φοιτήσω,
3154 5427 3217 5482 τὸ
3245 5425 3404 5496 σῶμα
3438 5422 3807 5496 καθηλωθῆναι

2244 5524 2271 5572 ὁ
2331 5519 2650 5589 ἀσώματος·
2713 5519 2801 5572 διὰ
2857 5517 3082 5590 βροτοὺς
3131 5519 3188 5571 δὲ
3225 5517 3385 5571 τοῦτο
3437 5517 3788 5589 περιθέμενος

2246 5612 2419 5680 τούτῳ
2464 5611 2613 5683 παρὰ
2667 5611 2937 5665 Ἰουδαίων
3001 5609 3371 5682 κρατούμενος
3418 5610 3449 5663 6
3486 5610 3806 5682 ἀκράτητος.

2248 5706 2421 5774 τούτῳ
2450 5706 2845 5774 θανατούξιενος
2869 5705 2897 5756 6
2918 5704 3204 5767 ἀθάνατος,
3231 5702 3309 5774 τῷ
3330 5700 3551 5774 θανάτῳ
3572 5702 3803 5761 θάνατος’

1788 5886 1974 5940 “Ps-al
2027 5900 2137 5945 xxx,
2173 5883 2252 5948 Π,
2289 5883 2368 5937 l8.
2443 5881 2484 5909 θ’
2520 5879 2674 5933 Rulli.
2715 5897 2829 5945 vni,
2863 5878 2951 5936 ‘29.
