4006 6386
224 412 364 467 1129

220 525 396 595 τούτῳ
445 524 761 595 ταφήσομαι
816 523 905 578 διὰ
960 527 1086 589 τοὺς
1139 529 1195 579 ἐν
1248 527 1349 599 ἅδῃ
1400 528 1802 599 τυγχάνονταςο

218 616 397 685 τινύτῳ
429 616 593 669 οἱονεὶ
619 616 799 690 πέτρᾳ
832 621 1059 687 πατάξω
1097 621 1309 674 ἐκείνου
1343 619 1540 683 πύλας,
1572 619 1807 688 ἐξάγων

220 705 675 777 πεπεδημένους
702 710 772 763 ἐν
793 711 1058 780 ἀνδρείᾳ,
1104 712 1285 774 καθώς
1317 730 1482 783 φησιν
1519 714 1548 766 ὸ
1591 711 1753 766 Δαόὶδ
1780 713 1809 765 ὁ

222 796 441 866 οἰκέτης
493 815 623 869 μου·
675 800 851 871 τούτῳ
892 803 972 865 εἰς
1003 803 1269 874 οὐρανοὺς
1314 803 1692 873 ἀναϐήσομαι,
1733 803 1806 872 μὴ

222 888 442 959 χρῄζων
466 889 807 957 ἀναϐάσεως,
834 893 870 947 ,ὁ
908 892 1132 964 πληρῶν
1163 894 1234 947 τὰ
1274 895 1567 964 σύμπαντα
1587 911 1601 925 ⁸
1635 894 1809 965 τούτῳ

224 982 289 1032 ἐκ
325 979 516 1045 δεξιῶν
555 981 868 1054 καθήσομαι
906 984 1002 1037 τοῦ
1048 986 1459 1056 ἀσχηματίστου
1503 986 1744 1057 Πατρὸς,
1782 986 1811 1037 ὁ

224 1072 346 1124 κατ’
393 1072 559 1128 αὐτὸν
613 1075 1056 1147 ἀσχημάτιστος·
1117 1079 1277 1131 τοῦτο
1321 1080 1442 1133 κατ’
1486 1080 1669 1133 εἰκόνα
1717 1078 1813 1132 καὶ¹

222 1162 484 1231 ὁμοίωσιν
510 1164 602 1218 τοῦ
636 1166 727 1218 ὑπ’
756 1166 889 1237 ἐμοῦ
924 1168 1220 1238 γενομένου
1249 1169 1502 1238 γενέσθαι
1534 1173 1622 1224 ἐπ’
1655 1171 1815 1241 ἐσχά-

222 1272 315 1306 του
361 1254 471 1308 τῶν
513 1257 720 1328 χρόνων
759 1259 1056 1330 ηὐδόκησα,
1088 1262 1401 1331 προωρίσας
1438 1262 1660 1333 ὲμαυτῷ
1705 1263 1809 1333 τῆς

222 1347 583 1419 δημιουργίας
610 1350 670 1403 τὸ
700 1351 981 1420 ἐσόμενον.
1010 1353 1073 1405 Εἰ
1102 1351 1283 1405 τοίνυν
1307 1352 1458 1406 δοκεῖ
1485 1370 1565 1406 σοι
1593 1354 1815 1423 βέϐαιος

222 1440 252 1491 ὁ
282 1438 378 1509 τῆς
406 1439 613 1503 εἰκόνος
645 1442 738 1494 καὶ
765 1442 1078 1512 ὁμοιώσεως
1108 1443 1283 1512 λόγος,
1311 1445 1588 1515 ἠρεμείτω
1616 1446 1650 1515 ἡ
1683 1446 1813 1515 περὶ

222 1525 428 1598 ταύτης
466 1527 561 1581 τοῦ
600 1529 787 1584 λοιποῦ
819 1530 1069 1602 ζήτησις.

223 1618 471 1675 futurum
527 1623 650 1677 erit.
700 1622 855 1690 Quod
914 1626 959 1680 si
1012 1626 1107 1680 tibi
1162 1626 1377 1681 videtur
1426 1636 1571 1682 certa
1624 1629 1741 1684 haec
1777 1628 1844 1684 de

224 1712 464 1784 amplius
487 1714 554 1769 de
582 1730 645 1770 ea
687 1719 1054 1773 percunctari.

789 1809 1038 1863 ΠΕΥΣΙΣ
1072 1810 1237 1868 ΡΞΖ’.

296 1893 362 1946 Τί
387 1890 504 1959 οὖν,
531 1897 563 1968 ἡ
594 1897 764 1968 Τριὰς
792 1898 1085 1973 ὲσαρκὼθη
1123 1903 1217 1959 καὶ
1248 1902 1668 1973 ἑνηνθρώπησεν
1693 1918 1707 1967 ;
1735 1902 1813 1954 Οὐ

223 1986 332 2059 γὰρ
375 1984 530 2041 εἶπεν
561 1992 589 2043 ὁ
630 1991 783 2054 Θεὸς.
832 1992 1182 2063 Ποιήσωμεν
1222 1992 1537 2061 ἄνθρωπον
1568 1996 1696 2048 κατ’
1728 1996 1812 2047 εὶ-

223 2079 373 2132 κόνα
423 2080 523 2133 καὶ
569 2084 878 2151 ὁμοίωσιν,
923 2084 1076 2150 ἀλλὰ,
1135 2085 1486 2155 Ποιήσωμεν
1503 2090 1821 2161 ἄνθρωπον

222 2172 352 2224 κατ’
381 2174 585 2227 εἰκόνα
617 2175 715 2227 καὶ
746 2177 1053 2245 ὁμοίωσιν,
1102 2178 1203 2231 οὐκ
1239 2178 1400 2249 ἐμὴν,
1446 2177 1560 2231 ἀλλ’
1605 2178 1813 2245 ἡμετέ-

216 2280 357 2331 ραν.

848 2358 1203 2429 Ἀπόκρισις.

299 2444 364 2497 Εἰ
395 2449 510 2510 τοῖς
548 2444 675 2520 ἑξῆς
713 2448 794 2519 τῷ
830 2448 975 2519 λόγῳ
1008 2451 1265 2521 ἐπιϐῆναι
1305 2450 1656 2524 θελήσωμεν,
1685 2454 1811 2506 ἑαυ-

223 2541 324 2613 τὴν
368 2540 583 2603 πάντως
621 2542 657 2611 ἡ
689 2540 948 2613 θεηγορία
994 2542 1355 2614 διασαφήσει,
1397 2543 1654 2613 λέγουσα,
1699 2545 1810 2599 Καὶ

221 2632 535 2700 ἐποίησεν,
570 2633 690 2703 οὐχὶ
722 2632 1008 2705 ἐποίησαν,
1039 2637 1073 2689 ό
1106 2636 1271 2701 Θεὸς,
1307 2636 1406 2707 οὐχ
1446 2636 1496 2689 οἱ
1531 2635 1675 2701 θεοὶ,
1705 2636 1814 2689 τὸν

223 2723 539 2793 ἄνθρωπον
588 2725 717 2779 κατ’
759 2723 965 2780 εἰκόνα
1006 2726 1190 2791 Θεοῦ,
1231 2727 1353 2797 οὐχὶ
1387 2727 1545 2780 θεῶν.
1583 2728 1684 2780 Διὰ
1719 2723 1812 2781 οὗν

224 2816 319 2871 τοῦ
352 2818 739 2887 Ποιήσωμεν,
780 2818 848 2872 τὰ
880 2819 1007 2891 τρία
1041 2819 1368 2889 σημαίνεται
1401 2821 1669 2890 πρόσωπα
1710 2819 1812 2889 τῆς

225 2909 490 2981 Θεότητος
510 2925 523 2940 ·
554 2910 640 2964 διὰ
673 2910 730 2963 δὲ
762 2910 856 2963 τοῦ
893 2911 1210 2979 Ἐποίησεν
1229 2953 1244 2978 ,
1288 2912 1348 2964 τὸ
1381 2912 1555 2965 ἑνικὸν
1582 2912 1682 2982 τῆς
1708 2911 1811 2980 φύ-

227 3018 366 3066 σεως
399 3002 493 3055 καὶ
527 3002 628 3070 τῆς
665 2999 882 3073 βουλῆς,
917 3002 1012 3055 καὶ
1041 3002 1133 3055 τοῦ
1168 3002 1462 3075 δράματος.
1509 3002 1595 3065 Ὠς
1627 3003 1720 3055 καὶ
1752 3002 1811 3068 ἐξ

226 3095 397 3165 αὐτῆς
427 3094 673 3165 ἔγνωμεν
697 3094 798 3165 τῆς
824 3094 1186 3166 δημιουργίας
1214 3093 1392 3166 ἡμῶν.
1423 3093 1531 3148 Καὶ
1563 3094 1814 3162 ἐποίησε

224 3187 333 3259 γὰρ
374 3190 407 3241 ό
442 3187 586 3254 Θεὸς
625 3188 732 3241 τὸν
764 3187 1101 3255 ἄνθρωπον,
1138 3186 1374 3240 ἐνταῦθα
1411 3186 1471 3239 τὸ
1506 3186 1684 3239 ἑνικὸν
1717 3187 1815 3256 τῆς

228 3280 441 3350 φύσεως
473 3282 692 3335 πάντων
719 3278 925 3351 βροτῶν
955 3278 1259 3350 παριστῶνο
1296 3280 1512 3348 Ἀρσεν
1533 3280 1629 3332 καὶ
1656 3278 1814 3345 θῆλυ

225 3373 516 3440 ἐποίησεν
564 3372 819 3437 αὐτούς⁸
867 3370 1102 3426 ἐνταῦθα
1151 3370 1419 3444 πρόσωπα
1460 3370 1656 3442 δηλῶν.
1705 3372 1816 3424 Καὶ

227 3462 456 3533 ἑτέρωθί
486 3479 675 3533 φησιν,
718 3462 1048 3531 Ἐξαλείψω
1076 3462 1183 3516 τὸν
1205 3462 1525 3530 ἄνθρωπον
1555 3462 1674 3516 ἀπὸ
1705 3460 1815 3529 τῆς

227 3553 342 3624 γῆς
376 3553 447 3607 ὃν
483 3553 777 3620 ἐποίησα·
828 3553 1075 3620 καίτοιγε
1119 3552 1370 3605 πλεῖσται
1421 3552 1679 3624 μυριάδες
1721 3553 1816 3605 ἀν-

228 3644 462 3716 θρώπων
489 3645 756 3717 ὑπῆρχον,
780 3645 829 3697 οἱ
861 3646 953 3697 ἐπὶ
982 3644 1107 3697 Νῶε
1130 3644 1619 3708 κατακλυσθέντες,
1649 3646 1696 3697 εἰ
1722 3644 1816 3698 καὶ

228 3738 409 3790 ἑνικὸν
438 3736 499 3789 τὸ
532 3736 705 3806 ῥῆμα·
736 3737 965 3807 ἑτέρωθι
996 3736 1050 3789 δὲ
1082 3736 1173 3791 τὸν
1201 3736 1515 3808 Φαραώνιον
1539 3754 1816 3808 πανστρα-

228 3829 317 3899 τιᾷ
351 3827 615 3899 βυθισμὸν
650 3826 1007 3899 τραγῳδοῦσα
1050 3828 1082 3899 ἡ
1124 3827 1244 3881 Θεία
1287 3828 1385 3899 τῆς
1428 3829 1649 3899 Μαρίης
1682 3828 1813 3900 ᾠδὴ,

234 3924 510 3992 ᾊσωμεν
534 3922 614 3987 τῷ
641 3922 858 3990 Κυρίῳ,
903 3922 1088 3992 φησιν,
1121 3920 1383 3987 ἐνδόξως
1425 3922 1534 3990 γὰρ
1574 3921 1819 3986 δεδόξα-

228 4028 390 4069 σται’
429 4015 618 4067 ἵππον
644 4014 745 4067 καὶ
770 4010 1078 4079 ἀναϐάτην
1098 4012 1344 4080 ἔρριψεν
1365 4015 1452 4079 εἰς
1473 4012 1813 4067 θάλασσαν’

229 4106 289 4158 τὸ
324 4104 525 4174 πλῆθος
554 4103 651 4174 τῆς
686 4103 853 4156 ἵππου
887 4103 1107 4166 ἑνικῶς,
1145 4103 1238 4156 καὶ
1266 4102 1361 4155 τοῦ
1393 4101 1625 4174 στρατοῦ
1656 4103 1818 4158 πάλιν

228 4196 490 4260 ὡσαύτως
546 4196 941 4267 μελῳδήσασα,
999 4197 1217 4249 πάντων
1272 4195 1690 4249 καταποθέντων
1740 4195 1818 4266 τῷ

243 4288 551 4361 Ἐρυθραξῳ
584 4288 835 4356 πελάγει,
864 4287 982 4358 ἃμα
1008 4286 1085 4357 τῷ
1111 4286 1358 4357 δυστήνῳ
1391 4286 1571 4340 αὐτῶν
1598 4287 1813 4341 ἄνακτι’

231 4381 372 4452 πρὸς
403 4380 460 4433 δὲ
488 4381 579 4434 τὸν
613 4380 821 4435 Μωσέα
854 4380 1043 4450 φησιν,
1092 4376 1239 4448 Ἐγὼ
1282 4381 1313 4431 ό
1347 4377 1493 4443 Θεὸς
1539 4378 1815 4447 Ἀϐραὰμ,

232 4476 330 4527 καὶ
360 4476 393 4526 ό
424 4471 567 4537 Θεὸς
612 4472 840 4535 Ἰσαὰκ,
872 4471 972 4526 καὶ
1000 4474 1033 4525 ό
1065 4471 1209 4536 Θεὸς
1252 4470 1479 4524 Ἰακώϐ·
1512 4469 1601 4523 διὰ
1633 4470 1730 4542 μὲν
1757 4469 1819 4523 τὸ

244 4564 393 4633 Ἐγὼ
422 4564 482 4617 τὸ
522 4563 698 4617 ἑνικὸν
735 4565 833 4617 καὶ
866 4562 1065 4616 ταύτὸν
1097 4561 1338 4633 δηλοῦσα
1385 4563 1418 4632 ἡ
1456 4561 1575 4614 θεία
1604 4561 1775 4632 Τριάς
1800 4579 1813 4592 ·

234 4657 323 4710 διὰ
354 4656 411 4709 δὲ
442 4656 503 4709 τὸ
529 4659 677 4726 τρεῖς
710 4656 771 4708 τὸ
811 4651 957 4719 Θεὸς
991 4656 1218 4724 φωνᾶσα
1246 4654 1345 4726 (ὅ),
1376 4654 1473 4718 τὰς
1502 4657 1650 4725 τρεῖς
1686 4655 1815 4707 ἑαυ-

232 4749 329 4818 τῆς
354 4746 705 4809 ὑποστάσεις,
734 4746 829 4799 καὶ
856 4746 1121 4816 πρόσωπα
1150 4745 1474 4816 παριστῶσα
1493 4761 1506 4774 °
1534 4744 1681 4811 ἅπαξ
1716 4744 1816 4815 μὲν

233 4844 292 4892 τὸ
333 4839 502 4908 Ἐγὼ,
531 4838 714 4909 τρίτον
747 4838 802 4891 δὲ
842 4837 901 4890 τὸ
940 4840 1085 4903 Θεὸς
1130 4836 1515 4908 φθεγξαμένη’
1546 4837 1682 4892 ἀλλὰ
1720 4837 1817 4891 καὶ

236 4931 269 4998 ἡ
311 4929 478 4979 πᾶσιν
522 4925 730 4996 ἄφατος
780 4926 873 4979 καὶ
909 4925 1240 4997 ἀπόρρητος,
1288 4927 1353 4979 ἐκ
1397 4927 1495 4996 τῆς
1539 4927 1820 4989 ἁείπαιδος

236 5021 453 5091 Μαρίας
485 5020 543 5073 ὲν
580 5020 740 5097 σαρκὶ
776 5017 1069 5090 θεανδρικὴ
1100 5018 1413 5088 θεοφάνεια,
1448 5018 1539 5071 τοῦ
1578 5019 1675 5090 μὲν
1706 5020 1819 5072 Πα-

236 5112 363 5184 τρὸς
395 5111 770 5183 βουληθέντος,
803 5108 896 5163 τοῦ
926 5110 989 5163 δὲ
1027 5109 1158 5164 Υἱοῦ
1192 5110 1571 5182 σαρκωθέντος
1596 5150 1610 5175 ,
1638 5112 1731 5164 τοῦ
1761 5111 1819 5165 δὲ

238 5202 551 5273 Πνεύματος
584 5202 1040 5272 συνεργήσαντος.
1075 5204 1233 5270 φαῖεν
1271 5202 1338 5256 ἂν
1371 5202 1683 5272 γεγονέναιο
1718 5203 1820 5255 οὐκ

238 5296 427 5366 ἀτονία
450 5294 543 5347 τοῦ
571 5294 687 5357 ἑνὸς
714 5294 853 5365 πρὸς
880 5294 942 5347 τὸ
969 5293 1183 5365 δρᾶμα,
1204 5293 1342 5347 ἀλλὰ
1369 5296 1502 5349 πᾶσι
1531 5294 1820 5366 συμφωνίᾳ.

234 5407 296 5442 τε
325 5389 420 5442 καὶ
450 5388 663 5459 ὲνότητι
691 5388 785 5441 καὶ
808 5388 1100 5460 ταυτότητι
1125 5388 1227 5458 τῆς
1259 5390 1388 5457 μιᾶς
1419 5388 1617 5459 βουλῆς
1643 5407 1702 5443 τε
1726 5391 1820 5444 καὶ

237 5481 544 5547 αὑθεντίας,
580 5481 676 5533 καὶ
723 5480 1007 5551 βασιλείας
1048 5481 1149 5551 τῆς
1197 5483 1255 5534 ἐν
1305 5482 1527 5553 Τριάδι,
1557 5484 1745 5537 εἴωθεν
1785 5485 1819 5554 ἡ

238 5572 425 5645 Γραφὴ
459 5571 659 5644 τριχῶς
690 5572 757 5626 τὰ
797 5572 968 5626 πολλὰ
1003 5574 1103 5643 τῆς
1138 5572 1425 5643 θεονργίας
1454 5574 1682 5645 διαιρεῖν
1704 5594 1715 5603 ·
1751 5576 1821 5629 τὰ

305 5754 350 5786 ⁷⁸
382 5753 523 5810 Psal.
552 5769 721 5821 Lxrtt,
757 5753 812 5808 9.
891 5755 933 5785 τί
975 5753 1112 5810 Gen.
1155 5772 1227 5820 vr,
1257 5756 1309 5812 7.
1387 5758 1430 5788 ⁷²
1455 5755 1630 5812 Exod.
1668 5776 1754 5824 xv,
1808 5760 1859 5826 l,
1892 5760 1981 5814 9.].

1614 409 1962 465 MALOGL'S
2024 408 2115 466 Ill.

3367 416 3505 470 Ηεο

1914 528 2110 583 faciam
2136 529 2203 583 ab
2227 527 2428 584 Judaeis
2458 533 2886 601 comprehensus
2914 532 3501 602 incomprehensibilis,

1918 621 2058 676 idem
2114 633 2366 677 mortuus
2415 624 2760 689 immortalis,
2809 626 2969 680 morti
3030 642 3180 682 mors
3229 647 3242 682 :
3298 628 3505 684 idcirro

1916 715 2145 783 sepeliar
2197 725 2417 785 propter
2464 731 2581 780 eos,
2618 717 2708 786 qui
2760 716 2812 770 in
2874 731 3007 773 orco
3054 730 3183 774 sunt
3237 740 3249 774 :
3298 723 3501 777 ideirco

1917 805 2081 859 veluti
2130 821 2321 861 sarum
2350 808 2568 876 aliquod
2598 810 2896 877 percutiam
2944 810 3089 867 illius
3122 824 3331 883 portas,
3376 819 3505 870 edu-

1918 914 2035 951 cens
2086 898 2286 951 vinctos
2328 899 2379 951 in
2429 900 2765 968 fortitudine,
2805 904 3264 970 quemadmodum
3329 909 3505 977 inquit

1920 990 2151 1045 Davides
2196 1007 2388 1046 servus
2440 1008 2595 1048 meus
2636 996 2702 1049 ⁷ο.
2740 997 2952 1050 idcirco
2990 999 3158 1053 ccelos
3184 1001 3502 1064 ascendam,

1919 1099 2027 1136 non
2094 1083 2345 1153 indigens
2396 1087 2742 1150 ascensione,
2791 1099 3049 1159 tanquam
3107 1092 3340 1162 implens
3377 1096 3506 1149 uni-

1917 1190 2098 1229 versa.
2123 1174 2331 1230 Idcirco
2353 1192 2383 1230 a
2410 1177 2617 1233 dextris
2641 1179 2847 1235 sedebo
2887 1182 3033 1237 nulla
3052 1182 3227 1238 forma
3254 1190 3499 1255 expressi

1916 1262 2118 1332 Patris,
2146 1277 2199 1322 et
2240 1268 2357 1337 ipse
2385 1269 2450 1322 ad
2485 1270 2631 1324 illius
2676 1271 3090 1329 similitudinem
3139 1278 3284 1331 nulla
3322 1279 3497 1334 forma

1916 1372 2230 1427 expressus.
2261 1359 2375 1416 Hac
2408 1364 2706 1418 secundum
2742 1365 3031 1436 imaginem
3082 1378 3137 1423 et
3188 1372 3504 1426 similitudi-

1919 1464 2042 1503 nem
2061 1451 2181 1520 ejus
2203 1452 2350 1521 quia
2384 1469 2471 1507 me
2493 1453 2668 1510 factus
2701 1467 2803 1519 est,
2842 1462 3131 1527 postremis
3162 1467 3500 1533 temporibus

1922 1539 2036 1594 ﬁeri
2068 1541 2262 1609 placet,
2299 1543 2393 1613 qui
2439 1546 2698 1600 constitui
2734 1548 2987 1619 mihiipsi
3029 1554 3174 1621 quod
3202 1555 3255 1609 in
3280 1557 3500 1627 Opiﬁcio

1908 1630 2145 1704 imagine
2200 1646 2256 1690 et
2306 1637 2665 1694 similitudine
2724 1643 2942 1709 oratio,
3001 1645 3189 1702 desine
3243 1648 3500 1721 deinceps

2300 1811 2821 1872 INTERROGATIO
2861 1818 2995 1874 CLX
3010 1820 3114 1876 νη.

1986 1904 2126 1971 Quid
2168 1904 2370 1973 igitur?
2418 1905 2557 1959 Num
2603 1906 2846 1965 Trinitas
2891 1911 3171 1969 incarnata
3220 1928 3274 1971 et
3334 1922 3500 1977 homo

1913 1996 2055 2051 facta
2103 1996 2227 2050 est?
2260 1995 2378 2051 Non
2429 2000 2572 2052 enim
2602 2001 2740 2055 dixit
2784 2002 2945 2065 Deus.
2987 2005 3277 2063 Faciamus
3320 2013 3501 2066 immi-

1913 2106 2036 2145 nem
2063 2089 2362 2144 secundum
2390 2090 2680 2160 imaginem
2709 2112 2721 2147 :
2756 2094 2873 2158 sed,
2912 2095 3201 2153 Faciamus
3231 2102 3498 2157 hominem

1910 2182 2197 2236 secundum
2223 2182 2505 2251 imaginem
2535 2193 2582 2237 et
2615 2185 3018 2241 similitudinem
3036 2206 3142 2245 non
3172 2208 3372 2258 meam,
3405 2197 3498 2251 sed

1912 2281 2166 2323 nostram.
2219 2297 2221 2299 ι
2870 2282 2877 2283 “

2550 2360 2852 2429 Responsio.

1986 2452 2044 2506 Si
2087 2451 2139 2505 in
2178 2451 2245 2505 iis
2280 2466 2403 2522 quae
2437 2447 2629 2509 ordine
2679 2457 2733 2509 in
2774 2472 2840 2511 eo
2878 2472 3133 2515 sermone
3172 2476 3499 2539 sequuntur,

1914 2537 2121 2608 ingredi
2156 2540 2490 2595 voluerimus
2512 2582 2527 2606 ,
2567 2544 2921 2612 semetipsum
2958 2549 3119 2619 plane
3142 2537 3504 2611 divinusvser-

1915 2645 2004 2683 mo
2054 2630 2373 2695 declarabit,
2432 2634 2621 2690 dicens
2674 2655 2686 2688 :
2743 2635 2812 2690 Et
2862 2638 3013 2707 fecit,
3056 2657 3166 2697 non
3205 2643 3498 2701 fecerunt:

1917 2719 2076 2787 Deus,
2106 2737 2213 2777 non
2257 2723 2367 2786 dii“,
2419 2724 2681 2779 hominem
2733 2730 3022 2784 secundum
3049 2733 3332 2805 imaginem
3383 2738 3502 2807 Dei,

1915 2826 2021 2865 non
2068 2813 2318 2868 deorum.
2343 2812 2447 2869 Per
2480 2816 2529 2870 id
2586 2819 2751 2888 igitur
2778 2822 2925 2890 quod
2952 2823 3151 2895 inquit,
3191 2827 3500 2893 Faciamus,

1915 2909 2026 2956 tres
2072 2904 2383 2958 indicantur
2440 2922 2687 2975 personze
2717 2910 3052 2983 divinitatis;
3081 2933 3178 2988 per
3223 2921 3277 2976 id
3320 2934 3501 2979 autem

1913 2994 2060 3063 quod
2120 2997 2313 3067 inquit,
2357 2998 2530 3067 Fecit,
2573 3003 2756 3059 unitas
2806 3016 3021 3063 naturae
3078 3022 3133 3065 et
3177 3015 3393 3074 consilii
3452 3030 3503 3072 rt

1915 3089 2117 3155 operis,
2153 3094 2618 3159 quemalmodnm
2668 3104 2722 3150 et
2755 3111 2821 3151 ex
2867 3110 3052 3156 nostra
3103 3105 3381 3161 creatione
3406 3123 3502 3165 co-

1915 3183 2224 3252 gnovimus.
2245 3183 2379 3238 Nam
2407 3188 2553 3256 quod
2578 3188 2775 3259 inquit,
2803 3190 2871 3244 Et
2890 3194 3015 3261 fecit
3044 3194 3191 3251 Deus
3216 3200 3502 3262 hominem.

1917 3276 2183 3330 unitatem
2241 3288 2451 3332 natura:
2504 3282 2749 3336 omnium
2798 3284 3082 3343 hominum
3110 3288 3449 3350 demonstrat
3489 3315 3502 3349 :

1917 3363 2218 3421 Mascutum
2253 3379 2303 3422 et
2355 3371 2611 3440 feminam
2660 3373 2784 3442 fecit
2827 3390 2937 3442 eos,
2969 3394 3235 3449 personas
3277 3384 3502 3444 indicat.

1918 3456 1985 3511 Et
2038 3459 2167 3513 alibi
2221 3460 2445 3531 inquit:
2492 3462 2685 3519 Delebo
2750 3466 3011 3522 hominem
3062 3472 3126 3525 de
3176 3485 3318 3529 terra
3353 3493 3505 3547 quem

1917 3550 2019 3619 feci
2065 3553 2133 3604 τί.
2198 3553 2365 3624 Atqui
2414 3557 2661 3624 plurimm
2705 3559 2979 3628 myriades
3030 3564 3313 3622 hominum
3350 3583 3507 3626 erant

1917 3642 2010 3711 qui
2045 3647 2385 3714 temporibus
2410 3646 2524 3703 Noe
2546 3648 2754 3704 diluvio
2781 3653 2943 3707 mersi
2976 3665 3127 3720 sunt,
3162 3660 3287 3715 licet
3315 3662 3504 3733 singua

1918 3734 2029 3789 lare
2106 3738 2333 3793 verbum
2386 3740 2477 3795 sit.
2545 3742 2688 3797 Alibi
2760 3744 2886 3798 item
2957 3750 3126 3805 totius
3174 3750 3503 3812 Pharaonici

1917 3828 2196 3884 exercitus
2227 3832 2663 3888 submersionem
2688 3850 2891 3892 canens
2916 3854 3131 3896 sacrum
3162 3845 3292 3901 illud
3324 3848 3506 3906 Mariae

1917 3934 2137 3976 carmen
2173 3942 2187 3977 :
2220 3924 2506 3981 Cantemus
2550 3928 2803 3996 Domino,
2846 3934 3045 4005 inquit,
3087 3940 3316 4008 gloriose
3365 3948 3503 3997 enim

1917 4014 2249 4086 gloriﬁcatus
2318 4026 2399 4071 est
2438 4034 2457 4071 :
2511 4036 2701 4091 equum
2748 4033 2797 4076 et
2841 4042 3169 4082 ascensorem
3211 4033 3401 4102 defecit
3452 4041 3504 4090 in

1919 4122 2064 4160 mare
2094 4108 2160 4161 τ’.
2210 4107 2610 4167 Multitudinem
2667 4116 2946 4184 equitatus
3002 4121 3369 4193 singulariter,
3418 4128 3507 4182 iti-

1919 4199 2154 4271 demque
2203 4204 2475 4260 exercitus
2509 4207 2766 4264 similiter
2814 4212 3133 4282 decantans,
3163 4221 3420 4277 omnibus
3453 4224 3503 4277 in

1922 4290 2110 4347 Rubro
2154 4296 2290 4350 mari
2330 4297 2632 4355 submersis
2674 4318 2780 4357 una
2808 4320 2931 4359 eum
2972 4307 3171 4365 infelici
3222 4328 3346 4383 rege
3382 4332 3502 4370 suo.

1920 4383 2004 4437 Ad
2055 4382 2263 4439 Mosem
2297 4396 2480 4442 autem
2528 4390 2706 4461 inquit
2737 4411 2751 4446 τ
2787 4392 2900 4463 Ego
2930 4395 3068 4451 Deus
3108 4382 3417 4469 Abrahami,
3459 4420 3507 4461 et

1922 4470 2065 4529 Deus
2089 4474 2292 4543 Isaaci,
2326 4489 2375 4533 et
2417 4482 2558 4535 Deus
2598 4482 2790 4538 Jacobi
2842 4487 2907 4540 ⁷³.
2944 4488 3048 4545 Per
3089 4494 3219 4550 illud
3264 4499 3504 4567 quidem.

1926 4564 2059 4636 Ego,
2088 4570 2351 4624 unitatem
2379 4582 2432 4626 et
2454 4571 2790 4631 identitatem
2815 4594 2970 4634 suam
3008 4564 3321 4652 signiﬁcans
3352 4605 3507 4646 saera

1924 4655 2164 4715 Trinitas
2192 4677 2206 4725 ;
2240 4676 2335 4732 per
2360 4662 2411 4716 id
2439 4679 2566 4719 vero
2607 4668 2751 4736 quod
2786 4683 2867 4725 ter
2900 4670 3038 4726 Deus
3062 4675 3217 4742 dixit,
3246 4687 3354 4734 tres
3378 4697 3507 4737 suas

1924 4749 2247 4821 hypostases
2284 4762 2338 4808 et
2377 4769 2641 4823 personas
2678 4758 3093 4831 demonstrans;
3158 4771 3323 4825 semel
3386 4774 3510 4842 qui-

1921 4839 2044 4894 dem
2097 4839 2230 4911 Ego,
2268 4851 2349 4895 ter
2396 4853 2577 4899 autem
2629 4844 2767 4901 Deus
2811 4850 3020 4906 dicens.
3065 4852 3168 4907 Sed
3215 4865 3270 4910 et
3299 4872 3361 4912 ea
3390 4839 3511 4928 qna.-

1921 4931 2178 4987 omnibus
2203 4944 2286 4988 est
2308 4933 2593 4992 ineﬂ'abilis
2614 4948 2667 4993 et
2695 4941 3035 5010 abscondita,
3075 4961 3142 5000 ex
3169 4944 3339 5003 Maria
3366 4967 3511 5005 sem~

1924 5039 2020 5093 per
2053 5025 2258 5096 virgine
2289 5027 2426 5081 uniti
2469 5045 2595 5085 cum
2631 5031 2738 5089 Deo
2769 5035 3010 5092 hominis
3043 5038 3097 5091 in
3130 5055 3296 5095 carne
3323 5056 3508 5098 sancta

1923 5118 2214 5189 apparitio,
2245 5121 2421 5176 Patris
2451 5124 2669 5192 quidem
2719 5129 2813 5197 qui
2848 5131 3038 5191 voluit.
3090 5132 3212 5188 Filii
3254 5150 3383 5190 vero
3415 5139 3509 5206 qni

1924 5211 2241 5269 incarnatus
2265 5225 2368 5281 est,
2400 5212 2640 5286 Spiritus
2662 5221 2835 5274 sancti
2859 5232 3040 5276 autem
3064 5224 3156 5292 qui
3185 5237 3509 5294 cooperatus

1926 5315 2029 5368 est,
2056 5304 2227 5362 fuisse
2256 5308 2361 5362 dici
2412 5319 2597 5379 queat.
2648 5310 2765 5366 Non
2809 5324 3029 5384 propter
3076 5316 3508 5375 inemcacitatem

1927 5396 2090 5450 unius
2113 5397 2177 5450 ad
2203 5396 2590 5466 perﬁciendum
2616 5400 2668 5454 id
2693 5416 2854 5471 opus,
2887 5405 2978 5459 sed
2998 5416 3216 5476 propter
3238 5409 3507 5480 integrum

1927 5502 2280 5552 consensum,
2316 5497 2371 5544 et
2399 5490 2691 5557 unitatem,
2723 5504 2778 5547 et
2818 5494 3156 5551 identitatem
3186 5500 3346 5554 unius
3371 5515 3507 5554 con-

1930 5579 2065 5645 silii,
2105 5586 2157 5632 et
2190 5580 2566 5646 auetoritaris,
2623 5594 2675 5637 et
2728 5585 2880 5655 regni
2936 5587 2988 5640 in
3040 5586 3325 5656 Trinitate,
3372 5592 3507 5647 solet

2062 5758 2109 5795 ⁷³
2150 5757 2321 5813 Exod.
2362 5762 2562 5827 "1,15,
2603 5762 2687 5817 16.

307 5910 384 5980 (5)
431 5914 655 5980 Τρεῖς...
691 5910 966 5981 φωνᾶσα.
1005 5874 1087 5968 Ᾰη
1133 5914 1422 5986 legendum
1466 5919 1654 5989 τρὶς...
1701 5921 2000 5989 φωνήσασα
2030 5920 2111 5976 vel
2149 5917 2436 5989 φωνοῦσατ
2471 5918 2628 5975 Ευιτ.

553 6005 825 6067 Ριτιιοι..
851 6006 972 6069 Gn.
1009 6008 1371 6075 XXXVI”.
