4006 6386
236 437 362 489 ιίῦῒὶ
419 477 423 482 .

233 554 472 626 ματίστῳ
523 553 773 623 θεότητι·
814 553 875 607 τὸ
927 553 1023 625 μὲν
1077 551 1185 623 γάρ
1231 550 1485 622 ἔναιμον,
1523 551 1796 621 ιμψυχον,

236 647 581 715 κατάνευρον,
611 644 859 716 ἐρυθρὸν,
893 644 1314 717 διηρθρωμένον,
1337 641 1607 704 ποικίλαις
1635 643 1818 715 ἀρτηέ

236 737 375 808 ρίαις
399 738 492 790 καὶ
522 735 748 804 φλέῦαις
776 776 792 791 .
828 776 842 790 .
881 774 895 789 .
931 775 946 790 .
981 737 1228 807 χύμενον,
1259 731 1339 798 οἷς
1367 735 1462 788 καὶ
1490 735 1519 785 ὁ
1544 732 1802 802 δημιουρη-

231 829 325 896 γδς
355 829 524 894 Λόγος
565 825 954 880 διαπέπλεκται
995 827 1156 898 μέχρι
1198 823 1399 897 τριχῶν
1441 823 1534 876 καὶ
1562 821 1799 893 ὀνύχων·

232 920 365 975 Θεοῦ
396 919 504 989 γάρ
525 918 685 990 τρίχα
713 917 854 988 φημί⁵
883 919 980 989 τὴν
1010 917 1268 988 Χριστοῦ,
1293 917 1494 987 ὁμοίως
1524 916 1616 968 καὶ
1640 914 1804 970 πόδας

235 1011 327 1064 καὶ
369 1009 598 1079 ὄνυχας,
635 1009 728 1061 καὶ
761 1003 898 1079 αἷμα
937 1009 1032 1061 καὶ
1065 1007 1228 1077 ὕδωρ.
1282 1009 1358 1060 Δι’
1400 1007 1499 1077 ἐμὲ
1543 1006 1650 1078 γὰρ
1695 1008 1805 1067 τοῖς

236 1104 387 1172 ἐμοῖς
448 1103 477 1154 ὁ
537 1100 707 1168 Λόγος
746 1100 982 1170 ἥνωται·
1038 1100 1131 1153 καὶ
1177 1099 1290 1152 ἔστι
1343 1099 1403 1151 τὸ
1452 1099 1548 1168 μὲν
1601 1096 1804 1168 ὄρθιον,

235 1190 660 1263 διηρθρωμένον,
696 1188 1040 1260 πορευτικὺν,
1068 1188 1375 1260 δραστικὸν,
1408 1188 1470 1241 τὸ
1491 1187 1547 1241 δὲ
1583 1204 1807 1258 περιφε-

242 1283 350 1354 ρὲς,
386 1281 755 1351 ἀνάρθρωτον,
797 1280 1023 1351 ἄψυχον,
1059 1281 1322 1350 ἄναιμον,
1359 1279 1646 1350 ἀκίνητον,
1678 1278 1806 1332 ούθ-

237 1373 410 1444 ετέρῳ
447 1373 640 1437 ἐοικὸς,
675 1373 735 1425 οὐ
781 1371 857 1442 τῷ
895 1371 1155 1443 ὁρωμένῳ
1194 1371 1286 1424 τοῦ
1314 1371 1544 1442 ἀοράτου
1575 1370 1806 1440 θεότητι,

239 1462 567 1532 πιστεύομεν
590 1461 647 1514 δὲ
672 1462 821 1531 ὅμως
848 1464 914 1532 τῇ
936 1461 1216 1533 θεηγορίᾳ,
1249 1461 1342 1514 καὶ
1369 1461 1466 1530 οὐχ
1497 1460 1572 1524 ὡς
1601 1461 1806 1530 ὅμοιον,

239 1553 273 1624 ἢ
312 1551 443 1605 ῐσον·
475 1550 609 1604 ἀλλά
633 1552 838 1622 κυρίως
869 1553 961 1606 καὶ
991 1552 1272 1623 ἀραρότως
1300 1552 1428 1605 αὐτὸ
1456 1552 1721 1623 ὑπάρχειν
1749 1552 1810 1603 τὸ

242 1642 381 1695 θεῖον
417 1641 593 1711 σῶμα,
633 1641 692 1693 τὸ
720 1641 811 1693 ἐπὶ
843 1642 942 1710 τῆς
988 1641 1138 1706 θείας
1180 1643 1459 1715 τραπέζης
1493 1643 1808 1716 ἱερουργού-

244 1747 402 1801 μενον
425 1770 440 1795 ,
474 1731 567 1784 καί¹
594 1730 672 1801 τῷ
704 1729 874 1802 θιάσῳ
918 1730 1096 1801 πάντη
1127 1732 1384 1804 ἀτμήτως
1413 1733 1809 1804 διαιρούμενον,

242 1821 334 1874 καὶ
379 1821 629 1890 ἀλήκτως
683 1821 1057 1893 μετεχόμενον.
1090 1821 1225 1876 Οὐδὲ
1265 1821 1374 1893 γάρ
1403 1824 1431 1876 ὀ
1459 1822 1607 1894 ἣλιος
1655 1822 1807 1894 λήγει

241 1915 351 1976 τοῖς
376 1911 650 1982 δεομένοις
670 1912 729 1967 τὸ
758 1913 957 1982 φέγγος
987 1912 1241 1985 παρέχων
1263 1931 1275 1943 ·
1307 1913 1427 1966 οὐδὲ
1458 1913 1691 1968 θάλαττα
1719 1913 1810 1967 διά

239 2003 332 2057 τοῦ
362 2003 488 2067 ἁλὸς
516 2003 850 2074 μετεχομένη
878 2002 970 2057 τοῦ
992 2003 1185 2065 κύτους
1206 2003 1443 2072 ὑφίεται·
1473 2004 1594 2057 οὐδὲ
1618 2003 1678 2057 ea
1700 2002 1811 2075 πῦρ

247 2096 446 2167 μυρίας
475 2095 734 2163 ὑφάπτων
767 2095 1053 2166 λαμπάδας
1098 2096 1451 2167 μαραίνεται,
1481 2096 1512 2166 ἢ
1547 2095 1812 2166 μειοῦται,

249 2189 322 2259 μὴ
364 2187 637 2250 λείποντος
689 2187 781 2240 τοῦ
839 2189 1287 2258 ὑποστρέφοντος,
1336 2189 1430 2242 καὶ
1473 2189 1564 2242 τὸν
1611 2188 1815 2259 πυρσὸν

245 2280 548 2352 ἐγείροντος
571 2297 585 2310 °
619 2281 727 2336 οὐδ’
754 2276 818 2333 αὖ
856 2280 1018 2334 πάλιν
1046 2283 1074 2334 ό
1100 2282 1209 2354 ἀὴρ
1237 2284 1302 2352 τῇ
1337 2284 1577 2353 ἀναπνοῇ
1603 2282 1819 2336 πάντων

247 2371 505 2443 ιμψύχων
539 2371 884 2444 βραχύνεται.
916 2373 1025 2426 Καὶ
1055 2372 1236 2439 πάλιν,
1281 2373 1343 2426 '0
1366 2372 1454 2442 μὴ
1495 2375 1817 2436 πιστεύων,

249 2465 432 2534 φησιν,
468 2466 554 2530 είς
587 2464 691 2533 ἐμὲ
710 2505 723 2528 ,
754 2463 870 2532 ἤδη
921 2463 1177 2530 κέκριται
1203 2506 1218 2528 ,
1250 2466 1432 2534 μήπου
1461 2464 1649 2534 κρίνας
1675 2463 1818 2516 τινά.

261 2555 322 2610 '0
348 2555 416 2609 δὲ
440 2557 743 2610 πιστεύων
773 2559 859 2620 εις
889 2556 1026 2625 ἐμὲ,
1058 2555 1184 2625 ἔχει
1216 2555 1355 2624 ζωὴ)
1391 2556 1631 2609 αἰώνιον
1654 2570 1668 2584 ·
1719 2557 1822 2626 μή-

249 2663 351 2699 που
375 2647 432 2699 δὲ
461 2647 740 2719 είληφότες
761 2647 930 2716 αὐτὴν
955 2649 1003 2699 oi
1035 2645 1404 2712 πιστεύοντες,
1431 2646 1593 2718 μέχρι
1619 2635 1838 2716 ταύτης

249 2736 628 2807 ἀπαλλαγῆναι
660 2739 757 2808 τῆς
795 2737 1072 2809 ὲμπαθοῦς
1105 2737 1197 2790 καὶ
1229 2737 1492 2801 ὑλώδους·
1527 2740 1590 2791 ὲκ
1621 2737 1822 2807 ταύτης

249 2829 356 2900 γάρ
412 2828 497 2881 ἐπ’
549 2827 763 2899 εκείνην
805 2827 1172 2897 διαϐαίνομεν.
1238 2826 1396 2882 Ἀλλά
1444 2830 1510 2898 τῇ
1563 2826 1824 2898 θεηγορία

249 2918 616 2983 πιστεύοντες,
645 2921 738 2972 καὶ
760 2918 821 2972 τὸ
852 2918 1042 2988 μέλλον
1065 2918 1326 2988 ἀσφαλῶς
1354 2918 1586 2989 ἔχοντες,
1617 2919 1693 2981 ὡς
1721 2919 1822 2989 ἤδη

249 3011 652 3079 ἑγκαθεστῶτες
704 3011 840 3082 αὐτῇ
899 3009 1238 3081 διακείμεθα.
1302 3011 1534 3081 Ὁμοίως
1579 3008 1825 3072 νοοῦντες

251 3104 344 3156 καὶ
377 3105 466 3156 τὸν
507 3104 634 3173 περὶ
664 3103 759 3174 τῆς
787 3103 992 3168 εἰκόνος
1029 3103 1184 3172 λόγον
1206 3142 1220 3166 ,
1247 3101 1324 3173 τῷ
1354 3100 1671 3174 προορισμῷ
1702 3099 1824 3156 καθ’

247 3193 396 3262 ἡμᾶς
445 3193 544 3265 τῆς
584 3193 677 3247 τοῦ
698 3190 870 3263 Λόγου
913 3193 1242 3267 μορφώσεώς
1296 3210 1353 3247 τε
1400 3195 1493 3248 καὶ
1523 3196 1827 3264 γεννήσεως

249 3285 344 3336 καὶ
392 3283 711 3355 βιοτεύσεως
753 3283 1170 3356 ἀπαρτίζεσθαι,
1227 3285 1471 3356 ἀπούσης
1521 3283 1684 3338 αὑτοῦ
1723 3284 1821 3354 τῆς

250 3375 464 3430 ἀνοσίου
489 3376 708 3440 κακίας.

1611 430 1953 486 BIALOGUS
1991 429 2075 485 Ill.

3345 431 3479 484 HM

1905 549 2022 604 tati.
2077 546 2211 603 Illud
2256 548 2400 603 enim
2451 549 2773 619 sanguinem
2827 548 3090 613 continet,
3150 549 3477 614 animatum,

1907 641 2158 706 rubrum,
2186 650 2241 695 et
2264 641 2616 695 articulatum
2648 650 2752 704 est,
2783 649 2837 695 et
2870 642 3040 696 variis
3071 641 3288 706 arteriis
3315 650 3481 712 atque

1906 732 2060 786 venis
2087 731 2425 795 distinctum,
2458 733 2660 801 quibus
2693 741 2747 786 et
2777 731 2958 802 Opilex
2991 733 3080 787 ille
3112 731 3350 788 Verbum
3384 750 3478 788 va—

1909 824 2145 892 riegatus
2191 832 2310 877 erat
2359 839 2530 892 usque
2585 825 2650 878 ad
2703 823 2842 894 pilos
2893 834 2947 878 et
2983 841 3211 895 ungues.
3252 825 3478 880 Comam

1907 914 2051 968 enim
2108 912 2203 968 Dei
2247 901 2387 968 voco
2438 913 2642 970 Christi
2680 931 2916 980 comam,
2955 917 3208 970 similiter
3233 926 3288 971 et
3317 919 3482 987 pedes

1906 1014 1961 1057 et
1997 1019 2229 1075 ungues,
2272 1012 2327 1058 et
2368 1005 2717 1074 sanguinem,
2756 1015 2811 1059 et
2864 1021 3083 1075 aquam.
3131 1005 3361 1076 Propter
3397 1025 3483 1063 me

1907 1095 2052 1151 enim
2085 1096 2221 1151 meis
2245 1095 2456 1150 unitum
2491 1103 2575 1150 est
2605 1096 2859 1154 Verbum.
2901 1097 3103 1169 Estque
3132 1099 3237 1154 hoc
3263 1101 3480 1169 quidem

1907 1193 2148 1240 erectum
2196 1185 2425 1240 artubus
2473 1187 2860 1256 compositum,
2907 1187 3190 1244 incedendi
3229 1191 3338 1244 vim
3385 1191 3484 1246 ha-

1909 1276 2046 1332 bens
2071 1285 2125 1330 et
2154 1277 2347 1348 agendi
2389 1295 2400 1331 :
2447 1276 2579 1332 illud
2624 1287 2805 1332 autem
2841 1281 3160 1347 rotundum,
3203 1297 3312 1336 non
3355 1285 3487 1337 arti-

1911 1368 2174 1431 culatum,
2210 1367 2594 1435 inanimatum,
2630 1370 2898 1438 sanguine
2923 1385 3138 1437 carens,
3185 1373 3482 1438 immobile,

1911 1467 1965 1513 et
1986 1468 2182 1514 neutro
2212 1459 2391 1514 simile
2425 1479 2438 1515 :
2470 1475 2580 1514 non
2614 1461 2662 1515 ei
2695 1461 2787 1530 qui
2818 1462 3084 1526 cernitur,
3117 1474 3168 1516 et
3197 1463 3486 1518 invisibilis

1911 1559 1995 1604 est
2043 1550 2344 1606 divinitate.
2404 1552 2693 1608 Credimus
2765 1551 3123 1607 nihilominus
3186 1554 3485 1608 secundum

1914 1657 2223 1698 sermonem
2281 1643 2549 1707 divinum,
2608 1645 2822 1699 etiamsi
2876 1661 2984 1699 non
3034 1645 3107 1700 sit
3171 1645 3348 1702 simile
3403 1623 3487 1700 νὲι

1913 1736 2144 1806 aequale,
2177 1736 2396 1805 proprie
2421 1744 2604 1790 tamen
2644 1743 2698 1790 et
2723 1737 3108 1791 convenienter
3138 1735 3190 1790 id
3220 1752 3342 1792 esse
3372 1753 3490 1793 eor-

1916 1841 2019 1898 pus
2048 1827 2318 1890 divinum,
2348 1827 2493 1897 quod
2531 1827 2585 1880 in
2629 1827 2812 1880 divina
2848 1843 3038 1882 mensa
3082 1838 3270 1884 sancte
3297 1844 3489 1886 conse-

1917 1926 2122 1980 cratur,
2179 1928 2232 1972 et
2279 1918 2535 1973 universo
2577 1921 2742 1974 emtui
2794 1936 2950 1975 sacro
2994 1922 3199 1991 absque
3248 1924 3490 1978 sectione

1917 2007 2200 2074 dividitur,
2249 2017 2304 2064 et
2349 2009 2556 2078 absque
2597 2007 2810 2064 defectu
2867 2011 3248 2078 participatur.
3301 2010 3490 2081 Neque

1917 2100 2061 2154 enim
2111 2099 2192 2154 sol
2245 2100 2444 2154 desinit
2489 2099 2723 2170 indignis
2771 2101 2947 2156 lucem
3005 2103 3265 2171 praebere,
3316 2121 3491 2174 neque

1919 2203 2072 2242 mare
2113 2203 2210 2258 per
2257 2190 2426 2243 salem
2472 2188 2876 2258 participatum,
2916 2203 3090 2258 usque
3139 2189 3204 2242 ad
3256 2188 3489 2244 fundum

1919 2278 2263 2343 exhauritur,
2299 2292 2475 2342 neque
2512 2277 2651 2348 ignis
2694 2277 2933 2332 infinitas
2976 2277 3311 2334 succendens
3343 2277 3492 2334 faces

1922 2369 2227 2439 languescit
2281 2379 2374 2424 aut
2420 2371 2709 2435 minuitur,
2762 2386 2868 2424 non
2916 2369 3206 2425 deficiente
3244 2386 3310 2425 eo
3349 2371 3492 2439 «illud

1923 2463 2132 2526 subest,
2155 2471 2210 2516 et
2235 2462 2510 2517 ﬂammam
2532 2462 2749 2517 excitat.
2771 2460 2956 2533 Neque
2979 2463 3105 2516 item
3133 2478 3227 2518 aer
3247 2463 3493 2517 omnium

1923 2554 2291 2610 animatorum
2329 2555 2690 2626 respiratione
2742 2555 3103 2610 imminuitur.
3152 2555 3361 2612 Rursus
3397 2559 3493 2612 ait.

1926 2643 2030 2710 Qui
2053 2661 2154 2698 non
2186 2647 2352 2699 credit
2387 2647 2439 2699 t'tt
2468 2663 2566 2708 me,
2595 2646 2713 2716 jam
2744 2648 3122 2701 condemnatus
3148 2658 3224 2700 est
3254 2650 3299 2680 ⁸⁰
3331 2669 3343 2704 :
3369 2666 3494 2703 cum

1924 2739 2164 2794 nondum
2209 2739 2509 2809 judicasset
2541 2754 2892 2809 quemquam.
2938 2737 3042 2804 Qui
3089 2755 3205 2792 vero
3247 2741 3412 2794 credit
3439 2741 3494 2793 in

1925 2845 2025 2893 me,
2054 2829 2206 2883 habet
2239 2831 2402 2883 vitam
2423 2839 2678 2884 (sternam
2704 2829 2774 2892 ¹¹¹,
2802 2845 2862 2884 ea
2907 2830 3148 2885 nondum
3188 2841 3399 2900 recepta
3426 2831 3494 2884 ab

1926 2922 1995 2976 iis
2051 2921 2144 2991 qui
2201 2921 2453 2985 credunt,
2491 2920 2664 2976 donec
2715 2920 2818 2975 hac
2871 2921 3150 2978 aﬂectibus
3185 2923 3499 2994 obnoxiaet

1926 3027 2111 3067 crassa
2147 3013 2255 3067 vita
2307 3012 2520 3067 liberati
2557 3010 2779 3069 fuerint.
2809 3011 2886 3067 Ex
2929 3015 3037 3080 hac
3076 3015 3220 3068 enim
3255 3014 3320 3068 ad
3352 3013 3496 3067 illam

1932 3103 2249 3160 transimus.
2299 3102 2406 3159 Sed
2456 3103 2698 3158 sermoni
2752 3103 2938 3159 divino
2986 3105 3306 3172 credentes,
3355 3104 3502 3160 futu-

1931 3208 2169 3263 rumque
2191 3203 2342 3249 certo
2371 3203 2640 3260 tenentes,
2675 3196 2842 3249 veluti
2875 3197 2920 3250 si
2945 3197 3056 3266 jam
3105 3199 3159 3253 in
3191 3213 3255 3252 ea
3299 3198 3502 3253 consti-

1931 3281 2030 3335 tuti
2060 3283 2256 3350 simus,
2288 3284 2359 3337 ita
2385 3299 2577 3340 sumus
2602 3283 2802 3339 allecti.
2835 3283 3098 3340 Similiter
3141 3288 3504 3359 intelligamus

1929 3385 1982 3428 et
2015 3388 2136 3428 eum
2164 3375 2259 3445 qui
2289 3374 2358 3431 de
2375 3375 2480 3432 bac
2502 3376 2738 3447 imagine
2761 3387 2864 3441 est,
2897 3393 3225 3442 sermonem.
3253 3394 3346 3448 per
3370 3396 3504 3449 pras-

250 3469 542 3522 dit-tionem
593 3466 884 3538 quamdam
938 3466 1032 3524 Dei
1089 3466 1250 3524 Verbi
1292 3467 1673 3523 formationem
1730 3475 1784 3523 et
1839 3465 2198 3530 nativitatem,
2229 3467 2394 3520 vitam
2445 3467 2678 3538 denique
2721 3477 2918 3523 nostra
2967 3469 3198 3523 similem
3244 3481 3367 3540 apte
3412 3473 3504 3525 de-

248 3569 499 3631 clarare;
539 3563 618 3618 sic
661 3572 842 3617 tamen
871 3570 932 3617 ut
971 3565 1152 3619 omnis
1183 3564 1452 3619 vitiositas
1484 3565 1825 3619 excludatur.

837 3699 1082 3753 ΠΕΥΣΙΣ
1116 3700 1236 3754 PO'.

325 3789 552 3864 Οὐκοῦν,
587 3791 632 3842 εί
668 3787 969 3860 προώρισεν
1003 3787 1180 3857 ἑαυτῷ
1212 3787 1308 3858 τὴν
1344 3786 1755 3858 ὲνανθρώπησιν
1795 3790 1829 3840 ὁ

253 3883 404 3945 Θεὸς.
435 3881 662 3937 ἀναίτιοί
697 3883 832 3933 εἰσιν
875 3881 923 3932 oi
963 3881 1372 3952 σταυρώσαντες
1408 3881 1568 3934 αὐτὸν
1604 3882 1656 3932 oi
1697 3881 1839 3938 ’1ου-,

254 3976 412 4030 δαῖοι.

868 4064 1222 4132 Ἀπόκρισις.

338 4158 589 4212 Ἀναίτιοι
624 4157 890 4228 ὑπῆρχον,
923 4159 972 4209 εί
1011 4157 1087 4226 μὴ
1121 4154 1499 4226 προηγορεύθη
1531 4155 1712 4218 αὐτοῖς
1748 4153 1834 4208 διά

255 4251 419 4319 νόμου
458 4251 552 4304 καὶ
580 4249 874 4322 προφητῶν
898 4288 912 4310 ,
953 4249 1054 4301 οὑκ
1083 4246 1413 4315 ἀλλοφύλων,
1457 4245 1594 4300 ἀλλά
1635 4262 1836 4314 συγγε-

255 4346 362 4398 νῶν
393 4346 486 4398 καὶ
526 4344 814 4415 ὁμαίμων,
855 4340 950 4394 καὶ
1005 4339 1412 4409 συναδολεσχῶν
1460 4340 1558 4409 τῆς
1604 4338 1838 4409 νομικῆς

255 4435 536 4499 παιδείας,
569 4431 868 4504 ἀπέχεσθαι
902 4432 1001 4501 τῆς
1041 4432 1180 4484 κατά
1218 4429 1450 4500 Χριστὸν
1494 4429 1824 4491 θεοκτονίας,

257 4527 354 4580 καὶ
395 4527 468 4598 μὴ
519 4527 852 4596 παρανομεῖν
907 4523 1115 4590 ἀλόγως
1159 4523 1250 4575 τὸν
1293 4523 1462 4591 Λόγον
1502 4521 1589 4575 διά
1629 4522 1830 4591 σαρκὸς

255 4617 610 4688 ἀναιροῦντας
628 4633 641 4647 ·
673 4615 824 4669 οὐδὲν
854 4613 942 4667 διά
969 4613 1068 4684 τῆς
1098 4613 1492 4682 είκαιολεσχίας
1523 4611 1827 4676 ἀπώναντο,

254 4711 469 4782 ἀνόμως
514 4709 593 4780 τῷ
634 4708 782 4780 νόμῳ
819 4707 1154 4778 χρησάμενοι
1178 4722 1191 4737 ·
1220 4708 1280 4759 οὐ
1335 4707 1443 4777 γὰρ
1477 4707 1626 4776 νόμῳ
1662 4723 1830 4777 προσ-

254 4801 543 4872 ηλωμένοι,
577 4800 670 4853 καὶ
719 4801 784 4852 ὲκ
843 4798 1032 4860 παιδὸς
1087 4797 1247 4851 αὑτὸν
1303 4796 1736 4868 κατηχούμενοι,
1773 4797 1830 4848 ὲν

255 4894 516 4965 ἀμαθεία,
569 4892 767 4962 μᾶλλον
812 4889 869 4943 δὲ
907 4889 1152 4960 ἀπωλείᾳ
1193 4887 1579 4954 πολιωθέντες,
1631 4890 1836 4942 ἐκεῖνον

255 4984 559 5055 ἠθέτησαν·
603 4981 672 5035 τὰ
703 4981 760 5034 δὲ
800 4980 975 5050 ἄνομα
1019 4979 1182 5050 ἔθνη,
1225 4980 1364 5050 μήτε
1407 4981 1556 5051 νόμῳ
1606 4996 1838 5050 συντρα-

257 5074 447 5143 φέντα,
481 5073 614 5142 μήτε
644 5070 828 5124 τοῦτον
847 5069 1250 5139 κατηχηθὼτα,
1275 5069 1606 5139 εὐνόμησαν,
1624 5071 1837 5132 ἑαυτοῖς

255 5165 420 5235 νόμος
449 5162 746 5233 γενόμενοι,
777 5159 984 5214 καὶτὸν
1012 5160 1162 5228 σφῶν
1192 5161 1422 5230 ποιητὴν
1449 5161 1735 5229 ἀγάμενοι,
1768 5162 1833 5214 ὲκ

261 5254 436 5324 μόνων
467 5252 572 5304 τῶν
599 5252 730 5320 παρ’
759 5247 923 5303 αὑτοῦ
948 5249 1263 5320 δρωμένων,
1287 5250 1419 5303 Θεὸν
1444 5250 1712 5322 ὑπάρχειν
1736 5251 1832 5303 αὑ-

255 5345 346 5398 τὸν
377 5341 713 5396 πιστεύοντα.

818 5537 1068 5590 ΠΕΥΣΙΣ
1103 5538 1273 5592 POA'.

340 5631 557 5702 Ἐπειδὴ
580 5628 836 5700 ἀνωτέρω
854 5623 1018 5692 εἶπας
1036 5631 1094 5682 ἐν
1117 5632 1182 5701 τῇ
1205 5630 1314 5683 τῶν
1331 5631 1541 5703 ἀρετῶν
1556 5632 1835 5688 τελειώσει

259 5721 635 5794 ἐξομοιοῦσθαι
670 5722 816 5794 ἡμᾶς
852 5719 930 5790 τῷ
968 5720 1120 5792 Θεῷ,
1161 5722 1253 5775 καὶ
1301 5723 1613 5794 ἐπηγγείλω
1657 5725 1835 5795 λέγειν

328 5901 374 5932 ⁸⁸
411 5899 567 5955 Joan.
601 5917 680 5968 tu,
710 5900 795 5955 18.
873 5900 915 5932 “
939 5899 1094 5955 Joan.
1120 5917 1192 5966 Vl,
1223 5903 1308 5959 «Π.

2342 3694 2860 3754 INTERROGATIO
2898 3697 3108 3752 CLXX.

2005 3791 2147 3859 Ergo
2169 3791 2212 3845 si
2247 3789 2352 3845 sibi
2370 3789 2662 3858 prtelinivit
2686 3789 2937 3843 humanae
2965 3791 3146 3845 carnis
3172 3792 3508 3865 assumptios

1935 3898 2056 3936 nem
2090 3881 2252 3943 Deus,
2288 3880 2446 3950 culpa
2471 3887 2660 3933 carent
2687 3877 2858 3933 Judaei
2887 3881 2980 3949 qui
3010 3881 3508 3954 ipsumverucilixe-

1935 3975 2084 4030 i'unl.
2401 3953 2424 3974 ⁸

2567 4059 2875 4133 Responsio.

2003 4156 2325 4211 Caruissent
2351 4155 2528 4220 culpa,
2560 4152 2605 4209 si
2654 4171 2762 4208 non
2795 4155 3111 4225 praedictum
3146 4156 3280 4226 ipsis
3319 4157 3510 4213 fuisset

1935 4263 2031 4315 per
2060 4249 2230 4315 legem
2261 4255 2316 4301 et
2339 4247 2650 4316 prophetas,
2680 4262 2784 4300 non
2812 4246 3162 4316 alienigenas,
3189 4248 3282 4303 sed
3312 4264 3508 4320 cogna-

1938 4348 2020 4393 tos
2054 4351 2107 4392 et
2138 4328 2602 4410 consanguineos,
2638 4349 2692 4392 et
2726 4337 2777 4391 in
2810 4339 2997 4392 eodem
3028 4339 3288 4396 exercitio
3324 4341 3510 4412 legalis

1936 4430 2239 4500 disciplina:
2274 4430 2628 4490 constitutos,
2683 4444 2792 4498 quo
2839 4429 3179 4485 abstinerent
3225 4448 3255 4486 a
3307 4432 3399 4488 Dei
3455 4435 3508 4488 in

1937 4520 2156 4574 Christo
2199 4534 2351 4580 nece,
2387 4529 2442 4572 et
2486 4534 2552 4573 ne
2595 4527 2785 4573 contra
2830 4520 2998 4588 legem
3027 4531 3270 4588 agerent,
3305 4523 3513 4593 absque

1939 4609 2149 4664 ratione
2184 4607 2420 4663 Verbum
2459 4623 2556 4676 per
2587 4623 2808 4663 carnem
2851 4608 3183 4667 occidentes.
3220 4609 3346 4667 Ideo
3379 4615 3510 4667 nihil

1937 4715 2002 4752 ex
2027 4699 2181 4770 vanis
2214 4699 2320 4752 illis
2352 4699 2647 4767 gat-ritibus
2685 4699 2933 4754 utilitatis
2989 4711 3369 4772 perceperunt,
3398 4705 3516 4771 lege

1939 4790 2214 4858 illegitime
2247 4789 2354 4844 usi.
2382 4787 2503 4843 Non
2542 4791 2686 4844 enim
2717 4790 2818 4860 legi
2855 4790 3214 4857 adhaerentes,
3249 4803 3304 4849 et
3325 4810 3354 4848 a
3376 4811 3511 4864 pue-

1935 4895 1996 4934 ro
2031 4881 2083 4934 in
2120 4895 2184 4933 ea
2221 4878 2479 4940 instituti,
2509 4878 2561 4932 in
2592 4878 2835 4943 inscitia,
2869 4879 2979 4934 imo
3013 4881 3316 4950 perditione
3353 4896 3510 4938 Belle-

1935 4982 2148 5028 sceutes
2172 4971 2328 5026 illum
2360 4970 2698 5039 reiecissent.
2737 4972 2809 5024 At
2846 4981 3032 5040 gentes
3061 4973 3262 5042 quibus
3291 4975 3376 5030 lex
3404 4977 3512 5030 lata

1936 5078 2044 5117 non
2079 5061 2203 5126 fuit,
2234 5070 2437 5131 etquae
2476 5060 2530 5114 in
2571 5061 2687 5131 lege
2717 5062 2963 5116 educatae-
3009 5079 3120 5118 non
3164 5076 3320 5120 erant
3343 5081 3518 5134 neque

1939 5155 1992 5208 in
2020 5168 2081 5208 ea
2116 5152 2399 5218 institutae,
2434 5151 2571 5206 bene
2613 5159 2668 5203 et
2711 5151 2951 5222 legitime
2984 5152 3259 5219 vixerunt,
3282 5153 3518 5210 sibimet-

1940 5243 2072 5313 ipsis
2102 5243 2186 5297 lex
2213 5241 2394 5306 factae,
2439 5256 2710 5310 suumque
2755 5241 3094 5296 conditorem
3138 5245 3419 5314 amplexae,
3451 5261 3518 5300 ex

1940 5336 2008 5392 iis
2037 5337 2169 5392 solis
2207 5351 2328 5407 qua:
2359 5336 2428 5391 ab
2459 5335 2579 5406 ipso
2620 5334 2760 5390 facta
2803 5345 2951 5400 sunt,
2989 5335 3157 5391 Deum
3194 5338 3370 5407 ipsum
3398 5326 3520 5396 esse

1942 5428 2314 5484 crediderunt.

2342 5539 2861 5597 INTERROGATIO
2899 5540 3129 5596 CLXXI.

2014 5631 2467 5703 Quandoquidem
2498 5634 2551 5688 in
2591 5633 3027 5704 praecedenti-bus
3072 5633 3280 5699 dixisti,
3320 5633 3372 5688 in
3409 5633 3521 5687 vir-

1946 5733 2122 5780 tutum
2154 5723 2491 5798 perfectione
2522 5740 2622 5783 nos
2652 5725 2952 5781 assimilari
2992 5724 3124 5791 Deo,
3155 5735 3314 5796 teque
3344 5725 3524 5783 dictu-
