4006 6386
512 446 652 503 H35

505 581 628 619 rum
648 561 922 632 recepisti,
939 575 1177 630 quonam
1199 559 1249 615 id
1270 574 1366 630 per
1391 557 1623 613 virtutes
1641 568 1799 629 pacto
1827 559 1952 612 ﬁat;
1977 573 2006 611 a
2027 567 2079 611 te

505 655 766 725 petimus,
785 653 1020 722 primum
1045 651 1154 707 dici
1179 650 1358 717 nobis,
1382 664 1504 721 qua
1531 649 1602 705 sit
1625 648 1860 719 perfecta
1883 649 2076 703 virtus.

1142 762 1446 833 Responsio.

575 874 1007 939 Admirabiliter,
1047 888 1082 929 ο
1105 873 1337 928 charum
1367 881 1553 940 caput,
1589 881 1642 924 et
1668 868 1892 940 praecise
1932 884 2081 941 qum-

506 982 656 1033 rens,
681 967 807 1038 quis
835 965 1110 1038 perfectus
1141 964 1362 1020 virtutis
1395 963 1518 1019 ﬁnis
1550 963 1641 1028 sit,
1667 965 2080 1032 demonstraste

504 1060 791 1130 vigilanter
838 1059 902 1112 ad
941 1058 1095 1112 illum
1145 1057 1437 1128 respicere,
1473 1064 1528 1109 et
1565 1054 1722 1126 quasi
1763 1054 1830 1124 (si
1861 1053 2076 1122 quidem

505 1153 786 1207 inventum
846 1151 919 1206 sit
960 1149 1105 1222 quod
1163 1148 1527 1204 desideratur)
1579 1163 1703 1201 eum
1758 1155 1864 1200 tua:
1907 1144 2079 1216 ipsius

502 1242 629 1295 vitae
657 1242 936 1312 proprium
964 1239 1144 1294 facere
1177 1238 1331 1294 velis.
1380 1237 1450 1292 At
1488 1253 1591 1309 ego
1629 1238 1682 1290 in
1719 1245 1950 1305 utroque
1985 1249 2080 1305 pa—

502 1333 636 1388 riter
671 1332 886 1389 haesito.
913 1330 965 1384 Id
991 1330 1134 1385 enim
1171 1330 1251 1383 vel
1282 1329 1529 1384 oratione
1552 1327 1841 1397 complecti
1879 1325 1964 1380 vel
1991 1325 2078 1380 de-

502 1434 832 1490 monstrare,
889 1421 1036 1492 quod
1095 1421 1236 1474 ratio
1283 1421 1625 1491 cognoverit,
1680 1419 1847 1473 etiam
1895 1432 2075 1471 meum

503 1515 1109 1578 ihtellectumsuperare
1125 1511 1268 1566 dico.
1299 1507 1571 1564 Fortassis
1601 1518 1783 1562 autem
1808 1515 1862 1562 et
1887 1522 2078 1562 omnes

500 1606 596 1677 qui
633 1606 833 1661 virtute
867 1605 1210 1669 claruerunt,
1246 1601 1366 1672 ejus
1417 1599 1803 1669 perfectionem
1839 1613 1897 1653 se
1930 1612 2080 1652 asse-

499 1700 597 1769 qui
626 1714 734 1755 non
771 1712 936 1770 posse
968 1695 1308 1751 fatebuntur.
1355 1691 1628 1748 Perfectio
1671 1690 1815 1745 enim
1859 1690 1913 1744 in
1957 1683 2088 1744 aliis”

499 1793 720 1863 quidem
751 1791 1009 1846 omnibus
1058 1801 1399 1858 quaecunque
1428 1800 1595 1840 sensu
1639 1784 1919 1845 metimur,
1971 1791 2080 1836 ter-

499 1884 664 1940 minis
691 1883 1016 1955 quibusdam
1072 1880 1241 1934 liuitis
1278 1878 1596 1950 percipitur,
1630 1875 1778 1930 velut
1817 1875 1869 1929 in
1901 1891 2073 1946 quan-

499 1976 654 2030 titate
693 1975 955 2030 continua
988 1980 1044 2035 et
1070 1971 1334 2024 discreta.
1382 1967 1574 2022 Omnis
1614 1966 1759 2022 enim
1810 1966 1863 2020 in
1900 1981 2075 2035 quan-

499 2067 653 2120 titate
683 2079 965 2119 mensura.
1012 2061 1249 2131 propriis
1291 2058 1620 2130 quibusdam
1667 2056 1915 2112 terminis
1940 2071 2075 2110 con-

497 2157 722 2211 tinetur.
752 2153 852 2210 Ubi
879 2151 974 2222 qui
999 2151 1066 2205 ad
1099 2149 1340 2204 cubitum
1374 2146 1615 2218 respicit,
1650 2154 1744 2201 aut
1765 2145 1831 2199 ad
1861 2146 2072 2198 numeri

497 2245 778 2310 decadem,
826 2241 1112 2314 cognoscit
1159 2250 1214 2295 et
1262 2237 1317 2292 id
1367 2238 1512 2292 unde
1558 2238 1744 2306 ccepit,
1774 2244 1830 2290 et
1874 2236 1927 2289 in
1964 2250 2074 2306 quo

495 2337 678 2402 desiit,
709 2338 764 2392 in
810 2349 921 2406 quo
969 2332 1178 2388 scilicet
1208 2329 1475 2386 exsistere
1518 2326 1787 2398 perfectio
1824 2326 1982 2380 solet.
2016 2325 2072 2380 In

494 2431 700 2504 virtute
724 2437 906 2482 autem
936 2423 1160 2479 unicum
1193 2420 1263 2477 ab
1294 2420 1559 2490 Apostolo
1588 2416 1942 2488 perfectionis
1963 2427 2073 2468 ter—

499 2521 707 2592 minum
743 2518 1058 2580 didicimus,
1107 2513 1254 2585 quod
1298 2511 1417 2587 ipsa
1459 2509 1667 2587 inﬁnita
1715 2508 1807 2571 sit,
1841 2517 1896 2562 et
1923 2507 2074 2560 omni

495 2626 691 2670 carens
723 2610 989 2674 termino;
1022 2623 1147 2662 nam
1189 2619 1420 2676 magnus
1453 2602 1544 2658 ille
1587 2616 1652 2657 ac
1687 2599 1907 2657 sublimi
1937 2614 2074 2670 praes

495 2709 643 2764 ditus
669 2713 849 2760 mente
885 2718 978 2774 per
1014 2701 1156 2755 lianc
1195 2705 1458 2769 perpetuo
1487 2710 1738 2762 currens,
1790 2707 2072 2764 nunquam

495 2801 564 2856 ad
597 2814 661 2854 ea
693 2811 816 2870 qua:
850 2795 1034 2866 priora
1080 2800 1230 2854 sunt,
1259 2788 1554 2846 extendere
1585 2802 1647 2844 se
1680 2785 1933 2842 cessavit.
1969 2782 2074 2839 Ne-

495 2907 606 2964 que
643 2889 792 2945 enim
841 2886 977 2942 satis
1011 2894 1182 2940 tutam
1238 2881 1465 2953 putabat
1497 2895 1621 2936 esse
1661 2895 1691 2933 a
1723 2893 1890 2934 cursu
1917 2877 2074 2932 insti-

498 2986 732 3050 tionem;
765 2979 976 3036 nullum
1007 2977 1154 3032 enim
1210 2976 1413 3030 bonum
1463 2971 1683 3043 propria
1727 2980 1926 3025 natura
1966 2979 2073 3024 ter-

492 3077 761 3140 minatur,
797 3073 891 3128 sed
925 3085 1020 3142 per
1048 3067 1519 3139 comparationem
1559 3064 1823 3121 contrarii
1846 3061 2072 3118 oumiuo

493 3170 687 3225 linitur
719 3156 743 3220 ι
763 3161 1226 3236 quemadmodum
1258 3159 1367 3213 vita
1395 3167 1593 3222 morte,
1636 3155 1726 3210 lux
1756 3153 1992 3210 tenebris
2018 3162 2074 3209 ct

499 3261 668 3323 robur
707 3255 1043 3312 iuﬁrtnitate.
1086 3247 1559 3320 Quemadmodum
1597 3247 1759 3320 igitur
1797 3245 1920 3300 linis
1951 3244 2073 3299 vita:

494 3347 826 3422 principium
852 3343 1044 3400 mortis
1069 3351 1174 3404 est,
1209 3351 1265 3395 et
1301 3339 1434 3395 solis
1473 3352 1706 3394 occasus
1741 3334 2067 3407 principium

499 3439 772 3513 caliginis,
812 3446 867 3493 et
907 3438 1062 3492 bona:
1111 3431 1438 3488 valetudinis
1481 3431 1706 3486 amissio
1749 3426 2070 3500 principium

500 3531 853 3600 inﬁrmitatis,
903 3530 983 3585 sic
1008 3543 1203 3584 eursus
1237 3524 1454 3580 virtutis
1498 3524 1705 3578 iustitio
1747 3521 2071 3592 principium

494 3633 562 3685 tit
626 3639 824 3683 cursus
890 3620 1090 3676 vitiosi.
1154 3619 1276 3674 Ideo
1342 3627 1486 3671 recte
1541 3614 1675 3680 dixi,
1745 3613 1908 3668 uuliis
1969 3621 2076 3665 ter-

501 3719 668 3776 minis
690 3713 927 3788 propriis
958 3711 1260 3782 subiectam
1297 3723 1420 3766 esse
1451 3706 1728 3763 virtutem.
1758 3703 1894 3759 Nam
1929 3703 2075 3773 quod

503 3811 751 3870 terminis
798 3803 1298 3877 comprehenditur,
1351 3815 1460 3856 non
1514 3808 1600 3856 est
1659 3800 1848 3853 virtus.
1904 3795 2079 3850 Virtu-

505 3916 611 3959 tem
652 3917 786 3958 vero
819 3899 1132 3972 perfectam,
1175 3907 1231 3952 et
1271 3893 1772 3972 indetcrminatam,
1811 3898 1865 3944 et
1897 3888 2078 3942 inlini-

505 4013 638 4062 tam,
699 3992 1089 4066 magnitudinis
1152 4001 1209 4046 et
1273 3988 1597 4060 quantitatis
1669 3995 1971 4054 expertem,
2024 3992 2080 4036 et

503 4089 653 4144 omni
683 4082 1170 4155 comprehensione
1207 4079 1572 4150 superiorem,
1613 4075 1781 4130 Deum
1809 4075 1956 4135 dico,
1984 4072 2077 4140 qui

499 4179 722 4253 proprie
769 4187 825 4232 et
877 4173 1252 4246 principaliter
1291 4181 1375 4226 est
1425 4172 1623 4230 bouus,
1676 4167 1836 4235 cujus
1887 4173 2077 4218 natura

503 4273 721 4328 bonitas
741 4278 826 4324 est
853 4276 908 4322 et
939 4262 1367 4319 immensissima
1400 4263 1591 4314 virtus.
1617 4253 2076 4322 Quandoquidem

503 4365 672 4436 igitur
702 4359 888 4415 nullus
929 4356 1070 4410 alius
1101 4362 1188 4409 est
1219 4352 1440 4406 virtutis
1479 4361 1767 4410 terminus,
1794 4360 1956 4415 quam
1994 4343 2076 4396 \i-

503 4452 764 4512 tiositatis
789 4447 1086 4520 oppositio,
1118 4460 1317 4499 nutnen
1340 4455 1524 4498 autem
1552 4441 1794 4496 divinum
1817 4436 2078 4493 contrarii

505 4565 616 4603 non
647 4558 819 4616 capax
852 4551 957 4605 est,
982 4549 1038 4594 et
1076 4537 1346 4593 inﬁnitum
1377 4553 1390 4589 :
1421 4533 1586 4589 etiam
1621 4531 1668 4588 is
1693 4530 1785 4602 qui
1822 4539 2076 4583 virtutem

502 4641 635 4699 uhit,
675 4610 814 4692 idem
840 4631 1066 4688 omnino
1094 4639 1148 4685 et
1174 4627 1264 4682 Dei
1293 4627 1568 4697 particeps
1584 4632 1688 4685 est.
1717 4621 1807 4691 qui
1829 4610 2078 4674 absoluta

503 4742 589 4788 est
617 4730 788 4784 virtus
821 4743 836 4781 :
874 4726 1118 4792 adeoque
1156 4719 1450 4774 terminum
1501 4731 1608 4770 non
1657 4715 1840 4769 habet.
1877 4709 2078 4766 Neces-

504 4821 655 4880 sario
691 4818 929 4886 denique
956 4813 1120 4869 etiam
1150 4811 1272 4881 ejus
1317 4811 1409 4880 qui
1456 4807 1763 4878 participat,
1804 4803 2078 4874 cupiditas

506 4933 631 4973 cum
687 4912 902 4970 inﬁnito
952 4922 1306 4970 concurrens,
1350 4915 1406 4958 et
1438 4917 1544 4957 una
1592 4915 1712 4956 sese
1749 4896 2072 4961 extendens,

507 5010 844 5065 institionetn
873 5020 901 5058 a
934 5019 1098 5059 cursu
1131 5013 1408 5071 nunquam
1447 4995 1688 5050 habebit.
1733 4991 1948 5048 Inﬁnita
1981 4991 2146 5061 igitur

508 5097 728 5170 quidem
770 5098 886 5166 ipse.
919 5093 1060 5148 Deus
1085 5102 1189 5146 est.

887 5193 1400 5254 INTERROGATIO
1428 5190 1688 5249 CLXXII.

578 5295 645 5350 Et
666 5290 946 5366 quomodo
993 5289 1118 5360 quis
1172 5287 1316 5341 viam
1381 5296 1477 5340 aut
1526 5299 1664 5353 opus
1701 5279 2078 5351 aggredietur,

507 5377 740 5459 quorum
775 5387 936 5439 linem
966 5390 1021 5437 et
1055 5379 1444 5452 perfectionem
1481 5384 1804 5444 exspectare
1860 5373 2080 5441 sihique

584 5569 660 5640 (6)
693 5565 1014 5640 TOTQEﬂJR.
1040 5563 1528 5640 ἐπεκτεινόμεξορς
1556 5557 1798 5640 {ignifera
1831 5553 2076 5640 llespicit

508 5625 602 5694 hic
632 5625 902 5693 Caesarius
931 5625 995 5688 a'd
1031 5634 1260 5702 Philipp.
1309 5625 1392 5697 ιιί,
1430 5632 1511 5702 l5,
1552 5628 1770 5702 _l4,_ubi
1807 5629 1888 5682 sic
1941 5625 2076 5702 legiu-

512 5726 636 5765 mus
663 5728 676 5764 :
715 5710 809 5764 Ἓν
833 5707 912 5770 δὲ,
936 5705 1006 5756 τά
1029 5704 1125 5774 μὲν
1154 5694 1326 5757 ὀπίσω
1354 5694 1992 5774 ἐπιλανθανόμενοςητοίς
2019 5694 2076 5746 δὲ

511 5778 820 5854 ξμπροσθεν
878 5765 1350 5854 ἐπεκτεινόμενος,
1407 5771 1548 5826 κατά
1609 5765 1809 5854 σκοπὸν
1861 5765 2074 5854 διώκωέ

515 5833 689 5902 Πηιιίη
720 5859 915 5911 autem,
946 5859 1062 5914 qua:
1086 5833 1454 5913 quidem—retro
1483 5849 1603 5914 sunt
1633 5838 1974 5914 obliuisceus;
2002 5833 2072 5914 (ιτς

507 5937 572 5975 ut
613 5935 731 5977 vero
773 5904 1056 5994 quw's'unt
1093 5904 1306 5982 priora,
1346 5910 1626 5968 attendens
1665 5908 1918 5977 uteipsum
1943 5944 1958 5971 ,
2002 5904 2072 5958 ad

1573 440 1630 496 5.
1670 437 1968 496 CESARII
2000 435 2328 493 GREGORII
2369 435 2668 491 FllATlllS

3638 435 3789 491 H36

2182 557 2322 627 ποίῳ
2344 555 2532 628 τρόπῳ
2551 556 2621 608 τὰ
2648 555 2773 627 πιρῖ
2793 553 3025 626 ἀρετῶν,
3051 553 3281 626 δεόμεθά
3307 571 3404 607 σου
3433 555 3668 625 πρῶτον
3695 558 3783 608 λε.

2181 648 2376 718 χθῆναι
2405 651 2559 718 ἡμῖν,
2593 649 2676 712 τίς
2699 649 2728 701 ό
2750 647 2953 711 τέλειος
2979 647 3078 719 τῆς
3105 646 3304 718 ἀρετῆς
3328 647 3474 718 ὄρος.

2789 762 3138 829 Ἀπόκρισις.

2250 872 2598 944 Θαυμασίως,
2628 865 2674 926 ὦ
2718 872 2844 944 φίλη
2877 871 3108 944 κεφαλὴ,
3147 871 3240 924 καὶ
3277 872 3548 935 συντόνως
3581 871 3771 941 ζητῶν

2177 963 2261 1028 τίς
2305 965 2333 1017 ό
2375 964 2576 1028 τέλειος
2616 964 2716 1035 τῆς
2761 965 2963 1036 ἀρετῆς
3009 963 3165 1035 ὄρος,
3203 962 3407 1028 ἔδειξας
3439 965 3772 1033 ἐγρηγορώς

2179 1053 2316 1124 πρὸς
2355 1053 2560 1106 ἐκεῖνον
2592 1053 2745 1124 όρᾷν,
2782 1052 2877 1106 καὶ
2909 1052 2985 1116 ὡς
3011 1052 3189 1121 (εἴπερ
3217 1051 3466 1122 εὑρεθείη
3501 1052 3584 1122 τῷ
3619 1052 3776 1122 λόγῳ

2177 1153 2238 1204 τὸ
2264 1150 2636 1223 ποθούμενον)
2667 1153 2746 1216 είς
2770 1151 2861 1204 τὸν
2889 1149 3084 1206 σαυτοῦ
3116 1149 3538 1221 σφετερίσασθαι
3570 1148 3774 1202 τοῦτον

2179 1239 2312 1310 βίον.
2361 1240 2502 1309 Ἐγὼ
2528 1240 2583 1293 δὲ
2612 1240 2698 1293 ἐπ’
2724 1241 2925 1312 ἀμφοῖν
2958 1241 3042 1293 ἐπ’
3075 1239 3196 1308 ῐσης
3223 1237 3489 1308 ἀμηχανῶ
3511 1254 3528 1267 ·
3555 1237 3619 1290 τὸ
3656 1237 3770 1308 γάρ

2177 1332 2492 1404 περιλαϐεῖν
2534 1331 2568 1403 ἢ
2615 1331 2806 1398 δεῖξαι,
2855 1333 2992 1402 ὅπερ
3029 1329 3094 1386 ἂν
3144 1332 3174 1383 ό
3216 1329 3373 1398 λόγος
3405 1333 3767 1400 κατανοήσῃ,

2179 1427 2316 1499 ὑπὲρ
2349 1425 2446 1498 τὴν
2482 1427 2620 1496 ἐμήν
2655 1441 2796 1495 φημι
2838 1423 3106 1494 ὑπάρχειν
3134 1422 3373 1476 ἔννοιαν
3411 1423 3543 1485 ίσως
3574 1421 3635 1475 δὲ
3669 1423 3771 1476 καὶ

2178 1519 2376 1581 πάντες
2405 1517 2455 1571 οἱ
2489 1518 2608 1570 κατ’
2637 1515 2836 1586 ἀρετὴν
2872 1514 3294 1586 ἀστράπτοντες,
3329 1514 3621 1584 ἀνέφικτον
3660 1516 3768 1569 αὑ-

2175 1613 2287 1674 τοῖς
2326 1609 2588 1680 ὑπάρχειν
2618 1608 2716 1679 τὴν
2747 1606 3060 1679 τελειότητα
3098 1605 3499 1677 ὁμολογήσοιεν.
3556 1606 3620 1658 Ἥ
3652 1606 3769 1677 γὰρ

2177 1700 2449 1768 τελειότης
2477 1699 2570 1752 ἐπὶ
2599 1698 2698 1768 μὲν
2730 1696 2837 1751 τῶν
2865 1697 3067 1769 ἑτέρων
3097 1695 3311 1749 πάντων
3338 1697 3437 1749 ὅσα
3465 1699 3532 1766 τῇ
3565 1696 3768 1768 αίσθήο

2177 1809 2260 1845 σει
2292 1793 2593 1863 μετρεῖται,
2628 1788 2828 1861 πέρασί
2863 1805 3005 1842 τισιν
3034 1787 3358 1858 ὡρισμένοις
3387 1787 3764 1857 διαλαμϐάνε-

2175 1899 2288 1943 ται,
2316 1877 2426 1936 οἷον
2459 1880 2552 1935 ἐπὶ
2575 1879 2668 1933 τοὺ
2699 1879 2866 1934 ποσοῦ
2897 1877 2993 1932 τοῦ
3036 1877 3289 1948 συνεχοῦς
3320 1879 3415 1931 καὶ
3442 1877 3534 1931 τοῦ
3565 1878 3760 1952 διωρι-

2179 1971 2398 2042 σμένου.
2431 1971 2546 2024 Πᾶν
2576 1969 2684 2041 γὰρ
2712 1969 2774 2023 τὺ
2801 1971 2861 2022 ὲν
2891 1967 3147 2038 ποσότητι
3179 1967 3394 2039 μέτρον,
3420 1967 3651 2032 οἰκείοις
3684 1986 3766 2022 τι-

2176 2065 2260 2116 σὶν
2290 2065 2436 2136 ὅροις
2469 2060 2878 2134 ἐμπεριέχεται.
2919 2059 3030 2114 Καὶ
3063 2060 3091 2113 ὁ
3125 2059 3260 2130 πρὸς
3288 2059 3377 2111 τὸν
3413 2059 3595 2129 πῆχυν
3637 2059 3765 2129 βλέ-

2175 2175 2314 2223 πων,
2352 2155 2386 2226 ῆ
2423 2155 2522 2225 τὴν
2563 2153 2658 2206 τοῦ
2705 2150 2936 2225 ἀριθμοῦ
2976 2151 3174 2205 δεκάδα
3197 2190 3211 2213 ,
3250 2149 3513 2219 γινώσκει
3547 2151 3610 2203 τὸ
3650 2152 3766 2205 ἀπὸ

2173 2249 2316 2310 τίνος
2345 2225 2670 2319 ἀρξάμενος,
2703 2244 2797 2297 καὶ
2821 2246 2899 2306 είς
2930 2241 3050 2296 τίνα
3075 2225 3393 2311 κατέληξενέ
3423 2243 3481 2294 ἐν
3509 2235 3556 2308 ᾧ
3578 2242 3766 2312 ὑττάρο

2174 2357 2259 2410 χει
2288 2338 2350 2392 τὺ
2378 2338 2580 2392 τέλειον
2614 2336 2780 2406 ἔχειν.
2826 2333 2950 2388 Ἐπὶ
2993 2333 3050 2388 δὲ
3095 2333 3191 2404 τῆς
3223 2333 3423 2404 ἀρετῆς
3466 2332 3567 2386 ἕνα
3605 2335 3768 2406 παρά

2173 2429 2266 2484 τοῦ
2324 2427 2645 2482 Ἀποστόλου
2679 2425 3011 2496 τελειότητος
3052 2424 3177 2496 ὅρον
3227 2423 3631 2494 ἐπαιδεύθημεν
3651 2464 3668 2486 ,
3702 2426 3764 2478 τὲ

2174 2518 2440 2590 ὑπάρχειν
2483 2517 2652 2587 αὑτὴν
2698 2515 2948 2587 ἀόριστον
2983 2514 3075 2567 καὶ
3117 2514 3491 2584 ἀπεράτωτον.
3541 2515 3604 2568 Ὀ
3651 2515 3772 2584 γάρ

2171 2611 2343 2674 πολὺς
2374 2611 2579 2672 ἐκεῖνος
2605 2608 2698 2661 καὶ
2720 2607 2921 2678 ὑψηλὸς
2939 2605 3040 2676 τὴν
3063 2605 3301 2659 διάνοιαν
3330 2604 3414 2659 ἀεὶ
3435 2603 3525 2658 διὰ
3553 2605 3770 2676 ταύτης

2174 2701 2344 2765 θέων,
2415 2699 2668 2754 οὐδέποτε
2751 2700 2863 2762 τοῖς
2929 2695 3238 2768 ἔμπροσθεν
3305 2696 3772 2766 ἐπεκτεινόμενος

2173 2791 2360 2863 ἔληξεν
2378 2791 2478 2862 (6).
2497 2791 2632 2845 Οὐδὲ
2658 2789 2767 2862 γάρ
2783 2789 3198 2861 ἀσφαλεστάτην
3225 2788 3364 2861 ᾤετο
3388 2788 3486 2860 τὴν
3507 2788 3608 2842 τοῦ
3631 2790 3769 2859 δρό-

2177 2901 2281 2955 μου
2304 2883 2492 2936 στάσιν
2511 2899 2524 2912 ·
2549 2881 2702 2936 οὐδὲν
2724 2881 2834 2952 γὰρ
2863 2881 3067 2950 ἀγαθὸν
3097 2883 3165 2952 τῇ
3195 2882 3373 2952 οἰκεία
3399 2881 3564 2950 φύσει
3589 2883 3774 2951 ὁρίζε-

2172 2989 2296 3028 ται’
2335 2975 2404 3045 τῇ
2433 2972 2490 3025 δὲ
2533 2971 2954 3044 ἁντιπαραθέσει
2997 2971 3092 3025 τοῦ
3139 2971 3383 3024 ἐναντίου
3418 2970 3773 3043 περατοῦται

2173 3064 2411 3128 πάντως,
2437 3063 2512 3128 ὡς
2537 3065 2571 3134 ἡ
2604 3061 2717 3136 ζωὴ
2739 3062 2815 3132 τῷ
2835 3061 3070 3133 θανάτῳ,
3095 3065 3189 3117 καὶ
3213 3063 3276 3116 τὸ
3301 3062 3414 3132 φῶς
3439 3063 3518 3134 τῷ
3549 3065 3772 3126 σκότει,

2175 3157 2271 3210 καὶ
2301 3156 2336 3228 ὴ
2379 3153 2541 3227 ῥώμη
2567 3157 2632 3224 τῇ
2676 3154 2978 3226 ἀρρωστίᾳ.
3011 3155 3220 3226 Ὥσπερ
3257 3150 3350 3210 οὖν
3377 3156 3437 3208 τὸ
3463 3155 3571 3224 τῆς
3615 3157 3775 3225 ζωῆς

2173 3245 2326 3308 τέλος
2385 3243 2529 3316 ἀρχὴ
2579 3243 2808 3297 θανάτου
2861 3244 3012 3307 ἐστὶ,
3067 3243 3163 3298 καὶ
3206 3243 3358 3314 ἡλίου
3404 3243 3562 3308 δύσις
3618 3246 3778 3316 ἀρχὴ

2177 3339 2425 3404 σκότους,
2472 3339 2565 3390 καὶ
2612 3339 2645 3408 ἡ
2685 3337 2783 3408 τῆς
2821 3335 3128 3398 εὑσθενείας
3165 3335 3374 3408 ἐκκοπὴ
3407 3335 3556 3408 ἀρχὴ
3600 3338 3777 3393 astas-

2174 3430 2351 3492 νείας·
2378 3427 2548 3490 οὑτως
2579 3425 2672 3479 τοῦ
2702 3425 2822 3479 κατ’
2850 3425 3052 3497 ἀρετὴν
3080 3423 3278 3495 δρόμου
3311 3427 3347 3495 ἡ
3378 3425 3595 3488 στάσις,
3619 3425 3781 3496 ἀρχὴ

2172 3521 2268 3575 τοῦ
2302 3519 2402 3588 τῆς
2436 3518 2634 3582 κακίας
2665 3518 2874 3587 γίνεται
2906 3516 3127 3588 δρόμου.
3164 3517 3372 3570 Οὐκοῦν
3403 3513 3464 3570 εὑ
3504 3515 3653 3587 ἔφην
3695 3519 3782 3589 μὴ

2174 3615 2320 3686 ὅροις
2349 3612 2668 3667 ὑποκεῖσθαι
2694 3612 2913 3674 οἰκείοις
2938 3611 3037 3681 τὴν
3067 3611 3268 3683 ἀρετήν
3287 3629 3301 3643 ·
3328 3611 3389 3665 τὸ
3415 3614 3526 3683 γάρ
3558 3612 3780 3684 πέρασι

2175 3703 2673 3775 διαλαμϐανὸμενον
2694 3704 2793 3757 οὑκ
2815 3703 2962 3757 ἐστιν
2985 3703 3152 3774 ἀρετή
3174 3720 3187 3737 ·
3216 3703 3415 3774 ἀρετὴν
3439 3703 3500 3757 δὲ
3521 3705 3780 3768 τελείαν,

2177 3797 2518 3870 ἀπέραστον,
2566 3797 2662 3850 καὶ
2706 3796 2989 3867 ἀόριστον,
3036 3793 3281 3864 ἀμεγέθη
3317 3811 3374 3846 τε
3403 3795 3496 3846 καὶ
3530 3793 3781 3860 item,

2179 3889 2360 3960 πάσης
2388 3885 2743 3958 καταλήψεως
2778 3885 3076 3955 ὑπέρτερον
3105 3882 3166 3936 ea
3196 3882 3346 3935 Θείόν
3377 3899 3541 3953 φημι,
3577 3883 3646 3936 τὸ
3675 3903 3786 3937 xu-

2184 3981 2313 4054 ρίως
2370 3979 2464 4033 καὶ
2510 3977 2743 4050 πρώτως
2793 3976 3030 4045 ἀγαθον,
3083 3969 3145 4030 οὑ
3189 3976 3222 4045 ἡ
3271 3972 3430 4044 φύσις
3483 3974 3786 4044 ἀγαθότης

2182 4071 2414 4142 ὑπάρχει
2436 4072 2470 4140 ἡ
2495 4069 2843 4140 ἀπεράτωτος
2874 4067 3062 4139 ἀρετή.
3107 4066 3260 4120 Ἐπεὶ
3288 4061 3380 4119 οὖν
3409 4065 3592 4128 οὐδεὶς
3635 4069 3784 4138 ἀρε-

2179 4163 2279 4233 τῆς
2309 4163 2434 4233 ὅρος
2471 4160 2610 4220 πλὴν
2652 4157 2850 4222 κακίας
2882 4153 3343 4229 ἀντιπαράθεσις,
3378 4156 3788 4227 άπαράδεκτον

2180 4255 2236 4308 δὲ
2271 4251 2364 4307 τοῦ
2396 4251 2639 4303 ἐναντίου
2671 4249 2732 4302 τὸ
2760 4249 2912 4303 Θείον
2941 4249 3036 4302 καὶ
3067 4247 3344 4318 ἀόριστονο
3366 4249 3394 4300 ό
3417 4246 3476 4300 δὲ
3505 4248 3614 4318 τὴν
3641 4248 3790 4320 ἀρε-

2181 4347 2279 4418 τὴν
2315 4342 2543 4416 μετιὼν,
2572 4343 2790 4404 πάντως
2826 4339 2961 4395 Θεοῦ
3005 4339 3100 4394 καὶ
3129 4339 3292 4403 αὑτὸς
3322 4340 3564 4410 μετέχει·
3605 4344 3792 4408 αὐτος

2185 4440 2294 4512 γὰρ
2323 4437 2556 4509 ὑπάρχει
2580 4435 2848 4506 παντελὴς
2873 4433 3040 4505 ἀρετή
3059 4449 3074 4465 ο
3097 4432 3254 4486 τοῦτο
3279 4432 3336 4486 δὲ
3356 4432 3480 4504 ὅρον
3499 4434 3610 4488 οὐκ
3633 4436 3788 4505 ἔχει·

2184 4529 2497 4600 ἀναγκαίως
2519 4528 2613 4583 καὶ
2633 4529 2667 4599 ἡ
2687 4525 2782 4581 τοῦ
2807 4526 3126 4598 μετέχοντος
3146 4524 3410 4596 ἐπιθυμία
3429 4525 3509 4595 τῷ
3521 4528 3796 4600 ἀορίστῳ

2189 4621 2671 4693 συμπαραθέουσα,
2702 4621 2796 4674 καὶ
2825 4617 3427 4690 συμπαρεκτεινομὲνη,
3456 4620 3660 4675 στάσιν
3685 4624 3796 4676 οὖ-

2185 4715 2338 4770 δέπω
2363 4713 2474 4780 ἓξει
2507 4712 2601 4766 τοῦ
2623 4712 2850 4785 δρόμου.
2889 4710 3162 4783 Ἀόριστος
3194 4704 3287 4765 οὖν
3331 4709 3425 4763 καὶ
3472 4711 3796 4783 ἀπεράτω-

2185 4822 2275 4869 τος
2333 4806 2368 4875 ἠ
2411 4803 2678 4876 παντελὴς
2722 4803 2893 4874 ἀρετὴ
2949 4799 3209 4868 νοείσθω,
3260 4802 3382 4870 ἦτις
3430 4801 3683 4873 ὒπάρχει
3725 4805 3798 4860 τὺ

2183 4897 2354 4951 θεῖον.

2191 5001 2245 5046 et
2284 4989 2711 5048 immensissima
2759 4988 3007 5044 absoluta
3058 4989 3232 5044 virtus
3263 4987 3620 5057 intelligatur,
3659 5008 3797 5061 qua

2745 5184 2997 5239 ΠΕΥΣΙΣ
3037 5183 3202 5238 PUB’.

2254 5281 2366 5333 Καὶ
2417 5278 2535 5342 πῶς
2584 5295 2666 5340 τις
2718 5277 2838 5331 ὀδοῦ
2889 5276 2922 5347 ἢ
2972 5276 3132 5346 ἔργου
3179 5275 3536 5345 ἐπιϐήσεται,
3599 5269 3682 5328 ὧν
3732 5279 3794 5328 τ)

2187 5371 2359 5442 πέρας
2388 5371 2481 5424 καὶ
2511 5372 2544 5440 ἡ
2595 5369 2868 5440 τελειότης
2908 5367 3058 5438 αὐτῷ
3085 5365 3526 5438 ἀπροσδόκητος;
3558 5368 3694 5429 Πῶς
3733 5369 3792 5420 5}

2187 5551 2514 5606 destinatum
2543 5565 2846 5620 persequor.
2873 5548 2940 5601 At
2963 5547 3016 5602 in
3049 5546 3270 5620 vulgato
3294 5543 3536 5620 Caesarie
3566 5542 3789 5620 ρΙειςιιὶι

2185 5622 2385 5676 cditori
2416 5612 2612 5677 vitiosa
2643 5612 2958 5688 hujusmodi
2988 5612 3636 5688 lectio—snsxztvouévozc
3667 5612 3802 5688 ἕλεα

2189 5692 2302 5760 ξεν,
2334 5707 2458 5745 cum
2493 5693 2592 5746 hac
2617 5685 3088 5761 interpretatione,
3116 5702 3388 5761 nunqunm
3413 5685 3483 5736 ad
3511 5687 3798 5761 ulteriora

2186 5754 2239 5816 se
2291 5762 2586 5829 pervenisse
2640 5754 2789 5813 dicit.
2850 5759 3081 5829 'l‘extutn
3135 5754 3488 5829 etnondatutn
3539 5754 3798 5829 ejusque

2186 5822 2495 5886 versionem
2528 5831 2834 5886 restitutam
2866 5828 3204 5898 proferimus
3229 5842 3293 5883 ex
3330 5823 3620 5881 Lotelerio
3658 5822 3799 5877 Μο-

2178 5918 2323 5957 num.
2355 5900 2500 5955 Eccl.
2533 5899 2624 5958 Gr.
2657 5910 2789 5957 tom.
2822 5897 2892 5964 ll,
2920 5915 2972 5963 ι).
2997 5897 3125 5954 G72.
