4006 6386
278 451 417 506 1157

277 570 375 626 καὶ
424 566 668 640 μετέλθοι
717 569 816 639 τὴν
859 565 1062 639 ἀρετὴν
1091 565 1408 630 ἀπελπίζων
1448 564 1553 633 τῆς
1590 562 1865 633 τελειότη-

278 679 369 725 τος
386 677 401 725 ς

899 749 1264 816 Ἀπόκρισις.

366 845 527 899 Ἀλλά
569 844 665 915 μὴ,
716 843 905 913 ἐπειδὴ
964 841 1025 895 τὺ
1073 840 1406 913 ζητούμενον
1452 836 1693 908 ἄληπτον
1726 838 1754 890 ὁ
1785 836 1873 889 λό-

282 955 377 1006 γος
420 934 643 1002 ἔδειξεν,
672 935 772 1005 τῆς
823 931 1180 1004 ἐνδεχομένης
1227 929 1433 1001 ἀρετῆς
1484 929 1871 1001 ἀμελήσωμεν,

283 1027 382 1097 τῆς
416 1024 695 1088 παντελῶς
748 1022 1147 1094 θεηγορούσης,
1187 1021 1442 1074 Γίνεσθε
1482 1019 1697 1075 τέλειοι
1736 1021 1872 1087 ὠςδ

283 1116 487 1185 Πατὴρ
518 1114 685 1185 ὑμῶν
710 1118 742 1168 ό
774 1113 1051 1182 οὐράνιος
1078 1111 1307 1177 τέλειός
1333 1110 1523 1167 ἐστιν.
1552 1110 1627 1164 Ob
1656 1109 1872 1173 πάντως

284 1210 350 1278 τῇ
394 1206 803 1278 ἀπαραὸλήτῳ,
849 1204 944 1257 καὶ
992 1203 1135 1274 ὑπὲρ
1168 1201 1324 1271 λόγον
1371 1202 1466 1257 καὶ
1511 1201 1721 1257 ἔννοιαν
1752 1202 1872 1273 θείᾳ.

286 1298 446 1370 φύσει
494 1299 640 1368 ἡμᾶς
693 1294 1173 1349 συναποτείνεσθαι
1204 1294 1678 1365 διακελευόμενοςο
1728 1295 1871 1365 ἁμή-

285 1407 446 1461 χανον
490 1394 627 1461 γάρ’
681 1386 815 1441 ἀλλά
871 1387 932 1440 τὸ
979 1386 1194 1457 ἐκείνης
1236 1384 1519 1457 μιμεῖσθαι
1569 1384 1872 1456 φιλάνθρω-

287 1499 410 1545 πον,
464 1482 558 1534 καὶ
597 1478 939 1549 εὐπρόσιτον,
982 1478 1078 1532 καὶ
1118 1477 1463 1545 πανάγαθονο
1517 1477 1698 1530 πᾶσαν
1741 1476 1870 1547 περὶ

288 1575 377 1627 τὸν
409 1574 576 1637 πέλας
611 1570 1008 1641 εὑσπλαγχνίαν
1048 1568 1512 1638 ἐπιδεικνύμενοι,
1542 1566 1646 1621 κᾶν
1678 1566 1872 1638 ἐχθρὸς

289 1664 510 1734 ὑπάρχῃ
548 1662 651 1717 καὶ
696 1662 1010 1725 ἐπίϐουλος·
1046 1662 1225 1716 πάντα
1251 1659 1360 1732 γὰρ
1390 1662 1555 1713 πᾶσιν
1594 1659 1877 1729 ἐπικουρεῖ

288 1756 348 1809 τὸ
399 1756 575 1821 Θεῖον,
637 1756 731 1808 καὶ
784 1754 1032 1822 ἀφθόνως
1075 1751 1341 1823 πηγάζει’
1403 1750 1873 1823 προλαμϐάνωμεν

286 1845 515 1919 δωρεαῖς
546 1846 645 1910 τὰς
677 1845 787 1900 τῶν
817 1844 1205 1917 συμφερόντων
1247 1844 1523 1915 αἰτήσεις,
1552 1842 1679 1913 παρ’
1720 1841 1871 1894 οὐδε-

289 1942 378 2002 νὸς
426 1940 482 1993 δὲ
537 1941 659 1993 κατ’
700 1938 854 2004 ἀξίαν
908 1936 1229 2009 τιμώμενοι.
1286 1934 1644 2005 Μετέλθωμεν
1692 1934 1875 1988 τοίνυν

289 2032 412 2086 καθ’
444 2033 567 2085 ὅσον
588 2025 699 2085 οἷόν
726 2047 787 2083 τε
819 2030 919 2101 τὴν
947 2028 1169 2101 ἀρετὴν,
1202 2027 1423 2097 κούφοις
1443 2042 1505 2079 τε
1533 2026 1627 2079 καὶ
1651 2028 1875 2089 πυκνοῖς

289 2126 404 2188 τοῖς
435 2123 639 2193 ἆλμασι
679 2122 817 2193 πρὸς
867 2121 1035 2193 αὐτὴν
1088 2119 1501 2190 συναλλόμενοι,
1550 2118 1599 2170 εί
1639 2117 1732 2170 καὶ
1776 2116 1875 2188 τῆς

292 2215 539 2287 κορυφῆς
588 2212 876 2283 ἐφικέσθαι
925 2212 1227 2284 ἀμήχανον.
1270 2210 1424 2263 Ἐπεὶ
1461 2208 1570 2281 γὰρ
1609 2208 1720 2262 τῶν
1746 2207 1877 2262 καλ-

292 2306 488 2359 λίστων
526 2305 621 2358 καὶ
652 2303 726 2376 μὴ
770 2300 863 2358 τοῦ
893 2303 1095 2367 παντὸς
1118 2304 1302 2373 τυχεῖν
1346 2296 1456 2364 οἷός
1492 2317 1552 2353 τε
1579 2294 1670 2370 ἦν,
1696 2298 1754 2353 τὸ
1782 2299 1877 2353 καὶ

296 2398 497 2469 μέρους
544 2398 840 2467 ἐπιτυχεῖν,
874 2395 1062 2466 κέρδος
1092 2395 1323 2467 ὑπάρχει
1356 2394 1418 2447 οὑ
1439 2393 1500 2446 τὸ
1528 2392 1723 2463 τυχόνο
1756 2393 1877 2445 ἐπεὶ

294 2490 403 2559 γὰρ
429 2489 527 2559 τὴν
566 2490 797 2559 κρήνην,
829 2485 862 2558 ἢ
910 2486 1010 2555 τὴν
1044 2485 1232 2557 ὑδρίαν
1280 2486 1493 2537 ἐκπιεῖν
1539 2484 1636 2553 οὑχ
1667 2477 1771 2535 οἷοί
1818 2482 1877 2535 τέ

296 2584 481 2652 ἐσμεν,
515 2576 603 2651 ἆρ’
623 2581 722 2633 οὑκ
751 2578 1039 2647 ὀφείλομεν
1066 2578 1132 2648 τῇ
1156 2575 1474 2648 ἐγχωρούσῃ
1507 2572 1762 2645 μετουσίᾳ
1785 2574 1879 2627 τὸν

298 2672 541 2743 φλογμὸν
584 2671 677 2725 τοῦ
720 2670 907 2740 δίψους
939 2667 1329 2737 ἀκέσασθαι;ἢ
1361 2667 1442 2720 ὅτι
1469 2665 1590 2719 ὅλον
1611 2665 1704 2718 τὸν
1742 2664 1879 2734 ἀέρα

300 2764 507 2816 σπᾶσαι
536 2762 837 2832 ἀμήχανον,
864 2758 1015 2832 παρά
1035 2757 1192 2811 τοῦτο
1219 2757 1326 2809 οὐδ’
1369 2756 1628 2810 ἀναπνεῖν
1673 2754 1880 2824 ὀφείλο-

302 2869 438 2924 μεν;
496 2850 532 2922 ἢ
574 2853 653 2906 ὅτι
685 2854 867 2906 πᾶσαν
898 2851 997 2922 τὴν
1017 2848 1361 2919 διαλεκτικὴν
1389 2848 1490 2901 οὑκ
1515 2845 1879 2918 ἐπιστάμεθα,

299 2944 406 2996 οὐδ’
446 2943 583 3006 ὅλως
620 2942 848 3014 φράζειν
885 2942 1207 3012 ὀφείλομενς
1252 2941 1442 2994 Πᾶσαν
1470 2939 1651 2993 τοίνυν
1687 2940 1883 2994 ἐπιδει-

301 3034 455 3089 κτέον
482 3036 715 3107 σπουδὴν
752 3035 827 3106 μὴ
867 3035 1042 3104 πάντη
1092 3037 1345 3088 ἐκπεσεῖν
1392 3034 1493 3104 τῆς
1525 3033 1882 3105 ἐνδεχομένης

300 3125 666 3197 τελειότητοςο
722 3125 858 3180 ἀλλὰ
902 3123 1157 3179 τοσοῦτον
1200 3124 1371 3195 αὑτὴν
1424 3124 1880 3196 περιπτύξασθαι,

300 3215 423 3269 ὅσον
453 3218 584 3287 ἡμῖν
614 3216 709 3270 καὶ
734 3216 875 3287 ὑπὲρ
911 3215 1010 3287 τὴν
1036 3215 1261 3287 δύναμιν
1284 3231 1298 3245 ο
1331 3215 1615 3269 ἐπαινετὸν
1642 3216 1751 3287 γὰρ
1785 3216 1882 3269 αύ-

300 3306 402 3376 τῆς
428 3307 489 3360 τὸ
512 3306 911 3378 πλεονέκτημα.
964 3306 1055 3359 Διὸ
1080 3306 1355 3376 τελειότης
1383 3305 1532 3359 δοκεῖ
1559 3322 1650 3376 μοι
1681 3306 1883 3377 ἀρετῆς

302 3398 363 3451 τὸ
424 3398 671 3452 σπεύδειν
723 3400 811 3452 ἀεὶ
869 3399 926 3450 ἐν
962 3396 1040 3468 τῷ
1069 3396 1220 3469 καλῷ
1260 3396 1322 3450 τὸ
1369 3396 1532 3449 πλέον
1578 3396 1742 3467 ἔχειν,
1789 3398 1884 3450 καὶ

302 3485 615 3557 δικαιοσύνῃ
653 3486 839 3557 βαρεῖν
879 3486 980 3557 τὴν
1016 3486 1251 3542 ἀδικίαν.
1296 3486 1648 3558 Ἀποῤῥήτως
1684 3487 1795 3559 γὰρ
1816 3490 1881 3559 τῇ

303 3577 572 3647 διακρίσει
626 3578 728 3649 τῆς
782 3579 1055 3648 θειότητος
1103 3580 1603 3650 ἀντισηκουμένων,
1652 3580 1748 3633 καὶ
1789 3581 1883 3634 ἀν-

305 3667 744 3738 τιμετρουμένων
790 3670 848 3722 ὲν
881 3669 1079 3741 ἀκαρεῖ
1120 3669 1231 3724 τῶν
1271 3669 1486 3741 ἑκάστῳ
1517 3668 1885 3741 βεϐιωμένων,

305 3757 393 3810 διὰ
416 3757 508 3811 τοῦ
538 3759 1037 3831 ὑπερεκπίπτοντος
1069 3759 1237 3814 καλοῦ
1273 3778 1333 3815 τε
1372 3762 1468 3816 καὶ
1499 3761 1744 3832 χείρονος
1790 3761 1890 3825 τάς

308 3851 541 3921 ἀμοιϐὰς
605 3852 980 3924 κομιζόμενοι,
1040 3855 1177 3926 πρὸς
1224 3854 1351 3918 τοὺς
1397 3855 1617 3922 ὁμοίους
1661 3854 1891 3926 ἀποκρι-

308 3942 546 4014 νώμεθα,
601 3947 1117 4017 συγγεραιρεῖσθαι,
1170 3946 1203 4018 ἢ
1246 3945 1704 4017 συντιμωρεῖσθαι
1763 3948 1893 4018 μέλ-

306 4035 508 4098 λοντες.

1664 445 2010 505 DIALOGUS
2049 444 2135 501 Ill.

3415 441 3554 498 H38

1973 559 2219 632 polliceri
2245 574 2356 615 non
2396 560 2615 630 potest?
2649 556 2940 626 Quomodo
2979 571 3111 613 vero
3158 554 3416 611 virtutem
3450 573 3548 612 ca-

1973 662 2156 725 pesset
2181 654 2384 725 aliquis
2416 653 2485 708 de
2512 654 2633 723 ejus
2663 652 2999 723 perfectione
3030 650 3375 722 desperans?

2610 743 2923 810 Responsio.

2046 836 2145 901 Ne,
2172 836 2617 908 quandoquidem
2648 835 2700 889 id
2728 834 2877 905 quod
2917 834 2974 887 in
3008 831 3321 903 quaestione
3352 843 3556 901 propo-

1973 930 2139 984 situm
2173 938 2259 984 est
2287 928 2817 997 incomprehensum
2853 925 3037 981 oratio
3073 931 3264 979 nostra
3324 923 3558 977 demon-
3624 942 3629 949 ·

1975 1022 2190 1084 stravit,
2227 1022 2488 1076 virtutem
2535 1035 2658 1089 quae
2695 1018 2887 1089 perlici
2954 1025 3142 1088 potest
3185 1014 3554 1085 negligemus,

1974 1127 2097 1181 qua:
2163 1112 2325 1182 plane
2387 1121 2578 1167 sancte
2634 1110 3019 1172 concionatur,
3070 1107 3255 1162 Estote
3308 1104 3554 1175 perfecti,

1974 1182 2419 1270 quemadmodum
2446 1198 2609 1253 Pater
2638 1208 2807 1253 vester
2828 1198 3055 1252 scelestis
3081 1198 3343 1268 perfectus
3372 1204 3450 1249 est
3485 1194 3553 1248 ".

1974 1292 2187 1358 Quibus
2238 1292 2418 1347 verbis
2478 1306 2588 1345 non
2646 1306 2771 1346 cum
2831 1289 3058 1345 omnino
3111 1284 3555 1357 incomparabili.

1974 1392 2030 1436 et
2086 1385 2358 1438 rationem
2421 1382 2874 1454 intellectumque
2902 1391 3198 1452 superante
3240 1379 3426 1435 divina
3460 1393 3557 1431 na-
3614 1384 3617 1385 '

1973 1484 2097 1530 tura
2132 1483 2436 1531 nosmetut
2493 1475 2856 1530 extendamus
2894 1473 3052 1544 jubet
3103 1473 3176 1542 (id
3230 1474 3378 1528 enim
3437 1471 3555 1525 fieri

1976 1567 2210 1637 nequit),
2263 1567 2357 1621 sed
2387 1576 2445 1621 ut
2474 1566 2623 1621 illius
2655 1566 2938 1621 imitemur
2966 1565 3361 1635 benignitatem
3388 1572 3443 1619 et
3472 1561 3549 1617 fa-

1975 1659 2237 1714 cilitatem
2270 1699 2285 1723 ,
2330 1660 2821 1729 omnimodamque
2862 1658 3168 1713 bonitatem
3221 1666 3276 1712 et
3338 1670 3555 1711 omnem

1976 1767 2102 1823 erga
2178 1752 2493 1822 proximum
2558 1752 2767 1806 intimae
2840 1750 3217 1807 miserationis
3289 1749 3551 1804 aﬂ'ectum

1978 1844 2357 1910 ostendamus,
2396 1843 2617 1897 etiamsi
2674 1843 2746 1898 sit
2800 1842 3062 1898 inimicus
3117 1851 3172 1896 et
3242 1840 3554 1897 insidiator.

1977 1934 2172 1991 Omnia
2225 1934 2370 1990 enim
2445 1935 2707 1990 omnibus
2749 1936 3063 2005 suppeditat
3113 1935 3274 1999 Deus,
3314 1942 3371 1989 et
3422 1932 3557 1987 affa-

1977 2026 2071 2080 tim
2115 2028 2273 2096 quasi
2325 2026 2393 2080 de
2437 2025 2591 2079 fonte
2644 2025 2886 2095 quodam
2949 2040 3176 2079 manare
3230 2024 3376 2079 facit.
3408 2023 3559 2078 Prae--

1977 2119 2262 2173 veniamus
2318 2116 2474 2171 donis
2520 2116 2735 2171 utilium
2778 2131 2961 2170 rerum
3028 2114 3358 2185 petitiones,
3388 2128 3418 2168 a
3458 2128 3559 2168 ne-

1978 2210 2127 2264 mine
2157 2210 2463 2265 secundum
2514 2209 2837 2279 dignitatem
2878 2208 3155 2262 honorati.
3190 2206 3560 2277 Capessamus

1979 2301 2146 2372 igitur
2174 2317 2272 2373 pro
2324 2301 2535 2357 viribus
2566 2301 2850 2365 virtutem,
2890 2299 3104 2354 levibus
3156 2308 3212 2353 et
3250 2297 3462 2353 crebris
3491 2294 3559 2351 ad

1981 2396 2157 2466 ipsam
2216 2394 2449 2450 saltibus
2500 2393 2847 2457 assilientes,
2889 2392 3106 2447 etiamsi
3160 2390 3227 2445 ad
3283 2405 3558 2446 summum

1980 2488 2289 2559 pertingere
2319 2502 2669 2556 nequaquam
2726 2486 3028 2553 possimus.
3063 2482 3199 2538 Nam
3234 2484 3288 2537 in
3322 2482 3392 2538 iis
3430 2497 3554 2552 qua:

1981 2594 2094 2649 pra:
2124 2579 2338 2633 caeteris
2378 2578 2608 2648 pulchra
2658 2586 2811 2643 sunt,
2871 2579 3049 2648 ipsum
3081 2586 3259 2631 totum
3290 2575 3418 2630 licet
3440 2589 3566 2629 con-

1983 2671 2138 2740 sequi
2196 2685 2462 2741 nequeas,
2521 2670 2606 2724 vel
2654 2679 2863 2742 partem
2909 2668 3131 2739 ιιεςειιιιί
3168 2670 3383 2723 lucrum
3416 2666 3562 2721 haud

1982 2762 2207 2832 vulgare
2268 2771 2371 2817 est.
2405 2760 2620 2817 Etenim
2668 2762 2713 2816 si
2770 2761 3010 2816 maxime
3061 2760 3263 2815 fontem
3314 2766 3410 2814 aut
3465 2775 3564 2813 vas

1984 2854 2271 2923 aquarium
2302 2853 2521 2909 ebibere
2564 2870 2672 2908 non
2705 2868 3022 2924 possumus,
3078 2866 3209 2907 num
3262 2860 3558 2921 propterea

1988 2960 2097 2999 non
2151 2945 2416 3000 debemus
2460 2959 2725 3001 concessa
2789 2944 3055 2999 fruitione
3115 2944 3321 2998 mederi
3381 2943 3565 2997 ardori

1987 3036 2143 3092 sitis?
2170 3036 2281 3091 Aut
2330 3037 2461 3108 quia
2516 3047 2576 3091 ut
2625 3037 2949 3092 universum
2999 3052 3186 3092 aerem
3215 3036 3565 3091 attrahamus

1999 3128 2117 3183 fieri
2167 3144 2274 3183 non
2315 3137 2527 3198 potest,
2560 3127 2684 3181 ideo
2741 3142 2920 3198 neque
2946 3128 3223 3198 respirare
3257 3127 3569 3182 debemus?

1988 3222 2096 3275 Aut
2124 3220 2249 3291 quia
2316 3228 2485 3274 totam
2512 3218 2825 3274 disserendi
2858 3229 3032 3275 artem
3064 3235 3173 3275 non
3236 3220 3469 3285 scimus,
3502 3234 3570 3273 ne

1989 3323 2221 3381 prorsus
2272 3309 2495 3379 quidem
2550 3307 2653 3363 fari
2692 3309 2993 3367 debemus?
3024 3309 3200 3365 Omne
3236 3311 3407 3383 igitur
3454 3320 3571 3366 stu-

1989 3404 2139 3458 dium
2181 3403 2576 3464 adhibendum.
2640 3418 2711 3458 ne
2764 3403 3090 3459 excidemus
3119 3419 3184 3459 ea
3230 3402 3570 3474 perfectione

1990 3510 2113 3565 quze
2153 3495 2472 3563 contingere
2520 3502 2723 3563 potest.
2773 3493 2918 3561 Quin
2956 3495 3132 3565 ipsam
3185 3505 3341 3550 tanto
3392 3497 3571 3566 magis

1991 3584 2246 3654 amplecti
2285 3585 2571 3647 debemus,
2596 3593 2805 3655 quanto
2829 3585 3039 3641 viribus
3070 3588 3278 3641 nostris
3311 3588 3567 3657 superior

1984 3686 2097 3743 est;
2127 3676 2418 3732 laudabilis
2466 3677 2611 3731 enim
2658 3685 2739 3731 est
2777 3676 2899 3747 ejus
2943 3679 3220 3747 copiosior
3266 3679 3567 3749 possessio.

1988 3768 2116 3824 Ideo
2144 3769 2278 3823 mihi
2312 3768 2527 3824 videtur
2554 3769 2822 3839 perfectio
2840 3770 3081 3835 virtutis,
3117 3773 3161 3826 si
3202 3772 3328 3841 quis
3354 3787 3573 3843 semper

1991 3861 2234 3923 festinet,
2277 3861 2410 3916 utin
2436 3860 2583 3915 bono
2610 3862 2735 3931 plus
2764 3860 2985 3925 habeat,
3019 3862 3307 3933 etjustitia
3342 3864 3563 3935 injustio

1992 3950 2123 4005 tiam
2157 3949 2446 4020 deprimat.
2485 3947 2835 4005 lneﬂ'abiliter
2857 3950 3003 4005 enim
3060 3965 3153 4020 per
3180 3950 3463 4021 judicium
3489 3951 3573 4007 di-

1992 4040 2182 4095 vinum
2234 4041 2303 4095 ad
2345 4040 2606 4095 trutinam
2654 4041 2913 4111 appensis
2964 4042 3388 4113 ponderatisque
3442 4058 3563 4097 mo-

309 4142 492 4186 mento
544 4134 804 4203 temporis
838 4134 905 4189 iis
936 4150 1058 4204 quae
1086 4134 1155 4190 ab
1184 4147 1295 4189 uno
1311 4132 1617 4203 quolibetin
1634 4131 1736 4188 hac
1750 4133 1859 4189 vita
1876 4135 2016 4194 facta
2048 4145 2196 4202 sunt,
2229 4144 2392 4206 prout
2429 4136 2515 4192 vel
2567 4137 2743 4193 virtus
2773 4137 2856 4191 vel
2908 4136 3179 4193 vitiositas
3207 4139 3567 4209 superaverit,

307 4228 797 4282 remunerationem
848 4238 1228 4298 reportantes,
1282 4228 1350 4283 ad
1398 4229 1570 4285 nostri
1627 4230 1834 4285 similes
1894 4232 2333 4302 aggregabimur,
2365 4248 2471 4287 una
2506 4248 2631 4288 cum
2666 4232 2788 4288 aliis
2824 4242 2919 4287 aut
2975 4234 3281 4289 honorandi
3321 4235 3568 4304 prmio,

309 4330 401 4373 aut
431 4320 695 4375 efﬁciendi
725 4322 1012 4392 supplicio.

873 4430 1122 4484 ΠΕΥΣΙΣ
1157 4432 1323 4485 POI".

381 4517 512 4571 Τίνα
536 4519 604 4573 τὰ
641 4522 757 4590 εἴδη
785 4521 883 4591 τῆς
913 4523 1132 4593 ἀρετῆς,
1163 4524 1256 4576 καὶ
1308 4523 1485 4585 πόσας
1530 4524 1621 4577 καὶ
1652 4524 1700 4576 εί
1728 4523 1888 4576 δυνα-

309 4609 399 4662 τὸν
442 4610 531 4662 διὰ
575 4614 703 4681 μιᾶς
756 4612 935 4666 αὐτῶν
988 4614 1362 4686 κατορθῶσαι;
1402 4616 1477 4667 Οὑ
1529 4614 1638 4685 γὰρ
1686 4615 1887 4678 πάντες

308 4700 407 4763 τὰς
463 4701 643 4764 πάσας
689 4701 940 4756 δύνανται
1002 4703 1371 4775 κατορθῶσαι.
1429 4706 1588 4767 Ἴσως
1640 4705 1748 4775 γάρ
1800 4721 1883 4767 τις

313 4793 536 4858 ξενίζειν
569 4795 719 4857 τινὰς
752 4794 841 4847 διὰ
884 4797 1073 4849 πενίαν
1096 4798 1156 4850 οὐ
1180 4797 1422 4860 δύναται,
1456 4795 1886 4867 ἐγκρατεύεσθαι

311 4885 404 4936 καὶ
436 4888 732 4956 σωφρονεῖν
776 4885 996 4939 δύναται
1023 4927 1038 4949 ,
1071 4887 1103 4957 ἢ
1138 4887 1429 4959 ὑπομένειν
1456 4889 1513 4939 ἐν
1548 4889 1892 4958 πειρασμοῖς,

310 4974 642 5045 ἢδιδάσκειν
689 4976 757 5030 τὰ
807 4977 1026 5047 εὑσεὸἧ.
1067 4977 1257 5041 Ἀλλος
1418 4978 1741 5048 μεταδίδωσι
1785 4980 1897 5039 τοῖς

312 5065 506 5134 πένησι
557 5066 625 5119 τά
660 5067 932 5136 ἀναγκαῖα
965 5067 1101 5138 πρὸς
1129 5069 1190 5122 τὺ
1219 5070 1319 5140 ζῇν
1340 5086 1353 5100 ⁸
1382 5068 1541 5132 ἄλλος
1578 5069 1633 5121 δέ
1661 5063 1899 5124 διακονεῖ

310 5153 541 5222 δωρεάν.
583 5154 647 5206 Τί
680 5150 801 5219 οὖν;
838 5154 937 5208 Διά
974 5158 1103 5226 μιᾶς
1130 5157 1339 5211 τούτων
1368 5158 1428 5209 οὑ
1461 5156 1682 5211 δύναται
1723 5157 1895 5210 ἁπαλο

311 5243 538 5316 λαγῆναι
568 5246 667 5315 τῆς
697 5247 917 5301 αἰωνίου
948 5249 1210 5318 κρίσεως;

929 5508 1293 5577 Ἀπόκρισις.

376 5598 530 5649 Πᾶσα
566 5596 666 5665 μὲν
696 5598 864 5670 ἀρετὴ
899 5602 1365 5671 περισπούδαστος
1416 5603 1650 5678 ὑπάρχει
1683 5609 1794 5669 τοῖς
1828 5608 1887 5659 τὸ

311 5686 524 5753 λογικὸν
583 5687 657 5758 μὴ
707 5691 1113 5760 ἀμαυρωθείσιν
1161 5695 1266 5748 ὑπὸ
1308 5695 1407 5765 τῆς
1454 5695 1606 5767 ὓλης,
1643 5698 1793 5769 παρά
1829 5716 1889 5751 τε

312 5780 419 5839 τοῖς
453 5780 771 5851 ἀρτίφροσιν
806 5782 1040 5854 άληθῶς.
1095 5787 1246 5841 [Ιᾶσα
1293 5786 1349 5840 δὲ
1395 5788 1560 5842 κακία
1607 5788 1889 5861 βδελυκτὴ,

389 5956 434 5988 υ
464 5956 651 6016 Matth.
680 5974 729 6025 ν,
770 5961 857 6017 ts.

2362 4424 2883 4481 INTERROGATIO
2912 4417 3198 4484 CLXXIII.

2061 4520 2193 4586 Quae
2232 4530 2361 4573 sunt
2412 4518 2621 4586 species
2666 4518 2903 4582 virtutis,
2969 4528 3024 4572 et
3080 4520 3255 4589 quot?
3288 4530 3385 4575 aut
3432 4538 3564 4578 num

1993 4610 2103 4664 fieri
2168 4618 2347 4678 potest
2405 4617 2466 4660 ut
2518 4607 2693 4676 ipsam
2752 4616 2900 4662 recte
2952 4622 3049 4676 per
3104 4625 3270 4663 unam
3324 4608 3568 4680 aliquam

1991 4699 2378 4771 perficiamus?
2407 4697 2523 4752 Non
2580 4699 2727 4754 enim
2762 4700 2993 4769 quilibet
3024 4713 3256 4769 possunt
3283 4704 3566 4772 quaslibet

1994 4794 2269 4857 praestare.
2294 4783 2571 4840 Fortassis
2617 4785 2762 4839 enim
2797 4786 2877 4850 fit,
2916 4794 2977 4840 ut
3028 4788 3155 4857 quis
3189 4789 3408 4858 aliquos
3438 4807 3569 4862 pru-

1992 4888 2112 4948 pter
2160 4885 2537 4946 paupertatem
2583 4876 2828 4945 hospitio
2867 4878 3123 4948 excipere
3173 4889 3432 4950 nequeat,
3472 4885 3570 4954 qui

1992 4979 2171 5024 tamen
2210 4978 2518 5039 temperans
2563 4976 2619 5022 et
2643 4968 2860 5023 sobrius
2882 4983 3005 5025 esse
3028 4979 3226 5039 potest,
3262 4981 3361 5028 aut
3391 4966 3570 5031 susti-

1993 5076 2122 5115 nere
2159 5061 2510 5125 tentationes,
2538 5069 2635 5113 aut
2686 5060 2887 5115 docere
2913 5062 3189 5131 pietatem.
3217 5065 3377 5122 Alius
3431 5068 3567 5124 item

1996 5151 2223 5221 largitur
2280 5149 2619 5218 pauperibus
2668 5148 2736 5203 ad
2787 5149 2954 5205 vitam
3012 5155 3367 5211 necessaria:
3425 5152 3569 5213 alius

1999 5241 2169 5311 gratis
2206 5240 2498 5293 ministrat.
2536 5239 2677 5306 Quid
2736 5240 2942 5311 igitur?
2988 5257 3121 5296 num
3176 5259 3274 5314 per
3332 5245 3562 5303 istarum

1999 5348 2164 5387 unam
2215 5333 2453 5401 aliquam
2496 5341 2701 5387 aeterno
2754 5334 3026 5404 supplicio
3066 5336 3289 5393 liberari
3319 5354 3428 5404 non
3468 5339 3567 5411 po-

2001 5434 2102 5478 test
2118 5422 2144 5474 ?

2629 5510 2937 5583 Responsio.

2069 5605 2264 5660 Omnis
2306 5603 2527 5674 quidem
2561 5603 2735 5659 virtus
2792 5606 3090 5661 excolenda
3131 5616 3211 5663 est
3249 5609 3338 5674 iis,
3369 5612 3573 5680 quibus

1999 5694 2230 5751 rationis
2274 5694 2361 5749 vis
2408 5707 2439 5748 a
2483 5693 2689 5748 crassis
2740 5694 2908 5750 rebus
2961 5696 3256 5753 obscurata
3306 5715 3415 5754 non
3466 5710 3573 5767 est,

1997 5790 2049 5845 et
2106 5788 2251 5860 apud
2292 5803 2388 5846 eos
2435 5786 2529 5857 qui
2564 5786 2709 5841 vere
2762 5795 2893 5843 sunt
2919 5803 3067 5844 same
3120 5790 3345 5846 mentis.
3379 5790 3575 5854 Omnis
