4006 6386
469 409 619 465 ίΗῖιίΙ

482 537 666 581 autem
699 528 970 581 viuesttas
1019 527 1415 593 abominanda,’
1473 543 1812 604 utpotequac
1841 537 2059 590 virtutis

481 617 794 673 adversaria
827 628 930 683 est,
981 631 1188 675 nostra
1227 637 1542 694 repugnans
1598 637 1827 683 naturae.
1886 629 2060 685 Porro

483 708 700 764 virtutis
749 710 919 780 aliqui
945 712 1159 781 species
1194 725 1438 784 quatuor
1465 731 1589 771 esse
1631 717 1912 784 dixerunt,
1947 719 2059 775 for-

480 799 795 864 titudinem,
819 802 1188 872 prudentiam,
1215 807 1634 876 temperantiam
1665 817 1719 863 et
1745 809 2014 877 justitiam
2044 831 2055 865 :

479 908 602 958 quae
654 893 884 962 pulchra
936 896 1159 964 quidem
1216 907 1368 964 sunt,
1421 899 1515 954 sed
1571 899 1722 954 humi
1753 911 1951 972 repunt
2006 912 2060 958 et

479 983 732 1038 innatant
769 994 950 1050 terrae,
1000 998 1238 1055 suntque
1293 989 1616 1044 demissiora
1677 1007 1843 1061 quam
1893 996 2060 1048 cccle-

479 1081 578 1126 stls
612 1075 701 1128 illa
737 1077 1075 1132 sublimitas.
1129 1077 1531 1134 Fortitudinem
1570 1081 1716 1134 enim
1774 1081 2057 1144 dixerunt.

478 1179 600 1232 qua:
628 1165 776 1220 vitiis
819 1168 1073 1232 resistat;
1124 1171 1567 1238 temperantiam,
1606 1171 1872 1225 adversus
1930 1172 2058 1225 aﬂ‘e-

476 1264 600 1308 rtus
632 1256 798 1309 robur
826 1265 880 1310 et
903 1258 1186 1312 victoriam
1209 1279 1222 1322 ;
1244 1261 1611 1328 prudentiam,
1639 1263 1692 1315 in
1746 1264 2057 1318 civitatibus

477 1349 737 1418 optimam
773 1367 954 1404 rerum
991 1353 1336 1420 publicarum
1382 1355 1863 1420 constitutionem;
1893 1357 2058 1426 justi-

477 1440 632 1501 tiam,
664 1454 787 1507 qua:
822 1441 1169 1496 laudabiliter
1184 1451 1346 1497 curat
1379 1444 1502 1498 vita:
1534 1444 1806 1515 cujusque
1827 1457 2052 1500 sortem.

481 1531 610 1587 Ideo
640 1542 936 1605 putarunt
967 1535 1218 1588 ordinem
1275 1536 1569 1604 quemdam
1603 1551 1663 1590 se
1715 1537 1952 1600 sancire,
2009 1540 2054 1593 si

477 1623 861 1679 cohibuissem
891 1624 1038 1678 modi
1071 1639 1358 1680 excessum
1385 1626 1439 1680 in
1486 1641 1554 1682 eo
1586 1628 1732 1697 quod
1764 1628 1816 1681 in
1850 1639 2058 1682 utram-

476 1730 584 1783 que
617 1725 826 1784 partem
861 1717 1094 1771 nimium
1157 1727 1274 1773 est:
1311 1720 1603 1775 sublimius
1627 1730 1808 1774 autem
1846 1721 2053 1790 aliquid

476 1821 654 1875 neque
688 1809 933 1878 cogitare
985 1824 1162 1878 neque
1199 1810 1384 1880 eloqui
1431 1821 1750 1879 potuerunt,
1796 1823 2052 1882 etquan-

476 1908 591 1949 tum
647 1897 701 1951 in
745 1897 880 1966 ipsis
940 1897 1064 1962 fuit,
1122 1899 1377 1954 virtutem
1435 1901 1488 1954 in
1550 1902 1618 1956 iis
1668 1912 1878 1956 tantum
1930 1918 2052 1972 qua:

474 1999 795 2051 cernuntur,
859 1991 1226 2058 incluserunt,
1289 1994 1428 2046 nihil
1491 1995 1824 2049 arbitrantes
1877 1995 2054 2064 ipsam

475 2077 677 2132 habere
709 2080 794 2134 vel
829 2080 1088 2144 sublime,
1126 2083 1208 2135 vel
1261 2083 1408 2152 quod
1444 2083 1714 2138 cmlorum
1741 2083 1926 2139 decori
1979 2084 2053 2139 si-

473 2173 603 2227 mile
637 2172 727 2228 sit.
763 2171 874 2229 Nos
925 2185 1109 2230 autem
1165 2185 1559 2246 praeceptorem
1594 2176 1861 2232 eximium
1899 2178 2052 2231 illum

470 2264 796 2334 Apostolum
830 2265 1120 2331 habemus,
1151 2267 1354 2322 multas
1408 2267 1631 2337 quidem
1675 2268 1897 2323 virtutis
1927 2283 2052 2338 spc-

470 2356 582 2410 eies
610 2367 1011 2419 recensentem,
1055 2369 1168 2413 tres
1200 2368 1383 2415 autem
1429 2376 1541 2430 pra:
1563 2361 1776 2416 caeteris
1795 2360 2054 2416 omnibus

469 2445 733 2519 insignes,
789 2450 973 2515 ﬁdem,
1021 2467 1198 2521 spem,
1233 2453 1554 2507 charitatem
1597 2454 1663 2506 ⁸³.
1705 2452 1948 2519 Quarum
1989 2453 2054 2506 ﬁ-

467 2539 566 2593 des
594 2539 816 2608 quidem
854 2541 945 2596 dat
1000 2542 1318 2597 hominibus
1349 2559 1412 2597 ea
1443 2559 1564 2614 quae
1604 2560 1768 2613 supra
1803 2553 2052 2598 naturam

470 2639 618 2691 sunt,
650 2630 1010 2686 intellectibus
1035 2633 1315 2688 ascribens
1341 2649 1464 2688 eum
1495 2635 1588 2704 qui
1618 2635 1798 2689 adhuc
1816 2635 2045 2688 circum-

470 2725 633 2776 datus
666 2731 751 2777 est
803 2723 1123 2778 indumento
1173 2740 1373 2780 crassae
1429 2729 1672 2781 matcriei
1732 2728 1918 2782 multis
1969 2728 2051 2780 af-

469 2813 800 2870 fectionibus
841 2815 1101 2870 obnoxio.
1152 2815 1288 2870 Nam
1321 2833 1443 2887 quae
1495 2821 1813 2888 angelorum
1845 2827 1897 2873 et
1929 2820 2052 2873 reli-

469 2921 708 2973 quorum
749 2922 919 2961 carne
959 2908 1266 2962 carentium
1304 2908 1524 2964 ordines
1567 2911 1914 2976 ignorarunt,
1947 2909 2050 2964 lto-

470 3014 593 3053 ru-m
624 2999 774 3053 humi
807 2998 984 3053 allixis
1006 3001 1136 3054 etin
1172 3010 1314 3054 terra
1345 3002 1696 3057 versantibus
1733 3003 2051 3057 hominibus

470 3089 761 3145 scientiam
797 3091 1030 3161 largitur
1062 3091 1215 3154 ﬁdes,
1245 3101 1300 3144 et
1340 3093 1563 3148 instruit
1593 3109 1708 3159 eos,
1770 3094 2050 3149 aditucms

469 3191 714 3236 mentem
772 3182 839 3236 ad
891 3183 1129 3252 regalem
1173 3194 1227 3238 et
1276 3185 1424 3238 nulla
1482 3185 1655 3240 forma
1725 3203 2045 3256 expressum

469 3273 754 3335 thronum,
779 3282 834 3327 et
869 3288 967 3343 per
987 3274 1326 3344 exquisitum
1360 3274 1833 3346 relulgentemque
1862 3277 2045 3346 splen-

467 3365 655 3418 dorem
686 3364 941 3434 principii
980 3365 1222 3434 espertis
1249 3375 1303 3419 et
1335 3367 1672 3436 incorrupta
1704 3377 1914 3422 naturae
1949 3383 2042 3422 ca-

469 3455 693 3528 liginem
728 3475 990 3514 sensuum
1037 3459 1337 3529 depellens,
1375 3470 1427 3514 et
1483 3461 1526 3515 si
1559 3462 1689 3531 quid
1721 3477 1967 3517 crassum
1995 3470 2051 3515 et

469 3549 783 3605 nubilosum
805 3567 874 3606 ex
893 3551 1003 3606 illis
1030 3561 1134 3619 est,
1176 3568 1207 3607 a
1241 3563 1423 3608 mente
1451 3563 1738 3624 postquam
1769 3554 2049 3619 abstersit,

471 3641 602 3697 facit
627 3651 681 3697 ut
715 3641 966 3712 adjuncti
998 3643 1133 3698 socii
1169 3643 1306 3698 nihil
1357 3644 1587 3700 absurdi
1623 3646 1854 3701 credant
1883 3661 2037 3701 com-

1569 420 1624 473 S.
1673 419 1972 475 CAISARII
2010 420 2336 476 GBEGOBII
2380 415 2683 474 FRATRIS

3605 409 3756 464 Ηω

2168 531 2254 588 οἷα
2311 535 2374 606 δὴ
2424 532 2713 594 ἀντίπαλος
2773 528 3036 599 ἱσταμένη
3092 525 3185 579 τοῦ
3219 523 3548 596 κρείττονος,
3607 522 3756 574 κατὰ

2167 630 2264 697 τῆς
2318 626 2590 696 ἡμετέρας
2650 619 3024 691 ἀγωνιζομένη
3087 618 3322 688 φύσεως.
3382 617 3608 687 Ἀρετῆς
3663 611 3758 668 οὖν

2169 720 2284 790 εἴδη
2314 717 2550 788 τέταρτά
2598 731 2741 778 τινες
2777 713 3053 784 ἔφρασαν·
3086 711 3155 764 τὰ
3194 711 3250 764 δὲ
3303 709 3592 780 ὑπάρχειν,
3631 707 3753 758 Ἀν-

2152 808 2370 880 τδρείαν,
2419 807 2720 877 Φρόνησιν,
2775 802 3170 874 Σωφροσύνην,
3218 801 3312 854 καὶ
3355 798 3752 866 Δικαιοσύνην’

2169 901 2312 971 άπερ
2343 898 2485 953 καλά
2510 898 2610 969 μὲν
2637 895 2915 965 τυγχάνει,
2943 893 3197 964 χθαμαλά
3243 893 3301 945 δὲ
3327 892 3506 963 ἕρπει,
3541 891 3642 943 καὶ
3660 888 3755 941 ἐπὶ

2166 994 2262 1061 τῆς
2296 991 2494 1062 χέρσου
2538 990 2779 1058 νήχεται.
2821 983 3104 1055 κατώτερα
3157 983 3493 1052 τυγχάνοντα
3533 981 3635 1052 τῆς
3669 979 3755 1033 οὑο

2171 1085 2357 1155 ρανίου
2412 1082 2625 1153 ἁψίδος·
2679 1077 2929 1148 ἀνδρείαν
2981 1076 3088 1147 γάρ
3137 1080 3447 1145 φήσαντες,
3496 1071 3597 1140 τὴν
3652 1072 3756 1141 τῆς

2169 1177 2301 1247 ὕλης
2365 1175 2696 1244 ἀντίμαχον·
2761 1174 2857 1226 καὶ
2912 1167 3285 1240 σωφροσύνην,
3350 1165 3411 1218 τὸ
3451 1163 3591 1218 κατά
3637 1162 3755 1216 τῶν

2168 1267 2357 1320 παθῶν
2386 1267 2586 1336 κράτος
2617 1264 2708 1317 καὶ
2749 1263 2904 1331 νίκην
2926 1277 2938 1290 '
2973 1259 3234 1330 φρόνησιν
3277 1255 3355 1313 δὲ.
3387 1255 3486 1325 τὴν
3522 1255 3581 1306 ὲν
3629 1255 3755 1314 ταῖς

2167 1357 2386 1411 πόλεσιν
2430 1353 2891 1426 ἀριστοκρατίαν·
2938 1348 3282 1418 δικαιοσύνην
3326 1345 3405 1413 δὲ,
3453 1345 3552 1415 τὴν
3599 1344 3755 1397 κύδι-

2170 1468 2269 1522 μον
2299 1447 2393 1503 τοῦ
2435 1448 2560 1519 βίου·
2584 1445 2797 1518 μερίδα.
2827 1445 2922 1506 Ὢς
2962 1460 3026 1512 γε
3051 1442 3218 1512 ᾤοντο
3241 1438 3395 1504 τάξιν
3435 1435 3557 1489 τινὰ
3588 1452 3754 1504 νομοο

2167 1541 2468 1604 θετοῦντες,
2493 1537 2892 1609 χαλινώσαντες
2917 1535 3016 1606 τὴν
3050 1533 3137 1602 ἐφ’
3167 1532 3406 1601 ἑκάτερα
3440 1527 3533 1582 τοῦ
3567 1526 3754 1580 πλείο-

2165 1651 2254 1696 νος
2303 1631 2621 1703 ἁμετρίαν’-
2651 1627 2981 1698 ὑψηλότερον
3019 1625 3078 1679 δέ
3114 1642 3166 1678 τι
3223 1623 3359 1694 μήτε
3397 1621 3613 1690 νοῆσαι,
3650 1619 3753 1688 μή·

2165 1743 2224 1779 τε
2284 1723 2515 1792 ὲκφάναι
2557 1716 2748 1775 οἷοίτε
2774 1736 2788 1750 ·
2833 1719 2895 1772 τό
2947 1735 3006 1771 τε
3034 1717 3123 1770 ἐπ’
3174 1715 3357 1778 αὐτοῖς
3408 1712 3506 1784 τὴν
3546 1710 3752 1782 ἀρετὴν

2163 1819 2277 1879 τοῖς
2300 1815 2596 1886 ὁρωμένοις
2634 1810 3014 1884 περιέκλεισαν
3055 1808 3236 1878 μόνον,
3267 1805 3432 1877 μηδὲν
3474 1802 3752 1873 οἰηθέντες

2161 1906 2332 1977 αὑτὴν
2381 1905 2522 1976 ἔχειν
2554 1901 2755 1972 ὑψηλόν
2775 1918 2865 1964 τε,
2909 1899 3001 1952 καὶ
3034 1899 3132 1968 τῆς
3158 1896 3267 1950 τῶν
3295 1893 3539 1967 οὐρανῶν
3584 1893 3749 1945 εὑκο-

2162 1998 2326 2067 σμίας
2383 1995 2702 2066 ἐφάμιλλον.
2757 1993 2949 2064 Ἡμεῖς
2999 1991 3057 2044 δὲ
3095 1987 3450 2058 καθηγεμόνα
3491 1985 3582 2038 τὸν
3607 1985 3749 2054 ὑψη-

2158 2089 2248 2143 λὸν
2288 2088 2610 2142 Ἀπόστολον
2647 2086 2880 2156 ἔχοντες,
2923 2082 3096 2136 πολλά
3125 2081 3224 2152 μὲν
3252 2079 3368 2150 εἴδη
3411 2076 3614 2149 ἀρετῆς
3641 2077 3751 2127 ἀπ-

2161 2177 2585 2250 αριθμούμενον,
2624 2175 2754 2245 τρία
2815 2174 3031 2227 πάντων
3087 2171 3365 2241 ἐξαίρετα,
3405 2168 3608 2229 πίστιν,
3664 2165 3747 2218 ἐλ-

2167 2270 2318 2332 πίδα,
2356 2267 2609 2338 ἀγάπηνο
2657 2260 2732 2320 ὧν
2781 2266 2814 2336 ἡ
2858 2264 2957 2334 μὲν
2997 2263 3180 2326 πίστις
3224 2261 3478 2332 δωρεῖται
3533 2256 3747 2330 βροτοῖς

2158 2361 2225 2415 τά
2275 2361 2417 2436 ὑπὲρ
2475 2357 2655 2426 φύσιν,
2687 2357 2800 2418 τοῖς
2820 2355 3029 2425 νοητοῖς
3059 2349 3493 2422 καταγράφουσα
3532 2348 3624 2401 τὸν
3661 2349 3744 2400 ἐτι

2157 2450 2539 2524 περικείμενον
2563 2447 2626 2501 τὸ
2645 2445 2957 2508 πολυπαθὲς
2984 2445 3084 2514 τῆς
3112 2442 3245 2514 ὕλης
3275 2441 3640 2514 περιϐόλαιον.
3675 2442 3744 2492 ’Δ

2155 2542 2266 2612 γάρ
2295 2543 2350 2594 αἱ
2400 2539 2510 2594 τῶν
2549 2539 2796 2608 ἀγγέλων
2829 2536 3059 2590 καὶτῶν
3104 2534 3306 2588 λοιπῶν
3349 2533 3606 2604 ἀσάρκων
3647 2530 3752 2584 τά·-

2156 2635 2267 2702 ξεις
2297 2635 2590 2705 ἠγνόησαν,
2619 2633 2824 2687 τούτων
2850 2635 2963 2695 τοῖς
2999 2630 3366 2702 χαμαιπόροις
3389 2628 3483 2681 καὶ
3514 2627 3607 2680 ἐπὶ
3637 2625 3744 2694 γῆς

2155 2724 2590 2793 καλινδουμένοις
2636 2723 2848 2793 βροτοῖς
2881 2720 2978 2791 τὴν
3012 2720 3326 2789 ἐπιστήμην
3365 2719 3668 2786 είσηγεῖται
3707 2716 3741 2784 ἡ

2157 2818 2358 2880 πίστις,
2389 2816 2484 2870 καὶ
2513 2815 2856 2868 ὑποδείκνυσι
2889 2813 3240 2885 προσάγουσα
3269 2809 3366 2880 τὴν
3396 2809 3634 2862 διάνοιαν
3663 2807 3743 2878 τῷ

2157 2905 2420 2977 βασιλικῷ
2462 2922 2521 2958 τε
2569 2907 2661 2958 καὶ
2705 2903 3100 2975 ἀσχηματίστῳ
3147 2901 3350 2973 θρόνῳ·
3403 2901 3498 2954 καὶ
3535 2899 3741 2972 ἀκριϐῆ

2153 3001 2598 3072 ὲναστράπτουσα
2629 2998 2726 3070 τὴν
2753 2998 2944 3068 αἴγλην
2979 2997 3079 3067 τῆς
3106 2997 3345 3068 άνάρχου
3375 2997 3468 3049 καὶ
3498 2995 3742 3065 ἀκράτου

2155 3095 2403 3162 φύσεως,
2443 3095 2507 3162 τῇ
2556 3091 2764 3144 ἐκεῖθεν
2823 3090 3077 3160 ἀστραπῇ
3128 3088 3228 3159 τὴν
3274 3087 3440 3157 ἀχλὺν
3493 3087 3602 3138 τῶν
3655 3087 3742 3137 αἰ-

2155 3187 2397 3257 σθήσεων
2431 3183 2837 3245 ἀπελαύνουσα,
2891 3182 2986 3236 καὶ
3019 3182 3074 3235 εί
3114 3199 3166 3234 τι
3216 3181 3362 3250 παχὺ
3423 3179 3519 3233 καὶ
3567 3178 3739 3246 νειρῶ⁹

2155 3279 2241 3340 δες
2285 3276 2396 3330 τῶν
2436 3277 2565 3346 τῇδε
2611 3274 2706 3327 τοῦ
2734 3273 2825 3327 νοῦ
2872 3272 3216 3342 άπολήσασα.
3261 3270 3491 3342 παρέχει
3536 3271 3741 3338 ἑταιρι-

2154 3367 2358 3440 ζομένη
2417 3367 2571 3420 οὐδὲν
2615 3368 2816 3421 ἄτοπον
2880 3363 3162 3417 πιστεύειν
3232 3361 3568 3433 πεπρᾶχθαι,
3628 3361 3740 3412 τῶν

2164 3459 2448 3532 προτέρων
2477 3458 2786 3530 ἀμνηστίαν
2830 3456 2924 3510 καὶ
2962 3455 3232 3526 ἀπόνηψιν
3271 3453 3350 3524 τῷ
3383 3451 3592 3522 λουτρῷ
3639 3467 3740 3503 πο·

2158 3553 2457 3623 τισαμένηο
2505 3550 2601 3604 καὶ
2633 3550 2794 3604 οἱονεὶ
2843 3549 3064 3611 ἁείπαις
3109 3548 3203 3600 καὶ
3251 3545 3480 3616 ἄμωμος
3522 3545 3738 3611 ἀναφα-

2155 3647 2330 3700 νεῖσα.

470 3738 721 3805 missnm,
747 3738 988 3808 priorum
1032 3738 1306 3798 oblivione
1355 3756 1450 3811 per
1502 3741 1834 3796 ablutionem
1887 3749 1941 3796 et
1992 3742 2268 3796 lavacrum
2319 3737 2504 3802 facta,
2537 3736 2695 3807 quasi
2751 3750 2964 3804 semper
3011 3733 3166 3802 virgo
3212 3741 3264 3786 et
3310 3728 3737 3784 incontaminata

469 3849 760 3905 apparens.

851 3923 1370 3982 INTERROGATIO
1398 3923 1683 3980 CLXXIV.

543 4018 685 4084 Quid
720 4019 824 4073 sibi
859 4019 975 4072 vult.
1020 4018 1307 4080 Dominus,
1345 4033 1470 4071 eum
1510 4017 1582 4071 ait
1614 4036 1628 4070 :
1663 4018 1705 4070 Α
1737 4016 1919 4070 diebus
1953 4034 2041 4070 au-

471 4122 570 4164 tem
596 4111 822 4163 Joannis
857 4108 1115 4178 Baptista:
1153 4125 1368 4178 regnum
1399 4107 1650 4160 calorum
1697 4107 1799 4160 vim
1831 4108 2054 4176 patitur,

459 4213 515 4258 et
544 4203 754 4257 violenti
779 4203 993 4271 rapiunt
1023 4200 1156 4253 illud
1181 4200 1225 4232 ⁸⁸
1250 4201 1274 4252 ?
1311 4199 1527 4254 Scimus
1551 4208 1732 4252 autem
1769 4199 1913 4268 quod
1938 4215 2057 4252 om-

474 4295 560 4346 nis
588 4292 898 4358 (violentia)
923 4290 1384 4345 condemnatione
1408 4289 1856 4343 etmaledictione
1893 4288 2053 4358 digna

469 4385 573 4437 sit:
601 4384 879 4454 quomodo
899 4382 1062 4451 igitur
1080 4380 1446 4451 intelligemus
1472 4381 1572 4434 hoc
1592 4379 1802 4433 Dmnini
1823 4379 2052 4434 dictum?

1107 4555 1420 4627 Responsio.

545 4647 680 4714 Quia
713 4646 954 4702 Joannes
985 4648 1198 4717 primus
1231 4647 1351 4717 ejus
1384 4648 1644 4715 temporis
1695 4645 1845 4713 regni
1884 4646 2045 4699 uelo-

473 4757 595 4794 rum
626 4741 922 4796 adventum
949 4739 1270 4794 hominibus
1304 4738 1673 4803 annuntiavit,
1706 4746 1761 4791 ct
1787 4736 2050 4792 Servator

471 4831 728 4901 deinceps
756 4829 1125 4900 advenit;qui
1174 4829 1404 4884 ﬁrmiter
1434 4839 1488 4884 et
1540 4829 1753 4884 sincere
1800 4829 2049 4895 credunt,

471 4938 569 4992 per
622 4937 900 4977 summum
963 4921 1284 4977 exercitium
1361 4931 1416 4977 et
1491 4921 1822 4977 laboriosam
1881 4922 2050 4977 vitam

475 5015 738 5071 terminos
817 5025 1028 5071 natura:
1095 5016 1581 5078 transcendentes,
1661 5024 1715 5070 et
1789 5017 1858 5070 ad
1925 5015 2057 5070 aﬂ’e-

473 5117 662 5161 ctuum
689 5107 1162 5162 mortiﬁcationem
1185 5107 1432 5164 translati
1456 5107 1510 5161 in
1529 5121 1778 5176 corpore.
1804 5115 1859 5162 et
1883 5121 1949 5161 ex
1974 5123 2041 5162 eo

473 5200 757 5254 obstacula
817 5200 1260 5267 supervolantes,
1327 5200 1725 5255 mortiticantes
1777 5200 2042 5270 concupi-

476 5291 719 5347 scentias
747 5291 1019 5362 corporis,
1077 5307 1174 5362 per
1202 5303 1488 5362 angustam
1516 5301 1572 5345 et
1627 5290 2044 5346 laboriosiorem

483 5384 628 5438 viam
662 5385 714 5438 in
770 5384 1068 5438 virtutibus
1109 5385 1502 5454 ingredientes,
1537 5400 1596 5438 se
1650 5385 1914 5438 violenter
1971 5397 2058 5437 co-

474 5488 628 5546 gunt,
648 5476 714 5530 ad
745 5477 1025 5544 praemium
1052 5492 1293 5545 superna:
1327 5477 1613 5530 vocationis
1643 5475 2053 5546 compellentcs,

479 5578 532 5622 ut
557 5569 732 5638 inquit
763 5568 922 5622 divus
955 5569 1249 5637 Apostolus
1281 5568 1352 5622 ⁸³.

862 5659 1378 5716 INTERROGATIO
1412 5659 1665 5716 CLXXV.

547 5749 687 5815 Quid
704 5752 978 5823 signiﬁcat
993 5751 1278 5816 Dominus,
1305 5754 1372 5807 de
1390 5754 1578 5808 eodem
1601 5751 1809 5808 Joanne
1831 5751 2049 5807 dicens:

2720 3915 2969 3968 ΙΙΕΥΣΙΣ
3007 3915 3169 3966 ΡΟΔ’.

2232 4008 2296 4060 Τί
2324 4007 2569 4078 βούλεται
2593 4008 2766 4076 λέγων
2793 4009 2822 4060 ὁ
2843 4006 3066 4078 Κύριος,
3103 4005 3236 4059 Ἀπὸ
3267 4003 3335 4056 δὲ
3363 4002 3480 4056 τῶν
3504 3999 3741 4070 ἡμερῶν

2168 4095 2449 4152 Ἰωάννου
2490 4097 2596 4152 τοῦ
2644 4096 2986 4151 Βαπτιστοῦ
3034 4095 3146 4161 ἕως
3200 4094 3331 4163 ἆρτι
3365 4095 3403 4161 ἡ
3442 4093 3738 4156 ,ϐασιλεία

2154 4186 2272 4240 τῶν
2311 4188 2582 4257 οὐρανῶν
2607 4185 2894 4252 βιάζεται,
2939 4187 3038 4241 καὶ
3067 4189 3120 4241 οὶ
3163 4186 3414 4250 βιασταὶ
3443 4185 3735 4254 ἁρπάζου-

2154 4295 2258 4332 σιν
2312 4279 2544 4348 αὐτήν;
2588 4280 2823 4348 Οἴδαμεν
2870 4278 2926 4332 δὲ
2983 4280 3067 4332 ὅτι
3124 4279 3310 4348 πάσης
3357 4277 3590 4349 κρίσεως
3640 4279 3738 4330 καὶ

2160 4372 2404 4443 κατάρας
2456 4371 2605 4426 ἐστὶν
2633 4371 2799 4437 ἄξιος.
2833 4369 2959 4434 Πῶς
2998 4366 3090 4424 οὖν
3121 4371 3230 4440 ἄρα
3260 4373 3525 4442 νοήσομεν
3551 4369 3611 4421 τὸ
3637 4370 3738 4423 τοῦ

2159 4463 2364 4537 Κυρίου
2389 4463 2568 4535 ρἧα;

2769 4557 3126 4624 Ἀπόκρισις.

2209 4647 2450 4700 Ἰωάννου
2473 4645 2688 4718 πρώτου
2710 4647 3018 4720 αὑθήμερον
3040 4649 3196 4718 ἥκειν
3218 4649 3316 4718 την
3337 4645 3608 4716 βασιλείαν
3628 4644 3738 4696 τῶν

2154 4740 2402 4812 οὐρανῶν
2443 4740 2653 4812 βροτοῖς
2688 4741 3176 4811 καταγγείλαντος,
3213 4740 3308 4794 καὶ
3345 4738 3439 4793 τοῦ
3484 4738 3738 4807 Σωτῆρος

2154 4833 2349 4886 θᾶττον
2380 4833 2699 4897 ἐπιστάντος
2718 4849 2732 4862 ο
2783 4835 2832 4887 οί
2865 4835 3148 4905 ἀραρότως
3183 4834 3280 4889 καὶ
3308 4832 3612 4903 εἰλικρινῶς
3644 4850 3737 4884 πι-

2157 4926 2457 4993 στεύοντες,
2487 4927 2555 4981 δι’
2588 4927 2896 4998 ἀκροτάτης
2926 4928 3209 4999 ἀσκήσεως
3245 4928 3337 4981 καὶ
3367 4925 3737 4997 σκληρουχὶας

2153 5021 2283 5085 τοὺς
2322 5021 2482 5092 ὅρους
2507 5019 2607 5090 τῆς
2639 5019 2856 5088 φύσεως
2901 5020 3338 5092 ὑπερϐαίνοντες,
3368 5018 3463 5071 καὶ
3494 5017 3629 5088 πρὸς
3671 5019 3740 5071 τὸ

2155 5110 2368 5175 ἀπαθὲς
2397 5110 2781 5182 μεθιστάμενοι
2817 5111 2876 5163 ὲν
2909 5109 3156 5180 σώματι,
3201 5109 3296 5162 καὶ
3331 5106 3401 5160 τά
3447 5109 3511 5159 ἐκ
3543 5105 3736 5160 τούτου

2158 5201 2454 5273 κωλύματα
2483 5203 2912 5274 ὑπεριπτάμενοι
2933 5241 2948 5266 ,
2977 5200 3296 5272 νεκροῦντες
3323 5198 3420 5262 τὰς
3440 5197 3737 5267 ἐπιθυμίας

2154 5291 2251 5346 τοῦ
2287 5293 2540 5362 σώματος
2561 5332 2575 5356 ,
2605 5294 2693 5347 διὰ
2723 5295 2821 5364 τῆς
2865 5293 3056 5363 στενῆς
3087 5291 3182 5346 καὶ
3212 5288 3583 5360 πονικωτέρας
3612 5287 3736 5340 ὁδοῦ

2155 5387 2276 5448 ταῖς
2307 5386 2530 5457 ἀρεταῖς
2570 5384 2844 5455 βαίνοντες
2864 5426 2877 5449 ,
2926 5386 3067 5453 σφᾶς
3110 5382 3385 5453 βιάζονται
3405 5420 3420 5443 .
3467 5381 3616 5448 πρὸς
3665 5379 3736 5431 τὸ

2150 5474 2434 5545 βραϐεῖον
2463 5473 2574 5544 τῆς
2615 5474 2736 5529 ἄνω
2768 5475 3045 5544 κλήσεως
3076 5473 3439 5542 ἐπειγόμενοι,
3470 5468 3542 5532 ῶς
3574 5484 3736 5538 φησιν

2163 5568 2304 5638 ίερὸς
2339 5566 2674 5631 Ἀπόστο).ος.

2725 5657 2968 5712 ΠΕΥΣΙΣ
3006 5655 3171 5709 ΡΟΕ’.

2237 5751 2299 5804 Τί
2338 5753 2591 5824 σημαίνει
2619 5754 2646 5807 ό
2669 5749 2872 5822 Κύριος
2902 5749 3073 5818 λέγων
3103 5746 3228 5818 περὶ
3249 5741 3342 5798 τοῦ
3367 5741 3533 5798 αὑτοῦ
3564 5738 3730 5794 Ίωάνι

556 5889 640 5946 ⁸³1
667 5892 792 5964 φοι.
834 5911 956 5966 Χιιι,
982 5897 1068 5953 15.
1144 5899 1189 5932 ⁸³
1218 5897 1406 5955 Matth.
1432 5914 1509 5964 xi,
1538 5896 1625 5956 12.
1701 5898 1744 5930 ⁸⁸
1777 5893 2009 5967 Philipp.
2044 5909 2125 5964 ιιι,
2156 5895 2239 5952 Η.
