4006 6386
270 398 399 457 “ll

268 535 381 581 νου,
417 518 530 572 Καὶ
560 519 612 574 εί
643 518 847 574 θέλετε
882 518 1192 585 δέξασθαι,
1224 514 1408 589 οὗτός
1437 522 1609 577 ἐστιν
1645 525 1853 593 Ἠλίας

270 614 301 662 ό
327 610 573 678 μέλλων
595 610 911 681 ἐρχεσθαι;
935 611 1171 683 Οἴδαμεν
1192 612 1250 666 δὲ
1278 614 1363 666 ὅτι
1398 615 1654 685 Ἰωάννην
1682 618 1859 688 Ἠρώ-

269 702 365 772 δης
412 701 720 772 ἀπέτεμεν·
765 703 860 757 καὶ
906 703 1024 766 πῶς
1054 704 1217 757 πάλιν
1261 704 1447 769 Ἠλίας
1493 708 1655 772 αὐτὸς
1700 704 1856 771 οὗτος

271 793 559 862 γενήσεται
574 812 587 859 ;

894 886 1251 954 Ἀπόκρισις.

357 975 442 1027 Ἑν
474 975 745 1045 πνεύματι
779 976 871 1028 καὶ
904 975 1133 1045 δυνάμει
1176 977 1383 1043 Ἡλίου,
1421 980 1735 1051 ἔμπροσθεν
1760 983 1859 1035 αύ-

273 1064 366 1117 τοῦ
396 1065 770 1119 ἀποσταλέντα
786 1066 845 1117 ἐν
860 1068 927 1136 τῇ
952 1064 1244 1137 θεανδρικῇ
1271 1068 1642 1140 ἐπιφοιτήσει,
1673 1070 1860 1123 Ἠλίαν

274 1157 498 1220 εἰκότως
533 1156 953 1229 προσαγορεύει,
1001 1158 1092 1211 διά
1122 1176 1182 1212 τε
1225 1161 1325 1231 τῆς
1368 1162 1591 1233 χάριτος
1618 1162 1715 1233 τὴν
1749 1164 1859 1216 ἰσό-

273 1267 433 1319 τητα,
468 1249 564 1304 καὶ
591 1250 692 1320 τῆς
720 1251 1033 1322 οἰκονομίας
1060 1251 1122 1305 τὸ
1153 1252 1475 1324 ἐφάμιλλον.
1544 1255 1711 1327 Ἀρχὴ
1751 1255 1860 1327 γὰρ

275 1342 367 1395 καὶ
388 1342 541 1406 τέλος
570 1342 679 1395 τῶν
707 1342 801 1397 δύο
828 1343 1114 1401 Διαθτικῶν
1130 1345 1354 1415 γέγονεν
1386 1347 1639 1417 Ἰωάννης
1664 1364 1675 1376 ·
1710 1348 1860 1412 τέλος

278 1434 374 1503 μὲν
407 1434 500 1487 τοῦ
527 1436 717 1504 νόμου,
756 1435 901 1507 ἀρχὴ
950 1436 1061 1489 τῶν
1100 1437 1474 1507 Εὐαγγελίων,
1503 1439 1649 1493 τοῦτ⁹
1690 1440 1857 1502 ἐστιν,

275 1527 467 1597 ἐτέρας
502 1528 652 1598 παρὰ
686 1527 783 1598 τὴν
827 1528 1059 1600 νομικὴν
1095 1530 1323 1601 ἀγωγήν
1364 1548 1424 1583 τε
1458 1532 1553 1585 καὶ
1582 1532 1860 1585 πολιτείαν

275 1619 616 1689 καθηγητὴς.
653 1617 889 1689 Ὁμοίως
924 1621 1019 1674 καὶ
1055 1621 1243 1676 Ἠλίαν
1282 1624 1681 1695 καραδοκῶμεν
1710 1629 1766 1678 ἐν
1796 1628 1857 1696 τῇ

276 1710 564 1783 θεανδρικῇ
612 1713 845 1785 δευτέρᾳ
899 1714 1136 1786 Χριστοῦ
1194 1717 1535 1786 ἐπιφοιτήσει
1583 1716 1754 1788 βραχύ
1807 1736 1859 1769 τι

276 1802 619 1872 προήκοντα,
680 1804 857 1876 πέρας
907 1805 1006 1876 μὲν
1058 1808 1326 1878 ὑπάρχειν
1399 1808 1500 1878 τῆς
1552 1808 1859 1879 ἐνεστώσης

274 1893 500 1963 ἀγωγῆς
528 1897 713 1948 τεκαὶ
745 1896 910 1967 ζωῆς,
944 1900 1121 1969 ἀρχὴν
1143 1899 1200 1952 δὲ
1228 1900 1331 1969 τῆς
1361 1900 1662 1971 μελλούσης
1680 1918 1692 1929 ’
1718 1901 1861 1953 κατὰ

272 1983 328 2035 δὲ
371 1984 624 2056 Ἰωάννην
648 1988 743 2040 καὶ
776 1990 939 2042 αὑτὸν
966 1991 1072 2042 ὑπὸ
1103 1991 1197 2044 τοῦ
1221 1992 1411 2062 νοητοῦ
1457 1993 1697 2064 Ἡρώδου
1721 1995 1860 2066 ὑπὲρ

274 2078 560 2147 ἀτρεκείας
594 2080 1072 2152 μιαιφονούμενον.

856 2259 1104 2313 uersi:
1141 2260 1322 2326 Ροεῖσ.

348 2338 473 2403 Πῶς
495 2340 707 2409 μείζων
727 2343 797 2395 ἐν
829 2343 1137 2412 γεννητοῖς
1166 2344 1466 2411 γυναικῶν
1508 2344 1791 2413 Ἰωάννης
1822 2350 1856 2401 ό

276 2432 659 2502 Βαπτιστής;
698 2435 809 2489 Καὶ
850 2438 902 2488 εί.
932 2438 1217 2507 προφήτης
1260 2433 1348 2509 ἦν,
1381 2438 1431 2490 τί
1466 2440 1853 2512 περισσότερον

274 2518 389 2594 εἷχε
424 2526 735 2596 προφήτου;
757 2528 842 2581 ὃτι
863 2528 1037 2593 οὕτως
1067 2530 1212 2599 λέγει
1237 2536 1265 2587 ὀ
1299 2535 1503 2606 Κύριος
1529 2538 1585 2588 ἐν
1617 2535 1858 2604 Εὑαγγε-

276 2615 434 2680 λίοις.
487 2619 585 2672 Διά
624 2619 678 2671 τί
716 2620 760 2673 δ’
795 2620 905 2692 ἄρα
938 2622 1140 2693 μείζων
1195 2624 1414 2679 πάντων
1456 2629 1559 2680 ὑπὸ
1590 2628 1686 2680 τοῦ
1744 2630 1856 2683 Σω-

274 2708 441 2778 τῆρος
490 2712 897 2783 μαρτυρηθεὶς,
950 2715 1041 2767 τὸν
1080 2717 1273 2770 ἐαυτοῦ
1323 2720 1537 2790 πατέρα
1580 2722 1856 2792 Ζαχαρίαν

274 2800 578 2870 ἐφίμωσεη

904 2898 1257 2966 Ἀπόκρισις.

346 2985 569 3056 ιῘοικίλη
610 3004 701 3057 μοι
733 2988 883 3041 δοκεῖ
913 2992 945 3059 ὴ
983 2991 1113 3060 περὶ
1141 2992 1333 3045 τούτου
1358 2994 1689 3066 διασάφησις
1712 3013 1725 3026 ⁸
1761 3000 1855 3052 καὶ

273 3076 379 3145 πρό
412 3093 477 3145 γε
522 3079 743 3133 πάντων
779 3080 934 3152 ὑμῶν
965 3084 1146 3137 αὐτῶν
1189 3086 1616 3156 ὁμολογούντων,
1655 3091 1856 3161 μείζων

274 3170 492 3223 πάντων
526 3171 753 3243 βροτῶν,
798 3176 894 3229 καὶ
925 3175 1258 3249 ὑψηλότερος
1280 3182 1597 3251 προφητῶν,
1631 3185 1736 3237 ὑπὸ
1758 3186 1853 3239 τοῦ

274 3261 479 3332 Κυρίου
517 3264 913 3335 μαρτυρεῖσθαι
946 3266 1037 3319 τὸν
1077 3268 1349 3339 Ἰωάννην,
1385 3272 1487 3324 οὐκ
1535 3272 1730 3343 ἔχομεν
1765 3274 1855 3328 λό-

272 3371 368 3421 γον
394 3353 489 3407 τοῦ
524 3355 725 3419 ζῶντος
763 3357 939 3427 Λόγου
988 3358 1281 3431 ἀνώτερον,
1335 3364 1717 3435 μαρτυροῦντα
1788 3370 1853 3439 τῇ

275 3446 458 3515 βοώση
491 3449 550 3500 ἐν
578 3450 643 3519 τῇ
676 3450 869 3521 ἐρήμῳ
916 3455 1090 3523 φωνῇ,
1138 3453 1490 3523 Ἐτοιμάζειν
1527 3458 1635 3524 τὰς
1678 3460 1857 3525 ὀδοὺς

274 3537 381 3592 τοῦ
410 3537 654 3606 Κυρίου,
674 3540 773 3593 καὶ
791 3543 1028 3608 εὐθείας
1044 3543 1239 3597 ποιεῖν
1263 3544 1370 3611 τὰς
1386 3548 1625 3615 τρίϐους
1647 3550 1852 3605 αὑτοῦ.

288 3629 447 3682 Ἀλλά
486 3630 585 3694 τὰς
623 3632 881 3703 ἀφορμὰς
916 3636 1045 3705 περὶ
1071 3635 1171 3705 τῆς
1198 3638 1382 3707 φωνῆς
1414 3643 1547 3696 Ἀπὸ
1572 3641 1660 3693 τοῦ
1680 3636 1854 3711 Λόγου

275 3721 661 3792 κομισάμενοι,
692 3724 875 3792 λόγον,
903 3726 1193 3798 ούθετέρου
1222 3732 1341 3782 κατ’
1366 3729 1691 3795 άξίαν,άλλά
1714 3734 1855 3787 κατὰ

271 3812 504 3883 δύναμιν
527 3814 667 3885 ἐμὴν
696 3817 823 3887 περὶ
852 3817 1085 3875 ἑκάστου
1108 3819 1393 3873 ἀποδώσω.
1424 3823 1641 3887 Μείζων
1676 3825 1855 3878 τοίνυν

272 3905 492 3959 πάντων
522 3908 581 3959 ἐν
621 3911 904 3979 γεννητοῖς
937 3910 1213 3977 γυναικῶν
1256 3914 1528 3984 Ἰωάννης,
1562 3917 1643 3969 ὅτι
1691 3920 1748 3970 ὲν
1788 3923 1852 3989 τῇ

276 3995 505 4066 μητρώα
539 3997 692 4068 νηδύϊ
737 3999 1001 4070 ὑπάρχων
1033 4000 1134 4065 ἐτι,
1180 4002 1274 4057 καὶ
1324 4007 1398 4076 μή
1447 4024 1548 4059 που
1597 4009 1692 4061 τοῦ
1732 4012 1855 4064 καθ’

273 4088 422 4156 ἡμᾶς
455 4088 569 4158 βίου
599 4091 838 4160 ψαύσας,
870 4096 1249 4164 προεφήτευσε
1284 4101 1349 4169 τῇ
1380 4102 1612 4173 μητρῷα
1638 4103 1853 4177 γλώττῃ

271 4181 487 4251 ὀργάνῳ
520 4184 887 4255 χρησάμενος,
916 4190 1010 4241 καὶ
1036 4190 1093 4241 ἐν
1122 4190 1302 4244 σκότει
1334 4193 1634 4261 λανθάνων,
1658 4199 1718 4251 τὸ
1739 4200 1854 4268 φῶς

270 4273 330 4323 ἐν
372 4276 569 4344 γαστρὶ
596 4276 696 4346 τῆς
738 4278 1023 4343 άείπαιδος
1076 4282 1297 4352 Μαρίας
1330 4287 1703 4358 σαρκούμενον
1753 4292 1855 4345 οὐκ

270 4364 507 4434 ⁴ἠγνόησε
530 4382 543 4395 ·
578 4368 677 4437 τὴν
700 4369 989 4441 ἀστραπὴν
1015 4374 1175 4426 οἱονεὶ
1204 4375 1269 4427 δι’
1299 4376 1439 4446 ὀπῆς
1466 4397 1610 4444 τινος
1636 4382 1731 4435 τοῦ
1751 4389 1854 4455 τῆς

272 4457 546 4529 φερούσης
571 4461 860 4529 στόματος,
886 4465 949 4531 τῇ
983 4467 1307 4533 περιπτύξει
1336 4470 1430 4521 καὶ
1458 4471 1725 4543 φιλήματι
1753 4477 1851 4547 τῆς

271 4547 528 4643 θεοφόρου
563 4552 802 4617 νεάνιδος
850 4558 1223 4627 σπασάμενος,
1274 4560 1464 4631 ἀρθεὶς
1504 4567 1571 4636 τῇ
1622 4571 1853 4643 μητρῷα

270 4638 484 4715 γλώττῃ
523 4644 812 4715 ἀνεϐόησε,
844 4648 1035 4699 Πόθεν
1060 4667 1161 4718 μοι
1195 4651 1395 4716 τοῦτο,
1436 4654 1535 4708 ἵνα
1578 4658 1616 4722 ἡ
1655 4638 1851 4728 μήτὴρ

270 4734 380 4789 τοῦ
418 4735 640 4801 Κυρίου
672 4753 791 4803 μου
824 4736 973 4804 ἔλθῃ
1010 4738 1162 4805 πρὸς
1204 4740 1320 4808 μέ;
1361 4742 1417 4794 Ὀ
1455 4744 1755 4817 εὐγνώμων
1777 4753 1853 4803 οἱ-

270 4827 435 4897 κέτης
472 4827 686 4894 ἐπέγνω
731 4828 821 4880 τὸν
854 4830 1136 4900 Δεσπότην
1180 4850 1194 4862 ·
1225 4835 1318 4885 καὶ
1361 4836 1602 4907 σκαίρων
1635 4840 1852 4904 ἐξάλλε-

269 4918 392 4971 σθαι
442 4919 540 4988 τῆς
588 4920 844 4990 γαστρὸς,
897 4921 1034 4994 πρὸς
1077 4923 1176 4993 τὴν
1226 4925 1501 4981 διακονίαν
1550 4930 1641 4983 τοῦ
1688 4931 1848 5000 λόγου

268 5010 548 5077 ἐπείγεται
599 5011 910 5081 προφθάσαι
951 5013 1043 5067 τὸν
1090 5015 1380 5087 Ἰορδάνην,
1416 5019 1511 5071 καὶ
1562 5022 1847 5092 ἑτοιμάσαι

265 5101 329 5153 τὸ
376 5102 516 5171 ὑπὲρ
559 5102 717 5172 ἡμῶν
750 5103 892 5157 κατὰ
933 5106 1113 5176 σάρκα
1156 5106 1403 5180 λουτρόν.
1438 5110 1758 5166 Πλεονεκτεῖ
1791 5116 1848 5168 δὲ

268 5193 587 5264 προφητῶν,
619 5194 695 5265 τῷ
725 5197 820 5249 καὶ
848 5197 1012 5251 αὑτὸν
1040 5199 1283 5271 ἀθρῆσαι·
1308 5205 1367 5256 ἐν
1406 5206 1568 5272 σαρκὶ
1594 5206 1685 5259 τὸν
1715 5226 1849 5281 προ⁹

267 5288 658 5357 φητευόμενον,
692 5290 787 5342 καὶ
837 5290 938 5361 τῆς
976 5292 1186 5346 ἐκείνου
1232 5296 1478 5366 κορυφῆς
1515 5296 1745 5366 ψαῦσαι,
1779 5298 1849 5374 ἧς

263 5377 454 5447 τρέμει
478 5376 548 5429 τά
569 5378 883 5447 σύμπαντα,
907 5379 967 5433 ὃν
990 5381 1191 5447 πάντες
1218 5386 1556 5457 πατριάρχαι
1584 5390 1678 5442 καὶ
1709 5408 1846 5462 προ-

263 5468 433 5537 φῆται
478 5467 543 5520 δι’
575 5468 804 5540 ὀνείρων
837 5468 869 5539 ἢ
912 5472 1256 5542 αἰνιγμάτων
1293 5476 1471 5545 μόνων
1508 5479 1849 5552 ὲφαντάσθη-

264 5578 384 5624 σαν,
420 5560 527 5632 πρὸ
559 5561 659 5630 τῆς
706 5561 1027 5634 θεανδρικῆς
1073 5564 1168 5618 τοῦ
1190 5567 1365 5636 Λόγου
1412 5568 1734 5639 θεοφανεὶας
1756 5574 1848 5627 τὸν

264 5653 377 5722 βίον
407 5655 761 5725 ἀμείψαντες.
791 5656 865 5709 Τὸ
890 5657 946 5710 δὲ
970 5658 1251 5727 κωφεῦσαι
1283 5662 1375 5714 τὸν
1416 5664 1712 5736 Ζαχαρίαν,
1747 5666 1848 5737 τὴν

262 5746 515 5818 γέννησιν
542 5750 634 5803 τοῦ
669 5750 859 5815 παιδὸς
887 5751 1347 5821 εύαγγελισθέντα
1404 5758 1463 5809 οὐ
1490 5762 1608 5811 κατ’
1639 5761 1844 5832 ἔκπλη-

1678 405 2022 464 οιΑιοουδ
2059 409 2147 465 ιη.

3410 397 3555 459 1142

1964 525 2035 579 Et
2069 529 2114 580 si
2142 527 2299 580 vultis
2326 529 2570 597 recipere,
2597 528 2680 582 hic
2705 536 2783 582 est
2809 527 2960 582 Elim
2987 530 3079 599 qui
3104 535 3352 582 uenturus
3380 527 3551 581 est“!

1965 617 2184 672 Scimus
2214 628 2417 682 autem,
2466 621 2613 688 quod
2645 619 2912 674 Joannem
2959 618 3203 675 Herodes
3243 618 3552 686 decollavit,

1964 717 2019 763 et
2047 708 2323 778 quomodo
2361 724 2552 763 rursus
2587 710 2730 763 Hias
2761 710 2848 765 hic
2874 710 3015 763 idem
3038 709 3179 764 erit?

2601 883 2911 945 Responsio.

2038 977 2095 1027 In
2135 975 2329 1044 spiritu
2360 986 2415 1031 et
2452 976 2652 1028 virtute
2679 973 2809 1028 Elize
2842 983 2968 1028 ante
3000 988 3059 1027 se
3089 974 3318 1027 missum
3363 971 3418 1026 in
3451 985 3554 1025 suo

1965 1066 2104 1121 uniti
2136 1082 2261 1121 cum
2304 1066 2413 1122 Deo
2441 1068 2679 1121 hominis
2726 1066 2961 1120 adventu
3004 1064 3177 1119 Eliam
3217 1064 3413 1119 merito
3453 1078 3549 1129 ap-

1964 1160 2147 1229 pellat.
2186 1161 2315 1215 Item
2354 1169 2575 1230 propter
2616 1159 2805 1229 gratire
2837 1159 3203 1228 aequalitatem
3237 1156 3550 1211 etadmini—

1964 1252 2245 1306 strationis
2280 1252 2717 1307 similitudinem.
2783 1250 3115 1320 Principium
3150 1250 3296 1303 enim
3341 1257 3396 1302 et
3428 1248 3553 1302 linis

1963 1343 2195 1398 duorum
2225 1343 2701 1398 Testamentorum
2734 1343 2834 1397 fuit
2864 1342 3102 1398 Joannes
3134 1361 3146 1395 :
3184 1341 3308 1397 ﬁnis
3330 1340 3548 1410 quidem

1963 1434 2119 1505 legis,
2164 1436 2492 1505 principium
2551 1451 2680 1489 vero
2717 1433 3018 1504 Evangelii,
3057 1436 3158 1489 hoc
3185 1442 3289 1498 est,
3327 1432 3551 1486 alterius

1962 1542 2126 1596 quam
2158 1528 2348 1596 legalis
2380 1527 2741 1583 institutionis
2773 1536 2828 1582 et
2861 1526 2984 1581 vitae
3020 1527 3301 1596 magister.
3341 1524 3552 1578 Simili-

1963 1630 2046 1673 ter
2087 1628 2141 1674 et
2174 1619 2345 1675 Eliani
2390 1630 2773 1689 evspectamus
2828 1619 2882 1673 in
2937 1618 3177 1673 secundo
3238 1617 3372 1671 uniti
3424 1632 3549 1670 cum

1964 1710 2074 1765 Deo
2101 1712 2340 1766 hominis
2366 1711 2572 1767 Christi
2604 1712 2862 1776 adventu,
2919 1712 3201 1782 paululum
3235 1712 3549 1782 praeceden-

1964 1812 2095 1867 tem,
2132 1802 2225 1871 qui
2266 1802 2522 1857 ostendat
2552 1802 2712 1856 linem
2748 1802 2968 1871 quidem
2996 1818 3118 1857 esse
3142 1803 3426 1872 praesentis
3464 1804 3549 1857 in-

1964 1893 2267 1948 stitutionis
2296 1902 2351 1947 et
2376 1894 2521 1957 vitae,
2549 1892 2877 1963 principium
2898 1903 3078 1949 autem
3116 1895 3548 1961 futuraeQuem-

1961 1985 2256 2041 admodum
2287 1997 2469 2041 autem
2504 1996 2729 2041 necatus
2762 1996 2843 2040 est
2874 1985 3136 2048 Joannes,
3172 1987 3244 2040 ita
3281 1997 3335 2040 et
3370 1988 3545 2057 ipsum

1962 2077 2030 2130 ab
2066 2077 2364 2131 intellectili
2397 2076 2609 2131 Herode
2650 2086 2867 2147 propter
2901 2078 3183 2132 veritatem
3221 2079 3546 2133 interﬁcien-

1960 2169 2088 2222 dum
2121 2170 2416 2224 credimus.

2344 2259 2860 2317 I'NTERROGATIO
2884 2259 3071 2315 CLXX
3086 2259 3163 2314 Vl.

2029 2348 2318 2415 Quomodo
2356 2352 2531 2420 major
2568 2352 2706 2405 inter
2735 2362 2888 2406 natos
2922 2369 2985 2406 ea:
3036 2352 3343 2405 mulieribus
3379 2349 3549 2403 Joano

1959 2455 2048 2494 nes
2072 2440 2320 2512 Baptista
2349 2454 2423 2497 est
2438 2443 2520 2495 3"?
2544 2440 2611 2496 Et
2643 2442 2689 2497 si
2719 2443 2984 2512 propheta
3012 2442 3135 2505 fuit,
3162 2443 3291 2509 quid
3314 2441 3548 2511 amplius

1961 2532 2150 2588 habuit
2182 2550 2346 2605 quam
2384 2536 2690 2605 propheta?
2735 2535 2814 2589 sic
2849 2536 2993 2589 enim
3026 2535 3159 2589 dicit
3188 2534 3449 2589 Dominus
3491 2534 3545 2588 in

1961 2622 2276 2693 Evangelia.
2320 2623 2502 2690 Quare
2537 2633 2717 2679 autem
2749 2624 2924 2694 major
2960 2626 3203 2678 omnium
3234 2624 3547 2678 testimonio

1960 2713 2272 2769 Servatoris
2315 2714 2621 2785 perhibitus
2648 2726 2751 2779 est,
2801 2716 2893 2785 qui
2925 2732 3025 2770 suo
3070 2715 3243 2784 ipsius
3287 2715 3456 2783 patris
3484 2731 3547 2769 os

1958 2806 2274 2859 obturavit?

2602 2897 2906 2965 Responsio.

2030 2988 2191 3044 Varia
2236 2990 2370 3044 mihi
2418 2991 2484 3045 de
2534 2990 2638 3045 hoc
2688 2990 2903 3045 videtur
2953 3006 3073 3044 esse
3112 2990 3429 3044 declaratio.
3481 2989 3547 3045 Et

1958 3083 2177 3152 quidem
2211 3089 2338 3137 ante
2363 3082 2549 3137 omnia
2576 3081 2984 3152 vobismetipsis
3033 3080 3351 3142 fatentibus.
3400 3083 3546 3151 quod

1960 3175 2136 3245 major
2160 3174 2417 3230 omnibus
2439 3174 2764 3228 mortalibus
2796 3183 2853 3229 et
2879 3172 3144 3227 excelsior
3173 3172 3451 3242 prophetis
3470 3184 3549 3227 te-

1961 3266 2218 3320 stimonio
2235 3265 2449 3322 Domini
2474 3265 2825 3336 perhibeatur
2842 3263 3114 3318 Joannes:
3150 3280 3257 3317 non
3282 3264 3549 3317 habemus

1962 3359 2191 3413 verbum
2221 3358 2437 3414 vivente
2470 3356 2650 3413 Verbo
2676 3357 3096 3427 praecellentius,
3129 3357 3271 3425 quod
3302 3356 3548 3411 testimo-

1964 3450 2055 3505 nio
2108 3460 2193 3505 est
2248 3450 2365 3506 voci
2426 3451 2478 3504 in
2531 3451 2744 3505 deserto
2800 3449 3055 3503 clamanti
3101 3466 3115 3503 :
3182 3448 3376 3501 I’arate
3434 3449 3547 3502 vias

1963 3542 2199 3609 Domini,
2240 3552 2288 3597 et
2342 3554 2510 3597 rectas
2542 3544 2701 3610 facile
2748 3543 2965 3596 semitas
3000 3542 3195 3610 ejus”.
3245 3540 3348 3594 Sed
3389 3556 3549 3594 occa-

1960 3636 2212 3691 sionibus
2242 3636 2309 3690 de
2329 3650 2466 3691 voce
2488 3651 2516 3689 a
2537 3636 2706 3691 Verbo
2736 3634 2995 3704 sumptis,
3028 3634 3290 3687 rationein
3314 3650 3376 3688 ex
3412 3650 3548 3688 neu-

1964 3730 2101 3784 trius
2143 3730 2363 3799 quidem
2399 3729 2682 3799 dignitate,
2739 3743 2835 3798 pro
2879 3742 2998 3782 mea
3051 3736 3231 3780 tamen
3284 3727 3425 3780 virili
3478 3727 3547 3780 de

1961 3822 2191 3893 singulis
2238 3823 2482 3877 reddam.
2524 3821 2692 3891 Major
2737 3834 2875 3888 ergo
2908 3819 3165 3875 omnibus
3216 3820 3355 3873 inter
3386 3830 3548 3872 natos

1961 3918 2250 3971 mulierum
2287 3914 2549 3979 Joannes,
2597 3912 2746 3985 quod
2790 3928 2912 3968 cum
2942 3910 3121 3967 adhuc
3154 3910 3207 3965 in
3245 3920 3400 3967 utero
3432 3927 3548 3965 ma-

1958 4016 2115 4064 terno
2148 4018 2313 4071 esset,
2362 4017 2721 4077 nostramque
2763 4006 2931 4060 vitam
2975 4004 3218 4059 nondum
3254 4003 3544 4074 attigisset,

1958 4101 2289 4156 vaticinatus
2316 4100 2407 4166 sit,
2439 4101 2805 4155 instrumento
2828 4106 3071 4152 materna
3097 4097 3279 4167 lingua
3312 4112 3467 4159 usus,
3491 4106 3548 4151 et

1959 4194 2012 4247 in
2061 4194 2300 4248 tenebris
2345 4192 2537 4257 latens,
2580 4192 2762 4246 lumen
2804 4190 2859 4245 in
2906 4191 3028 4244 alvo
3061 4205 3274 4259 semper
3318 4190 3546 4261 virginis

1958 4284 2142 4339 Mariae
2172 4288 2517 4339 incarnatum
2550 4299 2658 4337 non
2687 4282 2981 4354 ignoravit,
3008 4282 3221 4353 fulgore
3255 4282 3421 4337 veluti
3449 4296 3545 4351 per

1960 4377 2204 4432 foramen
2243 4376 2485 4448 aliquod,
2516 4391 2614 4446 per
2645 4390 2708 4431 os
2736 4374 2858 4446 ejus
2877 4391 3001 4446 quae
3029 4375 3298 4446 gestabat.
3342 4376 3546 4445 ample-

1961 4488 2030 4527 xu
2067 4482 2121 4526 et
2151 4471 2340 4527 osculo
2381 4470 2552 4523 Deum
2581 4469 2848 4540 gestantis
2878 4470 3070 4539 puella:
3103 4470 3322 4535 hausto,
3368 4470 3545 4525 eleva-

1958 4576 2047 4621 tus
2078 4577 2322 4618 materna
2359 4563 2544 4633 lingua
2590 4562 2950 4618 exclamavit:
2993 4561 3142 4616 Unde
3169 4563 3297 4615 mihi
3325 4563 3442 4624 hoc,
3482 4570 3541 4613 ut

1956 4667 2128 4709 mater
2146 4653 2358 4707 Domini
2392 4654 2498 4706 mei
2516 4653 2686 4706 veniat
2708 4652 2778 4705 ad
2807 4652 2983 4705 me"?
3008 4652 3210 4707 Gratus
3233 4668 3426 4707 servus
3444 4651 3543 4705 Do-

1952 4749 2162 4802 minum
2197 4747 2473 4817 cognovit,
2513 4756 2567 4800 et
2598 4746 2837 4815 gestiens
2866 4746 3139 4801 exsultare
3180 4746 3233 4798 in
3265 4755 3452 4801 ventre
3470 4746 3540 4799 ad

1952 4840 2317 4894 ministerium
2344 4838 2490 4893 verbi
2531 4837 2847 4907 impellitur,
2890 4840 2957 4891 ad
2988 4838 3430 4906 praeveniendum
3470 4840 3537 4894 ad

1950 4932 2264 4997 Jordanem,
2290 4942 2344 4986 et
2372 4931 2673 5002 parandum
2702 4931 2804 5001 ipsi
2823 4931 3123 4985 secundum
3146 4947 3363 4985 carnem
3391 4934 3540 5001 quod

1953 5040 2051 5095 pro
2091 5025 2250 5081 nobis
2277 5034 2415 5091 erat,
2465 5025 2764 5079 lavacrum.
2812 5022 2986 5093 Major
3025 5034 3207 5078 autem
3257 5026 3539 5095 prophetis

1949 5129 2053 5185 est,
2097 5118 2240 5190 quod
2285 5119 2461 5187 ipsum
2512 5119 2579 5173 de
2610 5134 2720 5187 quo
2768 5117 2845 5172 illi
2891 5118 3355 5185 vaticinabantur,
3404 5120 3539 5174 vidit

1951 5211 2006 5263 in
2037 5224 2224 5272 carne,
2274 5209 2527 5278 illiusque
2550 5208 2812 5263 verticem
2857 5209 3052 5278 tetigit,
3080 5225 3190 5278 quo
3238 5212 3539 5265 contremi-

1950 5309 2113 5358 scunt
2145 5302 2424 5365 universa,
2461 5315 2622 5370 quem
2648 5314 2840 5355 omnes
2870 5300 3195 5369 patriarchae
3220 5310 3274 5354 et
3308 5302 3540 5371 prophe-

1952 5406 2021 5448 tae
2054 5408 2148 5462 per
2168 5394 2376 5448 somnia
2406 5402 2499 5447 aut
2523 5394 2813 5463 aenigmata
2838 5402 3047 5447 tantum
3075 5394 3356 5463 imaginati
3385 5404 3535 5463 sunt,

1953 5496 2079 5542 ante
2125 5487 2264 5542 uniti
2314 5504 2438 5543 cum
2476 5486 2587 5542 Deo
2616 5487 2859 5544 hominis
2905 5486 3062 5543 Verbi
3097 5488 3338 5543 divinam
3367 5504 3537 5559 appa-

1953 5579 2205 5634 ritionem
2254 5580 2365 5633 vita
2399 5578 2662 5634 defuncti.
2692 5580 2849 5645 Quod
2890 5588 3073 5636 autem
3126 5590 3312 5636 mutus
3358 5580 3538 5637 factus

1951 5680 2034 5725 est
2061 5670 2378 5736 Zacharias,
2411 5680 2697 5742 postquam
2741 5672 2818 5726 illi
2854 5673 2949 5727 ﬁlii
2986 5673 3293 5744 procreatio
3320 5689 3537 5727 annun-

1951 5763 2082 5817 tiata
2110 5761 2322 5831 fuisset,
2354 5764 2405 5818 id
2432 5780 2538 5819 non
2562 5765 3089 5821 exconsternatione
3111 5765 3388 5836 conspecti
3417 5782 3445 5820 a
3474 5781 3536 5821 se

336 5894 574 5950 “Matth
623 5899 804 5966 xuii.
882 5900 1201 5956 "ibidll.
1282 5890 1741 5976 ιιΜυιιιιζιιηδ.
1810 5911 1854 5942 ιν
1886 5910 2018 5968 Luc.
2067 5929 2101 5980 1,
2132 5912 2225 5969 ιε..
