4006 6386
431 334 566 388 Ηιῦ

1535 331 1594 389 S.
1634 329 1932 388 C/ESAlul
1961 327 2291 387 GREGORH
2335 323 2636 380 FRATRIS

3573 306 3738 362 1154

429 451 602 524 angeli
635 448 935 520 profectum
977 449 1099 506 dico
1132 449 1417 519 (consueta
1444 451 1588 506 enim
1630 451 1846 506 illorum
1877 451 2014 504 visio

2167 467 2206 501 ιν
2244 446 2339 500 τοῦ
2378 445 2638 515 ὀφθέντος
2677 439 2830 511 αὐτῷ
2867 437 3106 508 ἀγγέλου
3151 431 3294 503 φημὶ
3320 425 3739 524 ίὲνᾼσυνηθείᾳ

431 520 631 611 ιιὶίῳιί
663 557 796 610 pure
828 541 929 612 legi
959 542 1010 596 in
1047 540 1431 598 oﬂiciosancto
1453 544 1776 612 serviebat);
1807 544 1898 598 sed
1924 558 2017 611 per

2167 541 2233 612 ἂρ
2265 535 2333 610 ἦν
2360 539 2460 608 τῆς
2497 535 2726 590 ἐκείνων
2757 531 2957 602 ὅψεως,
2989 525 3245 596 καθαρῶς
3270 522 3352 593 τῷ
3377 521 3536 591 νόμῳ

433 609 621 704 typo—in
660 633 803 687 illius
835 609 1040 687 silentii
1082 633 1330 702 sequitur
1367 633 1642 688 silentium
1689 609 1844 702 legis.
1880 609 2017 687 Nato

2167 609 2343 702 εόων),
2377 625 2516 685 ἀλλὰ
2546 627 2626 699 τῷ
2656 627 2817 696 τύπῳ
2842 623 2944 693 τῆς
2976 620 3194 675 ἐκείνου
3244 617 3400 685 σιγῆς
3429 615 3464 686 ή
3492 611 3592 666 τοῦ
3641 609 3740 664 νό-

434 743 562 779 vero
588 742 754 794 puero
779 725 960 792 lingua
990 725 1162 794 patris
1188 741 1382 779 rursus
1406 726 1656 780 restituta
1684 735 1789 787 est.
1813 725 2021 795 signiti-

435 834 567 870 rans
593 833 623 868 θ
649 818 868 870 silentio
907 824 961 869 et
1007 816 1290 870 sterilitate
1323 825 1486 885 atque
1520 817 1676 870 senio
1702 831 1888 870 vocem
1930 829 2022 884 ge-

439 907 650 959 nerari:
689 905 795 960 hoc
826 913 934 968 est,
967 921 1031 958 es
1063 905 1345 972 antiquata
1373 917 1426 958 et
1464 904 1530 957 ad
1555 905 1769 958 senium
1800 903 2022 957 redacta

441 997 719 1066 sterilique
747 997 887 1051 facta
921 997 1058 1065 lege,
1090 1010 1155 1049 ac
1179 993 1566 1050 infecunditate
1585 993 1898 1050 Judaaorum
1929 993 2023 1062 qui

441 1107 562 1143 eam
591 1099 936 1160 acceperant,
987 1104 1165 1158 neque
1195 1088 1495 1158 quidquam
1535 1105 1598 1142 ex
1634 1087 2024 1158 prephetarum

444 1182 718 1235 vaticiniis
751 1181 1006 1235 utilitatis
1040 1191 1413 1250 perceperant,
1456 1197 1633 1252 neque
1655 1182 2029 1236 intellexerant

443 1272 726 1326 Judaieam
757 1272 849 1327 Dei
875 1281 924 1326 et
964 1271 1120 1326 Verbi
1151 1273 1452 1326 secundum
1494 1283 1745 1327 naturam
1781 1282 2026 1326 nostram

448 1365 784 1420 nativitatem
823 1367 1002 1434 reipsa
1048 1367 1288 1428 evenire,
1334 1374 1388 1419 et
1455 1365 1604 1420 illius
1667 1373 1900 1418 matrem
1945 1377 2031 1416 se—

447 1457 686 1511 cundum
720 1472 937 1512 carnem
970 1475 1035 1512 ex
1067 1457 1201 1528 ipsis
1234 1458 1509 1528 progredi.

825 1628 1336 1686 INTERROGATIO
1361 1631 1665 1688 CLXXVII.

529 1718 592 1771 Et
629 1722 901 1787 quomodo
937 1737 1062 1776 cum
1089 1720 1344 1777 Christus
1379 1715 1575 1792 ipsum'
1604 1724 1862 1778 omnibus
1916 1741 2035 1789 ma-

451 1811 627 1882 jorem
663 1823 906 1876 testetur,
944 1830 1136 1871 rursus
1163 1815 1303 1870 idem
1334 1815 1504 1870 dicit:
1532 1815 1638 1880 Qui
1663 1818 2042 1873 autem'miuor

441 1915 530 1965 est
568 1906 620 1957 in
654 1921 809 1974 regno
832 1905 1101 1971 castorum,
1129 1908 1305 1976 major
1334 1909 1448 1978 ipso
1477 1919 1552 1961 est
1573 1908 1654 1960 °°?

1081 1999 1387 2068 Responsio.

529 2085 606 2142 Ne
650 2088 754 2142 hoc
789 2090 1005 2159 quidem
1036 2092 1174 2145 citra
1221 2091 1492 2161 duplicem
1541 2101 1595 2145 et
1633 2092 1845 2146 varium
1887 2089 2047 2144 intel-

462 2180 661 2234 lectum
690 2189 772 2236 est
797 2181 1206 2252 accipiendum;
1255 2183 1525 2253 triplicem
1553 2185 1697 2238 enim
1740 2182 1899 2237 nobis
1935 2184 2050 2236 haec

462 2271 626 2323 verba
661 2285 882 2325 sensum
908 2271 1185 2326 referunt:
1208 2270 1387 2326 Unum
1419 2273 1666 2342 quidem,
1694 2272 1842 2343 quod
1870 2271 2050 2325 minor

463 2362 582 2431 ipso
619 2361 921 2416 secundum
967 2378 1186 2418 carnem
1237 2363 1352 2433 ipse
1398 2363 1666 2418 Dominus
1716 2373 1882 2427 esset,
1924 2379 2048 2418 cum

465 2453 713 2508 semestri
743 2461 984 2523 tempore
1012 2462 1136 2524 post
1168 2453 1316 2512 illius
1338 2457 1753 2525 conceptionem
1782 2457 2053 2510 inhabita-

464 2545 606 2598 verit
641 2553 916 2614 perpetua:
948 2545 1280 2614 virginitatis
1328 2557 1577 2613 matrem,
1604 2565 1668 2602 ex
1705 2548 1794 2603 illa
1825 2563 2056 2618 corpore

467 2639 858 2702 circumdatus,
878 2640 1178 2694 secundum
1197 2641 1451 2696 unionem
1471 2641 1778 2697 indivulsus
1794 2651 1850 2697 et
1865 2658 1896 2696 a
1913 2657 2058 2696 com-

469 2733 724 2787 mistione
775 2732 933 2798 liber,
971 2733 1433 2802 quemadmodum
1468 2750 1533 2789 ex
1581 2750 1780 2806 magno
1823 2735 1918 2790 illo
1945 2735 2056 2790 Ga-

471 2824 643 2877 brielo
673 2821 958 2885 discimus,
1007 2823 1100 2893 qui
1141 2821 1384 2893 Deiparm
1440 2825 1491 2878 id
1519 2826 1828 2880 annuntiat.
1878 2824 2060 2894 lnquit

471 2917 660 2969 enim:
699 2913 832 2968 Ecce
871 2913 1143 2969 Elisabeta
1189 2927 1414 2986 cognata
1443 2928 1536 2971 tua
1583 2919 1745 2972 etiam
1785 2919 1900 2987 ipsa
1933 2935 2060 2971 con-

473 3009 610 3076 cepit
641 3007 817 3077 ﬁlium
862 3008 918 3061 in
937 3015 1198 3061 senectute
1243 3024 1382 3070 sua;
1433 3018 1482 3062 et
1527 3008 1610 3062 hic
1635 3010 1684 3062 ei
1713 3021 1891 3064 sextus
1919 3026 2062 3063 men-

477 3100 550 3153 sis
586 3109 662 3153 est
685 3098 752 3151 ἰ.
787 3097 964 3152 Minor
1007 3099 1134 3153 item
1164 3109 1248 3153 est
1279 3097 1491 3153 Joanne
1529 3115 1655 3154 cum
1689 3100 1854 3155 homo
1886 3102 2064 3156 cerni-

481 3201 590 3254 llll‘,
621 3188 797 3256 major
839 3198 1018 3244 autem
1054 3204 1182 3244 cum
1213 3188 1354 3244 Deus
1383 3206 1507 3246 esse
1557 3190 1878 3262 intelligitur
1905 3193 2062 3247 Chri-

481 3290 622 3336 stus.
657 3279 754 3335 llis
783 3288 967 3335 autem
1002 3282 1147 3336 cedit
1193 3283 1511 3351 angelorum
1542 3281 1770 3338 Joannis
1817 3296 2063 3354 respectu

483 3373 838 3438 excellentia;
874 3387 1001 3427 nam
1033 3375 1127 3444 qui
1149 3374 1408 3430 omnibus
1435 3376 1644 3445 angelis
1673 3386 1895 3446 putatur
1921 3377 2069 3432 ordi-

486 3481 554 3519 ne
595 3474 649 3519 et
674 3473 865 3518 natura
903 3465 1082 3519 minor
1113 3465 1166 3519 in
1213 3481 1382 3536 regno
1417 3467 1708 3533 caelorum,
1740 3466 1918 3536 major
1951 3467 2069 3537 ipso

486 3566 570 3611 est
609 3557 906 3611 secundum
941 3564 1190 3610 naturam
1215 3565 1270 3612 et
1307 3558 1714 3627 generationem
1749 3574 1764 3612 :
1799 3556 2067 3612 Joannem

487 3650 634 3704 enim
685 3650 772 3703 ille
799 3650 922 3705 vilis
959 3648 1198 3706 Herodes
1227 3651 1538 3717 decollavit,
1591 3667 1736 3705 unus
1761 3661 1941 3705 autem
1974 3667 2072 3705 an-

492 3741 643 3810 gelus
669 3741 763 3811 qui
796 3741 903 3796 illis
923 3741 1180 3800 erunibus
1211 3741 1390 3797 minor
1412 3749 1516 3800 est,
1555 3740 1800 3795 inﬁnitos
1832 3739 2073 3804 Herodes

493 3835 546 3887 in
602 3834 862 3902 temporis
904 3843 1180 3888 momento
1231 3833 1593 3905 percussisset
1625 3842 1680 3887 et
1727 3834 2070 3902 perdidisset.

497 3923 654 3982 Unus
673 3926 818 3978 enim
854 3925 1079 3996 angelus
1111 3940 1366 3993 egressus
1383 3941 1446 3980 ex
1479 3925 2078 3990 eastris,lsaiaeethe-

497 4017 634 4071 ehiae
661 4026 923 4085 tempore,
948 4024 1166 4071 centum
1194 4018 1467 4088 octoginta
1490 4019 1736 4088 quinque
1757 4019 1923 4073 millia
1949 4019 2079 4073 alie-

500 4111 821 4181 nigenarum
868 4111 1105 4165 hostium
1140 4109 1193 4166 in
1235 4111 1499 4179 temporis
1544 4120 1744 4181 puncto
1791 4112 2081 4180 prostravit

499 4203 969 4274 perimens.Quem
989 4217 1118 4256 vero
1137 4202 1292 4257 nobis
1315 4202 1483 4257 alium
1511 4204 1702 4259 tertius
1718 4205 1938 4258 exhibet
1958 4220 2081 4259 sen-

501 4293 635 4350 sus?
682 4293 806 4363 quis
847 4293 1024 4347 minor
1059 4293 1278 4362 quidem
1315 4294 1368 4348 in
1391 4308 1558 4363 regno
1580 4295 1868 4362 cmlorum,
1901 4294 2079 4364 major

503 4394 683 4440 autem
706 4383 950 4438 Joanne?
993 4383 1217 4438 oniiiino
1261 4400 1412 4450 eum,
1464 4387 1560 4454 qui
1602 4400 1634 4440 ιι
1667 4385 1900 4441 Domino
1932 4388 2078 4456 ﬁlius

504 4477 726 4532 tonitrui
750 4477 1230 4546 “cognominatus
1264 4486 1370 4541 est,
1418 4475 1683 4533 Joannem
1724 4477 2079 4550 Theologum.

504 4568 598 4624 ille
633 4567 779 4626 enim
823 4583 947 4622 cum
979 4569 1148 4624 multo
1192 4569 1386 4624 timore
1424 4569 1586 4623 etiam
1633 4569 1822 4639 jussus
1860 4580 2083 4641 tangere

507 4660 669 4716 Verbi
700 4661 956 4716 verticem
985 4675 1204 4717 carnem
1234 4661 1497 4731 gestantis
1528 4675 1634 4715 non
1672 4661 1938 4727 audebat;
1996 4661 2084 4714 hic

509 4765 690 4810 autem
715 4755 836 4825 plus
858 4755 1116 4809 omnibus
1145 4754 1409 4810 libertatis
1436 4754 1661 4819 habens,
1691 4753 1746 4808 in
1770 4753 1953 4809 divina
1973 4769 2084 4809 coe-

512 4863 578 4900 na
608 4848 661 4900 in
706 4846 828 4902 sinu
881 4844 1096 4900 Domini
1134 4846 1478 4906 recumbens,
1534 4845 1696 4913 paulo
1742 4854 1865 4914 post
1923 4860 2085 4914 super

511 4942 688 5012 ipsum
713 4947 958 4995 sanctum
993 4939 1127 4992 uniti
1155 4954 1279 4992 cum
1307 4936 1414 4990 Deo
1446 4938 1686 4991 hominis
1733 4946 1922 5007 pectus
1966 4951 2092 4991 sese

513 5035 762 5097 reclinat,
809 5040 866 5086 ut
907 5030 1255 5100 Evangelium
1292 5029 1527 5095 docet”,
1578 5029 1644 5084 de
1685 5044 1750 5083 eo
1778 5029 1872 5098 qui
1915 5029 2093 5098 ipsum

513 5126 830 5198 proditurus
846 5131 986 5182 erat.
1005 5137 1275 5192 quaerens.
1310 5121 1564 5175 lnnuerat
1579 5121 1726 5174 enim
1744 5121 1794 5175 ei
1809 5121 2018 5180 Petrus.
2036 5129 2096 5173 ut

515 5218 889 5272 sciscitaretur
922 5215 1174 5284 quisnam
1203 5220 1349 5268 esset
1368 5211 1460 5280 qui
1493 5215 1664 5282 ipsum
1690 5212 1953 5280 proderet.
1973 5210 2092 5265 Non

518 5321 690 5366 mater
731 5323 850 5379 quae
879 5315 1182 5377 pepererat,
1219 5321 1326 5360 non
1351 5303 1622 5373 Josephus
1641 5305 1734 5374 qui
1766 5305 2089 5359 nominaba-

519 5412 629 5470 tur,
655 5411 894 5456 attamen
937 5406 1088 5469 pater
1113 5397 1230 5468 ejus
1252 5412 1360 5451 non
1393 5405 1544 5460 erat;
1590 5412 1698 5450 non
1725 5394 1962 5450 Joannes
1988 5395 2093 5450 Ba-

593 5565 638 5596 °°
675 5562 865 5617 Matth.
906 5571 982 5623 XI,
1008 5553 1150 5612 ll.“
1176 5552 1477 5616 Luc.l,3‘i.
1538 5557 1583 5589 "
1616 5556 1802 5614 Matth.
1839 5575 1920 5621 ιιι,
1963 5559 2045 5612 l7.

598 5696 676 5765 (7)
716 5692 965 5762 Διπλῆς.
1006 5691 1318 5765 Legendum
1351 5692 1502 5765 jubet
1525 5691 1746 5765 διπλόης
1771 5692 1841 5746 cl.
1886 5693 2098 5765 Catule—

526 5762 643 5819 I'in‘s
673 5765 912 5817 Monum.
936 5764 1060 5816 θεοί.
1087 5763 1181 5814 Gr.
1213 5772 1340 5814 tom.
1373 5762 1432 5818 ll.
1453 5778 1574 5829 pag.
1601 5763 1724 5824 577,
1743 5763 2093 5831 quemadmo-

531 5831 666 5888 dum
700 5832 843 5887 infra
895 5835 950 5886 in
983 5831 1237 5900 Respous.
1284 5832 1353 5884 ad
1396 5831 1661 5900 lnterrog.
1704 5847 1961 5893 cumx.
2004 5833 2096 5889 ubi

2132 745 2237 798 μου
2267 727 2462 778 ἕπεται
2491 723 2639 792 σιγή.
2670 717 3004 787 Τικτομένου
3027 715 3084 768 δὲ
3107 708 3199 765 τοῦ
3223 709 3412 772 παιδὸς
3439 711 3472 778 ἡ
3497 704 3742 798 γλῶττα

2129 819 2223 872 τοῦ
2260 816 2466 885 πατρὸς
2513 809 2670 876 αὖθις
2701 809 3138 866 ἀπεκαθίστατοο
3187 801 3425 874 δηλοῦσα
3466 797 3580 854 ἀπὸ
3629 798 3743 864 τῆς

2132 911 2312 980 σιγῆς,
2366 909 2462 960 καὶ
2490 904 2850 975 πειρὼσεως,
2895 902 2992 954 καὶ
3028 900 3255 970 γήρους,
3284 896 3386 966 τὴν
3419 890 3612 962 φωνὴν
3655 891 3747 942 τίο

2133 1001 2358 1056 κτεσθαι
2378 1015 2392 1029 ⁸
2428 997 2572 1052 τοῦτ’
2607 995 2755 1049 ἐστιν
2784 996 2850 1046 ἐκ
2878 990 2976 1044 τοῦ
3018 985 3448 1047 παλαιωθέντος,
3481 983 3582 1037 καὶ
3627 998 3742 1032 και

2132 1091 2565 1164 ταγηράσαντος,
2607 1087 2700 1140 καὶ
2747 1084 3091 1156 στειρότητος
3139 1078 3306 1148 νόμου
3347 1079 3416 1146 τῇ
3469 1071 3747 1144 ἀκαρπία

2133 1183 2241 1238 τῶν
2268 1180 2576 1252 δεξαμένων
2618 1174 2909 1237 Ἰουδαίων,
2936 1172 3089 1226 οὐδὲν
3132 1171 3198 1222 ὲκ
3224 1168 3335 1221 τῶν
3361 1164 3750 1238 προφητικῶν

2137 1275 2497 1348 προρρήσεων
2530 1268 2919 1339 ἀποναμένων,
2949 1263 3074 1317 οὐδὲ
3113 1259 3404 1313 συνιόντων
3443 1257 3548 1327 τὴν
3597 1256 3748 1308 Ἰου-

2137 1368 2328 1439 δαῖκὴν
2360 1365 2455 1419 τοῦ
2493 1362 2629 1417 Θεοῦ
2663 1361 2759 1415 καὶ
2789 1359 2964 1426 Λόγου
3006 1354 3128 1410 ιιιαθ⁹
3161 1354 3312 1423 ἡμᾶς
3339 1350 3604 1418 γέννησιν
3664 1348 3759 1439 εἰς

2139 1437 2299 1532 ἔργον
2324 1456 2500 1511 ὲλθετν
2519 1473 2530 1486 ·
2568 1455 2663 1508 καὶ
2701 1453 2802 1523 τὴν
2837 1447 3003 1504 αὐτοῦ
3035 1445 3179 1500 κατὰ
3209 1444 3388 1514 σάρκα
3419 1439 3652 1512 μητέρα
3689 1437 3758 1502 ἐξ

2141 1549 2363 1604 ἐκείνων
2389 1544 2696 1616 προελθεῖν.

2716 1633 2966 1688 ΠΕΥΣΙΣ
2998 1628 3164 1684 POZ'.

2123 1778 2128 1782 .
2213 1733 2322 1788 Καὶ
2352 1731 2470 1795 πῶς
2501 1726 2724 1800 μείζονα
2747 1725 2964 1780 πάντων
2982 1722 3148 1775 αὐτὸν
3163 1716 3429 1787 ὑπάρχειν
3444 1716 3474 1768 6
3494 1711 3762 1784 Χριστὸς

2147 1825 2462 1898 μαρτυρῶν,
2498 1821 2661 1876 πάλιν
2705 1817 2868 1880 αὐτὸς
2903 1807 3251 1884 λέγει,⁹Οδὲ
3277 1809 3640 1879 μικρότερος
3683 1805 3763 1856 ἐν·

2143 1918 2216 1988 τῇ
2241 1915 2533 1984 βασιλείᾳ
2563 1912 2682 1968 τῶν
2711 1907 3005 1979 οὐρανῶν,
3030 1904 3245 1976 μείζων
3272 1901 3463 1957 αὑτοῦ
3487 1901 3710 1954 ἐστιν.

2769 2001 3125 2068 Ἀπόκρισις.

2218 2103 2356 2156 Οὐδὲ
2377 2100 2537 2156 τοῦτο
2555 2097 2662 2164 ἔξω
2687 2095 2885 2164 διπλῆς
2910 2091 2990 2165 (7)
3019 2091 3116 2146 atat
3139 2087 3411 2150 ποικιλίας
3433 2085 3493 2139 τὸ
3518 2084 3722 2155 νόημα
3741 2096 3759 2111 °

2149 2192 2381 2265 τριπλῆν
2425 2190 2535 2262 γάρ
2587 2189 2720 2260 ἡμῖν
2752 2186 2782 2238 6
2825 2184 2985 2252 λόγος
3027 2178 3283 2252 ἐμφαίνει
3321 2176 3598 2230 διάνοιαν-

2155 2264 2274 2355 μὲν,
2316 2285 2397 2338 ὅτι
2433 2280 2758 2354 μικρότερος
2790 2274 2957 2330 αὐτοῦ
2991 2273 3133 2327 κατά
3165 2270 3345 2342 σάρκα
3370 2268 3540 2330 αὐτὸς
3568 2268 3600 2319 6
3633 2264 3766 2319 Κύ-

2157 2369 2291 2450 ριος,
2323 2375 2465 2448 μετὰ
2494 2371 2821 2443 ἑξαμηναῖον
2840 2367 3034 2440 χρόνον
3059 2367 3158 2435 τῆς
3178 2363 3393 2418 ἐκείνου
3424 2359 3769 2430 συλλήψεως

2153 2464 2310 2530 οὗτος
2340 2467 2570 2537 οἰκήσας
2591 2465 2691 2534 τήν
2707 2459 3012 2526 Ἀείπαιδα,
3032 2457 3094 2510 τὸ
3122 2455 3182 2520 ὲξ
3217 2453 3435 2524 ἐκείνης
3464 2451 3633 2520 σῶμα
3654 2465 3770 2500 πε-

2159 2559 2498 2632 ριτιθέμενος
2545 2553 2668 2608 καθ’
2715 2552 2911 2606 ἕνωσιν
2958 2548 3329 2602 ἀδιάσπαστον
3388 2543 3486 2597 καὶ
3546 2539 3768 2612 μίξεως

2158 2651 2464 2721 ἐλεύθερον,
2495 2646 2678 2708 καθὼς
2710 2645 2774 2697 ὲκ
2801 2642 2896 2695 τοῦ
2932 2641 3171 2712 μεγάλου
3215 2636 3459 2708 Γαϐριὴλ
3485 2633 3766 2688 παιδευόο

2163 2745 2322 2816 μεθα,
2351 2736 2840 2808 εὐαγγελιζομένου
2859 2734 2958 2805 τὴν
2975 2733 3248 2788 Θεοτόκον.
3269 2729 3407 2801 Φησὶ
3421 2728 3555 2798 γὰρ,
3593 2724 3767 2780 Ἰδοὺ

2175 2833 2489 2890 Ἐλισαϐὲτ
2521 2831 2560 2900 ἡ
2603 2829 2758 2900 γυνή
2812 2843 2931 2882 σου
2975 2824 3078 2879 καί
3127 2824 3283 2891 αὕτη
3340 2817 3770 2890 συνειληφυῖα

2160 2927 2297 2982 υἱὸν·
2323 2926 2394 2979 ἐν
2425 2923 2601 2994 γήρᾳ,
2633 2921 2731 2976 καὶ
2762 2915 2942 2984 οὗτος
2963 2917 3090 2987 μὴν
3116 2917 3293 2981 ἕκτος
3326 2912 3504 2982 αὐτῇ.
3535 2912 3767 2982 Μικρό-

2163 3019 2321 3091 τερός
2363 3018 2514 3070 ἐστιν
2566 3015 2813 3068 Ἰωάννου
2846 3011 3039 3085 βροτὸς
3087 3008 3385 3081 ὁρώμενος.
3421 3003 3635 3076 μείζων
3677 3003 3768 3066 δὲ,

2163 3109 2296 3172 Θεὸς
2343 3107 2686 3177 νοούμενοςό
2729 3102 2984 3173 Χριστός.
3032 3097 3346 3171 Δευτερεύει
3394 3097 3452 3150 δὲ
3479 3094 3702 3157 τούτοις
3733 3097 3770 3163 ὴ

2164 3200 2273 3254 τῶν
2294 3197 2543 3268 ἀγγέλων
2571 3195 2707 3266 πρὸς
2742 3194 2996 3264 Ἰωάννην
3018 3190 3280 3262 ὑπεροχή.
3315 3189 3374 3242 Ὀ
3401 3187 3512 3258 γὰρ
3535 3187 3772 3240 πάντων

2167 3293 2414 3362 ἀγγέλων
2444 3289 2618 3344 δοκῶν
2645 3289 2874 3359 ἔσχατος
2903 3288 2972 3357 τῇ
3005 3283 3178 3348 τάξει,
3204 3282 3299 3335 καὶ
3336 3284 3404 3353 τῇ
3437 3279 3606 3346 φύσει
3633 3279 3774 3350 βρα-

2168 3384 2396 3456 χύτερος
2431 3383 2489 3434 ὲν
2525 3382 2593 3451 τῇ
2623 3377 2872 3449 βασιλείᾳ
2908 3375 3018 3431 τῶν
3048 3372 3314 3447 οὐρανῶν,
3359 3371 3562 3443 μείζων
3594 3368 3773 3424 αὐτοϋ

2170 3477 2409 3547 ὑπάρχει
2449 3471 2593 3527 κατά
2630 3469 2793 3540 φύσιν
2839 3468 2936 3522 καὶ
2973 3467 3260 3538 γέννησινο
3309 3463 3565 3532 Ἰωάννην
3595 3462 3714 3534 γὰρ
3745 3464 3776 3514 6

2171 3568 2395 3638 εὐτελὴς
2434 3563 2680 3636 Ἡρώδης
2703 3560 2983 3630 ἀπέτεμεν
3011 3575 3025 3590 ·
3053 3551 3132 3622 εἷς
3162 3557 3219 3610 δὲ
3251 3556 3281 3608 6
3309 3552 3540 3624 ἄγγελος
3568 3555 3602 3606 6
3635 3555 3779 3607 πάνυ

2171 3678 2280 3714 των
2315 3655 2639 3729 μικρότερος
2667 3650 2896 3723 μυρίους
2934 3649 3199 3720 Ἡρώδεις
3221 3649 3282 3701 ὲν
3298 3649 3500 3718 ἀκαρεῖ
3525 3645 3778 3710 πατάξαι

2175 3754 2269 3807 καὶ
2298 3749 2583 3805 ἀπολέσαι.
2619 3739 2712 3808 Εἷς
2741 3742 2851 3814 γὰρ
2880 3741 3112 3810 ἅγγελος
3141 3737 3373 3805 ἐξελθὼν
3401 3738 3465 3791 ὲκ
3491 3738 3596 3808 τῆς
3624 3753 3779 3808 παρ-

2177 3841 2415 3916 εμϐολῆς
2441 3881 2454 3904 ,
2508 3839 2602 3891 ἐπὶ
2650 3835 2746 3889 τοῦ
2805 3834 3034 3887 Ἡσαΐου
3081 3831 3177 3886 καὶ
3235 3820 3517 3901 Ἐζεκίου,
3566 3829 3781 3882 ἑκατὸν

2178 3936 2504 4006 ὀγδοήκοντα
2535 3930 2698 3983 πέντε
2753 3926 3002 3998 χιλιάδας
3029 3924 3138 3979 τῶν
3165 3923 3438 3994 πολεμίων
3466 3923 3528 3975 ὲν
3576 3922 3781 3992 ἀτόμῳ

2180 4027 2442 4101 ὲδρὲψατο
2471 4021 2695 4076 ἀνελών.
2730 4020 2864 4074 Τίνα
2891 4019 2949 4072 δὲ
2982 4019 3117 4088 ἡμῖν
3152 4015 3340 4086 ἕτερον
3365 4017 3398 4085 ἡ
3427 4013 3589 4084 τρίτη
3626 4030 3780 4085 περ-

2185 4122 2364 4189 ίστησι
2410 4115 2640 4172 διάνοια.
2693 4113 3020 4184 μικρότερον
3053 4109 3152 4180 μὲν
3185 4110 3245 4162 ὲν
3277 4110 3345 4177 τῇ
3381 4105 3638 4176 βασιλείᾳ
3670 4108 3784 4160 τῶν

2182 4209 2447 4283 οὐρανῶν,
2499 4207 2722 4278 μείζονα
2757 4205 2815 4259 δὲ
2851 4203 3101 4255 Ἰωάννου
3131 4219 3146 4265 ;
3181 4200 3215 4271 ἢ
3252 4200 3470 4260 πάντως
3519 4197 3622 4250 τὸν
3674 4199 3784 4251 ὑπὸ

2185 4300 2279 4354 τοῦ
2306 4299 2515 4370 Κυρίου
2543 4296 2633 4350 τὸν
2663 4292 3075 4365 μετακληθέντα
3105 4291 3242 4345 Υἱὸν
3253 4285 3549 4357 βροντῆς,
3587 4288 3786 4341 Ἰωάν-

2185 4408 2284 4462 νην
2315 4390 2410 4444 τὸν
2466 4387 2750 4455 Θεολόγον.
2813 4385 3053 4447 Ἐκεῖνος
3096 4383 3205 4452 γὰρ
3236 4381 3375 4452 μετὰ
3416 4379 3624 4432 πολλοῦ
3686 4379 3786 4434 τοῦ

2188 4484 2340 4546 δέους
2387 4481 2480 4536 καὶ
2518 4476 2994 4552 προσταττόμενος
3039 4475 3247 4546 ψαῦσαι
3294 4474 3394 4543 τῆς
3450 4472 3546 4525 τοῦ
3593 4474 3787 4541 Λόγου

2191 4575 2436 4648 κορυφῆς
2495 4569 2982 4646 σαρκοφοροῦντος,
3036 4568 3136 4621 οὐκ
3185 4566 3429 4639 ἐθάρρει.
3485 4559 3668 4629 Οὗτος
3731 4566 3789 4619 δὲ

2192 4667 2409 4721 πάντων
2433 4661 2773 4718 πλεονεκτῶν
2801 4659 3108 4733 παρρησίᾳ,
3145 4660 3204 4710 ὲν
3226 4656 3306 4727 τῷ
3332 4657 3460 4726 θείῳ
3490 4655 3711 4726 δείπνῳ
3732 4657 3789 4707 ἐν

2189 4757 2268 4829 τῷ
2312 4756 2499 4826 κόλπῳ
2548 4753 2644 4808 τοῦ
2684 4751 2894 4824 Κυρίου
2927 4747 3260 4810 ἀνακλιθεὶς,
3301 4745 3437 4818 μετά
3468 4744 3654 4815 βραχῦ
3693 4746 3789 4797 ὑπ’

2192 4851 2322 4904 αὐτὸ
2346 4849 2406 4902 τὸ
2445 4849 2603 4916 ἆγιον
2626 4845 2722 4900 τοῦ
2753 4843 3010 4914 θεάνδρου
3047 4840 3266 4912 στέρνον
3297 4836 3786 4910 μετανακλίνεται,

2189 4941 2374 5005 καθὼς
2419 4939 2667 4994 παιδεύει
2705 4938 2768 4991 τὺ
2798 4935 3153 5005 Εὑαγγέλιον,
3185 4932 3316 5002 περὶ
3355 4929 3449 4984 τοῦ
3489 4929 3790 5000 μέλλοντος

2189 5035 2353 5090 αὐτὸν
2378 5032 2738 5104 παραδιδόναι
2765 5028 3076 5098 πυθόμενος
3093 5043 3106 5055 ·
3133 5023 3285 5078 ἔνευε
3309 5020 3420 5093 γάρ
3443 5021 3601 5091 αὐτῷ
3630 5026 3665 5074 ὁ
3687 5023 3793 5075 Πέ-

2190 5143 2317 5198 τρος
2362 5125 2553 5196 μαθεῖν
2593 5123 2678 5185 τίς
2709 5121 2819 5192 άρα
2906 5121 2936 5173 6
2960 5118 3135 5181 διδοὺς
3179 5113 3365 5168 αὐτόν.
3397 5112 3474 5165 Οὐ
3527 5114 3727 5184 μήτηρ
3759 5115 3792 5184 ἡ

2192 5217 2450 5282 τεκοῦσα,
2475 5216 2578 5269 οὐκ
2618 5212 2818 5283 Ἰωσὴφ
2847 5208 3272 5282 ὀνομαζόμενος,
3300 5206 3400 5260 οὐκ
3420 5199 3490 5275 ἦν
3511 5205 3577 5258 δὲ
3601 5211 3796 5279 πατὴρ

2193 5310 2360 5365 αὐτοῦ
2381 5328 2394 5340 ο
2437 5311 2541 5364 οὐκ
2572 5307 2826 5376 Ἰωάννης
2845 5307 2874 5359 6
2901 5300 3237 5373 Βαπτιστὴς,
3269 5299 3374 5353 οὐκ
3403 5298 3674 5368 ἄγγελος.
3698 5305 3797 5354 οὐκ

2195 5402 2560 5474 ἀρχάγγελος,
2601 5399 2715 5453 οὗθ’
2755 5396 2945 5468 ἕτερός
2990 5412 3073 5460 τις
3111 5391 3483 5466 ἀνδρωθέντος
3518 5392 3624 5446 τοῦ
3656 5392 3796 5447 Θεοῦ

2123 5561 2167 5590 ⁸³
2194 5559 2351 5614 Joan.
2383 5576 2501 5627 xm,
2526 5559 2739 5625 23-23;
2773 5573 2890 5622 ut.
2919 5555 3013 5614 20.

2208 5696 2438 5766 legimus
2467 5696 2522 5750 in
2564 5693 2814 5750 eamdem
2865 5693 3193 5750 sententiam
3234 5710 3245 5744 :
3280 5690 3393 5762 εχει
3437 5691 3496 5744 δὲ
3527 5693 3631 5746 καί
3683 5710 3804 5748 τινα

2203 5766 2425 5837 διπλόην
2453 5766 2510 5818 τὸ
2543 5766 2740 5837 νόημα.
