4006 6386
272 416 407 472 1145

268 538 363 590 καὶ
394 533 568 601 Λόγου
592 533 863 605 ἐτόλμησε
889 531 1239 605 προσψαῦσαι
1261 530 1358 584 τοῦ
1382 528 1683 601 φρικώδους
1707 531 1844 584 ὲκεί-

264 642 362 680 νου
391 625 640 697 στήθους,
669 628 755 695 ἐφ’
788 620 849 680 οὗ
874 618 1031 689 οὗτος
1053 625 1083 677 ὁ
1130 626 1403 694 Ἰωάννης,
1430 618 1518 676 οἶα
1549 623 1731 694 πατὴρ
1756 619 1840 689 ἐφ’

267 718 369 788 υίῷ
386 719 735 788 διαχεόμενος
760 718 1004 771 ἀνέκειτο
1018 735 1033 749 ⁸
1060 716 1272 770 ἐκεῖθεν
1289 717 1382 769 τὸν
1404 714 1535 786 περλ⁸
1549 714 1643 766 τοῦ
1668 713 1841 781 Λόγου

267 807 425 876 λόγον
458 808 833 878 ἀρυσάμενος·
866 809 959 860 καὶ
990 807 1056 877 δὴ
1087 808 1196 871 τοῖς
1230 806 1323 858 ὑπ’
1348 804 1579 877 ούρανοῦ
1618 804 1844 875 βροντή-

268 920 365 962 σας
381 900 461 962 τὸ,
496 901 597 953 Ἐν
616 898 775 967 ἀρχῇ
799 895 877 969 ἦν
899 902 930 952 ό
957 901 1169 967 Λόγος,
1198 897 1300 951 καὶ
1321 900 1354 952 ό
1379 898 1569 965 Λόγος
1591 892 1669 965 ἦν
1694 894 1846 962 πρὸς

268 993 371 1045 τὸν
398 991 566 1053 Θεὸν,
597 990 698 1043 καὶ
738 989 882 1055 Θεὸς
908 986 987 1059 ἦν
1013 993 1046 1043 ὀ
1077 989 1289 1058 Λόγος.
1334 990 1570 1050 Ἐκεῖνος
1609 986 1672 1039 τό
1705 985 1845 1038 θεῖον

266 1084 362 1135 καὶ
397 1084 664 1150 πανάγιον
704 1082 929 1152 Πνεῦμα
961 1083 1017 1133 ἐν
1045 1081 1175 1134 εῖδει
1211 1081 1540 1151 περιστερᾶς
1583 1078 1846 1131 ἐθεάσατο

270 1175 453 1243 μόνον,
487 1176 580 1226 ἐπὶ
610 1174 706 1226 τὸν
736 1171 909 1242 Λόγον
936 1173 1099 1245 σαρκὶ
1128 1172 1494 1241 βαπτισθέντα
1524 1171 1581 1237 ἐξ
1602 1171 1845 1242 οὐρανῶν

268 1266 659 1334 ὲπιπτάμενον.
696 1260 863 1327 Οὗτος
901 1264 958 1316 δὲ
995 1268 1055 1317 ὲν
1094 1264 1224 1316 εἴδει
1271 1263 1517 1334 γλώττης
1557 1262 1730 1332 πυρὸς
1754 1263 1847 1314 ἐπὶ

267 1360 367 1429 τῆς
392 1360 600 1421 οίκείας
621 1359 839 1423 ἐδέξατο
861 1358 1123 1428 κεφαλῆς,
1148 1357 1263 1427 ἅμα
1284 1360 1397 1420 τοῖς
1426 1358 1844 1425 συμφοιτηταῖς,

268 1450 329 1501 ὲν
363 1453 430 1520 τῇ
461 1450 646 1521 ἡμέρᾳ
675 1452 774 1521 τῆς
804 1450 1208 1520 Πεντηκοστῆς,
1234 1448 1412 1512 καθὼς
1442 1450 1471 1500 ὁ
1502 1448 1677 1520 μέγας
1709 1450 1846 1500 Λου-

268 1542 373 1604 κᾶς
399 1541 497 1605 τὰς
519 1541 770 1610 Πράξεις
794 1542 1024 1612 γράφων
1044 1541 1155 1594 τῶν
1184 1541 1496 1594 ἀποστόλων
1526 1540 1813 1610 ἱστόρησεν
1831 1557 1844 1570 ·

271 1636 483 1697 ἐκεῖνος
521 1637 918 1705 καρατομεῖται
950 1633 1018 1687 δι’
1044 1633 1267 1704 ἑταίραν
1302 1633 1599 1686 ἀκόλαστον
1624 1633 1847 1701 ἀδελφό-

272 1742 431 1795 μιγα,
465 1726 564 1795 τὴν
599 1725 836 1795 Ἡρώδου
878 1728 1131 1794 γυναῖκα,
1160 1726 1464 1795 γενομένην
1490 1724 1586 1777 τοῦ
1618 1723 1847 1791 ἀδελφοῦ

269 1815 470 1868 αὑτοῦ·
505 1810 662 1879 οὗτος
713 1816 854 1886 ὑπὲρ
904 1815 996 1870 τοῦ
1040 1817 1250 1885 Κυρίου
1282 1818 1373 1870 τὸν
1421 1817 1596 1886 τάφον
1630 1817 1848 1886 οἰκῆσαι

266 1903 642 1975 κατακριθεὶς,
672 1904 899 1976 ὕστερον
926 1906 1172 1977 τελευτᾷ.
1211 1907 1446 1970 Ἐκεῖνος
1467 1908 1727 1971 ὲὸάπτιζε
1753 1908 1851 1977 μό-

272 2011 360 2046 νον
393 1995 521 2058 τοὺς
555 1995 896 2065 προσιόντας,
932 1996 1157 2066 Πνεῦμα
1185 1997 1241 2049 δὲ
1276 1998 1418 2051 θεῖον
1465 1998 1641 2051 οὐδενὶ
1674 2015 1852 2069 παρα-

273 2088 421 2154 σχεῖν
445 2082 557 2149 οἷός
586 2103 648 2138 τε
668 2082 738 2157 ἦν
766 2102 781 2119 ’
808 2087 889 2140 διὸ
917 2090 1040 2152 τοὺς
1076 2087 1168 2141 ὑπ’
1196 2090 1403 2142 ἐκείνου
1438 2088 1849 2159 βαπτισθέντας,

266 2170 426 2241 οὗτος
458 2177 577 2248 ἅμα
622 2179 718 2232 καὶ
753 2180 803 2232 οἱ
842 2179 1019 2233 λοιποὶ
1070 2180 1434 2245 ἀνεδάπτιζον
1475 2182 1522 2235 οἱ
1561 2180 1852 2234 ἀπόστολοι

275 2268 415 2339 πρὸς
439 2268 742 2333 τελείωσιν,
765 2270 860 2323 καὶ⁵
878 2270 1326 2341 χειροτεθοῦντες,
1351 2271 1668 2342 Πνεύματος
1695 2271 1852 2341 ἁγίου

275 2360 581 2429 μετεδίδουν
634 2364 748 2426 τοῖς
794 2365 1006 2427 πιστοῖς
1056 2366 1138 2427 είς
1179 2364 1422 2436 σημείων
1464 2365 1561 2418 καὶ
1609 2365 1853 2436 τεράτων

270 2451 556 2517 ἐπίδειξιν.
610 2453 848 2517 Ἐκεῖνος
875 2453 1079 2524 μείζων
1107 2456 1329 2510 πάντων
1357 2458 1415 2509 ὲν
1443 2459 1718 2527 γεννητοῖς
1756 2473 1855 2526 γυ-

271 2543 474 2595 ναικῶν
514 2542 783 2616 ὑπάρχειν
828 2546 1187 2619 ἐμαρτυρήθη
1241 2548 1397 2620 παρά
1436 2546 1532 2601 τοῦ
1578 2550 1849 2619 μείζονοςο

268 2628 429 2698 οὗτος
462 2636 577 2703 φῶς
620 2635 716 2691 τοῦ
753 2638 960 2709 κόσμου
1013 2639 1217 2713 ἐκλήθη
1259 2640 1411 2713 παρά
1450 2639 1547 2694 τοῦ
1598 2640 1854 2713 ἀληθινοῦ

274 2726 371 2779 καὶ
406 2727 705 2799 ἁγεννήτου
742 2732 834 2784 καὶ
872 2731 960 2784 ἀεὶ
1000 2732 1154 2795 ὄντος
1184 2732 1320 2786 Θεοῦ
1366 2733 1605 2803 μεγάλου
1655 2734 1852 2803 φωτός.

288 2820 527 2881 Ἐκεῖνος
555 2822 647 2875 τὸν
682 2822 795 2893 βίον
824 2824 1028 2895 ήμειψε
1063 2825 1229 2897 μηδὲν
1256 2828 1481 2897 σημεῖον
1514 2826 1853 2897 πεποιηκὼς,

280 2911 405 2980 μηδ’
436 2912 572 2975 ὅλως
612 2911 1132 2985 θαυματουργήσας,
1163 2914 1349 2978 καθώς
1373 2933 1506 2985 φησι
1533 2916 1662 2988 περὶ
1688 2916 1855 2970 αὐτοῦ

276 3002 338 3053 τὸ
359 3002 713 3072 Εὐαγγέλιον,
746 3004 882 3075 μηδέ
912 3022 964 3057 τι
989 3005 1230 3067 ἀκούσας
1265 3006 1373 3059 τῶν
1408 3008 1525 3060 ἐκεῑ
1556 3006 1855 3078 μελλόντων

276 3092 461 3165 αὐτῷ·
503 3088 659 3159 οὗτος
707 3095 1139 3165 συγκαθέζεσθαι
1188 3097 1436 3169 Χριστῷ,
1480 3101 1577 3152 καὶ
1626 3099 1856 3171 νεύματι

279 3185 445 3239 αὑτοῦ
473 3186 683 3256 κρίνειν
703 3187 803 3251 τάς
836 3188 1010 3257 φυλὰς
1048 3188 1140 3242 τοῦ
1178 3190 1417 3262 Ἰσραὴλ,
1443 3193 1596 3262 παρά
1618 3191 1856 3263 Χριστοῦ

281 3275 666 3347 θεηγοροῦντος
694 3277 1028 3348 ἐπήγγελται
1062 3279 1181 3351 ἅμα
1207 3284 1322 3345 τοῖς
1346 3280 1575 3336 δώδεκα.
1622 3282 1858 3346 Ἐκεῖνος

278 3368 519 3437 οὐδαμοῦ
563 3370 949 3440 μακαρίζεται,
986 3372 1081 3425 καὶ
1117 3373 1291 3443 μέγας
1325 3374 1586 3445 ὑπάρχων
1628 3376 1687 3428 ὲν
1734 3374 1859 3447 βρο-

278 3462 420 3523 τοίςο
449 3453 603 3524 οὗτος
631 3462 905 3528 ἀπόδειξιν
946 3464 1239 3533 λαμϐάνων
1276 3465 1371 3519 τοῦ
1416 3468 1635 3537 μείζους
1677 3468 1856 3539 ὑπάρ-

283 3566 429 3619 χειν,
477 3549 582 3603 ὑπὸ
630 3550 724 3603 τοῦ
776 3551 1022 3624 μάκαρος
1074 3554 1209 3608 Θεοῦ
1252 3556 1347 3610 καὶ
1393 3557 1647 3629 Σωτῆρος
1699 3557 1857 3628 ήμῶν

294 3640 469 3712 Ἰησοῦ
500 3643 756 3711 Χριστοῦ,
784 3644 841 3708 ὃς
868 3661 1031 3714 φησιν
1056 3647 1270 3710 αὐτοῖς·
1314 3648 1492 3717 Ἀμὴν
1513 3648 1668 3718 λέγω
1692 3649 1854 3719 ὑμῖν,

280 3733 499 3787 πολλοὶ
531 3732 830 3803 προφῆται
859 3735 957 3788 καὶ
986 3737 1202 3791 δίκαιοι
1220 3738 1609 3808 ἐπεθύμησαν
1635 3739 1783 3793 ὶδεῐν
1818 3738 1858 3794 d

274 3824 560 3888 βλέπετε,
596 3827 695 3879 καὶ
734 3828 845 3880 οὐκ
872 3824 1058 3892 εἶδον,
1089 3830 1188 3883 καί
1218 3831 1479 3884 ἀκοῦσαι
1515 3831 1551 3884 εἳ
1584 3833 1856 3897 ἀκούετε,

280 3916 380 3969 καὶ
414 3919 523 3970 οὐκ
550 3917 855 3986 ἤκουσαν
882 3919 1047 3988 ὑμῶν
1067 3920 1135 3973 δὲ
1156 3921 1433 3991 μακάριοι
1456 3926 1509 3977 οἱ
1536 3923 1854 3993 ὀφθαλμοὶ,

280 4007 369 4059 ὅτι
398 4006 678 4071 βλέπετε,
719 4008 816 4061 καὶ
856 4009 928 4063 τὰ
961 4005 1101 4078 ὦτα,
1132 4012 1221 4065 ὅτι
1263 4014 1532 4069 ἀκούετε.
1567 4019 1857 4088 Προφήτην

280 4099 337 4151 δὲ
372 4101 467 4152 καὶ
505 4099 709 4153 δίκαιον
754 4101 848 4155 τὸν
911 4103 1164 4175 Ἰωάννην
1213 4106 1481 4179 ὑπάρχειν
1524 4109 1725 4173 πάντες
1767 4129 1859 4164 πι-

282 4194 566 4264 στεύομεν.
631 4196 867 4258 Ἐκεῖνος
900 4196 1201 4265 ὲγγίσασαν
1235 4201 1301 4270 τῇ
1348 4200 1527 4271 οίκείᾳ
1562 4202 1730 4273 μητρὶ⁵
1757 4205 1855 4274 τὴν

277 4285 369 4336 τοῦ
397 4287 668 4357 ἀπάτορος
700 4287 934 4341 ἐνταῦθα
965 4288 1177 4360 μητέρα
1200 4289 1405 4355 δείσας,
1428 4291 1684 4364 ἔσκαιρεν
1705 4292 1858 4358 ἐξάλ-

279 4376 487 4441 λεσθαι,
536 4378 636 4447 τῆς
685 4378 959 4451 φερούσης
1003 4380 1362 4442 κινδυνεύων,
1392 4379 1467 4447 μὴ
1526 4385 1708 4456 φέρων
1759 4386 1857 4459 τὴν

279 4470 558 4540 πυρφόρον
584 4472 803 4538 ὲγγίζου
814 4487 931 4524 σανο
954 4471 1140 4525 τοῦτον
1160 4472 1217 4526 δὲ
1240 4474 1326 4544 ἐφ’
1351 4475 1545 4529 ἑαυτοῦ
1574 4478 1857 4549 συνίστησι

280 4562 372 4613 καὶ
405 4562 766 4632 παρατίθεται
797 4565 862 4633 τῇ
891 4564 1068 4635 οἰκείᾳ.
1097 4566 1316 4637 μητρὶὸ
1356 4569 1475 4621 κατ’
1500 4569 1688 4623 οὑσίαν
1717 4571 1860 4641 ἁμή-

279 4668 414 4722 τωρ,
448 4652 544 4705 καὶ
575 4654 697 4705 κατ’
732 4655 1044 4723 οἰκονομίαν
1070 4656 1318 4729 ἀπάτωρ.
1363 4658 1519 4712 Κατά
1542 4661 1634 4713 τὸν
1669 4663 1860 4733 καιρὸν

279 4743 375 4797 τοῦ
414 4745 682 4816 σωτηρίου
720 4746 926 4810 πάθους
958 4747 1034 4819 τῷ
1083 4750 1300 4820 σταυρῷ
1334 4752 1699 4822 παρεστῶσιν,
1735 4758 1859 4809 ἀτε-

280 4834 434 4897 νίσας
464 4834 542 4905 τῷ
585 4837 827 4909 Ἰωάννῃ,
865 4841 997 4908 φησὶ
1018 4844 1083 4911 τῇ
1115 4841 1315 4913 ἀγάμῳ
1332 4845 1427 4897 καὶ
1463 4847 1650 4917 μητρὶ,
1699 4849 1856 4903 Ἰδοὺ

281 4929 314 4979 ό
342 4928 472 4992 υἱός
500 4943 637 4992 σου,
667 4929 939 4985 ἀνάπαλιν
961 4932 1018 4985 δὲ
1052 4934 1189 5004 πρὸς
1221 4936 1448 5001 ἐκεῖνον,
1493 4937 1639 4993 Ἰδοὺ
1668 4943 1706 5004 ἡ
1734 4942 1853 5011 μή·

282 5034 391 5085 τηρ
416 5033 533 5072 σου
550 5036 563 5049 ·
589 5020 815 5092 θάτερον
840 5022 1052 5093 θατέρῳ
1079 5024 1195 5078 ἀνθ’
1218 5025 1411 5080 ἑαυτοῦ
1444 5030 1729 5095 συνιστῶν,
1766 5034 1859 5087 καὶ

282 5111 563 5184 ἑκατέρων
594 5114 691 5185 τὴν
724 5114 994 5184 ἀμείωτον
1029 5116 1124 5169 καὶ
1162 5118 1440 5188 ἀνέπαφον
1469 5123 1734 5194 παρθένον
1765 5126 1858 5198 δη-

287 5204 580 5273 μηγορεύει
609 5203 876 5274 θεομάχου
906 5206 1289 5277 πανηγύρεως.

1656 406 2000 466 DIALOGUS
2036 409 2121 465 III.

3384 398 3531 471 ius

1946 530 2129 598 plista,
2176 542 2284 580 non
2319 525 2567 596 angelus,
2601 539 2709 577 non
2764 520 3146 591 archangelus,
3186 534 3363 590 neque
3389 519 3532 576 alius

1945 620 2233 689 quisquam
2266 618 2534 672 iucarnati
2565 615 2658 669 Dei
2685 624 2738 669 et
2766 613 2932 669 Verbi
2973 628 3144 668 ausus
3171 610 3279 666 fuit
3301 612 3531 681 attinge-

1947 730 2004 767 re
2036 712 2165 766 illud
2199 709 2545 765 formidabile
2574 716 2785 775 pectus,
2841 721 3005 776 super
3037 718 3147 775 quo
3178 704 3265 759 hic
3295 702 3529 759 Joannes

1946 804 2091 859 velut
2131 812 2283 873 pater
2324 816 2490 871 super
2531 800 2700 853 filium
2734 796 2970 852 ditIusus
3002 794 3271 859 recubuit,
3310 793 3435 848 inde
3466 795 3529 848 de

1952 896 2125 952 Verbo
2167 895 2391 949 verbum
2426 893 2628 955 hausit,
2665 902 2828 962 atque
2861 889 3117 944 omnibus
3150 888 3254 941 sub
3280 887 3420 941 ccelo
3450 886 3532 938 in-

1946 989 2126 1044 tonuit
2154 986 2322 1040 illud:
2371 983 2437 1038 In
2467 984 2732 1052 principio
2763 991 2875 1035 erat
2922 978 3266 1038 Verbum,,_et
3309 975 3534 1029 Verbum

1945 1090 2058 1134 erat
2090 1079 2231 1148 apud
2259 1077 2449 1140 Deum,
2491 1085 2539 1129 et
2571 1074 2710 1127 Deus
2737 1083 2850 1126 erat
2905 1069 3129 1124 Verbum
3151 1066 3221 1121 “.
3272 1064 3365 1121 Ille
3398 1066 3537 1120 divi—

1950 1188 2078 1227 num
2098 1180 2151 1224 et
2169 1175 2578 1224 sacrosanctum
2602 1164 2865 1233 Spiritum
2892 1162 2948 1215 in
2974 1158 3157 1230 specie
3183 1157 3449 1213 columbae
3462 1155 3539 1211 vi-

1948 1264 2028 1317 dit
2066 1270 2276 1315 tantum
2326 1274 2490 1327 super
2515 1256 2751 1309 Verbum
2802 1255 2857 1307 in
2886 1266 3052 1307 carne
3105 1251 3435 1320 baptizatum
3469 1262 3537 1301 ex

1949 1353 2102 1408 caelis
2130 1351 2440 1405 volantem:
2476 1350 2564 1401 hic
2587 1357 2766 1401 autem
2808 1344 2991 1414 specie
3021 1344 3218 1412 linguae
3257 1340 3398 1411 ignis
3437 1355 3536 1395 sn-

1950 1457 2045 1512 per
2078 1456 2240 1494 suum
2291 1439 2463 1507 ipsius
2512 1438 2794 1506 proprium
2829 1434 3041 1503 accepit
3085 1440 3249 1501 caput
3281 1446 3385 1484 una
3409 1444 3533 1485 cum

1950 1531 2342 1601 condiscipulis
2367 1531 2419 1583 in
2444 1531 2531 1583 die
2549 1528 2919 1590 Pentecostes,
2943 1522 3403 1595 quemadmodum
3422 1537 3540 1576 ma-

1951 1642 2090 1697 gnus
2123 1624 2211 1679 ille
2244 1622 2422 1677 Lucas
2444 1623 2576 1677 Acta
2605 1621 2857 1675 scribens
2878 1619 2946 1673 de
2968 1617 3233 1686 apostolis
3261 1614 3538 1669 memoria:

1952 1718 2190 1790 prodidit
2225 1718 2295 1773 ".
2338 1716 2431 1770 Ille
2468 1715 2647 1783 capite
2685 1720 2975 1767 truncatur
3012 1720 3239 1780 prapter
3272 1708 3535 1761 lascivum

1953 1819 2195 1866 scortum
2216 1848 2230 1872 ,
2260 1809 2405 1879 quod
2437 1822 2562 1860 cum
2607 1804 2869 1858 fratribus
2902 1816 3017 1855 rem
3054 1798 3320 1862 habebat,
3362 1795 3537 1851 IIeru-

1950 1903 2037 1958 dis
2070 1916 2333 1968 uxorem,
2376 1916 2498 1969 quae
2550 1898 2729 1951 fuerat
2780 1904 2939 1949 antea
2997 1892 3185 1947 fratris
3234 1892 3401 1961 ejus;
3442 1889 3535 1942 hic

1953 1995 2351 2050 condenmatus
2378 1991 2470 2061 qni
2504 2005 2601 2061 pro
2631 1987 2864 2042 Domino
2891 1986 2957 2040 ad
2990 1985 3300 2054 sepulcrum
3336 1982 3539 2051 migra-

1952 2097 2035 2142 ret
2055 2129 2069 2154 ,
2102 2087 2359 2156 deinceps
2384 2084 2639 2139 moritur.
2674 2080 2767 2135 Ille
2800 2076 3113 2148 baptizabat
3137 2086 3347 2130 tantum
3378 2073 3445 2127 ad
3475 2086 3535 2125 se

1954 2182 2277 2236 accedentes
2302 2222 2315 2245 ,
2351 2176 2615 2248 Spiritum
2650 2183 2832 2230 autem
2870 2178 3121 2229 sanctum
3159 2166 3362 2223 nemini
3399 2179 3538 2234 pra:-

1954 2283 2105 2330 stare
2135 2279 2393 2342 poterat:
2434 2267 2794 2338 quamobrem
2837 2279 2931 2319 eos
2969 2262 3064 2332 qui
3103 2259 3172 2314 ab
3209 2258 3331 2327 ipso
3366 2256 3542 2325 bapti-

1954 2366 2059 2421 zati
2089 2373 2246 2419 erant
2272 2404 2288 2429 ,
2326 2363 2416 2416 hic
2447 2370 2503 2417 et
2533 2357 2731 2429 reliqui
2764 2356 2998 2427 apostoli
3030 2350 3442 2421 rebaptizabant
3470 2347 3555 2401 a.I

1953 2458 2339 2529 perfectionem
2361 2496 2377 2522 ,
2406 2455 2866 2524 imponentesque
2892 2462 3091 2502 manus
3117 2444 3381 2515 Spiritum
3415 2455 3542 2495 san-

1955 2560 2103 2607 ctum
2140 2547 2519 2620 largiebantur
2556 2543 2846 2605 fidelibus,
2887 2540 2955 2595 ad
2997 2539 3280 2608 signorum
3318 2542 3373 2589 et
3411 2548 3542 2603 pro-

1954 2642 2228 2713 digiorum
2264 2638 2584 2693 editionem.
2627 2634 2722 2690 Ille
2753 2632 2932 2703 major
2959 2629 3221 2686 omnibus
3255 2627 3399 2681 inter
3432 2639 3538 2677 na-

1958 2749 2044 2794 tos
2093 2736 2384 2791 mulierum
2438 2747 2562 2788 esse
2611 2727 2927 2785 testimonio
2966 2723 3191 2795 majoris
3229 2719 3536 2792 perhibitus

1956 2840 2082 2893 est;
2121 2830 2211 2883 hic
2244 2829 2428 2882 lumen
2460 2823 2651 2879 mundi
2682 2828 2909 2876 vocatus
2939 2834 2969 2873 a
2990 2832 3117 2872 vera
3144 2856 3159 2882 ,
3188 2823 3243 2869 et
3269 2810 3535 2882 ingenita,

1956 2931 2012 2979 et
2042 2936 2260 2991 semper
2287 2918 2589 2975 exsistente
2618 2928 2815 2985 magna
2845 2912 2937 2966 illa
2968 2911 3110 2965 luce.
3136 2907 3228 2961 Ille
3253 2921 3283 2961 e
3308 2905 3417 2959 vita
3446 2920 3543 2959 ex-

1956 3014 2122 3069 cessit
2162 3010 2315 3065 nullo
2352 3007 2497 3063 facto
2534 3007 2727 3076 signo,
2763 3017 2943 3071 neque
2976 3013 3208 3069 prorsus
3249 2996 3362 3050 ullo
3396 2995 3549 3049 edito

1958 3103 2259 3168 miraculo,
2301 3097 2767 3171 quemadmodum
2806 3095 2873 3149 de
2914 3093 3033 3162 ipso
3074 3089 3327 3160 perhibet
3366 3086 3547 3140 Eran-

1960 3199 2162 3269 gelium
2195 3196 2264 3261 ",
2306 3207 2486 3261 neque
2524 3202 2801 3260 quoquam
2840 3185 3028 3239 audito
3061 3196 3248 3236 eorum
3284 3194 3407 3248 quae
3440 3177 3544 3231 sibi

1959 3268 2069 3341 illic
2105 3284 2287 3339 futura
2322 3288 2480 3337 erant
2510 3296 2525 3344 ;
2557 3278 2642 3332 hic
2672 3291 2781 3330 una
2815 3289 2939 3329 cum
2975 3270 3198 3326 Christo
3232 3268 3422 3323 sedere
3444 3306 3458 3329 ,
3490 3274 3551 3322 et

1958 3396 2061 3434 suo
2101 3386 2232 3433 nutu
2271 3374 2523 3446 judicare
2564 3370 2737 3425 tribus
2779 3366 2994 3420 lsraelis
3032 3379 3061 3417 a
3094 3360 3317 3416 Christo
3351 3358 3545 3429 praedi-

1957 3480 2114 3527 cante
2161 3466 2587 3538 promissionem
2635 3459 2845 3529 accepit
2895 3472 3004 3511 una
3055 3469 3182 3510 cum
3230 3450 3547 3506 duodecim.

1957 3563 2051 3617 lile
2102 3573 2375 3628 nusquam
2438 3557 2629 3610 beatus
2679 3549 3091 3621 pronuntiatur,
3143 3546 3268 3600 licet
3314 3558 3552 3613 magnus

1956 3662 2105 3709 esset
2137 3652 2280 3705 inter
2314 3647 2569 3702 homines
2601 3662 2616 3711 ;
2648 3643 2738 3697 hic
2770 3638 3302 3696 demonstrationem
3345 3637 3548 3704 accipit

1956 3746 2109 3816 ejus,
2142 3741 2292 3813 quod
2323 3739 2500 3808 major
2526 3737 2628 3799 sit,
2660 3751 2689 3789 a
2719 3735 2879 3788 beato
2912 3732 3022 3785 Deo
3052 3740 3106 3784 et
3131 3730 3420 3783 Serratore
3447 3744 3546 3780 no-

1959 3848 2075 3893 stro
2106 3835 2234 3890 Jesu
2267 3833 2526 3896 Christo,
2561 3829 2655 3898 qui
2688 3827 2866 3897 inquit
2900 3826 3033 3895 ipsis
3062 3842 3075 3879 ε
3110 3824 3279 3876 Amen
3304 3822 3422 3875 dico
3457 3838 3549 3874 ro-

1959 3930 2070 3993 bis,
2120 3926 2275 3980 multi
2307 3922 2575 3993 propheta:
2613 3929 2661 3972 et
2698 3918 2833 3988 justi
2872 3914 3306 3969 desideraverunt
3367 3910 3554 3965 videre

1956 4037 2073 4089 qua:
2101 4019 2286 4072 ridetis
2306 4059 2321 4082 ,
2349 4024 2396 4069 et
2425 4030 2527 4067 non
2559 4012 2799 4065 viderunt
2820 4048 2835 4072 ,
2866 4016 2914 4062 ct
2943 4006 3130 4061 audire
3160 4020 3277 4076 qua:
3306 4002 3506 4057 auditis
3529 4044 3543 4061 ,

1956 4123 2007 4167 et
2041 4129 2141 4164 non
2171 4109 2476 4163 audierunt.
2510 4103 2683 4158 Vestri
2714 4111 2893 4155 autem
2926 4098 3065 4152 beati
3092 4108 3213 4151 sunt
3244 4095 3383 4149 oculi
3410 4093 3541 4163 quia

1956 4204 2146 4257 videtis
2166 4244 2180 4269 ,
2207 4211 2256 4255 et
2288 4215 2443 4253 aures
2472 4198 2599 4267 quia
2629 4192 2828 4247 auditis
2858 4193 2921 4245 ".
2950 4189 3104 4256 Quod
3138 4186 3377 4242 Joannes
3413 4200 3543 4253 pro-

1965 4298 2124 4366 pheta
2179 4295 2280 4357 sit,
2335 4305 2529 4345 omnes
2569 4287 2866 4343 credimus.
2921 4284 3015 4337 Ille
3066 4279 3547 4352 apprOpinquante

1966 4388 2126 4443 matri
2159 4401 2273 4447 suae
2306 4400 2367 4439 ea
2401 4397 2523 4453 qua:
2558 4378 2807 4451 gestabat
2847 4376 3018 4430 filium
3056 4373 3176 4427 sine
3209 4379 3391 4441 patre,
3423 4382 3548 4422 ma-

1965 4493 2101 4534 trem
2137 4476 2436 4539 reveritus,
2473 4471 2660 4543 gestiit
2692 4467 3038 4532 exsiliendo,
3076 4477 3139 4517 ac
3172 4462 3323 4516 velut
3357 4460 3544 4513 immi-

1967 4582 2129 4629 nente
2170 4571 2272 4626 sibi
2311 4585 2340 4622 a
2377 4573 2691 4638 praegnante
2720 4561 2999 4632 periculo,
3036 4572 3144 4612 non
3179 4555 3385 4610 ferebat
3423 4567 3543 4606 eam

1957 4684 2080 4738 quae
2110 4667 2284 4721 facem
2313 4662 2561 4734 gestabat
2589 4658 2819 4728 propius
2846 4653 3108 4709 accedere
3136 4668 3151 4719 ;
3182 4651 3331 4704 hunc
3361 4656 3543 4702 autem

1956 4762 2011 4815 in
2064 4759 2257 4813 eodem
2297 4757 2420 4810 loco
2460 4752 2692 4815 statuit,
2736 4758 2790 4803 et
2828 4745 3179 4803 commendat
3219 4742 3377 4797 matri
3416 4755 3544 4810 pro-

1955 4852 2086 4923 priae
2114 4850 2206 4920 qui
2235 4846 2538 4903 secundum
2573 4842 2939 4898 substantiam
2972 4848 3202 4892 matrem
3237 4849 3347 4888 non
3378 4833 3545 4887 habe-

1953 4944 2043 4997 bat
2066 4984 2081 5007 ,
2102 4950 2156 4995 et
2181 4938 2480 4993 secundum
2499 4934 2966 5004 dispensationem
2989 4937 3107 4984 erat
3132 4928 3341 4995 ahsque
3364 4933 3538 4995 patre.

1967 5033 2236 5101 Tempore
2264 5027 2561 5085 salutifera:
2589 5024 2870 5097 passionis
2907 5022 3057 5077 cruci
3087 5019 3426 5080 astantibus,
3460 5016 3545 5069 in-

1968 5126 2132 5182 tentis
2162 5126 2213 5177 in
2240 5124 2506 5175 Joannem
2531 5118 2707 5173 oculis
2726 5158 2742 5182 ,
2772 5115 2949 5185 inquit
2968 5114 3016 5168 ei
3042 5127 3164 5183 quae
3193 5112 3311 5166 sola
3337 5108 3546 5176 absque

1971 5214 2199 5287 nuptiali
2229 5210 2627 5267 consuetudine
2654 5217 2825 5262 mater
2845 5213 2959 5271 est,
2987 5203 3123 5258 Ecce
3146 5202 3292 5274 [ilius
3316 5212 3434 5255 tuus
3456 5199 3540 5266 ⁹³;

284 5295 537 5397 Nemi"?
572 5312 763 5397 TPPSUS
795 5298 861 5397 θίξ
898 5298 1084 5361 mum.
1121 5298 1268 5397 Et“?
1290 5313 1460 5356 mater
1499 5314 1591 5359 tua
1624 5308 1670 5344 ”
1698 5328 1714 5367 :
1748 5313 1981 5370 alterum
2014 5308 2171 5367 alteri
2205 5321 2304 5375 pro
2336 5303 2634 5372 semetipso
2667 5299 3060 5357 commendans
3083 5338 3101 5364 ,
3134 5295 3423 5366 utriusque
3456 5293 3545 5347 in-

281 5388 711 5441 contaminatam
746 5397 802 5441 et
840 5388 1101 5444 intactam
1133 5391 1500 5461 virginitatem
1533 5401 1853 5469 pcrhibente
1883 5407 2046 5462 etiam
2081 5402 2175 5455 illo
2208 5406 2354 5455 cmtu
2376 5439 2391 5461 ,
2429 5397 2521 5467 qui
2556 5396 2669 5450 Deo
2699 5398 2989 5462 repugnat.

351 5501 463 5555 Καὶ
502 5499 788 5553 συνελόντα
814 5501 999 5569 φάναι,
1032 5504 1265 5574 Χριστὸς
1294 5506 1528 5581 ὑπάρχει
1555 5513 1588 5581 ἠ
1616 5511 1860 5581 βασιλεία

282 5592 389 5645 τῶν
416 5592 681 5664 οὐρανῶν.
716 5592 776 5645 Ὁ
808 5590 901 5646 οὖν
928 5590 1066 5648 κατὰ
1089 5595 1252 5667 νόμον
1282 5598 1483 5664 τέλειος
1511 5605 1605 5656 καὶ
1626 5604 1858 5676 ἀκριϐὴς

296 5686 544 5756 Ἰωάννης
581 5685 758 5755 ἥττων
790 5702 881 5756 μοι
918 5685 1065 5739 δοκεῖ
1103 5687 1212 5741 τῶν
1250 5691 1329 5753 εἰς
1369 5691 1459 5744 τὸν
1508 5692 1734 5748 θάνατον
1762 5696 1854 5750 τοῦ

359 5921 403 5953 ’δ
442 5919 598 5979 Joan.
624 5938 662 5991 ι,
702 5922 753 5979 1.

2040 5513 2106 5567 Et
2146 5521 2206 5565 ut
2242 5507 2561 5566 summatim
2602 5506 2778 5561 dicam
2804 5544 2819 5569 ,
2871 5502 3126 5555 Christus
3174 5507 3259 5554 est
3313 5513 3543 5570 regnum

1966 5605 2251 5661 cmlorum.
2285 5600 2387 5667 Qui
2422 5600 2585 5670 igitur
2615 5595 2919 5652 secundum
2959 5593 3131 5663 legem
3173 5590 3454 5662 perfectus
3491 5602 3548 5646 et

1964 5698 2246 5753 absolutus
2275 5702 2392 5750 erat
2425 5690 2666 5747 Joannes
2686 5728 2702 5753 ,
2733 5688 2917 5743 minor
2952 5685 3087 5739 mihi
3115 5685 3326 5738 videtur
3354 5683 3421 5738 iis
3447 5682 3542 5753 qui

834 5921 877 5956 ”
904 5923 1025 5980 Act.
1052 5939 1113 5994 ιι,
1155 5926 1207 5982 5.
1281 5925 1326 5959 ’⁸
1355 5922 1511 5981 Joau.
1538 5941 1594 5995 ιι,
1635 5926 1723 5983 II.
1800 5927 1841 5959 ’τ

1957 5925 2057 5982 tth.
2088 5940 2207 5993 xm,
2241 5923 2328 5993 I6,
2362 5921 2449 5981 17.
2523 5922 2569 5956 ’⁸
2596 5918 2752 5977 Joan.
2789 5933 2901 5985 xu,
2934 5916 3024 5974 26.
3092 5918 3145 5949 7”
3180 5913 3311 5972 ibid.
3337 5913 3427 5969 27.
