4006 6386
467 290 605 350 ΗΠ
1359 255 1373 290 Χ
1553 308 1609 364 S.
1655 310 1953 367 CAESARI!
1982 313 2310 371 GRECOIH
2353 318 2673 373 FRATRIS-
3607 324 3669 376 ll
3699 323 3773 376 ιδ

465 411 519 466 iu
558 419 787 467 mortem
816 409 1030 470 Domini
1060 416 1320 488 baptizati
1361 436 1510 478 sunt.
1554 425 1704 479 Nihil
1743 429 1879 482 enim
1920 447 2038 496 per-

2191 432 2342 502 υρίου
2377 433 2810 504 βαπτισθέντωνο
2841 438 3033 492 Οὐδὲν
3054 440 3162 508 γὰρ
3182 439 3550 494 ἐτελείωσεν
3579 441 3618 490 ό
3648 440 3767 490 rd—

465 503 588 570 fecit
627 503 750 568 lex,
791 515 850 558 ιιι
888 505 1066 576 inquit
1104 526 1336 581 magnus
1377 513 1428 566 in
1471 515 1586 584 lege
1623 528 1678 572 et
1715 520 1952 574 eximius
1987 521 2038 573 in

2181 543 2262 590 ος,
2298 526 2482 592 καθώς
2503 547 2668 600 φησιν
2687 531 2716 583 6
2738 531 2908 596 πολὺς
2936 535 2993 586 ὲν
3015 503 3092 604 τῷ
3116 503 3286 605 νόμῳ,
3311 536 3404 588 καὶ
3428 532 3656 603 ὑψηλὸς
3689 533 3763 584 ἐν

466 591 761 664 Evangelia
794 601 1124 666 Apostolus,
1163 603 1213 656 in
1251 606 1497 659 omnium
1539 611 1872 678 experientia
1907 627 2041 666 con-

2195 591 3124 681 υαγγελίοιςλᾸπόστολοςίπάντων
3147 591 3204 672 εὖ
3233 591 3398 691 πείρᾳ
3425 591 3768 685 καθεστώς.

467 685 689 740 stitutus
727 689 764 740 '.
805 689 944 759 Ergo
978 692 1030 745 in
1061 696 1411 761 generatione
1441 713 1540 753 sua
1561 739 1576 764 ,
1605 711 1660 754 et
1687 705 1802 756 suis
1833 713 2044 772 tempo-

2191 705 2246 757 ἓν
2295 709 2360 777 τῇ
2391 711 2554 779 γενεᾷ
2591 705 2684 762 οὖν
2722 710 2910 770 αὑτοῦ,
2938 712 3034 765 καὶ
3071 713 3130 764 ὲν
3161 714 3274 776 τοῖς
3316 716 3535 784 καιροῖς
3573 711 3773 766 αὑτοῦ

467 776 617 830 ribus
648 778 823 847 major
852 791 971 835 erat
997 785 1253 841 omnibus
1280 785 1538 844 Joannes.
1573 791 1850 861 Siquidem
1885 811 2045 864 repu-

2193 776 2356 858 είζων
2382 776 2601 851 πάντων
2629 797 2696 868 ἦν
2720 803 2748 852 ὁ
2788 801 3041 872 Ἰωάννης
3063 818 3076 831 ·
3120 802 3240 854 ἐπεὶ
3269 803 3377 874 ἄρα
3403 776 3772 874 διαμάχεται

467 881 657 936 gnaret
681 871 784 926 sibi
815 873 916 942 ipsi
945 874 1090 931 Deus
1114 878 1180 931 ad
1209 877 1557 936 Solomonem
1583 885 1802 952 quidem
1827 887 2040 941 dicens:

2185 886 2326 956 ιυτῷ
2353 887 2414 939 τὸ
2455 889 2628 952 Θεῑον,
2668 890 2805 962 πρὸς
2858 892 2958 962 μὲν
2991 871 3082 945 τὸν
3118 871 3440 964 Σολομῶντα
3481 871 3767 965 φάσκων,

469 958 619 1014 Sicut
658 980 761 1016 non
801 965 906 1034 fuit
947 978 1070 1022 ante
1097 979 1176 1032 te,
1215 981 1264 1025 et
1293 985 1410 1042 post
1442 984 1490 1029 te
1518 993 1620 1030 non
1653 991 1828 1049 surget
1857 981 1948 1050 qui
1975 984 2045 1035 sit

2190 979 2256 1041 ac
2329 979 2402 1032 οὐ
2474 958 2725 1047 γέγονεν
2793 958 3136 1051 έιὶπροσθέν
3167 958 3302 1048 σοι),
3336 987 3433 1039 και
3476 958 3644 1055 λιετά
3676 958 3772 1040 σε

465 1054 656 1108 similis
688 1055 784 1111 tibi
821 1059 862 1114 '.
905 1057 981 1114 De
1016 1058 1228 1117 Joanne
1267 1072 1447 1119 autem
1471 1105 1488 1128 ,
1528 1070 1674 1137 quod
1712 1085 1818 1124 non
1855 1087 2044 1126 surre-

2187 1067 2259 1119 ὺκ
2303 1067 2715 1135 ἀναστήσεται
2753 1071 2956 1140 ὅμοιός
2999 1087 3137 1129 σου.
3167 1075 3304 1146 Περὶ
3342 1074 3400 1129 δὲ
3458 1054 3765 1141 Ἰωάννου,

467 1147 609 1200 xerit
645 1149 786 1202 inter
826 1159 983 1205 natos
1024 1168 1091 1206 ex
1133 1154 1455 1212 mulieribus
1496 1159 1670 1228 major
1709 1176 1798 1218 eo.
1840 1161 2047 1216 Secun-

2187 1157 2242 1208 ,τὶ
2272 1158 2353 1210 ὅτι
2386 1159 2485 1214 οὐκ
2509 1163 2804 1234 ἐγήγερται
2836 1166 2893 1216 ὲν
2921 1167 3196 1235 γεννητοῖς
3221 1167 3497 1234 γυναικῶν
3531 1168 3767 1238 μείζων

466 1237 595 1290 dum
625 1239 794 1308 legem
826 1243 1003 1312 major
1029 1255 1146 1300 erat
1174 1256 1228 1300 et
1256 1248 1559 1304 absolutior
1587 1255 1862 1308 omnibus.
1901 1256 2046 1309 Prw-

2188 1247 2313 1300 ὐτοῦ
2332 1264 2344 1276 '
2381 1252 2520 1304 κατὰ
2546 1251 2642 1304 τὸν
2671 1254 2834 1322 νόμον
2857 1250 2951 1308 οὗν
3000 1255 3200 1326 μείζων
3230 1253 3320 1327 ἦν,
3369 1259 3465 1312 καὶ
3509 1237 3767 1328 ἀκριϐέ-

468 1331 761 1388 stantiores
811 1343 992 1389 autem
1052 1348 1180 1392 sunt
1218 1341 1471 1408 apostoli.
1527 1340 1644 1395 Non
1685 1345 1831 1398 enim
1871 1345 2048 1414 inquit

2185 1357 2340 1411 τερος
2372 1343 2588 1396 πάντων
2610 1360 2624 1374 ·
2661 1346 2944 1416 ἀμείνονες
2971 1348 3028 1402 δὲ
3053 1349 3387 1420 ὑπάρχουσιν
3417 1353 3469 1403 οἱ
3499 1352 3765 1405 ἀπόστοο

467 1418 732 1478 Dominus
755 1467 770 1492 ,
809 1427 952 1494 quod
991 1443 1098 1482 non
1135 1442 1471 1486 surrecturus
1502 1434 1572 1486 sit
1607 1435 1782 1502 major
1814 1452 1912 1498 co,
1950 1437 2045 1490 sed

2183 1447 2230 1482 οι
2253 1447 2266 1462 ο
2296 1432 2358 1485 οὑ
2391 1433 2499 1504 γάρ
2538 1451 2703 1504 φησιν
2748 1437 2777 1489 ὀ
2809 1437 3033 1510 Κύριος,
3082 1441 3164 1494 ὃτι
3193 1442 3293 1494 οὑκ
3322 1443 3765 1510 ἀναστήσεται

467 1515 613 1583 quod
649 1533 754 1570 non
788 1521 1053 1585 surrexit,
1085 1531 1342 1592 tanquam
1373 1526 1487 1580 suis
1516 1529 1877 1597 temporibus.
1908 1530 2048 1584 Ante

2181 1522 2355 1587 ιείζων
2385 1525 2570 1588 αὑτοῦ,
2595 1526 2708 1580 ἀλλ’
2739 1529 2820 1582 ὅτι
2841 1531 2944 1584 οὑκ
2959 1531 3292 1601 ἐγήγερται,
3317 1534 3518 1588 ιιῖιιτανε)⁸
3542 1537 3608 1588 ὲν
3633 1539 3763 1601 τοῖς

469 1617 730 1678 utrosque
753 1621 932 1665 autem
959 1613 1076 1668 illos
1102 1615 1280 1684 inquit
1299 1617 1365 1671 ad
1389 1618 1664 1674 diabolum
1693 1619 1834 1674 Deus
1861 1639 1872 1672 :
1905 1619 2047 1674 Num

2179 1615 2365 1682 ιαιροῖς
2417 1614 2604 1668 αὑτοῦ.
2647 1615 2762 1686 Πρὸ
2811 1620 3014 1689 ἀμφοῖν
3065 1621 3122 1674 δὲ
3166 1623 3390 1686 τούτων,
3446 1626 3592 1696 πρὸς
3659 1628 3761 1680 τὸν

467 1699 756 1756 observasti
785 1713 953 1758 mente
980 1715 1072 1759 tua
1102 1723 1306 1761 servum
1341 1727 1511 1764 meum
1538 1710 1734 1765 Jobum
1755 1755 1769 1776 ,
1799 1715 2048 1783 quoniam

2176 1704 2394 1758 ἐιάὸολόν
2422 1723 2587 1777 φησιν
2617 1711 2646 1762 6
2669 1709 2824 1777 Θεὸς,
2854 1711 3204 1781 Προσέσχες
3231 1713 3305 1783 τῇ
3343 1716 3586 1784 διανοίᾳ
3628 1734 3758 1772 σου

470 1811 573 1846 nun
608 1806 685 1846 est
719 1811 874 1863 super
909 1806 1106 1851 terram
1141 1801 1296 1854 homo
1326 1803 1462 1856 sicut
1492 1805 1602 1871 ipse
1636 1805 1656 1837 ³
1683 1806 1706 1858 ?
1735 1805 1800 1860 Et
1835 1808 1899 1862 ad
1937 1806 2050 1860 Mo-

2179 1797 2304 1852 εατὰ
2328 1798 2435 1853 τοῦ
2458 1799 2824 1869 θεράποντάς
2847 1821 2968 1872 μου
3017 1805 3160 1863 Ἰὼϐ,
3192 1807 3282 1860 ὅτι
3316 1811 3428 1862 οὐκ
3455 1809 3595 1863 ἔστι
3629 1809 3761 1863 τῶν

470 1900 584 1939 sem
620 1887 836 1956 inquit:
876 1887 1014 1943 Novi
1047 1901 1096 1944 te
1123 1907 1235 1959 pne
1275 1897 1480 1950 cunctis
1518 1895 1840 1962 hominibus,
1872 1910 1920 1952 et
1963 1901 2048 1952 in-

2176 1890 2248 1942 τπί
2279 1888 2394 1958 γῆς
2414 1889 2723 1961 ἅνθρωπος
2745 1895 2874 1948 κατ’
2898 1897 3119 1961 αὑτόν;
3157 1899 3268 1951 Καὶ
3295 1900 3433 1970 πρὸς
3473 1901 3568 1955 τὸν
3611 1904 3758 1956 Μω-

471 1978 657 2030 uenisti
711 1981 940 2048 gratiam
993 1999 1175 2036 coram
1219 2003 1298 2039 me
1337 1989 1378 2042 ⁵.
1424 1987 1577 2044 Sicut
1617 1990 1782 2060 igitur
1823 2007 2050 2063 magnus

2179 1979 2253 2033 réa
2297 1981 2483 2052 φησιν,
2531 1983 2686 2050 Πρὸς
2726 1985 2998 2053 ἅπαντας
3046 1987 3120 2058 (8)
3163 1989 3518 2058 ἀνθρώπους
3549 1993 3761 2062 ἔγνων

467 2082 591 2120 eum
624 2077 768 2122 esset
795 2071 912 2126 suis
949 2075 1287 2142 temporibus
1316 2076 1576 2134 Enoclius
1607 2083 1908 2137 translatus
1931 2097 2048 2147 est,

2180 2086 2246 2129 re.
2288 2074 2387 2126 καὶ
2425 2069 2599 2143 εὗρες
2618 2077 2796 2146 χάριν
2819 2079 3080 2134 ἐνώπιόν
3101 2099 3245 2151 μου.
3276 2083 3490 2155 Ὠσπερ
3520 2081 3620 2139 οὖν
3655 2087 3762 2156 μὲ-

469 2171 523 2214 et
553 2162 695 2216 sicut
733 2160 848 2216 Noa
880 2163 1067 2233 justus
1106 2176 1224 2222 erat
1262 2170 1378 2225 suis
1418 2175 1785 2241 temporibus,
1827 2175 1882 2229 in
1921 2191 2050 2231 arca

2178 2180 2256 2227 ἀς
2293 2165 2552 2236 ὑπάρχων
2587 2169 2681 2222 ἐπὶ
2730 2173 2844 2235 τοῖς
2877 2175 3092 2245 καιροῖς
3138 2175 3304 2228 αὑτοῦ
3357 2175 3532 2247 Ἑνὼχ
3581 2195 3760 2248 μετε-

471 2269 594 2306 cum
629 2265 753 2307 octo
790 2265 1042 2312 servatus
1064 2297 1079 2321 ,
1117 2261 1321 2315 mundo
1355 2277 1448 2330 per
1480 2264 1756 2319 diluvimn
1791 2268 2049 2322 submer-

2177 2255 2282 2327 :é0q
2304 2273 2318 2287 ο
2357 2257 2452 2310 καὶ
2497 2258 2688 2331 ὥσπερ
2717 2261 2929 2327 δίκαιος
2967 2262 3043 2318 ὢν
3085 2267 3144 2319 ὲν
3173 2271 3288 2332 τοῖς
3326 2269 3546 2339 χρόνοις
3579 2270 3759 2324 αὑτοῦ

474 2357 574 2395 so:
607 2345 1064 2413 quemadmodum
1103 2349 1229 2404 item
1265 2367 1495 2423 magnus
1527 2364 1647 2410 erat
1685 2357 1812 2422 Lot,
1842 2361 1932 2427 qui
1962 2376 2052 2415 Su-

2181 2344 2298 2408 ὗῶε,
2333 2347 2390 2398 ὲν
2419 2351 2483 2418 τῇ
2522 2349 2740 2420 κιϐωτῷ
2770 2353 2955 2421 ὄγδοος
2980 2354 3238 2427 διεσώθη,
3266 2358 3362 2411 τοῦ
3395 2361 3612 2429 κόσμου
3655 2379 3763 2413 κα-

475 2435 560 2488 lns
591 2452 948 2496 conservatus
976 2452 1060 2497 est
1087 2443 1308 2499 incensa
1340 2445 1705 2504 Sodomorum
1734 2450 2049 2521 Pentapoli:

2181 2441 2578 2504 ἀκλυσοέντος·
2616 2443 2710 2496 καὶ
2757 2443 2947 2515 ὥσπερ
2995 2447 3168 2516 μέγας
3217 2449 3502 2519 τυγχάνων
3543 2455 3574 2506 6
3628 2452 3763 2506 Λὼτ

471 2527 544 2581 ita
571 2537 624 2582 et
650 2527 889 2586 Joannes
923 2535 1096 2604 major
1123 2538 1384 2594 omnibus
1411 2539 1515 2594 luit
1544 2542 1846 2597 secundum
1879 2544 2050 2613 legem

2181 2531 2318 2596 ιόνος
2346 2531 2677 2604 περιεσώθη,
2704 2532 2806 2602 τῆς
2829 2535 3217 2599 Πενταπόλεως
3248 2538 3498 2607 Σοδόμων
3527 2541 3763 2608 ἐμπρη-

472 2619 588 2674 snis
631 2623 992 2692 temporibus.

2181 2622 2375 2694 ﬂeic'qg
2395 2641 2408 2653 ·
2445 2623 2618 2688 οὕτως
2643 2625 2739 2678 καὶ
2771 2623 3025 2699 Ἰωάννης
3050 2628 3253 2698 μείζων
3283 2631 3506 2683 πάντων
3531 2631 3763 2703 ὑπῆρχε

2157 2715 2297 2769 κατά
2329 2717 2492 2785 νόμον
2527 2717 2585 2769 ὲν
2612 2720 2726 2779 τοῖς
2757 2722 2972 2788 καιροῖς
3008 2721 3206 2775 αὑτοῦ.

816 2803 1336 2864 INTERROGATIO
1369 2809 1698 2866 CLXXVIII.

1590 2811 1698 2866 illi.
2714 2809 2961 2862 ΠΕΥΣΙΣ
3001 2811 3172 2864 POH'.

545 2891 620 2945 De
651 2894 982 2959 quibusnam
1021 2899 1155 2952 dicit
1197 2900 1487 2965 Dominus,
1526 2903 1692 2956 Amen
1726 2906 1844 2958 dico
1878 2906 2052 2971 vobis,

2227 2900 2363 2972 Περὶ
2413 2901 2574 2954 τίνων
2619 2901 2767 2969 λέγει
2803 2905 2831 2956 6
2879 2902 3098 2974 Κύριος,
3143 2906 3332 2974 Ἀμὴν
3371 2906 3536 2975 λέγω
3585 2908 3765 2976 ὑμῖν,

473 2997 594 3038 sunt
630 2986 848 3054 quidam
885 2988 967 3040 hic
1001 2992 1259 3043 stantium
1284 3033 1296 3049 ,
1329 2995 1418 3062 qui
1453 3011 1554 3046 non
1589 2999 1874 3064 gustabunt
1915 3015 2055 3050 mor-

2188 2995 2275 3046 ὶσί
2305 3011 2462 3059 τινες
2490 2993 2609 3046 τῶν
2630 2987 2746 3047 ὧδε
2769 2994 3131 3062 ἑστηκότων,
3153 2999 3372 3063 οἵτινες
3400 3001 3474 3052 οὐ
3491 2998 3589 3068 μὴ
3619 3002 3768 3068 γεύ-

477 3089 609 3141 tem,
653 3080 816 3132 donec
865 3081 1088 3134 viderint
1145 3082 1350 3137 Filium
1405 3085 1633 3141 hominis
1674 3091 1958 3143 venientem
1999 3093 2054 3144 in

2187 3098 2368 3137 ποντα(
2399 3083 2680 3149 θανάτου,
2715 3084 2828 3152 ἕως
2857 3085 2936 3139 ἂν
2969 3075 3143 3140 ῑδωὸνι
3174 3087 3284 3140 τόν
3326 3089 3464 3142 Υἰὸν
3491 3088 3611 3142 τοῦ
3655 3091 3769 3144 ἀγα

475 3169 649 3237 gloria
679 3185 774 3221 sua
807 3171 827 3200 '
850 3170 870 3223 ?
895 3169 1127 3237 Quidam
1155 3171 1300 3226 enim
1331 3174 1520 3230 dicunt
1545 3178 1612 3232 de
1635 3177 1846 3233 Joanne
1875 3179 2056 3235 Theo-

2191 3175 2400 3243 lpo'mov
2427 3176 2754 3245 ἐρχόμενον
2789 3179 2861 3231 ἐν
2886 3178 3036 3246 δόξῃ
3072 3179 3260 3234 αὐτοῦ
3280 3196 3299 3243 ;
3334 3181 3493 3244 Τινὲς
3527 3183 3649 3254 γὰρ
3679 3183 3773 3238 λέ-

479 3259 603 3328 logo
650 3262 828 3330 ipsum
889 3263 1132 3317 locutum
1190 3263 1397 3330 fuisse,
1450 3267 1593 3336 quod
1647 3285 1753 3324 non
1795 3272 2061 3326 moriatur

2189 3282 2322 3329 τουσι
2371 3268 2499 3336 περὶ
2541 3268 2784 3320 Ἰωάννου
2813 3267 2910 3321 τοῦ
2935 3268 3197 3337 Θεολόγου
3237 3271 3524 3342 εἰρηκέναι
3569 3275 3771 3337 αὑτὸν,

479 3365 654 3421 usque
683 3353 750 3406 ad
791 3355 1090 3408 secundum
1123 3356 1420 3411 adventum
1456 3356 1686 3414 Christi.

2188 3360 2249 3410 ἱτι
2283 3357 2382 3410 οὑκ
2413 3357 2746 3429 ἀποθνήσκει
2771 3360 2875 3423 ἕως
2909 3361 3006 3430 τῆς
3047 3359 3307 3432 δευτέρας
3335 3363 3586 3434 Χριστοῦ
3615 3381 3770 3438 παρα

2167 3449 2374 3512 ουσίας.

1119 3536 1421 3608 Responsio.
2764 3543 3124 3611 Ἀπόκρισις.

556 3629 689 3681 Cum
725 3627 836 3698 jam
880 3629 1208 3685 instituisset
1245 3646 1305 3686 se
1344 3630 1673 3685 comitantes
1713 3630 2012 3701 discipulos
2039 3675 2053 3698 ,

2241 3634 2542 3698 Παιδεύσας
2581 3635 2682 3705 ἤδη
2714 3637 2839 3699 τοὺς
2872 3636 3174 3706 ἑπομένους
3200 3637 3347 3708 αὑτῷ
3370 3641 3652 3710 φοιτητὰς
3675 3643 3778 3698 Θα-

485 3732 546 3778 υι
594 3733 823 3777 mortem
854 3732 1296 3786 contemnerent,
1331 3732 1385 3777 et
1418 3723 1623 3778 fortiter
1656 3739 1715 3777 se
1747 3724 2066 3792 expedirent

2193 3729 2330 3782 πάτου
2375 3730 2755 3798 καταφρονεῖν,
2807 3729 2901 3781 καὶ
2933 3729 3192 3800 ἀνδρείως
3233 3731 3579 3786 ἀποδύεσθαι
3632 3738 3775 3806 πρὸς

483 3817 550 3871 ad
587 3815 867 3870 subeunda
904 3829 1005 3884 pro
1045 3815 1164 3883 ipso
1205 3815 1445 3884 pericula
1471 3858 1486 3881 ,
1539 3816 1782 3885 ipsorum
1828 3817 2064 3871 abscon-

2194 3823 2296 3884 τοὺς
2343 3821 2484 3891 ὑπὲρ
2534 3818 2698 3874 αὑτοῦ
2749 3817 3050 3882 κινδύνους,
3100 3819 3418 3890 ἐμϐατεύων
3476 3824 3675 3876 αὑτῶν
3705 3827 3776 3879 τὰ

482 3911 594 3964 dita
625 3909 946 3978 ingreditur,
975 3917 1029 3963 ct
1055 3908 1336 3964 inveniens
1365 3909 1514 3978 ipsos
1543 3909 1722 3963 adhuc
1749 3909 2064 3989 claudican-

2194 3912 2490 3984 ιπόρρητα,
2547 3911 2642 3964 καὶ
2693 3909 2967 3980 εὑρίσκων
3022 3908 3104 3962 ἔτι
3162 3910 3618 3977 ὲπισκάζοντας,
3673 3920 3776 3970 καὶ

483 4013 566 4058 tes
591 4043 604 4067 .
647 4001 857 4056 ellicere
891 4009 1120 4056 conatur
1152 4009 1212 4054 ut
1245 3999 1460 4055 tandem
1502 3999 1800 4069 abjicerent
1836 4016 1959 4069 quae
1995 4000 2065 4054 ab

2195 4001 2730 4074 παμφοτερίζοντας,
2756 4002 3015 4072 πειρᾶται
3037 4000 3184 4070 δψως
3213 4002 3542 4058 ἀποϐάλλειν
3563 4007 3777 4070 αὐτοὺς

486 4095 618 4165 ipsis
674 4096 836 4149 anxie
869 4093 1346 4163 exspectabantur,
1399 4093 1648 4146 excitans
1701 4101 1757 4145 et
1813 4094 2064 4161 tingendo

2194 4096 2238 4148 τὰ
2268 4091 2737 4164 καραδοκούμενα,
2770 4092 3054 4164 διεγείρων
3087 4095 3183 4146 καὶ
3215 4094 3532 4164 ὑπαλείφων
3565 4099 3776 4162 αὐτοὺς

483 4203 643 4258 quasi
689 4201 886 4256 parans
920 4185 1068 4254 ipsos
1091 4184 1455 4254 promissione
1490 4184 1662 4239 beatae
1700 4185 1826 4240 vita:
1853 4185 1919 4238 ad
1952 4200 2065 4239 ma-

2191 4190 2236 4257 τῇ
2264 4185 2563 4256 ἐπαγγελίᾳ
2594 4186 2694 4255 τῆς
2726 4186 3100 4257 μακροςωῖας,
3131 4185 3268 4256 πρὸς
3297 4186 3398 4257 τὴν
3424 4189 3573 4261 ὑπὲρ
3599 4192 3773 4245 αὐτοῦ

485 4280 797 4350 gnanimam
848 4293 970 4332 cum
1013 4277 1130 4346 ipso
1170 4293 1345 4346 usque
1391 4277 1460 4330 ad
1501 4284 1735 4330 mortem
1781 4278 2061 4332 unionem.

2192 4297 2276 4342 μως
2307 4279 2537 4332 Θανάτου
2569 4277 2942 4348 μεγαλόψυχον
2969 4279 3184 4331 ἕνωσιν.
3225 4278 3403 4350 Ἑώρα
3431 4281 3543 4352 γὰρ
3563 4285 3774 4348 αὐτοὺς

486 4372 755 4427 Cernebat
780 4373 925 4425 enim
961 4371 1108 4435 ipsos
1137 4371 1512 4424 inconstantes
1539 4409 1554 4432 ,
1586 4369 1736 4424 velut
1765 4369 2066 4422 arundines

2189 4371 2449 4443 εὑρίπους,
2483 4371 2646 4424 οἱονεὶ
2687 4370 2970 4441 καλάμους
3014 4370 3286 4442 πνεύματι
3329 4374 3771 4444 σαλευομένους·

489 4475 652 4518 vento
672 4472 958 4533 quassatas
982 4478 996 4514 :
1031 4461 1083 4514 id
1109 4461 1252 4528 quod
1276 4461 1442 4514 ctiam
1467 4458 1641 4516 Judas
1664 4460 1753 4515 ille
1777 4459 2064 4514 lscariotes

2187 4466 2308 4533 5περ
2345 4466 2438 4516 καὶ
2467 4462 2574 4533 πρό
2615 4477 2761 4524 τινος
2804 4460 3071 4531 ἀνάγκης,
3119 4461 3152 4531 ἦ
3183 4461 3450 4530 διωγμοῦ,
3485 4462 3519 4533 ἢ
3550 4466 3769 4530 αἰκίας,

489 4565 615 4611 ante
643 4555 1020 4610 necessitatem
1050 4562 1144 4606 aut
1165 4553 1599 4621 persecutionem
1624 4552 1864 4622 aliquam
1887 4551 2066 4622 ﬂagel-

2192 4556 2350 4618 ἱείσας
2390 4554 2459 4607 τὰ
2488 4553 2774 4623 μέλλοντα,
2808 4553 2906 4606 καὶ
2935 4553 3356 4624 φιλαργυρίσας,
3381 4557 3446 4625 τῇ
3485 4557 3774 4629 προσὸολῇ

491 4651 860 4718 Iationemque
880 4687 894 4712 ,
926 4648 1132 4700 veritus
1165 4643 1377 4708 futura,
1408 4653 1464 4699 et
1488 4645 1774 4700 avaritiam
1803 4655 2059 4708 secutus,

2194 4645 2264 4698 ποῦ
2308 4645 2408 4714 τῆς
2459 4643 2748 4712 φιλαυτίας
2809 4642 3120 4711 πνεύματος
3173 4644 3359 4708 ἁλοὺς,
3415 4646 3508 4699 τὸν
3553 4649 3776 4720 Κύριον

489 4753 542 4798 et
566 4744 766 4810 impetu
794 4741 1020 4810 spiritus
1053 4739 1403 4808 semetipsum
1449 4738 1684 4792 amantis
1715 4746 1907 4806 captus
1927 4774 1944 4801 ,
1972 4737 2064 4791 de-

2191 4737 2398 4790 ιπέὀοτο
2434 4735 2633 4798 Ἰούδας
2659 4735 2687 4787 6
2743 4733 3122 4805 Ἰσκαριώτης.
3160 4736 3318 4789 Κατὰ
3359 4737 3417 4789 δὲ
3450 4739 3543 4790 τὸν
3594 4742 3773 4794 αὑτὸν

491 4833 752 4898 claravit,
782 4833 874 4901 qui
907 4830 1196 4885 Dominum
1235 4830 1497 4884 vendidit.
1535 4829 1737 4884 Eodem
1769 4830 1910 4882 idem
1943 4845 2067 4898 pas-

2191 4829 2262 4882 ςοῦ
2296 4828 2503 4897 πάθους
2546 4826 2758 4898 καιρὸν,
2805 4825 2905 4895 τὴν
2947 4825 3210 4880 Βαλλίλαν
3260 4828 3470 4898 πτήξας
3522 4831 3551 4883 6
3599 4848 3773 4903 κορυ-

493 4924 663 4979 sionis
689 4933 950 4992 tempore,
977 4923 1070 4993 qui
1095 4923 1340 4976 Ballilam
1364 4921 1789 4984 extimescebat,
1819 4937 2072 4976 summus

2193 4924 2351 4990 paiog,
2383 4921 2505 4992 τρὶς
2545 4919 2664 4991 μεθ’
2697 4919 2863 4989 ὅρκου
2893 4919 2985 4972 τὸν
3021 4919 3226 4991 Κύριον
3256 4921 3555 4990 ἠρνήσατο,
3597 4925 3650 4974 εἰ
3681 4928 3775 4978 καὶ

495 5017 585 5068 ille
640 5015 918 5084 apostolus
955 5023 1034 5067 ter
1073 5028 1199 5068 cum
1235 5011 1596 5082 jurejurando
1638 5009 1932 5064 Dominum
1975 5011 2073 5064 ab-

2193 5012 2330 5078 ιῦϐις
2356 5017 2420 5068 ἐκ
2453 5013 2562 5066 τῶν
2587 5013 2841 5084 δακρύων
2876 5014 3164 5084 ἐπήγαγεν
3200 5013 3461 5082 ἰατρείαν.
3497 5015 3614 5066 Καὶ
3647 5033 3775 5071 συν.

494 5103 738 5174 negavit,
767 5104 890 5158 licet
915 5118 1042 5157 mox
1066 5102 1436 5172 Iacrymarum
1461 5100 1788 5168 medicinam
1812 5099 2075 5153 adhibue-

2192 5108 2360 5160 ιλόντα
2409 5108 2596 5176 φάναι,
2647 5107 2744 5159 ἐπὶ
2775 5106 2867 5158 τὸν
2923 5105 3164 5159 σκόλοπα
3217 5104 3312 5156 τοῦ
3355 5106 3597 5177 σταυροῦ
3655 5127 3774 5179 φοι-

493 5197 582 5251 rit.
621 5194 797 5264 thue
823 5195 1136 5249 summatim
1167 5194 1352 5248 omnia
1389 5193 1568 5247 dicam
1591 5231 1607 5256 ,
1638 5191 1705 5246 ad
1733 5192 1916 5261 palum
1945 5206 2075 5246 crn-

2191 5200 2376 5263 :ti'mo;
2405 5199 2594 5266 αὑτοῦ,
2616 5197 2680 5251 τὸ
2704 5201 2803 5268 τῆς
2830 5197 3034 5260 δειλίας
3053 5196 3270 5266 πνεῦμα
3299 5198 3537 5269 ἐκραγὲν
3558 5199 3773 5266 αὑτοῖς,

493 5290 574 5342 eis
605 5288 724 5356 ipso
750 5297 946 5352 eunte,
983 5286 1210 5356 spiritus
1241 5285 1553 5340 timiditatis
1587 5285 1643 5338 in
1676 5284 1810 5354 ipsis
1841 5283 2068 5338 confra-

2196 5292 2388 5353 πάντας
2414 5289 2643 5360 δρασμῷ
2671 5287 2977 5360 χρήσασθαι
2997 5288 3377 5359 παρεσκεύασε
3405 5305 3418 5319 ο
3441 5290 3539 5342 καὶ
3562 5307 3778 5363 συγχω-

494 5391 648 5445 ctus,
681 5395 870 5434 omnes
905 5395 1008 5434 usu
1039 5378 1179 5448 iuga:
1214 5379 1323 5435 sibi
1363 5379 1652 5434 consulere
1696 5377 2070 5447 fecit,permi-

2195 5385 2269 5434 se?
2318 5380 2698 5450 ἀναιρεθῆναι,
2735 5382 2866 5452 πρὶν
2909 5377 3146 5451 κηρύξαι
3179 5379 3249 5432 τὰ
3280 5380 3409 5452 περὶ
3451 5380 3646 5434 αὑτοῦ.
3685 5385 3777 5436 Διὸ

497 5473 674 5542 sitque
727 5473 878 5542 prius
915 5472 1094 5540 ipsum
1129 5471 1356 5527 intertiei
1378 5512 1392 5538 ,
1421 5485 1586 5540 quam
1623 5469 1978 5540 praedicarent
2010 5484 2072 5523 ea

2198 5471 2275 5525 ιαί
2318 5489 2451 5544 φησι
2496 5475 2609 5535 τοῖς
2649 5471 3028 5536 συλλαϐοῦσιν,
3065 5473 3132 5525 El
3175 5471 3280 5542 ἐμὲ
3308 5470 3556 5539 ζητεῖτε,
3589 5472 3780 5543 ἄφετε

577 5654 590 5682 ³
631 5649 760 5706 llcb.
789 5669 882 5713 vn,
907 5651 991 5706 l9.
1089 5654 1108 5682 ’
1142 5652 1203 5705 Ill
1239 5651 1461 5722 Βρεμι,
1495 5653 1574 5707 l2.
1611 5649 1649 5705 ll
1682 5651 1859 5704 Parui.
1891 5667 1927 5714 ι,
1967 5651 2048 5703 l'2.
2145 5652 2159 5681 ³

2193 5649 2288 5707 Job
2327 5669 2363 5717 ι,
2393 5653 2445 5707 8.
2554 5652 2572 5682 ⁸
2606 5650 2776 5706 Exod.
2813 5666 3008 5716 χχχιιι,
3035 5649 3121 5704 12.
3221 5651 3243 5682 ⁵
3269 5649 3458 5703 Matth.
3525 5665 3643 5713 nt,
3682 5653 3775 5708 '28.

577 5814 652 5886 (8)
687 5815 838 5884 Πρὸς
870 5815 1157 5884 ἅπαντας.
1197 5815 1504 5891 Legendum
1551 5816 1694 5888 παρὰ
1730 5817 1934 5881 πάντας
1975 5815 2152 5888 conjic

2136 5816 2197 5872 cit
2229 5816 2534 5874 Cotelcrius
2581 5815 2818 5872 Monum.
2851 5814 2978 5872 eccl.
3006 5811 3096 5869 Gr.
3127 5819 3260 5869 tom.
3301 5809 3390 5880 lli,
3428 5829 3553 5881 pag.
3587 5813 3718 5874 558.
