4006 6386
226 364 291 424 Η
306 367 366 421 ιο

231 481 481 543 τούτους
521 478 809 548 ὑπότειν-
850 479 1239 551 προγινώσκων
1281 480 1460 535 τοίνυν
1510 481 1689 535 αὐτῶν
1722 483 1814 535 τὸν

230 571 475 641 δραγμὸν
502 573 597 624 καὶ
624 571 714 624 τδν
748 572 929 636 σάλον,
962 573 1318 643 ὑποστηρίζει
1340 575 1535 636 αὑτοὺς
1560 577 1626 644 τῇ
1654 574 1817 643 ὲπαγ-

232 661 409 732 γελίᾳ,
450 663 544 715 καὶ
588 663 827 733 μερικῶς
861 668 1214 735 παραγυμνοῖ
1242 665 1428 735 αὐτὴν,
1471 665 1539 717 δι’
1570 664 1814 735 ἀμυδροῦ

233 755 293 806 τὸ
324 754 443 807 ὅλον
486 754 986 825 πιστοποιούμενος.
1019 756 1197 827 Ὅπερ
1231 756 1305 826 μὴ
1349 758 1720 827 χωρήσαντες,
1758 758 1817 809 ὲν

234 844 312 914 τῷ
362 845 592 916 παρόντι
646 846 885 911 ἁλόντες,
921 847 1013 899 ἐπὶ
1062 847 1161 912 τῆς
1211 847 1407 918 χέρσου
1458 848 1656 917 μικροῦ
1705 848 1817 901 δεῖν

236 936 579 1005 ὲχωνεύοντο.
614 938 983 1005 Παραλαϐὼν·
1012 939 1119 1008 γάρ
1156 939 1297 1006 μεθ’
1322 938 1392 1002 ἕξ
1436 937 1671 1007 ἡμερῶν
1703 938 1815 991 1Ιέ-

237 1042 379 1095 τρον
401 1028 496 1081 καὶ
532 1026 807 1081 Ἰάκωϐον
833 1028 931 1081 καὶ
961 1028 1247 1095 Ἰωάννην
1266 1029 1611 1097 ἐφ’ὐψηλῆς
1632 1031 1818 1096 ἀκρω-

230 1120 418 1187 ρείας,
444 1121 861 1190 μετεμορφώθη
886 1121 1226 1189 ἔμπροσθεν
1252 1123 1469 1185 αὐτῶν,
1494 1121 1592 1175 καὶ
1615 1123 1806 1189 ἐλαμ-

238 1213 321 1279 ψε
360 1210 426 1263 τὸ
479 1214 805 1280 πρόσωπον
835 1212 1021 1266 αὑτοῦ
1053 1214 1131 1278 ὡς
1159 1217 1190 1265 ό
1216 1212 1410 1278 ἣλιος,
1434 1213 1503 1265 τὰ
1527 1212 1594 1265 δὲ
1621 1212 1818 1281 ἱμάτια

239 1302 427 1355 αὐτοῦ
457 1298 536 1372 ἦν
559 1303 639 1368 ὡς
660 1303 723 1356 τὸ
747 1306 892 1371 φῶς,
927 1305 1092 1374 φησιν
1123 1305 1151 1355 ὁ
1183 1302 1324 1366 θεῖος
1350 1303 1647 1366 Ματθαῐος.
1700 1302 1816 1357 Ἐν-

239 1392 417 1447 ταῦθα
462 1390 554 1448 οὖν
593 1394 908 1457 ἐθεάσαντο,
954 1396 1058 1467 πρὸ
1094 1395 1189 1448 τοῦ
1225 1395 1457 1448 θανάτου
1493 1394 1815 1463 γεύσασθαι,

238 1486 329 1540 τὸν
381 1488 506 1540 Υίὸν
532 1488 625 1542 τοῦ
674 1489 962 1561 ἀνθρώπου
1012 1491 1071 1541 ὲν
1122 1492 1188 1559 τῇ
1225 1489 1350 1560 δόξῃ
1402 1489 1596 1553 αὑτοῦ,
1634 1488 1817 1551 καθὼς

241 1580 497 1651 ἀνωτέρω
526 1581 710 1644 αὑτοῖς
738 1581 1123 1649 ἐπηγγείλατο.
1160 1580 1376 1651 Καίπερ
1407 1581 1466 1634 οὑ
1508 1580 1687 1651 γυμνὴ
1715 1596 1818 1647 φα-

238 1673 391 1725 νεῖσα
419 1672 450 1741 ὴ
480 1670 693 1742 θεότης,
720 1671 835 1725 ἀλλ’
865 1672 1120 1743 ἡνωμένη
1142 1674 1256 1735 τοῖς
1280 1671 1589 1743 ἡμετέροις,
1615 1672 1693 1732 εἰς
1714 1671 1817 1740 γῆν

239 1761 433 1823 αὐτοὺς
482 1760 743 1813 κατέϐαλε
769 1759 846 1831 τῷ
883 1762 1130 1831 ἀστέκτῳ
1162 1761 1260 1831 τῆς
1295 1760 1489 1829 ὅψεως,
1541 1758 1811 1813 παιδεύων

239 1851 457 1915 αὐτοὺς,
489 1851 564 1914 ὡς
605 1854 653 1904 εἰ
692 1851 942 1904 ἐϐούλετο
1002 1852 1236 1922 Χριστὸς
1278 1851 1582 1921 φαίνεσθαι,
1631 1849 1812 1914 καθὼς

240 1940 472 2009 πέφυκε,
504 1943 681 1995 πάντα
706 1941 876 2013 ἄρδην
895 1942 1211 2013 ὲχωνεύετο,
1232 1943 1501 2013 ἀχωρήτῳ
1519 1940 1822 2011 ὅψειρίονεὶ

240 2032 407 2102 κηρὸς
436 2032 695 2102 ὲγγύτητι
728 2035 919 2104 πυρὸς,
965 2034 1263 2105 τηκόμενα.
1296 2032 1617 2104 Παρέστησε
1642 2032 1687 2085 δ’
1721 2032 1818 2084 αὑ-

238 2125 350 2185 τοῖς
381 2124 584 2193 Μωσῆν
614 2127 723 2178 καὶ
766 2125 975 2188 Ἠλίαν,
1002 2126 1127 2188 τοὺς
1155 2124 1249 2177 δύο
1285 2124 1391 2177 τῶν
1431 2124 1654 2177 δικαίων
1683 2122 1821 2193 ὑψη-

240 2212 365 2275 λοὺς
393 2214 721 2285 ἀκρωτῆρας
749 2215 1142 2279 συλλαλοῦντας
1160 2230 1173 2243 ·
1202 2216 1413 2280 δεικνὺς
1439 2217 1500 2270 οὑ
1529 2216 1687 2287 μόνον
1714 2216 1821 2270 τῶν

242 2306 499 2374 ἐπιγείων
529 2307 833 2376 δεσπόζειν,
874 2309 988 2363 ἀλλ’
1042 2310 1141 2381 ἤδη
1187 2310 1281 2363 καὶ
1316 2309 1425 2364 τῶν
1458 2309 1821 2381 ὑποχθονίων·

247 2400 343 2453 καὶ
381 2401 455 2471 μὴ
484 2402 643 2472 μόνον
681 2402 1073 2475 τεθρημέρους,
1109 2404 1184 2469 ὡς
1206 2404 1298 2459 τὸν
1328 2403 1602 2475 Λάζαρον,
1632 2404 1664 2475 ἢ
1696 2401 1828 2457 αὑθ-

244 2491 503 2561 ημὲρους,
530 2491 606 2556 ὡς
650 2493 741 2548 τὸν
773 2495 939 2548 παῖδα
964 2496 1062 2565 τῆς
1103 2498 1299 2566 χήρας,
1327 2496 1464 2550 ἀλλά
1493 2496 1587 2550 καὶ
1616 2495 1830 2566 χιλιων-

245 2583 421 2646 τώτας
453 2583 526 2655 (9)
568 2586 818 2657 νεκροὺς,
867 2586 963 2640 καὶ
994 2589 1119 2651 τοὺς
1144 2588 1238 2641 ἀπ’
1272 2587 1468 2651 αἰῶνος
1501 2587 1829 2659 φθαρέντας.

248 2677 339 2729 καὶ⁸
387 2677 546 2747 μέχρι
580 2678 754 2741 κόνιος
798 2678 1081 2743 λυθέντας,
1120 2681 1501 2751 προστάγματι
1545 2681 1825 2751 παριστᾷν

257 2770 439 2841 ἑαυτῷ
466 2770 672 2835 ζῶντας
699 2771 795 2825 καὶ
813 2772 1155 2843 ἐρρωμένους
1172 2765 1282 2835 οἷός
1312 2790 1390 2826 τε.
1417 2774 1568 2825 Ποιεῖ
1581 2772 1639 2826 δὲ
1664 2772 1836 2825 ταῦτα

248 2860 355 2929 πρό
398 2862 490 2915 τοῦ
539 2862 745 2925 πάθους
778 2863 873 2915 καὶ
904 2862 1002 2932 τῆς
1034 2863 1402 2927 ἀναστάσεως,
1442 2863 1724 2935 παριστῶν
1761 2863 1837 2935 μὴ

245 2953 355 3006 ἀπὸ
385 2955 590 3008 τούτων
624 2950 735 3008 οἷον
767 2956 833 3009 δι’
864 2956 1141 3026 ὑπομονῆς
1175 2956 1268 3007 καὶ
1314 2956 1567 3027 ἀνδρείας
1595 2956 1834 3021 τιθέντα,

249 3044 353 3098 ὑπὸ
381 3044 471 3098 τοῦ
503 3047 716 3118 [ἰατρὸς
746 3046 889 3117 ἔχειν
938 3049 1032 3100 καὶ⁵
1078 3047 1140 3099 τὺ
1174 3045 1318 3099 κατὰ
1361 3047 1581 3099 πάντων
1627 3046 1829 3117 κράτος

246 3138 520 3209 ἀόριστον,
555 3140 649 3193 καὶ
694 3139 1040 3205 αὑτεξούσιος
1068 3138 1335 3210 ὑπάρχειν
1383 3138 1563 3202 αὑτός.
1602 3137 1693 3191 Διὸ
1738 3139 1832 3192 καὶ

252 3228 619 3299 ὲτεροτρόπως
651 3228 894 3299 ἀλλήλων
919 3229 1009 3281 τὸν
1051 3228 1163 3297 βίον
1204 3229 1544 3299 άμείψαντας
1587 3232 1829 3302 παριστᾷ

247 3320 445 3389 ἑαυτῷ,
477 3320 690 3383 δεικνὺς
718 3320 780 3373 τὸ
812 3321 919 3391 πρὸ
941 3319 1113 3389 τάφου
1153 3321 1247 3373 καὶ
1275 3320 1645 3385 ἀναστάσεως,
1685 3320 1824 3383 ζών-

249 3429 353 3466 τνυν
384 3412 474 3465 καὶ
521 3412 729 3483 νεκρῶν
776 3413 1077 3484 κυριεύειν·
1130 3412 1337 3467 Μωσέα
1388 3413 1486 3482 μὲν
1533 3412 1610 3483 τῷ
1664 3413 1825 3484 κοινῷ

251 3492 435 3555 πᾶσιν
458 3502 672 3572 θανάτῳ
712 3504 813 3574 ήδη
854 3504 945 3557 τοῦ
978 3504 1093 3574 βίου
1122 3502 1457 3573 ἀπαγαγών·
1503 3504 1691 3558 Ἠλίαν
1721 3523 1825 3557 πυ⁴

252 3595 382 3664 ρίνῳ
414 3594 700 3665 τεθρίππῳ
729 3595 889 3648 οἱονεὶ
920 3596 1000 3658 είς
1039 3595 1323 3666 οὐρανοὺς,
1372 3596 1429 3647 ὲν
1471 3595 1688 3667 ἀοράτῳ
1728 3596 1827 3665 τῆς

252 3686 450 3757 χέρσου
483 3688 834 3757 μεταστήσας
874 3686 1039 3753 τόπῳ·
1072 3688 1164 3739 τὸν
1208 3687 1306 3758 μὲν
1338 3688 1401 3740 ἐκ
1428 3686 1535 3739 τῶν
1565 3685 1829 3757 καταχθο-

252 3778 378 3831 νίων
421 3778 643 3847 ἀγαγών
665 3796 681 3812 ο
723 3779 816 3831 τὸν
843 3778 901 3832 δὲ
930 3780 993 3831 ὲκ
1032 3779 1130 3849 τῆς
1162 3779 1568 3850 ὑποδεξαμένης
1612 3777 1828 3843 ζώντων

252 3870 435 3941 χώρας
466 3872 719 3938 καλέσας,
756 3872 814 3924 ὲν
849 3874 982 3943 ῥιπῇ
1023 3872 1305 3943 ὀφθαλμοῦ
1339 3872 1517 3943 ἐαυτῷ
1550 3872 1828 3943 παρέστη-

257 3979 367 4016 σεν.
405 3964 527 4015 Ἕτι
560 3958 616 4012 δὲ
655 3961 840 4017 αὐτοῦ
866 3963 1330 4030 συλλαλοῦντος
1350 3966 1575 4031 αὐτοῖς,
1608 3965 1771 4036 φησὶν
1802 3969 1830 4020 ό

257 4056 427 4124 μέγας
448 4055 745 4121 Ματθαῖος,
766 4055 863 4108 καὶ
890 4053 1018 4109 ἰδοὺ
1038 4055 1266 4125 νεφέλῃ
1283 4056 1538 4125 φωτεινὴ
1560 4057 1831 4111 ἐπεσκία-

254 4163 367 4199 σεν
400 4146 625 4213 αὐτοῖς,
663 4147 762 4199 καὶ
803 4146 972 4215 φωνὴ
1015 4147 1254 4217 ἐγένετο
1301 4149 1371 4201 ἐκ
1418 4148 1528 4217 τῆς
1570 4148 1832 4219 νεφέλης

254 4238 542 4307 λέγουσα,
579 4234 767 4304 Οὗτός
803 4239 973 4293 ἐστιν
998 4242 1031 4293 ό
1064 4241 1193 4305 Υἱός
1217 4258 1336 4309 μου
1360 4241 1691 4310 ἀγαπητὸς,
1719 4244 1827 4295 αὺ-

257 4332 363 4385 τοῦ
391 4332 638 4385 ἀκούετε
661 4348 675 4361 ·
715 4330 808 4384 τοῦ
841 4331 898 4384 δὲ
930 4332 1144 4403 Πατρὸς
1174 4333 1261 4387 διὰ
1306 4333 1406 4403 τῆς
1433 4334 1665 4406 νεφέλης
1689 4334 1833 4387 οὑτω

259 4422 700 4491 παρεγγυῶντος,
748 4420 940 4474 θᾶττον
993 4423 1040 4474 οἱ
1077 4424 1174 4492 μὲν
1224 4422 1333 4475 τῶν
1379 4423 1679 4477 θεσπεσίων
1724 4424 1833 4477 ἀπ-

256 4511 490 4583 ᾤχοντο·
523 4513 571 4564 οί
601 4512 657 4565 δὲ
685 4513 1029 4577 πεπτώκασι,
1068 4517 1132 4584 τῇ
1168 4513 1416 4585 ἀστέκτῳ
1444 4518 1590 4585 φωνῇ
1627 4515 1832 4585 μύσαν-

259 4621 369 4667 τες,
404 4605 469 4657 ἵν’
500 4605 527 4656 ὁ
552 4605 722 4667 ἑστὼς
746 4606 840 4657 ἐπὶ
873 4607 1150 4675 σχήματος
1179 4606 1335 4675 μόνος
1366 4609 1506 4677 φανῇ
1540 4608 1674 4669 Παῖς
1702 4610 1835 4677 γνή-

261 4712 395 4757 σιος,
424 4696 722 4764 ἀγαπητὸς.
747 4696 1053 4766 όμοούσιος,
1088 4696 1398 4767 θαρσαλέως
1433 4698 1729 4768 συνομιλῶν
1760 4698 1837 4767 τῷ

261 4787 456 4857 Πατρί.
508 4786 633 4840 Ἐπὶ
666 4786 772 4857 γὰρ
804 4787 951 4842 θείου
985 4788 1077 4842 καὶ
1102 4788 1377 4857 βασιλικοῦ
1410 4790 1670 4842 σιλεντίου
1711 4794 1837 4853 τοὺς

262 4876 360 4945 μὲν
402 4876 751 4947 θεραπόντων
788 4878 1139 4948 ἀποίχεσθαι,
1184 4881 1309 4941 τοὺς
1355 4880 1413 4932 δὲ
1445 4880 1839 4949 κατεποιχότας

263 4973 599 5041 παραμένειν
656 4974 750 5027 καὶ
794 4978 1023 5046 σιωπᾷν,
1072 4978 1235 5046 τιμᾷν
1274 4977 1335 5029 τὸ
1384 4976 1665 5029 σιλέντιον.
1720 4979 1834 5031 Οὑκ

261 5065 554 5132 ἐγεύσαντο
569 5066 749 5119 τοίνυν
778 5065 1009 5119 θανάτου
1028 5067 1077 5120 οἱ
1103 5066 1197 5119 τοῦ
1219 5069 1425 5137 Κυρίου
1458 5068 1708 5138 φοιτηταί
1729 5069 1835 5132 ἕως

259 5157 324 5209 ἀν
355 5154 496 5209 εἶδον
539 5157 629 5210 τὸν
669 5156 795 5209 Υίὸν
823 5155 918 5211 τοῦ
954 5157 1243 5229 ἀνθρώπου
1274 5160 1334 5211 ὲν
1363 5162 1428 5228 τῇ
1478 5158 1603 5232 δόξῃ
1648 5158 1833 5224 αὑτοῦ,

257 5251 357 5319 οὑχ
382 5249 457 5313 ὼς
482 5245 573 5321 ἦν,
602 5248 716 5302 ἀλλ’
746 5249 821 5314 ὠς
854 5249 1123 5320 ἐχώρουν·
1158 5250 1248 5303 καὶ
1290 5250 1461 5303 ταῦτα
1492 5253 1640 5322 τρεῖς
1683 5252 1835 5321 μόνοι

261 5342 308 5391 οἱ
341 5338 783 5412 διορατικώτεροι
826 5340 921 5393 καί¹
963 5341 1245 5410 ἀμείνονες
1290 5340 1383 5394 τοῦ
1430 5341 1655 5394 θιάσου·
1705 5343 1837 5411 φησὶ

260 5432 369 5502 γὰρ
393 5432 422 5483 ό
456 5431 685 5500 Κύριος,
724 5432 863 5485 Εἰσί
902 5449 1063 5497 τινες
1091 5431 1211 5485 τῶν
1247 5426 1354 5486 ὦδε
1398 5434 1690 5500 ἑστώτων,
1719 5436 1839 5505 οὐχὶ

263 5525 482 5587 πάντες,
520 5525 737 5587 οἵτινες
774 5526 846 5578 οὐ
889 5523 975 5592 μὴ
1026 5525 1346 5593 τεύσονται
1389 5526 1669 5592 θανάτου,
1728 5527 1838 5594 ἕως

264 5615 430 5667 locum
463 5616 921 5683 τὴνβασιλειαν
943 5618 1046 5671 τοῦ
1076 5618 1245 5685 Θεοῦ,
1269 5620 1334 5689 ἦν
1365 5619 1617 5691 ἀμυδρῶς
1644 5619 1838 5673 θεασά-

1629 367 1970 424 DIALOGUS
2011 370 2095 426 Ill.

3371 367 3504 423 Ιῐῖἓθ

1919 500 2042 552 quae
2071 485 2249 554 ipsum
2276 485 2700 540 conccrnebant.
2742 481 2870 537 Ideo
2904 493 2956 537 et
2989 482 3074 535 his
3114 480 3206 550 qui
3248 495 3502 549 compre-

1919 576 2227 630 hendebant
2255 578 2431 645 ipsum
2454 615 2469 637 ,
2500 576 2676 645 inquit
2700 593 2714 630 :
2743 575 2802 630 Si
2834 592 2914 628 me
2938 576 3173 643 qum-itis
3192 614 3206 635 ,
3232 574 3388 626 sinite
3409 575 3501 626 hoc

1916 668 2063 721 abire
2086 668 2125 722 '.
2152 667 2385 721 Proinde
2411 684 2533 721 cum
2562 668 2841 736 praesciret
2868 666 3108 735 ipsorum
3136 664 3498 730 perturbatio-

1918 776 2039 814 nem
2070 760 2613 829 ﬂuetuationemque,
2640 759 2899 813 obﬁrmat
2926 758 3075 827 ipsos
3104 756 3499 826 promissione,

1917 868 2145 921 eamque
2172 868 2238 905 ex
2264 861 2416 921 parte
2437 851 2675 905 denudat
2696 894 2709 915 ,
2736 851 2803 905 de
2832 858 2941 903 tota
2973 848 3303 918 perobscure
3342 844 3499 899 fidem

1919 942 2123 998 faciens
2156 961 2168 996 :
2206 944 2364 1012 cujus
2400 944 2453 997 in
2488 942 2777 1012 praesentia
2809 957 2936 995 cum
2980 956 3087 994 non
3129 948 3311 993 essent
3344 952 3505 1005 capa-

1917 1050 2010 1090 ces
2032 1075 2045 1099 ,
2085 1036 2139 1089 in
2173 1044 2375 1091 terram
2414 1034 2808 1105 propemodum
2844 1040 3018 1087 semet
3052 1032 3323 1085 abtlebant
3353 1048 3365 1082 :
3404 1028 3505 1081 As-

1916 1130 2138 1196 sumptis
2176 1130 2322 1183 enim
2362 1138 2478 1198 post
2519 1142 2611 1181 sea:
2650 1126 2778 1197 dies.
2802 1126 2964 1180 Petro
3003 1136 3052 1179 et
3093 1124 3292 1177 Jacobo
3326 1130 3374 1175 et
3403 1120 3505 1174 Jo-

1920 1238 2056 1275 anne
2100 1224 2154 1274 in
2201 1224 2371 1274 altum
2413 1223 2604 1274 montis
2649 1222 2934 1282 verticem,
2975 1219 3390 1285 transformatus
3427 1222 3507 1267 est

1920 1331 2098 1368 raram
2140 1316 2303 1382 ipsis,
2342 1313 2707 1383 splenduitque
2748 1313 2912 1381 facies
2950 1312 3064 1379 ejus
3102 1311 3237 1363 sicut
3269 1309 3381 1373 sol,
3417 1324 3504 1361 ve-

1918 1407 2169 1459 stimenta
2210 1415 2385 1457 autem
2425 1406 2539 1474 ejus
2584 1414 2733 1458 erant
2776 1406 2914 1458 sicut
2953 1404 3046 1456 lux
3072 1444 3086 1468 ,
3133 1402 3310 1469 inquit
3347 1400 3508 1454 divus

1900 1498 2011 1563 ille
2070 1496 2357 1551 Matthacus
2393 1498 2434 1549 ⁷.
2496 1497 2595 1553 llic
2654 1497 2819 1566 igitur
2877 1504 3173 1565 antequam
3225 1500 3509 1562 gustarent

1922 1597 2183 1649 mortem,
2245 1594 2649 1653 conspexerunt
2692 1585 2889 1638 Filium
2941 1583 3182 1638 hominis
3223 1583 3277 1635 in
3333 1582 3506 1650 gloria

1922 1694 2052 1740 sua,
2094 1679 2236 1732 sicut
2275 1678 2409 1745 ipsis
2449 1687 2607 1731 antea
2651 1677 3000 1745 promiserat.
3040 1675 3117 1729 Ac
3151 1674 3365 1728 tametsi
3400 1689 3507 1727 non

1927 1770 2241 1840 apparuerit
2276 1769 2421 1823 nuda
2461 1769 2755 1835 divinitas,
2796 1768 2889 1822 sed
2933 1768 3083 1821 unita
3117 1765 3375 1820 membris
3409 1780 3510 1818 no-

1921 1864 2092 1921 stris.
2147 1862 2200 1915 in
2258 1872 2457 1915 terram
2517 1868 2697 1914 tamen
2755 1860 2905 1929 ipsos
2950 1860 3147 1929 dcjecit
3180 1857 3509 1912 intolerabili

1918 1955 2102 2009 vultus
2134 1952 2455 2023 splendore,
2491 1952 2697 2006 docens
2728 1952 2907 2021 ipsos,
2956 1951 3103 2021 quod
3151 1953 3195 2005 si
3241 1952 3511 2005 voluissrt

1919 2046 2177 2103 Christus
2221 2058 2485 2113 apparere
2519 2044 2663 2097 sicut
2692 2052 2805 2106 est,
2840 2044 3024 2096 omnia
3075 2057 3301 2112 prorsus
3350 2042 3512 2095 colli—

1922 2134 2173 2207 quefacta
2210 2133 2486 2197 fuissent,
2522 2134 2587 2188 ad
2632 2132 3203 2202 comprehendendum
3247 2132 3510 2185 intolera-

1923 2228 2017 2283 bili
2048 2236 2269 2296 aspectu
2292 2266 2306 2291 ,
2343 2225 2521 2278 instar
2552 2239 2694 2279 certe
2724 2223 3131 2293 prepiuquitate
3162 2223 3511 2291 solis,lique-

1926 2315 2154 2372 sccntia.
2190 2313 2454 2367 Exhibuit
2485 2322 2666 2367 autem
2694 2313 2779 2367 eis
2805 2311 3009 2367 Mosem
3042 2322 3095 2367 et
3129 2311 3304 2366 Eliam
3330 2352 3343 2376 ,
3372 2314 3514 2366 duos

1930 2407 2048 2461 illos
2071 2405 2308 2461 eximios
2327 2404 2603 2475 justorum
2629 2418 2885 2473 proceres
2907 2419 3091 2458 secum
3118 2404 3513 2472 colloquentes,

1929 2499 2227 2554 ostendens
2263 2512 2322 2552 se
2360 2511 2469 2551 non
2511 2498 2674 2552 modo
2715 2512 2880 2566 super
2920 2505 3152 2559 terram,
3191 2495 3283 2549 sed
3319 2504 3373 2548 et
3401 2494 3515 2564 jam

1932 2590 2036 2645 sub
2067 2598 2209 2644 terra
2238 2588 2557 2643 constitutis
2588 2588 2891 2642 dominari:
2917 2596 2970 2641 et
3002 2600 3111 2639 non
3145 2594 3352 2639 tantum
3380 2601 3516 2655 qua-

1936 2682 2148 2748 triduo,
2187 2688 2247 2736 ut
2287 2680 2596 2742 Lazarum,
2637 2689 2733 2734 aut
2769 2679 2959 2734 eodem
3001 2678 3089 2732 die
3129 2686 3377 2733 mortuos
3402 2718 3416 2739 ,
3459 2686 3521 2732 ut

1936 2774 2107 2828 lilium
2148 2772 2366 2827 viduas:
2408 2772 2503 2827 sed
2539 2771 2703 2825 etiam
2744 2778 2873 2823 ante
2923 2769 3071 2823 mille
3103 2784 3279 2823 armos
3310 2769 3519 2823 exstin-

1937 2877 2086 2930 ctos,
2109 2873 2161 2919 et
2181 2878 2277 2919 eos
2301 2864 2395 2933 qui
2419 2879 2449 2917 a
2477 2863 2680 2918 sazculo
2704 2862 3033 2915 interierunt
3061 2870 3115 2914 et
3148 2860 3201 2913 in
3233 2860 3516 2929 pulverem

1941 2958 2103 3013 soluti
2130 2965 2293 3020 sunt,
2328 2954 2587 3009 mandato
2617 2968 2718 3008 suo
2747 2966 2931 3006 coram
2963 2966 3021 3005 se
3054 2950 3250 3005 sistere
3283 2951 3436 3004 vivos
3466 2962 3521 3003 et

1944 3050 2185 3103 valentes
2214 3062 2394 3117 posse.
2429 3044 2580 3099 Facit
2610 3055 2793 3098 autem
2829 3044 2931 3096 ista
2966 3050 3091 3095 ante
3127 3040 3436 3110 passionem
3466 3054 3521 3093 et

1941 3139 2399 3195 resurrectionem
2423 3177 2438 3200 ,
2470 3136 2860 3191 demonstrans
2893 3149 3000 3187 non
3034 3133 3176 3188 istud
3210 3148 3269 3187 se
3297 3147 3392 3200 per
3425 3146 3521 3201 pa-

1941 3232 2185 3286 tientiam
2223 3240 2277 3283 et
2316 3227 2692 3282 fortitudinem
2735 3234 3001 3295 tanquam
3042 3222 3360 3278 testimonio
3393 3237 3519 3291 pro-

1936 3324 2120 3378 batum
2146 3338 2174 3375 a
2201 3320 2357 3375 Patre
2386 3319 2585 3374 habere
2620 3320 2672 3371 in
2704 3318 2890 3372 omnia
2922 3316 3211 3385 imperium
3236 3358 3249 3380 ,
3281 3315 3373 3368 sed
3400 3330 3523 3383 pru-

1935 3415 2065 3484 pria:
2095 3412 2380 3483 potestatis
2414 3426 2554 3466 esse.
2594 3409 2722 3463 Ideo
2764 3409 3000 3464 diversis
3031 3406 3207 3460 modis
3228 3448 3242 3470 ,
3278 3414 3331 3459 et
3360 3404 3520 3458 aliter

1933 3517 2096 3577 atque
2150 3506 2307 3559 aliter
2346 3504 2453 3557 vita
2493 3501 2782 3556 defunctus
2835 3500 2937 3555 sibi
2994 3499 3177 3563 sistit,
3223 3494 3521 3550 ostendens

1935 3609 2060 3653 ante
2090 3598 2424 3667 sepulturam
2455 3604 2509 3649 et
2539 3593 3003 3647 resurrectionem
3038 3605 3098 3646 se
3124 3589 3263 3644 vivis
3289 3596 3342 3641 et
3374 3603 3521 3640 mor-

1936 3693 2047 3747 tuis
2087 3692 2390 3760 imperare,
2432 3687 2526 3756 qui
2564 3685 2770 3739 Mosem
2813 3685 3034 3755 quidem
3074 3680 3355 3738 communi
3397 3696 3520 3733 om-

1938 3784 2098 3838 nibus
2124 3790 2301 3835 morte
2329 3780 2396 3835 de
2428 3779 2533 3832 vita
2564 3779 2899 3841 sustulisset,
2931 3774 3101 3828 Eliam
3134 3781 3311 3826 autem
3341 3770 3521 3839 igneis

1937 3875 2221 3943 quadrigis
2243 3873 2389 3929 velut
2419 3872 2473 3925 in
2506 3870 2676 3926 caelos
2701 3874 2766 3922 ad
2798 3866 3123 3922 invisibilem
3159 3874 3315 3917 terrae
3339 3862 3518 3915 locum

1939 3962 2360 4037 transtulisset;
2397 3959 2550 4013 illum
2591 3958 2810 4027 quidem
2852 3956 2919 4009 ab
2960 3953 3148 4008 inferis
3186 3953 3511 4013 reductum,

1939 4055 2087 4109 hunc
2124 4063 2303 4108 autem
2343 4067 2409 4105 ex
2453 4050 2753 4104 viventium
2794 4049 3015 4118 regione
3050 4061 3170 4115 quae
3202 4044 3306 4098 illis
3338 4042 3518 4097 susci-

1941 4145 2152 4217 piendis
2198 4145 2454 4214 deputata
2488 4153 2607 4205 est,
2639 4148 2893 4195 vocatum
2915 4181 2929 4205 ,
2968 4141 3021 4191 in
3057 4138 3200 4191 oculi
3237 4143 3521 4190 momento

1939 4242 2008 4296 ad
2032 4256 2090 4296 se
2119 4241 2331 4296 statuit.
2360 4240 2546 4293 Adhuc
2576 4247 2756 4293 autem
2785 4238 2899 4307 ipso
2927 4235 3251 4304 colloquenle
3274 4250 3393 4286 cum
3415 4233 3516 4293 eis,

1947 4332 2125 4400 inquit
2174 4347 2406 4403 magnus
2451 4332 2539 4385 ille
2593 4331 2913 4391 Matthzeus,
2971 4344 3087 4381 ecce
3126 4327 3287 4380 nubes
3339 4324 3520 4378 lucida

1941 4423 2269 4477 obumbravit
2302 4424 2439 4491 ipsos
2463 4463 2477 4486 ,
2509 4432 2557 4475 et
2583 4438 2611 4475 ε
2641 4421 2774 4475 nube
2800 4436 2897 4474 vox
2925 4418 3112 4472 audita
3151 4428 3226 4471 est
3246 4457 3261 4481 ,
3290 4417 3470 4469 dicem
3501 4431 3518 4468 .'

1946 4516 2047 4569 llic
2077 4525 2151 4569 est
2183 4515 2358 4568 Filius
2386 4531 2529 4568 naeus
2560 4514 2783 4567 dilectus
2812 4554 2829 4577 ,
2863 4514 3036 4581 ipsum
3062 4512 3243 4564 audite
3273 4511 3314 4565 ⁸.
3352 4509 3520 4563 Porro

1938 4607 2101 4662 Patre
2136 4623 2231 4676 per
2263 4608 2457 4661 nubem
2496 4607 2566 4659 ita
2599 4606 2894 4659 mandante
2916 4646 2931 4669 ,
2962 4620 3090 4657 mox
3131 4604 3207 4657 illi
3248 4603 3350 4656 viri
3392 4617 3520 4656 san-

1935 4704 2005 4756 cti
2030 4702 2401 4756 discesserunt
2428 4719 2441 4766 ;
2471 4701 2561 4769 qui
2593 4715 2721 4753 vero
2744 4699 2846 4753 sub
2871 4697 3195 4751 intolerabili
3220 4697 3363 4750 nube
3388 4711 3511 4750 sese

1945 4790 2376 4854 occultaverant,
2393 4788 2639 4843 fecerunt
2667 4797 2725 4841 ut
2748 4789 2841 4856 qui
2866 4789 3046 4842 stabat
3080 4789 3526 4853 transiet-matus,

1946 4881 2098 4937 solus
2132 4887 2417 4950 appareret
2446 4876 2618 4931 Filius
2643 4877 2732 4932 ille
2762 4893 3055 4947 germanus
3076 4917 3091 4940 ,
3110 4876 3366 4941 dilectus,
3393 4892 3529 4932 cou-

1946 4971 2481 5033 substantialis,cum
2502 4970 2701 5024 fiducia
2720 4986 2844 5023 cum
2866 4968 3026 5025 Patre
3042 4968 3525 5037 col!oquens.Nam

1947 5065 2014 5120 ad
2035 5065 2279 5120 divinum
2299 5071 2351 5119 et
2375 5065 2553 5133 regale
2571 5063 2848 5116 silentium
2876 5063 3235 5118 conveniebat
3253 5064 3391 5118 alios
3407 5067 3530 5132 qui-

1945 5159 2067 5215 dem
2086 5158 2415 5212 famulorunt
2438 5156 2717 5221 secedere;
2736 5156 3001 5211 adductos
3023 5165 3203 5209 autem
3228 5157 3525 5224 prazterire,

1942 5261 1997 5307 et
2016 5261 2198 5305 tacere
2219 5260 2381 5320 atque
2416 5249 2661 5303 venerari
2693 5250 2996 5304 silentium.
3019 5248 3137 5302 Non
3164 5258 3527 5319 gustaverunt

1944 5358 2075 5413 ergo
2119 5351 2345 5397 mortem
2379 5342 2585 5396 Christi
2618 5340 2908 5410 discipuli,
2944 5342 3119 5396 donec
3155 5342 3409 5396 viderunt
3438 5343 3528 5397 Fi-

1946 5435 2077 5489 lium
2097 5434 2335 5488 hominis
2354 5434 2405 5485 in
2426 5432 2596 5503 gloria
2620 5450 2739 5494 sua.
2767 5451 2874 5488 non
2904 5443 2962 5488 ιιι
2983 5442 3121 5499 erat,
3146 5434 3239 5489 sed
3270 5446 3326 5488 ut
3347 5434 3523 5504 capie-

1946 5527 2114 5585 bant,
2148 5527 2308 5595 idque
2344 5533 2455 5579 tres
2505 5533 2717 5579 tantum
2758 5542 2822 5579 ex
2866 5534 3013 5579 cu'lu
3058 5541 3217 5582 sacro
3255 5526 3525 5597 perspica-

1946 5620 2125 5673 ciorcs
2156 5629 2202 5672 et
2232 5621 2655 5689 pra‘staut‘orcs.
2688 5616 2866 5688 inquit
2886 5620 3030 5675 enim
3058 5618 3320 5676 Dominus
3347 5640 3360 5676 :
3391 5618 3526 5674 Sunt

340 5754 359 5783 ⁸
395 5752 550 5807 Joan.
578 5768 730 5819 xvm,
761 5753 813 5805 8.
892 5754 911 5785 ⁷
938 5751 1127 5807 Matth.
1170 5768 1303 5816 xvii,
1345 5752 1390 5817 l,
1428 5752 1485 5808 2.
1558 5754 1578 5783 ³
1609 5752 1794 5807 Matth.
1834 5768 1965 5815 xm.
1995 5753 2047 5806 5’.

343 5865 417 5939 (9)
459 5866 881 5935 Χιιζιωντῶτας.
932 5867 1043 5935 Sic,
1096 5883 1191 5939 pro
1237 5867 1507 5937 χιλιετεῖς,
1547 5868 1630 5925 vel
1682 5868 1941 5939 χιλιέτας.
1975 5870 2130 5925 Eutr.
