4006 6386
573 354 704 412 U3!

572 468 790 538 quidam
827 467 910 522 hic
938 471 1229 538 stantium,
1274 487 1386 526 non
1429 487 1659 537 omnes,
1691 474 1783 543 qui
1822 491 1927 528 non
1969 491 2153 546 gusta-

570 561 700 612 bunt
730 569 981 626 mortem,
1013 562 1174 616 donec
1197 563 1427 618 uiderint
1454 579 1672 633 regnum
1700 563 1838 618 Dei’
1866 584 1879 620 :
1911 582 2022 636 quo
2047 566 2150 620 ob-

571 665 735 704 scure
783 659 994 706 tantum
1033 653 1152 708 viso
1190 655 1588 724 propemodum
1623 655 1788 710 vitam
1823 659 2148 711 amiserunt.

571 740 809 795 Joannes
849 742 1014 812 igitur
1049 754 1104 799 et
1142 760 1335 800 omnes
1383 746 1617 815 apostoli
1641 786 1656 810 ,
1686 756 1742 802 et
1792 750 2072 818 propheta:
2121 765 2153 804 e

574 834 682 885 vita
727 845 1083 888 excesserunt
1129 846 1325 906 praeter
1365 833 1649 890 Enoclium
1700 848 1754 892 et
1803 836 2010 903 Eliam,
2056 841 2152 908 qui

570 925 671 977 soli
705 925 885 979 adhuc
919 928 972 980 in
1023 943 1188 982 carne
1231 941 1355 982 esse
1400 927 1779 997 perhibentur,
1827 931 1990 1000 paulo
2029 940 2151 1000 post

569 1016 733 1068 etiam
769 1017 873 1086 ipsi
910 1018 1292 1074 interﬁciendi.

941 1107 1462 1167 INTERROGATIO
1499 1108 1789 1165 CLXXIX.

646 1196 710 1248 Et
760 1199 1036 1265 quomodo
1088 1199 1248 1254 Petro
1296 1202 1365 1256 de
1396 1201 1606 1256 Joanne
1648 1199 1981 1270 evangelista
2025 1200 2158 1253 dicit

573 1285 838 1344 Dominus
867 1309 881 1345 :
917 1290 1068 1356 Quod
1100 1297 1146 1345 si
1175 1293 1385 1347 uoluero
1428 1295 1600 1361 ipsum
1639 1309 1850 1346 manere
1887 1291 2053 1345 donec
2080 1307 2160 1344 ve-

573 1382 686 1444 nio,
727 1383 855 1451 quid
897 1383 967 1436 ad
1027 1393 1074 1436 te
1101 1384 1179 1437 "‘t
1221 1383 1274 1439 Id
1305 1385 1450 1453 quod
1495 1384 1701 1439 indicat
1747 1383 1924 1454 ipsum
1977 1384 2159 1438 vivere

575 1486 751 1541 usque
774 1473 844 1526 ad
875 1475 1427 1530 consummationem.

1205 1567 1520 1638 Responsio.

647 1655 765 1726 Ipse
796 1656 1039 1715 Joannes
1076 1659 1129 1714 in
1158 1660 1451 1733 Evangelio
1474 1677 1578 1717 suo
1613 1661 1664 1715 id
1697 1661 1843 1715 circa
1873 1659 2036 1714 linem
2065 1660 2160 1714 de-

576 1749 828 1820 claravit,
865 1750 1095 1806 dicens:
1132 1751 1203 1805 Et
1241 1770 1363 1806 cum
1391 1752 1489 1806 hoc
1513 1755 1759 1818 dixisset,
1799 1753 1931 1806 dicit
1957 1768 2029 1817 et,
2057 1752 2161 1806 hoc

575 1847 660 1892 est
684 1837 847 1893 Petro
879 1858 893 1895 :
928 1840 1151 1912 Sequere
1185 1860 1286 1897 me.
1324 1844 1620 1898 Conversus
1647 1854 1825 1898 autem
1867 1845 2056 1898 Petrus
2081 1845 2160 1898 ui-

575 1931 658 1983 dit
686 1933 1008 2000 discipulum
1033 1951 1184 2004 quem
1213 1936 1469 2007 diligebat
1497 1935 1679 2001 Jesus,
1716 1950 2037 2007 sequentem,
2072 1937 2163 2005 qui

578 2023 718 2076 idem
740 2035 788 2077 et
823 2025 879 2078 in
905 2036 1053 2080 caena
1081 2026 1318 2082 recubuit
1340 2044 1498 2096 super
1517 2039 1697 2098 pectus
1721 2029 1869 2098 ejus;
1893 2039 1942 2083 et
1976 2030 2154 2084 dixit:

575 2115 822 2180 Domine,
848 2122 967 2188 quis
1000 2131 1075 2175 est
1103 2123 1194 2190 qui
1226 2123 1405 2191 prodit
1432 2124 1520 2177 te?
1547 2122 1703 2177 Hunc
1734 2125 1914 2178 videns
1949 2123 2161 2186 Petrus,

575 2210 708 2262 dicit
755 2210 824 2262 ad
855 2209 1041 2264 Iesum
1066 2227 1086 2266 :
1111 2211 1356 2278 Domine,
1395 2214 1480 2268 hic
1527 2223 1704 2267 autem
1725 2213 1897 2282 quid?
1934 2213 2076 2268 Dicit
2117 2215 2166 2267 ei

573 2298 730 2356 Jesus
763 2317 779 2354 :
809 2299 869 2355 Si
897 2305 1072 2371 ipsum
1115 2303 1326 2358 voluero
1369 2320 1581 2358 manere
1613 2305 1777 2358 donec
1820 2306 1992 2371 venio,
2029 2305 2159 2373 quid

574 2395 644 2446 ad
679 2403 728 2448 te
751 2395 790 2425 “
813 2394 836 2447 ?
863 2394 1315 2465 Quandoquidem
1339 2397 1483 2450 enim
1511 2396 1660 2466 ipsos
1681 2396 1959 2466 piscantes
1980 2395 2158 2452 offen-

575 2487 752 2551 derat,
785 2485 1008 2541 Petrum
1041 2488 1346 2552 admonuit,
1380 2499 1439 2543 ut
1471 2504 1530 2543 se
1559 2500 1902 2559 sequeretur.
1939 2488 2161 2544 Volebat

575 2584 759 2630 autem
795 2577 884 2632 ille
921 2588 976 2633 et
1005 2581 1443 2650 condiscipulum
1475 2597 1582 2635 una
1612 2596 1736 2635 cum
1782 2582 1916 2649 ipsis
1944 2583 2161 2652 prolici-

577 2667 680 2732 sci,
725 2668 965 2738 dicitque
1015 2670 1080 2724 ad
1120 2668 1331 2736 Jesum,
1366 2671 1613 2737 Domine,
1657 2671 1742 2724 hic
1787 2683 1960 2726 autem
1996 2674 2168 2742 quid?

577 2775 742 2829 quem
771 2759 1016 2816 indicare
1045 2763 1233 2817 volens
1253 2761 1438 2827 Jesus,
1467 2763 1666 2818 debere
1699 2765 1842 2834 apud
1871 2780 2022 2820 mare
2053 2781 2167 2818 ma—

580 2866 730 2912 nere,
769 2851 965 2919 inquit,
1002 2851 1064 2908 Si
1099 2855 1313 2908 voluero
1346 2855 1518 2924 ipsum
1558 2871 1772 2910 manere
1809 2856 1974 2910 donec
1997 2858 2164 2921 venio,

575 2943 707 3012 quid
738 2945 805 2996 ad
827 2948 915 3000 te?

653 3119 672 3151 ³
703 3118 838 3176 Luc.
865 3137 944 3191 lx,
970 3122 1060 3176 27.
1166 3123 1208 3153 “
1233 3122 1393 3178 Joan.
1421 3140 1535 3188 ut,
1559 3123 1654 3182 22.
1730 3125 1770 3156 ¹¹
1800 3124 1931 3179 ibid.
1959 3124 2043 3189 18,
2072 3125 2158 3184 21.

586 3317 818 3330 -ο-η

968 3481 1560 3575 DlALOGUS
1633 3485 1796 3576 IV.

970 3785 1487 3842 INTERROGATIO
1525 3785 1787 3842 CLXXX.

661 3880 928 3949 Cupimus
967 3897 1030 3933 ex
1059 3889 1110 3934 te
1135 3880 1370 3942 discere,
1407 3879 1685 3948 quomodo
1716 3879 2055 3946 intelligatur
2079 3895 2176 3950 pa-

590 3973 776 4027 rabola
809 3971 1082 4026 fermenti.
1115 3969 1232 4026 Non
1263 3971 1412 4025 enim
1444 3985 1611 4040 parva
1647 3970 1808 4026 nobis
1839 3971 1954 4026 heri
1979 3972 2048 4026 de
2074 3972 2176 4026 hac

588 4065 820 4135 qumstio
847 4063 968 4119 fuit.

1230 4150 1536 4221 Responsio.

663 4245 960 4316 Dupliciter
1000 4243 1132 4297 mihi
1173 4243 1389 4297 videtur
1438 4241 1788 4310 intelligenda
1834 4256 1898 4296 ea
1937 4241 2176 4311 parabo-

593 4339 699 4392 liea
744 4338 942 4391 oratio.
979 4334 1181 4389 Verum
1231 4335 1347 4402 ipsa
1401 4333 1640 4402 primum
1688 4334 1937 4394 recitata.
1982 4334 2180 4388 deinde

593 4429 1085 4484 ennsiclerationem
1115 4426 1239 4496 ejus
1281 4424 1604 4478 inferamus.
1635 4423 1823 4479 Simile
1856 4435 1932 4478 est
1966 4441 2182 4496 regnum

596 4520 849 4574 calorum
891 4520 1168 4589 fermento,
1225 4517 1365 4586 quod
1405 4525 1677 4585 acceptum
1724 4517 1915 4571 mulier
1953 4516 2181 4587 prudens

598 4611 872 4668 abscondit
906 4612 957 4664 in
993 4611 1184 4680 farina:
1214 4616 1333 4662 sata
1366 4607 1492 4672 tria,
1517 4606 1681 4660 donec
1710 4607 2076 4674 fermentatum
2105 4617 2182 4662 est

598 4708 850 4761 ratum“.
882 4705 1173 4760 Fermento
1201 4705 1334 4758 mihi
1363 4703 1576 4758 videtur
1606 4700 1912 4755 doctrinam
1941 4707 1995 4753 et
2024 4700 2181 4754 [idem

597 4819 651 4855 Ill
697 4815 757 4855 se
793 4814 1115 4869 comparare
1168 4797 1453 4856 Dominus.
1506 4793 1723 4848 mulieri
1771 4802 1953 4847 autem
1995 4791 2184 4846 Eccle-

598 4892 737 4946 siam
779 4905 959 4948 suum,
1003 4905 1162 4957 quam
1184 4896 1234 4940 et
1267 4886 1479 4950 dilexit,
1512 4883 1971 4954 quemadmodum
2006 4882 2183 4951 inquit

598 4984 760 5037 divus
787 4981 1083 5050 Apostolus
1109 4980 1175 5032 ".
1208 4978 1423 5032 Farina:
1449 4993 1579 5031 vero
1610 4984 1728 5030 sata
1759 4975 1884 5041 tria,
1921 4983 2030 5029 tres
2053 4973 2182 5028 Noae

602 5076 765 5135 ﬁlios.
818 5074 1063 5135 Semum,
1106 5071 1374 5124 Chamum
1407 5079 1461 5123 et
1503 5065 1818 5136 Japlietum,
1870 5081 1935 5119 ex
1980 5066 2181 5134 quibus

603 5161 736 5215 solis
767 5167 891 5228 post
924 5156 1190 5210 diluvium
1222 5169 1415 5209 omnes
1458 5153 1780 5222 prodierunt
1811 5160 2017 5222 gentes,
2061 5167 2183 5220 qua:

604 5265 752 5304 llllllc
811 5249 864 5303 in
925 5247 1167 5302 Ecclesia
1215 5243 1887 5316 congreganturzquibus
1937 5244 2187 5298 doctrina

603 5341 1011 5412 praedicationis
1052 5349 1107 5395 et
1155 5339 1290 5392 ﬁdes
1338 5337 1502 5391 veluti
1554 5336 1880 5390 fermentum
1924 5336 2184 5397 immista,

605 5445 774 5489 totam
806 5432 1047 5500 gentium
1073 5430 1331 5495 farinam,
1372 5442 1495 5499 qua)
1517 5435 1734 5482 constat
1765 5442 1831 5480 ex
1862 5427 2036 5481 tribus
2060 5423 2189 5480 Note

608 5527 744 5581 satis
779 5525 998 5579 ratione
1032 5522 1298 5594 praeditis,
1331 5518 1679 5574 fermentavit
1720 5517 1787 5571 ad
1823 5517 2030 5572 cultum
2069 5517 2182 5572 Dei.

608 5613 764 5680 Quod
807 5615 854 5669 si
889 5613 1047 5668 aliter
1076 5612 1220 5667 dicta
1265 5609 1456 5664 audire
1487 5607 1682 5676 placet,
1729 5606 2058 5662 fermentum
2101 5608 2186 5661 in-

611 5706 884 5774 telligatur
914 5709 1279 5760 venerandum
1304 5709 1357 5757 et
1385 5701 1628 5756 divinum
1662 5715 1860 5769 corpus
1891 5699 2003 5763 Dei,
2038 5701 2184 5771 quod

689 5841 730 5870 "
765 5839 951 5894 Matth.
988 5855 1104 5905 xm,
1143 5839 1229 5893 5'3.
1313 5839 1350 5867 ’³
1383 5834 1579 5906 Ephcs.
1612 5853 1663 5900 γ,
1701 5834 1790 5889 Elii.

1647 361 1704 416 S.
1749 361 2048 418 CASSARH
2077 362 2417 420 υιικοοιιιι-
2447 361 2746 417 FRATBIS

3704 355 3813 413 H33

2263 491 2434 545 μενοι,
2473 474 2674 546 μικροῦ
2702 473 2813 526 δεῖν
2837 473 2937 544 τῆς
2956 471 3101 543 ζωῆς
3131 442 3556 544 ἁπερῥάτησαν.
3592 468 3812 539 ἰωάύνης
3893 442 3895 534 ί

2250 566 2455 628 τοίνυν,
2483 566 2579 618 καὶ
2609 565 2809 627 πάντες
2833 563 3141 628 ἀπόστολοι,
3176 563 3270 615 καὶ
3303 560 3596 634 προφῆται
3622 557 3714 612 τοῦ
3737 559 3811 630 ζῇν

2255 656 2521 728 ἀπῆλθον,
2572 657 2715 726 πλὴν
2758 654 2932 726 Ἑνὼχ
2983 655 3078 709 καὶ
3131 655 3333 722 Ἠλίου,
3365 654 3571 716 οττινες
3615 652 3751 723 μόνοι
3769 655 3811 705 ἐν
3894 652 3895 706 l

2208 791 2210 795 .
2255 747 2422 818 σαρκὶ
2461 747 2732 817 ὑπάρχειν
2769 747 2851 800 ἔτι
2901 744 3326 817 διαγορεύονται,
3381 743 3587 815 μικρὸν
3623 740 3813 814 ὕστερον

2253 839 2352 891 καὶ
2376 838 2531 891 αὐτοὶ
2559 837 2967 892 θανατούμενοι.

2824 1111 3074 1165 ΠΕΥΣΙΣ
3106 1111 3270 1165 PUO'.

2329 1209 2438 1262 Καὶ
2464 1208 2583 1271 πῶς
2609 1208 2688 1278 τῷ
2719 1209 2911 1280 Πέτρῳ
2941 1208 3090 1276 λέγει
3124 1210 3153 1262 ὁ
3183 1207 3390 1279 Κύριος
3416 1203 3553 1276 περὶ
3602 1203 3810 1256 Ἶοήννιι

2258 1301 2354 1356 τοῦ
2382 1297 2791 1370 εὐαγγελιστοῦ,
2817 1298 2901 1350 ὃτι
2944 1294 3086 1350 Ἐὰν
3109 1295 3263 1349 θέλω
3287 1293 3477 1348 αὑτὸν
3503 1292 3708 1361 μένειγ
3725 1292 3813 1356 ἔας

2259 1392 2532 1462 ἔρχομαι,
2561 1389 2620 1442 τί
2644 1388 2794 1457 πρὸς
2821 1386 2933 1451 ad;
2963 1389 3100 1457 ὅπερ
3127 1386 3398 1439 δείκνυσιν
3423 1384 3591 1438 αὑτὸν
3617 1385 3728 1454 ζῇν.

2871 1567 3224 1634 Ἀπόκρισις.

2332 1660 2504 1723 Αὐτὸς
2541 1658 2795 1729 Ἰωάννης
2819 1660 2877 1712 ὲν
2904 1657 2984 1727 τῷ
3003 1657 3126 1710 καθ’
3152 1657 3344 1710 ἑαυτὸν
3368 1655 3688 1725 Εὑαγγελίῳ
3707 1656 3812 1725 πρὸς

2259 1751 2339 1822 τῷ
2365 1752 2529 1814 τέλει,
2565 1750 2863 1821 διεσάφησε
2893 1749 3073 1815 τοῦτο,
3115 1750 3338 1818 φάσκων
3361 1766 3374 1780 ·
3419 1749 3533 1804 Καὶ
3564 1748 3730 1802 τοῦτο
3752 1751 3811 1801 sl-

2261 1843 2393 1898 πὼν
2418 1843 2579 1913 λέγει
2603 1842 2786 1909 αὐτῷ,
2811 1841 2958 1896 τοῦτ’
2993 1842 3108 1896 ἐστι
3136 1842 3216 1913 τῷ
3257 1842 3470 1915 Πέτρῳ,
3519 1840 3812 1894 Ἀκολούθει

2255 1953 2377 2006 μοι·
2407 1934 2798 2004 ἐπιστραφείς
2818 1934 2887 1988 δὲ
2906 1938 2940 1988 d
2963 1935 3188 2003 Πέτρος
3204 1932 3423 1999 βλέπει
3446 1931 3562 1985 τὸν
3574 1931 3811 2001 μαθητὴν

2260 2027 2334 2080 ὃν
2356 2025 2560 2096 ἠγάπα
2595 2030 2628 2081 d
2667 2025 2930 2094 Ἰησοῦς,
2961 2025 3442 2088 ἀκολουθοῦντα,
3486 2023 3559 2089 ὃς
3600 2023 3692 2077 καὶ
3727 2023 3808 2076 dr-

2263 2118 2487 2173 έπεσεν
2523 2119 2593 2172 ἐν
2624 2116 2707 2184 τῷ
2743 2117 2968 2183 δείπνῳ
3013 2117 3116 2173 ἐπί
3140 2116 3207 2171 τὸ
3241 2116 3469 2185 στῆθος
3513 2114 3710 2181 αὐτοῦ,
3735 2115 3809 2168 ul

2265 2207 2419 2264 εἴπεο
2449 2211 2648 2277 Κύριε,
2675 2209 2766 2276 τίς
2794 2210 2968 2264 ἐστιν
3006 2212 3040 2264 d
3071 2207 3438 2277 παραδιδούς
3467 2224 3549 2262 σε
3566 2223 3586 2271 ;
3633 2205 3812 2262 τοῦτον

2269 2302 2411 2356 tea»-
2431 2304 2465 2356 ὀ
2492 2302 2710 2370 Πέτρος
2751 2301 2914 2370 λέγει
2947 2300 3030 2368 τῷ
3069 2301 3294 2369 Ἰησοῦ,
3321 2303 3524 2370 Κύριε,
3556 2296 3722 2365 οὗτος
3741 2297 3809 2360 δὲ,

2262 2399 2356 2460 tl;
2385 2397 2547 2465 λέγει
2573 2393 2734 2460 αὐτῷ
2755 2398 2789 2449 d
2821 2395 3071 2463 Ἰησοῦς,
3107 2397 3250 2450 Ἐὰν
3266 2395 3455 2449 αὐτὸν
3477 2393 3630 2449 θέλω
3647 2395 3812 2462 μένειν

2263 2489 2372 2555 ἕως
2419 2489 2689 2558 ἔρχομαι,
2743 2489 2802 2541 τί
2840 2489 2992 2556 πρὸς
3024 2488 3144 2554 σέ;
3204 2487 3360 2541 Ἐπεὶ
3399 2482 3498 2541 οὗν
3545 2485 3810 2542 ἁλιεύοντας

2266 2582 2466 2644 αὐτοὺς
2507 2580 2887 2651 κατειληφὼς,
2932 2580 3013 2652 τῷ
3051 2581 3244 2651 Πέτρῳ
3290 2580 3585 2634 ἐθέσπισεν
3625 2575 3807 2631 Emme:

2262 2672 2413 2743 αὐτῷ
2434 2690 2446 2705 ·
2487 2673 2738 2727 ἐϐούλετο
2780 2673 2825 2726 δ’
2859 2675 3067 2738 ἐκεῖνος
3097 2674 3193 2727 καὶ
3228 2672 3321 2726 τὸν
3350 2668 3711 2742 συμφοιτητὴν
3735 2665 3805 2720 αύ-

2262 2769 2376 2829 τοῖς
2407 2765 2855 2837 συμπορευθῆναι
2876 2781 2890 2795 ·
2931 2767 3066 2837 φησὶ
3093 2765 3172 2837 τῷ
3208 2763 3406 2835 Ἰησοῦ,
3442 2765 3639 2832 Κύριε,
3670 2755 3806 2819 οὗτος

2263 2855 2333 2908 δὲ
2369 2855 2428 2909 τί
2441 2872 2460 2919 ;
2507 2855 2566 2909 ὃν
2611 2855 2875 2920 θεσπίσας
2912 2855 3121 2927 Ἰησοῦς
3171 2857 3358 2925 μένειν
3395 2855 3494 2908 ἐπὶ
3535 2853 3634 2923 τῆς
3671 2850 3801 2910 ἁλίας.

2274 2947 2462 3018 φησὶν,
2505 2947 2646 3004 Ἐὰν
2677 2947 2865 3003 αὐτὸν
2904 2948 3058 3003 θέλω
3089 2948 3298 3018 μένειν
3336 2948 3449 3014 ἕως
3494 2948 3736 3015 ἔρχομαι,
3767 2941 3805 2991 τί

2275 3038 2428 3107 πρὸς
2448 3037 2525 3092 σέ
2543 3065 2562 3112 ;

2697 3494 3249 3584 ΔΙΑΛΟΓΟΣ
3307 3486 3432 3583 Δ’.

2863 3784 3115 3839 ΠΕΥΣΙΣ
3153 3784 3279 3837 PH'.

2347 3879 2471 3944 Πῶς
2500 3881 2700 3933 νοεῖται
2728 3879 2762 3949 ἡ
2798 3877 2899 3947 τῆς
2929 3876 3108 3947 ζύμης
3141 3875 3420 3948 παραϐολὴ
3444 3917 3459 3940 ,
3517 3877 3694 3948 μαθεῖν
3716 3871 3793 3926 856-

2281 3973 2441 4044 μεθα.
2477 3973 2553 4026 Οὐ
2579 3972 2686 4044 γὰρ
2719 3970 2886 4042 μικρά
2925 3969 3056 4040 ἡμῖν
3083 3966 3310 4039 ζήτησις
3340 3968 3468 4040 περὶ
3505 3969 3692 4038 ταύτης
3718 3964 3800 4034 xli;

2278 4065 2489 4136 γέγονε.

2905 4149 3260 4217 Ἀπόκρισις.

2351 4245 2525 4318 Διχῶς
2555 4263 2642 4316 μοι
2670 4244 2817 4298 δοκεῖ
2849 4241 3084 4296 νοεῖσθαι
3115 4241 3148 4312 ἡ
3185 4239 3530 4310 παραδολικὴ
3567 4233 3797 4306 θεηγορίι·

2281 4340 2418 4394 ἀλλὰ
2445 4337 2660 4408 πρῶτον
2687 4335 2856 4407 αὐτὴν
2890 4334 3105 4405 ἐκείνην
3135 4333 3423 4402 φήσαντες,
3451 4328 3598 4383 οὕτω
3624 4329 3708 4398 τὴν
3725 4322 3800 4376 διά-

2285 4430 2474 4500 σκεψιν
2511 4427 2682 4496 αὐτῆς·
2709 4426 3023 4496 ἐπάγωμεν.
3068 4423 3274 4490 Ὀμοία
3315 4421 3489 4474 ἐστὶν
3509 4418 3548 4486 ἠ
3572 4414 3801 4483 ,Βασιλεία

2283 4521 2402 4576 τῶν
2437 4517 2708 4587 οὐρανῶν
2744 4515 2891 4585 ζύμῃ
2911 4555 2925 4577 ,
2968 4513 3048 4580 ’ἢν
3085 4511 3360 4567 λαϐοῦσα
3394 4509 3553 4579 γυνὴ
3604 4504 3801 4576 φρονίμη

2283 4615 2553 4680 ἔκρυψεν
2582 4611 2668 4674 εἰς
2709 4608 2967 4674 ἀλεύρου
2994 4604 3152 4657 σάτα
3184 4602 3335 4670 τρία,
3370 4600 3478 4666 ἕως
3499 4595 3572 4655 οὗ
3600 4591 3800 4664 ἐζυμώθη

2285 4705 2452 4759 ὅλον.
2498 4701 2683 4772 Ζύμην
2710 4700 2856 4753 δοκεῖ
2892 4713 2981 4769 μοι
3009 4692 3355 4750 διδασκαλίαν
3394 4693 3488 4746 καὶ
3523 4691 3620 4760 τὴν
3645 4688 3711 4748 είς
3736 4681 3802 4772 cri-

2283 4791 2374 4844 τὸν
2397 4770 2589 4843 πίστιν
2603 4770 2967 4858 παραόάλλειν
2986 4785 3016 4837 ὁ
3039 4783 3244 4854 Κύριος
3263 4799 3277 4814 ·
3309 4780 3530 4851 γυναικὶ
3557 4779 3610 4832 δὲ
3637 4776 3718 4846 τὴν
3739 4770 3803 4824 αὖ·

2283 4880 2376 4935 τοῦ
2407 4875 2735 4949 Ἐκκλησίαν
2768 4874 2848 4943 ἢν
2861 4870 2959 4926 καὶ
2975 4869 3314 4940 ἠγάπησεν,
3331 4869 3515 4934 καθώς
3541 4886 3688 4941 φησιν
3711 4868 3732 4918 ὁ
3754 4863 3802 4913 ls-

2290 4970 2383 5042 ρὸς
2427 4965 2764 5030 Ἀπόστολος.
2813 4962 3064 5034 Ἀλεύρου
3097 4961 3153 5014 δὲ
3197 4962 3333 5015 σάτα
3369 4959 3518 5032 τρία,
3564 4959 3677 5019 τοὺς
3699 4951 3802 5042 τρες

2285 5038 2378 5113 τοῦ
2407 5057 2531 5112 Νῶε
2564 5055 2784 5120 παῖδας,
2817 5055 2908 5107 τὸν
2933 5053 3072 5124 Σὴμ,
3115 5052 3207 5105 τὸν
3239 5052 3388 5121 Χὰμ,
3415 5049 3509 5104 τὸν
3547 5046 3708 5117 Ἰαφέτ
3728 5061 3740 5075 ’
3763 5038 3802 5100 ἐξ
3894 5099 3895 5126 1

2289 5144 2363 5203 ὧν
2391 5148 2551 5220 μόνον
2581 5147 2720 5217 μετὰ
2756 5144 2846 5198 τὸν
2877 5141 3258 5214 κατακλυσμὸν
3303 5142 3482 5196 πάντα
3526 5136 3734 5212 προῆλθε
3757 5131 3800 5184 τά

2285 5243 2413 5312 ἔθνη
2443 5241 2513 5293 τὰ
2541 5239 2636 5294 νῦν
2674 5240 2733 5292 ἐν
2771 5240 2838 5310 τῇ
2881 5235 3176 5308 Ἐκκλησία
3207 5231 3662 5305 συναγειρόμενα·
3696 5220 3799 5289 οἷςῆ

2285 5335 2592 5405 καθήγησις
2608 5331 2703 5385 τοῦ
2723 5330 3097 5402 κηρύγματος,
3123 5325 3218 5380 καὶ
3239 5328 3272 5396 ἡ
3297 5326 3501 5390 πίστις,
3530 5323 3678 5378 οίονεὶ
3696 5317 3797 5405 ζύμη

2285 5403 2687 5497 ὲμφύραθεῖσα,
2723 5423 2785 5476 τὸ
2813 5420 2932 5476 ὅλον
2963 5418 3072 5474 τῶν
3098 5417 3282 5472 ἐθνῶν
3308 5416 3555 5487 ἄλευρον,
3581 5413 3638 5467 τὸ
3666 5412 3718 5463 ix
3738 5403 3798 5457 W3

2285 5518 2409 5573 Νῶε
2452 5515 2621 5587 τριῶν
2649 5515 2828 5569 σὰτων
2854 5513 3107 5583 λογικῶν,
3135 5510 3386 5582 ὲζύμωσε
3427 5506 3565 5579 πρὸς
3598 5504 3684 5575 τὴν
3717 5499 3800 5552 Oso-
3894 5545 3895 5587 ἦ

2294 5609 2528 5662 σέσειαν.
2556 5608 2618 5661 El
2647 5606 2706 5660 δὲ
2739 5606 2834 5662 καὶ
2861 5604 3066 5676 ἑτέρως
3085 5601 3156 5656 τὰ
3192 5598 3427 5672 ῥηθέντα
3454 5595 3660 5651 ἀκούειν
3679 5588 3797 5683 δοκεῖ.

2295 5700 2442 5773 ζύμη
2476 5698 2702 5754 νοείσθω
2745 5697 2806 5752 τὸ
2851 5695 3047 5752 σεπτὸν
3091 5693 3187 5749 καὶ
3224 5691 3367 5746 θεῖον
3403 5688 3563 5762 σῶμα
3598 5684 3683 5740 τοῦ
3705 5680 3798 5735 θεού
