4006 6386
219 369 356 425 HIS!

213 484 311 538 καὶ
340 480 547 551 Λόγου·
589 481 726 552 ὅπερ
758 480 818 535 ιν
857 482 925 553 τῇ
958 479 1121 552 νηδύῖ
1157 480 1256 552 τῆς
1284 473 1585 542 Ἀιίπαιδος
1612 480 1795 550 ἑαυτῷ

216 572 659 643 περιεπλάσατο,
704 572 833 626 ἄνευ
880 573 1088 642 σπορᾶς
1131 571 1652 642 περιῦφαινόμενος,
1698 572 1793 625 καὶ

214 661 502 733 ἑνούμενος
538 662 683 734 ψυχῇ
714 680 775 716 τε
814 664 911 717 καλ⁸
940 662 1187 734 σώματι·
1241 663 1303 716 ού
1336 663 1442 734 μὴν
1483 663 1618 716 ἀλλὰ
1656 665 1795 735 γυνὴ

217 754 455 825 φρονίμη
485 754 707 817 εἰκότως
737 754 767 805 6
796 754 957 817 αὐτὸς
982 753 1208 807 νοείσθω
1235 755 1389 822 ἅγιος
1421 756 1517 808 καὶ
1545 754 1674 821 ζῶν,
1705 757 1794 809 ὲν-

216 844 517 908 υπόστατος
545 845 676 909 Θεὸς
697 845 888 912 Λόγος.
915 844 1005 898 διὰ
1028 844 1089 897 τὸ
1112 844 1247 913 θῆλυ
1276 846 1374 916 τῆς
1402 848 1795 917 προσηγορίαςο

216 940 469 1005 Χριστὸς
510 941 616 1014 γὰρ
644 937 793 991 Θεοῦ
826 936 1098 1005 δύναμις,
1139 937 1237 990 καί
1268 937 1415 991 Θεοῦ
1443 939 1650 1007 σοφία,
1691 957 1798 1008 φη-

218 1030 304 1083 σὶν
330 1029 359 1081 6
388 1028 528 1091 θεῖος
561 1027 899 1091 Ἀπὸστολος.
940 1027 1191 1100 ’Δλεύρου
1220 1028 1277 1082 δὲ
1308 1028 1445 1082 σάτα
1470 1028 1619 1099 τρία,
1650 1029 1801 1101 πρῶ-

216 1138 309 1174 τον
336 1121 435 1191 μὲν
453 1123 486 1191 ἡ
511 1122 662 1174 πᾶσα
694 1119 901 1192 βροτῶν
924 1118 1105 1188 φύσις,
1133 1119 1383 1191 δεύτερον
1408 1120 1464 1173 δὲ
1494 1122 1522 1172 6
1548 1118 1795 1185 θάνατος,

221 1212 365 1283 μετά
405 1212 565 1267 τοῦτο
599 1213 628 1265 6
657 1212 788 1283 ᾅδης
818 1227 831 1241 ·
884 1212 942 1265 ὲν
969 1204 1014 1279 ᾧ
1044 1210 1352 1282 ὲγκρυφθὲν
1392 1211 1479 1265 διὰ
1526 1213 1707 1282 ταφῆς
1739 1212 1802 1266 τὸ

220 1302 362 1357 θεῖον
404 1303 596 1373 σῶμα,
642 1304 809 1374 ἐφυρε
839 1304 1018 1358 πάντα
1061 1306 1140 1367 είς
1172 1305 1468 1358 ἀνάστασιν
1497 1305 1592 1358 καὶ
1629 1304 1797 1374 ζωήν.

224 1398 419 1448 Ἀκουε
466 1397 522 1449 δὲ
553 1397 649 1450 καὶ
681 1398 880 1467 ἑτέρως
920 1395 1056 1448 σάτα
1080 1395 1227 1465 τρία,
1266 1397 1332 1449 τὸ
1369 1396 1683 1467 βάπτισμα,
1731 1396 1801 1449 τὰ

221 1488 560 1556 Εὐαγγέλια,
606 1488 674 1542 τὰ
702 1489 998 1559 μυστήρια.
1041 1489 1153 1541 Καὶ
1182 1488 1356 1551 ἄλλως
1384 1489 1629 1551 νοείσθω,
1666 1490 1801 1543 ἀπό-

222 1579 395 1633 στολοι
416 1621 430 1641 ,
467 1581 768 1651 προφῆται,
802 1579 1108 1633 διδάσκαλοι
1128 1596 1143 1610 ο
1187 1581 1279 1633 καὶ
1305 1582 1507 1651 ἑτέρως
1539 1599 1803 1653 παρῳχη-

219 1671 372 1735 κότα,
408 1670 701 1734 ἐνεστῶτα,
740 1670 1019 1741 μέλλοντα.
1052 1672 1125 1725 Οὐ
1150 1671 1259 1741 γὰρ
1294 1673 1484 1743 μόνους
1510 1672 1636 1737 τοὺς
1662 1690 1802 1744 παρ-

219 1762 382 1826 όντας
430 1762 736 1834 σαρκωθεὶς
779 1764 809 1815 6
857 1763 1031 1831 Λόγος
1083 1762 1259 1834 ὢνησε
1288 1804 1303 1829 ,
1349 1764 1484 1818 ἀλλὰ
1536 1767 1631 1819 καὶ
1674 1767 1802 1829 τοὺς

221 1854 691 1925 προκοιμηθὲντας
732 1855 948 1925 θανάτῳ
996 1854 1292 1926 ἀνέστησε,
1339 1855 1434 1908 καὶ
1482 1855 1641 1926 ἡμῶν
1687 1859 1801 1919 τοῖς

219 1943 492 2010 ἐπιγόνοις
522 1944 712 1997 ἐλπίδα
740 1945 1088 2007 ἀναστάσεως
1135 1945 1448 2016 ἐδωρήσατο
1481 1946 1575 1999 καὶ
1618 1944 1763 2017 ζωήν
1785 1963 1797 1977 ·

217 2034 288 2086 δι’
321 2026 396 2088 ὧν
420 2034 664 2104 ἐγερθεὶς
690 2034 756 2087 ὲκ
790 2034 1019 2106 νεκρῶν,
1047 2034 1223 2105 ἐαυτῷ
1252 2036 1665 2107 συνανέστησεν,
1703 2037 1802 2090 αὐ-

224 2125 318 2187 τὸς
352 2126 449 2197 μὲν
475 2127 555 2188 είς
578 2126 839 2197 οὐρανοὺς
871 2128 1153 2198 φοιτήσας,
1185 2128 1427 2193 ἐκείνους
1466 2128 1523 2183 δὲ
1557 2131 1620 2199 τῇ
1650 2127 1803 2200 χώρᾳ

224 2214 442 2278 ζώντων
466 2218 815 2287 μετοικήσας,
837 2216 967 2270 ἔνθα
999 2217 1167 2288 Ἑνὼχ
1190 2218 1285 2271 καὶ
1313 2220 1499 2283 Ἠλίας
1522 2220 1801 2290 τυγχάνει,

226 2307 424 2379 μηκέτι
454 2306 901 2380 τεθνηξομένους.

788 2511 1039 2564 ΠΕΥΣΙΣ
1064 2509 1237 2565 PHA'.

305 2622 521 2695 Ἐπειδὴ
567 2622 730 2693 κόρος
773 2622 931 2694 ἡμῶν
976 2623 1153 2686 οὐδεὶς
1200 2622 1306 2677 τῶν
1359 2624 1665 2696 ὲρμηνειῶν
1706 2625 1805 2695 τῆς

228 2713 380 2777 θείας
403 2714 631 2788 Γραφῆς
664 2715 907 2783 γίνεται,
951 2715 1067 2768 ἀλλ’
1100 2715 1187 2768 ἀεὶ
1224 2714 1404 2769 αὐτῶν
1446 2715 1665 2769 ἀκούειν
1709 2735 1806 2771 πο-

225 2806 456 2877 θοῦμεν·
503 2807 834 2878 διασάφησον
862 2808 993 2876 ἡμῖν
1026 2805 1123 2877 τὴν
1158 2807 1472 2879 παραϐολὴν
1498 2809 1597 2878 τῆς
1631 2810 1803 2879 σαγή-

224 2914 343 2967 νης,
372 2897 536 2951 πολὺν
570 2898 663 2951 καὶ
695 2896 874 2968 σαυτῷ
906 2898 1154 2967 συνάγων
1180 2897 1271 2951 τὸν
1311 2898 1523 2969 μισθὸν,
1554 2900 1646 2952 καὶ
1671 2901 1805 2971 ἡμῖν

222 2989 433 3059 όρελος.
472 2990 634 3059 Λέγει
673 2990 782 3060 γὰρ
816 2991 844 3043 6
877 2990 1098 3061 Κύριος,
1134 2990 1440 3059 Μακάριος
1470 2991 1539 3059 ὂς
1565 2992 1804 3058 ποιήσει

222 3081 321 3135 καὶ
354 3081 583 3146 διδάξει
621 3080 749 3153 μίαν
783 3081 892 3135 τῶν
924 3080 1154 3136 ἐντολῶν
1195 3081 1398 3135 τούτων
1430 3098 1446 3115 ο
1492 3084 1585 3136 καὶ
1619 3084 1803 3149 πάλιν,

220 3173 311 3227 τὸν
342 3176 520 3245 σιωπῇ
551 3172 939 3241 κατωρύξαντα
966 3174 1026 3227 τὸ
1063 3178 1191 3249 παρ’
1216 3177 1379 3231 αὑτοῦ
1410 3177 1671 3233 τάλαντον
1710 3179 1802 3232 τοῦ

219 3261 400 3331 λόγου,
436 3263 535 3316 οὐκ
566 3262 913 3335 ἀτιμώρητον
942 3263 1147 3320 εἴασεν.

834 3379 1189 3447 Ἀπόκρισις.

300 3467 529 3537 Ἀδελφά
555 3468 663 3521 τῶν
692 3440 1126 3541 εἰρημένων-καὶ
1145 3440 1219 3525 τὰ
1247 3474 1304 3525 ὲν
1340 3473 1509 3545 ταύτῃ
1539 3491 1627 3543 μοι
1660 3440 1818 3527 δοκεία

218 3562 284 3630 τῇ
322 3561 605 3632 παραϐολῇ
627 3578 641 3591 °
710 3563 912 3633 Ὁμοία
938 3563 1047 3633 γάρ
1074 3564 1251 3618 ἐστιν
1281 3566 1321 3632 ἡ
1357 3566 1651 3628 ,ϐασιλεία
1687 3565 1806 3619 τῶν

219 3654 491 3718 οὐρανῶν
534 3652 775 3721 σαγήνῃ
822 3654 1127 3723 βληθείσῃ
1170 3657 1259 3721 εις
1305 3654 1420 3723 τὴν
1462 3656 1802 3723 θάλασσαν,

219 3744 320 3798 καὶ
372 3745 442 3798 ἐκ
508 3745 736 3811 παντὸς
800 3745 1017 3814 γένους
1086 3748 1470 3816 συναγούσῃ.
1543 3750 1656 3802 Ἦν
1706 3748 1806 3802 ὅτε

216 3836 530 3905 ἐπληρώθη
577 3838 1053 3905 ἀναϐιϐάσαντες
1089 3840 1187 3893 ἐπὶ
1221 3839 1330 3893 τὸν
1364 3840 1660 3908 αἰγιαλὸν.
1703 3840 1802 3895 καί

220 3930 579 3995 καθίσαντες
622 3929 965 3996 συνέλεξαν
1018 3931 1091 3985 τὰ
1132 3930 1291 3985 καλὰ
1329 3934 1416 3996 είς
1455 3931 1694 3999 ἀγγεῖα,
1732 3932 1806 3984 τὰ

221 4022 289 4075 δὲ
321 4021 524 4089 σαπρὰ
555 4022 671 4085 ἔξω
710 4022 950 4086 ἔϐαλον,
991 4024 1154 4094 φησὶν
1192 4025 1221 4077 6
1252 4022 1474 4093 Κύριος.
1503 4024 1612 4093 Τὴν
1642 4022 1803 4089 εὐαγ-

220 4112 443 4184 γελικὴν
494 4114 828 4169 κατάστασιν
861 4118 1073 4189 σαγήνῃ
1114 4115 1261 4169 δοκεῖ
1304 4133 1396 4186 μοι
1442 4115 1798 4179 ἀπεικάζειν

220 4206 287 4274 ἦν
312 4207 360 4258 οἱ
379 4206 508 4259 Θείοι
531 4206 814 4260 ἀπόστολοι
838 4207 975 4278 μετὰ
998 4208 1059 4260 τὸ
1080 4207 1252 4277 φῆσαι
1273 4207 1453 4270 αὐτοῖς
1467 4206 1557 4259 τὸν
1572 4204 1801 4278 Κύριον,

219 4297 510 4361 δείκνυσιν,
528 4298 935 4354 Ἀκολουϐεῖτέ
945 4315 1068 4368 μοι,
1085 4298 1181 4351 καὶ
1197 4297 1429 4367 ποιήσω
1444 4296 1589 4366 ὑμᾶς
1612 4295 1803 4365 ἁλιεῖς

218 4390 541 4458 ἀνθρώπων
561 4409 575 4423 ο
622 4392 833 4461 ἀλόγων
865 4393 977 4464 γὰρ
1010 4390 1211 4462 ἰχθύων
1237 4393 1505 4464 ἀγρευταὶ
1552 4391 1802 4463 ὑπῆρχον

214 4484 264 4535 οἱ
292 4483 553 4548 πλεῖστοι,
580 4481 874 4547 πλέξαντες
900 4484 997 4536 καλ⁵
1023 4482 1369 4555 συνείραντες
1399 4482 1465 4536 ἐκ
1482 4500 1539 4535 τε
1561 4481 1800 4546 Παλαιᾶς

215 4572 310 4624 καὶ
327 4571 528 4644 Καινῆς
550 4572 819 4645 Διαθήκης
847 4574 1123 4642 καθῆκαν,
1157 4574 1252 4626 καὶ
1279 4574 1443 4626 οἱονεὶ
1470 4575 1532 4627 ἐν
1559 4572 1801 4642 θαλάττῃ

214 4665 292 4735 τῷ
324 4667 551 4738 παρόντι
581 4666 701 4736 βίῳ,
723 4666 974 4734 λογικοὺς
1000 4666 1114 4719 ἀντ’
1147 4664 1359 4734 ἀλόγων
1391 4663 1799 4734 σαγηνεύοντες,

218 4758 311 4811 καί
333 4758 469 4818 τέως
498 4758 596 4828 μὲν
628 4758 693 4809 ὲκ
722 4757 921 4820 παντὸς
954 4756 1149 4825 γένους
1187 4755 1590 4827 συναγείρουσι,
1628 4772 1801 4824 πονη-

220 4849 344 4922 ρούς
373 4866 433 4902 τε
457 4850 553 4903 καὶ
579 4848 839 4917 ἀγαθοὺς,
872 4848 1116 4910 δικαίους
1145 4848 1241 4900 καὶ
1267 4846 1649 4917 ἁμαρτωλοὺς,
1679 4861 1803 4914 συγ-

216 4940 485 5003 κλείοντες
508 4943 576 5012 τῇ
608 4939 730 5012 θεία
759 4941 974 5012 σαγήνῃ
998 4939 1093 4992 τοῦ
1121 4938 1499 5010 κηρύγματος,
1529 4938 1625 4991 καὶ
1650 4938 1800 4991 ἀδια-

215 5033 418 5104 κρίτως
442 5033 577 5095 τέως
624 5030 1038 5086 θαλαττεύουσιν
1072 5031 1124 5084 οἱ
1166 5030 1440 5084 θεσπέσιοι
1459 5068 1478 5091 ,
1504 5028 1585 5099 τῷ
1612 5030 1798 5100 γράμ-

214 5143 347 5199 ματι
376 5125 473 5179 καὶ
504 5126 794 5195 πνεύματι.
847 5124 937 5194 Τῷ
978 5124 1093 5194 γὰρ
1134 5121 1347 5194 σώματι
1392 5122 1501 5175 τῶν
1535 5121 1797 5175 πλειόνων

209 5219 314 5273 ἄπε
324 5236 417 5272 ισι.
444 5215 614 5271 Τοῦτο
633 5217 690 5271 δὲ
714 5216 809 5270 καὶ
827 5217 856 5268 6
882 5214 1082 5286 ὑψηλὸς
1104 5214 1210 5269 τῶν
1239 5213 1539 5286 προφητῶν
1569 5213 1795 5275 Ἡσαΐας

208 5312 321 5384 πρὸ
348 5308 718 5363 πεντακοσίων
757 5309 861 5378 ἤδη
889 5308 1151 5385 ἀνεϐόησε
1177 5323 1192 5337 ·
1229 5307 1337 5362 Καὶ
1366 5303 1797 5375 συμϐοσκηθή-

205 5418 379 5458 σεται
408 5401 597 5464 λύκος
633 5398 782 5468 μετὰ
812 5397 1017 5466 ἀρνὸς,
1055 5396 1154 5451 καὶ
1200 5396 1493 5464 πάρδαλις
1519 5410 1792 5449 συνανα-

212 5496 503 5548 παύσεται
551 5491 765 5559 ἐρίφῳ·
819 5489 916 5543 καὶ
947 5488 1108 5553 ,βοῦς
1149 5487 1250 5542 καί
1285 5488 1424 5553 ὄνος
1471 5485 1621 5555 ὁμοῦ
1674 5483 1791 5554 φά-

206 5601 411 5655 γονται
449 5584 678 5653 ἇχιεοα,
713 5581 813 5636 καὶ
844 5579 1183 5651 μοσχάριον
1211 5580 1309 5633 καὶ
1344 5578 1501 5633 λέων
1524 5577 1645 5647 ἅμα
1678 5577 1791 5641 ,βο-

207 5678 625 5747 σκηυήσονται
650 5692 664 5708 ·
706 5675 805 5729 καὶ
838 5674 1078 5729 παιδίον
1100 5674 1317 5743 μικρὸν
1338 5672 1468 5738 ἄξει
1501 5671 1683 5727 αὑτά·
1729 5671 1793 5724 τὸ

1605 363 1949 421 MALOGUS
1974 363 2062 419 Π.
2098 368 2112 382 “’

3340 383 3480 439 ΗΜ

1902 479 1956 533 in
2003 489 2159 536 utero
2202 482 2417 539 intacta
2451 481 2696 555 Virginis
2738 486 2842 543 sibi
2874 488 3330 548 circumdandum
3366 495 3483 549 for--

1902 572 2091 636 niavit,
2148 573 2355 644 absque
2411 577 2620 632 semine
2676 588 2968 636 contextus
3021 591 3076 637 et
3130 583 3319 639 unitus
3371 596 3480 640 tam

1899 664 2097 719 anima!
2120 683 2286 737 quam
2314 671 2554 739 corpori.
2577 655 2851 727 ἴδε-πίειρα
2872 675 3073 730 mulier
3101 679 3341 745 prudens
3362 693 3484 734 esse

1909 758 2109 812 merito
2137 759 2257 829 ipse
2290 759 2645 831 intelligatur,
2682 774 2906 819 sanctus
2939 766 3027 821 ille
3061 782 3125 822 ac
3155 769 3333 828 vivus.
3363 785 3483 838 pcr-

1900 863 2007 917 que
2052 863 2112 903 se
2156 849 2462 906 subsistens
2503 852 2646 907 Deus
2684 852 2948 918 Verbum,
2995 867 3216 926 propter
3258 857 3482 912 femini-

1899 956 2024 995 nam
2060 942 2501 1011 appellationem.
2536 944 2779 1002 Christus
2814 949 2960 1002 enim
3006 950 3106 1004 Dei
3133 954 3389 1021 potentia,
3430 965 3483 1008 et

1899 1031 1998 1086 Dei
2043 1035 2307 1102 sapientia
2361 1045 2462 1102 est,
2510 1036 2689 1107 inquit
2737 1040 2894 1095 divus
2939 1040 3233 1111 Apostolus
3269 1044 3329 1101 “.
3377 1043 3486 1099 Fa-

1900 1125 2034 1179 rina:
2086 1135 2270 1181 autem
2322 1135 2440 1183 sata
2494 1129 2621 1192 tria,
2664 1131 2900 1199 primum
2952 1135 3171 1202 quidem
3228 1137 3481 1190 universa

1900 1218 2220 1272 mortalium
2257 1228 2476 1280 natura,
2506 1220 2704 1276 deinde
2738 1238 2911 1287 mors,
2955 1237 3143 1295 postea
3180 1244 3343 1282 orcus
3378 1247 3391 1282 :
3427 1228 3482 1281 in

1901 1325 2012 1381 quo
2053 1311 2433 1365 absconditum
2481 1327 2574 1381 per
2609 1313 2946 1382 sepulturam
2998 1317 3242 1371 divinum
3283 1335 3483 1388 corpus

1902 1400 2251 1457 fermentavit
2319 1403 2503 1457 omnia
2563 1405 2618 1457 in
2672 1409 3128 1463 resurrectionem
3187 1420 3240 1464 rt
3293 1413 3480 1467 vitam.

1901 1493 2042 1548 Audi
2074 1494 2237 1547 etiam
2276 1494 2385 1549 alio
2434 1497 2618 1562 modo,
2656 1512 2777 1552 esse
2826 1500 2926 1552 tria
2959 1515 3097 1562 sata,
3128 1502 3481 1571 baptismum,

1901 1584 2217 1656 Evangelia,
2250 1588 2531 1659 mysteria.
2570 1591 2743 1644 Aliter
2783 1591 2911 1646 item
2956 1593 3324 1664 intelligantur
3352 1611 3486 1664 apo-

1903 1678 2051 1743 stoli,
2098 1688 2249 1733 vates
2281 1690 2335 1734 et
2368 1681 2643 1737 doctores.
2686 1681 2751 1735 Et
2786 1684 2970 1749 aliter,
3015 1688 3309 1755 praeterita,
3346 1703 3487 1757 pra:-

1903 1770 2077 1825 sentia
2119 1778 2174 1825 et
2223 1769 2427 1825 futura.
2462 1772 2584 1826 Non
2626 1776 2772 1827 enim
2814 1788 3034 1847 propter
3070 1787 3364 1847 praesentes
3398 1780 3485 1832 in-

1903 1871 2163 1918 carnatus
2201 1864 2293 1933 (iis
2344 1864 2499 1934 solis)
2547 1867 2769 1935 profuit,
2803 1871 2895 1923 sed
2946 1880 3000 1924 et
3046 1873 3414 1940 praecedentes
3453 1891 3482 1927 a

1902 1967 2079 2013 morte
2110 1958 2474 2023 resuscitavit,
2509 1967 2564 2012 et
2598 1960 2834 2028 posteris
2862 1976 3011 2029 spem
3060 1964 3483 2018 resurrectionis

1902 2052 2187 2120 vitamque
2220 2048 2472 2116 donavit;
2512 2060 2731 2120 propter
2760 2053 2901 2121 quod
2948 2068 2978 2107 a
3020 2054 3250 2111 mortuis
3303 2057 3482 2112 susci-

1904 2151 2070 2207 tatus,
2107 2157 2293 2196 secum
2325 2142 2592 2211 quosdam
2630 2142 2994 2205 resuscitavit,
3031 2153 3081 2197 et
3121 2145 3235 2213 ipse
3264 2144 3483 2215 quidem

1903 2234 2074 2288 caelos
2103 2242 2186 2287 est
2211 2232 2513 2302 ingressus,
2544 2232 2666 2286 illos
2696 2238 2878 2286 autem
2908 2234 2961 2286 in
2994 2235 3270 2304 regionem
3299 2235 3487 2289 viven-

1906 2326 2039 2379 tium
2095 2324 2395 2388 transtulit,
2448 2325 2540 2379 ubi
2588 2325 2846 2379 Enoclius
2896 2335 2951 2380 et
3005 2326 3151 2382 Elias
3184 2337 3333 2394 sunt,
3375 2343 3485 2382 non

1904 2417 2141 2486 amplius
2179 2417 2496 2469 morituros.

2278 2505 2797 2562 INTERROGATIO
2832 2506 3118 2561 CLXXXI.

1977 2622 2430 2692 Quandoquidem
2461 2622 2609 2675 nulla
2657 2622 2814 2677 nobis
2844 2622 3355 2693 interpretationum
3400 2624 3486 2678 di-

1905 2716 2044 2769 vina:
2082 2715 2383 2785 Scriptura:
2412 2716 2637 2793 satietas
2667 2723 2770 2780 est,
2805 2715 2900 2769 sed
2932 2730 3146 2784 semper
3175 2732 3268 2770 eas
3297 2717 3491 2771 audire

1904 2806 2316 2876 desideramus;
2375 2806 2593 2860 declara
2643 2806 2801 2859 nobis
2862 2806 3177 2874 parabolam
3232 2822 3487 2876 sagenze:

1905 2897 2133 2951 multam
2166 2907 2218 2950 et
2255 2896 2354 2951 tibi
2389 2897 2696 2952 mercedem
2728 2898 3077 2957 conti-aliens.
3101 2907 3156 2952 et
3187 2900 3345 2952 nobis
3378 2898 3482 2952 uti.

1905 2984 2134 3040 litatein.
2182 2987 2321 3039 Dicit
2364 2986 2511 3040 enim
2559 2984 2824 3040 Dominus
2851 2986 2915 3048 ³⁵,
2954 2985 3153 3041 Beatus
3183 2988 3273 3057 qui
3306 2989 3489 3057 fecerit

1902 3086 1951 3131 et
2001 3076 2238 3130 docuerit
2292 3093 2461 3131 unum
2505 3086 2902 3146 praeceptorum
2953 3077 3182 3131 istorum
3217 3096 3230 3132 :
3264 3095 3486 3133 rursus-

1903 3186 2010 3240 que
2040 3170 2132 3240 qui
2172 3169 2389 3223 silentio
2424 3169 2708 3224 defoderat
2739 3178 3024 3239 acceptum
3056 3170 3126 3224 ab
3164 3171 3284 3241 ipso
3312 3175 3488 3226 talea-

1905 3266 2021 3313 tum
2057 3258 2350 3324 sermonis,
2388 3259 2716 3328 impunitum
2746 3273 2854 3312 non
2892 3259 3135 3329 reliquit.

2539 3372 2845 3441 Responsio.

1977 3464 2251 3520 Germana
2289 3463 2422 3517 mihi
2457 3464 2711 3518 videntur
2746 3463 3021 3530 prioribus
3053 3465 3215 3520 etiam
3258 3482 3321 3521 ca
3367 3482 3489 3536 quas

1905 3558 1960 3612 in
1992 3559 2091 3612 hac
2124 3556 2380 3627 parabola
2415 3554 2559 3609 dicta
2591 3567 2743 3611 sunt.
2770 3555 2960 3612 Simile
2992 3559 3135 3611 enim
3164 3568 3244 3611 est
3271 3575 3488 3627 regnum

1906 3650 2157 3704 cie/orum
2178 3665 2389 3719 sugente
2416 3650 2469 3702 in
2502 3664 2654 3703 mare
2682 3650 2953 3718 projectaa,
2981 3659 3032 3703 et
3052 3666 3116 3703 ea:
3136 3651 3276 3703 omni
3305 3666 3489 3719 genere

1905 3743 2257 3797 contra/renti.
2292 3741 2411 3807 Qua
2435 3757 2552 3794 cum
2588 3740 2807 3808 impleta
2850 3752 3005 3804 esset,
3042 3751 3278 3795 retracta
3313 3742 3368 3793 in
3395 3740 3489 3794 lit—

1906 3844 2010 3901 tus,
2041 3836 2276 3888 sedentes
2309 3832 2629 3903 collegerunt
2654 3832 2787 3885 bona
2812 3832 2866 3884 in
2886 3847 3033 3896 vasa,
3064 3830 3280 3899 putrida
3310 3840 3487 3885 autem

1904 3926 2047 3995 foras
2070 3926 2333 3994 ejecerunt
2362 3924 2425 3979 “.
2452 3921 2839 3991 Evangelicum
2879 3930 3084 3977 statum
3115 3920 3244 3974 mihi
3274 3921 3486 3975 videtur

1904 4026 2294 4089 repraesentare
2358 4031 2583 4086 sagena,
2639 4030 2805 4084 quam
2858 4022 3192 4083 acceperunt
3249 4013 3486 4083 apostoli

1902 4108 2095 4174 divini,
2147 4115 2440 4177 postquam
2488 4105 2623 4175 ipsis
2670 4103 2902 4158 dixisset
2951 4101 3214 4155 Dominus
3249 4120 3260 4154 :
3293 4101 3485 4171 Sequi-

1902 4199 2033 4253 mini
2067 4215 2169 4262 me,
2197 4207 2245 4251 et
2279 4197 2479 4268 facium
2510 4214 2597 4249 vos
2636 4195 2927 4264 piscatores
2952 4194 3222 4247 hominum
3248 4194 3312 4245 ”.
3346 4192 3488 4246 lrra-

1904 4290 2186 4345 tionalium
2222 4289 2368 4343 enim
2402 4288 2635 4359 piscium
2686 4286 2933 4358 plerique
2979 4286 3224 4355 ipsorum
3268 4285 3489 4340 fuerant

1902 4391 2225 4451 captaceres.
2282 4379 2350 4433 Hi
2404 4395 2576 4434 nexas
2622 4388 2677 4433 et
2714 4385 3028 4434 contractas
3083 4391 3150 4431 ex
3203 4375 3383 4431 Veteri
3432 4385 3488 4431 et

1898 4468 2051 4525 Novo
2088 4468 2437 4523 Testamento
2482 4484 2712 4539 sagenas
2751 4470 3113 4535 demiserunt,
3157 4476 3215 4523 et
3248 4467 3394 4522 velut
3429 4468 3485 4522 in

1902 4558 2062 4624 mari,
2098 4560 2151 4613 in
2204 4559 2459 4629 pra-senti
2498 4560 2629 4622 vita,
2672 4559 2967 4614 rationales
2999 4576 3096 4628 pro
3139 4560 3351 4614 ratione
3393 4572 3487 4612 ca-

1901 4650 2152 4705 rentibus
2200 4652 2253 4705 in
2300 4652 2435 4704 retia
2477 4651 2895 4714 concludentcs,
2926 4650 3191 4704 hactenus
3226 4665 3293 4704 ex
3331 4652 3482 4705 omni

1898 4758 2094 4814 genere
2119 4746 2472 4804 contrahunt,
2519 4751 2629 4796 tam
2672 4743 2849 4798 malos
2876 4758 3039 4812 quam
3072 4742 3268 4806 bonos,
3300 4744 3482 4812 justos

1896 4843 1949 4889 et
1977 4842 2312 4903 peccatores,
2343 4834 2733 4889 concludentes
2764 4849 2861 4889 eos
2894 4835 3075 4887 divina
3105 4850 3306 4903 sagena
3341 4851 3478 4904 pne-

1897 4927 2188 4981 dicatienis
2218 4945 2231 4989 ;
2265 4937 2319 4980 et
2353 4928 2561 4995 absque
2588 4925 2909 4980 discrimine
2934 4925 3112 4979 adhuc
3152 4926 3205 4979 in
3232 4927 3369 4978 mari
3402 4926 3479 4979 la-

1897 5019 2091 5074 borant
2119 5020 2221 5073 viri
2267 5019 2465 5086 sancti,
2500 5029 2611 5073 tam
2661 5019 2836 5074 littera
2873 5034 3041 5088 quam
3086 5020 3306 5088 spiritu.
3340 5017 3476 5073 Nam

1894 5126 2127 5182 corpore
2161 5128 2190 5166 a
2236 5112 2513 5183 plerisque
2542 5112 2762 5167 absunt.
2794 5110 2851 5165 Id
2894 5121 3074 5165 autem
3116 5112 3354 5166 eximius
3397 5113 3481 5164 in-

1896 5214 1977 5261 ter
2005 5215 2156 5261 vates
2195 5206 2364 5260 Isaias
2386 5206 2500 5275 jam
2541 5214 2667 5261 ante
2721 5205 3047 5276 quingentos
3078 5220 3257 5260 anites
3295 5207 3479 5261 excla-

1894 5299 2096 5352 mavit:
2133 5296 2251 5352 Una
2294 5315 2412 5352 cum
2444 5314 2582 5369 agno
2610 5309 2859 5368 pascatur
2881 5297 3058 5366 lupus,
3090 5307 3139 5351 et
3173 5314 3297 5350 cum
3326 5298 3482 5351 haedo

1897 5392 2221 5461 conquiescet
2253 5390 2514 5461 parantis,
2541 5400 2591 5445 et
2623 5390 2712 5444 bos
2741 5399 2795 5445 et
2823 5390 3006 5444 asinus
3031 5406 3137 5443 una
3175 5389 3355 5456 paleas
3387 5404 3478 5445 ω-

1897 5483 2127 5549 medent,
2148 5494 2197 5537 et
2224 5485 2422 5538 vitulus
2458 5496 2506 5537 et
2531 5482 2611 5537 leo
2645 5500 2751 5549 una
2783 5493 3086 5551 pascentur,
3122 5492 3171 5536 et
3192 5498 3320 5551 pater
3344 5499 3476 5552 par-

1896 5593 1987 5629 rus
2038 5576 2192 5630 ducet
2247 5576 2399 5639 ea“,
2454 5576 2658 5630 nullam
2720 5574 3125 5644 separationem
3178 5575 3481 5645 spiritualﬁ

1895 5677 2073 5726 cmtus
2111 5667 2229 5723 fore
2256 5666 2598 5735 siguiIiCans.
2629 5667 2684 5723 in
2724 5683 2790 5724 eo
2820 5667 2966 5723 enim
3000 5668 3165 5724 simul
3195 5667 3358 5724 rebus
3393 5666 3481 5723 di-

282 5851 328 5886 “
358 5852 527 5909 iC-or.
567 5870 602 5921 ι,
641 5854 732 5911 is.
808 5857 850 5889 ¹⁸
876 5854 1067 5911 Matth.
1102 5869 1152 5921 ν,
1185 5853 1271 5909 19.
1352 5853 1395 5884 ⁸⁵
1422 5850 1614 5907 Matth.
1646 5864 1762 5918 xm,
1793 5876 1800 5893 ι

1907 5848 1997 5904 48.
2079 5847 2118 5880 ⁸⁷
2151 5846 2342 5903 Matth.
2371 5863 2444 5916 tv,
2484 5848 2567 5905 l9.
2648 5848 2690 5881 ¹³
2721 5842 2827 5902 lsa.
2856 5859 2933 5911 ιι,
2966 5842 3021 5913 6,
3056 5842 3108 5899 τ.
