4006 6386
527 423 666 482 U55

526 542 668 595 vinis
721 538 1022 609 pascimur.
1085 549 1195 594 tam
1259 551 1508 611 raptores
1570 557 1733 611 quam
1788 541 2104 604 homicidae,

529 633 796 686 mansueti
835 641 889 686 et
917 631 1177 697 immites,
1211 649 1241 687 a
1273 649 1443 704 parvo
1481 649 1653 704 puero
1692 635 1843 688 ducti
1873 653 1886 689 :
1915 635 1983 688 de
2005 651 2115 704 qun

528 724 656 779 alibi
691 724 834 777 idem
871 724 1045 793 inquit
1071 741 1083 778 :
1119 721 1262 777 Puer
1289 735 1446 779 natus
1472 738 1546 780 est
1576 726 1745 789 nobis,
1774 735 1823 779 et
1849 725 1994 795 ﬁlius
2019 727 2110 778 da-

528 825 612 868 tus
641 824 717 868 est
745 813 916 878 nobis,
939 824 988 868 et
1012 815 1285 868 vocabitur
1310 832 1496 870 nomen
1516 817 1632 885 ejus
1661 817 1796 870 Deus
1824 817 2115 886 fortis,do-

528 907 758 958 minator
783 907 846 958 ".
865 904 1093 971 Quando
1110 921 1240 960 vero
1262 907 1754 962 consummationis
1779 917 1993 978 tempus
2013 909 2114 961 ad-

527 997 756 1060 venerit,
781 997 1056 1051 rctrahent
1076 1013 1194 1051 eam
1220 999 1273 1051 in
1303 999 1476 1064 littus,
1507 1011 1559 1054 et
1586 1001 1886 1054 secundum
1917 1007 2109 1053 nutum

527 1089 731 1144 Clu-isti
765 1106 871 1144 una
912 1106 1036 1145 cum
1077 1093 1284 1161 angelis
1321 1094 1718 1162 separationem
1755 1109 1946 1147 eorum
1991 1107 2115 1162 qua:

528 1180 714 1233 insunt
742 1181 1026 1246 facientes,
1063 1183 1362 1252 llagitiosos
1392 1201 1457 1238 cx
1495 1185 1676 1240 medio
1706 1185 1985 1256 juslorum
2021 1201 2112 1241 sc-

527 1272 850 1342 grcgabuut.

884 1472 1399 1532 INTERROGATIO
1441 1477 1754 1533 CLXXXII.

598 1585 736 1649 Quid
757 1585 1029 1654 siguilicat
1053 1586 1340 1655 Dominus,
1358 1590 1519 1648 Petro
1547 1597 1838 1660 mandans,
1859 1607 1917 1650 ut
1946 1596 2104 1651 aheat

527 1681 582 1726 et
631 1674 852 1727 hamum
911 1676 1112 1742 mittat,
1169 1687 1223 1733 et
1277 1691 1466 1750 aperto
1511 1697 1607 1737 ore
1655 1684 1820 1754 piscis
1869 1686 2110 1755 primum

527 1765 760 1832 egressi,
808 1764 1088 1822 inventum
1126 1777 1384 1825 staterem
1437 1773 1529 1828 det
1559 1789 1658 1844 pro
1694 1791 1752 1830 se
1794 1787 1850 1830 et
1885 1777 1998 1844 illo,
2043 1778 2112 1832 iis

527 1854 621 1922 qui
656 1855 878 1926 exigunt
905 1875 1129 1916 censum
1160 1872 1213 1917 et
1243 1862 1559 1920 didrachma
1587 1867 1676 1920 ὀἳ

1182 2064 1494 2136 Responsio.

603 2146 723 2202 Non
751 2160 903 2206 extra
940 2151 1212 2222 duplicem
1257 2172 1484 2213 sensum
1533 2159 1698 2214 etiam
1746 2159 1850 2215 ista
1879 2161 2011 2218 mihi
2040 2162 2122 2216 di-

527 2247 617 2294 cta
642 2241 918 2296 videntur.
967 2241 1238 2301 Staterem
1269 2247 1416 2302 enim
1467 2265 1631 2320 quem
1664 2247 1863 2306 Petrus
1893 2268 1956 2307 ex
1991 2268 2120 2323 pro-

529 2331 699 2386 fundo
746 2333 800 2386 in
826 2335 976 2404 pisce
1021 2337 1484 2408 acciperejussus
1523 2349 1608 2396 est
1656 2341 1842 2407 hamo,
1875 2355 2120 2399 nostram

529 2421 765 2476 formam
795 2437 948 2494 puto,
974 2442 1098 2495 quae
1121 2428 1269 2482 velut
1292 2429 1348 2482 in
1381 2428 1682 2500 profundo,
1715 2443 1902 2502 utpote
1934 2435 1987 2488 in
2019 2436 2122 2489 hac

529 2515 641 2570 vita
675 2527 922 2572 contecta
949 2518 1257 2587 aﬂ‘ectibus,
1285 2531 1340 2576 et
1375 2523 1664 2579 submersa
1695 2524 1956 2580 ﬂuctibus
1992 2542 2121 2595 pec-

528 2609 678 2673 cati,
732 2609 982 2666 ﬂuctuat.
1048 2610 1146 2666 Sin
1181 2613 1360 2669 minus
1396 2616 1523 2680 hoc,
1583 2631 1704 2670 eam
1749 2618 2119 2673 detentioncm

531 2700 731 2767 nostri,
756 2717 879 2771 qua:
913 2702 967 2755 in
997 2717 1128 2758 orco
1149 2719 1245 2774 per
1275 2715 1506 2760 mortem
1543 2704 1687 2762 facta
1717 2717 1802 2762 est
1822 2752 1837 2776 ,
1867 2726 2032 2780 quam
2067 2713 2119 2764 in

530 2792 826 2863 semetipso
855 2795 920 2846 ad
966 2795 1206 2863 primum
1251 2798 1532 2866 exemplar
1560 2796 1828 2854 Dominus
1862 2815 2119 2868 revocat,

530 2897 632 2953 pro
660 2901 719 2940 se
747 2895 798 2940 et
830 2884 995 2941 Petro
1029 2887 1147 2940 dari
1181 2897 1439 2943 staterem
1475 2889 1699 2959 jubens,
1739 2901 1998 2961 tanquam
2025 2909 2123 2946 no-

531 2977 631 3032 stri
655 2976 851 3030 similis
882 2977 1049 3030 homo
1072 2975 1268 3040 factus,
1296 2979 1500 3034 nostris
1518 2977 1803 3034 aﬂ‘cctihus
1824 2981 2117 3045 obnoxius,

531 3078 587 3124 et
626 3069 692 3123 ad
732 3067 972 3122 dandum
1021 3068 1286 3122 tributum
1319 3071 1655 3140 requisitus,
1705 3078 1932 3142 excepto
1974 3073 2121 3142 quod

532 3160 818 3216 vitiositati
853 3175 961 3214 non
988 3162 1175 3224 cessit,
1210 3176 1312 3216 nec
1347 3163 1655 3233 obsequens
1685 3163 1862 3219 iactus
1889 3176 2000 3230 est,
2034 3167 2120 3222 vel

533 3254 820 3308 declinans
848 3252 914 3306 ad
943 3252 1206 3306 deterius.
1244 3250 1350 3307 Pro
1376 3269 1435 3309 se
1461 3263 1642 3309 autem
1676 3266 1730 3311 et
1757 3255 1920 3312 Petro
1951 3267 2120 3312 statea

543 3361 660 3400 rem
733 3344 1006 3416 praebens,
1057 3360 1159 3416 pro
1200 3345 1440 3402 Ecclesia
1501 3348 1842 3405 voluntarius
1895 3351 2120 3421 patitur.

535 3436 680 3492 Dicit
705 3437 848 3491 enim
874 3437 924 3491 ei
963 3454 977 3491 :
1027 3435 1104 3492 Tu
1136 3454 1188 3491 es
1233 3437 1444 3502 Petrus,
1486 3451 1535 3493 et
1573 3456 1730 3508 super
1755 3442 1892 3495 hanc
1921 3452 2125 3512 petram

538 3529 818 3597 cdiﬁcabo
847 3544 1016 3582 meam
1049 3528 1345 3584 Ecclesiam
1367 3532 1434 3586 “.
1492 3529 1596 3586 Per
1627 3535 1984 3602 semetipsum
2025 3548 2125 3586 au-

535 3625 642 3676 tem
682 3623 842 3676 docet
885 3621 1082 3691 ipsam.
1137 3621 1452 3678 IE-iilicatio
1483 3625 1630 3677 cnim
1676 3625 2008 3688 animarum,
2043 3641 2127 3678 re-

536 3729 658 3768 rum
703 3715 1016 3769 divinarum
1062 3717 1338 3772 institutio
1389 3724 1495 3781 est,
1549 3717 1784 3787 lapidem
1830 3717 2037 3771 habens
2071 3717 2125 3770 in

534 3818 700 3878 caput
722 3808 909 3878 anguli
930 3809 1256 3878 primarium
1283 3811 1610 3878 magistrum
1635 3811 1907 3874 omnium,
1934 3827 2128 3880 nempe

536 3897 842 3962 Christum,
870 3900 936 3954 de
978 3915 1088 3969 quo
1131 3900 1310 3970 inquit
1353 3904 1659 3955 carminum
1696 3901 1786 3956 ille
1817 3902 2125 3955 divinorum

539 4000 730 4046 auctor
770 4011 782 4046 :
824 3990 1084 4061 Lapidem
1131 4011 1281 4062 quem
1323 3994 1733 4064 reprobaverunt
1776 3995 2125 4064 wdificuntes,

538 4099 634 4153 per
680 4085 851 4154 legem
905 4085 1168 4138 nimirum
1207 4085 1403 4150 Judaei,
1441 4087 1525 4139 In'c
1559 4088 1735 4157 factus
1769 4098 1843 4140 est
1880 4089 1934 4139 in
1972 4097 2130 4156 caput

539 4179 722 4248 anguli
768 4181 836 4231 υ.
885 4177 952 4231 Ει
999 4195 1190 4234 rursus
1236 4179 1380 4233 idem
1422 4179 1477 4233 in
1531 4195 1766 4249 persona
1813 4181 2007 4249 lapidis
2043 4183 2127 4234 inm

539 4274 659 4340 quit
687 4289 699 4324 :
736 4269 801 4323 In
832 4271 1004 4338 capite
1044 4269 1170 4324 libri
1213 4271 1471 4340 scriptum
1497 4281 1574 4325 est
1599 4273 1662 4325 de
1695 4289 1776 4326 me
1798 4273 1862 4326 ⁸³.
1899 4271 1953 4325 Id
1985 4271 2130 4341 quod

538 4359 779 4414 Joannes
827 4361 1108 4423 revelavit,
1159 4361 1291 4415 dum
1338 4362 1560 4426 clamat,
1613 4362 1681 4414 In
1721 4363 1982 4431 principio
2015 4375 2128 4414 erat

554 4451 796 4514 Verbum,
839 4461 890 4505 et
933 4449 1160 4506 Verbum
1195 4464 1310 4507 erat
1351 4454 1493 4524 apud
1537 4453 1722 4518 Deum,
1762 4465 1809 4508 et
1844 4454 1981 4508 Deus
2019 4463 2132 4507 erat

553 4539 780 4596 Verbum
823 4541 884 4605 “,
919 4543 1174 4596 videlicet
1214 4545 1364 4597 carui
1403 4545 1637 4607 unitum,
1686 4553 1741 4600 et
1797 4560 1895 4614 per
1931 4555 2133 4601 semct-

543 4635 723 4704 ipsum
775 4635 1032 4688 erudiens
1085 4648 1211 4687 eum
1262 4651 1358 4702 per
1393 4635 1482 4688 illa
1528 4652 1652 4705 quze
1692 4637 1758 4690 de
1794 4638 1944 4706 pisce
1987 4637 2132 4692 dicta

545 4733 675 4778 sunt
699 4733 754 4776 et
788 4727 854 4777 de
882 4733 1115 4788 statere,
1145 4740 1321 4793 neque
1358 4727 1469 4795 regi
1522 4741 1701 4796 neque
1733 4729 1964 4798 principi
1997 4731 2135 4784 resi-

545 4815 832 4877 stendum,
881 4815 1021 4869 citra
1076 4831 1277 4868 noxam
1337 4815 1543 4885 aliquid
1599 4819 1981 4887 praecipienti,
2038 4819 2132 4872 sed

546 4923 706 4978 aequo
753 4910 941 4962 animo
984 4924 1042 4963 se
1098 4909 1303 4964 tributo
1358 4911 1810 4965 submittcudum.
1867 4911 2042 4965 Simul
2083 4921 2137 4965 et

546 5005 718 5057 Deum
767 5017 827 5056 se
876 5003 962 5057 his
1006 5002 1143 5071 ipsis
1182 5002 1600 5056 demonstravit.
1643 4999 1799 5056 Unde
1839 5005 1984 5057 enim
2032 5005 2136 5073 ipsi

547 5108 877 5164 cognoscere
908 5093 1169 5155 iicuisset,
1192 5095 1235 5148 si
1272 5093 1440 5147 homo
1473 5102 1594 5147 erat
1619 5093 1928 5147 secundum
1961 5104 2137 5147 tcum-

547 5188 768 5241 lentiam
802 5202 990 5240 eorum
1032 5187 1124 5256 qui
1175 5187 1348 5256 ipsius
1404 5185 1743 5239 divinitatem
1782 5187 2135 5255 impngnant,

548 5275 694 5344 quod
729 5274 895 5344 piscis
931 5275 989 5328 in
1029 5275 1302 5342 prolundo
1352 5283 1611 5328 statercm
1658 5274 1885 5328 haberet
1929 5275 1982 5326 in
2019 5290 2134 5340 ore,

548 5377 601 5419 et
663 5366 810 5434 quod
867 5381 974 5418 non
1025 5367 1075 5418 iu
1145 5381 1348 5429 carne,
1400 5366 1494 5419 sed
1554 5366 1608 5418 in
1667 5380 1764 5420 ore
1824 5366 2137 5419 teneretur?

552 5455 775 5520 Deinde,
814 5457 959 5525 quod
984 5457 1192 5524 primus
1224 5455 1314 5510 ille
1336 5456 1400 5509 ad
1440 5457 1663 5510 hamum
1695 5467 1841 5512 esset
1861 5457 2137 5512 adducen-

553 5544 692 5597 dus?
718 5556 771 5598 et
795 5560 925 5598 num
963 5561 1062 5599 sua
1089 5557 1280 5615 Sponte
1304 5546 1474 5616 piscis
1511 5548 1776 5602 accedens
1807 5548 1874 5602 ad
1913 5551 2136 5603 hamum

555 5637 778 5702 veniret,
817 5638 1007 5706 sicque
1051 5637 1144 5690 Dei
1193 5646 1361 5703 esset,
1415 5647 1601 5708 utpote
1645 5641 1740 5709 qui
1793 5640 2138 5708 praedixisset

551 5739 833 5796 capturam
870 5729 1123 5784 animalis
1153 5737 1412 5785 staterem
1445 5731 1497 5784 in
1523 5739 1712 5801 aperto
1746 5744 1842 5785 ore
1864 5729 2140 5784 tenentis?

633 5909 672 5940 ⁸³
721 5909 822 5962 lsa.
851 5926 924 5974 ιι,
948 5910 1000 5962 6.
1079 5910 1124 5942 ¹⁰
1158 5909 1346 5965 Matth.
1377 5911 1596 5977 “1,26.
1675 5912 1715 5943 ¹¹
1748 5910 1939 5966 Matth.
1980 5926 2090 5978 xw,
2125 5910 2210 5965 l8.
2271 5914 2314 5943 "
2348 5911 2491 5968 Psal.
2515 5930 2682 5981 cwn,
2706 5914 2796 5968 22.
2854 5917 2898 5946 "
2923 5915 3144 5972 Psal.xx
3177 5931 3289 5980 xu,
3325 5916 3380 5972 8.

1604 422 1660 475 S.
1699 420 2001 478 (LESMHI
2036 418 2365 474 GBEGORII
2419 419 2723 476 FRATRIS

2214 541 2525 613 ἀδιάκριτον
2574 540 2856 610 ἐμφαίνων
2897 541 2995 609 τῆς
3037 538 3411 608 πνευματικῆς
3463 534 3844 605 ὁμηγύρεως.

2232 633 2397 704 Ὀμοῦ
2426 634 2533 704 γὰρ
2566 635 2623 686 ὲν
2652 634 2788 704 αὑτῇ
2818 633 2886 686 τὰ
2908 632 3026 684 θεῖα
3056 629 3350 702 νεμόμεθα,
3377 629 3516 682 οἵτε
3547 627 3843 699 ἅρπαγες.

2219 727 2314 778 καὶ
2342 726 2572 794 φονικοὶ,
2611 725 2706 778 καὶ
2739 726 2936 795 πραεῖς
2973 723 3070 775 καὶ
3111 722 3415 791 ἀνήμεροι,
3471 717 3589 770 ὑπὸ
3633 713 3843 785 μικροῦ

2219 818 2432 871 παιδίου
2462 817 2753 886 ἀγόμενοι*
2792 815 2920 884 περὶ
2950 809 3010 868 οὑ
3040 811 3267 883 ἑτέρωθι
3296 813 3324 862 6
3346 809 3534 871 αὐτὸς,
3571 804 3843 859 Παιδίον

2215 909 2506 980 ἐγεννήθη
2530 909 2694 977 ἡμῖν,
2726 907 2824 961 καί
2860 905 2990 971 υίὸς
3015 904 3192 970 ἐδόθη
3223 901 3386 971 ἡμῖν,
3416 900 3519 952 καὶ
3548 895 3843 950 καλεῖται

2215 1002 2282 1056 τὸ
2339 1000 2527 1069 ὄνομα
2585 999 2768 1053 αὐτοῦ
2822 997 2968 1062 Θεὸς
3030 994 3317 1063 ισχυρός,
3379 984 3844 1056 ἐξουσιηστής.

2226 1092 2477 1146 Ἐπειδὰν
2516 1091 2573 1144 δὲ
2597 1094 2624 1145 6
2658 1091 2759 1161 τῆς
2787 1087 3096 1149 συντελείας
3141 1087 3335 1154 ἐπιστῇ
3363 1082 3588 1152 καιρὸς,
3635 1076 3840 1132 ἀναϐι-

2219 1181 2481 1236 ϐἀσουσιν
2512 1181 2684 1252 αὑτὴν
2720 1181 2815 1233 ἐπὶ
2857 1178 2949 1232 τὸν
2984 1176 3248 1245 αἰγιαλὸν,
3293 1174 3388 1228 καὶ
3414 1173 3667 1243 νεύματι
3702 1170 3842 1237 Χρι-

2221 1274 2347 1328 στοῦ
2371 1273 2487 1345 ἅμα
2509 1273 2757 1343 ἀγγέλοις
2773 1273 2870 1344 τὴν
2887 1272 3158 1342 διάκρισιν
3173 1269 3282 1321 τῶν
3298 1266 3534 1320 ἐνόντων
3553 1264 3734 1316 ποιού
3743 1278 3841 1332 μευ

2225 1389 2325 1434 νοι,
2340 1371 2467 1434 τοὺς
2489 1369 2796 1440 μοχθηροὺς
2813 1369 2876 1420 ὲκ
2897 1367 2962 1438 μέ
2972 1384 3063 1419 σου
3080 1365 3186 1418 τῶν
3202 1364 3424 1417 δικαίων
3435 1361 3835 1432 ἀφορίζουσιν.

2692 1478 2702 1487 ’
2783 1478 3035 1534 ΠΕΥΣΙΣ
3069 1476 3237 1530 PIIB'.

2289 1595 2354 1648 Τί
2387 1594 2640 1666 σημαίνει
2671 1595 2698 1646 ὀ
2739 1591 2942 1662 Κύριος
2981 1589 3059 1661 τῷ
3105 1588 3298 1660 Πέτρῳ
3324 1585 3568 1641 κελεύων
3621 1602 3832 1655 πορευ-

2218 1686 2378 1757 θῆναι
2404 1687 2496 1740 καὶ
2526 1685 2706 1756 βαλεῖν
2730 1686 3044 1754 ἄγκιστρον,
3076 1683 3171 1734 καὶ
3203 1681 3296 1734 τοῦ
3326 1681 3640 1742 ἀναϐάντος
3683 1677 3835 1749 πρώ-

2219 1797 2312 1832 του
2345 1778 2524 1850 ίχθύος
2553 1775 2762 1840 ἀνοῖξαι
2794 1777 2853 1829 τὸ
2898 1775 3073 1846 στόμα
3097 1813 3112 1838 ,
3154 1775 3251 1827 καὶ
3291 1773 3381 1826 τὸν
3423 1772 3836 1844 εὑρισκόμενον

2225 1871 2469 1942 στατῆρα
2494 1870 2678 1923 δοῦναι
2707 1869 2820 1922 ἀνθ’
2852 1867 3046 1921 ἑαυτοῦ
3072 1866 3349 1930 κάκείνου,
3379 1869 3495 1928 τοῖς
3519 1863 3834 1918 ἀπαιτοῦσι

2223 1963 2313 2016 τὸν
2342 1963 2539 2033 κῆνσον
2572 1963 2667 2016 καὶ
2697 1961 2764 2014 τά
2793 1960 3063 2031 δίδραχμα
3090 1977 3106 2025 ;

2841 2074 3200 2142 Ἀπόκρισις.

2292 2167 2408 2220 Οὑκ
2451 2164 2556 2231 ἔξω
2599 2167 2864 2237 διχονοίας
2914 2165 3007 2218 καὶ
3051 2163 3176 2216 τάδε
3228 2179 3318 2233 μοι
3351 2162 3522 2216 δοκεῖ.
3569 2161 3690 2214 Τὸν
3721 2163 3831 2232 γὰρ

2224 2259 2488 2330 στατῆρα,
2521 2259 2580 2312 ὃν
2611 2260 2640 2312 ὁ
2665 2259 2872 2329 Πέτρος
2899 2258 2966 2310 ὲκ
2993 2256 3088 2310 τοῦ
3119 2254 3282 2326 βυθοῦ
3308 2257 3366 2308 ὲν
3410 2253 3493 2324 τῷ
3543 2253 3702 2325 ίχθύῖ
3731 2253 3831 2306 λα-

2223 2349 2337 2402 ϐεῖν
2366 2349 2678 2421 προσετάγη
2718 2349 2798 2420 τῷ
2837 2348 3151 2420 ἀγκίστρῳ,
3195 2347 3412 2419 μορφὴν
3457 2347 3629 2418 ἡμῶν
3660 2346 3833 2408 δοκῶ,

2221 2439 2384 2493 οἱονεὶ
2416 2443 2474 2494 ὲν
2521 2440 2670 2512 βυθῷ
2713 2439 2792 2510 τῷ
2841 2440 2943 2511 βίῳ
2977 2439 3398 2509 καλυπτομένην
3439 2440 3557 2502 τοῖς
3589 2437 3828 2498 πάθεσι,

2222 2532 2317 2585 καὶ
2344 2531 2674 2602 ὑποϐρύχιον
2699 2533 2958 2602 κυμάτων
2995 2531 3268 2603 ἁμαρτίας
3302 2529 3624 2602 κυμαίνειν.
3674 2531 3742 2583 Εἰ
3773 2532 3831 2582 δὲ

2225 2622 2300 2694 μὴ
2331 2621 2487 2676 τούτο
2511 2662 2526 2688 ,
2571 2623 2672 2694 τὴν
2710 2624 2769 2676 ἐν
2799 2622 2902 2696 ᾅδῃ
2933 2622 3168 2694 κατοχὴν
3196 2621 3228 2693 ὴ
3239 2621 3354 2692 μῶν
3385 2621 3707 2691 γενομένην
3745 2621 3832 2673 διὰ

2225 2713 2479 2778 Θανάτου,
2517 2715 2584 2785 ἢν
2611 2717 2668 2768 ὲν
2697 2713 2844 2784 αὑτῷ
2879 2714 3016 2785 πρὸς
3044 2714 3105 2766 τὸ
3126 2713 3433 2785 ἀρχέτυπον
3457 2713 3831 2766 ἀνακαλεῖται

2221 2808 2250 2859 ὁ
2279 2806 2507 2878 Κύριος,
2548 2807 2665 2860 ἀνθ’
2699 2805 2894 2860 ἑαυτοῦ
2935 2807 3028 2859 καὶ
3057 2807 3266 2875 Πέτρου
3299 2804 3530 2874 δοθῆναι
3562 2805 3664 2857 τὸν
3699 2821 3831 2857 σταο

2221 2898 2366 2969 τῆρα
2385 2897 2846 2969 διακελευόμενος,
2867 2898 2942 2961 ὡς
2969 2898 3262 2968 γενόμενος
3283 2894 3406 2948 καθ’
3423 2897 3581 2968 ἡμᾶς
3612 2894 3646 2965 β
3655 2896 3830 2967 ροτὺς,

2222 2993 2332 3052 τοῖς
2358 2989 2513 3060 ἡμῶν
2542 2989 2766 3042 πάθεσιν
2792 2989 3146 3057 ὑποκείμενος
3203 2991 3294 3040 καὶ
3326 2988 3636 3058 φορολογού
3648 3006 3828 3058 μενος.

2229 3079 2369 3151 πλὴν
2387 3081 2452 3151 τῇ
2475 3077 2674 3149 ἀνοσίῳ
2695 3078 2862 3150 κακίᾳ
2881 3076 3072 3150 μείνας
3095 3079 3441 3144 ἀνύπεικτος,
3463 3081 3568 3135 καὶ
3590 3081 3825 3144 ἀκλινὲς

2225 3172 2304 3245 τῷ
2336 3172 2559 3244 χείρονι.
2602 3169 2742 3223 ’Λνθ⁹
2770 3167 2967 3223 ἑαυτοῦ
2995 3169 3052 3224 δὲ
3081 3172 3174 3224 καὶ
3203 3172 3414 3242 Πέτρου
3443 3172 3541 3224 τὸν
3572 3173 3825 3240 στατῆρα

2224 3263 2632 3336 παρεχόμενος,
2734 3250 2877 3326 ὑπὲρ
2912 3250 3012 3323 τῆς
3063 3256 3386 3330 Ἐκκλησίας
3422 3257 3639 3328 πάσχει
3673 3255 3829 3312 ἑκών.

2227 3353 2366 3424 Φησὶ
2398 3350 2508 3422 γὰρ
2540 3349 2710 3422 αὐτῷ,
2760 3349 2846 3406 Σὺ
2880 3345 2940 3404 εἷ
2964 3349 3208 3419 Πέτρος,
3239 3347 3337 3401 καί
3373 3347 3474 3400 ἐπὶ
3526 3349 3733 3416 ταύτῃ
3765 3345 3833 3413 τῇ

2225 3443 2413 3512 πέτρᾳ
2445 3441 2823 3512 οἰκοδομήσω
2847 3459 2969 3512 μου
2998 3440 3113 3509 τὴν
3160 3439 3559 3507 Ἐκκλησίαν
3598 3440 3676 3493 δι’
3708 3441 3830 3494 ἑαυ-

2225 3536 2320 3590 τοῦ
2354 3536 2408 3589 δὲ
2441 3534 2712 3589 παιδεύων
2747 3535 2941 3606 αὑτήν.
2978 3533 3251 3604 Οἰκοδομὴ
3282 3532 3393 3603 γὰρ
3424 3531 3631 3602 ψυχῶν
3668 3535 3708 3604 ἠ
3735 3535 3834 3586 τῶν

2229 3630 2388 3682 θείων
2417 3629 2655 3700 ὑπάρχει
2691 3627 3003 3701 παίδευσις,
3035 3625 3180 3680 λίθον
3220 3626 3418 3696 ἔχουσα
3457 3628 3548 3689 είς
3585 3628 3835 3696 κεφαλὴν

2227 3721 2430 3789 γωνίας
2454 3719 2546 3772 τὸν
2586 3717 2942 3788 καθηγεμόνα
2982 3717 3208 3771 πάντων
3254 3715 3490 3788 Χριστόν
3517 3733 3532 3744 ·
3600 3720 3744 3788 περὶ
3782 3712 3834 3768 οἱ

2229 3829 2392 3884 φησιν
2435 3813 2464 3864 6
2508 3810 2616 3864 τῶν
2659 3810 2818 3864 θείων
2859 3809 3095 3881 μελῳδὸς
3125 3827 3139 3840 ν
3191 3809 3374 3863 Λίθον
3420 3807 3499 3862 ὃν
3551 3810 3834 3864 ἀπεδοκίν

2224 3919 2433 3975 μασαν
2466 3906 2520 3957 οἱ
2555 3900 3034 3970 οἰκοδομοῦντες,
3074 3900 3162 3953 διά
3198 3899 3290 3953 τοῦ
3331 3901 3504 3970 νόμου
3567 3901 3836 3964 Ἰουδαῖα,

2233 3990 2411 4060 οὗτος
2437 3992 2691 4062 ἐγενήθη
2722 3995 2806 4057 εις
2840 3989 3116 4060 κεφαλὴν
3145 3989 3365 4059 γωνίας
3393 4005 3409 4020 ο
3463 3991 3573 4043 καὶ
3615 3992 3791 4044 πάλιν
3813 3994 3837 4041 ὁ

2231 4085 2427 4150 αὐτὸς,
2475 4087 2539 4138 ὲκ
2583 4082 2875 4155 προσώπου
2915 4082 3007 4136 τοῦ
3036 4081 3186 4135 λίθου
3224 4080 3364 4152 ἔφη,
3411 4079 3524 4134 Ἐν
3552 4085 3838 4152 κεφαλίδι

2227 4179 2450 4242 βίϐλου
2479 4177 2802 4247 γέγραπται
2835 4175 2965 4244 περὶ
3001 4177 3170 4245 ἐμοῦ.
3213 4177 3278 4229 ’0
3331 4174 3602 4248 Ἰωάννης
3635 4181 3840 4232 ἀνακλα-

2234 4271 2426 4342 λύψας,
2465 4272 2592 4342 βοᾷ·
2644 4271 2747 4324 Ἐν
2774 4267 2934 4337 ἀρχῇ
2969 4265 3049 4338 ἦν
3093 4270 3142 4322 δ’
3171 4267 3381 4338 Λόγος,
3428 4269 3534 4322 καὶ
3579 4275 3614 4324 ὁ
3654 4274 3843 4340 Λότες

2232 4357 2312 4433 ἦν
2339 4361 2489 4429 πρὸς
2524 4361 2631 4414 τὸν
2662 4359 2829 4424 Θεὸν,
2860 4359 2957 4411 καὶ
2989 4358 3134 4423 Θεὸς
3163 4354 3244 4428 ἦν
3273 4362 3307 4412 ό
3342 4359 3566 4428 Λόγος,
3604 4363 3635 4413 6
3687 4363 3844 4433 σαρκὶ

2235 4453 2488 4513 ένωθεὶς,
2542 4451 2636 4504 καὶ
2680 4451 2747 4503 δι’
2794 4449 2989 4502 ἑαυτοῦ
3043 4447 3317 4502 παιδεύων
3359 4449 3574 4520 αὐτὴν,
3612 4451 3712 4505 διὰ
3748 4454 3845 4504 τίμα

2235 4543 2363 4613 περὶ
2392 4541 2484 4596 τοῦ
2518 4541 2698 4613 ἰχθύος
2743 4541 3071 4613 εἰρημένων,
3104 4542 3198 4594 καὶ
3236 4540 3329 4594 τοῦ
3361 4543 3676 4614 στατῆρος,
3718 4546 3846 4615 μηδὲ

2239 4632 2449 4702 βασιλεῖ
2497 4633 2530 4703 ἢ
2575 4633 2795 4704 ἄρχοντι
2831 4631 3278 4697 ἀντιτάττεσθαι,
3313 4633 3580 4697 ἀϐλαϐῶς
3625 4637 3850 4690 ἐπιτάτ-

2236 4739 2382 4775 τοντι
2405 4762 2420 4785 ,
2471 4723 2585 4776 ἀλλ’
2617 4724 2974 4794 εὐγνωμόνως
3003 4723 3436 4794 φορολογεῖσθαι.
3475 4726 3642 4794 ’Δμα
3676 4728 3739 4781 δὲ
3769 4731 3852 4782 καὶ

2237 4813 2368 4866 Θεὸν
2393 4815 2581 4866 ἑαυτὸν
2611 4817 2723 4878 τοῖς
2757 4817 2940 4877 αὐτοῖς
2968 4814 3289 4879 ἀποδεικνύς
3309 4834 3322 4846 ο
3361 4816 3531 4869 πόθεν
3556 4819 3678 4890 γὰρ
3711 4820 3852 4889 αὐτῷ

2239 4906 2548 4974 γινώσκειν,
2584 4907 2741 4978 εἴπερ
2774 4906 2962 4978 βροτὸς
2994 4906 3227 4977 ὑπῆρχε,
3268 4908 3408 4961 κατά
3449 4908 3557 4980 τὴν
3591 4911 3713 4965 τῶν
3747 4915 3853 4966 θεοο

2244 5001 2431 5070 μάχων
2484 4999 2770 5070 παροινίαν
2795 5041 2810 5065 ,
2865 5002 2948 5054 ὅτι
2997 4999 3150 5070 ίχθὺς
3191 5003 3250 5054 ὲν
3279 5000 3358 5071 τῷ
3403 5000 3564 5071 βυθῷ
3601 5006 3854 5075 στατῆρα

2238 5090 2351 5160 ἔχει
2401 5092 2460 5145 ἐν
2503 5091 2581 5161 τῷ
2625 5091 2875 5161 στόματι,
2911 5092 3006 5144 καὶ
3035 5093 3116 5145 ὅτι
3149 5093 3211 5144 οὑ
3245 5095 3312 5163 τῇ
3353 5095 3549 5162 σαρκὶ,
3603 5096 3755 5148 ἀλλὰ
3788 5097 3854 5165 τῷ
3953 5090 3955 5112 ἰ

2240 5183 2471 5254 στόματι
2511 5183 2726 5252 Exstat;
2771 5184 3005 5237 Ἔπειτα
3035 5185 3094 5238 δὲ
3139 5185 3234 5238 καὶ
3271 5185 3354 5238 ὃτι
3381 5185 3618 5256 πρῶτος
3645 5192 3854 5250 ἐκεῖνος

2238 5273 2317 5344 τῷ
2350 5274 2635 5345 ἀγκίστρῳ
2686 5273 3023 5345 ἀχθήσεται;
3077 5275 3172 5327 καὶ
3211 5274 3262 5326 εί
3307 5274 3406 5344 μὲν
3457 5276 3785 5346 αὐτόμολος
3830 5281 3853 5328 ὁ

2244 5366 2397 5437 ίχθὺς
2425 5367 2518 5419 ἐπὶ
2542 5366 2603 5419 τὸ
2625 5367 2922 5438 ἄγκιστρον
2951 5368 3099 5437 ἥκει,
3133 5366 3228 5420 καὶ
3252 5366 3427 5430 οὑτως
3452 5367 3605 5423 Θεοῦ
3635 5372 3706 5423 τὸ
3735 5389 3857 5443 προ-

2245 5457 2406 5527 φῆναι
2435 5456 2533 5528 τὴν
2576 5456 2779 5510 ἆλωσιν
2805 5457 2900 5510 τοῦ
2934 5457 3074 5522 ζώου
3119 5458 3212 5512 τὸν
3264 5459 3517 5528 στατῆρα
3573 5463 3856 5532 ἐγκεχαμ·

2248 5565 2443 5620 μενου;
2487 5550 2550 5601 Εἰ
2591 5549 2668 5612 δὲ,
2707 5551 2846 5620 ὅπερ
2888 5549 3272 5621 ἀληθέστερον,
3303 5551 3532 5620 ἀοράτῳ
3573 5551 3860 5622 θειότητος

2243 5641 2312 5710 τῇ
2342 5638 2502 5711 ῥώμῃ
2528 5634 2661 5709 ἦγεν
2698 5640 2860 5693 αὑτὸν
2901 5642 2994 5695 ἐπὶ
3023 5641 3083 5695 τὸ
3109 5643 3433 5714 ἄγκιστρον,
3472 5645 3707 5708 ἐκεῖνος
3737 5649 3861 5717 dir;

2249 5729 2358 5793 θῶς
2387 5729 2652 5801 ὑπῆρχεν,
2687 5733 2716 5783 6
2755 5730 2833 5802 τῷ
2859 5733 3014 5804 κήτει
3045 5733 3311 5799 ἐπιτάξας
3341 5732 3618 5798 δέξασθαι
3647 5739 3756 5810 μὲν
3783 5742 3862 5791 τὸν

3467 5919 3515 5950 ⁸⁸
3539 5917 3720 5976 Joau.
3755 5937 3796 5987 ι,
3814 5916 3863 5980 ί.
