4006 6386
245 325 382 382 tun
435 311 438 314 ’

257 443 464 505 Ἰωνᾶν,
502 441 686 512 ἀπαθῆ
715 442 773 495 θέ
803 445 1108 516 φρουρῆσαι
1136 449 1432 522 τριήμερον
1461 453 1518 505 ἐν
1546 455 1623 524 τῷ
1646 455 1811 527 βυθῷ,

241 535 335 588 καὶ
362 535 529 598 οὕτως
564 536 700 588 σῶον
726 538 819 589 καὶ
846 539 1155 610 ἐρρωμένον
1185 543 1276 596 ἐπί
1301 545 1400 615 τῆς
1432 547 1626 619 χέρσου
1653 550 1814 621 ἐξομ-

241 619 693 691 όρξασθαιπάλιν.
721 623 783 674 Εί
807 625 947 694 μὲνὸ
967 626 1117 696 ίχθὺς
1140 629 1230 682 τὸν
1257 634 1612 704 στατῆρα.....
1639 639 1697 690 ἐν
1722 619 1799 711 τῷ

244 708 390 780 βυθῷ
406 711 583 765 λαϐὼν
596 714 687 767 ἐπὶ
699 715 836 787 τὴν..
849 755 861 767 .
873 757 885 770 .
913 717 1154 788 ἐνήχετο*
1175 722 1267 774 καὶ
1282 723 1494 792 πρῶτος
1512 728 1672 792 αὐτὸς
1685 708 1816 795 Βεδς

242 803 476 874 ὑπάρχει
520 807 549 858 6
589 807 890 876 προφάνας.
942 811 1006 862 Τί
1041 829 1237 882 φησινς
1301 815 1359 868 '0
1405 818 1558 887 ίχθὺς
1601 822 1813 892 πρῶτος

244 889 458 944 πάντων
488 892 597 945 τῶν
624 895 901 963 ὁμογενῶν
933 897 1217 956 ἁλώσεται.
1259 903 1322 956 Εἰ
1352 905 1428 968 δὲ,
1453 907 1587 978 ὅπερ
1616 909 1817 980 κυριώ-

240 996 414 1047 τερον,
446 981 583 1035 κατὰ
615 983 704 1036 τὸν
732 985 922 1057 καιρὸν
945 989 1114 1060 αὐτῆς
1134 992 1233 1063 τῆς
1264 994 1472 1064 χρείας,
1497 997 1525 1048 6
1552 999 1727 1051 πάντα
1751 1003 1815 1053 ἐκ

244 1071 318 1140 μὴ
352 1070 518 1124 ὄντων
563 1074 1028 1147 ὑποστησάμενος,
1058 1083 1288 1153 ποιήσας
1329 1085 1419 1138 τὸν
1466 1089 1708 1159 στατῆρα
1737 1091 1815 1162 τῷ

241 1161 424 1232 νηκτῶ
478 1164 717 1231 ἐνέθετο,
769 1168 858 1220 καὶ
891 1169 1053 1240 ἤλασε
1087 1172 1224 1242 πρὸς
1249 1173 1337 1226 τὸν
1374 1176 1528 1229 ἁλιέα
1567 1195 1580 1209 ·
1631 1161 1814 1249 σαφῶς

241 1253 446 1317 ἐκεῖνος
478 1256 710 1326 ὑπάρχει
752 1259 831 1329 τῷ
874 1260 1065 1333 Πέτρῳ
1106 1262 1365 1329 θεσπίσας
1407 1265 1619 1336 βάλλειν
1650 1273 1706 1322 ὲν
1745 1274 1809 1342 τῇ

241 1344 477 1419 θαλάττῃ
509 1347 569 1400 τὸ
607 1349 920 1421 ἄγκιστρον,
957 1355 1084 1422 περὶ
1113 1348 1173 1407 οὗ
1210 1358 1237 1409 ὸ
1277 1358 1408 1423 ἄναξ
1438 1360 1552 1428 ἄμα
1590 1363 1814 1416 καὶτῶν

241 1437 398 1490 θείων
430 1441 662 1510 μελῳδός
690 1460 850 1514 φησιν
875 1458 888 1474 ⁸
950 1447 1010 1498 '0
1043 1454 1100 1508 δὲ
1138 1449 1281 1515 Θεὸς
1310 1451 1476 1518 ἡμῶν
1500 1454 1568 1505 ἐν
1601 1453 1680 1517 τῷ
1713 1457 1813 1508 01')-

228 1528 397 1595 ραν-ᾧ
435 1531 532 1585 καὶ
574 1533 642 1585 ἐν
673 1532 744 1601 τῇ
776 1533 872 1603 τῇ,
905 1535 976 1587 ἐν
1011 1537 1139 1602 ταῖς
1175 1541 1548 1608 θαλάσσαις,
1600 1543 1694 1596 καὶ
1743 1545 1812 1598 ἐν

237 1619 461 1686 πάσαις
507 1622 637 1689 ταῖς
689 1625 1012 1692 ἀϐύσσοις,
1069 1627 1265 1682 πάντα
1319 1631 1436 1685 ὅσα
1485 1632 1808 1701 ἠθέλησεν,

233 1711 541 1778 ἐποίησεν.

1606 342 1951 406 ΒΙΑιΟϐυδ
2017 352 2103 409 IV.

3361 377 3499 434 I158

1925 464 1981 517 Si
2045 481 2208 527 vero.
2262 471 2407 537 quod
2473 475 2654 532 verius
2710 486 2828 544 est,
2885 479 3144 540 invisibili
3196 486 3496 548 divinitatis

1921 553 2118 607 virtute
2159 555 2314 610 duxit
2359 559 2538 630 ipsum
2581 563 2646 617 ad
2694 565 2941 634 hamum,
2983 569 3030 626 is
3065 588 3190 629 vere
3232 575 3373 644 fuit,
3403 582 3494 650 qui

1919 653 2042 697 ceto
2074 648 2425 716 precepitmt
2446 655 2753 724 susciperet
2777 659 2994 728 quidem
3021 661 3237 728 Jonam,
3264 648 3492 726 illaesum

1919 739 2099 785 autem
2142 738 2444 793 custodiret
2489 739 2542 794 in
2592 743 2898 812 profundo,
2941 748 3132 820 sicque
3181 755 3390 812 salvum
3440 769 3501 816 et

1919 824 2245 882 incolumem
2280 831 2332 883 in
2361 840 2562 888 terram
2592 852 2786 894 rursus
2814 840 3048 907 ejiceret.
3080 842 3135 899 Si
3160 849 3377 917 quidem
3406 853 3490 921 pi-

1918 917 2024 972 scis
2068 918 2156 974 ille
2194 929 2397 977 statere
2449 924 2705 998 (jacente)
2741 931 2794 983 in
2824 933 3097 1000 profundo
3137 950 3381 1009 accepto,
3406 917 3492 998 —ad

1919 1008 2170 1077 laqueum
2237 1014 2478 1079 natabat,
2537 1027 2591 1072 et
2646 1022 2856 1088 primus
2907 1024 3022 1094 ipse
3072 1027 3214 1086 Deus
3250 1008 3354 1098 est,
3397 1037 3492 1105 qui

1916 1114 2040 1152 eum
2066 1105 2520 1169 praemonstravit.
2557 1107 2695 1174 Quid
2727 1112 2872 1166 enim
2921 1114 3141 1184 inquit?
3175 1118 3350 1176 Piscis
3375 1126 3490 1193 pri-

1917 1207 2039 1246 mus
2072 1196 2317 1250 omnium
2341 1197 2424 1251 sui
2447 1201 2662 1268 generis
2708 1206 2971 1274 capietur.
3008 1207 3102 1263 Vel
3134 1214 3276 1281 quod
3309 1217 3491 1283 potius

1914 1288 1966 1332 et
2027 1283 2200 1352 magis
2240 1295 2323 1338 est
2382 1298 2848 1361 consentaneum,
2917 1296 3090 1366 ipsius
3151 1306 3491 1360 necessitatis

1916 1379 2157 1440 tempore
2203 1375 2248 1429 is
2289 1377 2381 1446 qui
2429 1382 2610 1436 omnia
2661 1399 2727 1438 ex
2783 1386 2956 1443 nihilo
3015 1393 3291 1461 produxit,
3349 1397 3491 1453 facto

1914 1468 2132 1523 statere,
2164 1463 2340 1532 ipsum
2383 1467 2435 1520 in
2473 1469 2673 1538 piscem
2713 1477 2990 1532 natatilent
3019 1480 3306 1551 imposuit,
3340 1495 3392 1539 et
3422 1488 3489 1540 ad

1914 1549 2239 1617 piscatorem
2291 1555 2457 1621 ﬂexit,
2511 1562 2603 1629 qui
2641 1565 2859 1631 quidem
2909 1549 3197 1627 maniteste
3241 1575 3331 1630 ille
3367 1587 3486 1642 est,

1913 1641 2005 1708 qui
2063 1640 2220 1697 Petro
2268 1650 2522 1717 praecepit
2570 1651 2790 1708 hamum
2848 1658 2900 1712 in
2959 1676 3110 1716 mare
3154 1664 3340 1733 jacere
3379 1671 3489 1723 :de

1912 1746 2020 1798 quo
2053 1748 2148 1787 rex
2177 1734 2264 1788 ille
2297 1739 2456 1791 simul
2485 1781 2497 1801 ,
2533 1751 2586 1794 et
2613 1745 2920 1802 divinorum
2959 1755 3260 1810 carminum
3294 1769 3488 1814 auctor

232 1803 408 1874 inquit
464 1825 478 1862 :
530 1807 672 1862 Deus
725 1819 900 1864 noster
943 1812 997 1866 in
1044 1814 1202 1876 cwlo,
1260 1827 1310 1870 et
1360 1819 1414 1872 in
1467 1828 1639 1885 terra,
1689 1829 1739 1874 et
1789 1821 1841 1874 in
1881 1825 2135 1890 marinis,
2191 1838 2239 1882 et
2290 1831 2345 1882 in
2379 1833 2616 1888 omnibus
2654 1837 2895 1908 abyssis,
2935 1859 3254 1916 qua'cunque
3298 1853 3483 1913 voluit,

229 1896 353 1966 fecit
383 1898 449 1953 ".

768 2021 1039 2076 ·ΠΕΥΣ1Σ
1076 2025 1243 2081 ΡΠΡ.

299 2129 364 2182 Τί
401 2129 721 2201 βουλόμενος
750 2135 781 2188 6
813 2135 1034 2208 Κύριος,
1083 2138 1182 2210 τὴν
1220 2140 1390 2210 συκῆν
1424 2142 1672 2212 ἐξήρανε,
1706 2145 1799 2197 καὶ

229 2223 574 2290 κατηράσατο
604 2224 792 2294 αὐτὴν,
834 2228 1029 2298 μηκέτι
1063 2231 1276 2300 καρπὸν
1308 2234 1551 2300 ἐνεγκεῖν
1589 2235 1667 2296 εἰς
1707 2234 1797 2288 τὸν

225 2310 426 2377 ιιίῶνας
467 2314 542 2365 Οὐ
571 2315 679 2386 γάρ
701 2314 806 2380 ἔξω
831 2318 974 2383 τινὸς
993 2321 1087 2392 -νοή
1098 2339 1266 2392 ματος
1292 2325 1512 2394 ἐποίησε
1542 2327 1719 2380 τοῦτο.

851 2516 1202 2586 Ἀπόκρισις.

293 2623 383 2694 Μὴ
410 2624 593 2689 ἁπλῶς
619 2626 780 2680 αὐτὸν
802 2633 1141 2700 καταρᾶσθαι
1175 2635 1268 2686 καὶ
1294 2633 1521 2706 ξηρᾶναι
1545 2637 1606 2688 τὸ
1628 2639 1794 2706 φυτὸν

222 2715 394 2788 ᾢηταί
438 2734 542 2781 τις.
590 2718 872 2774 Παιδεύειν
908 2724 1016 2794 γὰρ
1047 2723 1132 2776 διὰ
1179 2725 1369 2778 τούτου
1414 2727 1661 2797 βούλεται
1695 2730 1793 2802 τὴν

221 2809 486 2880 θεομάχον
526 2815 844 2884 συναγωγὴν
892 2816 1179 2880 Ἰουδαίων,
1220 2819 1300 2872 ὅτι
1339 2819 1563 2885 δυνατὸς
1587 2824 1681 2876 καὶ
1707 2841 1793 2877 τι-

223 2903 448 2971 μωρεῖν,
485 2899 600 2953 ἀλλ’
639 2900 715 2964 ὡς
757 2901 990 2970 ἀγαθὸς,
1035 2905 1096 2956 οὐ
1142 2905 1409 2974 βούλεται.
1459 2908 1647 2961 Οὐδενὶ
1684 2909 1792 2982 γὰρ

219 2991 384 3044 αὑτὸν
412 2992 648 3061 ὁρῶντες
693 2992 1048 3064 ἀμυνόμενον,
1099 2997 1408 3068 εὐεργετεῖν
1438 3001 1598 3054 αὑτὸν
1632 3001 1792 3071 μόνον

218 3081 596 3152 ὑπελάμϐανον
641 3083 928 3148 δύνασθαι,
975 3087 1038 3138 ού
1095 3087 1194 3158 μέν
1237 3106 1318 3142 τοι
1364 3093 1455 3143 καὶ
1507 3096 1788 3162 τιμωρεῖν.

229 3174 325 3226 Ἐκ
356 3176 453 3245 τῆς
494 3174 701 3244 ἀψύχου
739 3176 921 3231 τοίνυν
950 3178 1165 3247 φύσεως
1195 3180 1369 3234 πείθει
1400 3181 1498 3253 τὴν
1528 3183 1790 3256 θεοστυγῆ

219 3266 560 3336 συναγωγὴν,
604 3267 685 3318 ὅτι
728 3266 821 3319 καὶ
863 3267 1081 3331 κολάζει
1142 3269 1283 3332 τότε,
1325 3271 1458 3325 ἀλλὰ
1494 3273 1630 3335 τέως
1670 3275 1794 3328 ἀνέ-

215 3372 391 3425 χεται,
432 3357 525 3408 καὶ
576 3356 817 3428 ξηραίνει
872 3359 972 3429 τὴν
1015 3359 1222 3432 ἄψυχον
1264 3362 1453 3432 συκῆν,
1491 3363 1576 3415 ἵνα
1623 3381 1795 3423 κατα,-

217 3447 358 3519 ράσῃ
392 3449 489 3516 τὴν
517 3447 674 3501 ἄθεον
713 3450 1146 3522 συναγωγὴν.....
1187 3451 1285 3522 τὴν
1315 3455 1591 3524 ἀκαρπίαν
1625 3455 1787 3526 ὁρῶν,

215 3539 308 3590 καὶ
332 3539 565 3609 ἐρημίαν
586 3539 644 3591 ἐν
669 3541 804 3610 αὐτῇ
827 3559 841 3573 ο
883 3541 965 3594 ὅτι
990 3542 1050 3594 οὐ
1079 3543 1152 3613 μὴ
1176 3543 1335 3615 μείνῃ
1358 3543 1501 3607 λίθος
1524 3545 1615 3598 ἐπὶ
1640 3545 1787 3598 λίθου

214 3630 272 3680 ἐν
293 3627 452 3699 αὐτῇ.
497 3629 581 3692 Ὠς
603 3629 667 3701 δὴ
693 3631 830 3701 συκῆ
855 3633 979 3695 τοὺς
1012 3634 1274 3700 φυσικοὺς
1298 3636 1597 3706 καμάτους,
1622 3638 1730 3691 οὐδ’
1754 3641 1787 3711 ἡ

214 3721 504 3790 συναγωγὴ
537 3722 663 3785 τοὺς
688 3722 964 3792 νομικούς.
995 3725 1325 3796 Τιμωρεῖται
1365 3723 1457 3779 οὖν
1495 3730 1527 3796 ή
1558 3728 1783 3798 ἄψυχος,

213 3809 300 3863 ἵνα
331 3812 726 3882 καρποφορήσῃ
781 3811 961 3864 πίστιν
995 3813 1026 3882 ἡ
1067 3812 1242 3875 ἄθεος,
1287 3814 1439 3866 Ἐπεὶ
1482 3815 1567 3878 τίς
1606 3817 1790 3884 ἀγνοεῖ

210 3900 306 3954 καὶ
327 3901 434 3953 τῶν
458 3901 516 3966 ἐξ
544 3902 712 3971 αὐτῆς
738 3901 922 3972 νηδύος
950 3903 1042 3955 καὶ
1069 3903 1292 3956 ἁπαλῶν
1326 3904 1530 3975 ὀνύχων
1555 3908 1610 3958 ἐν
1635 3905 1787 3974 βασι-

208 3993 369 4057 λείοις
397 3991 769 4063 διαιτώμενος,
815 3995 908 4047 καὶ
947 3995 1173 4066 ἄπειρος
1211 3996 1500 4065 γεωργίας,
1535 3997 1616 4049 ὅτι
1645 3996 1785 4067 συκῆ

207 4083 476 4154 χειμῶνος
508 4083 717 4155 καρπὸν
739 4085 838 4137 οὐκ
860 4083 1005 4155 ἔχεις
1048 4085 1187 4138 Ἀλλ’
1210 4086 1283 4149 ὼς
1313 4087 1468 4157 ἔφην,
1507 4088 1675 4139 εἰκόνι
1708 4086 1786 4158 τῷ

206 4174 358 4244 φυτῷ
380 4175 640 4246 κέχρηται
667 4174 932 4228 πλείστων
961 4176 1167 4229 ἕνεκεν.
1205 4177 1427 4248 Πρῶτον
1453 4179 1551 4249 μὲν
1572 4178 1782 4243 δεικνὺς

204 4268 286 4318 ὅτι
320 4260 430 4328 οἷός
462 4283 520 4318 τε
553 4267 808 4338 ὑπάρχει,
833 4268 928 4320 καὶ
950 4269 1007 4321 ἐν
1026 4268 1102 4337 τῷ
1123 4269 1349 4339 παρόντι
1371 4270 1495 4332 τοὺς
1516 4272 1786 4340 πονηροὺς

203 4356 583 4426 τιμωρεῖσθαι,
618 4356 730 4409 ἀλλ’
755 4355 942 4427 ἐπέχει
967 4357 1104 4422 τέως
1137 4357 1233 4429 τὴν
1269 4357 1516 4429 δύναμιν,
1549 4359 1784 4423 ἐνδιδοὺς

205 4450 421 4520 ἑκάστῳ
444 4449 579 4520 πρὸς
615 4449 978 4521 μετάγνωσιν,
1001 4450 1184 4514 καθώς
1211 4467 1374 4522 φησιν
1399 4451 1428 4502 ὁ
1469 4452 1608 4514 θεῖος
1646 4468 1781 4522 τρα-

203 4541 396 4611 γῳδός·
443 4537 494 4596 ’0
517 4541 660 4608 Θεὸς
683 4541 890 4609 κριτὴς
912 4541 1158 4608 δίκαιος,
1183 4543 1430 4611 ίσχιιοὸς
1449 4543 1543 4596 καί
1563 4545 1785 4614 μακρό-

205 4638 408 4704 Ουμος,
425 4634 519 4687 καί
538 4635 623 4703 μὴ
638 4634 824 4705 ὀργὴν
840 4635 1078 4705 ἐπάγων
1096 4637 1225 4688 καθ’
1247 4634 1512 4704 ἑκάστην
1533 4637 1778 4705 ἡμέραν·

203 4725 410 4794 ἐὰνμὴ
436 4725 860 4796 ὲπιστραφῆτε,
882 4726 1312 4795 τὴν-ῥομφαίαν
1334 4727 1518 4780 αὐτοῦ
1541 4727 1783 4780 στιλϐώ-

205 4831 322 4879 σει,
345 4816 442 4888 τὴν
463 4818 838 4890 τιμωρητικὴν
859 4819 1082 4887 φάσκων
1102 4819 1349 4887 δύναμιν.
1376 4818 1510 4871 Θεοῦ
1534 4819 1642 4890 γὰρ
1661 4819 1785 4890 ἀλη-

204 4907 314 4970 θῶς
333 4907 393 4958 τὸ
426 4907 677 4975 (inprima
696 4909 915 4978 ῥήματι
941 4909 1130 4975 ξύλον
1151 4911 1406 4979 χλωρὸν,
1434 4909 1532 4962 καὶ
1563 4907 1784 4963 ἀναϐᾶ-

204 5000 305 5050 λαι
331 4998 519 5060 ξύλον
540 4997 745 5065 ξηρὸν,
763 4999 944 5063 καθώς
965 5017 1125 5071 φησιν
1150 4999 1394 5070 Ἐζεχιὴλ
1416 5002 1443 5052 ὁ
1463 4998 1572 5051 τῶν
1600 5015 1784 5068 χερου-

205 5089 305 5158 σιμ
327 5088 542 5159 θεατής·
568 5092 595 5141 6
621 5090 859 5162 ξηράνας
879 5091 976 5160 τὴν
1000 5091 1172 5161 συκῆν
1199 5092 1599 5163 προστάγματι,
1620 5089 1780 5154 αὐτὸς

205 5182 311 5252 πρὸ
344 5181 529 5251 χιλίων
561 5181 696 5234 ἐτῶν
734 5183 832 5252 τῆς
865 5183 986 5236 καθ’
1009 5185 1154 5254 ἡμᾶς
1187 5183 1350 5237 αὑτοῦ
1391 5183 1654 5252 γενέσεως
1676 5183 1776 5252 τὴν

205 5271 394 5341 ξηρὰν,
443 5272 535 5325 καὶ
565 5271 771 5341 ἄψυχον
819 5273 1061 5336 Μωσέως
1101 5272 1403 5344 βακτηρίαν
1445 5275 1504 5325 ἐν
1537 5276 1603 5343 τῇ
1631 5272 1777 5342 χειρὶ

203 5366 491 5436 ἐχομένην,
535 5365 749 5436 ἁθρόως
796 5367 876 5429 είς
920 5365 1186 5436 δράκοντα
1226 5360 1628 5436 ἐψύχωσεν.οἶ›
1680 5363 1778 5434 τὴν

195 5457 321 5526 ’ὄψιν
352 5458 631 5526 ναρκήσας
674 5457 1061 5526 ἐφαλλομένου,
1089 5456 1438 5528 δραπετεύειν
1468 5457 1723 5527 ἐπειρᾶτο
1751 5458 1780 5508 6

205 5545 510 5609 θεσπέσιος,
545 5549 592 5599 εί
636 5547 709 5617 μὴ
753 5544 910 5610 αὖθις
953 5547 1118 5600 αὑτὸν
1153 5549 1183 5599 6
1231 5547 1571 5618 ζωοποιήσας
1617 5547 1778 5601 πάλιν

205 5634 398 5704 ῥάϐδον
448 5635 721 5700 ἀπέδειξε·
752 5638 885 5707 φησι
927 5636 1032 5708 γὰρ
1070 5637 1217 5708 αὐτῷ
1257 5641 1285 5691 ὁ
1312 5638 1440 5710 περὶ
1476 5639 1575 5709 τῆς
1603 5639 1780 5710 ταφῆς

276 5798 320 5827 ³⁵
345 5794 481 5850 Psal.
513 5813 732 5854 cxxxnv.
759 5797 807 5853 6.

2252 2029 2769 2089 ΙΝΤΕΒΒΟΟΑΤΙΟ
2824 2038 3156 2101 CLXXXIII.

1971 2139 2111 2205 Quid
2158 2142 2422 2201 Dominus
2454 2148 2674 2212 volens,
2717 2152 2876 2206 Iicum
2920 2155 3176 2226 arefecit,
3225 2171 3278 2216 et
3325 2178 3484 2219 exse-

1899 2239 2083 2284 cratus
2105 2240 2189 2287 est
2221 2249 2362 2299 eam,
2397 2252 2464 2291 ne
2495 2240 2728 2308 amplius
2763 2240 3002 2298 fructum
3044 2245 3210 2304 ferret
3239 2251 3292 2305 in
3327 2267 3480 2308 aeter-

1899 2333 2027 2372 num
2079 2320 2169 2374 "1’
2215 2321 2334 2378 Non
2383 2327 2530 2380 enim
2582 2327 2635 2381 id
2687 2337 2883 2398 praeter
2927 2333 3147 2404 aliquod
3188 2342 3481 2398 consilium

1905 2407 2057 2464 fecit.

2535 2528 2844 2600 Responsio.

1963 2635 2042 2691 Ne
2077 2638 2396 2708 simpliciter
2439 2642 2616 2711 ipsum
2661 2659 3004 2703 exsecratum
3065 2666 3188 2708 esse
3216 2665 3268 2708 et
3304 2657 3478 2712 arefe-

1894 2730 2037 2782 cisse
2077 2730 2327 2784 arborem
2375 2748 2494 2786 eam
2545 2737 2835 2807 quisquam
2884 2750 3054 2808 putet.
3094 2742 3230 2798 Nam
3277 2763 3370 2816 per
3425 2750 3475 2803 id

1894 2817 2090 2874 docere
2119 2822 2311 2887 voluit,
2345 2826 2490 2891 quod
2528 2826 2640 2880 Deo
2688 2842 3081 2900 repugnantem
3134 2834 3474 2908 Synagogam

1893 2907 2204 2966 Iudaeorum
2231 2913 2393 2969 etiam
2421 2919 2613 2986 punire
2642 2921 2850 2987 possit,
2880 2923 2974 2977 sed
3008 2934 3270 2995 tanquam
3301 2929 3479 2986 bonus

1895 3014 2007 3054 non
2070 3001 2216 3056 velit.
2289 3002 2423 3058 Nam
2486 3020 2610 3060 cum
2674 3010 2851 3076 ipsum
2922 3028 2952 3066 a
3011 3017 3230 3070 nemine
3285 3034 3478 3087 pugnas

1892 3091 2109 3160 exigere
2169 3104 2492 3158 cernerent,
2543 3097 2934 3156 existimabant
3003 3103 3180 3174 ipsum
3235 3117 3477 3164 tantum-

1894 3182 2058 3236 modo
2110 3198 2271 3252 posse
2321 3185 2664 3252 benefacere,
2715 3205 2823 3244 non
2868 3203 3050 3248 autem
3102 3199 3321 3266 punire.
3372 3201 3475 3255 Per

1895 3269 2250 3326 inanimatam
2307 3273 2474 3346 igitur
2526 3287 2776 3334 naturam
2866 3287 3161 3351 persuadet
3238 3291 3475 3347 inimicae

1898 3358 2010 3415 Deo
2053 3360 2372 3434 Synagogae,
2425 3369 2570 3436 quod
2626 3379 2681 3425 et
2726 3373 2917 3441 punire
2968 3379 3118 3446 velit,
3170 3383 3260 3435 sed
3293 3385 3474 3440 adhuc

1891 3449 2020 3504 dum
2067 3454 2274 3519 toleret,
2309 3472 2373 3510 ac
2411 3460 2674 3514 arel‘aciat
2719 3461 2879 3517 ticum
2926 3466 3246 3534 inanimum,
3280 3473 3473 3528 simul-

1890 3556 1996 3610 que
2045 3553 2106 3596 ut
2168 3547 2374 3601 aridam
2425 3548 2589 3606 faciat
2639 3553 2861 3623 impiam
2923 3557 3308 3630 Synagogam,
3373 3564 3471 3619 de-

1890 3642 2159 3689 monstrat
2213 3637 2260 3691 ei
2317 3640 2686 3709 sterilitatem,
2751 3662 2861 3715 quo
2915 3649 3160 3706 viderent
3211 3656 3468 3726 (suam)

1889 3722 2228 3778 sterilitatem
2272 3735 2326 3780 et
2362 3729 2754 3787 desolationem
2805 3738 3063 3808 quodque
3094 3722 3468 3802 non-manstr-

1890 3827 1983 3866 rus
2026 3824 2172 3870 esset
2219 3818 2356 3887 lapis
2387 3835 2550 3889 super
2589 3823 2842 3893 lapidem.
2880 3830 2948 3883 [ι
2998 3842 3178 3887 autem
3221 3850 3282 3889 ea
3330 3835 3468 3894 licus

1888 3905 2160 3960 naturales
2187 3907 2395 3963 fructus
2421 3909 2548 3979 (non
2582 3912 2838 3985 ferebat),
2868 3917 2942 3971 ita
2977 3935 3152 3990 neque
3181 3921 3458 3995 Synagogt

1888 3992 2103 4062 legales.
2140 3995 2373 4051 Punitur
2410 4000 2593 4070 itaque
2630 4001 2949 4073 inanimata,
2986 4019 3041 4062 ut
3076 3992 3465 4079 proferatiidei

1888 4081 2124 4139 fructum
2160 4089 2347 4158 impia.
2389 4089 2522 4156 Quis
2553 4093 2700 4148 enim
2736 4096 2998 4166 ignorat,
3031 4104 3249 4158 etiamsi
3279 4107 3363 4160 vel
3393 4108 3464 4162 ab

1887 4176 2106 4230 ineunte
2133 4188 2291 4234 aetate
2328 4196 2392 4235 ac
2427 4186 2625 4239 teneris
2659 4188 2968 4256 unguiculis
3007 4192 3058 4244 in
3098 4195 3238 4249 aulis
3267 4211 3456 4268 regum

1886 4269 2103 4333 vixerit,
2135 4281 2190 4323 et
2214 4270 2437 4340 ignarus
2475 4275 2822 4345 agriculturae
2861 4282 2962 4346 sit,
3009 4282 3169 4337 ﬁcum
3215 4301 3310 4354 per
3348 4289 3464 4343 hie-

1884 4373 2024 4412 mem
2074 4360 2307 4416 fructum
2370 4380 2476 4418 non
2524 4367 2760 4422 habere?
2814 4367 3014 4426 Verum
3064 4384 3122 4428 ut
3158 4376 3294 4443 dixi,
3341 4380 3464 4435 vice

1888 4449 2140 4518 imaginis
2170 4468 2229 4505 ea
2255 4454 2450 4508 arbore
2476 4472 2609 4512 usus
2631 4469 2712 4513 est
2742 4462 2978 4528 plurium
2997 4467 3191 4532 gratia.
3217 4465 3462 4522 Primum

1887 4543 2102 4608 quidem
2141 4545 2403 4609 ostendit,
2439 4551 2584 4616 quod
2614 4553 2785 4618 possit
2824 4555 2903 4606 vel
2934 4557 3096 4609 etiam
3128 4559 3178 4610 in
3208 4560 3461 4627 praesenti

1890 4635 1994 4685 vita
2017 4634 2187 4688 malos
2215 4635 2424 4691 allicere
2449 4641 2736 4709 supplicio.
2762 4645 2854 4698 sed
2883 4647 3182 4702 etiamnum
3209 4652 3462 4706 cohibeat

1887 4725 2203 4791 potentiam,
2255 4730 2558 4785 concedens
2605 4734 2899 4804 unicuique
2954 4747 3164 4808 tempus
3211 4741 3278 4794 ad
3324 4743 3463 4797 resi-

1885 4815 2240 4882 piscentiam,
2298 4824 2756 4886 quemadmodum
2833 4828 3007 4896 inquit
3079 4833 3320 4901 tragicus
3371 4836 3460 4890 ille

1885 4905 2109 4961 divinus
2145 4925 2158 4961 :
2195 4907 2330 4962 Deus
2346 4911 2530 4978 justus
2553 4927 2629 4967 est
2645 4915 2833 4983 judex.
2865 4920 3020 4988 fortis
3037 4930 3087 4973 et
3117 4923 3457 4992 longanimis,

1886 5013 1978 5050 nec
2020 5001 2222 5053 inducit
2264 5003 2400 5055 iram
2444 5007 2700 5074 quotidie.
2747 5008 2873 5062 Nisi
2926 5015 3162 5068 conversi
3223 5015 3453 5084 fueritis,

1881 5089 2116 5158 gladium
2143 5109 2294 5146 suum
2317 5095 2541 5148 vibrabit
2567 5099 2608 5129 ’⁷
2632 5118 2644 5154 :
2671 5100 2914 5155 ultricem
2947 5104 3052 5157 vim
3085 5120 3179 5175 per
3206 5108 3346 5163 hanc
3369 5125 3484 5162 vo--

1885 5194 1999 5232 cem
2023 5181 2270 5238 indicans
2288 5226 2300 5235 .
2319 5182 2452 5239 Nam
2471 5187 2599 5242 illud
2619 5205 2743 5243 vere
2765 5202 2845 5244 est
2863 5190 2979 5254 Dei,
3001 5198 3275 5265 Arelacere
3305 5200 3457 5252 verba

1880 5270 2080 5339 lignum
2127 5276 2327 5340 viride,
2373 5286 2423 5329 et
2469 5293 2534 5330 ex
2579 5280 2731 5332 arido
2785 5298 2967 5338 rursus
3021 5285 3194 5355 facere
3252 5290 3456 5359 lignum

1881 5364 2065 5428 viride,
2101 5376 2158 5419 ut
2181 5367 2355 5436 inquit
2391 5367 2707 5426 Ezechielus
2765 5373 2852 5428 ille
2878 5387 3151 5444 spectator
3187 5381 3459 5435 cheruboc

1883 5470 2001 5509 rum
2032 5458 2097 5511 ³⁸.
2133 5457 2200 5512 Et
2229 5461 2321 5528 qui
2365 5462 2591 5517 arefecit
2631 5467 2791 5519 ticum
2839 5473 3114 5532 mandato,
3157 5472 3297 5526 idem
3335 5473 3459 5526 mild

1883 5547 1932 5600 le
1983 5550 2142 5603 anuis
2195 5561 2321 5606 ante
2364 5568 2519 5607 suam
2565 5559 2865 5613 secundum
2909 5571 3152 5616 nostram
3203 5576 3457 5619 naturam

1889 5640 2249 5706 nativitatem,
2278 5643 2492 5698 aridum
2533 5655 2587 5700 et
2619 5647 2979 5705 inanimatum
3014 5654 3176 5710 Mosis
3199 5655 3456 5711 baculum

899 5799 946 5832 "
975 5797 1162 5854 Matth.
1209 5815 1324 5866 xxI,
1369 5800 1451 5856 I9.
1535 5801 1578 5832 ’⁷
1612 5799 1757 5856 Psal.
1787 5818 1879 5857 vn.
1915 5802 2110 5868 12,15.
2191 5805 2234 5836 ’⁸
2285 5803 2483 5862 Ezeclt.
2516 5824 2648 5877 xvu,
2675 5809 2760 5865 2L
