  <div class='ocr_page' id='page_1' title='image "/cluster/home/n/w/nwhite01/storage/ocr_20150623/38/nnc1.0046978500/603.png"; bbox 0 0 4006 6386; ppageno 0'>
   <div class='ocr_carea' id='block_1_1' title="bbox 535 418 676 476">
    <p class='ocr_par' dir='ltr' id='par_1_1' title="bbox 535 418 676 476">
     <span class='ocr_line' id='line_1_1' title="bbox 535 418 676 476; baseline -0.007 -1"><span class='ocrx_word' id='word_1_1' title='bbox 535 418 676 476; x_wconf 60' lang='grc' dir='ltr'><strong>ηδε)</strong></span> 
     </span>
    </p>
   </div>
   <div class='ocr_carea' id='block_1_2' title="bbox 532 517 2122 598">
    <p class='ocr_par' dir='ltr' id='par_1_2' title="bbox 532 517 2122 598">
     <span class='ocr_line' id='line_1_2' title="bbox 532 517 2122 598; baseline -0.004 -8"><span class='ocrx_word' id='word_1_2' title='bbox 532 536 588 590; x_wconf 90' lang='lat' dir='ltr'><strong>in</strong></span> <span class='ocrx_word' id='word_1_3' title='bbox 617 549 782 588; x_wconf 87' lang='lat' dir='ltr'><strong>manu</strong></span> <span class='ocrx_word' id='word_1_4' title='bbox 818 517 1123 598; x_wconf 86' lang='lat' dir='ltr'><strong>detentum,</strong></span> <span class='ocrx_word' id='word_1_5' title='bbox 1169 531 1464 587; x_wconf 79' lang='lat' dir='ltr'><strong>confestim</strong></span> <span class='ocrx_word' id='word_1_6' title='bbox 1497 530 1550 584; x_wconf 90' lang='lat' dir='ltr'><strong>in</strong></span> <span class='ocrx_word' id='word_1_7' title='bbox 1583 530 1868 586; x_wconf 90' lang='lat' dir='ltr'><strong>colubrum</strong></span> <span class='ocrx_word' id='word_1_8' title='bbox 1911 531 2122 584; x_wconf 86' lang='lat' dir='ltr'><strong>anima-</strong></span> 
     </span>
    </p>
   </div>
   <div class='ocr_carea' id='block_1_3' title="bbox 534 621 2127 694">
    <p class='ocr_par' dir='ltr' id='par_1_3' title="bbox 534 621 2127 694">
     <span class='ocr_line' id='line_1_3' title="bbox 534 621 2127 694; baseline -0.004 -14"><span class='ocrx_word' id='word_1_9' title='bbox 534 626 636 692; x_wconf 78' lang='lat' dir='ltr'><strong>vit,</strong></span> <span class='ocrx_word' id='word_1_10' title='bbox 682 625 752 680; x_wconf 80' lang='lat' dir='ltr'><strong>ad</strong></span> <span class='ocrx_word' id='word_1_11' title='bbox 781 625 941 694; x_wconf 84' lang='lat' dir='ltr'><strong>cujus</strong></span> <span class='ocrx_word' id='word_1_12' title='bbox 987 624 1288 680; x_wconf 81' lang='lat' dir='ltr'><strong>assilientis</strong></span> <span class='ocrx_word' id='word_1_13' title='bbox 1332 632 1619 694; x_wconf 74' lang='lat' dir='ltr'><strong>aspectum</strong></span> <span class='ocrx_word' id='word_1_14' title='bbox 1663 631 1886 692; x_wconf 82' lang='lat' dir='ltr'><strong>torpens</strong></span> <span class='ocrx_word' id='word_1_15' title='bbox 1929 623 2018 675; x_wconf 88' lang='lat' dir='ltr'><strong>ille</strong></span> <span class='ocrx_word' id='word_1_16' title='bbox 2045 621 2127 674; x_wconf 91' lang='lat' dir='ltr'><strong>vir</strong></span> 
     </span>
    </p>
   </div>
   <div class='ocr_carea' id='block_1_4' title="bbox 533 715 2126 787">
    <p class='ocr_par' dir='ltr' id='par_1_4' title="bbox 533 715 2126 787">
     <span class='ocr_line' id='line_1_4' title="bbox 533 715 2126 787; baseline -0.003 -15"><span class='ocrx_word' id='word_1_17' title='bbox 533 718 754 772; x_wconf 84' lang='lat' dir='ltr'><strong>divinus</strong></span> <span class='ocrx_word' id='word_1_18' title='bbox 786 715 1041 787; x_wconf 78' lang='lat' dir='ltr'><strong>refugere</strong></span> <span class='ocrx_word' id='word_1_19' title='bbox 1079 716 1353 780; x_wconf 87' lang='lat' dir='ltr'><strong>tentabat,</strong></span> <span class='ocrx_word' id='word_1_20' title='bbox 1383 715 1489 770; x_wconf 87' lang='lat' dir='ltr'><strong>nisi</strong></span> <span class='ocrx_word' id='word_1_21' title='bbox 1536 729 1666 768; x_wconf 82' lang='lat' dir='ltr'><strong>mox</strong></span> <span class='ocrx_word' id='word_1_22' title='bbox 1693 718 1788 784; x_wconf 85' lang='lat' dir='ltr'><strong>qui</strong></span> <span class='ocrx_word' id='word_1_23' title='bbox 1817 715 2126 768; x_wconf 78' lang='lat' dir='ltr'><strong>viviticave-</strong></span> 
     </span>
    </p>
   </div>
   <div class='ocr_carea' id='block_1_5' title="bbox 535 803 2126 876">
    <p class='ocr_par' dir='ltr' id='par_1_5' title="bbox 535 803 2126 876">
     <span class='ocr_line' id='line_1_5' title="bbox 535 803 2126 876; baseline -0.002 -16"><span class='ocrx_word' id='word_1_24' title='bbox 535 815 622 860; x_wconf 84' lang='lat' dir='ltr'><strong>rat</strong></span> <span class='ocrx_word' id='word_1_25' title='bbox 672 809 872 876; x_wconf 88' lang='lat' dir='ltr'><strong>ipsam,</strong></span> <span class='ocrx_word' id='word_1_26' title='bbox 920 821 1117 861; x_wconf 88' lang='lat' dir='ltr'><strong>rursus</strong></span> <span class='ocrx_word' id='word_1_27' title='bbox 1165 809 1377 876; x_wconf 77' lang='lat' dir='ltr'><strong>virgam</strong></span> <span class='ocrx_word' id='word_1_28' title='bbox 1427 806 1886 860; x_wconf 85' lang='lat' dir='ltr'><strong>demonstrasset.</strong></span> <span class='ocrx_word' id='word_1_29' title='bbox 1945 803 2126 873; x_wconf 83' lang='lat' dir='ltr'><strong>lnquit</strong></span> 
     </span>
    </p>
   </div>
   <div class='ocr_carea' id='block_1_6' title="bbox 535 895 2122 967">
    <p class='ocr_par' dir='ltr' id='par_1_6' title="bbox 535 895 2122 967">
     <span class='ocr_line' id='line_1_6' title="bbox 535 895 2122 967; baseline -0.002 -16"><span class='ocrx_word' id='word_1_30' title='bbox 535 899 682 951; x_wconf 88' lang='lat' dir='ltr'><strong>enim</strong></span> <span class='ocrx_word' id='word_1_31' title='bbox 724 898 790 951; x_wconf 87' lang='lat' dir='ltr'><strong>ad</strong></span> <span class='ocrx_word' id='word_1_32' title='bbox 820 898 997 967; x_wconf 91' lang='lat' dir='ltr'><strong>ipsum</strong></span> <span class='ocrx_word' id='word_1_33' title='bbox 1031 898 1077 952; x_wconf 92' lang='lat' dir='ltr'><strong>is</strong></span> <span class='ocrx_word' id='word_1_34' title='bbox 1112 895 1208 966; x_wconf 92' lang='lat' dir='ltr'><strong>qui</strong></span> <span class='ocrx_word' id='word_1_35' title='bbox 1248 896 1316 951; x_wconf 90' lang='lat' dir='ltr'><strong>de</strong></span> <span class='ocrx_word' id='word_1_36' title='bbox 1343 895 1535 950; x_wconf 87' lang='lat' dir='ltr'><strong>Lazari</strong></span> <span class='ocrx_word' id='word_1_37' title='bbox 1571 895 1851 964; x_wconf 85' lang='lat' dir='ltr'><strong>sepultura</strong></span> <span class='ocrx_word' id='word_1_38' title='bbox 1883 897 2122 964; x_wconf 78' lang='lat' dir='ltr'><strong>quaerit:</strong></span> 
     </span>
    </p>
   </div>
   <div class='ocr_carea' id='block_1_7' title="bbox 537 983 2126 1057">
    <p class='ocr_par' dir='ltr' id='par_1_7' title="bbox 537 983 2126 1057">
     <span class='ocr_line' id='line_1_7' title="bbox 537 983 2126 1057; baseline -0.002 -18"><span class='ocrx_word' id='word_1_39' title='bbox 537 986 680 1051; x_wconf 86' lang='lat' dir='ltr'><strong>Quid</strong></span> <span class='ocrx_word' id='word_1_40' title='bbox 729 988 826 1041; x_wconf 86' lang='lat' dir='ltr'><strong>hoc</strong></span> <span class='ocrx_word' id='word_1_41' title='bbox 857 997 933 1040; x_wconf 86' lang='lat' dir='ltr'><strong>est</strong></span> <span class='ocrx_word' id='word_1_42' title='bbox 963 987 1104 1057; x_wconf 82' lang='lat' dir='ltr'><strong>quod</strong></span> <span class='ocrx_word' id='word_1_43' title='bbox 1152 996 1230 1040; x_wconf 83' lang='lat' dir='ltr'><strong>est</strong></span> <span class='ocrx_word' id='word_1_44' title='bbox 1262 987 1319 1040; x_wconf 86' lang='lat' dir='ltr'><strong>in</strong></span> <span class='ocrx_word' id='word_1_45' title='bbox 1372 1002 1535 1039; x_wconf 87' lang='lat' dir='ltr'><strong>manu</strong></span> <span class='ocrx_word' id='word_1_46' title='bbox 1571 987 1709 1041; x_wconf 81' lang='lat' dir='ltr'><strong>tua?</strong></span> <span class='ocrx_word' id='word_1_47' title='bbox 1746 983 1848 1038; x_wconf 78' lang='lat' dir='ltr'><strong>Ille</strong></span> <span class='ocrx_word' id='word_1_48' title='bbox 1892 1000 2007 1036; x_wconf 86' lang='lat' dir='ltr'><strong>vero</strong></span> <span class='ocrx_word' id='word_1_49' title='bbox 2044 1000 2126 1036; x_wconf 91' lang='lat' dir='ltr'><strong>re-</strong></span> 
     </span>
    </p>
   </div>
   <div class='ocr_carea' id='block_1_8' title="bbox 533 1075 2125 1150">
    <p class='ocr_par' dir='ltr' id='par_1_8' title="bbox 533 1075 2125 1150">
     <span class='ocr_line' id='line_1_8' title="bbox 533 1075 2125 1150; baseline -0.003 -17"><span class='ocrx_word' id='word_1_50' title='bbox 533 1080 847 1149; x_wconf 74' lang='lat' dir='ltr'><strong>spondebat,</strong></span> <span class='ocrx_word' id='word_1_51' title='bbox 887 1077 1048 1150; x_wconf 81' lang='lat' dir='ltr'><strong>Virga</strong></span> <span class='ocrx_word' id='word_1_52' title='bbox 1072 1079 1141 1132; x_wconf 81' lang='lat'><strong>”.</strong></span> <span class='ocrx_word' id='word_1_53' title='bbox 1167 1076 1494 1147; x_wconf 76' lang='lat' dir='ltr'><strong>Rursusque</strong></span> <span class='ocrx_word' id='word_1_54' title='bbox 1515 1093 1619 1130; x_wconf 85' lang='lat' dir='ltr'><strong>vox</strong></span> <span class='ocrx_word' id='word_1_55' title='bbox 1645 1075 1738 1131; x_wconf 88' lang='lat' dir='ltr'><strong>Dei</strong></span> <span class='ocrx_word' id='word_1_56' title='bbox 1764 1075 1960 1146; x_wconf 89' lang='lat' dir='ltr'><strong>inquit,</strong></span> <span class='ocrx_word' id='word_1_57' title='bbox 1987 1075 2125 1129; x_wconf 85' lang='lat' dir='ltr'><strong>Pro-</strong></span> 
     </span>
    </p>
   </div>
   <div class='ocr_carea' id='block_1_9' title="bbox 535 1165 2125 1239">
    <p class='ocr_par' dir='ltr' id='par_1_9' title="bbox 535 1165 2125 1239">
     <span class='ocr_line' id='line_1_9' title="bbox 535 1165 2125 1239; baseline -0.003 -16"><span class='ocrx_word' id='word_1_58' title='bbox 535 1171 637 1236; x_wconf 78' lang='lat' dir='ltr'><strong>jice</strong></span> <span class='ocrx_word' id='word_1_59' title='bbox 669 1186 786 1223; x_wconf 90' lang='lat' dir='ltr'><strong>eam</strong></span> <span class='ocrx_word' id='word_1_60' title='bbox 820 1168 913 1223; x_wconf 83' lang='lat' dir='ltr'><strong>abs</strong></span> <span class='ocrx_word' id='word_1_61' title='bbox 948 1179 996 1223; x_wconf 84' lang='lat' dir='ltr'><strong>te</strong></span> <span class='ocrx_word' id='word_1_62' title='bbox 1024 1185 1183 1239; x_wconf 81' lang='lat' dir='ltr'><strong>super</strong></span> <span class='ocrx_word' id='word_1_63' title='bbox 1214 1177 1413 1222; x_wconf 89' lang='lat' dir='ltr'><strong>terram</strong></span> <span class='ocrx_word' id='word_1_64' title='bbox 1443 1167 1513 1221; x_wconf 81' lang='grc'><strong>³⁹.</strong></span> <span class='ocrx_word' id='word_1_65' title='bbox 1543 1165 1793 1237; x_wconf 85' lang='lat' dir='ltr'><strong>Projecta</strong></span> <span class='ocrx_word' id='word_1_66' title='bbox 1817 1181 1948 1221; x_wconf 82' lang='lat' dir='ltr'><strong>vero</strong></span> <span class='ocrx_word' id='word_1_67' title='bbox 1976 1166 2125 1221; x_wconf 83' lang='lat' dir='ltr'><strong>colu-</strong></span> 
     </span>
    </p>
   </div>
   <div class='ocr_carea' id='block_1_10' title="bbox 536 1257 2122 1329">
    <p class='ocr_par' dir='ltr' id='par_1_10' title="bbox 536 1257 2122 1329">
     <span class='ocr_line' id='line_1_10' title="bbox 536 1257 2122 1329; baseline -0.003 -14"><span class='ocrx_word' id='word_1_68' title='bbox 536 1261 634 1315; x_wconf 88' lang='lat' dir='ltr'><strong>ber</strong></span> <span class='ocrx_word' id='word_1_69' title='bbox 678 1261 864 1326; x_wconf 75' lang='lat' dir='ltr'><strong>ﬁebat,</strong></span> <span class='ocrx_word' id='word_1_70' title='bbox 901 1259 1161 1319; x_wconf 84' lang='lat' dir='ltr'><strong>assiliens</strong></span> <span class='ocrx_word' id='word_1_71' title='bbox 1213 1260 1262 1313; x_wconf 91' lang='lat' dir='ltr'><strong>ei</strong></span> <span class='ocrx_word' id='word_1_72' title='bbox 1313 1261 1408 1329; x_wconf 92' lang='lat' dir='ltr'><strong>qui</strong></span> <span class='ocrx_word' id='word_1_73' title='bbox 1446 1257 1768 1328; x_wconf 73' lang='lat' dir='ltr'><strong>proiecerat.</strong></span> <span class='ocrx_word' id='word_1_74' title='bbox 1813 1257 1910 1311; x_wconf 92' lang='lat' dir='ltr'><strong>lllo</strong></span> <span class='ocrx_word' id='word_1_75' title='bbox 1938 1266 2122 1311; x_wconf 86' lang='lat' dir='ltr'><strong>autem</strong></span> 
     </span>
    </p>
   </div>
   <div class='ocr_carea' id='block_1_11' title="bbox 537 1349 2122 1417">
    <p class='ocr_par' dir='ltr' id='par_1_11' title="bbox 537 1349 2122 1417">
     <span class='ocr_line' id='line_1_11' title="bbox 537 1349 2122 1417; baseline -0.001 -11"><span class='ocrx_word' id='word_1_76' title='bbox 537 1353 850 1417; x_wconf 86' lang='lat' dir='ltr'><strong>recedente,</strong></span> <span class='ocrx_word' id='word_1_77' title='bbox 892 1353 1027 1406; x_wconf 80' lang='lat' dir='ltr'><strong>dicit</strong></span> <span class='ocrx_word' id='word_1_78' title='bbox 1057 1352 1107 1406; x_wconf 86' lang='lat' dir='ltr'><strong>ei</strong></span> <span class='ocrx_word' id='word_1_79' title='bbox 1141 1349 1308 1416; x_wconf 89' lang='lat' dir='ltr'><strong>Deus,</strong></span> <span class='ocrx_word' id='word_1_80' title='bbox 1343 1349 1586 1405; x_wconf 76' lang='lat' dir='ltr'><strong>Extende</strong></span> <span class='ocrx_word' id='word_1_81' title='bbox 1631 1367 1846 1404; x_wconf 87' lang='lat' dir='ltr'><strong>manum</strong></span> <span class='ocrx_word' id='word_1_82' title='bbox 1876 1360 2042 1416; x_wconf 80' lang='lat' dir='ltr'><strong>luant,</strong></span> <span class='ocrx_word' id='word_1_83' title='bbox 2074 1361 2122 1404; x_wconf 90' lang='lat' dir='ltr'><strong>et</strong></span> 
     </span>
    </p>
   </div>
   <div class='ocr_carea' id='block_1_12' title="bbox 536 1442 2125 1514">
    <p class='ocr_par' dir='ltr' id='par_1_12' title="bbox 536 1442 2125 1514">
     <span class='ocr_line' id='line_1_12' title="bbox 536 1442 2125 1514; baseline -0.001 -16"><span class='ocrx_word' id='word_1_84' title='bbox 536 1444 864 1513; x_wconf 75' lang='lat' dir='ltr'><strong>apprehende</strong></span> <span class='ocrx_word' id='word_1_85' title='bbox 918 1445 1149 1497; x_wconf 81' lang='lat' dir='ltr'><strong>caudam</strong></span> <span class='ocrx_word' id='word_1_86' title='bbox 1182 1444 1295 1513; x_wconf 83' lang='lat' dir='ltr'><strong>ejus</strong></span> <span class='ocrx_word' id='word_1_87' title='bbox 1342 1444 1429 1498; x_wconf 81' lang='grc' dir='ltr'><strong>³¹ι</strong></span> <span class='ocrx_word' id='word_1_88' title='bbox 1491 1459 1604 1514; x_wconf 92' lang='lat' dir='ltr'><strong>quo</strong></span> <span class='ocrx_word' id='word_1_89' title='bbox 1654 1442 1830 1506; x_wconf 83' lang='lat' dir='ltr'><strong>facto,</strong></span> <span class='ocrx_word' id='word_1_90' title='bbox 1885 1443 2125 1498; x_wconf 78' lang='lat' dir='ltr'><strong>restituit</strong></span> 
     </span>
    </p>
   </div>
   <div class='ocr_carea' id='block_1_13' title="bbox 537 1535 2121 1608">
    <p class='ocr_par' dir='ltr' id='par_1_13' title="bbox 537 1535 2121 1608">
     <span class='ocr_line' id='line_1_13' title="bbox 537 1535 2121 1608; baseline 0 -18"><span class='ocrx_word' id='word_1_91' title='bbox 537 1537 744 1591; x_wconf 90' lang='lat' dir='ltr'><strong>animal</strong></span> <span class='ocrx_word' id='word_1_92' title='bbox 781 1538 835 1591; x_wconf 91' lang='lat' dir='ltr'><strong>in</strong></span> <span class='ocrx_word' id='word_1_93' title='bbox 874 1535 926 1591; x_wconf 91' lang='lat' dir='ltr'><strong>id</strong></span> <span class='ocrx_word' id='word_1_94' title='bbox 953 1538 1100 1608; x_wconf 90' lang='lat' dir='ltr'><strong>quod</strong></span> <span class='ocrx_word' id='word_1_95' title='bbox 1144 1547 1263 1593; x_wconf 89' lang='lat' dir='ltr'><strong>erat</strong></span> <span class='ocrx_word' id='word_1_96' title='bbox 1307 1547 1434 1593; x_wconf 83' lang='lat' dir='ltr'><strong>ante</strong></span> <span class='ocrx_word' id='word_1_97' title='bbox 1481 1538 1866 1592; x_wconf 85' lang='lat' dir='ltr'><strong>mutationem.</strong></span> <span class='ocrx_word' id='word_1_98' title='bbox 1917 1535 2121 1603; x_wconf 86' lang='lat' dir='ltr'><strong>Quem-</strong></span> 
     </span>
    </p>
   </div>
   <div class='ocr_carea' id='block_1_14' title="bbox 536 1627 2124 1698">
    <p class='ocr_par' dir='ltr' id='par_1_14' title="bbox 536 1627 2124 1698">
     <span class='ocr_line' id='line_1_14' title="bbox 536 1627 2124 1698; baseline -0.001 -15"><span class='ocrx_word' id='word_1_99' title='bbox 536 1629 834 1683; x_wconf 83' lang='lat' dir='ltr'><strong>admodum</strong></span> <span class='ocrx_word' id='word_1_100' title='bbox 868 1638 922 1684; x_wconf 94' lang='lat' dir='ltr'><strong>et</strong></span> <span class='ocrx_word' id='word_1_101' title='bbox 973 1629 1042 1684; x_wconf 89' lang='lat' dir='ltr'><strong>iis</strong></span> <span class='ocrx_word' id='word_1_102' title='bbox 1096 1629 1189 1698; x_wconf 87' lang='lat' dir='ltr'><strong>qui</strong></span> <span class='ocrx_word' id='word_1_103' title='bbox 1233 1631 1299 1683; x_wconf 89' lang='lat' dir='ltr'><strong>ad</strong></span> <span class='ocrx_word' id='word_1_104' title='bbox 1353 1628 1622 1683; x_wconf 87' lang='lat' dir='ltr'><strong>Lazarum</strong></span> <span class='ocrx_word' id='word_1_105' title='bbox 1665 1629 1909 1684; x_wconf 89' lang='lat' dir='ltr'><strong>vinctum</strong></span> <span class='ocrx_word' id='word_1_106' title='bbox 1955 1627 2124 1697; x_wconf 87' lang='lat' dir='ltr'><strong>perti-</strong></span> 
     </span>
    </p>
   </div>
   <div class='ocr_carea' id='block_1_15' title="bbox 536 1717 2118 1788">
    <p class='ocr_par' dir='ltr' id='par_1_15' title="bbox 536 1717 2118 1788">
     <span class='ocr_line' id='line_1_15' title="bbox 536 1717 2118 1788; baseline 0 -16"><span class='ocrx_word' id='word_1_107' title='bbox 536 1720 762 1783; x_wconf 84' lang='lat' dir='ltr'><strong>nebant,</strong></span> <span class='ocrx_word' id='word_1_108' title='bbox 819 1718 1036 1787; x_wconf 87' lang='lat' dir='ltr'><strong>inquit:</strong></span> <span class='ocrx_word' id='word_1_109' title='bbox 1076 1718 1274 1774; x_wconf 75' lang='lat' dir='ltr'><strong>Solvite</strong></span> <span class='ocrx_word' id='word_1_110' title='bbox 1324 1720 1519 1788; x_wconf 84' lang='lat' dir='ltr'><strong>ipsum,</strong></span> <span class='ocrx_word' id='word_1_111' title='bbox 1569 1729 1619 1772; x_wconf 87' lang='lat' dir='ltr'><strong>et</strong></span> <span class='ocrx_word' id='word_1_112' title='bbox 1672 1719 1830 1771; x_wconf 79' lang='lat' dir='ltr'><strong>sinite</strong></span> <span class='ocrx_word' id='word_1_113' title='bbox 1886 1717 2031 1771; x_wconf 84' lang='lat' dir='ltr'><strong>abire</strong></span> <span class='ocrx_word' id='word_1_114' title='bbox 2053 1718 2118 1772; x_wconf 79' lang='grc'><strong>⁸¹.</strong></span> 
     </span>
    </p>
   </div>
   <div class='ocr_carea' id='block_1_16' title="bbox 537 1807 2119 1878">
    <p class='ocr_par' dir='ltr' id='par_1_16' title="bbox 537 1807 2119 1878">
     <span class='ocr_line' id='line_1_16' title="bbox 537 1807 2119 1878; baseline 0 -17"><span class='ocrx_word' id='word_1_115' title='bbox 537 1807 749 1875; x_wconf 87' lang='lat' dir='ltr'><strong>Quibus</strong></span> <span class='ocrx_word' id='word_1_116' title='bbox 780 1810 962 1864; x_wconf 85' lang='lat' dir='ltr'><strong>verbis</strong></span> <span class='ocrx_word' id='word_1_117' title='bbox 994 1809 1146 1863; x_wconf 90' lang='lat' dir='ltr'><strong>illum</strong></span> <span class='ocrx_word' id='word_1_118' title='bbox 1185 1810 1484 1864; x_wconf 89' lang='lat' dir='ltr'><strong>valetudini</strong></span> <span class='ocrx_word' id='word_1_119' title='bbox 1517 1810 1779 1874; x_wconf 87' lang='lat' dir='ltr'><strong>restituit,</strong></span> <span class='ocrx_word' id='word_1_120' title='bbox 1830 1818 2119 1878; x_wconf 86' lang='lat' dir='ltr'><strong>postquam</strong></span> 
     </span>
    </p>
   </div>
   <div class='ocr_carea' id='block_1_17' title="bbox 535 1901 2123 1970">
    <p class='ocr_par' dir='ltr' id='par_1_17' title="bbox 535 1901 2123 1970">
     <span class='ocr_line' id='line_1_17' title="bbox 535 1901 2123 1970; baseline -0.001 -15"><span class='ocrx_word' id='word_1_121' title='bbox 535 1909 832 1969; x_wconf 81' lang='lat' dir='ltr'><strong>corruptus</strong></span> <span class='ocrx_word' id='word_1_122' title='bbox 876 1910 995 1955; x_wconf 89' lang='lat' dir='ltr'><strong>erat</strong></span> <span class='ocrx_word' id='word_1_123' title='bbox 1026 1911 1081 1956; x_wconf 91' lang='lat' dir='ltr'><strong>et</strong></span> <span class='ocrx_word' id='word_1_124' title='bbox 1128 1901 1373 1964; x_wconf 60' lang='lat' dir='ltr'><strong>fauebat,</strong></span> <span class='ocrx_word' id='word_1_125' title='bbox 1409 1910 1466 1955; x_wconf 87' lang='lat' dir='ltr'><strong>ut</strong></span> <span class='ocrx_word' id='word_1_126' title='bbox 1509 1910 1653 1955; x_wconf 84' lang='lat' dir='ltr'><strong>esset</strong></span> <span class='ocrx_word' id='word_1_127' title='bbox 1687 1901 1738 1955; x_wconf 92' lang='lat' dir='ltr'><strong>id</strong></span> <span class='ocrx_word' id='word_1_128' title='bbox 1787 1901 1929 1970; x_wconf 90' lang='lat' dir='ltr'><strong>quod</strong></span> <span class='ocrx_word' id='word_1_129' title='bbox 1969 1909 2123 1954; x_wconf 89' lang='lat' dir='ltr'><strong>ante-</strong></span> 
     </span>
    </p>
   </div>
   <div class='ocr_carea' id='block_1_18' title="bbox 538 1992 2120 2064">
    <p class='ocr_par' dir='ltr' id='par_1_18' title="bbox 538 1992 2120 2064">
     <span class='ocr_line' id='line_1_18' title="bbox 538 1992 2120 2064; baseline 0.001 -18"><span class='ocrx_word' id='word_1_130' title='bbox 538 2007 703 2062; x_wconf 85' lang='lat' dir='ltr'><strong>quam</strong></span> <span class='ocrx_word' id='word_1_131' title='bbox 734 2003 963 2047; x_wconf 87' lang='lat' dir='ltr'><strong>mortem</strong></span> <span class='ocrx_word' id='word_1_132' title='bbox 996 2001 1294 2064; x_wconf 82' lang='lat' dir='ltr'><strong>gustasset,</strong></span> <span class='ocrx_word' id='word_1_133' title='bbox 1323 2003 1462 2048; x_wconf 89' lang='lat' dir='ltr'><strong>erat.</strong></span> <span class='ocrx_word' id='word_1_134' title='bbox 1499 1992 1769 2047; x_wconf 88' lang='lat' dir='ltr'><strong>Similiter</strong></span> <span class='ocrx_word' id='word_1_135' title='bbox 1802 2002 1858 2048; x_wconf 93' lang='lat' dir='ltr'><strong>et</strong></span> <span class='ocrx_word' id='word_1_136' title='bbox 1904 1994 2120 2049; x_wconf 88' lang='lat' dir='ltr'><strong>aridum</strong></span> 
     </span>
    </p>
   </div>
   <div class='ocr_carea' id='block_1_19' title="bbox 538 2082 2120 2154">
    <p class='ocr_par' dir='ltr' id='par_1_19' title="bbox 538 2082 2120 2154">
     <span class='ocr_line' id='line_1_19' title="bbox 538 2082 2120 2154; baseline 0.001 -16"><span class='ocrx_word' id='word_1_137' title='bbox 538 2082 908 2154; x_wconf 82' lang='lat' dir='ltr'><strong>foliorumque</strong></span> <span class='ocrx_word' id='word_1_138' title='bbox 950 2085 1225 2140; x_wconf 84' lang='lat' dir='ltr'><strong>viriditate</strong></span> <span class='ocrx_word' id='word_1_139' title='bbox 1255 2097 1550 2139; x_wconf 81' lang='lat' dir='ltr'><strong>carentcm&#39;</strong></span> <span class='ocrx_word' id='word_1_140' title='bbox 1575 2084 1812 2139; x_wconf 79' lang='lat' dir='ltr'><strong>Aaronis</strong></span> <span class='ocrx_word' id='word_1_141' title='bbox 1842 2085 2120 2151; x_wconf 87' lang='lat' dir='ltr'><strong>baculum,</strong></span> 
     </span>
    </p>
   </div>
   <div class='ocr_carea' id='block_1_20' title="bbox 538 2177 2122 2248">
    <p class='ocr_par' dir='ltr' id='par_1_20' title="bbox 538 2177 2122 2248">
     <span class='ocr_line' id='line_1_20' title="bbox 538 2177 2122 2248; baseline 0.001 -17"><span class='ocrx_word' id='word_1_142' title='bbox 538 2177 660 2232; x_wconf 91' lang='lat' dir='ltr'><strong>sine</strong></span> <span class='ocrx_word' id='word_1_143' title='bbox 709 2177 896 2232; x_wconf 88' lang='lat' dir='ltr'><strong>labore</strong></span> <span class='ocrx_word' id='word_1_144' title='bbox 939 2188 999 2232; x_wconf 90' lang='lat' dir='ltr'><strong>et</strong></span> <span class='ocrx_word' id='word_1_145' title='bbox 1037 2178 1244 2248; x_wconf 87' lang='lat' dir='ltr'><strong>absque</strong></span> <span class='ocrx_word' id='word_1_146' title='bbox 1284 2178 1516 2232; x_wconf 88' lang='lat' dir='ltr'><strong>bumore</strong></span> <span class='ocrx_word' id='word_1_147' title='bbox 1541 2187 1767 2232; x_wconf 64' lang='lat' dir='ltr'><strong>terrmve</strong></span> <span class='ocrx_word' id='word_1_148' title='bbox 1813 2178 2122 2246; x_wconf 81' lang='lat' dir='ltr'><strong>complexu,</strong></span> 
     </span>
    </p>
   </div>
   <div class='ocr_carea' id='block_1_21' title="bbox 539 2269 2126 2340">
    <p class='ocr_par' dir='ltr' id='par_1_21' title="bbox 539 2269 2126 2340">
     <span class='ocr_line' id='line_1_21' title="bbox 539 2269 2126 2340; baseline -0.001 -15"><span class='ocrx_word' id='word_1_149' title='bbox 539 2270 596 2325; x_wconf 91' lang='lat' dir='ltr'><strong>in</strong></span> <span class='ocrx_word' id='word_1_150' title='bbox 625 2286 733 2324; x_wconf 89' lang='lat' dir='ltr'><strong>una</strong></span> <span class='ocrx_word' id='word_1_151' title='bbox 775 2281 936 2326; x_wconf 81' lang='lat' dir='ltr'><strong>nocte</strong></span> <span class='ocrx_word' id='word_1_152' title='bbox 984 2270 1113 2325; x_wconf 77' lang='lat' dir='ltr'><strong>folia</strong></span> <span class='ocrx_word' id='word_1_153' title='bbox 1139 2280 1196 2324; x_wconf 88' lang='lat' dir='ltr'><strong>et</strong></span> <span class='ocrx_word' id='word_1_154' title='bbox 1243 2269 1444 2326; x_wconf 83' lang='lat' dir='ltr'><strong>baccas</strong></span> <span class='ocrx_word' id='word_1_155' title='bbox 1477 2270 1784 2337; x_wconf 87' lang='lat' dir='ltr'><strong>producere</strong></span> <span class='ocrx_word' id='word_1_156' title='bbox 1815 2269 1963 2335; x_wconf 79' lang='lat' dir='ltr'><strong>fecit,</strong></span> <span class='ocrx_word' id='word_1_157' title='bbox 2013 2284 2126 2340; x_wconf 92' lang='lat' dir='ltr'><strong>quo</strong></span> 
     </span>
    </p>
   </div>
   <div class='ocr_carea' id='block_1_22' title="bbox 537 2359 2120 2416">
    <p class='ocr_par' dir='ltr' id='par_1_22' title="bbox 537 2359 2120 2416">
     <span class='ocr_line' id='line_1_22' title="bbox 537 2359 2120 2416; baseline 0 -1"><span class='ocrx_word' id='word_1_158' title='bbox 537 2359 688 2416; x_wconf 81' lang='lat' dir='ltr'><strong>facto</strong></span> <span class='ocrx_word' id='word_1_159' title='bbox 742 2362 1034 2416; x_wconf 83' lang='lat' dir='ltr'><strong>sacerdotii</strong></span> <span class='ocrx_word' id='word_1_160' title='bbox 1105 2360 1354 2416; x_wconf 83' lang='lat' dir='ltr'><strong>exhibuit</strong></span> <span class='ocrx_word' id='word_1_161' title='bbox 1426 2361 1503 2414; x_wconf 92' lang='lat' dir='ltr'><strong>illi</strong></span> <span class='ocrx_word' id='word_1_162' title='bbox 1576 2361 2120 2416; x_wconf 87' lang='lat' dir='ltr'><strong>demonstrationem.</strong></span> 
     </span>
    </p>
   </div>
   <div class='ocr_carea' id='block_1_23' title="bbox 537 2453 2132 2524">
    <p class='ocr_par' dir='ltr' id='par_1_23' title="bbox 537 2453 2132 2524">
     <span class='ocr_line' id='line_1_23' title="bbox 537 2453 2132 2524; baseline 0 -16"><span class='ocrx_word' id='word_1_163' title='bbox 537 2453 686 2510; x_wconf 80' lang='lat' dir='ltr'><strong>Idem</strong></span> <span class='ocrx_word' id='word_1_164' title='bbox 716 2469 848 2508; x_wconf 88' lang='lat' dir='ltr'><strong>vero</strong></span> <span class='ocrx_word' id='word_1_165' title='bbox 888 2455 980 2524; x_wconf 90' lang='lat' dir='ltr'><strong>qui</strong></span> <span class='ocrx_word' id='word_1_166' title='bbox 1007 2468 1126 2508; x_wconf 88' lang='lat' dir='ltr'><strong>eam</strong></span> <span class='ocrx_word' id='word_1_167' title='bbox 1148 2454 1358 2523; x_wconf 83' lang='lat' dir='ltr'><strong>virgam</strong></span> <span class='ocrx_word' id='word_1_168' title='bbox 1388 2453 1572 2508; x_wconf 91' lang='lat' dir='ltr'><strong>virore</strong></span> <span class='ocrx_word' id='word_1_169' title='bbox 1603 2454 1968 2509; x_wconf 90' lang='lat' dir='ltr'><strong>circumdedit</strong></span> <span class='ocrx_word' id='word_1_170' title='bbox 1993 2455 2132 2509; x_wconf 78' lang='lat' dir='ltr'><strong>abs-</strong></span> 
     </span>
    </p>
   </div>
   <div class='ocr_carea' id='block_1_24' title="bbox 537 2543 2125 2614">
    <p class='ocr_par' dir='ltr' id='par_1_24' title="bbox 537 2543 2125 2614">
     <span class='ocr_line' id='line_1_24' title="bbox 537 2543 2125 2614; baseline 0.001 -16"><span class='ocrx_word' id='word_1_171' title='bbox 537 2559 648 2614; x_wconf 87' lang='lat' dir='ltr'><strong>que</strong></span> <span class='ocrx_word' id='word_1_172' title='bbox 686 2543 1044 2613; x_wconf 86' lang='lat' dir='ltr'><strong>plantatione,</strong></span> <span class='ocrx_word' id='word_1_173' title='bbox 1096 2544 1454 2612; x_wconf 85' lang='lat' dir='ltr'><strong>semetipsum</strong></span> <span class='ocrx_word' id='word_1_174' title='bbox 1504 2544 1874 2614; x_wconf 89' lang='lat' dir='ltr'><strong>incorporavit</strong></span> <span class='ocrx_word' id='word_1_175' title='bbox 1918 2546 2125 2614; x_wconf 86' lang='lat' dir='ltr'><strong>absque</strong></span> 
     </span>
    </p>
   </div>
   <div class='ocr_carea' id='block_1_25' title="bbox 539 2633 2126 2706">
    <p class='ocr_par' dir='ltr' id='par_1_25' title="bbox 539 2633 2126 2706">
     <span class='ocr_line' id='line_1_25' title="bbox 539 2633 2126 2706; baseline 0.001 -16"><span class='ocrx_word' id='word_1_176' title='bbox 539 2636 906 2706; x_wconf 84' lang='lat' dir='ltr'><strong>copulatione.</strong></span> <span class='ocrx_word' id='word_1_177' title='bbox 944 2633 1267 2706; x_wconf 83' lang='lat' dir='ltr'><strong>Egredietur</strong></span> <span class='ocrx_word' id='word_1_178' title='bbox 1316 2637 1457 2688; x_wconf 87' lang='lat' dir='ltr'><strong>enim</strong></span> <span class='ocrx_word' id='word_1_179' title='bbox 1492 2636 1638 2706; x_wconf 88' lang='lat' dir='ltr'><strong>virga</strong></span> <span class='ocrx_word' id='word_1_180' title='bbox 1677 2637 1742 2691; x_wconf 85' lang='lat' dir='ltr'><strong>de</strong></span> <span class='ocrx_word' id='word_1_181' title='bbox 1789 2638 1969 2692; x_wconf 84' lang='lat' dir='ltr'><strong>radice</strong></span> <span class='ocrx_word' id='word_1_182' title='bbox 2005 2639 2126 2692; x_wconf 80' lang='lat' dir='ltr'><strong>Jes-</strong></span> 
     </span>
    </p>
   </div>
   <div class='ocr_carea' id='block_1_26' title="bbox 538 2724 2123 2798">
    <p class='ocr_par' dir='ltr' id='par_1_26' title="bbox 538 2724 2123 2798">
     <span class='ocr_line' id='line_1_26' title="bbox 538 2724 2123 2798; baseline 0.003 -19"><span class='ocrx_word' id='word_1_183' title='bbox 538 2743 596 2780; x_wconf 85' lang='lat' dir='ltr'><strong>se</strong></span> <span class='ocrx_word' id='word_1_184' title='bbox 621 2726 688 2778; x_wconf 79' lang='grc'><strong>³⁸.</strong></span> <span class='ocrx_word' id='word_1_185' title='bbox 719 2724 874 2782; x_wconf 84' lang='lat' dir='ltr'><strong>Jesse</strong></span> <span class='ocrx_word' id='word_1_186' title='bbox 903 2739 1085 2781; x_wconf 89' lang='lat' dir='ltr'><strong>autem</strong></span> <span class='ocrx_word' id='word_1_187' title='bbox 1117 2727 1281 2783; x_wconf 81' lang='lat' dir='ltr'><strong>homo</strong></span> <span class='ocrx_word' id='word_1_188' title='bbox 1315 2737 1453 2793; x_wconf 87' lang='lat' dir='ltr'><strong>erat,</strong></span> <span class='ocrx_word' id='word_1_189' title='bbox 1491 2739 1646 2798; x_wconf 88' lang='lat' dir='ltr'><strong>pater</strong></span> <span class='ocrx_word' id='word_1_190' title='bbox 1671 2729 1850 2798; x_wconf 82' lang='lat' dir='ltr'><strong>magni</strong></span> <span class='ocrx_word' id='word_1_191' title='bbox 1885 2727 2123 2785; x_wconf 89' lang='lat' dir='ltr'><strong>Davidis.</strong></span> 
     </span>
    </p>
   </div>
   <div class='ocr_carea' id='block_1_27' title="bbox 537 2816 2127 2888">
    <p class='ocr_par' dir='ltr' id='par_1_27' title="bbox 537 2816 2127 2888">
     <span class='ocr_line' id='line_1_27' title="bbox 537 2816 2127 2888; baseline 0.001 -17"><span class='ocrx_word' id='word_1_192' title='bbox 537 2816 772 2872; x_wconf 84' lang='lat' dir='ltr'><strong>Necesse</strong></span> <span class='ocrx_word' id='word_1_193' title='bbox 803 2817 970 2888; x_wconf 78' lang='lat' dir='ltr'><strong>igitur</strong></span> <span class='ocrx_word' id='word_1_194' title='bbox 1003 2827 1123 2873; x_wconf 86' lang='lat' dir='ltr'><strong>erat</strong></span> <span class='ocrx_word' id='word_1_195' title='bbox 1166 2835 1234 2873; x_wconf 81' lang='lat' dir='ltr'><strong>ex</strong></span> <span class='ocrx_word' id='word_1_196' title='bbox 1278 2818 1521 2872; x_wconf 88' lang='lat' dir='ltr'><strong>animata</strong></span> <span class='ocrx_word' id='word_1_197' title='bbox 1565 2818 1770 2884; x_wconf 84' lang='lat' dir='ltr'><strong>radice,</strong></span> <span class='ocrx_word' id='word_1_198' title='bbox 1810 2819 1973 2872; x_wconf 90' lang='lat' dir='ltr'><strong>etiam</strong></span> <span class='ocrx_word' id='word_1_199' title='bbox 2008 2820 2127 2873; x_wconf 87' lang='lat' dir='ltr'><strong>ani-</strong></span> 
     </span>
    </p>
   </div>
   <div class='ocr_carea' id='block_1_28' title="bbox 538 2912 2130 2982">
    <p class='ocr_par' dir='ltr' id='par_1_28' title="bbox 538 2912 2130 2982">
     <span class='ocr_line' id='line_1_28' title="bbox 538 2912 2130 2982; baseline 0 -16"><span class='ocrx_word' id='word_1_200' title='bbox 538 2921 747 2968; x_wconf 88' lang='lat' dir='ltr'><strong>matam</strong></span> <span class='ocrx_word' id='word_1_201' title='bbox 779 2912 1080 2981; x_wconf 80' lang='lat' dir='ltr'><strong>intelligere</strong></span> <span class='ocrx_word' id='word_1_202' title='bbox 1113 2915 1345 2982; x_wconf 76' lang='lat' dir='ltr'><strong>virgam,</strong></span> <span class='ocrx_word' id='word_1_203' title='bbox 1377 2913 1446 2967; x_wconf 86' lang='lat' dir='ltr'><strong>de</strong></span> <span class='ocrx_word' id='word_1_204' title='bbox 1474 2929 1582 2982; x_wconf 88' lang='lat' dir='ltr'><strong>qua</strong></span> <span class='ocrx_word' id='word_1_205' title='bbox 1614 2912 1859 2982; x_wconf 89' lang='lat' dir='ltr'><strong>loquitur</strong></span> <span class='ocrx_word' id='word_1_206' title='bbox 1893 2927 2130 2980; x_wconf 79' lang='lat' dir='ltr'><strong>magnus</strong></span> 
     </span>
    </p>
   </div>
   <div class='ocr_carea' id='block_1_29' title="bbox 539 3000 2128 3071">
    <p class='ocr_par' dir='ltr' id='par_1_29' title="bbox 539 3000 2128 3071">
     <span class='ocr_line' id='line_1_29' title="bbox 539 3000 2128 3071; baseline 0.001 -16"><span class='ocrx_word' id='word_1_207' title='bbox 539 3001 632 3057; x_wconf 87' lang='lat' dir='ltr'><strong>ille</strong></span> <span class='ocrx_word' id='word_1_208' title='bbox 662 3003 852 3058; x_wconf 86' lang='lat' dir='ltr'><strong>Isaias.</strong></span> <span class='ocrx_word' id='word_1_209' title='bbox 880 3000 1014 3069; x_wconf 75' lang='lat' dir='ltr'><strong>Qua:</strong></span> <span class='ocrx_word' id='word_1_210' title='bbox 1037 3001 1258 3056; x_wconf 89' lang='lat' dir='ltr'><strong>divinus</strong></span> <span class='ocrx_word' id='word_1_211' title='bbox 1291 3003 1554 3057; x_wconf 90' lang='lat' dir='ltr'><strong>revelavit</strong></span> <span class='ocrx_word' id='word_1_212' title='bbox 1585 3003 1899 3071; x_wconf 72' lang='lat' dir='ltr'><strong>Apostolus,</strong></span> <span class='ocrx_word' id='word_1_213' title='bbox 1923 3001 2128 3057; x_wconf 87' lang='lat' dir='ltr'><strong>diserte</strong></span> 
     </span>
    </p>
   </div>
   <div class='ocr_carea' id='block_1_30' title="bbox 539 3091 2126 3164">
    <p class='ocr_par' dir='ltr' id='par_1_30' title="bbox 539 3091 2126 3164">
     <span class='ocr_line' id='line_1_30' title="bbox 539 3091 2126 3164; baseline 0.001 -18"><span class='ocrx_word' id='word_1_214' title='bbox 539 3094 826 3147; x_wconf 86' lang='lat' dir='ltr'><strong>clamans:</strong></span> <span class='ocrx_word' id='word_1_215' title='bbox 871 3091 1142 3147; x_wconf 86' lang='lat' dir='ltr'><strong>Habemus</strong></span> <span class='ocrx_word' id='word_1_216' title='bbox 1183 3094 1490 3163; x_wconf 82' lang='lat' dir='ltr'><strong>pontiﬁcem</strong></span> <span class='ocrx_word' id='word_1_217' title='bbox 1521 3109 1795 3162; x_wconf 86' lang='lat' dir='ltr'><strong>magnum,</strong></span> <span class='ocrx_word' id='word_1_218' title='bbox 1831 3093 1921 3164; x_wconf 85' lang='lat' dir='ltr'><strong>qui</strong></span> <span class='ocrx_word' id='word_1_219' title='bbox 1967 3110 2126 3163; x_wconf 82' lang='lat' dir='ltr'><strong>pene-</strong></span> 
     </span>
    </p>
   </div>
   <div class='ocr_carea' id='block_1_31' title="bbox 543 3183 2130 3255">
    <p class='ocr_par' dir='ltr' id='par_1_31' title="bbox 543 3183 2130 3255">
     <span class='ocr_line' id='line_1_31' title="bbox 543 3183 2130 3255; baseline 0.001 -17"><span class='ocrx_word' id='word_1_220' title='bbox 543 3186 704 3238; x_wconf 78' lang='lat' dir='ltr'><strong>trarit</strong></span> <span class='ocrx_word' id='word_1_221' title='bbox 752 3185 906 3238; x_wconf 77' lang='lat' dir='ltr'><strong>cwlos</strong></span> <span class='ocrx_word' id='word_1_222' title='bbox 940 3185 1010 3240; x_wconf 71' lang='lat'><strong>“.</strong></span> <span class='ocrx_word' id='word_1_223' title='bbox 1050 3183 1151 3240; x_wconf 82' lang='lat' dir='ltr'><strong>llic</strong></span> <span class='ocrx_word' id='word_1_224' title='bbox 1180 3195 1360 3238; x_wconf 89' lang='lat' dir='ltr'><strong>autem</strong></span> <span class='ocrx_word' id='word_1_225' title='bbox 1395 3183 1830 3255; x_wconf 79' lang='lat' dir='ltr'><strong>Hierosolymam</strong></span> <span class='ocrx_word' id='word_1_226' title='bbox 1877 3185 2130 3250; x_wconf 85' lang='lat' dir='ltr'><strong>veniens,</strong></span> 
     </span>
    </p>
   </div>
   <div class='ocr_carea' id='block_1_32' title="bbox 545 3275 2130 3346">
    <p class='ocr_par' dir='ltr' id='par_1_32' title="bbox 545 3275 2130 3346">
     <span class='ocr_line' id='line_1_32' title="bbox 545 3275 2130 3346; baseline -0.001 -17"><span class='ocrx_word' id='word_1_227' title='bbox 545 3275 692 3330; x_wconf 79' lang='lat' dir='ltr'><strong>haud</strong></span> <span class='ocrx_word' id='word_1_228' title='bbox 735 3275 810 3330; x_wconf 86' lang='lat' dir='ltr'><strong>ita</strong></span> <span class='ocrx_word' id='word_1_229' title='bbox 869 3275 1030 3346; x_wconf 81' lang='lat' dir='ltr'><strong>longo</strong></span> <span class='ocrx_word' id='word_1_230' title='bbox 1080 3284 1326 3345; x_wconf 88' lang='lat' dir='ltr'><strong>tempore</strong></span> <span class='ocrx_word' id='word_1_231' title='bbox 1363 3284 1509 3345; x_wconf 86' lang='lat' dir='ltr'><strong>post,</strong></span> <span class='ocrx_word' id='word_1_232' title='bbox 1548 3288 1649 3344; x_wconf 90' lang='lat' dir='ltr'><strong>pro</strong></span> <span class='ocrx_word' id='word_1_233' title='bbox 1702 3276 1858 3330; x_wconf 86' lang='lat' dir='ltr'><strong>nobis</strong></span> <span class='ocrx_word' id='word_1_234' title='bbox 1907 3291 2130 3330; x_wconf 87' lang='lat' dir='ltr'><strong>erucem</strong></span> 
     </span>
    </p>
   </div>
   <div class='ocr_carea' id='block_1_33' title="bbox 543 3365 2128 3437">
    <p class='ocr_par' dir='ltr' id='par_1_33' title="bbox 543 3365 2128 3437">
     <span class='ocr_line' id='line_1_33' title="bbox 543 3365 2128 3437; baseline 0 -17"><span class='ocrx_word' id='word_1_235' title='bbox 543 3377 739 3437; x_wconf 85' lang='lat' dir='ltr'><strong>sponte</strong></span> <span class='ocrx_word' id='word_1_236' title='bbox 767 3383 866 3422; x_wconf 90' lang='lat' dir='ltr'><strong>sua</strong></span> <span class='ocrx_word' id='word_1_237' title='bbox 901 3368 1071 3434; x_wconf 91' lang='lat' dir='ltr'><strong>subit,</strong></span> <span class='ocrx_word' id='word_1_238' title='bbox 1113 3366 1278 3421; x_wconf 90' lang='lat' dir='ltr'><strong>simul</strong></span> <span class='ocrx_word' id='word_1_239' title='bbox 1315 3367 1469 3420; x_wconf 89' lang='lat' dir='ltr'><strong>nudo</strong></span> <span class='ocrx_word' id='word_1_240' title='bbox 1500 3367 1669 3421; x_wconf 90' lang='lat' dir='ltr'><strong>verbo</strong></span> <span class='ocrx_word' id='word_1_241' title='bbox 1702 3365 1991 3423; x_wconf 78' lang='lat' dir='ltr'><strong>confestim</strong></span> <span class='ocrx_word' id='word_1_242' title='bbox 2033 3383 2128 3421; x_wconf 86' lang='lat' dir='ltr'><strong>ar-</strong></span> 
     </span>
    </p>
   </div>
   <div class='ocr_carea' id='block_1_34' title="bbox 544 3458 2132 3530">
    <p class='ocr_par' dir='ltr' id='par_1_34' title="bbox 544 3458 2132 3530">
     <span class='ocr_line' id='line_1_34' title="bbox 544 3458 2132 3530; baseline -0.002 -15"><span class='ocrx_word' id='word_1_243' title='bbox 544 3459 740 3515; x_wconf 89' lang='lat' dir='ltr'><strong>borem</strong></span> <span class='ocrx_word' id='word_1_244' title='bbox 773 3458 1002 3514; x_wconf 80' lang='lat' dir='ltr'><strong>arefacit</strong></span> <span class='ocrx_word' id='word_1_245' title='bbox 1036 3476 1049 3512; x_wconf 90' lang='lat'><strong>:</strong></span> <span class='ocrx_word' id='word_1_246' title='bbox 1083 3459 1381 3514; x_wconf 82' lang='lat' dir='ltr'><strong>ostendens</strong></span> <span class='ocrx_word' id='word_1_247' title='bbox 1418 3459 1566 3530; x_wconf 88' lang='lat' dir='ltr'><strong>quod</strong></span> <span class='ocrx_word' id='word_1_248' title='bbox 1612 3458 1706 3514; x_wconf 91' lang='lat' dir='ltr'><strong>ille</strong></span> <span class='ocrx_word' id='word_1_249' title='bbox 1747 3460 1864 3530; x_wconf 87' lang='lat' dir='ltr'><strong>ipse</strong></span> <span class='ocrx_word' id='word_1_250' title='bbox 1897 3460 1988 3527; x_wconf 90' lang='lat' dir='ltr'><strong>sit,</strong></span> <span class='ocrx_word' id='word_1_251' title='bbox 2033 3459 2132 3529; x_wconf 84' lang='lat' dir='ltr'><strong>qui</strong></span> 
     </span>
    </p>
   </div>
   <div class='ocr_carea' id='block_1_35' title="bbox 544 3549 2133 3623">
    <p class='ocr_par' dir='ltr' id='par_1_35' title="bbox 544 3549 2133 3623">
     <span class='ocr_line' id='line_1_35' title="bbox 544 3549 2133 3623; baseline 0.002 -18"><span class='ocrx_word' id='word_1_252' title='bbox 544 3566 666 3606; x_wconf 89' lang='lat' dir='ltr'><strong>eam</strong></span> <span class='ocrx_word' id='word_1_253' title='bbox 699 3558 754 3605; x_wconf 90' lang='lat' dir='ltr'><strong>et</strong></span> <span class='ocrx_word' id='word_1_254' title='bbox 803 3550 957 3605; x_wconf 88' lang='lat' dir='ltr'><strong>nasci</strong></span> <span class='ocrx_word' id='word_1_255' title='bbox 997 3549 1270 3620; x_wconf 85' lang='lat' dir='ltr'><strong>jusserit:</strong></span> <span class='ocrx_word' id='word_1_256' title='bbox 1316 3559 1372 3606; x_wconf 90' lang='lat' dir='ltr'><strong>et</strong></span> <span class='ocrx_word' id='word_1_257' title='bbox 1412 3552 1561 3621; x_wconf 89' lang='lat' dir='ltr'><strong>quod</strong></span> <span class='ocrx_word' id='word_1_258' title='bbox 1611 3553 1908 3623; x_wconf 65' lang='lat' dir='ltr'><strong>praecipere</strong></span> <span class='ocrx_word' id='word_1_259' title='bbox 1955 3560 2133 3623; x_wconf 88' lang='lat' dir='ltr'><strong>possit</strong></span> 
     </span>
    </p>
   </div>
   <div class='ocr_carea' id='block_1_36' title="bbox 544 3641 2130 3715">
    <p class='ocr_par' dir='ltr' id='par_1_36' title="bbox 544 3641 2130 3715">
     <span class='ocr_line' id='line_1_36' title="bbox 544 3641 2130 3715; baseline 0.004 -20"><span class='ocrx_word' id='word_1_260' title='bbox 544 3642 694 3712; x_wconf 80' lang='lat' dir='ltr'><strong>ligno</strong></span> <span class='ocrx_word' id='word_1_261' title='bbox 723 3642 904 3697; x_wconf 88' lang='lat' dir='ltr'><strong>crucis</strong></span> <span class='ocrx_word' id='word_1_262' title='bbox 935 3651 997 3696; x_wconf 92' lang='lat' dir='ltr'><strong>ut</strong></span> <span class='ocrx_word' id='word_1_263' title='bbox 1041 3641 1272 3696; x_wconf 78' lang='lat' dir='ltr'><strong>fulmine</strong></span> <span class='ocrx_word' id='word_1_264' title='bbox 1321 3643 1486 3698; x_wconf 79' lang='lat' dir='ltr'><strong>feriat</strong></span> <span class='ocrx_word' id='word_1_265' title='bbox 1529 3660 1592 3699; x_wconf 89' lang='lat' dir='ltr'><strong>se</strong></span> <span class='ocrx_word' id='word_1_266' title='bbox 1621 3643 1920 3715; x_wconf 82' lang='lat' dir='ltr'><strong>alligentes,</strong></span> <span class='ocrx_word' id='word_1_267' title='bbox 1957 3648 2130 3715; x_wconf 53' lang='lat' dir='ltr'><strong>quaid-</strong></span> 
     </span>
    </p>
   </div>
   <div class='ocr_carea' id='block_1_37' title="bbox 545 3732 2129 3806">
    <p class='ocr_par' dir='ltr' id='par_1_37' title="bbox 545 3732 2129 3806">
     <span class='ocr_line' id='line_1_37' title="bbox 545 3732 2129 3806; baseline 0.004 -19"><span class='ocrx_word' id='word_1_268' title='bbox 545 3749 652 3803; x_wconf 80' lang='lat' dir='ltr'><strong>que</strong></span> <span class='ocrx_word' id='word_1_269' title='bbox 681 3734 922 3804; x_wconf 86' lang='lat' dir='ltr'><strong>patiatur</strong></span> <span class='ocrx_word' id='word_1_270' title='bbox 967 3732 1162 3790; x_wconf 76' lang='lat' dir='ltr'><strong>aﬂixus</strong></span> <span class='ocrx_word' id='word_1_271' title='bbox 1191 3744 1251 3788; x_wconf 93' lang='lat' dir='ltr'><strong>ut</strong></span> <span class='ocrx_word' id='word_1_272' title='bbox 1288 3733 1460 3800; x_wconf 88' lang='lat' dir='ltr'><strong>Deus,</strong></span> <span class='ocrx_word' id='word_1_273' title='bbox 1497 3736 1683 3806; x_wconf 90' lang='lat' dir='ltr'><strong>qualia</strong></span> <span class='ocrx_word' id='word_1_274' title='bbox 1719 3738 1925 3806; x_wconf 84' lang='lat' dir='ltr'><strong>patitur</strong></span> <span class='ocrx_word' id='word_1_275' title='bbox 1963 3739 2129 3793; x_wconf 81' lang='lat' dir='ltr'><strong>homo</strong></span> 
     </span>
    </p>
   </div>
   <div class='ocr_carea' id='block_1_38' title="bbox 545 3825 2130 3901">
    <p class='ocr_par' dir='ltr' id='par_1_38' title="bbox 545 3825 2130 3901">
     <span class='ocr_line' id='line_1_38' title="bbox 545 3825 2130 3901; baseline 0.003 -21"><span class='ocrx_word' id='word_1_276' title='bbox 545 3825 600 3880; x_wconf 88' lang='lat' dir='ltr'><strong>in</strong></span> <span class='ocrx_word' id='word_1_277' title='bbox 631 3842 818 3882; x_wconf 88' lang='lat' dir='ltr'><strong>carne.</strong></span> <span class='ocrx_word' id='word_1_278' title='bbox 844 3825 1118 3881; x_wconf 85' lang='lat' dir='ltr'><strong>Euntibus</strong></span> <span class='ocrx_word' id='word_1_279' title='bbox 1144 3835 1329 3881; x_wconf 89' lang='lat' dir='ltr'><strong>autem</strong></span> <span class='ocrx_word' id='word_1_280' title='bbox 1361 3828 1497 3896; x_wconf 81' lang='lat' dir='ltr'><strong>ipsis</strong></span> <span class='ocrx_word' id='word_1_281' title='bbox 1537 3827 1907 3901; x_wconf 85' lang='lat' dir='ltr'><strong>llicrolymam</strong></span> <span class='ocrx_word' id='word_1_282' title='bbox 1939 3832 2130 3884; x_wconf 70' lang='lat' dir='ltr'><strong>esui-iit</strong></span> 
     </span>
    </p>
   </div>
   <div class='ocr_carea' id='block_1_39' title="bbox 544 3917 2131 3993">
    <p class='ocr_par' dir='ltr' id='par_1_39' title="bbox 544 3917 2131 3993">
     <span class='ocr_line' id='line_1_39' title="bbox 544 3917 2131 3993; baseline 0.003 -19"><span class='ocrx_word' id='word_1_283' title='bbox 544 3922 602 3974; x_wconf 89' lang='lat' dir='ltr'><strong>in</strong></span> <span class='ocrx_word' id='word_1_284' title='bbox 627 3921 715 3974; x_wconf 83' lang='lat' dir='ltr'><strong>uia</strong></span> <span class='ocrx_word' id='word_1_285' title='bbox 745 3917 926 3985; x_wconf 73' lang='lat' dir='ltr'><strong>Iesus,</strong></span> <span class='ocrx_word' id='word_1_286' title='bbox 957 3931 1005 3974; x_wconf 88' lang='lat' dir='ltr'><strong>et</strong></span> <span class='ocrx_word' id='word_1_287' title='bbox 1033 3919 1212 3973; x_wconf 81' lang='lat' dir='ltr'><strong>videns</strong></span> <span class='ocrx_word' id='word_1_288' title='bbox 1245 3919 1432 3988; x_wconf 75' lang='lat' dir='ltr'><strong>licunt,</strong></span> <span class='ocrx_word' id='word_1_289' title='bbox 1458 3921 1598 3975; x_wconf 80' lang='lat' dir='ltr'><strong>venit</strong></span> <span class='ocrx_word' id='word_1_290' title='bbox 1623 3922 1692 3974; x_wconf 86' lang='lat' dir='ltr'><strong>ad</strong></span> <span class='ocrx_word' id='word_1_291' title='bbox 1719 3939 1856 3986; x_wconf 88' lang='lat' dir='ltr'><strong>eam,</strong></span> <span class='ocrx_word' id='word_1_292' title='bbox 1889 3939 2131 3993; x_wconf 67' lang='lat' dir='ltr'><strong>qurerens</strong></span> 
     </span>
    </p>
   </div>
   <div class='ocr_carea' id='block_1_40' title="bbox 545 4010 2132 4083">
    <p class='ocr_par' dir='ltr' id='par_1_40' title="bbox 545 4010 2132 4083">
     <span class='ocr_line' id='line_1_40' title="bbox 545 4010 2132 4083; baseline 0.004 -20"><span class='ocrx_word' id='word_1_293' title='bbox 545 4011 804 4080; x_wconf 78' lang='lat' dir='ltr'><strong>fructum,</strong></span> <span class='ocrx_word' id='word_1_294' title='bbox 836 4019 886 4064; x_wconf 87' lang='lat' dir='ltr'><strong>et</strong></span> <span class='ocrx_word' id='word_1_295' title='bbox 929 4027 1034 4062; x_wconf 87' lang='lat' dir='ltr'><strong>non</strong></span> <span class='ocrx_word' id='word_1_296' title='bbox 1071 4010 1290 4075; x_wconf 87' lang='lat' dir='ltr'><strong>invenit,</strong></span> <span class='ocrx_word' id='word_1_297' title='bbox 1325 4011 1789 4080; x_wconf 87' lang='lat' dir='ltr'><strong>quemadmodum</strong></span> <span class='ocrx_word' id='word_1_298' title='bbox 1822 4013 2000 4083; x_wconf 90' lang='lat' dir='ltr'><strong>inquit</strong></span> <span class='ocrx_word' id='word_1_299' title='bbox 2046 4015 2132 4069; x_wconf 82' lang='lat' dir='ltr'><strong>di-</strong></span> 
     </span>
    </p>
   </div>
   <div class='ocr_carea' id='block_1_41' title="bbox 544 4099 2130 4177">
    <p class='ocr_par' dir='ltr' id='par_1_41' title="bbox 544 4099 2130 4177">
     <span class='ocr_line' id='line_1_41' title="bbox 544 4099 2130 4177; baseline 0.005 -23"><span class='ocrx_word' id='word_1_300' title='bbox 544 4117 646 4156; x_wconf 89' lang='lat' dir='ltr'><strong>vus</strong></span> <span class='ocrx_word' id='word_1_301' title='bbox 679 4102 1014 4172; x_wconf 77' lang='lat' dir='ltr'><strong>evangelista</strong></span> <span class='ocrx_word' id='word_1_302' title='bbox 1043 4101 1110 4150; x_wconf 84' lang='grc'><strong>³³-</strong></span> <span class='ocrx_word' id='word_1_303' title='bbox 1146 4099 1406 4173; x_wconf 80' lang='lat' dir='ltr'><strong>Figurale</strong></span> <span class='ocrx_word' id='word_1_304' title='bbox 1441 4112 1627 4158; x_wconf 90' lang='lat' dir='ltr'><strong>autem</strong></span> <span class='ocrx_word' id='word_1_305' title='bbox 1671 4104 2006 4176; x_wconf 81' lang='lat' dir='ltr'><strong>intelligatur</strong></span> <span class='ocrx_word' id='word_1_306' title='bbox 2033 4123 2130 4177; x_wconf 88' lang='lat' dir='ltr'><strong>per</strong></span> 
     </span>
    </p>
   </div>
   <div class='ocr_carea' id='block_1_42' title="bbox 544 4193 2130 4264">
    <p class='ocr_par' dir='ltr' id='par_1_42' title="bbox 544 4193 2130 4264">
     <span class='ocr_line' id='line_1_42' title="bbox 544 4193 2130 4264; baseline 0.004 -18"><span class='ocrx_word' id='word_1_307' title='bbox 544 4193 692 4247; x_wconf 78' lang='lat' dir='ltr'><strong>viam</strong></span> <span class='ocrx_word' id='word_1_308' title='bbox 735 4207 978 4264; x_wconf 73' lang='lat' dir='ltr'><strong>praesens</strong></span> <span class='ocrx_word' id='word_1_309' title='bbox 1003 4194 1138 4258; x_wconf 77' lang='lat' dir='ltr'><strong>vita,</strong></span> <span class='ocrx_word' id='word_1_310' title='bbox 1171 4208 1339 4264; x_wconf 84' lang='lat' dir='ltr'><strong>quam</strong></span> <span class='ocrx_word' id='word_1_311' title='bbox 1387 4195 1575 4250; x_wconf 86' lang='lat' dir='ltr'><strong>vivens</strong></span> <span class='ocrx_word' id='word_1_312' title='bbox 1616 4205 1675 4250; x_wconf 91' lang='lat' dir='ltr'><strong>et</strong></span> <span class='ocrx_word' id='word_1_313' title='bbox 1716 4205 1964 4252; x_wconf 84' lang='lat' dir='ltr'><strong>sanctum</strong></span> <span class='ocrx_word' id='word_1_314' title='bbox 1997 4199 2130 4252; x_wconf 85' lang='lat' dir='ltr'><strong>illud</strong></span> 
     </span>
    </p>
   </div>
   <div class='ocr_carea' id='block_1_43' title="bbox 544 4285 2127 4358">
    <p class='ocr_par' dir='ltr' id='par_1_43' title="bbox 544 4285 2127 4358">
     <span class='ocr_line' id='line_1_43' title="bbox 544 4285 2127 4358; baseline 0.003 -18"><span class='ocrx_word' id='word_1_315' title='bbox 544 4285 789 4340; x_wconf 79' lang='lat' dir='ltr'><strong>Verbum</strong></span> <span class='ocrx_word' id='word_1_316' title='bbox 821 4285 888 4340; x_wconf 89' lang='lat' dir='ltr'><strong>ad</strong></span> <span class='ocrx_word' id='word_1_317' title='bbox 918 4286 1335 4341; x_wconf 85' lang='lat' dir='ltr'><strong>similitudinem</strong></span> <span class='ocrx_word' id='word_1_318' title='bbox 1368 4287 1545 4342; x_wconf 88' lang='lat' dir='ltr'><strong>nostri</strong></span> <span class='ocrx_word' id='word_1_319' title='bbox 1568 4296 1754 4340; x_wconf 88' lang='lat' dir='ltr'><strong>natum</strong></span> <span class='ocrx_word' id='word_1_320' title='bbox 1773 4289 2127 4358; x_wconf 78' lang='lat' dir='ltr'><strong>corporaliter</strong></span> 
     </span>
    </p>
   </div>
   <div class='ocr_carea' id='block_1_44' title="bbox 545 4376 2133 4448">
    <p class='ocr_par' dir='ltr' id='par_1_44' title="bbox 545 4376 2133 4448">
     <span class='ocr_line' id='line_1_44' title="bbox 545 4376 2133 4448; baseline 0.001 -17"><span class='ocrx_word' id='word_1_321' title='bbox 545 4376 817 4439; x_wconf 79' lang='lat' dir='ltr'><strong>ambulat,</strong></span> <span class='ocrx_word' id='word_1_322' title='bbox 834 4385 888 4430; x_wconf 90' lang='lat' dir='ltr'><strong>et</strong></span> <span class='ocrx_word' id='word_1_323' title='bbox 905 4376 1027 4431; x_wconf 87' lang='lat' dir='ltr'><strong>loca</strong></span> <span class='ocrx_word' id='word_1_324' title='bbox 1047 4385 1242 4444; x_wconf 87' lang='lat' dir='ltr'><strong>mutat,</strong></span> <span class='ocrx_word' id='word_1_325' title='bbox 1266 4377 1471 4447; x_wconf 88' lang='lat' dir='ltr'><strong>ubique</strong></span> <span class='ocrx_word' id='word_1_326' title='bbox 1485 4378 1746 4432; x_wconf 89' lang='lat' dir='ltr'><strong>divinitus</strong></span> <span class='ocrx_word' id='word_1_327' title='bbox 1764 4395 2023 4448; x_wconf 57' lang='lat' dir='ltr'><strong>presens.</strong></span> <span class='ocrx_word' id='word_1_328' title='bbox 2044 4378 2133 4433; x_wconf 89' lang='lat' dir='ltr'><strong>ln-</strong></span> 
     </span>
    </p>
   </div>
   <div class='ocr_carea' id='block_1_45' title="bbox 548 4467 2128 4542">
    <p class='ocr_par' dir='ltr' id='par_1_45' title="bbox 548 4467 2128 4542">
     <span class='ocr_line' id='line_1_45' title="bbox 548 4467 2128 4542; baseline 0.003 -20"><span class='ocrx_word' id='word_1_329' title='bbox 548 4467 879 4522; x_wconf 84' lang='lat' dir='ltr'><strong>tellectiliter</strong></span> <span class='ocrx_word' id='word_1_330' title='bbox 899 4477 1085 4522; x_wconf 88' lang='lat' dir='ltr'><strong>autem</strong></span> <span class='ocrx_word' id='word_1_331' title='bbox 1113 4469 1391 4523; x_wconf 77' lang='lat' dir='ltr'><strong>esuriebat</strong></span> <span class='ocrx_word' id='word_1_332' title='bbox 1417 4477 1664 4524; x_wconf 87' lang='lat' dir='ltr'><strong>nostram</strong></span> <span class='ocrx_word' id='word_1_333' title='bbox 1697 4471 1954 4538; x_wconf 85' lang='lat' dir='ltr'><strong>salutem,</strong></span> <span class='ocrx_word' id='word_1_334' title='bbox 1987 4486 2128 4542; x_wconf 70' lang='lat' dir='ltr'><strong>prte-</strong></span> 
     </span>
    </p>
   </div>
   <div class='ocr_carea' id='block_1_46' title="bbox 547 4565 2129 4644">
    <p class='ocr_par' dir='ltr' id='par_1_46' title="bbox 547 4565 2129 4644">
     <span class='ocr_line' id='line_1_46' title="bbox 547 4565 2129 4644; baseline 0.006 -24"><span class='ocrx_word' id='word_1_335' title='bbox 547 4566 709 4636; x_wconf 83' lang='lat' dir='ltr'><strong>cipue</strong></span> <span class='ocrx_word' id='word_1_336' title='bbox 737 4581 869 4621; x_wconf 83' lang='lat' dir='ltr'><strong>vero</strong></span> <span class='ocrx_word' id='word_1_337' title='bbox 907 4565 1248 4625; x_wconf 70' lang='lat' dir='ltr'><strong>Iudaeorum.</strong></span> <span class='ocrx_word' id='word_1_338' title='bbox 1271 4566 1440 4624; x_wconf 81' lang='lat' dir='ltr'><strong>Venit.</strong></span> <span class='ocrx_word' id='word_1_339' title='bbox 1476 4571 1544 4625; x_wconf 83' lang='lat' dir='ltr'><strong>ad</strong></span> <span class='ocrx_word' id='word_1_340' title='bbox 1593 4571 1778 4638; x_wconf 84' lang='lat' dir='ltr'><strong>ticum,</strong></span> <span class='ocrx_word' id='word_1_341' title='bbox 1824 4583 2011 4644; x_wconf 89' lang='lat' dir='ltr'><strong>utpote</strong></span> <span class='ocrx_word' id='word_1_342' title='bbox 2061 4576 2129 4630; x_wconf 91' lang='lat' dir='ltr'><strong>ad</strong></span> 
     </span>
    </p>
   </div>
   <div class='ocr_carea' id='block_1_47' title="bbox 546 4666 2128 4743">
    <p class='ocr_par' dir='ltr' id='par_1_47' title="bbox 546 4666 2128 4743">
     <span class='ocr_line' id='line_1_47' title="bbox 546 4666 2128 4743; baseline 0.008 -21"><span class='ocrx_word' id='word_1_343' title='bbox 546 4666 919 4740; x_wconf 74' lang='lat' dir='ltr'><strong>Synagogam,</strong></span> <span class='ocrx_word' id='word_1_344' title='bbox 950 4685 1207 4740; x_wconf 63' lang='lat' dir='ltr'><strong>quarens</strong></span> <span class='ocrx_word' id='word_1_345' title='bbox 1229 4686 1296 4726; x_wconf 82' lang='lat' dir='ltr'><strong>ex</strong></span> <span class='ocrx_word' id='word_1_346' title='bbox 1328 4687 1391 4726; x_wconf 88' lang='lat' dir='ltr'><strong>ea</strong></span> <span class='ocrx_word' id='word_1_347' title='bbox 1427 4688 1535 4726; x_wconf 90' lang='lat' dir='ltr'><strong>non</strong></span> <span class='ocrx_word' id='word_1_348' title='bbox 1575 4676 1806 4732; x_wconf 81' lang='lat' dir='ltr'><strong>sensiles</strong></span> <span class='ocrx_word' id='word_1_349' title='bbox 1839 4677 1994 4743; x_wconf 84' lang='lat' dir='ltr'><strong>licus,</strong></span> <span class='ocrx_word' id='word_1_350' title='bbox 2032 4679 2128 4734; x_wconf 91' lang='lat' dir='ltr'><strong>scd</strong></span> 
     </span>
    </p>
   </div>
   <div class='ocr_carea' id='block_1_48' title="bbox 545 4767 2129 4847">
    <p class='ocr_par' dir='ltr' id='par_1_48' title="bbox 545 4767 2129 4847">
     <span class='ocr_line' id='line_1_48' title="bbox 545 4767 2129 4847; baseline 0.007 -26"><span class='ocrx_word' id='word_1_351' title='bbox 545 4767 922 4823; x_wconf 78' lang='lat' dir='ltr'><strong>intellectilem</strong></span> <span class='ocrx_word' id='word_1_352' title='bbox 961 4785 1028 4822; x_wconf 83' lang='lat' dir='ltr'><strong>ex</strong></span> <span class='ocrx_word' id='word_1_353' title='bbox 1075 4769 1193 4839; x_wconf 83' lang='lat' dir='ltr'><strong>lege</strong></span> <span class='ocrx_word' id='word_1_354' title='bbox 1239 4786 1309 4826; x_wconf 88' lang='lat' dir='ltr'><strong>ac</strong></span> <span class='ocrx_word' id='word_1_355' title='bbox 1348 4773 1655 4842; x_wconf 79' lang='lat' dir='ltr'><strong>prophetis,</strong></span> <span class='ocrx_word' id='word_1_356' title='bbox 1692 4775 2018 4847; x_wconf 84' lang='lat' dir='ltr'><strong>dulcemque</strong></span> <span class='ocrx_word' id='word_1_357' title='bbox 2048 4775 2129 4832; x_wconf 81' lang='lat' dir='ltr'><strong>fe-</strong></span> 
     </span>
    </p>
   </div>
   <div class='ocr_carea' id='block_1_49' title="bbox 543 4869 2128 4947">
    <p class='ocr_par' dir='ltr' id='par_1_49' title="bbox 543 4869 2128 4947">
     <span class='ocr_line' id='line_1_49' title="bbox 543 4869 2128 4947; baseline 0.004 -22"><span class='ocrx_word' id='word_1_358' title='bbox 543 4873 904 4929; x_wconf 84' lang='lat' dir='ltr'><strong>cunditatem.</strong></span> <span class='ocrx_word' id='word_1_359' title='bbox 936 4869 1077 4926; x_wconf 80' lang='lat' dir='ltr'><strong>Nam</strong></span> <span class='ocrx_word' id='word_1_360' title='bbox 1117 4872 1480 4927; x_wconf 88' lang='lat' dir='ltr'><strong>consimiliter</strong></span> <span class='ocrx_word' id='word_1_361' title='bbox 1511 4881 1572 4929; x_wconf 87' lang='lat' dir='ltr'><strong>ut</strong></span> <span class='ocrx_word' id='word_1_362' title='bbox 1607 4875 1660 4928; x_wconf 91' lang='lat' dir='ltr'><strong>in</strong></span> <span class='ocrx_word' id='word_1_363' title='bbox 1709 4875 1812 4930; x_wconf 82' lang='lat' dir='ltr'><strong>ﬁcu</strong></span> <span class='ocrx_word' id='word_1_364' title='bbox 1844 4893 2013 4947; x_wconf 85' lang='lat' dir='ltr'><strong>grana</strong></span> <span class='ocrx_word' id='word_1_365' title='bbox 2046 4877 2128 4932; x_wconf 87' lang='lat' dir='ltr'><strong>in-</strong></span> 
     </span>
    </p>
   </div>
   <div class='ocr_carea' id='block_1_50' title="bbox 545 4973 2128 5048">
    <p class='ocr_par' dir='ltr' id='par_1_50' title="bbox 545 4973 2128 5048">
     <span class='ocr_line' id='line_1_50' title="bbox 545 4973 2128 5048; baseline 0.003 -22"><span class='ocrx_word' id='word_1_366' title='bbox 545 4982 697 5037; x_wconf 84' lang='lat' dir='ltr'><strong>sunt,</strong></span> <span class='ocrx_word' id='word_1_367' title='bbox 737 4973 811 5026; x_wconf 89' lang='lat' dir='ltr'><strong>ita</strong></span> <span class='ocrx_word' id='word_1_368' title='bbox 855 4983 909 5027; x_wconf 89' lang='lat' dir='ltr'><strong>et</strong></span> <span class='ocrx_word' id='word_1_369' title='bbox 944 4973 1000 5027; x_wconf 88' lang='lat' dir='ltr'><strong>in</strong></span> <span class='ocrx_word' id='word_1_370' title='bbox 1041 4973 1330 5043; x_wconf 82' lang='lat' dir='ltr'><strong>Synagoga</strong></span> <span class='ocrx_word' id='word_1_371' title='bbox 1379 4973 1566 5030; x_wconf 88' lang='lat' dir='ltr'><strong>divina</strong></span> <span class='ocrx_word' id='word_1_372' title='bbox 1603 4991 1873 5048; x_wconf 74' lang='lat' dir='ltr'><strong>praecepta</strong></span> <span class='ocrx_word' id='word_1_373' title='bbox 1907 4979 1974 5032; x_wconf 85' lang='lat' dir='ltr'><strong>de</strong></span> <span class='ocrx_word' id='word_1_374' title='bbox 2003 4979 2128 5048; x_wconf 93' lang='lat' dir='ltr'><strong>qui-</strong></span> 
     </span>
    </p>
   </div>
   <div class='ocr_carea' id='block_1_51' title="bbox 544 5050 2124 5144">
    <p class='ocr_par' dir='ltr' id='par_1_51' title="bbox 544 5050 2124 5144">
     <span class='ocr_line' id='line_1_51' title="bbox 544 5050 2124 5144; baseline 0.006 -18"><span class='ocrx_word' id='word_1_375' title='bbox 544 5074 646 5128; x_wconf 84' lang='lat' dir='ltr'><strong>bus</strong></span> <span class='ocrx_word' id='word_1_376' title='bbox 683 5074 864 5128; x_wconf 84' lang='lat' dir='ltr'><strong>anima</strong></span> <span class='ocrx_word' id='word_1_377' title='bbox 899 5076 1235 5144; x_wconf 85' lang='lat' dir='ltr'><strong>participans</strong></span> <span class='ocrx_word' id='word_1_378' title='bbox 1275 5075 1563 5133; x_wconf 90' lang='lat' dir='ltr'><strong>dulcescit.</strong></span> <span class='ocrx_word' id='word_1_379' title='bbox 1607 5073 1712 5133; x_wconf 88' lang='lat' dir='ltr'><strong>Sed</strong></span> <span class='ocrx_word' id='word_1_380' title='bbox 1759 5094 1866 5132; x_wconf 91' lang='lat' dir='ltr'><strong>non</strong></span> <span class='ocrx_word' id='word_1_381' title='bbox 1918 5050 2124 5135; x_wconf 81' lang='lat' dir='ltr'><strong>invenit</strong></span> 
     </span>
    </p>
   </div>
   <div class='ocr_carea' id='block_1_52' title="bbox 542 5173 2123 5250">
    <p class='ocr_par' dir='ltr' id='par_1_52' title="bbox 542 5173 2123 5250">
     <span class='ocr_line' id='line_1_52' title="bbox 542 5173 2123 5250; baseline 0.006 -24"><span class='ocrx_word' id='word_1_382' title='bbox 542 5173 703 5228; x_wconf 75' lang='lat' dir='ltr'><strong>Jesus</strong></span> <span class='ocrx_word' id='word_1_383' title='bbox 740 5173 976 5228; x_wconf 83' lang='lat' dir='ltr'><strong>fruclum</strong></span> <span class='ocrx_word' id='word_1_384' title='bbox 1009 5176 1062 5228; x_wconf 93' lang='lat' dir='ltr'><strong>in</strong></span> <span class='ocrx_word' id='word_1_385' title='bbox 1097 5191 1182 5240; x_wconf 89' lang='lat' dir='ltr'><strong>ea,</strong></span> <span class='ocrx_word' id='word_1_386' title='bbox 1219 5177 1326 5231; x_wconf 91' lang='lat' dir='ltr'><strong>nisi</strong></span> <span class='ocrx_word' id='word_1_387' title='bbox 1362 5175 1492 5231; x_wconf 78' lang='lat' dir='ltr'><strong>folia</strong></span> <span class='ocrx_word' id='word_1_388' title='bbox 1527 5186 1737 5233; x_wconf 89' lang='lat' dir='ltr'><strong>tantum</strong></span> <span class='ocrx_word' id='word_1_389' title='bbox 1785 5181 2036 5250; x_wconf 85' lang='lat' dir='ltr'><strong>legalium</strong></span> <span class='ocrx_word' id='word_1_390' title='bbox 2068 5192 2123 5236; x_wconf 70' lang='lat' dir='ltr'><strong>et</strong></span> 
     </span>
    </p>
   </div>
   <div class='ocr_carea' id='block_1_53' title="bbox 541 5275 2122 5352">
    <p class='ocr_par' dir='ltr' id='par_1_53' title="bbox 541 5275 2122 5352">
     <span class='ocr_line' id='line_1_53' title="bbox 541 5275 2122 5352; baseline 0.008 -26"><span class='ocrx_word' id='word_1_391' title='bbox 541 5275 991 5346; x_wconf 79' lang='lat' dir='ltr'><strong>prepbeticorum</strong></span> <span class='ocrx_word' id='word_1_392' title='bbox 1035 5277 1552 5344; x_wconf 90' lang='lat' dir='ltr'><strong>instrumentorum,</strong></span> <span class='ocrx_word' id='word_1_393' title='bbox 1603 5295 1777 5350; x_wconf 86' lang='lat' dir='ltr'><strong>eaque</strong></span> <span class='ocrx_word' id='word_1_394' title='bbox 1805 5298 1903 5352; x_wconf 84' lang='lat' dir='ltr'><strong>per</strong></span> <span class='ocrx_word' id='word_1_395' title='bbox 1938 5291 2122 5338; x_wconf 83' lang='lat' dir='ltr'><strong>trans-</strong></span> 
     </span>
    </p>
   </div>
   <div class='ocr_carea' id='block_1_54' title="bbox 539 5375 2121 5445">
    <p class='ocr_par' dir='ltr' id='par_1_54' title="bbox 539 5375 2121 5445">
     <span class='ocr_line' id='line_1_54' title="bbox 539 5375 2121 5445; baseline 0.006 -16"><span class='ocrx_word' id='word_1_396' title='bbox 539 5375 879 5445; x_wconf 72' lang='lat' dir='ltr'><strong>gressionem</strong></span> <span class='ocrx_word' id='word_1_397' title='bbox 942 5377 1329 5432; x_wconf 87' lang='lat' dir='ltr'><strong>mandatorum</strong></span> <span class='ocrx_word' id='word_1_398' title='bbox 1381 5379 1696 5436; x_wconf 88' lang='lat' dir='ltr'><strong>divinorum</strong></span> <span class='ocrx_word' id='word_1_399' title='bbox 1758 5383 1927 5438; x_wconf 88' lang='lat' dir='ltr'><strong>veluti</strong></span> <span class='ocrx_word' id='word_1_400' title='bbox 1987 5383 2121 5439; x_wconf 81' lang='lat' dir='ltr'><strong>folia</strong></span> 
     </span>
    </p>
   </div>
   <div class='ocr_carea' id='block_1_55' title="bbox 1611 407 2751 469">
    <p class='ocr_par' dir='ltr' id='par_1_55' title="bbox 1611 407 2751 469">
     <span class='ocr_line' id='line_1_55' title="bbox 1611 407 2751 469; baseline -0.004 -2"><span class='ocrx_word' id='word_1_401' title='bbox 1611 411 1669 469; x_wconf 87' lang='lat' dir='ltr'><strong>S.</strong></span> <span class='ocrx_word' id='word_1_402' title='bbox 1738 409 2040 468; x_wconf 57' lang='lat' dir='ltr'><strong>CIESABII</strong></span> <span class='ocrx_word' id='word_1_403' title='bbox 2079 407 2411 465; x_wconf 75' lang='lat' dir='ltr'><strong>GREGURI!</strong></span> <span class='ocrx_word' id='word_1_404' title='bbox 2445 407 2751 464; x_wconf 76' lang='lat' dir='ltr'><strong>FIiATRIS</strong></span> 
     </span>
    </p>
   </div>
   <div class='ocr_carea' id='block_1_56' title="bbox 3700 400 3826 456">
    <p class='ocr_par' dir='ltr' id='par_1_56' title="bbox 3700 400 3826 456">
     <span class='ocr_line' id='line_1_56' title="bbox 3700 400 3826 456; baseline 0.016 -2"><span class='ocrx_word' id='word_1_405' title='bbox 3700 400 3826 456; x_wconf 66' lang='grc' dir='ltr'><strong>μοι</strong></span> 
     </span>
    </p>
   </div>
   <div class='ocr_carea' id='block_1_57' title="bbox 2227 517 3826 597">
    <p class='ocr_par' dir='ltr' id='par_1_57' title="bbox 2227 517 3826 597">
     <span class='ocr_line' id='line_1_57' title="bbox 2227 517 3826 597; baseline -0.007 -15"><span class='ocrx_word' id='word_1_406' title='bbox 2227 529 2480 597; x_wconf 66' lang='grc' dir='ltr'>Λαζάρου</span> <span class='ocrx_word' id='word_1_407' title='bbox 2513 525 2837 596; x_wconf 87' lang='grc' dir='ltr'>πυθόμενος,</span> <span class='ocrx_word' id='word_1_408' title='bbox 2869 523 2931 577; x_wconf 78' lang='grc' dir='ltr'><strong>τι</strong></span> <span class='ocrx_word' id='word_1_409' title='bbox 2956 520 3135 576; x_wconf 81' lang='grc' dir='ltr'>τοῦτο</span> <span class='ocrx_word' id='word_1_410' title='bbox 3160 521 3230 574; x_wconf 76' lang='grc' dir='ltr'>ἐν</span> <span class='ocrx_word' id='word_1_411' title='bbox 3258 518 3334 588; x_wconf 78' lang='grc' dir='ltr'>τῇ</span> <span class='ocrx_word' id='word_1_412' title='bbox 3365 520 3523 589; x_wconf 81' lang='grc' dir='ltr'>χειρί</span> <span class='ocrx_word' id='word_1_413' title='bbox 3561 534 3730 581; x_wconf 82' lang='grc' dir='ltr'>σου;</span> <span class='ocrx_word' id='word_1_414' title='bbox 3772 517 3826 570; x_wconf 88' lang='lat'><strong>&#39;0</strong></span> 
     </span>
    </p>
   </div>
   <div class='ocr_carea' id='block_1_58' title="bbox 2225 607 3935 685">
    <p class='ocr_par' dir='ltr' id='par_1_58' title="bbox 2225 607 3935 685">
     <span class='ocr_line' id='line_1_58' title="bbox 2225 607 3935 685; baseline -0.006 -14"><span class='ocrx_word' id='word_1_415' title='bbox 2225 618 2295 671; x_wconf 84' lang='grc' dir='ltr'>δὲ</span> <span class='ocrx_word' id='word_1_416' title='bbox 2313 619 2698 685; x_wconf 78' lang='grc' dir='ltr'>ἀπεκρίνατο,</span> <span class='ocrx_word' id='word_1_417' title='bbox 2739 614 2998 681; x_wconf 81' lang='grc' dir='ltr'>Ῥάϐδος.</span> <span class='ocrx_word' id='word_1_418' title='bbox 3027 613 3139 667; x_wconf 71' lang='grc' dir='ltr'><strong>Καὶ</strong></span> <span class='ocrx_word' id='word_1_419' title='bbox 3161 607 3315 676; x_wconf 83' lang='grc' dir='ltr'>αὖθις</span> <span class='ocrx_word' id='word_1_420' title='bbox 3341 611 3464 665; x_wconf 87' lang='grc' dir='ltr'>θεία</span> <span class='ocrx_word' id='word_1_421' title='bbox 3487 610 3683 681; x_wconf 69' lang='grc' dir='ltr'>φωνὴ,</span> <span class='ocrx_word' id='word_1_422' title='bbox 3727 609 3830 662; x_wconf 80' lang='grc' dir='ltr'><strong>Ῥἷ-</strong></span> 
     </span>
    </p>
   </div>
   <div class='ocr_carea' id='block_1_59' title="bbox 2225 701 3829 780">
    <p class='ocr_par' dir='ltr' id='par_1_59' title="bbox 2225 701 3829 780">
     <span class='ocr_line' id='line_1_59' title="bbox 2225 701 3829 780; baseline -0.007 -14"><span class='ocrx_word' id='word_1_423' title='bbox 2225 713 2350 780; x_wconf 44' lang='lat' dir='ltr'><strong>uror</strong></span> <span class='ocrx_word' id='word_1_424' title='bbox 2380 709 2576 777; x_wconf 80' lang='grc' dir='ltr'>αὐτὴν</span> <span class='ocrx_word' id='word_1_425' title='bbox 2597 708 2697 763; x_wconf 76' lang='grc' dir='ltr'><strong>ἐπὶ</strong></span> <span class='ocrx_word' id='word_1_426' title='bbox 2735 708 2853 776; x_wconf 76' lang='grc' dir='ltr'><strong>τὴν</strong></span> <span class='ocrx_word' id='word_1_427' title='bbox 2879 707 3030 776; x_wconf 76' lang='grc' dir='ltr'><strong>τῆν’</strong></span> <span class='ocrx_word' id='word_1_428' title='bbox 3067 707 3287 777; x_wconf 80' lang='grc' dir='ltr'>ριιρεῖσα</span> <span class='ocrx_word' id='word_1_429' title='bbox 3329 704 3406 771; x_wconf 83' lang='grc' dir='ltr'>δὲ,</span> <span class='ocrx_word' id='word_1_430' title='bbox 3436 703 3677 773; x_wconf 78' lang='grc' dir='ltr'>δράκων</span> <span class='ocrx_word' id='word_1_431' title='bbox 3715 701 3829 768; x_wconf 73' lang='grc' dir='ltr'>ἐγέ-</span> 
     </span>
    </p>
   </div>
   <div class='ocr_carea' id='block_1_60' title="bbox 2225 793 3830 873">
    <p class='ocr_par' dir='ltr' id='par_1_60' title="bbox 2225 793 3830 873">
     <span class='ocr_line' id='line_1_60' title="bbox 2225 793 3830 873; baseline -0.008 -15"><span class='ocrx_word' id='word_1_432' title='bbox 2225 820 2369 864; x_wconf 87' lang='grc' dir='ltr'>νετο,</span> <span class='ocrx_word' id='word_1_433' title='bbox 2409 801 2752 873; x_wconf 81' lang='grc' dir='ltr'>ὲφαλλομένη</span> <span class='ocrx_word' id='word_1_434' title='bbox 2799 799 2880 869; x_wconf 85' lang='grc' dir='ltr'>τῷ</span> <span class='ocrx_word' id='word_1_435' title='bbox 2909 797 3214 868; x_wconf 82' lang='grc' dir='ltr'><strong>προϊεμένῳ</strong></span> <span class='ocrx_word' id='word_1_436' title='bbox 3241 813 3252 824; x_wconf 80' lang='grc'><strong>’</strong></span> <span class='ocrx_word' id='word_1_437' title='bbox 3295 795 3391 849; x_wconf 85' lang='grc' dir='ltr'><strong>τοῦ</strong></span> <span class='ocrx_word' id='word_1_438' title='bbox 3439 795 3498 848; x_wconf 79' lang='grc' dir='ltr'>δὲ</span> <span class='ocrx_word' id='word_1_439' title='bbox 3539 793 3830 864; x_wconf 51' lang='lat' dir='ltr'><strong>anon-56%;</strong></span> 
     </span>
    </p>
   </div>
   <div class='ocr_carea' id='block_1_61' title="bbox 2228 885 3831 964">
    <p class='ocr_par' dir='ltr' id='par_1_61' title="bbox 2228 885 3831 964">
     <span class='ocr_line' id='line_1_61' title="bbox 2228 885 3831 964; baseline -0.007 -16"><span class='ocrx_word' id='word_1_440' title='bbox 2228 911 2443 958; x_wconf 89' lang='grc' dir='ltr'>σαντος,</span> <span class='ocrx_word' id='word_1_441' title='bbox 2485 894 2649 964; x_wconf 77' lang='grc' dir='ltr'>φησὶν</span> <span class='ocrx_word' id='word_1_442' title='bbox 2677 890 2825 962; x_wconf 83' lang='grc' dir='ltr'>αὐτῷ</span> <span class='ocrx_word' id='word_1_443' title='bbox 2864 891 2893 942; x_wconf 90' lang='lat'><strong>6</strong></span> <span class='ocrx_word' id='word_1_444' title='bbox 2939 889 3095 952; x_wconf 85' lang='grc' dir='ltr'><strong>Θεὸς,</strong></span> <span class='ocrx_word' id='word_1_445' title='bbox 3134 890 3449 942; x_wconf 75' lang='grc' dir='ltr'>Ἔκτεινον</span> <span class='ocrx_word' id='word_1_446' title='bbox 3496 886 3632 953; x_wconf 78' lang='grc' dir='ltr'><strong>τὴν</strong></span> <span class='ocrx_word' id='word_1_447' title='bbox 3671 885 3831 954; x_wconf 66' lang='grc' dir='ltr'><strong>χεῖ,ρά</strong></span> 
     </span>
    </p>
   </div>
   <div class='ocr_carea' id='block_1_62' title="bbox 2225 979 3829 1053">
    <p class='ocr_par' dir='ltr' id='par_1_62' title="bbox 2225 979 3829 1053">
     <span class='ocr_line' id='line_1_62' title="bbox 2225 979 3829 1053; baseline -0.007 -13"><span class='ocrx_word' id='word_1_448' title='bbox 2225 1002 2364 1053; x_wconf 89' lang='grc' dir='ltr'>σου,</span> <span class='ocrx_word' id='word_1_449' title='bbox 2400 986 2498 1040; x_wconf 80' lang='grc' dir='ltr'>καὶ</span> <span class='ocrx_word' id='word_1_450' title='bbox 2537 984 2826 1039; x_wconf 75' lang='grc' dir='ltr'>ἐπιλαϐοῦ</span> <span class='ocrx_word' id='word_1_451' title='bbox 2864 981 2978 1052; x_wconf 83' lang='grc' dir='ltr'>τῆς</span> <span class='ocrx_word' id='word_1_452' title='bbox 3015 980 3236 1048; x_wconf 78' lang='grc' dir='ltr'><strong>κέρκου</strong></span> <span class='ocrx_word' id='word_1_453' title='bbox 3272 979 3463 1034; x_wconf 82' lang='grc' dir='ltr'>αὐτοῦ</span> <span class='ocrx_word' id='word_1_454' title='bbox 3483 980 3829 1047; x_wconf 71' lang='grc' dir='ltr'>’.γενομένου</span> 
     </span>
    </p>
   </div>
   <div class='ocr_carea' id='block_1_63' title="bbox 2224 1067 3831 1144">
    <p class='ocr_par' dir='ltr' id='par_1_63' title="bbox 2224 1067 3831 1144">
     <span class='ocr_line' id='line_1_63' title="bbox 2224 1067 3831 1144; baseline -0.007 -11"><span class='ocrx_word' id='word_1_455' title='bbox 2224 1079 2305 1143; x_wconf 86' lang='grc' dir='ltr'>δὲ,</span> <span class='ocrx_word' id='word_1_456' title='bbox 2345 1079 2424 1141; x_wconf 82' lang='grc' dir='ltr'><strong>είς</strong></span> <span class='ocrx_word' id='word_1_457' title='bbox 2449 1079 2625 1130; x_wconf 79' lang='grc' dir='ltr'>ἐκεῖνο</span> <span class='ocrx_word' id='word_1_458' title='bbox 2657 1073 3009 1144; x_wconf 78' lang='grc' dir='ltr'><strong>ἀποκατέστη</strong></span> <span class='ocrx_word' id='word_1_459' title='bbox 3041 1073 3102 1125; x_wconf 83' lang='grc' dir='ltr'>τὸ</span> <span class='ocrx_word' id='word_1_460' title='bbox 3130 1069 3288 1136; x_wconf 79' lang='grc' dir='ltr'>ζῶον,</span> <span class='ocrx_word' id='word_1_461' title='bbox 3318 1073 3458 1143; x_wconf 82' lang='grc' dir='ltr'>ὅπερ</span> <span class='ocrx_word' id='word_1_462' title='bbox 3483 1067 3560 1142; x_wconf 78' lang='grc' dir='ltr'>ἦν</span> <span class='ocrx_word' id='word_1_463' title='bbox 3591 1072 3710 1141; x_wconf 80' lang='grc' dir='ltr'>πρὸ</span> <span class='ocrx_word' id='word_1_464' title='bbox 3748 1071 3831 1138; x_wconf 73' lang='grc' dir='ltr'>τῆς</span> 
     </span>
    </p>
   </div>
   <div class='ocr_carea' id='block_1_64' title="bbox 2226 1163 3832 1240">
    <p class='ocr_par' dir='ltr' id='par_1_64' title="bbox 2226 1163 3832 1240">
     <span class='ocr_line' id='line_1_64' title="bbox 2226 1163 3832 1240; baseline -0.005 -19"><span class='ocrx_word' id='word_1_465' title='bbox 2226 1166 2543 1240; x_wconf 87' lang='grc' dir='ltr'>θηριώσεως</span> <span class='ocrx_word' id='word_1_466' title='bbox 2591 1166 2905 1236; x_wconf 90' lang='grc' dir='ltr'>γενόμενον.</span> <span class='ocrx_word' id='word_1_467' title='bbox 2935 1164 3097 1218; x_wconf 81' lang='grc' dir='ltr'>Κατὰ</span> <span class='ocrx_word' id='word_1_468' title='bbox 3136 1163 3229 1217; x_wconf 85' lang='grc' dir='ltr'>τὸν</span> <span class='ocrx_word' id='word_1_469' title='bbox 3257 1163 3502 1234; x_wconf 85' lang='grc' dir='ltr'>δήσαντά</span> <span class='ocrx_word' id='word_1_470' title='bbox 3551 1179 3700 1232; x_wconf 73' lang='grc' dir='ltr'>φησι</span> <span class='ocrx_word' id='word_1_471' title='bbox 3729 1164 3832 1223; x_wconf 64' lang='lat' dir='ltr'><strong>tsi;</strong></span> 
     </span>
    </p>
   </div>
   <div class='ocr_carea' id='block_1_65' title="bbox 2225 1255 3833 1330">
    <p class='ocr_par' dir='ltr' id='par_1_65' title="bbox 2225 1255 3833 1330">
     <span class='ocr_line' id='line_1_65' title="bbox 2225 1255 3833 1330; baseline -0.006 -16"><span class='ocrx_word' id='word_1_472' title='bbox 2225 1261 2355 1330; x_wconf 76' lang='grc' dir='ltr'>περὶ</span> <span class='ocrx_word' id='word_1_473' title='bbox 2379 1259 2472 1312; x_wconf 84' lang='grc' dir='ltr'>τὸν</span> <span class='ocrx_word' id='word_1_474' title='bbox 2504 1257 2755 1329; x_wconf 79' lang='grc' dir='ltr'><strong>Λάζαρον</strong></span> <span class='ocrx_word' id='word_1_475' title='bbox 2775 1274 2789 1289; x_wconf 80' lang='grc'><em>’</em></span> <span class='ocrx_word' id='word_1_476' title='bbox 2820 1257 3063 1311; x_wconf 84' lang='grc' dir='ltr'><strong>Λύσατε</strong></span> <span class='ocrx_word' id='word_1_477' title='bbox 3110 1255 3319 1320; x_wconf 83' lang='grc' dir='ltr'>αὐτὸν,</span> <span class='ocrx_word' id='word_1_478' title='bbox 3344 1256 3459 1321; x_wconf 72' lang='lat' dir='ltr'><strong>fxai</strong></span> <span class='ocrx_word' id='word_1_479' title='bbox 3497 1256 3702 1323; x_wconf 54' lang='lat' dir='ltr'><strong>agere</strong></span> <span class='ocrx_word' id='word_1_480' title='bbox 3731 1258 3833 1308; x_wconf 73' lang='grc' dir='ltr'>ὑπ-</span> 
     </span>
    </p>
   </div>
   <div class='ocr_carea' id='block_1_66' title="bbox 2224 1346 3832 1419">
    <p class='ocr_par' dir='ltr' id='par_1_66' title="bbox 2224 1346 3832 1419">
     <span class='ocr_line' id='line_1_66' title="bbox 2224 1346 3832 1419; baseline -0.002 -17"><span class='ocrx_word' id='word_1_481' title='bbox 2224 1347 2413 1418; x_wconf 75' lang='grc' dir='ltr'>άγειν,</span> <span class='ocrx_word' id='word_1_482' title='bbox 2436 1349 2550 1411; x_wconf 81' lang='grc' dir='ltr'>τοῖς</span> <span class='ocrx_word' id='word_1_483' title='bbox 2569 1348 2681 1417; x_wconf 85' lang='lat' dir='ltr'><strong>(l0)</strong></span> <span class='ocrx_word' id='word_1_484' title='bbox 2713 1347 2922 1401; x_wconf 85' lang='grc' dir='ltr'>ἐκεῖνον</span> <span class='ocrx_word' id='word_1_485' title='bbox 2946 1346 3304 1419; x_wconf 79' lang='grc' dir='ltr'>μεταρῤώσας</span> <span class='ocrx_word' id='word_1_486' title='bbox 3329 1348 3420 1400; x_wconf 74' lang='grc' dir='ltr'>τὸν</span> <span class='ocrx_word' id='word_1_487' title='bbox 3442 1347 3523 1398; x_wconf 89' lang='grc' dir='ltr'><strong>διε</strong></span> <span class='ocrx_word' id='word_1_488' title='bbox 3531 1348 3832 1418; x_wconf 69' lang='grc' dir='ltr'>ῥρευκότα.</span> 
     </span>
    </p>
   </div>
   <div class='ocr_carea' id='block_1_67' title="bbox 2223 1435 3830 1514">
    <p class='ocr_par' dir='ltr' id='par_1_67' title="bbox 2223 1435 3830 1514">
     <span class='ocr_line' id='line_1_67' title="bbox 2223 1435 3830 1514; baseline -0.002 -20"><span class='ocrx_word' id='word_1_489' title='bbox 2223 1442 2322 1494; x_wconf 77' lang='grc' dir='ltr'>καὶ</span> <span class='ocrx_word' id='word_1_490' title='bbox 2365 1440 2618 1504; x_wconf 84' lang='grc' dir='ltr'><strong>ὀδωδότα,</strong></span> <span class='ocrx_word' id='word_1_491' title='bbox 2656 1440 2795 1511; x_wconf 82' lang='grc' dir='ltr'>ὅπερ</span> <span class='ocrx_word' id='word_1_492' title='bbox 2821 1435 2892 1511; x_wconf 84' lang='grc' dir='ltr'>ἦν</span> <span class='ocrx_word' id='word_1_493' title='bbox 2938 1439 3045 1514; x_wconf 84' lang='grc' dir='ltr'>πρὸ</span> <span class='ocrx_word' id='word_1_494' title='bbox 3075 1439 3171 1492; x_wconf 86' lang='grc' dir='ltr'><strong>τοῦ</strong></span> <span class='ocrx_word' id='word_1_495' title='bbox 3225 1437 3462 1492; x_wconf 83' lang='grc' dir='ltr'><strong>Θανάτου</strong></span> <span class='ocrx_word' id='word_1_496' title='bbox 3496 1438 3830 1506; x_wconf 82' lang='grc' dir='ltr'>γεύσασθαι.</span> 
     </span>
    </p>
   </div>
   <div class='ocr_carea' id='block_1_68' title="bbox 2235 1530 3834 1609">
    <p class='ocr_par' dir='ltr' id='par_1_68' title="bbox 2235 1530 3834 1609">
     <span class='ocr_line' id='line_1_68' title="bbox 2235 1530 3834 1609; baseline -0.004 -19"><span class='ocrx_word' id='word_1_497' title='bbox 2235 1536 2469 1609; x_wconf 87' lang='grc' dir='ltr'>Ὁμοίως</span> <span class='ocrx_word' id='word_1_498' title='bbox 2500 1538 2594 1589; x_wconf 83' lang='grc' dir='ltr'>καὶ</span> <span class='ocrx_word' id='word_1_499' title='bbox 2619 1535 2718 1607; x_wconf 80' lang='grc' dir='ltr'>τὴν</span> <span class='ocrx_word' id='word_1_500' title='bbox 2758 1534 2932 1606; x_wconf 74' lang='grc' dir='ltr'>ξηρὰν</span> <span class='ocrx_word' id='word_1_501' title='bbox 2969 1535 3062 1587; x_wconf 78' lang='grc' dir='ltr'>καὶ</span> <span class='ocrx_word' id='word_1_502' title='bbox 3093 1533 3295 1602; x_wconf 75' lang='grc' dir='ltr'>ἄφλυον</span> <span class='ocrx_word' id='word_1_503' title='bbox 3326 1532 3438 1603; x_wconf 81' lang='grc' dir='ltr'><strong>(Η)</strong></span> <span class='ocrx_word' id='word_1_504' title='bbox 3476 1530 3582 1585; x_wconf 81' lang='grc' dir='ltr'><strong>τοῦ</strong></span> <span class='ocrx_word' id='word_1_505' title='bbox 3628 1531 3834 1604; x_wconf 71' lang='grc' dir='ltr'>’Δαρὼν</span> 
     </span>
    </p>
   </div>
   <div class='ocr_carea' id='block_1_69' title="bbox 2227 1622 3837 1700">
    <p class='ocr_par' dir='ltr' id='par_1_69' title="bbox 2227 1622 3837 1700">
     <span class='ocr_line' id='line_1_69' title="bbox 2227 1622 3837 1700; baseline -0.004 -17"><span class='ocrx_word' id='word_1_506' title='bbox 2227 1627 2548 1700; x_wconf 79' lang='grc' dir='ltr'><strong>βακτηρίαν,</strong></span> <span class='ocrx_word' id='word_1_507' title='bbox 2579 1627 2818 1698; x_wconf 70' lang='grc' dir='ltr'>ἀμογητὶ</span> <span class='ocrx_word' id='word_1_508' title='bbox 2846 1626 3015 1697; x_wconf 71' lang='grc' dir='ltr'>χωρὶς</span> <span class='ocrx_word' id='word_1_509' title='bbox 3044 1625 3246 1690; x_wconf 80' lang='grc' dir='ltr'><strong>νοτίδος</strong></span> <span class='ocrx_word' id='word_1_510' title='bbox 3273 1625 3306 1696; x_wconf 84' lang='grc' dir='ltr'>ἢ</span> <span class='ocrx_word' id='word_1_511' title='bbox 3337 1626 3442 1695; x_wconf 82' lang='grc' dir='ltr'>γῆς</span> <span class='ocrx_word' id='word_1_512' title='bbox 3471 1622 3768 1690; x_wconf 81' lang='grc' dir='ltr'>πτῦξεως,</span> <span class='ocrx_word' id='word_1_513' title='bbox 3787 1626 3837 1677; x_wconf 80' lang='grc' dir='ltr'>ἐν</span> 
     </span>
    </p>
   </div>
   <div class='ocr_carea' id='block_1_70' title="bbox 2228 1714 3836 1791">
    <p class='ocr_par' dir='ltr' id='par_1_70' title="bbox 2228 1714 3836 1791">
     <span class='ocr_line' id='line_1_70' title="bbox 2228 1714 3836 1791; baseline -0.004 -19"><span class='ocrx_word' id='word_1_514' title='bbox 2228 1721 2330 1791; x_wconf 79' lang='grc' dir='ltr'><strong>μιᾷ</strong></span> <span class='ocrx_word' id='word_1_515' title='bbox 2365 1717 2524 1771; x_wconf 65' lang='grc' dir='ltr'><strong>νυκτὶ⁵</strong></span> <span class='ocrx_word' id='word_1_516' title='bbox 2553 1717 2726 1785; x_wconf 81' lang='grc' dir='ltr'>φύλλα</span> <span class='ocrx_word' id='word_1_517' title='bbox 2759 1717 2854 1768; x_wconf 79' lang='grc' dir='ltr'>καὶ</span> <span class='ocrx_word' id='word_1_518' title='bbox 2883 1716 3066 1787; x_wconf 87' lang='grc' dir='ltr'>κάρυα</span> <span class='ocrx_word' id='word_1_519' title='bbox 3097 1715 3394 1785; x_wconf 80' lang='grc' dir='ltr'><strong>βλαστῆσαι</strong></span> <span class='ocrx_word' id='word_1_520' title='bbox 3428 1714 3709 1786; x_wconf 79' lang='grc' dir='ltr'>ποιήσας,</span> <span class='ocrx_word' id='word_1_521' title='bbox 3747 1716 3836 1784; x_wconf 68' lang='grc' dir='ltr'>τῆς</span> 
     </span>
    </p>
   </div>
   <div class='ocr_carea' id='block_1_71' title="bbox 2226 1803 3935 1883">
    <p class='ocr_par' dir='ltr' id='par_1_71' title="bbox 2226 1803 3935 1883">
     <span class='ocr_line' id='line_1_71' title="bbox 2226 1803 3935 1883; baseline -0.005 -21"><span class='ocrx_word' id='word_1_522' title='bbox 2226 1808 2528 1880; x_wconf 75' lang='grc' dir='ltr'><strong>ἱερωσύνης</strong></span> <span class='ocrx_word' id='word_1_523' title='bbox 2574 1806 2723 1883; x_wconf 78' lang='grc' dir='ltr'><strong>αὑτῷ</strong></span> <span class='ocrx_word' id='word_1_524' title='bbox 2775 1805 3083 1877; x_wconf 82' lang='grc' dir='ltr'><strong>παρέσχετο</strong></span> <span class='ocrx_word' id='word_1_525' title='bbox 3128 1803 3423 1869; x_wconf 81' lang='grc' dir='ltr'>ἀπόδειξιν.</span> <span class='ocrx_word' id='word_1_526' title='bbox 3467 1805 3531 1856; x_wconf 83' lang='grc' dir='ltr'><strong>ὐ</strong></span> <span class='ocrx_word' id='word_1_527' title='bbox 3577 1805 3630 1856; x_wconf 85' lang='grc' dir='ltr'>δ’</span> <span class='ocrx_word' id='word_1_528' title='bbox 3683 1805 3839 1868; x_wconf 66' lang='grc' dir='ltr'>αὐτὸς</span> <span class='ocrx_word' id='word_1_529' title='bbox 3934 1843 3935 1846; x_wconf 58' lang='grc' dir='ltr'><strong>η</strong></span> 
     </span>
    </p>
   </div>
   <div class='ocr_carea' id='block_1_72' title="bbox 2223 1884 3839 1970">
    <p class='ocr_par' dir='ltr' id='par_1_72' title="bbox 2223 1884 3839 1970">
     <span class='ocr_line' id='line_1_72' title="bbox 2223 1884 3839 1970; baseline -0.002 -17"><span class='ocrx_word' id='word_1_530' title='bbox 2223 1899 2323 1970; x_wconf 78' lang='grc' dir='ltr'>τὴν</span> <span class='ocrx_word' id='word_1_531' title='bbox 2350 1898 2545 1970; x_wconf 78' lang='grc' dir='ltr'>ῥάϐδον</span> <span class='ocrx_word' id='word_1_532' title='bbox 2587 1897 2924 1970; x_wconf 81' lang='grc' dir='ltr'>περιφλύσας</span> <span class='ocrx_word' id='word_1_533' title='bbox 2954 1898 3125 1969; x_wconf 71' lang='grc' dir='ltr'>χωρὶς</span> <span class='ocrx_word' id='word_1_534' title='bbox 3169 1896 3418 1966; x_wconf 79' lang='grc' dir='ltr'><strong>φυτείας,</strong></span> <span class='ocrx_word' id='word_1_535' title='bbox 3453 1884 3668 1950; x_wconf 66' lang='grc' dir='ltr'>ἑαυτὸν</span> <span class='ocrx_word' id='word_1_536' title='bbox 3713 1901 3839 1950; x_wconf 53' lang='lat' dir='ltr'><strong>iam-</strong></span> 
     </span>
    </p>
   </div>
   <div class='ocr_carea' id='block_1_73' title="bbox 2227 1988 3837 2064">
    <p class='ocr_par' dir='ltr' id='par_1_73' title="bbox 2227 1988 3837 2064">
     <span class='ocr_line' id='line_1_73' title="bbox 2227 1988 3837 2064; baseline -0.002 -18"><span class='ocrx_word' id='word_1_537' title='bbox 2227 1992 2446 2064; x_wconf 86' lang='grc' dir='ltr'>μάτωσε</span> <span class='ocrx_word' id='word_1_538' title='bbox 2473 1990 2644 2059; x_wconf 78' lang='grc' dir='ltr'>χωρὶς</span> <span class='ocrx_word' id='word_1_539' title='bbox 2677 1989 2972 2057; x_wconf 78' lang='grc' dir='ltr'>συζυγίαςο</span> <span class='ocrx_word' id='word_1_540' title='bbox 3016 1989 3438 2054; x_wconf 72' lang='grc' dir='ltr'>Ἐξελεύσεται</span> <span class='ocrx_word' id='word_1_541' title='bbox 3460 1989 3584 2059; x_wconf 77' lang='grc' dir='ltr'>γὰρ</span> <span class='ocrx_word' id='word_1_542' title='bbox 3613 1988 3837 2057; x_wconf 72' lang='grc' dir='ltr'>ῥάϐδος</span> 
     </span>
    </p>
   </div>
   <div class='ocr_carea' id='block_1_74' title="bbox 2223 2080 3838 2155">
    <p class='ocr_par' dir='ltr' id='par_1_74' title="bbox 2223 2080 3838 2155">
     <span class='ocr_line' id='line_1_74' title="bbox 2223 2080 3838 2155; baseline 0 -19"><span class='ocrx_word' id='word_1_543' title='bbox 2223 2082 2293 2137; x_wconf 81' lang='grc' dir='ltr'>ἐκ</span> <span class='ocrx_word' id='word_1_544' title='bbox 2331 2081 2443 2151; x_wconf 80' lang='grc' dir='ltr'>τῆς</span> <span class='ocrx_word' id='word_1_545' title='bbox 2485 2081 2656 2151; x_wconf 72' lang='grc' dir='ltr'>ῥίζης</span> <span class='ocrx_word' id='word_1_546' title='bbox 2702 2083 2922 2137; x_wconf 85' lang='grc' dir='ltr'><strong>Ἰεσσαί</strong></span> <span class='ocrx_word' id='word_1_547' title='bbox 2941 2099 2960 2114; x_wconf 77' lang='grc' dir='ltr'><strong>ο</strong></span> <span class='ocrx_word' id='word_1_548' title='bbox 3005 2081 3205 2135; x_wconf 78' lang='grc' dir='ltr'>Ἰεσσαὶ</span> <span class='ocrx_word' id='word_1_549' title='bbox 3247 2081 3303 2135; x_wconf 89' lang='grc' dir='ltr'>δὲ</span> <span class='ocrx_word' id='word_1_550' title='bbox 3347 2080 3550 2152; x_wconf 82' lang='grc' dir='ltr'>βροτὸς</span> <span class='ocrx_word' id='word_1_551' title='bbox 3601 2083 3838 2155; x_wconf 69' lang='grc' dir='ltr'>ὑπάρχει</span> 
     </span>
    </p>
   </div>
   <div class='ocr_carea' id='block_1_75' title="bbox 2225 2168 3840 2246">
    <p class='ocr_par' dir='ltr' id='par_1_75' title="bbox 2225 2168 3840 2246">
     <span class='ocr_line' id='line_1_75' title="bbox 2225 2168 3840 2246; baseline -0.002 -16"><span class='ocrx_word' id='word_1_552' title='bbox 2225 2175 2409 2246; x_wconf 79' lang='grc' dir='ltr'>πατὴρ</span> <span class='ocrx_word' id='word_1_553' title='bbox 2440 2174 2536 2228; x_wconf 84' lang='grc' dir='ltr'><strong>τοῦ</strong></span> <span class='ocrx_word' id='word_1_554' title='bbox 2578 2173 2815 2245; x_wconf 71' lang='grc' dir='ltr'>μεγάλου</span> <span class='ocrx_word' id='word_1_555' title='bbox 2845 2174 3028 2229; x_wconf 75' lang='grc' dir='ltr'>Δαϐίδ.</span> <span class='ocrx_word' id='word_1_556' title='bbox 3075 2173 3312 2243; x_wconf 79' lang='grc' dir='ltr'><strong>Ἀνάγκη</strong></span> <span class='ocrx_word' id='word_1_557' title='bbox 3359 2168 3458 2226; x_wconf 78' lang='grc' dir='ltr'>οὖν</span> <span class='ocrx_word' id='word_1_558' title='bbox 3489 2172 3557 2237; x_wconf 72' lang='grc' dir='ltr'>ἐξ</span> <span class='ocrx_word' id='word_1_559' title='bbox 3589 2174 3840 2244; x_wconf 67' lang='grc' dir='ltr'>ἐμψύχου</span> 
     </span>
    </p>
   </div>
   <div class='ocr_carea' id='block_1_76' title="bbox 2227 2260 3844 2336">
    <p class='ocr_par' dir='ltr' id='par_1_76' title="bbox 2227 2260 3844 2336">
     <span class='ocr_line' id='line_1_76' title="bbox 2227 2260 3844 2336; baseline -0.011 -15"><span class='ocrx_word' id='word_1_560' title='bbox 2227 2265 2384 2336; x_wconf 78' lang='grc' dir='ltr'>ῥίζης</span> <span class='ocrx_word' id='word_1_561' title='bbox 2410 2263 2655 2336; x_wconf 77' lang='grc' dir='ltr'>ἔμψυχον</span> <span class='ocrx_word' id='word_1_562' title='bbox 2695 2266 2836 2316; x_wconf 85' lang='grc' dir='ltr'>νοεῖν</span> <span class='ocrx_word' id='word_1_563' title='bbox 2873 2263 2968 2316; x_wconf 73' lang='grc' dir='ltr'>καὶ</span> <span class='ocrx_word' id='word_1_564' title='bbox 3006 2261 3104 2334; x_wconf 79' lang='grc' dir='ltr'>τὴν</span> <span class='ocrx_word' id='word_1_565' title='bbox 3138 2261 3362 2334; x_wconf 77' lang='grc' dir='ltr'>ράὃδον·</span> <span class='ocrx_word' id='word_1_566' title='bbox 3389 2261 3528 2333; x_wconf 74' lang='grc' dir='ltr'>περὶ</span> <span class='ocrx_word' id='word_1_567' title='bbox 3602 2260 3679 2334; x_wconf 74' lang='grc' dir='ltr'>ἧς</span> <span class='ocrx_word' id='word_1_568' title='bbox 3726 2265 3844 2317; x_wconf 68' lang='grc' dir='ltr'><strong>τάδε</strong></span> 
     </span>
    </p>
   </div>
   <div class='ocr_carea' id='block_1_77' title="bbox 2228 2353 3847 2429">
    <p class='ocr_par' dir='ltr' id='par_1_77' title="bbox 2228 2353 3847 2429">
     <span class='ocr_line' id='line_1_77' title="bbox 2228 2353 3847 2429; baseline -0.001 -19"><span class='ocrx_word' id='word_1_569' title='bbox 2228 2357 2332 2429; x_wconf 88' lang='grc' dir='ltr'><strong>μέν</strong></span> <span class='ocrx_word' id='word_1_570' title='bbox 2379 2374 2544 2428; x_wconf 83' lang='grc' dir='ltr'>φησιν</span> <span class='ocrx_word' id='word_1_571' title='bbox 2574 2360 2606 2409; x_wconf 91' lang='lat'><strong>6</strong></span> <span class='ocrx_word' id='word_1_572' title='bbox 2650 2354 2854 2426; x_wconf 78' lang='grc' dir='ltr'>ὑψηλὸς</span> <span class='ocrx_word' id='word_1_573' title='bbox 2899 2355 3161 2418; x_wconf 76' lang='grc' dir='ltr'>Ἡσαΐαςο</span> <span class='ocrx_word' id='word_1_574' title='bbox 3211 2353 3357 2426; x_wconf 69' lang='grc' dir='ltr'>ἅπερ</span> <span class='ocrx_word' id='word_1_575' title='bbox 3400 2354 3788 2424; x_wconf 60' lang='grc' dir='ltr'>ἀνακαλύψας</span> <span class='ocrx_word' id='word_1_576' title='bbox 3823 2359 3847 2409; x_wconf 74' lang='grc' dir='ltr'><strong>ὁ</strong></span> 
     </span>
    </p>
   </div>
   <div class='ocr_carea' id='block_1_78' title="bbox 2226 2446 3846 2521">
    <p class='ocr_par' dir='ltr' id='par_1_78' title="bbox 2226 2446 3846 2521">
     <span class='ocr_line' id='line_1_78' title="bbox 2226 2446 3846 2521; baseline -0.01 -17"><span class='ocrx_word' id='word_1_577' title='bbox 2226 2450 2484 2521; x_wconf 79' lang='grc' dir='ltr'>θεοφόρος</span> <span class='ocrx_word' id='word_1_578' title='bbox 2522 2448 2844 2512; x_wconf 78' lang='grc' dir='ltr'>Ἀπόστολος</span> <span class='ocrx_word' id='word_1_579' title='bbox 2893 2447 3193 2520; x_wconf 76' lang='grc' dir='ltr'>διαρρήδην</span> <span class='ocrx_word' id='word_1_580' title='bbox 3227 2446 3362 2518; x_wconf 84' lang='grc' dir='ltr'>βοᾷ·</span> <span class='ocrx_word' id='word_1_581' title='bbox 3419 2449 3707 2517; x_wconf 72' lang='grc' dir='ltr'>Ἕχομεν</span> <span class='ocrx_word' id='word_1_582' title='bbox 3751 2450 3846 2517; x_wconf 66' lang='grc' dir='ltr'><strong>ἀρ.</strong></span> 
     </span>
    </p>
   </div>
   <div class='ocr_carea' id='block_1_79' title="bbox 2225 2534 3843 2611">
    <p class='ocr_par' dir='ltr' id='par_1_79' title="bbox 2225 2534 3843 2611">
     <span class='ocr_line' id='line_1_79' title="bbox 2225 2534 3843 2611; baseline -0.002 -16"><span class='ocrx_word' id='word_1_583' title='bbox 2225 2540 2425 2611; x_wconf 64' lang='grc' dir='ltr'>χωρέα</span> <span class='ocrx_word' id='word_1_584' title='bbox 2454 2539 2667 2610; x_wconf 73' lang='grc' dir='ltr'>μέγαν,</span> <span class='ocrx_word' id='word_1_585' title='bbox 2699 2540 3098 2608; x_wconf 69' lang='grc' dir='ltr'><strong>διεληλυθότα</strong></span> <span class='ocrx_word' id='word_1_586' title='bbox 3135 2537 3278 2605; x_wconf 86' lang='grc' dir='ltr'>τοὺς</span> <span class='ocrx_word' id='word_1_587' title='bbox 3300 2541 3620 2606; x_wconf 75' lang='grc' dir='ltr'>οὐρανούς</span> <span class='ocrx_word' id='word_1_588' title='bbox 3644 2557 3660 2571; x_wconf 88' lang='grc'>·</span> <span class='ocrx_word' id='word_1_589' title='bbox 3693 2534 3843 2603; x_wconf 73' lang='grc' dir='ltr'>οὗτος</span> 
     </span>
    </p>
   </div>
   <div class='ocr_carea' id='block_1_80' title="bbox 2224 2630 3844 2704">
    <p class='ocr_par' dir='ltr' id='par_1_80' title="bbox 2224 2630 3844 2704">
     <span class='ocr_line' id='line_1_80' title="bbox 2224 2630 3844 2704; baseline -0.001 -20"><span class='ocrx_word' id='word_1_590' title='bbox 2224 2634 2281 2687; x_wconf 83' lang='grc' dir='ltr'>δὲ</span> <span class='ocrx_word' id='word_1_591' title='bbox 2333 2635 2412 2697; x_wconf 86' lang='grc' dir='ltr'>εἰς</span> <span class='ocrx_word' id='word_1_592' title='bbox 2457 2632 2804 2704; x_wconf 84' lang='grc' dir='ltr'>Ἱεροσόλυμα</span> <span class='ocrx_word' id='word_1_593' title='bbox 2839 2632 3042 2700; x_wconf 83' lang='grc' dir='ltr'>φοιτῶν</span> <span class='ocrx_word' id='word_1_594' title='bbox 3093 2631 3210 2702; x_wconf 86' lang='grc' dir='ltr'>μετ’</span> <span class='ocrx_word' id='word_1_595' title='bbox 3243 2630 3304 2683; x_wconf 84' lang='grc' dir='ltr'>οὐ</span> <span class='ocrx_word' id='word_1_596' title='bbox 3343 2631 3515 2697; x_wconf 78' lang='grc' dir='ltr'>πολὺ,</span> <span class='ocrx_word' id='word_1_597' title='bbox 3564 2631 3671 2685; x_wconf 76' lang='grc' dir='ltr'><strong>τὸν</strong></span> <span class='ocrx_word' id='word_1_598' title='bbox 3707 2632 3844 2702; x_wconf 79' lang='grc' dir='ltr'>ὑπὲρ</span> 
     </span>
    </p>
   </div>
   <div class='ocr_carea' id='block_1_81' title="bbox 2226 2723 3844 2796">
    <p class='ocr_par' dir='ltr' id='par_1_81' title="bbox 2226 2723 3844 2796">
     <span class='ocr_line' id='line_1_81' title="bbox 2226 2723 3844 2796; baseline -0.001 -18"><span class='ocrx_word' id='word_1_599' title='bbox 2226 2727 2383 2796; x_wconf 84' lang='grc' dir='ltr'>ἡμῶν</span> <span class='ocrx_word' id='word_1_600' title='bbox 2426 2725 2659 2796; x_wconf 81' lang='grc' dir='ltr'>σταυρὸν</span> <span class='ocrx_word' id='word_1_601' title='bbox 2688 2724 3031 2795; x_wconf 81' lang='grc' dir='ltr'><strong>αὐθαιρέτως</strong></span> <span class='ocrx_word' id='word_1_602' title='bbox 3072 2723 3387 2792; x_wconf 80' lang='grc' dir='ltr'>ὑφίσταται,</span> <span class='ocrx_word' id='word_1_603' title='bbox 3427 2725 3662 2794; x_wconf 80' lang='grc' dir='ltr'>ῥήματι</span> <span class='ocrx_word' id='word_1_604' title='bbox 3711 2723 3844 2794; x_wconf 68' lang='grc' dir='ltr'>ψιλῷ</span> 
     </span>
    </p>
   </div>
   <div class='ocr_carea' id='block_1_82' title="bbox 2225 2816 3842 2889">
    <p class='ocr_par' dir='ltr' id='par_1_82' title="bbox 2225 2816 3842 2889">
     <span class='ocr_line' id='line_1_82' title="bbox 2225 2816 3842 2889; baseline -0.002 -17"><span class='ocrx_word' id='word_1_605' title='bbox 2225 2818 2438 2888; x_wconf 84' lang='grc' dir='ltr'>ἁθρόως</span> <span class='ocrx_word' id='word_1_606' title='bbox 2466 2816 2529 2870; x_wconf 79' lang='grc' dir='ltr'>τὸ</span> <span class='ocrx_word' id='word_1_607' title='bbox 2567 2817 2735 2887; x_wconf 80' lang='grc' dir='ltr'>φυτὸν</span> <span class='ocrx_word' id='word_1_608' title='bbox 2764 2817 3018 2889; x_wconf 71' lang='grc' dir='ltr'>ἐξήρανε,</span> <span class='ocrx_word' id='word_1_609' title='bbox 3050 2816 3264 2881; x_wconf 78' lang='grc' dir='ltr'>δεικνὺς</span> <span class='ocrx_word' id='word_1_610' title='bbox 3291 2816 3459 2879; x_wconf 81' lang='grc' dir='ltr'>αὐτὸς</span> <span class='ocrx_word' id='word_1_611' title='bbox 3504 2817 3842 2887; x_wconf 73' lang='grc' dir='ltr'>ὑπάρχεινὸ</span> 
     </span>
    </p>
   </div>
   <div class='ocr_carea' id='block_1_83' title="bbox 2227 2903 3841 2980">
    <p class='ocr_par' dir='ltr' id='par_1_83' title="bbox 2227 2903 3841 2980">
     <span class='ocr_line' id='line_1_83' title="bbox 2227 2903 3841 2980; baseline 0 -18"><span class='ocrx_word' id='word_1_612' title='bbox 2227 2909 2323 2963; x_wconf 80' lang='grc' dir='ltr'>καὶ</span> <span class='ocrx_word' id='word_1_613' title='bbox 2355 2908 2521 2978; x_wconf 84' lang='grc' dir='ltr'>φῦναι</span> <span class='ocrx_word' id='word_1_614' title='bbox 2545 2909 2833 2974; x_wconf 75' lang='grc' dir='ltr'>κελεύσας,</span> <span class='ocrx_word' id='word_1_615' title='bbox 2863 2909 2960 2962; x_wconf 72' lang='grc' dir='ltr'>καὶ</span> <span class='ocrx_word' id='word_1_616' title='bbox 2984 2909 3065 2963; x_wconf 87' lang='grc' dir='ltr'>ὅτι</span> <span class='ocrx_word' id='word_1_617' title='bbox 3096 2903 3208 2972; x_wconf 76' lang='grc' dir='ltr'>οἷός</span> <span class='ocrx_word' id='word_1_618' title='bbox 3239 2925 3298 2961; x_wconf 90' lang='grc' dir='ltr'><strong>τε</strong></span> <span class='ocrx_word' id='word_1_619' title='bbox 3321 2907 3573 2980; x_wconf 77' lang='grc' dir='ltr'>ὑπάρχει</span> <span class='ocrx_word' id='word_1_620' title='bbox 3605 2912 3841 2980; x_wconf 66' lang='grc' dir='ltr'>προστά-</span> 
     </span>
    </p>
   </div>
   <div class='ocr_carea' id='block_1_84' title="bbox 2229 3001 3838 3074">
    <p class='ocr_par' dir='ltr' id='par_1_84' title="bbox 2229 3001 3838 3074">
     <span class='ocr_line' id='line_1_84' title="bbox 2229 3001 3838 3074; baseline -0.001 -19"><span class='ocrx_word' id='word_1_621' title='bbox 2229 3003 2316 3068; x_wconf 83' lang='grc' dir='ltr'>ξαι</span> <span class='ocrx_word' id='word_1_622' title='bbox 2344 3003 2422 3074; x_wconf 85' lang='grc' dir='ltr'>τῷ</span> <span class='ocrx_word' id='word_1_623' title='bbox 2482 3002 2625 3074; x_wconf 79' lang='grc' dir='ltr'><strong>ξύλῳ</strong></span> <span class='ocrx_word' id='word_1_624' title='bbox 2670 3003 2764 3057; x_wconf 89' lang='grc' dir='ltr'><strong>τοῦ</strong></span> <span class='ocrx_word' id='word_1_625' title='bbox 2810 3001 3067 3074; x_wconf 88' lang='grc' dir='ltr'>σταυροῦ,</span> <span class='ocrx_word' id='word_1_626' title='bbox 3109 3001 3467 3073; x_wconf 83' lang='grc' dir='ltr'>κεραυνῶσαι</span> <span class='ocrx_word' id='word_1_627' title='bbox 3510 3005 3660 3067; x_wconf 76' lang='grc' dir='ltr'>τοὺς</span> <span class='ocrx_word' id='word_1_628' title='bbox 3713 3004 3838 3056; x_wconf 75' lang='grc' dir='ltr'>καο-</span> 
     </span>
    </p>
   </div>
   <div class='ocr_carea' id='block_1_85' title="bbox 2226 3088 3836 3168">
    <p class='ocr_par' dir='ltr' id='par_1_85' title="bbox 2226 3088 3836 3168">
     <span class='ocr_line' id='line_1_85' title="bbox 2226 3088 3836 3168; baseline -0.001 -20"><span class='ocrx_word' id='word_1_629' title='bbox 2226 3095 2519 3166; x_wconf 76' lang='grc' dir='ltr'>ηλοῦνταςο</span> <span class='ocrx_word' id='word_1_630' title='bbox 2555 3095 2711 3168; x_wconf 84' lang='grc' dir='ltr'>φέρει</span> <span class='ocrx_word' id='word_1_631' title='bbox 2737 3095 2796 3149; x_wconf 82' lang='grc' dir='ltr'>δὲ</span> <span class='ocrx_word' id='word_1_632' title='bbox 2832 3093 3061 3158; x_wconf 82' lang='grc' dir='ltr'>ὠςΘεὸς</span> <span class='ocrx_word' id='word_1_633' title='bbox 3094 3092 3493 3164; x_wconf 76' lang='grc' dir='ltr'>καθηλωμένος</span> <span class='ocrx_word' id='word_1_634' title='bbox 3517 3088 3621 3147; x_wconf 78' lang='grc' dir='ltr'>οἷα</span> <span class='ocrx_word' id='word_1_635' title='bbox 3660 3095 3836 3167; x_wconf 41' lang='lat'><strong>$6.26.;</strong></span> 
     </span>
    </p>
   </div>
   <div class='ocr_carea' id='block_1_86' title="bbox 2227 3183 3835 3259">
    <p class='ocr_par' dir='ltr' id='par_1_86' title="bbox 2227 3183 3835 3259">
     <span class='ocr_line' id='line_1_86' title="bbox 2227 3183 3835 3259; baseline -0.003 -18"><span class='ocrx_word' id='word_1_636' title='bbox 2227 3190 2296 3259; x_wconf 80' lang='grc' dir='ltr'>τῇ</span> <span class='ocrx_word' id='word_1_637' title='bbox 2329 3187 2510 3258; x_wconf 89' lang='grc' dir='ltr'>σαρκί.</span> <span class='ocrx_word' id='word_1_638' title='bbox 2542 3186 2857 3240; x_wconf 79' lang='grc' dir='ltr'>Φοιτὼντων</span> <span class='ocrx_word' id='word_1_639' title='bbox 2878 3186 2935 3239; x_wconf 82' lang='grc' dir='ltr'>δὲ</span> <span class='ocrx_word' id='word_1_640' title='bbox 2958 3185 3138 3238; x_wconf 72' lang='grc' dir='ltr'>αὐτῶν</span> <span class='ocrx_word' id='word_1_641' title='bbox 3171 3187 3251 3248; x_wconf 79' lang='grc' dir='ltr'><strong>είς</strong></span> <span class='ocrx_word' id='word_1_642' title='bbox 3285 3183 3666 3257; x_wconf 73' lang='grc' dir='ltr'>Ἱεροσόλυμα</span> <span class='ocrx_word' id='word_1_643' title='bbox 3692 3188 3835 3240; x_wconf 65' lang='grc' dir='ltr'>ἐπεί-</span> 
     </span>
    </p>
   </div>
   <div class='ocr_carea' id='block_1_87' title="bbox 2227 3275 3833 3347">
    <p class='ocr_par' dir='ltr' id='par_1_87' title="bbox 2227 3275 3833 3347">
     <span class='ocr_line' id='line_1_87' title="bbox 2227 3275 3833 3347; baseline -0.006 -13"><span class='ocrx_word' id='word_1_644' title='bbox 2227 3295 2421 3334; x_wconf 73' lang='grc' dir='ltr'>νασεν</span> <span class='ocrx_word' id='word_1_645' title='bbox 2449 3279 2520 3332; x_wconf 81' lang='grc' dir='ltr'><strong>ἐν</strong></span> <span class='ocrx_word' id='word_1_646' title='bbox 2539 3277 2615 3347; x_wconf 73' lang='grc' dir='ltr'>τῇ</span> <span class='ocrx_word' id='word_1_647' title='bbox 2644 3277 2764 3344; x_wconf 83' lang='grc' dir='ltr'><strong>ὁδῷ</strong></span> <span class='ocrx_word' id='word_1_648' title='bbox 2796 3280 2829 3332; x_wconf 84' lang='grc' dir='ltr'><strong>ό</strong></span> <span class='ocrx_word' id='word_1_649' title='bbox 2871 3277 3132 3344; x_wconf 84' lang='grc' dir='ltr'>Ἰησοῦς,</span> <span class='ocrx_word' id='word_1_650' title='bbox 3157 3276 3258 3330; x_wconf 77' lang='grc' dir='ltr'>καὶ</span> <span class='ocrx_word' id='word_1_651' title='bbox 3278 3275 3422 3330; x_wconf 72' lang='grc' dir='ltr'><strong>ἰδὼν</strong></span> <span class='ocrx_word' id='word_1_652' title='bbox 3449 3277 3680 3345; x_wconf 76' lang='grc' dir='ltr'>συκῆν</span> <span class='ocrx_word' id='word_1_653' title='bbox 3701 3275 3833 3347; x_wconf 64' lang='grc' dir='ltr'><strong>ἧκεν</strong></span> 
     </span>
    </p>
   </div>
   <div class='ocr_carea' id='block_1_88' title="bbox 2227 3363 3828 3438">
    <p class='ocr_par' dir='ltr' id='par_1_88' title="bbox 2227 3363 3828 3438">
     <span class='ocr_line' id='line_1_88' title="bbox 2227 3363 3828 3438; baseline -0.001 -16"><span class='ocrx_word' id='word_1_654' title='bbox 2227 3370 2322 3422; x_wconf 75' lang='grc' dir='ltr'><strong>ἐπ’</strong></span> <span class='ocrx_word' id='word_1_655' title='bbox 2342 3369 2539 3438; x_wconf 77' lang='grc' dir='ltr'>αὐτὴν</span> <span class='ocrx_word' id='word_1_656' title='bbox 2563 3368 2750 3436; x_wconf 80' lang='grc' dir='ltr'>ζητῶν</span> <span class='ocrx_word' id='word_1_657' title='bbox 2774 3367 3028 3436; x_wconf 72' lang='grc' dir='ltr'>καρπὸν,</span> <span class='ocrx_word' id='word_1_658' title='bbox 3059 3367 3160 3421; x_wconf 76' lang='grc' dir='ltr'>καὶ</span> <span class='ocrx_word' id='word_1_659' title='bbox 3183 3369 3298 3436; x_wconf 78' lang='grc' dir='ltr'><strong>οὐχ</strong></span> <span class='ocrx_word' id='word_1_660' title='bbox 3325 3363 3494 3435; x_wconf 79' lang='grc' dir='ltr'>εὗρε,</span> <span class='ocrx_word' id='word_1_661' title='bbox 3519 3368 3720 3432; x_wconf 80' lang='grc' dir='ltr'>καθώς</span> 
     </span>
    </p>
   </div>
   <div class='ocr_carea' id='block_1_89' title="bbox 2231 3458 3824 3531">
    <p class='ocr_par' dir='ltr' id='par_1_89' title="bbox 2231 3458 3824 3531">
     <span class='ocr_line' id='line_1_89' title="bbox 2231 3458 3824 3531; baseline 0.001 -17"><span class='ocrx_word' id='word_1_662' title='bbox 2231 3478 2314 3514; x_wconf 91' lang='grc' dir='ltr'><strong>σιν</strong></span> <span class='ocrx_word' id='word_1_663' title='bbox 2341 3461 2368 3512; x_wconf 91' lang='lat'><strong>6</strong></span> <span class='ocrx_word' id='word_1_664' title='bbox 2399 3461 2542 3525; x_wconf 87' lang='grc' dir='ltr'>θεῖος</span> <span class='ocrx_word' id='word_1_665' title='bbox 2571 3458 2987 3531; x_wconf 81' lang='grc' dir='ltr'>εὐαγγελιστής.</span> <span class='ocrx_word' id='word_1_666' title='bbox 3018 3458 3309 3527; x_wconf 86' lang='grc' dir='ltr'>Τροπικῶς</span> <span class='ocrx_word' id='word_1_667' title='bbox 3333 3458 3391 3511; x_wconf 85' lang='grc' dir='ltr'>δὲ</span> <span class='ocrx_word' id='word_1_668' title='bbox 3420 3459 3677 3514; x_wconf 81' lang='grc' dir='ltr'>νοείσθω</span> <span class='ocrx_word' id='word_1_669' title='bbox 3703 3463 3824 3521; x_wconf 66' lang='grc' dir='ltr'>ὁδὸς.</span> 
     </span>
    </p>
   </div>
   <div class='ocr_carea' id='block_1_90' title="bbox 2228 3549 3826 3626">
    <p class='ocr_par' dir='ltr' id='par_1_90' title="bbox 2228 3549 3826 3626">
     <span class='ocr_line' id='line_1_90' title="bbox 2228 3549 3826 3626; baseline -0.001 -19"><span class='ocrx_word' id='word_1_670' title='bbox 2228 3556 2256 3607; x_wconf 97' lang='lat'><strong>6</strong></span> <span class='ocrx_word' id='word_1_671' title='bbox 2292 3553 2481 3626; x_wconf 88' lang='grc' dir='ltr'>παρὼν</span> <span class='ocrx_word' id='word_1_672' title='bbox 2531 3553 2666 3624; x_wconf 84' lang='grc' dir='ltr'>βίος,</span> <span class='ocrx_word' id='word_1_673' title='bbox 2699 3553 2759 3606; x_wconf 88' lang='grc' dir='ltr'>ὃν</span> <span class='ocrx_word' id='word_1_674' title='bbox 2785 3554 2812 3606; x_wconf 92' lang='grc' dir='ltr'><strong>ό</strong></span> <span class='ocrx_word' id='word_1_675' title='bbox 2846 3549 2953 3616; x_wconf 80' lang='grc' dir='ltr'><strong>ζῶν</strong></span> <span class='ocrx_word' id='word_1_676' title='bbox 2987 3552 3082 3604; x_wconf 79' lang='grc' dir='ltr'>καὶ</span> <span class='ocrx_word' id='word_1_677' title='bbox 3128 3550 3284 3619; x_wconf 73' lang='grc' dir='ltr'>ἅγιος</span> <span class='ocrx_word' id='word_1_678' title='bbox 3319 3551 3488 3620; x_wconf 83' lang='grc' dir='ltr'>λόγος</span> <span class='ocrx_word' id='word_1_679' title='bbox 3530 3553 3669 3606; x_wconf 83' lang='grc' dir='ltr'>καθ’</span> <span class='ocrx_word' id='word_1_680' title='bbox 3697 3556 3826 3624; x_wconf 55' lang='lat' dir='ltr'><strong>ﬁgi;</strong></span> 
     </span>
    </p>
   </div>
   <div class='ocr_carea' id='block_1_91' title="bbox 2229 3642 3824 3718">
    <p class='ocr_par' dir='ltr' id='par_1_91' title="bbox 2229 3642 3824 3718">
     <span class='ocr_line' id='line_1_91' title="bbox 2229 3642 3824 3718; baseline -0.001 -20"><span class='ocrx_word' id='word_1_681' title='bbox 2229 3646 2520 3718; x_wconf 85' lang='grc' dir='ltr'>γενόμενος</span> <span class='ocrx_word' id='word_1_682' title='bbox 2563 3643 2892 3717; x_wconf 85' lang='grc' dir='ltr'>σωματικῶς</span> <span class='ocrx_word' id='word_1_683' title='bbox 2923 3642 3152 3716; x_wconf 79' lang='grc' dir='ltr'>βαδίζει,</span> <span class='ocrx_word' id='word_1_684' title='bbox 3184 3644 3279 3696; x_wconf 77' lang='grc' dir='ltr'>καὶ</span> <span class='ocrx_word' id='word_1_685' title='bbox 3321 3643 3538 3707; x_wconf 82' lang='grc' dir='ltr'>τόπους</span> <span class='ocrx_word' id='word_1_686' title='bbox 3590 3645 3824 3716; x_wconf 69' lang='grc' dir='ltr'>ἀμείϐει,</span> 
     </span>
    </p>
   </div>
   <div class='ocr_carea' id='block_1_92' title="bbox 2229 3735 3824 3812">
    <p class='ocr_par' dir='ltr' id='par_1_92' title="bbox 2229 3735 3824 3812">
     <span class='ocr_line' id='line_1_92' title="bbox 2229 3735 3824 3812; baseline -0.003 -20"><span class='ocrx_word' id='word_1_687' title='bbox 2229 3740 2405 3811; x_wconf 82' lang='grc' dir='ltr'>πάντη</span> <span class='ocrx_word' id='word_1_688' title='bbox 2437 3738 2631 3812; x_wconf 87' lang='grc' dir='ltr'>παρὼν</span> <span class='ocrx_word' id='word_1_689' title='bbox 2660 3737 2891 3802; x_wconf 85' lang='grc' dir='ltr'>θεῖκῶς·</span> <span class='ocrx_word' id='word_1_690' title='bbox 2919 3735 3124 3807; x_wconf 87' lang='grc' dir='ltr'>νοητῶς</span> <span class='ocrx_word' id='word_1_691' title='bbox 3160 3735 3217 3789; x_wconf 78' lang='grc' dir='ltr'>δὲ</span> <span class='ocrx_word' id='word_1_692' title='bbox 3239 3735 3447 3788; x_wconf 84' lang='grc' dir='ltr'>πεινῶν</span> <span class='ocrx_word' id='word_1_693' title='bbox 3475 3736 3588 3806; x_wconf 76' lang='grc' dir='ltr'>τὴν</span> <span class='ocrx_word' id='word_1_694' title='bbox 3625 3739 3824 3790; x_wconf 51' lang='grc' dir='ltr'>πάντα.</span> 
     </span>
    </p>
   </div>
   <div class='ocr_carea' id='block_1_93' title="bbox 2225 3823 3826 3904">
    <p class='ocr_par' dir='ltr' id='par_1_93' title="bbox 2225 3823 3826 3904">
     <span class='ocr_line' id='line_1_93' title="bbox 2225 3823 3826 3904; baseline -0.002 -18"><span class='ocrx_word' id='word_1_695' title='bbox 2225 3831 2530 3904; x_wconf 76' lang='grc' dir='ltr'>σωτηρίαν,</span> <span class='ocrx_word' id='word_1_696' title='bbox 2562 3829 2860 3903; x_wconf 73' lang='grc' dir='ltr'>ἐξαιρέτως</span> <span class='ocrx_word' id='word_1_697' title='bbox 2893 3829 2950 3883; x_wconf 79' lang='grc' dir='ltr'>δὲ</span> <span class='ocrx_word' id='word_1_698' title='bbox 2983 3827 3277 3891; x_wconf 81' lang='grc' dir='ltr'>Ἰουδαίων,</span> <span class='ocrx_word' id='word_1_699' title='bbox 3309 3823 3448 3900; x_wconf 80' lang='grc' dir='ltr'>ἧκεν</span> <span class='ocrx_word' id='word_1_700' title='bbox 3476 3830 3578 3883; x_wconf 75' lang='grc' dir='ltr'><strong>ἐπὶ</strong></span> <span class='ocrx_word' id='word_1_701' title='bbox 3622 3832 3728 3902; x_wconf 79' lang='grc' dir='ltr'>τὴν</span> <span class='ocrx_word' id='word_1_702' title='bbox 3751 3847 3826 3882; x_wconf 64' lang='lat'><strong>5&#39;.—</strong></span> 
     </span>
    </p>
   </div>
   <div class='ocr_carea' id='block_1_94' title="bbox 2229 3917 3829 3992">
    <p class='ocr_par' dir='ltr' id='par_1_94' title="bbox 2229 3917 3829 3992">
     <span class='ocr_line' id='line_1_94' title="bbox 2229 3917 3829 3992; baseline -0.001 -16"><span class='ocrx_word' id='word_1_703' title='bbox 2229 3921 2358 3992; x_wconf 82' lang='grc' dir='ltr'>κῆν,</span> <span class='ocrx_word' id='word_1_704' title='bbox 2394 3919 2597 3974; x_wconf 66' lang='grc' dir='ltr'><strong>ὠιιάνε)⁸</strong></span> <span class='ocrx_word' id='word_1_705' title='bbox 2628 3920 2727 3991; x_wconf 84' lang='grc' dir='ltr'>τὴν</span> <span class='ocrx_word' id='word_1_706' title='bbox 2769 3919 3120 3989; x_wconf 79' lang='grc' dir='ltr'>Συναγωγὴν,</span> <span class='ocrx_word' id='word_1_707' title='bbox 3151 3917 3331 3988; x_wconf 77' lang='grc' dir='ltr'>ζητῶν</span> <span class='ocrx_word' id='word_1_708' title='bbox 3363 3918 3424 3984; x_wconf 80' lang='grc' dir='ltr'>ἐξ</span> <span class='ocrx_word' id='word_1_709' title='bbox 3479 3921 3676 3991; x_wconf 76' lang='grc' dir='ltr'>αὐτῆς</span> <span class='ocrx_word' id='word_1_710' title='bbox 3712 3937 3829 3989; x_wconf 59' lang='grc' dir='ltr'>καρ-</span> 
     </span>
    </p>
   </div>
   <div class='ocr_carea' id='block_1_95' title="bbox 2229 4009 3832 4082">
    <p class='ocr_par' dir='ltr' id='par_1_95' title="bbox 2229 4009 3832 4082">
     <span class='ocr_line' id='line_1_95' title="bbox 2229 4009 3832 4082; baseline -0.004 -14"><span class='ocrx_word' id='word_1_711' title='bbox 2229 4013 2330 4068; x_wconf 75' lang='grc' dir='ltr'>πὸν</span> <span class='ocrx_word' id='word_1_712' title='bbox 2359 4013 2461 4067; x_wconf 83' lang='grc' dir='ltr'><strong>οὑκ</strong></span> <span class='ocrx_word' id='word_1_713' title='bbox 2497 4010 2767 4082; x_wconf 72' lang='grc' dir='ltr'>αἰσθητῶν</span> <span class='ocrx_word' id='word_1_714' title='bbox 2798 4010 3003 4076; x_wconf 81' lang='grc' dir='ltr'>σύκων,</span> <span class='ocrx_word' id='word_1_715' title='bbox 3044 4009 3183 4064; x_wconf 75' lang='grc' dir='ltr'>ἀλλὰ</span> <span class='ocrx_word' id='word_1_716' title='bbox 3227 4010 3318 4063; x_wconf 75' lang='grc' dir='ltr'>τὸν</span> <span class='ocrx_word' id='word_1_717' title='bbox 3365 4010 3602 4081; x_wconf 70' lang='grc' dir='ltr'>νοητόν,</span> <span class='ocrx_word' id='word_1_718' title='bbox 3643 4011 3745 4082; x_wconf 74' lang='grc' dir='ltr'>τὴν</span> <span class='ocrx_word' id='word_1_719' title='bbox 3783 4014 3832 4062; x_wconf 77' lang='grc' dir='ltr'>ἐι</span> 
     </span>
    </p>
   </div>
   <div class='ocr_carea' id='block_1_96' title="bbox 2228 4085 3829 4176">
    <p class='ocr_par' dir='ltr' id='par_1_96' title="bbox 2228 4085 3829 4176">
     <span class='ocr_line' id='line_1_96' title="bbox 2228 4085 3829 4176; baseline -0.002 -16"><span class='ocrx_word' id='word_1_720' title='bbox 2228 4104 2322 4160; x_wconf 89' lang='grc' dir='ltr'><strong>τοῦ</strong></span> <span class='ocrx_word' id='word_1_721' title='bbox 2349 4105 2516 4176; x_wconf 89' lang='grc' dir='ltr'>νόμου</span> <span class='ocrx_word' id='word_1_722' title='bbox 2549 4105 2643 4158; x_wconf 70' lang='grc' dir='ltr'>καὶ</span> <span class='ocrx_word' id='word_1_723' title='bbox 2668 4103 2778 4156; x_wconf 88' lang='grc' dir='ltr'><strong>τῶν</strong></span> <span class='ocrx_word' id='word_1_724' title='bbox 2800 4103 3098 4175; x_wconf 76' lang='grc' dir='ltr'>προφητῶν</span> <span class='ocrx_word' id='word_1_725' title='bbox 3123 4102 3385 4172; x_wconf 86' lang='grc' dir='ltr'>γλυκεῖαν</span> <span class='ocrx_word' id='word_1_726' title='bbox 3414 4085 3829 4176; x_wconf 56' lang='grc' dir='ltr'>καρποφορεῖ.-</span> 
     </span>
    </p>
   </div>
   <div class='ocr_carea' id='block_1_97' title="bbox 2228 4193 3832 4268">
    <p class='ocr_par' dir='ltr' id='par_1_97' title="bbox 2228 4193 3832 4268">
     <span class='ocr_line' id='line_1_97' title="bbox 2228 4193 3832 4268; baseline 0.001 -18"><span class='ocrx_word' id='word_1_727' title='bbox 2228 4195 2629 4268; x_wconf 85' lang='grc' dir='ltr'>παραπλησίως</span> <span class='ocrx_word' id='word_1_728' title='bbox 2652 4194 2762 4248; x_wconf 84' lang='grc' dir='ltr'><strong>τῶν</strong></span> <span class='ocrx_word' id='word_1_729' title='bbox 2785 4195 2844 4248; x_wconf 75' lang='grc' dir='ltr'>ὲν</span> <span class='ocrx_word' id='word_1_730' title='bbox 2865 4194 2943 4267; x_wconf 80' lang='grc' dir='ltr'>τῷ</span> <span class='ocrx_word' id='word_1_731' title='bbox 2969 4193 3120 4265; x_wconf 84' lang='grc' dir='ltr'>σύκῳ</span> <span class='ocrx_word' id='word_1_732' title='bbox 3143 4195 3361 4248; x_wconf 78' lang='grc' dir='ltr'>κόκκων</span> <span class='ocrx_word' id='word_1_733' title='bbox 3388 4197 3756 4267; x_wconf 62' lang='grc' dir='ltr'>ἐγκειμένων</span> <span class='ocrx_word' id='word_1_734' title='bbox 3781 4199 3832 4265; x_wconf 67' lang='grc' dir='ltr'>τῇ</span> 
     </span>
    </p>
   </div>
   <div class='ocr_carea' id='block_1_98' title="bbox 2229 4280 3836 4360">
    <p class='ocr_par' dir='ltr' id='par_1_98' title="bbox 2229 4280 3836 4360">
     <span class='ocr_line' id='line_1_98' title="bbox 2229 4280 3836 4360; baseline 0.001 -19"><span class='ocrx_word' id='word_1_735' title='bbox 2229 4289 2528 4358; x_wconf 80' lang='grc' dir='ltr'>Συναγωγῇ</span> <span class='ocrx_word' id='word_1_736' title='bbox 2577 4286 2686 4341; x_wconf 86' lang='grc' dir='ltr'><strong>τῶν</strong></span> <span class='ocrx_word' id='word_1_737' title='bbox 2737 4286 2898 4341; x_wconf 83' lang='grc' dir='ltr'>θείων</span> <span class='ocrx_word' id='word_1_738' title='bbox 2933 4287 3184 4350; x_wconf 76' lang='grc' dir='ltr'>ἐντολῶν,</span> <span class='ocrx_word' id='word_1_739' title='bbox 3227 4287 3292 4353; x_wconf 78' lang='grc' dir='ltr'>ἐξ</span> <span class='ocrx_word' id='word_1_740' title='bbox 3337 4280 3413 4341; x_wconf 77' lang='grc' dir='ltr'>ὧν</span> <span class='ocrx_word' id='word_1_741' title='bbox 3455 4289 3836 4360; x_wconf 71' lang='grc' dir='ltr'>μετέχουσιή</span> 
     </span>
    </p>
   </div>
   <div class='ocr_carea' id='block_1_99' title="bbox 2227 4372 3838 4450">
    <p class='ocr_par' dir='ltr' id='par_1_99' title="bbox 2227 4372 3838 4450">
     <span class='ocr_line' id='line_1_99' title="bbox 2227 4372 3838 4450; baseline 0.001 -19"><span class='ocrx_word' id='word_1_742' title='bbox 2227 4378 2374 4450; x_wconf 77' lang='grc' dir='ltr'>ψυχὴ</span> <span class='ocrx_word' id='word_1_743' title='bbox 2400 4377 2891 4447; x_wconf 81' lang='grc' dir='ltr'>καταγλυκαίνεται</span> <span class='ocrx_word' id='word_1_744' title='bbox 2915 4392 2930 4407; x_wconf 83' lang='grc'><strong>⁸</strong></span> <span class='ocrx_word' id='word_1_745' title='bbox 2959 4377 3073 4432; x_wconf 78' lang='grc' dir='ltr'>ἀλλ’</span> <span class='ocrx_word' id='word_1_746' title='bbox 3097 4379 3197 4448; x_wconf 84' lang='grc' dir='ltr'><strong>οὐχ</strong></span> <span class='ocrx_word' id='word_1_747' title='bbox 3219 4372 3374 4448; x_wconf 78' lang='grc' dir='ltr'>εὗρεν</span> <span class='ocrx_word' id='word_1_748' title='bbox 3395 4380 3422 4432; x_wconf 91' lang='lat'><strong>6</strong></span> <span class='ocrx_word' id='word_1_749' title='bbox 3456 4379 3689 4450; x_wconf 75' lang='grc' dir='ltr'>Ἰησοῦς</span> <span class='ocrx_word' id='word_1_750' title='bbox 3716 4398 3838 4448; x_wconf 76' lang='grc' dir='ltr'>καρ-</span> 
     </span>
    </p>
   </div>
   <div class='ocr_carea' id='block_1_100' title="bbox 2229 4469 3840 4542">
    <p class='ocr_par' dir='ltr' id='par_1_100' title="bbox 2229 4469 3840 4542">
     <span class='ocr_line' id='line_1_100' title="bbox 2229 4469 3840 4542; baseline 0.001 -18"><span class='ocrx_word' id='word_1_751' title='bbox 2229 4471 2330 4524; x_wconf 78' lang='grc' dir='ltr'>πὸν</span> <span class='ocrx_word' id='word_1_752' title='bbox 2379 4472 2436 4524; x_wconf 84' lang='grc' dir='ltr'>ὲν</span> <span class='ocrx_word' id='word_1_753' title='bbox 2474 4471 2636 4542; x_wconf 76' lang='grc' dir='ltr'>αὐτῇ,</span> <span class='ocrx_word' id='word_1_754' title='bbox 2665 4470 2821 4541; x_wconf 84' lang='grc' dir='ltr'>εἰμὴ</span> <span class='ocrx_word' id='word_1_755' title='bbox 2878 4469 3038 4542; x_wconf 85' lang='grc' dir='ltr'>μόνον</span> <span class='ocrx_word' id='word_1_756' title='bbox 3080 4469 3256 4539; x_wconf 82' lang='grc' dir='ltr'>φύλλα</span> <span class='ocrx_word' id='word_1_757' title='bbox 3291 4469 3401 4523; x_wconf 83' lang='grc' dir='ltr'><strong>τῶν</strong></span> <span class='ocrx_word' id='word_1_758' title='bbox 3435 4474 3706 4542; x_wconf 81' lang='grc' dir='ltr'>νομικῶν</span> <span class='ocrx_word' id='word_1_759' title='bbox 3757 4476 3840 4526; x_wconf 59' lang='grc' dir='ltr'>καὶ</span> 
     </span>
    </p>
   </div>
   <div class='ocr_carea' id='block_1_101' title="bbox 2228 4559 3840 4634">
    <p class='ocr_par' dir='ltr' id='par_1_101' title="bbox 2228 4559 3840 4634">
     <span class='ocr_line' id='line_1_101' title="bbox 2228 4559 3840 4634; baseline -0.001 -20"><span class='ocrx_word' id='word_1_760' title='bbox 2228 4559 2586 4633; x_wconf 78' lang='grc' dir='ltr'>προφητικῶν</span> <span class='ocrx_word' id='word_1_761' title='bbox 2633 4560 2898 4634; x_wconf 85' lang='grc' dir='ltr'>τεύχεων,</span> <span class='ocrx_word' id='word_1_762' title='bbox 2932 4561 3027 4614; x_wconf 69' lang='lat' dir='ltr'><strong>atat</strong></span> <span class='ocrx_word' id='word_1_763' title='bbox 3056 4559 3197 4614; x_wconf 75' lang='grc' dir='ltr'>αὐτὰ</span> <span class='ocrx_word' id='word_1_764' title='bbox 3227 4563 3296 4632; x_wconf 74' lang='grc' dir='ltr'><strong>τῇ</strong></span> <span class='ocrx_word' id='word_1_765' title='bbox 3351 4561 3695 4633; x_wconf 71' lang='grc' dir='ltr'>παραϐάσει</span> <span class='ocrx_word' id='word_1_766' title='bbox 3744 4565 3840 4617; x_wconf 58' lang='grc' dir='ltr'><strong>τῶν</strong></span> 
     </span>
    </p>
   </div>
   <div class='ocr_carea' id='block_1_102' title="bbox 2229 4651 3844 4728">
    <p class='ocr_par' dir='ltr' id='par_1_102' title="bbox 2229 4651 3844 4728">
     <span class='ocr_line' id='line_1_102' title="bbox 2229 4651 3844 4728; baseline 0.002 -22"><span class='ocrx_word' id='word_1_767' title='bbox 2229 4651 2387 4706; x_wconf 82' lang='grc' dir='ltr'>Θείων</span> <span class='ocrx_word' id='word_1_768' title='bbox 2418 4653 2581 4706; x_wconf 73' lang='grc' dir='ltr'>οἱονεὶ</span> <span class='ocrx_word' id='word_1_769' title='bbox 2624 4651 2799 4722; x_wconf 78' lang='grc' dir='ltr'>φύλλα</span> <span class='ocrx_word' id='word_1_770' title='bbox 2827 4652 2998 4723; x_wconf 81' lang='grc' dir='ltr'>συκῆς</span> <span class='ocrx_word' id='word_1_771' title='bbox 3032 4651 3137 4705; x_wconf 82' lang='grc' dir='ltr'>ὑπὸ</span> <span class='ocrx_word' id='word_1_772' title='bbox 3177 4651 3286 4706; x_wconf 87' lang='grc' dir='ltr'><strong>τῶν</strong></span> <span class='ocrx_word' id='word_1_773' title='bbox 3324 4652 3406 4715; x_wconf 81' lang='grc' dir='ltr'><strong>είς</strong></span> <span class='ocrx_word' id='word_1_774' title='bbox 3437 4653 3692 4722; x_wconf 79' lang='grc' dir='ltr'>ἀλογίαν</span> <span class='ocrx_word' id='word_1_775' title='bbox 3723 4675 3844 4728; x_wconf 62' lang='grc' dir='ltr'>τρι-</span> 
     </span>
    </p>
   </div>
   <div class='ocr_carea' id='block_1_103' title="bbox 2228 4744 3842 4819">
    <p class='ocr_par' dir='ltr' id='par_1_103' title="bbox 2228 4744 3842 4819">
     <span class='ocr_line' id='line_1_103' title="bbox 2228 4744 3842 4819; baseline 0.002 -21"><span class='ocrx_word' id='word_1_776' title='bbox 2228 4745 2441 4798; x_wconf 85' lang='grc' dir='ltr'>πέντων</span> <span class='ocrx_word' id='word_1_777' title='bbox 2509 4744 2778 4798; x_wconf 84' lang='grc' dir='ltr'>Ἰουδαίων</span> <span class='ocrx_word' id='word_1_778' title='bbox 2830 4744 3001 4807; x_wconf 85' lang='grc' dir='ltr'>ἀδεῶς</span> <span class='ocrx_word' id='word_1_779' title='bbox 3055 4744 3389 4815; x_wconf 85' lang='grc' dir='ltr'>πατούμενα.</span> <span class='ocrx_word' id='word_1_780' title='bbox 3453 4746 3694 4818; x_wconf 74' lang='grc' dir='ltr'>Κτῆνος</span> <span class='ocrx_word' id='word_1_781' title='bbox 3745 4750 3842 4819; x_wconf 59' lang='grc' dir='ltr'>τὰς</span> 
     </span>
    </p>
   </div>
   <div class='ocr_carea' id='block_1_104' title="bbox 2227 4837 3842 4913">
    <p class='ocr_par' dir='ltr' id='par_1_104' title="bbox 2227 4837 3842 4913">
     <span class='ocr_line' id='line_1_104' title="bbox 2227 4837 3842 4913; baseline -0.001 -21"><span class='ocrx_word' id='word_1_782' title='bbox 2227 4839 2462 4909; x_wconf 79' lang='grc' dir='ltr'>ὑπάρχει</span> <span class='ocrx_word' id='word_1_783' title='bbox 2495 4837 2834 4910; x_wconf 74' lang='grc' dir='ltr'>βιϐλιοφόρον</span> <span class='ocrx_word' id='word_1_784' title='bbox 2869 4840 2908 4908; x_wconf 75' lang='grc' dir='ltr'><strong>ἡ</strong></span> <span class='ocrx_word' id='word_1_785' title='bbox 2931 4838 3275 4911; x_wconf 78' lang='grc' dir='ltr'>κυριοκτόνος</span> <span class='ocrx_word' id='word_1_786' title='bbox 3302 4841 3614 4912; x_wconf 77' lang='grc' dir='ltr'>συναγωγή</span> <span class='ocrx_word' id='word_1_787' title='bbox 3643 4859 3659 4872; x_wconf 76' lang='grc' dir='ltr'><strong>ο</strong></span> <span class='ocrx_word' id='word_1_788' title='bbox 3703 4845 3737 4913; x_wconf 82' lang='grc' dir='ltr'><strong>ἠ</strong></span> <span class='ocrx_word' id='word_1_789' title='bbox 3763 4845 3842 4895; x_wconf 64' lang='grc' dir='ltr'><strong>τὸ.</strong></span> 
     </span>
    </p>
   </div>
   <div class='ocr_carea' id='block_1_105' title="bbox 2227 4927 3843 4999">
    <p class='ocr_par' dir='ltr' id='par_1_105' title="bbox 2227 4927 3843 4999">
     <span class='ocr_line' id='line_1_105' title="bbox 2227 4927 3843 4999; baseline -0.001 -17"><span class='ocrx_word' id='word_1_790' title='bbox 2227 4928 2452 4999; x_wconf 76' lang='grc' dir='ltr'>βασιλέα</span> <span class='ocrx_word' id='word_1_791' title='bbox 2496 4927 2780 4992; x_wconf 79' lang='grc' dir='ltr'>ἀνελοῦσα,</span> <span class='ocrx_word' id='word_1_792' title='bbox 2809 4927 2903 4982; x_wconf 79' lang='grc' dir='ltr'>τὸν</span> <span class='ocrx_word' id='word_1_793' title='bbox 2958 4928 3018 4982; x_wconf 77' lang='grc' dir='ltr'>δὲ</span> <span class='ocrx_word' id='word_1_794' title='bbox 3068 4927 3409 4999; x_wconf 84' lang='grc' dir='ltr'>στρατιώτην</span> <span class='ocrx_word' id='word_1_795' title='bbox 3456 4930 3727 4996; x_wconf 74' lang='grc' dir='ltr'>τιμῶσα,</span> <span class='ocrx_word' id='word_1_796' title='bbox 3763 4933 3843 4984; x_wconf 60' lang='grc' dir='ltr'>ὑπ’</span> 
     </span>
    </p>
   </div>
   <div class='ocr_carea' id='block_1_106' title="bbox 2226 5022 3846 5093">
    <p class='ocr_par' dir='ltr' id='par_1_106' title="bbox 2226 5022 3846 5093">
     <span class='ocr_line' id='line_1_106' title="bbox 2226 5022 3846 5093; baseline 0.001 -18"><span class='ocrx_word' id='word_1_797' title='bbox 2226 5022 2392 5076; x_wconf 83' lang='grc' dir='ltr'>αὐτοῦ</span> <span class='ocrx_word' id='word_1_798' title='bbox 2414 5023 2469 5076; x_wconf 83' lang='grc' dir='ltr'>δὲ</span> <span class='ocrx_word' id='word_1_799' title='bbox 2497 5022 3000 5093; x_wconf 76' lang='grc' dir='ltr'>αἰχμαλωτισθείσα</span> <span class='ocrx_word' id='word_1_800' title='bbox 3043 5022 3334 5086; x_wconf 84' lang='grc' dir='ltr'>πολλάκις,</span> <span class='ocrx_word' id='word_1_801' title='bbox 3368 5023 3470 5077; x_wconf 82' lang='grc' dir='ltr'><strong>καί</strong></span> <span class='ocrx_word' id='word_1_802' title='bbox 3499 5026 3729 5091; x_wconf 75' lang='grc' dir='ltr'>οἰκέτις</span> <span class='ocrx_word' id='word_1_803' title='bbox 3759 5027 3846 5080; x_wconf 73' lang='lat' dir='ltr'><strong>ui</strong></span> 
     </span>
    </p>
   </div>
   <div class='ocr_carea' id='block_1_107' title="bbox 2229 5115 3935 5194">
    <p class='ocr_par' dir='ltr' id='par_1_107' title="bbox 2229 5115 3935 5194">
     <span class='ocr_line' id='line_1_107' title="bbox 2229 5115 3935 5194; baseline 0 -24"><span class='ocrx_word' id='word_1_804' title='bbox 2229 5116 2503 5188; x_wconf 68' lang='grc' dir='ltr'>ὑπόφορος</span> <span class='ocrx_word' id='word_1_805' title='bbox 2524 5115 2792 5187; x_wconf 80' lang='grc' dir='ltr'>γενομένη</span> <span class='ocrx_word' id='word_1_806' title='bbox 2807 5133 2819 5144; x_wconf 93' lang='grc'>·</span> <span class='ocrx_word' id='word_1_807' title='bbox 2856 5117 2892 5186; x_wconf 82' lang='grc' dir='ltr'><strong>ή</strong></span> <span class='ocrx_word' id='word_1_808' title='bbox 2915 5115 3386 5183; x_wconf 77' lang='grc' dir='ltr'>ἅναγινώσκουσα,</span> <span class='ocrx_word' id='word_1_809' title='bbox 3410 5116 3515 5169; x_wconf 71' lang='grc' dir='ltr'>καὶ</span> <span class='ocrx_word' id='word_1_810' title='bbox 3553 5121 3646 5191; x_wconf 71' lang='grc' dir='ltr'>μὴ</span> <span class='ocrx_word' id='word_1_811' title='bbox 3671 5123 3842 5188; x_wconf 46' lang='lat' dir='ltr'><strong>sent:-</strong></span> 
     </span>
    </p>
   </div>
   <div class='ocr_carea' id='block_1_108' title="bbox 2227 5206 3847 5282">
    <p class='ocr_par' dir='ltr' id='par_1_108' title="bbox 2227 5206 3847 5282">
     <span class='ocr_line' id='line_1_108' title="bbox 2227 5206 3847 5282; baseline 0.002 -21"><span class='ocrx_word' id='word_1_812' title='bbox 2227 5206 2538 5262; x_wconf 82' lang='grc' dir='ltr'>νώσκουσα·</span> <span class='ocrx_word' id='word_1_813' title='bbox 2567 5210 2603 5279; x_wconf 81' lang='grc' dir='ltr'><strong>ή</strong></span> <span class='ocrx_word' id='word_1_814' title='bbox 2642 5208 2704 5261; x_wconf 85' lang='grc' dir='ltr'><strong>τὺ</strong></span> <span class='ocrx_word' id='word_1_815' title='bbox 2742 5208 2984 5279; x_wconf 80' lang='grc' dir='ltr'>γράμμα</span> <span class='ocrx_word' id='word_1_816' title='bbox 3027 5206 3322 5277; x_wconf 79' lang='grc' dir='ltr'>κρατοῦσα,</span> <span class='ocrx_word' id='word_1_817' title='bbox 3351 5207 3448 5261; x_wconf 76' lang='grc' dir='ltr'>καὶ</span> <span class='ocrx_word' id='word_1_818' title='bbox 3493 5211 3559 5262; x_wconf 79' lang='grc' dir='ltr'>τὸ</span> <span class='ocrx_word' id='word_1_819' title='bbox 3606 5215 3847 5282; x_wconf 67' lang='grc' dir='ltr'>πρᾶγμα</span> 
     </span>
    </p>
   </div>
   <div class='ocr_carea' id='block_1_109' title="bbox 2224 5299 3849 5373">
    <p class='ocr_par' dir='ltr' id='par_1_109' title="bbox 2224 5299 3849 5373">
     <span class='ocr_line' id='line_1_109' title="bbox 2224 5299 3849 5373; baseline 0.002 -20"><span class='ocrx_word' id='word_1_820' title='bbox 2224 5299 2513 5369; x_wconf 77' lang='grc' dir='ltr'>ἀγνοοῦσα.</span> <span class='ocrx_word' id='word_1_821' title='bbox 2530 5301 2640 5372; x_wconf 82' lang='grc' dir='ltr'><strong>Τὴν</strong></span> <span class='ocrx_word' id='word_1_822' title='bbox 2660 5300 2927 5373; x_wconf 82' lang='grc' dir='ltr'>διαθήκην</span> <span class='ocrx_word' id='word_1_823' title='bbox 2947 5299 3166 5371; x_wconf 72' lang='grc' dir='ltr'>ἔχουσα,</span> <span class='ocrx_word' id='word_1_824' title='bbox 3179 5301 3388 5372; x_wconf 68' lang='grc' dir='ltr'>καὶτῆς</span> <span class='ocrx_word' id='word_1_825' title='bbox 3409 5302 3702 5372; x_wconf 70' lang='grc' dir='ltr'>εὐνομίας</span> <span class='ocrx_word' id='word_1_826' title='bbox 3729 5304 3849 5358; x_wconf 73' lang='grc' dir='ltr'><strong>ἀπέ-</strong></span> 
     </span>
    </p>
   </div>
   <div class='ocr_carea' id='block_1_110' title="bbox 2225 5386 3846 5468">
    <p class='ocr_par' dir='ltr' id='par_1_110' title="bbox 2225 5386 3846 5468">
     <span class='ocr_line' id='line_1_110' title="bbox 2225 5386 3846 5468; baseline 0.007 -26"><span class='ocrx_word' id='word_1_827' title='bbox 2225 5409 2425 5462; x_wconf 77' lang='grc' dir='ltr'>χουσα’</span> <span class='ocrx_word' id='word_1_828' title='bbox 2452 5386 2521 5464; x_wconf 76' lang='grc' dir='ltr'>ἧς</span> <span class='ocrx_word' id='word_1_829' title='bbox 2556 5392 2717 5462; x_wconf 78' lang='grc' dir='ltr'>μόνος</span> <span class='ocrx_word' id='word_1_830' title='bbox 2749 5396 2780 5448; x_wconf 85' lang='lat'><strong>6</strong></span> <span class='ocrx_word' id='word_1_831' title='bbox 2828 5392 3060 5466; x_wconf 83' lang='grc' dir='ltr'>Χριστὸς</span> <span class='ocrx_word' id='word_1_832' title='bbox 3107 5391 3249 5465; x_wconf 74' lang='grc' dir='ltr'>ἀνὴρ</span> <span class='ocrx_word' id='word_1_833' title='bbox 3293 5397 3846 5468; x_wconf 68' lang='grc' dir='ltr'>προσαγορεύεσθαι.</span> 
     </span>
    </p>
   </div>
   <div class='ocr_carea' id='block_1_111' title="bbox 539 5475 2125 5562">
    <p class='ocr_par' dir='ltr' id='par_1_111' title="bbox 539 5475 2120 5539">
     <span class='ocr_line' id='line_1_111' title="bbox 539 5475 2120 5539; baseline 0.006 -9"><span class='ocrx_word' id='word_1_834' title='bbox 539 5478 677 5532; x_wconf 80' lang='lat' dir='ltr'><strong>licus</strong></span> <span class='ocrx_word' id='word_1_835' title='bbox 710 5492 740 5530; x_wconf 91' lang='lat' dir='ltr'><strong>a</strong></span> <span class='ocrx_word' id='word_1_836' title='bbox 783 5475 989 5533; x_wconf 64' lang='lat' dir='ltr'><strong>Iudaeis</strong></span> <span class='ocrx_word' id='word_1_837' title='bbox 1023 5478 1076 5532; x_wconf 89' lang='lat' dir='ltr'><strong>iu</strong></span> <span class='ocrx_word' id='word_1_838' title='bbox 1113 5478 1486 5534; x_wconf 87' lang='lat' dir='ltr'><strong>irrationalem</strong></span> <span class='ocrx_word' id='word_1_839' title='bbox 1537 5493 1792 5536; x_wconf 85' lang='lat' dir='ltr'><strong>naturam</strong></span> <span class='ocrx_word' id='word_1_840' title='bbox 1835 5484 2120 5539; x_wconf 80' lang='lat' dir='ltr'><strong>conversis</strong></span> 
     </span>
    </p>
   </div>
   <div class='ocr_carea' id='block_1_112' title="bbox 2226 5475 3850 5562">
    <p class='ocr_par' dir='ltr' id='par_1_112' title="bbox 2226 5484 3850 5562">
     <span class='ocr_line' id='line_1_112' title="bbox 2226 5484 3850 5562; baseline 0.004 -26"><span class='ocrx_word' id='word_1_841' title='bbox 2226 5485 2271 5537; x_wconf 79' lang='grc' dir='ltr'>εί</span> <span class='ocrx_word' id='word_1_842' title='bbox 2295 5484 2725 5557; x_wconf 76' lang='grc' dir='ltr'>ἑταιριζομένης,</span> <span class='ocrx_word' id='word_1_843' title='bbox 2759 5485 3100 5557; x_wconf 82' lang='grc' dir='ltr'>βουλόμενος,</span> <span class='ocrx_word' id='word_1_844' title='bbox 3125 5487 3259 5556; x_wconf 79' lang='grc' dir='ltr'>φησὶ</span> <span class='ocrx_word' id='word_1_845' title='bbox 3282 5485 3350 5540; x_wconf 85' lang='grc' dir='ltr'><strong>δι’</strong></span> <span class='ocrx_word' id='word_1_846' title='bbox 3389 5489 3560 5559; x_wconf 72' lang='grc' dir='ltr'>Ὠσηὲ</span> <span class='ocrx_word' id='word_1_847' title='bbox 3584 5491 3700 5546; x_wconf 74' lang='grc' dir='ltr'><strong>τοῦ</strong></span> <span class='ocrx_word' id='word_1_848' title='bbox 3731 5507 3850 5562; x_wconf 72' lang='grc' dir='ltr'>προ-</span> 
     </span>
    </p>
   </div>
   <div class='ocr_carea' id='block_1_113' title="bbox 608 5589 2125 5672">
    <p class='ocr_par' dir='ltr' id='par_1_113' title="bbox 608 5589 2123 5672">
     <span class='ocr_line' id='line_1_113' title="bbox 608 5589 2123 5672; baseline 0.006 -31"><span class='ocrx_word' id='word_1_849' title='bbox 608 5591 654 5621; x_wconf 71' lang='grc' dir='ltr'>ιο</span> <span class='ocrx_word' id='word_1_850' title='bbox 681 5589 857 5672; x_wconf 56' lang='lat' dir='ltr'><strong>Exod.</strong></span> <span class='ocrx_word' id='word_1_851' title='bbox 884 5606 936 5642; x_wconf 82' lang='grc' dir='ltr'><strong>ιν</strong></span> <span class='ocrx_word' id='word_1_852' title='bbox 962 5589 1053 5672; x_wconf 47' lang='grc' dir='ltr'><strong>ετ-</strong></span> <span class='ocrx_word' id='word_1_853' title='bbox 1095 5590 1140 5622; x_wconf 73' lang='grc' dir='ltr'>ιο</span> <span class='ocrx_word' id='word_1_854' title='bbox 1165 5590 1299 5645; x_wconf 87' lang='lat' dir='ltr'><strong>ibid.</strong></span> <span class='ocrx_word' id='word_1_855' title='bbox 1327 5591 1382 5645; x_wconf 72' lang='grc' dir='ltr'><strong>δ.</strong></span> <span class='ocrx_word' id='word_1_856' title='bbox 1459 5591 1500 5623; x_wconf 73' lang='grc' dir='ltr'><strong>ἰ</strong></span> <span class='ocrx_word' id='word_1_857' title='bbox 1535 5592 1669 5650; x_wconf 87' lang='lat' dir='ltr'><strong>ibid.</strong></span> <span class='ocrx_word' id='word_1_858' title='bbox 1697 5597 1750 5650; x_wconf 70' lang='grc' dir='ltr'>ι.</span> <span class='ocrx_word' id='word_1_859' title='bbox 1831 5599 1878 5629; x_wconf 73' lang='grc' dir='ltr'><strong>υ</strong></span> <span class='ocrx_word' id='word_1_860' title='bbox 1904 5596 2065 5652; x_wconf 78' lang='lat' dir='ltr'><strong>Joan.</strong></span> <span class='ocrx_word' id='word_1_861' title='bbox 2092 5613 2123 5650; x_wconf 76' lang='grc' dir='ltr'><strong>ι</strong></span> 
     </span>
    </p>
   </div>
   <div class='ocr_carea' id='block_1_114' title="bbox 2226 5589 3849 5672">
    <p class='ocr_par' dir='ltr' id='par_1_114' title="bbox 2229 5597 3849 5672">
     <span class='ocr_line' id='line_1_114' title="bbox 2229 5597 3849 5672; baseline 0.007 -21"><span class='ocrx_word' id='word_1_862' title='bbox 2229 5597 2284 5653; x_wconf 75' lang='grc' dir='ltr'>ι.</span> <span class='ocrx_word' id='word_1_863' title='bbox 2363 5597 2410 5629; x_wconf 79' lang='grc'><strong>⁸³</strong></span> <span class='ocrx_word' id='word_1_864' title='bbox 2437 5597 2544 5653; x_wconf 82' lang='lat' dir='ltr'><strong>lsa.</strong></span> <span class='ocrx_word' id='word_1_865' title='bbox 2571 5615 2649 5665; x_wconf 76' lang='lat' dir='ltr'><strong>xi,</strong></span> <span class='ocrx_word' id='word_1_866' title='bbox 2685 5601 2736 5654; x_wconf 72' lang='lat' dir='ltr'><strong>t.</strong></span> <span class='ocrx_word' id='word_1_867' title='bbox 2814 5601 2860 5634; x_wconf 74' lang='lat'><strong><em>&quot;</em></strong></span> <span class='ocrx_word' id='word_1_868' title='bbox 2888 5601 3052 5659; x_wconf 82' lang='lat' dir='ltr'><strong>Hebr.</strong></span> <span class='ocrx_word' id='word_1_869' title='bbox 3085 5619 3156 5672; x_wconf 83' lang='lat' dir='ltr'><strong>tv,</strong></span> <span class='ocrx_word' id='word_1_870' title='bbox 3185 5601 3275 5657; x_wconf 74' lang='lat' dir='ltr'><strong>ﬂ.</strong></span> <span class='ocrx_word' id='word_1_871' title='bbox 3338 5603 3385 5634; x_wconf 85' lang='grc'><strong><em>³³</em></strong></span> <span class='ocrx_word' id='word_1_872' title='bbox 3410 5601 3619 5659; x_wconf 70' lang='lat' dir='ltr'><strong>ﬂatth-</strong></span> <span class='ocrx_word' id='word_1_873' title='bbox 3653 5626 3736 5662; x_wconf 68' lang='lat' dir='ltr'><strong>iv.</strong></span> <span class='ocrx_word' id='word_1_874' title='bbox 3769 5611 3849 5668; x_wconf 69' lang='lat' dir='ltr'><strong>IS.</strong></span> 
     </span>
    </p>
   </div>
   <div class='ocr_carea' id='block_1_115' title="bbox 543 5659 1077 5726">
    <p class='ocr_par' dir='ltr' id='par_1_115' title="bbox 543 5659 1077 5726">
     <span class='ocr_line' id='line_1_115' title="bbox 543 5659 1077 5726; baseline 0.006 -14"><span class='ocrx_word' id='word_1_875' title='bbox 543 5659 648 5726; x_wconf 72' lang='lat'><strong>19;</strong></span> <span class='ocrx_word' id='word_1_876' title='bbox 688 5661 852 5714; x_wconf 82' lang='lat' dir='ltr'><strong>Marc.</strong></span> <span class='ocrx_word' id='word_1_877' title='bbox 886 5677 962 5720; x_wconf 74' lang='grc' dir='ltr'><strong>ιι.</strong></span> <span class='ocrx_word' id='word_1_878' title='bbox 991 5661 1077 5715; x_wconf 76' lang='grc'><strong>15.</strong></span> 
     </span>
    </p>
   </div>
   <div class='ocr_carea' id='block_1_116' title="bbox 612 5751 1975 5822">
    <p class='ocr_par' dir='ltr' id='par_1_116' title="bbox 612 5751 1975 5822">
     <span class='ocr_line' id='line_1_116' title="bbox 612 5751 1975 5822; baseline 0.004 -20"><span class='ocrx_word' id='word_1_879' title='bbox 612 5751 723 5820; x_wconf 80' lang='grc'><strong>(10)</strong></span> <span class='ocrx_word' id='word_1_880' title='bbox 765 5752 914 5818; x_wconf 83' lang='grc' dir='ltr'>Τοῖς.</span> <span class='ocrx_word' id='word_1_881' title='bbox 954 5751 1261 5822; x_wconf 82' lang='lat' dir='ltr'><strong>Legendum</strong></span> <span class='ocrx_word' id='word_1_882' title='bbox 1302 5752 1520 5808; x_wconf 89' lang='lat' dir='ltr'><strong>videtur</strong></span> <span class='ocrx_word' id='word_1_883' title='bbox 1553 5755 1781 5818; x_wconf 80' lang='grc' dir='ltr'>τούτοις.</span> <span class='ocrx_word' id='word_1_884' title='bbox 1815 5754 1975 5808; x_wconf 78' lang='lat' dir='ltr'><strong>Eutr.</strong></span> 
     </span>
    </p>
   </div>
   <div class='ocr_carea' id='block_1_117' title="bbox 615 5822 2117 5890">
    <p class='ocr_par' dir='ltr' id='par_1_117' title="bbox 615 5822 2117 5890">
     <span class='ocr_line' id='line_1_117' title="bbox 615 5822 2117 5890; baseline 0.005 -19"><span class='ocrx_word' id='word_1_885' title='bbox 615 5822 724 5890; x_wconf 78' lang='lat' dir='ltr'><strong>(tt)</strong></span> <span class='ocrx_word' id='word_1_886' title='bbox 765 5823 1056 5890; x_wconf 77' lang='grc' dir='ltr'><strong>Ἀφλυον.</strong></span> <span class='ocrx_word' id='word_1_887' title='bbox 1093 5824 1399 5878; x_wconf 83' lang='lat' dir='ltr'><strong>Cotelerius</strong></span> <span class='ocrx_word' id='word_1_888' title='bbox 1426 5829 1663 5879; x_wconf 84' lang='lat' dir='ltr'><strong>Monum.</strong></span> <span class='ocrx_word' id='word_1_889' title='bbox 1697 5827 1827 5880; x_wconf 65' lang='grc' dir='ltr'><strong>εδει.</strong></span> <span class='ocrx_word' id='word_1_890' title='bbox 1855 5824 1948 5879; x_wconf 85' lang='lat' dir='ltr'><strong>Gr.</strong></span> <span class='ocrx_word' id='word_1_891' title='bbox 1981 5834 2117 5878; x_wconf 84' lang='lat' dir='ltr'><strong>tom.</strong></span> 
     </span>
    </p>
   </div>
   <div class='ocr_carea' id='block_1_118' title="bbox 543 5888 2122 5966">
    <p class='ocr_par' dir='ltr' id='par_1_118' title="bbox 543 5888 2122 5966">
     <span class='ocr_line' id='line_1_118' title="bbox 543 5888 2122 5966; baseline 0.004 -22"><span class='ocrx_word' id='word_1_892' title='bbox 543 5888 610 5954; x_wconf 91' lang='lat' dir='ltr'><strong>ll,</strong></span> <span class='ocrx_word' id='word_1_893' title='bbox 628 5888 762 5958; x_wconf 76' lang='lat' dir='ltr'><strong>pag.</strong></span> <span class='ocrx_word' id='word_1_894' title='bbox 791 5888 918 5957; x_wconf 77' lang='lat'><strong>358,</strong></span> <span class='ocrx_word' id='word_1_895' title='bbox 943 5893 1198 5948; x_wconf 82' lang='lat' dir='ltr'><strong>observat</strong></span> <span class='ocrx_word' id='word_1_896' title='bbox 1223 5900 1277 5949; x_wconf 89' lang='lat' dir='ltr'><strong>et</strong></span> <span class='ocrx_word' id='word_1_897' title='bbox 1301 5896 1532 5951; x_wconf 82' lang='lat' dir='ltr'><strong>solemni</strong></span> <span class='ocrx_word' id='word_1_898' title='bbox 1558 5895 1960 5966; x_wconf 84' lang='lat' dir='ltr'><strong>permutatione</strong></span> <span class='ocrx_word' id='word_1_899' title='bbox 1992 5913 2040 5949; x_wconf 89' lang='lat'><strong>0&#39;.</strong></span> <span class='ocrx_word' id='word_1_900' title='bbox 2067 5906 2122 5951; x_wconf 87' lang='lat' dir='ltr'><strong>et</strong></span> 
     </span>
    </p>
   </div>
   <div class='ocr_carea' id='block_1_119' title="bbox 2224 5752 3935 5842">
    <p class='ocr_par' dir='ltr' id='par_1_119' title="bbox 2224 5752 3935 5842">
     <span class='ocr_line' id='line_1_119' title="bbox 2224 5752 3935 5842; baseline 0.012 -37"><span class='ocrx_word' id='word_1_901' title='bbox 2224 5752 2418 5842; x_wconf 26' lang='lat' dir='ltr'><strong>o‘lieic</strong></span> <span class='ocrx_word' id='word_1_902' title='bbox 2469 5754 2735 5842; x_wconf 73' lang='lat' dir='ltr'><strong>scriptum</strong></span> <span class='ocrx_word' id='word_1_903' title='bbox 2782 5758 3006 5842; x_wconf 78' lang='grc' dir='ltr'>ἄφλυον,</span> <span class='ocrx_word' id='word_1_904' title='bbox 3059 5770 3114 5842; x_wconf 74' lang='lat' dir='ltr'><strong>et</strong></span> <span class='ocrx_word' id='word_1_905' title='bbox 3144 5778 3290 5842; x_wconf 65' lang='grc' dir='ltr'>ἠιοι</span> <span class='ocrx_word' id='word_1_906' title='bbox 3337 5768 3718 5836; x_wconf 71' lang='grc' dir='ltr'>περιφλῦσας</span> <span class='ocrx_word' id='word_1_907' title='bbox 3757 5787 3850 5842; x_wconf 70' lang='lat' dir='ltr'><strong>pro</strong></span> <span class='ocrx_word' id='word_1_908' title='bbox 3934 5767 3935 5842; x_wconf 45' lang='grc' dir='ltr'><strong>γ</strong></span> 
     </span>
    </p>
   </div>
   <div class='ocr_carea' id='block_1_120' title="bbox 2225 5824 3852 5950">
    <p class='ocr_par' dir='ltr' id='par_1_120' title="bbox 2225 5824 3852 5949">
     <span class='ocr_line' id='line_1_120' title="bbox 2225 5824 3852 5949; baseline 0.016 -76"><span class='ocrx_word' id='word_1_909' title='bbox 2225 5824 2617 5949; x_wconf 44' lang='grc' dir='ltr'><strong>ζιὲιρξὲξύσας.</strong></span> <span class='ocrx_word' id='word_1_910' title='bbox 2655 5826 2724 5882; x_wconf 86' lang='lat' dir='ltr'><strong>Ut</strong></span> <span class='ocrx_word' id='word_1_911' title='bbox 2753 5824 3015 5900; x_wconf 77' lang='lat' dir='ltr'><strong>superius</strong></span> <span class='ocrx_word' id='word_1_912' title='bbox 3042 5832 3109 5887; x_wconf 84' lang='lat' dir='ltr'><strong>ad</strong></span> <span class='ocrx_word' id='word_1_913' title='bbox 3137 5831 3332 5891; x_wconf 80' lang='lat' dir='ltr'><strong>lnterr.</strong></span> <span class='ocrx_word' id='word_1_914' title='bbox 3363 5824 3547 5894; x_wconf 63' lang='lat' dir='ltr'><strong>civi&quot;</strong></span> <span class='ocrx_word' id='word_1_915' title='bbox 3585 5824 3852 5898; x_wconf 61' lang='grc' dir='ltr'><strong>αιιὶἶιιὲὐ-</strong></span> 
     </span>
    </p>
   </div>
  </div>
