4006 6386
184 282 313 338 H61

183 401 374 469 φήτου,
406 397 566 466 Αὕτη
595 398 706 467 οὐχ
734 394 774 463 ἠ
807 393 961 465 γι)νῆ
989 410 1131 463 μου,
1160 390 1325 461 κάγὼ
1346 390 1457 444 οὐκ
1483 388 1639 459 ἀνὴρ
1659 392 1761 443 αὑ-

182 489 310 559 τῆς.
349 490 577 560 Ἕτερος
619 489 677 541 δὲ
712 487 822 541 τῶν
862 483 1186 546 θεσπεσίων,
1234 482 1335 553 τὴν
1367 481 1547 535 αἰτίαν
1597 482 1772 546 λέγων

187 581 301 652 βοᾷ·
332 576 511 636 Οὗτοι
568 581 681 634 οὐκ
736 578 1058 648 ἀνέμειναν
1095 576 1167 629 ἐν
1214 573 1290 643 τῇ
1323 572 1598 641 διαθήκῃ,
1654 571 1774 625 τῶν

184 673 343 742 κάγὼ
367 671 672 742 ἠμέλησα.
695 669 857 740 λέγει
885 670 1099 737 Κύριος
1125 664 1567 734 παντοκράτωρ.
1613 667 1775 718 Ἀπο-

185 766 515 837 κληρονόμος
547 765 786 834 τοίνυνή
822 764 1069 832 ἄκαρπος
1106 761 1267 831 συκῆ,
1304 759 1504 831 μᾶλλον
1547 760 1605 813 δὲ
1647 776 1773 812 συν-

182 858 374 927 αγωγή
397 875 408 887 ⁸
444 859 510 927 ἣν
528 857 615 909 διὰ
648 856 894 926 μοιχείαν
917 855 946 907 ὀ
968 854 1068 924 τῆς
1098 852 1377 916 εὐσεϐείας
1403 853 1648 923 ἀρνεῖται
1678 850 1769 904 λό-

1585 270 1932 328 DIALOGUS
1968 271 2059 325 IV.

3326 267 3464 326 “6!

1878 389 2221 444 conculcata.
2268 387 2585 445 Iumentum
2639 390 2785 447 enim
2836 388 2994 445 libris
3042 394 3329 452 onustum,
3380 394 3466 441 est

1882 481 2221 539 iuterfectrix
2252 481 2469 538 Domini
2505 483 2814 555 Synagoga.
2846 481 2980 548 Quae
3021 497 3203 553 regem
3242 479 3465 551 quidem

1877 574 2125 639 sustulit,
2164 574 2393 628 militem
2443 583 2625 629 autem
2673 574 2966 629 honoravit
2999 591 3012 628 :
3048 588 3079 627 a
3108 587 3220 643 quo
3261 570 3465 639 saepius

1874 666 1927 719 in
1958 665 2327 735 captivitatem
2378 676 2463 723 est
2512 667 2780 731 abducta,
2843 682 2986 737 saepe
3034 668 3161 720 item
3211 679 3370 720 serva
3411 671 3468 715 et

1879 758 2170 813 tributaria
2212 758 2355 813 facta
2386 778 2397 813 :
2447 775 2570 830 quae
2600 760 2749 830 legit,
2787 768 2975 814 etnon
3012 757 3298 828 intelligit;
3342 771 3467 825 qua:

1876 850 2114 905 litteram
2147 852 2333 917 habet,
2374 861 2429 908 et
2468 869 2580 908 rem
2615 853 2859 925 ignorat:
2900 868 3023 923 quae
3071 860 3465 907 testamentum

186 966 308 1018 γος·
365 950 567 1019 ταύτην
621 948 714 1001 καὶ
771 946 881 1000 ἀπὸ
929 946 1028 1016 τῆς
1085 943 1451 1016 κληρονομίας
1514 944 1770 1013 ἀπείργει

1891 944 2064 1012 πώει,
2088 952 2141 999 et
2170 960 2201 998 a
2228 955 2377 1001 recta
2407 945 2542 1015 legis
2568 946 2876 1001 obedientia
2908 946 3065 1013 longe
3090 944 3264 999 abest.
3294 941 3465 1011 Cujus

187 1043 368 1113 νόμοςο
1879 1034 2031 1090 solus
2082 1035 2339 1091 Christus
2389 1037 2649 1091 maritum
2685 1052 2745 1092 se
2790 1036 3051 1107 appellari
3108 1036 3319 1099 volens,
3370 1032 3465 1101 qui

192 1133 353 1188 sciret
380 1130 551 1200 ipsam
582 1128 674 1182 alii
704 1126 1093 1191 adhaerentem,
1138 1126 1272 1182 dicit
1298 1140 1393 1197 per
1419 1125 1617 1182 Oseam
1651 1125 1974 1195 prophetam
2008 1144 2022 1181 :
2054 1125 2181 1194 Ipsa
2209 1144 2311 1181 non
2347 1144 2484 1182 uxor
2510 1143 2648 1194 mea,
2675 1138 2725 1183 et
2754 1145 2847 1199 ego
2879 1146 2981 1182 non
3004 1128 3119 1197 ejus
3144 1130 3370 1181 maritus
3395 1124 3462 1180 “.

187 1223 340 1279 Alius
360 1239 491 1278 vero
533 1234 719 1277 vatum
751 1237 976 1277 causam
1008 1222 1280 1284 indicans,
1310 1224 1513 1278 clamat
1556 1241 1567 1275 :
1608 1221 1709 1275 Isti
1742 1237 1845 1275 non
1890 1224 2235 1290 perstiterunt
2276 1224 2332 1277 in
2366 1233 2679 1278 testamento
2715 1241 2849 1290 meo,
2889 1235 2939 1278 et
2970 1242 3063 1295 ego
3112 1224 3315 1293 neglexi
3353 1239 3463 1288 eos,

182 1317 316 1369 dicit
348 1314 606 1368 Dominus
633 1313 959 1382 omnipotens
983 1314 1048 1366 ⁸⁷.
1083 1312 1436 1367 Ειὴαετεόοια
1470 1322 1554 1369 est
1587 1313 1752 1383 igitur
1785 1313 1990 1367 sterilis
2032 1314 2190 1377 licus,
2240 1315 2351 1369 imo
2375 1331 2503 1369 vero
2536 1315 2841 1386 Synagoga,
2867 1324 3262 1385 quampropter
3304 1314 3464 1369 adul-

190 1409 383 1462 terium
424 1420 607 1462 sermo
646 1405 862 1476 pietatis
896 1404 1149 1474 abnegat,
1199 1414 1254 1459 et
1291 1405 1360 1458 ab
1401 1404 1715 1460 haereditate
1742 1404 1827 1459 lex
1856 1414 2026 1459 arcet.

751 1500 1001 1555 ΠΕΥΣΙΣ
1041 1501 1211 1552 ΡΠΔ’.

271 1592 423 1645 Ἐπεὶ
459 1592 632 1655 οὐδεὶς
659 1593 793 1662 ἡμῖν
826 1592 985 1662 κόρος
1030 1592 1129 1663 τῆς
1168 1592 1265 1662 σῆς
1307 1590 1623 1663 εὐφραδίας,
1667 1609 1772 1662 μα-

191 1685 300 1739 θεῖν
328 1685 559 1754 δεόμεθα
581 1686 676 1738 καὶ
707 1684 804 1757 τὴν
834 1684 939 1737 τῶν
972 1684 1302 1755 ἀληθόντων,
1334 1687 1427 1739 καὶ¹
1458 1684 1553 1738 τοῦ
1597 1684 1776 1755 μύλω-

190 1793 277 1840 νος
307 1775 641 1854 παραϐολὴν,
682 1773 876 1845 ἀγροῦ,
916 1776 1008 1828 καὶ
1044 1776 1155 1828 τῶν
1186 1777 1245 1829 ὲν
1278 1776 1429 1847 αὐτῷ
1455 1776 1547 1831 δύο
1583 1777 1770 1832 ὄντων.

190 1868 351 1935 Λέγει
371 1868 479 1937 γὰρ
504 1868 564 1918 ὲν
585 1867 935 1935 Εὐαγγελίοις
962 1869 991 1921 ὁ
1018 1866 1223 1938 Κύριος
1241 1884 1256 1899 ⁸
1294 1868 1432 1921 Τότε
1464 1868 1574 1922 δύο
1598 1869 1774 1923 ἔσον-

189 1975 283 2012 ται
310 1959 381 2012 ἐν
416 1957 496 2024 τῷ
530 1957 689 2027 ἀγρῷ
709 1975 723 1989 ⁸
754 1961 788 2013 ό
809 1956 900 2025 εἷς
928 1958 1471 2028 παραλαμϐάνεται,
1502 1962 1600 2015 καὶ
1629 1964 1662 2015 ὀ
1686 1958 1774 2029 εἷς

187 2053 423 2121 ἀφίεται
445 2068 459 2082 ⁸
491 2052 601 2106 δύο
646 2051 990 2117 ἀλήθουσαι
1036 2054 1106 2106 ἐν
1132 2052 1212 2118 τῷ
1241 2054 1495 2125 μύλωνι,
1530 2056 1639 2126 μία
1664 2072 1776 2112 πα-

182 2143 648 2214 ραλαμϐάνεται,
689 2144 787 2198 καὶ
819 2145 928 2213 μία
961 2146 1215 2214 ἀφίεται.

820 2238 1185 2304 Ἀπόκρισις.

275 2328 363 2381 Ἐν
395 2328 597 2398 ἀμφοῖν
641 2327 710 2382 τὰ
754 2328 893 2382 αὐτὰ
923 2329 1176 2400 δηλοῦται
1221 2332 1595 2404 συμϐήσεσθαι
1636 2334 1778 2389 κατά

187 2420 280 2472 τὸν
305 2422 493 2491 καιρὸν
516 2421 615 2491 τῆς
637 2421 1003 2485 ἀναστάσεως,
1018 2423 1224 2475 καὶτὸν
1246 2424 1347 2494 τῆς
1371 2426 1629 2499 δευτέρας
1646 2445 1779 2498 παρ-

182 2512 393 2576 ουσίας.
446 2511 623 2583 Ἀγρῷ
681 2512 780 2582 μὲν
830 2512 922 2566 τὸν
972 2512 1175 2583 κόσμον
1220 2515 1647 2587 παραϐάλλεται,
1679 2536 1776 2571 κα-

190 2604 301 2669 θὼς
341 2606 502 2670 αὐτὸς
561 2605 788 2677 ἑτέρωθί
838 2623 1022 2679 φησιν,
1052 2607 1135 2659 ὅτι
1172 2608 1378 2677 Ἀγρός
1417 2610 1587 2664 ἐστιν
1619 2613 1653 2665 ό
1677 2610 1777 2664 κό-

185 2712 365 2766 σμος,
400 2699 454 2750 οἱ
493 2696 561 2749 δὲ
592 2696 857 2765 θερισταὶ
898 2700 954 2751 οἱ
982 2697 1224 2768 ἄγγελοι
1244 2716 1257 2729 ⁸
1298 2700 1502 2766 μύλωνι
1531 2701 1587 2754 δὲ
1617 2703 1779 2755 ἀπει-

190 2789 373 2855 κάζων
401 2788 499 2860 τὴν
531 2788 762 2843 ἄστατον
794 2788 889 2843 τοῦ
915 2788 1032 2859 βίου
1062 2790 1388 2860 περιφορὰν,
1418 2793 1509 2845 καὶ
1534 2792 1595 2844 τὸ
1623 2792 1781 2846 πολύ-

192 2897 424 2952 στροφον
471 2880 581 2933 τῶν
615 2881 673 2933 ὲν
720 2878 869 2950 αὐτῷ
916 2879 1228 2951 δρωμένων,
1272 2882 1349 2944 ὼς
1396 2882 1486 2934 τὸν
1536 2881 1775 2952 μύλωνα,

189 2972 514 3039 ἀεικινήτως
537 2969 631 3022 καὶ
652 2968 899 3033 ἀστάτως
922 2972 1053 3040 ἡμῖν
1077 2969 1417 3038 περιθέοντα,
1441 2973 1533 3024 καὶ
1557 2972 1662 3042 πρὸ
1686 2970 1777 3026 τοῦ

190 3062 487 3134 ἀλήθεσθαι
516 3064 572 3114 ὲν
611 3063 742 3132 ἡμῖν
774 3061 960 3133 ἕτερον
988 3062 1047 3127 ἐξ
1083 3062 1272 3133 ἐτέρου
1298 3062 1595 3132 ἀμείϐοντα
1613 3080 1627 3095 ⁸
1654 3067 1779 3128 τοὺς

189 3154 249 3208 δὲ
272 3156 327 3206 ὲν
351 3152 500 3224 αὐτῷ
530 3152 848 3222 ἀλήθοντας,
880 3151 1079 3223 μᾶλλον
1104 3152 1159 3206 δὲ
1197 3154 1287 3206 ὑπ’
1316 3154 1479 3207 αὐτοῦ
1512 3154 1780 3226 ἀληθομέ-

192 3263 338 3309 νους,
364 3247 489 3308 τοὺς
524 3245 621 3315 μὲν
648 3243 1265 3316 παραλαμϐανομένους,
1304 3245 1428 3309 τοὺς
1462 3245 1517 3299 δὲ
1548 3247 1781 3318 ἀφιεμέ-

190 3353 337 3401 νους,
376 3337 523 3407 ἡμᾶς
576 3335 744 3405 δηλοῖ,
788 3337 916 3398 τοὺς
964 3336 1071 3389 ἀπὸ
1112 3337 1284 3407 Ἀδὰμ
1330 3337 1489 3409 μέχρι
1546 3339 1783 3410 τήμερον

190 3427 492 3499 ἀλήθοντας
512 3446 524 3458 ⁸
555 3427 648 3481 καὶ
679 3428 804 3490 τοὺς
840 3428 938 3499 μὲν
970 3427 1186 3499 θανάτῳ
1224 3430 1628 3502 ἀπαγομένους,
1659 3433 1783 3495 τοὺς

189 3522 253 3575 δὲ
282 3521 419 3584 τέως
459 3520 810 3589 ἀφιεμένους,
843 3520 938 3573 καὶ
968 3521 1029 3573 ὲν
1053 3523 1271 3593 ἀκαρεῖ,
1312 3524 1369 3576 ὲν
1408 3523 1617 3593 ἀτόμῳ,
1650 3524 1785 3596 πρὸς

196 3610 504 3683 ἀφθαρσίαν
561 3610 1008 3681 μεθισταμένους,
1066 3611 1250 3677 καθώς
1296 3631 1460 3685 φησιν
1505 3617 1535 3668 ὁ
1586 3615 1784 3686 ὑψηλὸς

196 3702 375 3775 κήρυξ
421 3703 771 3767 Ἀπόστολος⁸
815 3703 977 3758 Ἰδοὺ
1031 3707 1371 3775 μυστήριον
1408 3708 1552 3777 ὑμῖν
1596 3710 1783 3780 λέγων

198 3797 427 3863 Πάντες
447 3797 565 3866 μὲν
591 3799 663 3851 οὐ
698 3799 1198 3867 κοιμηθησόμεθα,
1240 3801 1463 3867 ⁸πάντες
1500 3801 1569 3855 δὲ
1596 3804 1785 3857 ἀλλα-

198 3891 524 3958 γησόμεθα,
564 3889 634 3942 ἐν
665 3890 882 3959 ἀτόμῳ,
934 3891 1004 3943 ἐν
1032 3891 1185 3959 ῥιπῇ
1213 3893 1546 3963 ὀφθαλμοῦ,
1595 3894 1666 3946 ἐν
1709 3893 1787 3963 τῇ

194 3979 429 4049 ἐσχάτῃ
464 3979 772 4051 σάλπιγγι.
813 3982 875 4036 Οἱ
909 3983 1086 4036 τοίνυν
1135 3982 1458 4054 θνήσκοντες
1504 3985 1666 4037 οἱονεὶ
1692 3986 1785 4038 τοῦ

203 4073 446 4143 μύλωνος
492 4074 888 4144 λαμϐάνονται·
917 4078 966 4129 οἱ
1002 4077 1059 4129 δὲ
1103 4076 1560 4147 περιλειπόμενοι,
1600 4078 1786 4147 ἀφίεν-

198 4180 311 4218 ται.
351 4166 438 4217 Ἐν
467 4166 614 4236 αὐτῷ
651 4166 707 4219 δὲ
739 4167 1023 4238 φωνούσης
1052 4168 1165 4238 ἅμα
1191 4168 1282 4219 καὶ
1309 4167 1665 4241 διανιστώσης
1688 4172 1787 4241 τῆς

201 4255 353 4319 θείας
377 4256 673 4326 σάλπιγγος
697 4260 821 4322 τοὺς
857 4259 954 4311 ἀπ’
993 4259 1188 4322 αἰῶνος
1222 4260 1605 4332 κοιμηθέντας,
1632 4260 1788 4327 αὖθις

198 4351 229 4403 ὁ
260 4350 484 4420 ἀκλινὴς
513 4351 607 4403 καὶ
638 4350 932 4414 ἀδέκαστος
976 4352 1374 4423 προκαθέζεται
1416 4353 1627 4424 κριτὴς,
1660 4356 1787 4409 ἑκά-

201 4460 314 4514 στῳ
360 4442 494 4512 πρὸς
550 4442 705 4509 ἀξίαν
748 4442 857 4495 τῶν
907 4442 1251 4514 βεϐιωμένων
1301 4445 1784 4516 ἀνταμειϐόμενος,

198 4532 384 4596 καθώς
431 4548 594 4603 φησιν
639 4533 670 4585 ὁ
710 4531 850 4595 θεῖος
906 4531 1258 4596 Ἀπόστολος⁸
1297 4533 1446 4600 Τοὺς
1493 4536 1608 4604 μὲν
1654 4537 1785 4591 καθ’

199 4620 518 4692 ὑπομονὴν
545 4624 724 4691 ἔργου
749 4622 995 4691 ἀγαθοῦ,
1031 4624 1124 4676 καὶ
1161 4624 1228 4676 τὰ
1259 4623 1403 4693 ἑξῆς.

2223 1500 2742 1559 INTERROGATIO
2779 1500 3113 1559 CLXXXIV.

1951 1591 2091 1659 Quia
2128 1603 2221 1649 tua
2249 1596 2564 1666 eloquentia
2592 1597 2780 1651 satiari
2815 1612 2924 1651 non
2956 1610 3275 1665 possumus,
3311 1595 3467 1664 cupi-

1880 1700 2006 1739 mus
2052 1686 2353 1757 intelligere
2390 1696 2445 1742 et
2482 1688 2802 1743 molentium
2837 1696 2892 1741 et
2938 1686 3097 1741 mola?
3126 1685 3462 1756 parabolam,

1876 1784 1932 1830 et
1961 1790 2081 1831 eam
2130 1792 2253 1847 quae
2281 1778 2347 1833 de
2382 1794 2515 1850 agro
2554 1788 2658 1842 est,
2694 1789 2750 1834 et
2792 1779 2861 1834 de
2897 1778 3134 1844 duobus,
3183 1778 3277 1848 qui
3314 1777 3368 1831 in
3396 1794 3467 1831 eo

1878 1877 2027 1924 sunt.
2077 1867 2261 1940 lnquit
2305 1872 2451 1926 enim
2513 1872 2565 1925 in
2614 1871 2907 1942 Evangelio
2958 1870 3262 1926 Dominus:
3321 1869 3467 1923 Tunc

1876 1961 1983 2014 duo
2012 1976 2167 2017 erunt
2196 1964 2249 2016 in
2284 1980 2434 2034 agro,
2471 1981 2605 2017 unus
2633 1964 2948 2025 assumitur,
2980 1972 3028 2016 et
3056 1979 3191 2016 unus
3221 1960 3469 2032 relinqui-

1879 2065 2006 2109 tur:
2033 2055 2154 2110 dua:
2196 2058 2443 2111 molentes
2478 2059 2531 2111 in
2572 2060 2735 2122 mola,
2780 2075 2887 2111 una
2918 2057 3232 2121 assumitur,
3266 2063 3316 2108 et
3358 2071 3467 2108 una

1878 2143 2195 2207 relinquitur
2221 2145 2283 2198 ³⁸.

2525 2239 2829 2308 Responsio.

1948 2338 2007 2392 In
2051 2340 2295 2411 utrisque
2377 2335 2567 2389 eadem
2606 2342 2869 2388 eventura
2912 2330 3289 2402 significantur
3322 2334 3465 2381 tem-

1879 2445 2013 2500 pore
2064 2426 2484 2485 resurrectionis
2536 2433 2589 2479 et
2636 2424 2863 2479 secundi
2922 2424 3189 2477 adventus
3235 2418 3462 2474 Christi.

1877 2526 2027 2594 Agro
2064 2522 2283 2592 quidem
2333 2518 2600 2573 mundum
2642 2526 2946 2587 comparat,
2996 2513 3463 2586 quemadmodum

1880 2616 1997 2686 ipse
2029 2616 2157 2670 alibi
2207 2613 2404 2682 inquit,
2454 2610 2599 2681 quod
2646 2626 2775 2680 ager
2825 2609 2896 2662 sit
2935 2608 3182 2670 mundus,
3211 2619 3466 2659 messores

1881 2716 2057 2760 autem
2083 2706 2258 2777 angeli
2281 2705 2347 2758 ³³.
2402 2702 2557 2758 Mula:
2584 2713 2767 2757 autem
2803 2700 3037 2756 similem
3074 2698 3205 2753 facit.
3231 2695 3464 2752 instabi—

1881 2800 1986 2853 lem
2022 2799 2187 2867 hujus
2212 2798 2337 2852 vita:
2368 2796 2721 2858 rotationem,
2760 2804 2815 2849 et
2846 2792 3240 2848 volubilitatem
3272 2803 3468 2843 eorum

1881 2906 2003 2960 quae
2044 2891 2097 2943 in
2129 2904 2195 2943 eo
2240 2889 2397 2949 ﬁunt,
2439 2903 2561 2956 qua;
2592 2886 2735 2940 velut
2783 2885 2941 2939 molae
2990 2890 3253 2953 perpetuo
3292 2888 3466 2943 motu,

1887 2996 2209 3051 semperque
2262 2979 2593 3035 instabiliter
2641 2976 3152 3039 circumcurrentia,
3206 2980 3261 3028 et
3310 2981 3467 3025 ante-

1887 3089 2052 3144 quam
2093 3073 2280 3127 molita
2305 3073 2437 3137 sint,
2484 3072 2536 3127 in
2580 3070 2740 3126 nobis
2780 3069 2927 3123 aliud
2953 3084 3019 3123 ex
3047 3067 3157 3122 alio
3183 3064 3468 3134 (invicem)

1886 3169 2179 3221 alternant.
2212 3165 2268 3219 lu
2295 3182 2359 3220 ea
2392 3180 2524 3220 vero
2546 3164 2857 3219 alternatim
2886 3161 3150 3223 variatus,
3172 3159 3256 3214 vel
3288 3158 3467 3229 potius

1885 3259 1955 3313 ab
1995 3259 2113 3328 ipsa
2161 3257 2401 3321 molitos,
2450 3256 2588 3311 alios
2632 3255 2853 3324 quidem
2900 3251 3282 3315 assumeudos,
3329 3250 3469 3304 alios

1882 3363 2013 3403 vero
2042 3346 2450 3416 relinquendos,
2481 3361 2582 3400 nos
2613 3344 2905 3414 signiﬁcat,
2931 3349 3200 3412 quotquot
3229 3341 3297 3394 ah
3326 3339 3471 3392 Ada-

1891 3450 1983 3489 mo
2013 3436 2065 3489 in
2097 3435 2421 3489 hodiernum
2446 3448 2621 3504 usque
2645 3434 2786 3488 iliem
2815 3432 3046 3486 molunt.
3074 3433 3251 3501 Atque
3274 3430 3469 3484 horum

1884 3528 2026 3583 alios
2085 3527 2305 3598 quidem
2354 3536 2531 3581 morte
2580 3525 2812 3588 ablatos,
2863 3524 3002 3577 alios
3050 3532 3232 3578 autem
3290 3520 3470 3576 adhuc

1887 3621 2129 3685 relictos,
2164 3619 2218 3674 in
2249 3629 2550 3682 momento,
2580 3619 2634 3674 in
2668 3618 2930 3688 temporis
2961 3625 3164 3688 puncto
3188 3615 3257 3670 ad
3289 3616 3471 3670 incor-

1887 3713 2299 3782 ruptibilitatem
2347 3728 2468 3768 esse
2518 3709 2945 3774 transferendos,
3003 3708 3468 3780 quemadmodum

1886 3804 2068 3874 inquit
2100 3804 2335 3860 eximius
2383 3805 2474 3859 ille
2529 3818 2709 3874 praeco
2752 3801 3091 3870 Apostolus:
3143 3800 3279 3856 Ecce
3322 3800 3468 3856 vobis

1886 3898 2198 3965 mysterium
2229 3896 2345 3950 dico
2369 3912 2387 3949 :
2426 3898 2618 3949 Omnes
2659 3893 2869 3963 quidem
2915 3910 3017 3947 non
3056 3893 3467 3956 obdormiemus,

1884 4005 2066 4041 omnes
2095 3996 2271 4041 autem
2309 3985 2735 4051 immutabimur,
2779 3986 2835 4037 in
2863 3994 3077 4053 puncto,
3122 3985 3179 4037 in
3208 3993 3469 4039 momento

1888 4079 2029 4133 oculi
2054 4079 2123 4133 ad
2150 4088 2439 4133 extremam
2464 4078 2647 4131 tubam
2670 4078 2736 4131 “.
2762 4077 2949 4146 Itaque
2969 4076 3063 4146 qui
3087 4077 3293 4130 mortui
3318 4086 3467 4143 sunt,

1888 4173 2065 4228 instar
2095 4173 2251 4228 molae
2278 4170 2663 4241 accipiuntur;
2696 4171 2788 4240 qui
2820 4185 2949 4225 vero
2973 4181 3101 4225 sunt
3130 4170 3360 4235 residui,
3384 4185 3471 4225 re-

1893 4264 2235 4334 linquuntur.
2269 4263 2446 4319 Simul
2472 4279 2662 4318 vocem
2704 4262 2898 4318 edente
2927 4272 2982 4317 et
3024 4263 3302 4319 excitante
3343 4263 3471 4319 tuba

1890 4356 2073 4412 divina
2115 4372 2211 4413 eos
2261 4356 2354 4426 qui
2408 4371 2439 4410 a
2488 4356 2689 4411 saeculo
2722 4354 3158 4422 obdormierunt,
3206 4371 3334 4411 mox
3384 4356 3475 4412 ille

1892 4450 1985 4519 qui
2020 4463 2197 4518 neque
2231 4448 2464 4504 ﬂectitur
2516 4464 2692 4519 neque
2726 4449 3049 4505 muneribus
3076 4449 3470 4519 corrumpitur,

1892 4540 2147 4610 praesidet
2186 4540 2372 4610 judex,
2438 4541 2732 4610 unicuique
2792 4542 3091 4597 secundum
3151 4541 3472 4612 dignitatem

1890 4648 2082 4687 eorum
2113 4648 2235 4702 quas
2267 4634 2321 4687 in
2352 4635 2459 4688 vita
2488 4643 2638 4703 gesta
2669 4643 2817 4695 sunt,
2854 4635 3185 4702 retribueus,
3213 4638 3474 4706 quemad-

200 4715 425 4769 modum
478 4714 657 4784 inquit
700 4714 859 4769 divus
906 4714 997 4770 ille
1048 4714 1343 4785 Apostolus
1384 4734 1397 4771 :
1442 4717 1580 4773 alios
1625 4721 1839 4789 quidem
1896 4726 2186 4780 secundant
2233 4727 2573 4785 tolerantiam
2625 4729 2796 4798 operis
2845 4728 2966 4782 boni
3008 4728 3076 4795 “,
3123 4740 3178 4786 et
3227 4746 3347 4802 qua:
3394 4746 3474 4787 sc-

197 4819 468 4882 quuntur.

760 4900 1008 4955 ΠΕΥΣῘΣ
1045 4902 1217 4957 ΡΠΕ’.

277 4993 410 5062 Περὶ
432 4994 592 5048 τίνων
631 4992 775 5061 λέγει
800 4992 829 5044 ὁ
862 4989 1046 5057 Δαϐὶδ,
1075 4992 1392 5061 Ἄνθρακες
1420 4994 1788 5065 ἀνήφθησαν

202 5084 305 5139 ἀπ’
332 5086 556 5150 αὐτοῦ;

826 5182 1178 5252 Ἀπόκρισις.

278 5268 352 5322 Τὸ
378 5269 529 5323 Θεῖον
572 5271 852 5343 πολλαχῶς
893 5276 993 5345 τῆς
1028 5276 1175 5339 θείας
1222 5276 1445 5347 Γραφῆς
1474 5275 1584 5347 πῦρ
1624 5275 1786 5330 ἀῦλον

204 5362 636 5433 κατονομάζεται
653 5381 666 5394 ⁸
692 5367 748 5418 αἱ
776 5361 869 5419 οὖν
895 5367 1002 5420 τῶν
1030 5367 1275 5436 ἀγγέλων
1302 5371 1528 5439 χορεῖαι,
1563 5369 1655 5421 καὶ
1677 5368 1786 5420 τῶν

203 5454 425 5509 δικαίων
458 5458 515 5509 αί
544 5457 733 5526 ψυχαὶ,
768 5462 835 5528 τῇ
865 5459 954 5513 διὰ
987 5460 1356 5532 καθαρότητος
1382 5460 1517 5531 πρὸς
1542 5460 1634 5513 τδν
1655 5459 1787 5513 Θεὸν

204 5546 503 5616 ὲγγύτητι,
550 5549 971 5621 ἐκφλογούμενοι
1014 5551 1286 5624 ἄνθρακες
1341 5552 1565 5616 εἰκότως
1614 5570 1786 5623 προσ-

2247 4904 2761 4963 INTERROGATIO
2800 4909 3109 4967 CLXXXV.

1967 4996 2043 5052 De
2077 4997 2278 5067 quibus
2319 5000 2497 5072 inquit
2536 5000 2788 5070 Davides,
2818 5001 3080 5061 Curbones
3114 5010 3321 5063 accensi
3350 5021 3473 5066 sunt

1894 5088 1959 5148 ab
1988 5105 2048 5142 eo
2075 5089 2161 5142 "1'

2532 5187 2836 5258 Responsio.

1965 5271 2150 5328 Multis
2174 5273 2226 5328 in
2246 5274 2383 5331 locis
2405 5292 2575 5331 sacrae
2602 5277 2900 5349 Scripturze
2925 5280 3090 5347 Deus,
3117 5282 3257 5354 ig'nis
3279 5300 3474 5356 expers

1895 5364 2138 5418 materiei
2189 5367 2632 5436 cognominatur.
2668 5371 3001 5442 Angelorum
3043 5377 3205 5445 igitur
3240 5379 3391 5432 chori
3422 5388 3475 5434 et

1894 5460 2092 5515 anima:
2116 5456 2416 5526 justorum,
2455 5463 2859 5533 propinquitate
2887 5468 2953 5521 ad
2986 5466 3154 5522 Deum
3202 5485 3299 5539 per
3323 5471 3476 5540 puri-

1899 5560 2086 5619 tatem,
2148 5554 2472 5611 inﬂammati
2523 5559 2791 5614 carbones
2846 5561 3042 5615 merito
3110 5562 3477 5631 appellantur,

279 5724 574 5803 ’χρῦσο-ιι,
690 5798 720 5803 _
739 5730 783 5760 ⁸⁷
808 5728 1008 5803 larem.
1034 5732 1295 5803 “v.51
1318 5746 1426 5785 scc.
1457 5730 1620 5789 LXX.
1699 5734 1745 5768 ⁸⁸

1896 5735 1968 5790 ιι).
2003 5752 2147 5801 xxiv,
2175 5736 2263 5802 40,
2298 5736 2387 5790 ιι.
2465 5738 2508 5768 ³⁸
2553 5736 2740 5792 \Iatth.
2776 5754 2895 5803 xm,
2957 5738 3045 5803 58,
3082 5738 3170 5795 59.
3230 5738 3274 5769 ⁸⁸
3300 5739 3318 5793 I
3349 5738 3476 5794 Cora

209 5809 298 5859 sv,
323 5794 411 5857 5|,
446 5797 531 5852 5‘2.
612 5798 652 5830 δ’
690 5798 844 5853 Rom.
873 5800 935 5863 ll,
968 5802 1020 5853 7.
1097 5802 1141 5834 δ’
1172 5802 1309 5858 I’sal.
1366 5820 1498 5868 xvu,
1547 5808 1602 5863 ν.

372 5891 643 5952 Parum.
680 5893 797 5953 (in.
834 5894 1195 5957 XXXVIII.

3164 5900 3241 5959 37
