4006 6386
523 420 682 486 1139‘

521 546 577 600 in
605 559 770 598 manu
807 527 1113 607 detentum,
1158 539 1453 596 confestim
1485 537 1538 592 in
1572 537 1858 593 colubrum
1901 536 2110 590 anima-

522 637 625 702 vit,
671 635 740 690 ad
770 635 930 704 cujus
976 633 1277 690 assilientis
1322 639 1608 702 aspectum
1653 638 1876 699 torpens
1919 628 2007 682 ille
2033 626 2116 680 vir

522 728 743 784 divinus
773 725 1030 796 refugere
1069 725 1342 788 teutabat,
1373 723 1479 778 nisi
1527 737 1656 775 mox
1683 725 1778 790 qui
1806 720 2116 774 viviiicare-

523 825 611 872 rat
661 819 860 886 ipsam,
909 831 1107 870 rursus
1156 818 1367 884 virgam
1418 814 1876 868 demonstrasset.
1935 809 2116 879 lnquit

524 910 671 962 enim
714 909 779 962 ad
809 909 987 977 ipsum
1022 907 1068 961 is
1103 905 1198 976 qui
1238 905 1307 960 de
1333 903 1526 958 Lazari
1560 903 1842 972 sepultura
1873 903 2070 970 quaerit
2098 916 2112 954 :

527 997 668 1063 Quid
719 999 815 1052 hoc
846 1007 922 1050 est
953 996 1094 1066 quod
1143 1005 1220 1049 est
1253 995 1310 1048 in
1363 1010 1525 1047 manu
1562 995 1699 1049 tua?
1737 990 1838 1045 Ille
1882 1006 1998 1043 vero
2035 1006 2117 1042 re-

523 1090 836 1159 spondebat,
877 1087 1039 1160 Virga
1063 1088 1131 1142 ".
1157 1084 1485 1155 Rursusque
1505 1101 1609 1138 vox
1635 1083 1728 1138 Dei
1755 1084 1951 1152 inquit,
1978 1081 2116 1135 Pro-

525 1182 627 1247 iice
659 1197 777 1234 eam
810 1179 903 1234 abs
939 1191 986 1234 te
1015 1194 1173 1249 super
1205 1185 1404 1230 terram
1434 1175 1505 1229 ⁸⁸.
1534 1173 1784 1244 Projecta
1808 1189 1940 1228 vero
1967 1172 2116 1228 colu-

527 1273 624 1326 ber
669 1271 855 1335 liebat,
892 1270 1152 1329 assiliens
1204 1268 1253 1322 ei
1304 1268 1399 1338 qui
1437 1265 1760 1336 proiecerat.
1805 1264 1902 1318 Illo
1930 1273 2113 1317 autem

527 1363 842 1427 recedente,
883 1363 1018 1416 dicit
1047 1361 1098 1414 ei
1131 1359 1300 1424 Deus,
1333 1357 1578 1412 Extende
1622 1375 1838 1411 manum
1868 1367 2034 1422 tuam,
2066 1367 2114 1410 et

528 1454 855 1524 cpprehende
909 1455 1139 1506 caudam
1173 1453 1287 1522 ejus
1334 1452 1420 1506 ³²ε
1483 1466 1596 1522 quo
1646 1449 1822 1512 facto,
1877 1449 2117 1504 restituit

528 1548 737 1601 animal
773 1547 827 1600 in
865 1545 918 1600 id
945 1546 1091 1617 quod
1136 1557 1255 1602 erat
1299 1556 1426 1600 ante
1473 1545 1859 1600 mutationem.
1909 1541 2114 1608 Quem-

527 1639 826 1693 admodum
861 1648 914 1693 et
965 1638 1034 1694 iis
1088 1638 1182 1707 qui
1225 1639 1291 1692 ad
1345 1636 1615 1691 Lazarum
1658 1636 1901 1691 vinctum
1947 1632 2117 1703 perti-

528 1730 754 1794 nebant,
811 1727 1028 1796 inquit:
1068 1727 1266 1783 Solvite
1317 1728 1512 1796 ipsum,
1561 1737 1612 1780 et
1665 1725 1823 1779 sinite
1878 1723 2024 1776 abire
2046 1723 2111 1777 ".

529 1817 742 1886 Quibus
774 1819 955 1874 verbis
986 1818 1138 1872 illum
1178 1818 1478 1872 valetudini
1510 1817 1771 1881 restituit,
1823 1824 2112 1885 postquam

528 1919 825 1980 corruptus
869 1919 989 1964 erat
1019 1919 1074 1965 et
1122 1909 1367 1972 fmtebat,
1402 1919 1461 1964 ut
1501 1917 1646 1963 esset
1679 1908 1732 1963 id
1780 1907 1922 1977 quod
1962 1915 2117 1961 ante-

531 2018 696 2072 quam
727 2011 956 2057 mortem
990 2010 1288 2074 gustasset,
1317 2011 1456 2056 erat.
1493 1999 1762 2054 Similiter
1795 2009 1850 2055 et
1897 2001 2112 2055 aridum

532 2093 903 2164 foliorumque
943 2094 1219 2148 viriditate
1249 2104 1544 2148 carentem-
1569 2091 1806 2146 Aarouis
1836 2092 2114 2156 baculum,

532 2187 653 2242 sine
701 2188 889 2242 labore
934 2199 992 2242 et
1031 2187 1238 2257 absque
1278 2186 1510 2240 humore
1535 2195 1760 2239 termve
1807 2183 2116 2252 complexu,

533 2281 590 2336 in
619 2297 726 2334 una
769 2291 932 2336 nocte
977 2279 1108 2334 folia
1133 2289 1190 2334 et
1238 2278 1437 2334 baccas
1472 2277 1778 2344 producere
1809 2275 1958 2341 fecit,
2008 2290 2120 2346 quo

532 2369 682 2426 facto
736 2371 1028 2426 sacerdotii
1099 2369 1348 2424 exhibuit
1421 2369 1498 2422 illi
1571 2367 2116 2422 demonstrationem.

533 2463 681 2520 Idem
711 2479 842 2518 vero
883 2464 975 2534 qui
1003 2478 1121 2517 eam
1142 2463 1353 2531 virgam
1383 2461 1567 2516 virore
1598 2461 1963 2516 circumdedit
1989 2461 2127 2515 abs-

533 2569 644 2625 que
682 2553 1039 2623 plantatione,
1091 2552 1450 2622 semetipsum
1500 2551 1870 2620 incorporavit
1914 2553 2121 2622 absque

534 2646 902 2716 copulatione.
942 2643 1262 2715 Egredietur
1311 2645 1451 2696 enim
1487 2643 1634 2714 virga
1672 2644 1737 2697 de
1785 2645 1964 2698 radice
2001 2645 2122 2698 les-

534 2754 592 2791 se
617 2736 684 2788 ³⁸.
714 2735 870 2792 Jesse
899 2748 1081 2790 autem
1112 2736 1276 2791 homo
1310 2746 1448 2801 erat,
1487 2747 1641 2805 pater
1666 2736 1847 2806 magni
1881 2734 2135 2798 Davidis._

533 2827 768 2883 Necesse
799 2827 967 2898 igitur
999 2836 1119 2882 erat
1161 2843 1230 2882 ex
1273 2826 1516 2880 animata
1562 2826 1767 2892 radice,
1806 2826 1970 2880 etiam
2005 2826 2124 2879 ani-

535 2932 743 2978 matam
774 2922 1077 2990 intelligere
1109 2924 1342 2990 virgam,
1373 2920 1442 2974 de
1470 2937 1578 2990 qua
1610 2920 1856 2989 loquitur
1889 2933 2126 2987 magnus

537 3012 630 3068 ille
659 3013 848 3068 Isaias.
876 3009 1010 3078 Quae
1033 3009 1256 3065 divinus
1289 3011 1552 3065 revelavit
1582 3009 1897 3079 Apostolus,
1920 3008 2125 3063 diserte

536 3105 822 3158 clamans:
868 3101 1139 3156 Habemus
1181 3102 1488 3172 pontiﬁcem
1518 3117 1792 3169 magnum,
1829 3100 1918 3171 qui
1964 3116 2124 3169 pene-

540 3197 701 3250 traeit
749 3195 902 3248 cazlos
937 3195 1006 3248 ".
1047 3192 1148 3249 l-lic
1177 3202 1358 3247 autem
1392 3191 1828 3263 Hierosolymam
1875 3192 2128 3256 veniens,

543 3286 689 3340 haud
732 3286 808 3340 ita
865 3285 1026 3355 longo
1077 3293 1324 3354 tempore
1361 3293 1506 3354 post,
1546 3295 1647 3352 pro
1699 3282 1856 3336 nobis
1905 3296 2128 3337 crucem

541 3388 737 3448 sponte
765 3392 863 3432 sua
898 3377 1068 3443 subit,
1111 3374 1276 3430 simul
1313 3375 1467 3428 nudo
1497 3375 1667 3429 verbo
1700 3373 1989 3429 confestim
2031 3390 2126 3428 ar-

543 3470 738 3525 borem
770 3467 1000 3524 arefacit
1033 3485 1046 3522 :
1081 3468 1380 3523 ostendens
1417 3467 1564 3538 quod
1611 3465 1706 3522 ille
1746 3467 1862 3537 ipse
1895 3467 1986 3534 sit,
2032 3465 2130 3535 qui

543 3576 664 3616 eam
697 3568 752 3614 et
801 3559 955 3615 nasci
996 3558 1268 3630 jusserit:
1315 3567 1371 3614 et
1411 3560 1560 3629 quod
1608 3561 1906 3630 praecipere
1955 3567 2131 3630 possit

543 3652 693 3722 ligno
722 3652 903 3707 crucis
933 3661 996 3706 ut
1041 3651 1270 3706 fulmine
1319 3651 1484 3706 feriat
1528 3668 1590 3707 se
1619 3651 1919 3722 aiIigentes,
1956 3654 2129 3722 (llud-

544 3759 652 3813 que
680 3743 921 3814 patiatur
965 3742 1161 3798 aﬂixus
1190 3753 1250 3797 ut
1286 3742 1460 3808 Deus,
1495 3743 1683 3814 qualia
1719 3745 1924 3814 patitur
1962 3746 2128 3799 homo

543 3836 600 3890 in
631 3851 817 3892 carne.
843 3834 1118 3890 Euntibus
1143 3843 1327 3890 autem
1359 3836 1496 3905 ipsis
1537 3835 1907 3908 llierolymam
1938 3839 2130 3891 esui-iit

543 3932 602 3985 in
626 3931 716 3984 uia
744 3927 926 3994 Iesus,
956 3939 1004 3982 et
1032 3929 1210 3982 videns
1245 3928 1432 3997 ﬁcum,
1458 3929 1598 3983 venit
1623 3929 1692 3982 ad
1719 3946 1857 3993 eam,
1889 3947 2130 4000 quaerens

545 4021 804 4091 fructum,
836 4029 886 4074 et
929 4035 1034 4072 non
1071 4018 1290 4083 invenit,
1324 4019 1790 4088 quemadmodum
1822 4019 2001 4090 inquit
2045 4021 2132 4076 di-

545 4127 647 4166 vus
680 4112 1014 4182 evangelista
1042 4110 1110 4160 ³⁸.
1146 4109 1406 4182 Figurate
1441 4121 1628 4166 autem
1672 4112 2006 4183 intelligatur
2034 4130 2130 4183 per

545 4203 692 4258 viam
735 4218 978 4274 praesens
1003 4203 1138 4268 vita,
1172 4217 1339 4273 quam
1387 4203 1576 4258 vivens
1617 4213 1675 4257 et
1717 4213 1964 4258 sanctum
1997 4205 2130 4258 illud

545 4296 788 4350 Verbum
821 4295 888 4350 ad
919 4295 1336 4350 similitudinem
1369 4295 1545 4350 nostri
1569 4295 2128 4365 natumeorpcraliter

546 4387 817 4449 ambulat,
835 4394 889 4440 et
905 4386 1028 4441 loca
1047 4394 1243 4452 mutat,
1267 4385 1472 4456 ubique
1487 4385 1748 4440 divinitus
1766 4401 2024 4455 praesens.
2046 4385 2135 4439 ln-

550 4477 880 4533 tellectiliter
900 4487 1086 4532 autem
1115 4477 1392 4532 esuriebst
1419 4485 1666 4532 nostram
1698 4477 1956 4545 salutem,
1988 4493 2129 4548 prai-

549 4576 710 4646 cipue
737 4591 870 4631 vero
908 4575 1250 4634 Judaeorum.
1273 4575 1442 4632 Venit
1478 4579 1546 4634 ad
1594 4578 1780 4644 ticum,
1825 4589 2012 4650 utpote
2063 4582 2130 4636 ad

549 4675 920 4750 Synagogam,
951 4695 1208 4749 quaerens
1231 4695 1299 4734 ex
1330 4695 1393 4734 ea
1429 4696 1536 4734 non
1577 4682 1809 4739 sensiles
1841 4683 1997 4750 licus,
2034 4684 2130 4740 sed

548 4777 925 4831 intellectilem
963 4794 1031 4832 ex
1076 4779 1194 4848 lege
1241 4794 1311 4834 ac
1349 4781 1657 4849 prophetis,
1694 4782 2021 4854 dulcemque
2051 4782 2131 4839 fe-

546 4882 907 4938 cunditatem.
938 4878 1078 4934 Nam
1119 4880 1484 4936 consimiliter
1513 4889 1576 4936 ut
1610 4882 1664 4935 in
1711 4883 1816 4938 ﬁcu
1846 4899 2016 4954 grana
2049 4883 2131 4938 in-

548 4991 700 5046 sunt,
739 4981 813 5035 ita
857 4991 912 5035 et
947 4981 1004 5035 in
1045 4982 1332 5051 Synagoga
1381 4981 1569 5037 divina
1606 4998 1876 5054 praecepta
1911 4986 1977 5038 de
2005 4985 2130 5055 qui-

547 5084 650 5137 bus
687 5083 867 5137 anima
903 5083 1239 5151 participans
1279 5083 1566 5140 dulcescit.
1611 5081 1716 5140 Sed
1763 5100 1869 5139 non
1922 5056 2128 5141 invenit

545 5183 706 5238 Jesus
742 5182 980 5238 fructum
1012 5184 1066 5237 in
1101 5198 1186 5248 ea,
1224 5185 1331 5238 nisi
1366 5183 1496 5239 folia
1531 5193 1741 5240 tantum
1789 5188 2040 5256 legalium
2071 5197 2126 5242 et

544 5285 995 5356 propheticorum
1039 5286 1556 5351 instrumentorum,
1608 5302 1782 5357 eaque
1811 5304 1908 5358 per
1942 5297 2126 5345 trans-

542 5385 882 5456 gressionem
946 5386 1335 5442 mandatorum
1387 5387 1700 5442 divinorum
1763 5389 1931 5444 veluti
1991 5389 2124 5445 folia

543 5488 681 5542 licus
714 5501 744 5539 a
787 5485 993 5541 Iudaeis
1027 5486 1081 5540 in
1118 5487 1491 5542 irrationalem
1542 5499 1797 5543 naturam
1840 5489 2124 5545 conversis

1599 419 1657 476 S.
1727 415 2028 475 CESARH
2068 412 2400 470 GREGURII
2433 410 2740 467 FRATRIS

3695 401 3834 456 «ια

2215 533 2469 602 Λαζάρου
2502 529 2826 600 πυθόμενος,
2859 526 2919 580 Τί
2945 522 3124 578 τοῦτο
3149 523 3219 577 ἐν
3247 520 3321 590 τῇ
3353 521 3512 590 χειρί
3550 534 3728 582 σου;
3774 518 3834 570 '0

2215 623 2284 676 δὲ
2303 623 2688 690 ἀπεκρίνατο,
2729 617 2988 684 Ῥάϐδος.
3017 616 3128 670 Καὶ
3150 609 3304 677 αὖθις
3328 613 3453 666 θεία
3477 611 3676 681 φωνὴ,
3725 609 3836 662 Ῥἶο

2215 719 2339 785 Ψον
2370 714 2566 781 αὐτὴν
2587 713 2686 766 ἐπὶ
2725 712 2843 779 τὴν
2868 709 3020 780 γῆν
3056 710 3276 780 ριφεῖσα
3317 705 3395 772 δὲ,
3425 704 3671 774 δράκων
3713 702 3834 769 ἐγέ-

2215 825 2359 869 νετο,
2399 805 2742 876 ὲφαλλομὲνη
2789 801 2870 872 τῷ
2898 800 3242 871 προϊεμένῳ·
3285 796 3380 850 τοῦ
3427 797 3489 849 δὲ
3528 793 3837 863 anan-‘57:-

2218 916 2433 963 σαντος,
2476 898 2640 968 φησὶν
2667 893 2815 965 αὐτῷ
2854 894 2883 946 ὁ
2929 892 3085 955 Θεὸς,
3124 892 3437 944 Ἔκτεινον
3488 887 3622 954 τὴν
3665 886 3837 955 χεῖρὰ

2216 1007 2354 1058 σου,
2391 991 2488 1044 καὶ
2527 987 2817 1043 ἐπιλαϐοῦ
2855 984 2969 1054 τῆς
3006 982 3226 1051 κέρκου
3262 981 3453 1035 αὐτοῦ
3474 981 3834 1047 ’.γενομένου

2215 1084 2295 1149 δὲ,
2336 1084 2414 1146 εἰς
2440 1083 2616 1134 ἐκεῖνο
2648 1077 3000 1147 ἀποκατέστη
3031 1075 3093 1127 τὸ
3122 1072 3279 1138 ζῶον,
3309 1075 3448 1144 ὅπερ
3474 1068 3548 1143 ἦν
3581 1073 3706 1141 πρὸ
3745 1072 3836 1138 τῆς

2217 1171 2534 1245 θηριώσεως
2582 1170 2896 1240 γενόμενον.
2928 1166 3088 1220 Κατὰ
3129 1165 3220 1219 τὸν
3249 1164 3494 1236 δὴσαντά
3540 1180 3695 1232 φησι
3727 1165 3837 1223 toi;

2216 1265 2346 1336 περὶ
2370 1263 2464 1317 τὸν
2495 1261 2746 1333 Λάζαρον
2767 1277 2780 1293 ο
2813 1260 3055 1315 Λύσατε
3103 1257 3311 1322 αὑτὸν,
3335 1258 3448 1323 τκαὶ
3489 1256 3696 1324 ἄφετε
3727 1259 3837 1308 ὑπ-

2215 1353 2404 1423 άγειν,
2427 1353 2540 1416 τοῖς
2560 1351 2673 1422 (10)
2705 1351 2914 1404 ἐκεῖνον
2938 1348 3296 1422 μεταρρὡσας
3321 1349 3411 1401 τὸν
3433 1348 3834 1419 διεῤῥευκότα.

2215 1448 2313 1499 καὶ
2356 1444 2610 1508 ὀδωδότα,
2649 1444 2787 1514 ὅπερ
2814 1438 2883 1514 ἦν
2930 1442 3038 1516 πρὸ
3067 1441 3163 1494 τοῦ
3217 1440 3454 1494 θανάτου
3487 1438 3832 1507 γεύσασθαι.

2227 1541 2460 1613 Ὁμοίως
2492 1541 2587 1593 καὶ
2611 1539 2710 1611 τὴν
2750 1537 2924 1610 ξηρὰν
2961 1538 3056 1590 καὶ
3085 1535 3288 1604 άφλυον
3319 1533 3430 1604 (Η)
3468 1531 3572 1586 τοῦ
3619 1531 3835 1605 Ἀαρὼν

2218 1632 2540 1705 βακτηρίαν,
2572 1631 2810 1702 ἀμογητὶ
2839 1629 3008 1700 χωρὶς
3037 1628 3240 1692 νοτίδος
3267 1627 3299 1698 ἢ
3329 1627 3435 1697 γῆς
3463 1623 3765 1691 πτύξεως,
3786 1627 3836 1678 ὲν

2221 1725 2322 1796 μιᾷ
2357 1721 2516 1776 νυκτὶ
2545 1721 2719 1789 φύλλα
2752 1720 2848 1772 καὶ
2877 1719 3059 1790 κάρυα
3090 1717 3388 1788 βλαστῆσαι
3419 1716 3701 1786 ποιήσας,
3742 1716 3836 1784 τῆς

2218 1812 2521 1885 ἱερωσύνης
2567 1809 2717 1881 αὐτῷ
2768 1809 3076 1880 παρέσχετο
3122 1804 3416 1871 ἀπόδειξιν.
3459 1806 3524 1856 ὐ
3568 1804 3621 1856 δ’
3652 1805 3838 1885 ,αὐτὸς

2216 1884 2316 1974 τῆν
2343 1902 2538 1974 ῥάϐδον
2581 1901 2918 1974 περιφλύσας
2947 1901 3118 1972 χωρὶς
3163 1898 3412 1968 φυτείας,
3445 1884 3660 1951 ἑαυτὸν
3704 1901 3838 1951 ἐσω-

2221 1997 2440 2069 μάτωσε
2467 1995 2638 2064 χωρὶς
2671 1992 2966 2061 συζυγίαςο
3010 1991 3429 2056 Ἐξελεύσεται
3451 1990 3572 2061 γὰρ
3601 1989 3836 2058 ῥάϐδος

2217 2087 2286 2142 ἐκ
2325 2086 2437 2156 τῆς
2479 2085 2652 2156 ῥίζης
2697 2086 2954 2141 Ἰεσσαίο
2999 2084 3200 2138 Ἰεσσαὶ
3239 2083 3299 2137 δὲ
3340 2082 3540 2154 βροτὸς
3589 2084 3836 2156 ὑπάρχει
3946 2077 3947 2118 ἐ

2219 2180 2404 2252 πατὴρ
2434 2179 2530 2233 τοῦ
2573 2178 2810 2249 μεγάλου
2839 2177 3022 2233 Δαϐίδ.
3067 2176 3306 2245 Ἀνάγκη
3353 2170 3450 2228 οὖν
3481 2173 3545 2238 ἐξ
3576 2175 3839 2245 ἐμψύχου

2221 2269 2378 2342 ῥίζης
2406 2268 2650 2340 ἔμψυχον
2690 2269 2830 2320 νοεῖν
2867 2266 2963 2319 καὶ⁸
3000 2264 3099 2336 τὴν
3132 2263 3357 2337 ῥάϐδονο
3384 2263 3521 2334 περὶ
3589 2260 3668 2335 ἧς
3715 2265 3840 2318 τὰἇε

2223 2362 2328 2435 μέν
2375 2379 2540 2433 φησιν
2569 2365 2601 2414 ὁ
2645 2358 2848 2430 ὑψηλὸς
2893 2359 3155 2420 Ἡσαΐας·
3207 2355 3352 2427 ἅπερ
3395 2355 3782 2425 ἀνακαλύψας
3818 2359 3844 2409 ὁ

2222 2455 2480 2526 θεοφόρος
2518 2452 2839 2516 Ἀπόστολος
2889 2450 3188 2523 διαρρήδην
3223 2449 3357 2520 βοᾷ·
3415 2450 3698 2519 Ἔχομεγ
3742 2451 3842 2518 ἀρ-

2222 2545 2420 2617 χιερέα
2450 2544 2662 2615 μέγαν,
2694 2543 3093 2612 διεληλυθότα
3129 2540 3273 2607 τοὺς
3295 2541 3609 2608 οὐρανούς
3634 2558 3650 2572 ο
3684 2535 3839 2603 οὗτος

2221 2639 2277 2692 δὲ
2329 2641 2408 2703 εἰς
2453 2637 2800 2709 Ἰεροσόλυμα
2834 2635 3037 2704 φοιτῶν
3088 2635 3205 2706 μετ’
3239 2633 3300 2686 οὐ
3337 2632 3509 2698 πολὺ,
3553 2633 3662 2685 τὺν
3699 2633 3840 2700 ὑπὲρ

2223 2733 2380 2802 ἡμῶν
2422 2729 2655 2800 σταυρὸν
2684 2727 3027 2798 αὐθαιρέτως
3067 2725 3383 2794 ὑφίσταται,
3420 2726 3652 2794 ῥήματι
3703 2724 3841 2794 ψιλῷ

2222 2823 2435 2894 ἀθρόως
2463 2821 2526 2876 τὸ
2564 2821 2731 2890 φυτὸν
2760 2820 3012 2893 ἐξήρανε,
3046 2819 3260 2883 δεικνὺς
3288 2816 3451 2880 αὐτὸς
3498 2817 3791 2887 ὑπάρχειν
3817 2821 3842 2870 ὁ

2223 2914 2320 2969 καὶ
2351 2913 2519 2983 φῦναι
2543 2912 2829 2977 κελεύσας,
2859 2912 2956 2966 καὶ
2980 2912 3062 2965 ὅτι
3091 2905 3204 2974 οἷός
3236 2927 3294 2964 τε
3317 2908 3564 2982 ὑπάρχει
3595 2912 3842 2982 προστάς-

2226 3009 2313 3074 ξαι
2341 3008 2420 3079 τῷ
2479 3007 2621 3078 ξύλῳ
2667 3007 2761 3060 τοῦ
2806 3004 3064 3077 σταυροῦ,
3107 3003 3459 3076 κεραυνῶσαι
3506 3005 3651 3068 τοὺς
3708 3005 3840 3058 καθ-

2223 3101 2517 3172 ηλοῦνταςο
2553 3099 2708 3172 φέρει
2733 3098 2792 3152 δὲ
2829 3096 3058 3162 ὡςΘεὸς
3091 3095 3486 3166 καθηλωμένος
3511 3089 3613 3149 οἷα
3656 3096 3839 3168 βροτὸς

2224 3196 2294 3264 τῇ
2327 3192 2508 3263 σαρκί.
2539 3189 2854 3244 dictumvth
2875 3189 2932 3242 δὲ
2955 3188 3136 3242 αὐτῶν
3167 3189 3248 3250 εις
3283 3186 3662 3258 Ἰεροσόλυμα
3689 3190 3840 3241 ἐπεί-

2225 3301 2418 3340 νασεν
2448 3284 2517 3336 ἐν
2537 3281 2613 3351 τῇ
2641 3281 2761 3348 ὀδῷ
2793 3283 2826 3335 ὁ
2869 3279 3130 3346 Ἰησοῦς,
3155 3278 3255 3333 καί
3276 3278 3419 3332 ἰδὼν
3443 3278 3675 3347 συκῆν
3701 3276 3839 3349 ἧκεν
3945 3279 3947 3351 i

2225 3375 2320 3428 ἐπ’
2340 3374 2538 3443 αὐτὴν
2561 3373 2747 3440 ζητῶν
2771 3370 3026 3440 καρπὸν,
3057 3370 3158 3424 καί
3181 3371 3298 3439 οὐχ
3322 3364 3489 3436 εὗρε,
3515 3370 3720 3434 καθώς
3744 3389 3834 3437 εἴη·

2230 3484 2313 3520 σιν
2339 3467 2367 3517 ὁ
2398 3466 2540 3530 θεῖος
2569 3461 2986 3534 εύαγγελιστής.
3015 3460 3307 3530 Τροπικῶς
3331 3460 3389 3514 δὲ
3419 3461 3674 3515 νοείσθω
3703 3464 3831 3524 ὁδὸς,

2227 3561 2255 3613 ὁ
2291 3558 2480 3630 παρὼν
2529 3557 2664 3629 βίος,
2697 3556 2757 3610 ὃν
2782 3559 2810 3609 ὁ
2843 3553 2951 3619 ζῶν
2985 3554 3080 3608 καὶ
3127 3553 3283 3622 ἅγιος
3319 3552 3481 3622 λόγος
3528 3554 3666 3607 καθ’
3697 3558 3832 3626 rigui;

2227 3652 2518 3723 γενόμενος
2561 3647 2890 3722 σωματικῶς
2922 3645 3152 3719 βαδίζει,
3183 3647 3277 3698 καὶ.
3320 3645 3538 3708 τόπους,
3584 3647 3832 3718 ἀμεῶει.

2229 3745 2404 3816 πάντη
2437 3742 2630 3816 παρὼν
2659 3741 2889 3805 θεῖκῶς·
2917 3738 3124 3810 νοητῶς
3160 3738 3216 3792 δὲ
3239 3736 3442 3790 πεινῶν
3467 3737 3582 3807 τὴν
3620 3740 3834 3791 πάντων

2225 3837 2529 3909 σωτηρίαν,
2561 3833 2858 3907 ἐξαιρέτως
2892 3831 2950 3886 δὲ
2983 3830 3277 3893 Ἰουδαίων,
3308 3825 3445 3902 ἧκεν
3469 3831 3578 3884 ἐπὶ
3617 3832 3732 3903 τὴν
3755 3849 3836 3884 σε·

2229 3927 2357 3998 κῆν,
2394 3924 2597 3979 ὡσανεὶ
2627 3924 2726 3996 τὴν
2768 3922 3121 3991 Συναγωγὴν,
3151 3919 3331 3990 ζητῶν
3361 3919 3423 3985 ἐξ
3473 3921 3677 3991 αὐτῆς
3716 3939 3840 3991 καρ-

2229 4019 2330 4073 πὸν
2359 4018 2461 4072 οὐκ
2497 4013 2767 4086 αἰσθητῶν
2798 4013 3000 4079 σύκων,
3045 4011 3183 4066 ἀλλὰ
3227 4011 3318 4065 τὸν
3364 4011 3598 4082 νοητὸν,
3639 4013 3751 4084 τὴν
3790 4017 3842 4064 ἐι

2229 4110 2322 4165 τοῦ
2348 4111 2516 4181 νόμου
2549 4109 2644 4163 καὶ
2667 4107 2778 4161 τῶν
2800 4105 3098 4178 προφητῶν
3124 4104 3383 4175 γλυκεῖαν
3415 4122 3491 4159 κα
3499 4086 3838 4178 pasce-909%.”

2229 4199 2629 4272 παραπλησίως
2653 4198 2762 4253 τῶν
2785 4198 2844 4251 ἐν
2865 4197 2945 4270 τῷ
2970 4196 3120 4268 σύκῳ
3145 4197 3360 4251 κόκκων
3388 4198 3764 4268 ἐγκειμένων
3787 4202 3840 4267 τῇ

2231 4294 2528 4363 Συναγωγῇ
2577 4290 2687 4345 τῶν
2737 4290 2898 4344 θείων
2933 4289 3186 4352 ἐντολῶν,
3229 4289 3294 4355 ἐξ
3338 4273 3414 4343 ὧν
3453 4290 3844 4360 μετέχουσαή

2229 4383 2375 4455 ψυχὴ
2401 4381 2892 4451 καταγλυκαίνεται
2916 4396 2930 4410 ·
2959 4380 3074 4435 ἀλλ’
3098 4381 3198 4451 οὐχ
3220 4374 3374 4450 εὗρεν
3395 4382 3425 4433 ὁ
3453 4381 3692 4450 Ἰησοῦς
3719 4400 3846 4452 καρ-

2231 4477 2331 4530 πὸν
2380 4477 2438 4528 ὲν
2475 4475 2636 4546 αὐτῇ,
2665 4475 2719 4527 εἰ.
2747 4474 2822 4545 μὴ
2879 4471 3040 4544 μόνον
3082 4471 3257 4542 φύλλα
3293 4470 3402 4526 τῶν
3436 4475 3710 4543 νομικῶν
3764 4478 3846 4529 καὶ

2230 4564 2587 4638 προφητικῶν
2633 4564 2900 4634 τεύχεων,
2932 4564 3029 4617 καὶ
3058 4562 3199 4616 αὐτὰ
3229 4565 3298 4633 τῇ
3352 4563 3697 4634 παραϐάσει
3751 4568 3848 4619 τῶι.

2231 4657 2390 4712 θείων
2419 4657 2582 4710 οἱονεὶ
2627 4655 2800 4726 φύλλα
2828 4655 2999 4726 συκῆς
3034 4654 3139 4708 ὑπὸ
3179 4653 3289 4708 τῶν
3327 4653 3408 4717 είς
3439 4653 3694 4723 ἀλογίαν
3727 4677 3850 4730 τρι.

2230 4750 2443 4804 πὲντων
2510 4748 2780 4802 Ἰουδαίων
2832 4747 3002 4810 ἀδεῶς
3057 4746 3391 4817 πατούμενα.
3454 4747 3697 4820 Κτῆνος
3750 4752 3848 4821 τὰς

2229 4844 2464 4914 ὑπάρχει
2497 4842 2837 4914 βιϐλιοφόρον
2871 4844 2912 4912 ἡ
2933 4840 3278 4914 κυριοκτόνος
3305 4843 3614 4914 συναγωγή
3641 4861 3660 4874 ο
3705 4846 3742 4914 ἡ
3769 4847 3850 4897 τὸν

2230 4933 2454 5005 βασιλέα
2499 4931 2782 4996 ἀνελοῦσα,
2812 4931 2905 4985 τὸν
2960 4931 3020 4985 δὲ
3071 4929 3412 5002 στρατιώτην
3456 4931 3731 4998 τιμῶσα,
3769 4936 3850 4988 ὑπ’

2228 5027 2395 5082 αὑτοῦ
2416 5028 2474 5081 δὲ
2500 5025 3003 5097 αίχμαλωτισθεζσα
3047 5025 3332 5088 πολλάκις,
3371 5023 3470 5078 καί
3498 5027 3732 5091 οἰκέτις
3767 5033 3852 5082 καὶ

2232 5121 2506 5192 ὑπόφορος
2527 5118 2822 5190 γενομένη·
2859 5120 2896 5190 ή
2917 5117 3388 5185 ἀναγινώσκουσα,
3414 5116 3517 5170 καὶ
3558 5123 3645 5192 μὴ
3673 5125 3846 5190 gen-fg.

2229 5211 2541 5267 νώσκουσα·
2571 5214 2608 5282 ἡ
2645 5211 2708 5264 τὺ
2746 5211 2988 5282 γράμμα
3030 5209 3325 5280 κρατοῦσα,
3355 5208 3451 5262 καὶ
3492 5212 3566 5263 τὸ
3611 5217 3853 5284 πρᾶγμα

2228 5304 2517 5374 ἀγνοοῦσα.
2534 5305 2644 5375 Τὴν
2663 5303 2932 5375 διαθήκην
2951 5302 3172 5373 ἔχουσα,
3183 5302 3286 5356 καὶ
3294 5303 3391 5373 τῆς
3412 5302 3704 5374 εὐνομίας
3733 5309 3856 5360 ἀπέ-

2228 5413 2429 5467 χουσα·
2455 5391 2525 5468 ἦς
2560 5395 2722 5466 μόνος
2752 5399 2783 5451 ό
2832 5394 3066 5469 Χριστὸς
3112 5393 3253 5466 ἀνὴρ
3297 5398 3855 5468 προσαγορεύεσθαι,

2226 5491 2275 5542 εί
2299 5488 2729 5561 ἑταιριζομένης,
2764 5488 3105 5559 βουλόμενος,
3130 5487 3263 5558 φησὶ
3285 5486 3354 5540 δι’
3391 5487 3568 5558 Ὠσηὲ
3594 5491 3704 5546 τοῦ
3736 5510 3860 5564 προ-

612 5602 657 5632 ”
685 5598 860 5674 Exod.
887 5614 941 5651 tv
967 5598 1059 5674 2._
1101 5599 1144 5631 ³⁸
1170 5600 1304 5655 ibid.
1332 5600 1388 5654 5.
1465 5599 1506 5631 ³¹
1541 5599 1675 5658 ibid.
1702 5603 1756 5657 ι.
1836 5605 1882 5635 ³⁹
1909 5601 2070 5657 Joan.
2097 5618 2123 5656 ι

2223 5601 2288 5658 ρι.
2367 5601 2413 5633 ³³
2443 5601 2551 5657 lsa.
2576 5619 2654 5669 si,
2690 5604 2740 5658 l.
2819 5605 2864 5636 "
2893 5603 3056 5661 Hebr.
3089 5621 3161 5674 ιν,
3190 5603 3279 5658 Η.
3343 5603 3389 5634 ³⁸
3415 5601 3628 5661 Matth.
3657 5626 3743 5664 iv.
3779 5612 3859 5670 l8,

547 5671 651 5737 i9;
691 5671 856 5724 Marc.
891 5686 966 5729 xl.
997 5669 1082 5724 15.

615 5762 726 5832 (10)
769 5761 920 5828 Τοῖς.
960 5760 1267 5830 Legendum
1309 5761 1526 5817 videtur
1559 5762 1786 5824 τούτοις.
1820 5761 1980 5832 Eutr.

617 5830 728 5902 (tl)
769 5834 1062 5902 "Aselvor.
1099 5833 1405 5887 Cotelerius
1431 5837 1669 5887 Monum.
1703 5830 1954 5902 επιστ.
1987 5839 2122 5883 tom.

547 5901 612 5968 ll,
630 5901 765 5972 pag.
794 5901 923 5968 538,
947 5903 1204 5958 observat
1229 5909 1283 5959 et
1307 5904 1536 5960 solemni
1562 5901 1967 5974 permutatione
1997 5919 2046 5955 οι
2073 5911 2128 5956 et

2229 5775 2258 5809 υ
2298 5757 2423 5844 lieic
2474 5758 2741 5844 scriptum
2787 5760 3012 5843 ἄφλυον,
3064 5771 3118 5844 et
3149 5779 3293 5844 _mox
3344 5768 3724 5838 περιφλύσας
3767 5791 3861 5844 pro

2231 5827 2622 5954 πὲριφλούσας.
2661 5829 2729 5885 Ut
2759 5827 3020 5902 superius
3047 5833 3115 5888 ad
3142 5833 3337 5892 lnterr.
3367 5827 3555 5896 civit:
3599 5827 3862 5901 minusd-

2232 5915 2260 5954 γ
2299 5915 2475 5954 rsum.

2232 5915 2475 5955 versum.
