4006 6386
178 276 311 331 H61

178 394 372 461 φήτου.
404 389 564 458 Αὕτη
593 390 705 459 οὐχ
732 386 772 454 ἠ
806 384 959 456 γυνή
988 401 1129 454 μου,
1158 381 1323 452 κάγὼ
1344 381 1454 435 οὐκ
1480 378 1637 450 ἀνὴρ
1657 382 1758 433 αὺ-

177 481 310 551 τῆς.
348 483 575 552 ’Έτερος
617 480 675 534 δὲ
711 479 821 533 τῶν
860 474 1185 537 θεσπεσίων,
1232 473 1333 544 τήν
1365 472 1545 525 αἰτίαν
1596 472 1770 535 λέγων

182 574 300 644 βοᾷ·
330 568 509 628 Οὗτοι
568 574 680 625 οὐκ
733 570 1057 639 ἀνέμειναν
1094 567 1165 620 ἐν
1213 564 1289 633 τῇ
1322 563 1597 631 διαθήκῃ,
1653 561 1772 616 τῶν

179 665 342 735 κάγὼ
366 663 671 733 ἠμέλησα.
694 660 856 732 λέγει
882 661 1099 729 Κύριος
1124 655 1565 725 παντοκράτωρ.
1611 657 1773 709 Ἀπο-

180 759 515 830 κληρονόμος
546 756 785 826 τοίνυνή
822 755 1068 823 ἄκαρπος
1105 752 1266 822 συκῆ,
1303 750 1502 821 μᾶλλον
1545 750 1604 803 δὲ
1645 767 1771 803 συν-

179 850 373 920 αγωγή
395 867 408 879 ο
444 850 509 920 ἢν
528 849 615 901 διὰ
648 846 893 918 μοιχείαν
916 846 945 898 6
967 845 1067 915 τῆς
1096 843 1376 907 εὐσεϐείας
1402 844 1647 913 ἀρνεῖται
1676 840 1767 894 λό-

182 960 306 1011 γος·
364 942 567 1011 ταύτην
620 940 713 993 καὶ
769 938 881 992 ἀπὸ
928 938 1027 1008 τῆς
1084 934 1450 1008 κληρονομίας
1513 934 1769 1003 ἀπείργει

184 1036 368 1106 νόμος.

1582 260 1930 318 DIALOCUS
1966 260 2057 315 IV.

3324 255 3461 313 “62

1876 378 2219 434 conculcata.
2266 376 2583 435 Jumentum
2637 378 2783 436 enim
2834 377 2992 433 libris
3040 382 3326 439 onustum,
3378 381 3464 428 est

1881 470 2220 529 interl‘ectrix
2251 470 2467 527 Domini
2503 472 2811 544 Synagoga.
2844 470 2978 537 Quae
3018 485 3201 541 regem
3240 467 3463 539 quidem

1875 563 2122 629 sustulit,
2164 564 2391 618 militem
2440 572 2624 618 autem
2670 562 2964 617 honoravit
2997 579 3011 616 :
3046 576 3077 615 a
3106 575 3218 631 quo
3259 558 3463 628 saepius

1873 655 1926 709 in
1957 655 2325 725 captivitatem
2376 665 2461 712 est
2511 656 2779 719 abducta,
2841 670 2985 725 saepe
3033 656 3159 708 item
3210 667 3368 708 serva
3410 659 3466 703 et

1878 748 2169 802 tributaria
2211 747 2354 802 facta
2384 767 2395 801 :
2445 764 2569 819 qua:
2599 748 2748 819 legit,
2785 756 2841 802 et
2866 764 2973 801 non
3009 745 3296 816 intelligit;
3341 758 3465 812 qua:

1874 840 2112 895 litteram
2145 842 2331 906 habet,
2373 850 2428 897 et
2466 858 2579 896 rem
2614 841 2858 913 ignorat;
2898 856 3021 911 quae
3070 846 3463 895 testamentum

1876 934 2063 1002 habet,
2086 941 2140 989 et
2170 949 2199 988 a
2226 944 2375 990 recta
2406 934 2541 1005 legis
2567 934 2874 990 obedientia
2907 934 3064 1002 longe
3089 932 3263 986 abest.
3292 929 3464 999 Cujus

1878 1024 2031 1080 solus
2081 1025 2338 1081 Christus
2388 1026 2649 1080 maritum
2684 1041 2744 1081 se
2790 1025 3051 1095 appellari
3107 1023 3317 1088 volens,
3369 1020 3465 1088 qui

188 1126 353 1181 sciret
380 1123 552 1192 ipsam
581 1121 673 1175 alii
704 1118 1093 1183 adhaerentem,
1138 1117 1271 1173 dicit
1296 1132 1392 1188 per
1418 1116 1616 1172 Oscam
1651 1114 1973 1185 prophetam
2008 1134 2021 1170 :
2053 1115 2179 1184 Ipsa
2208 1133 2310 1170 non
2346 1133 2483 1171 uxor
2509 1132 2648 1183 mea,
2675 1126 2725 1171 et
2754 1134 2847 1188 ego
2878 1134 2981 1171 non
3003 1116 3117 1185 ejus
3142 1118 3369 1169 maritus
3395 1111 3462 1167 “.

184 1216 340 1271 Alius
360 1232 491 1271 vero
533 1225 719 1269 vatum
751 1228 976 1269 causam
1009 1213 1279 1275 indicans,
1309 1214 1513 1268 clamat
1554 1231 1567 1266 :
1607 1211 1708 1265 Isti
1741 1228 1844 1264 non
1889 1214 2234 1280 perstiterunt
2275 1214 2331 1266 in
2365 1222 2679 1267 testamento
2714 1230 2848 1278 meo,
2888 1223 2938 1266 et
2970 1229 3062 1283 ego
3110 1211 3314 1281 neglexi
3352 1226 3462 1275 eos,

178 1310 315 1361 dicit
348 1306 605 1360 Dominus
632 1304 959 1374 omnipotens
982 1305 1048 1357 ⁸⁷.
1082 1303 1435 1359 Exhzeredata
1469 1313 1553 1359 est
1586 1303 1752 1372 igitur
1784 1302 1989 1356 sterilis
2032 1304 2189 1367 licus,
2239 1304 2350 1359 imo
2374 1320 2503 1359 vero
2535 1304 2841 1375 Synagoga,
2867 1313 3261 1373 quampropter
3304 1301 3463 1356 adul~

187 1401 383 1455 torium
424 1412 606 1455 sermo
645 1397 862 1467 pietatis
896 1396 1149 1465 abnegat,
1197 1404 1253 1450 et
1290 1396 1359 1449 ab
1400 1395 1714 1450 hazreditate
1742 1395 1827 1449 lex
1855 1403 2025 1448 arcet.

751 1491 1001 1546 ΠΕΥΣΙΣ
1041 1492 1210 1543 ΡΠΔθ.

271 1584 423 1637 Ἐπεὶ
460 1584 632 1647 οὐδεὶς
659 1585 793 1654 ἡμῖν
825 1583 985 1653 κόρος
1029 1583 1128 1653 τῆς
1167 1583 1264 1654 σῆς
1306 1581 1622 1654 εὐφραδίας.
1667 1600 1772 1653 μα-

189 1678 301 1731 θεῖν
329 1677 559 1746 δεόμεθα
580 1678 676 1730 καὶ
706 1676 804 1748 τήν
833 1676 939 1729 τῶν
972 1674 1301 1747 ἀληθὸντων,
1334 1678 1427 1729 καὶ
1458 1675 1553 1729 τοῦ
1596 1674 1776 1746 μύλω-

188 1786 278 1832 νος
308 1767 642 1845 παραϐολὴν,
682 1765 876 1838 ἀγροῦ,
916 1768 1009 1820 καὶ
1045 1767 1155 1820 τῶν
1186 1768 1245 1820 ὲν
1278 1767 1428 1838 αὐτῷ
1454 1766 1547 1821 δύο
1583 1768 1771 1823 ὄντων.

189 1861 352 1927 Λέγει
372 1859 480 1929 γάρ
505 1859 564 1910 ὲν
585 1859 935 1927 Εὑαγγελίοις
962 1860 991 1912 6
1018 1858 1223 1929 Κύριος
1242 1876 1256 1890 ’
1295 1859 1433 1913 Τότε
1464 1859 1574 1913 δύο
1598 1859 1774 1914 ἔσον-

188 1967 283 2004 ται
311 1951 382 2003 ἐν
416 1949 498 2016 τῷ
531 1949 691 2018 ἀγρῷ
711 1967 723 1981 ·
755 1953 788 2004 ό
810 1947 900 2017 εἷς
928 1949 1471 2019 παραλαμϐάνεται,
1502 1952 1601 2006 καὶ
1629 1955 1662 2006 ό
1687 1948 1774 2020 εἷς

186 2045 423 2113 ἀφίεται
446 2060 459 2074 ·
492 2043 603 2098 δύο
647 2043 991 2108 ἀλήθουσαι
1037 2045 1107 2097 ἐν
1132 2043 1213 2109 τῷ
1241 2045 1495 2115 μύλωνι,
1531 2047 1640 2117 μία
1665 2062 1777 2103 παι

182 2134 649 2207 ραλαμϐἁνεται,
690 2134 788 2189 καὶ
820 2137 929 2204 μία
962 2137 1216 2205 ἀφίεται.

820 2229 1185 2295 Ἀπόκρισις.

277 2321 364 2374 Ἐν
397 2321 599 2390 ἀμφοῖν
642 2318 711 2373 τὰ
755 2320 895 2373 αὑτά
925 2320 1177 2391 δηλοῦται
1222 2322 1595 2395 συμϐήσεσθαι
1637 2324 1779 2379 κατά

188 2412 281 2466 τὸν
306 2414 494 2484 καιρὸν
517 2413 617 2483 τῆς
638 2413 1004 2477 ἀναστάσεως,
1019 2414 1225 2467 καὶτὸν
1247 2415 1348 2485 τῆς
1372 2416 1629 2489 δευτέρας
1646 2435 1780 2489 παρα

184 2505 395 2569 ουσίας.
447 2503 625 2575 Ἀγρῷ
683 2504 781 2574 μὲν
831 2504 922 2558 τὸν
973 2503 1176 2574 κόσμον
1221 2506 1647 2577 παραϐάλλεται,
1679 2526 1777 2561 κα-

191 2598 302 2662 θὼς
342 2598 503 2662 αὐτὸς
562 2597 790 2669 ἑτέρωθί
839 2615 1023 2671 φησιν,
1054 2598 1136 2651 ὅτι
1173 2600 1379 2668 Ἀγρός
1417 2600 1588 2654 ἐστιν
1620 2604 1653 2655 ό
1678 2601 1779 2655 κό-

187 2704 367 2758 σμος,
402 2691 455 2743 οἱ
494 2688 562 2741 δὲ
594 2688 859 2756 θερισταὶ
900 2691 956 2743 οἱ
984 2688 1225 2759 ἄγγελοι
1245 2707 1258 2720 ·
1298 2690 1503 2757 μύλωνι
1532 2692 1587 2745 δὲ
1619 2694 1780 2746 ἀπει⁴

193 2782 375 2847 κάζων
403 2781 501 2852 τὴν
533 2779 764 2834 ἄστατον
797 2780 891 2834 τοῦ
918 2780 1033 2850 βίου
1064 2780 1389 2852 περιφορὰν,
1419 2783 1510 2835 καὶ
1536 2782 1597 2835 τὸ
1624 2784 1782 2837 πολύ-

195 2889 426 2944 στροφον
473 2871 583 2925 τῶν
617 2873 675 2925 ὲν
723 2869 872 2940 αὐτῷ
918 2870 1229 2942 δρωμένων,
1274 2874 1350 2935 ὡς
1397 2873 1486 2925 τὸν
1537 2872 1777 2943 μύλωνα,

192 2964 516 3031 ἀεικινήτως
539 2960 633 3014 καὶ
654 2959 902 3023 ἀστὰτως
924 2962 1056 3030 ἡμῖν
1079 2960 1419 3029 περιθέοντα,
1442 2964 1535 3015 καὶ
1558 2963 1664 3033 πρὸ
1688 2961 1778 3016 τοῦ

194 3054 489 3127 ἀλήθεσθαι
518 3056 574 3106 ὲν
614 3055 744 3123 ήμῖν
777 3053 963 3124 ἕτερον
990 3052 1050 3118 ἐξ
1086 3052 1273 3124 ἑτέρου
1299 3053 1596 3124 ἀμείϐοντα
1614 3071 1628 3085 ·
1656 3057 1782 3119 τοὺς

190 3146 252 3201 δὲ
274 3148 330 3199 ὲν
353 3144 503 3216 αὑτῷ
532 3144 852 3215 ἀλήθοντας,
883 3142 1081 3214 μᾶλλον
1106 3143 1161 3197 δὲ
1199 3145 1289 3197 ὑπ’
1318 3145 1481 3198 αὑτοῦ
1514 3145 1783 3217 άληθομέ-

194 3255 342 3302 νους,
366 3240 493 3300 τοὺς
527 3237 624 3307 μὲν
652 3234 1267 3306 παραλαμϐανομένους,
1306 3236 1430 3299 τοὺς
1464 3236 1520 3289 δὲ
1550 3238 1785 3308 ἀφιεμέ-

192 3346 340 3393 νους,
379 3329 525 3399 ἡμᾶς
579 3327 747 3397 δηλοῖ,
790 3329 919 3389 τοὺς
967 3327 1074 3380 ἀπὸ
1114 3328 1287 3398 Ἀδὰμ
1333 3328 1491 3400 μέχρι
1549 3330 1786 3401 τήμερον

192 3419 495 3492 ἀλήθοντας
515 3438 527 3450 ·
559 3419 651 3473 καὶ
683 3420 808 3482 τοὺς
843 3419 941 3491 μὲν
972 3418 1189 3490 θανάτῳ
1226 3422 1630 3492 ἀπαγομένους,
1661 3425 1787 3486 τοὺς

192 3514 257 3567 δὲ
286 3514 422 3576 τέως
463 3512 813 3582 ἀφιεμένους,
846 3513 941 3564 καὶ
971 3512 1032 3565 ὲν
1057 3515 1273 3585 ἀκαρεῖ,
1315 3515 1372 3567 ὲν
1411 3515 1620 3585 ἀτόμῳ,
1652 3515 1788 3587 πρὸς

200 3603 508 3675 ἀφθαρσίαν
565 3601 1011 3673 μεθισταμένους,
1070 3603 1253 3668 καθώς
1300 3622 1463 3677 φησιν
1507 3608 1538 3659 6
1589 3606 1788 3677 ὑψηλὸς

201 3695 379 3768 κήρυξ
424 3694 775 3759 Ἀπόστολος’
819 3694 981 3750 Ἰδοὺ
1035 3698 1374 3766 μυστήριον
1411 3699 1555 3769 ὑμῖν
1598 3700 1787 3771 λέγω*

202 3789 431 3855 Πάντες
452 3788 569 3858 μὲν
595 3790 667 3843 οὐ
702 3790 1201 3858 κοιμηθησόμεθα.
1243 3792 1467 3858 πάντες
1503 3792 1571 3846 δὲ
1599 3794 1789 3848 ἀλλα-

202 3882 528 3950 γησόμεθα,
568 3880 637 3933 ἐν
669 3881 886 3951 ἀτόμῳ,
938 3883 1009 3935 ἐν
1036 3882 1189 3950 ῥιπῇ
1217 3883 1549 3953 ὀφθαλμοῦ,
1598 3884 1668 3937 ἐν
1712 3884 1790 3954 τῇ

199 3972 433 4042 ἐσχάτῃ
468 3971 777 4043 maximat.
817 3973 880 4027 Οί
913 3974 1090 4027 τοίνυν
1138 3974 1461 4045 θνήσκοντες
1507 3975 1669 4028 οἱονεὶ
1696 3976 1789 4029 τοῦ

208 4065 450 4135 μύλωνος
496 4065 892 4135 λαμϐάνονται·
922 4069 970 4120 οἱ
1007 4068 1063 4120 δὲ
1107 4067 1564 4138 περιλειπόμενοι,
1604 4068 1791 4137 ἀφίεν-

203 4173 315 4210 ται.
356 4157 442 4209 Ἐν
471 4158 618 4227 αὐτῷ
655 4158 711 4210 δὲ
744 4158 1027 4229 φωνούσης
1056 4159 1169 4229 ἅμα
1195 4160 1285 4211 καὶ
1312 4158 1668 4231 διανιστὼσης
1693 4162 1791 4231 τῆς

207 4247 357 4311 θείας
381 4248 678 4318 σάλπιγγος
701 4251 825 4313 τοὺς
862 4250 959 4302 ἀπ’
997 4249 1192 4312 αἰῶνος
1226 4251 1609 4323 κοιμηθέντας,
1636 4250 1793 4317 αὖθις

204 4343 234 4395 6
265 4342 489 4412 ἀκλινὴς
518 4342 611 4395 καὶ
642 4341 936 4405 ἀδέκαστος
980 4342 1378 4414 προκαθέζεται
1421 4344 1631 4415 κριτὴς,
1664 4346 1791 4399 ἑκά-

206 4452 319 4506 στῳ
364 4434 500 4505 πρὸς
555 4433 710 4501 ἀξίαν
754 4435 863 4486 τῶν
911 4434 1255 4505 βεϐιωμένων
1305 4436 1788 4506 ἀνταμειϐόμενος,

204 4524 389 4588 καθώς
436 4541 599 4595 φησιν
644 4525 675 4576 6
714 4523 855 4587 θεῖος
911 4522 1263 4587 Ἀπόστολοςο
1302 4524 1451 4591 Τοὺς
1498 4527 1613 4595 μὲν
1658 4527 1789 4581 καθ’

205 4612 524 4684 ὑπομονὴν
550 4616 729 4683 ἔργου
754 4613 1000 4682 ἀγαθοῦ,
1035 4615 1129 4667 καὶ
1166 4615 1233 4667 τά
1265 4614 1408 4683 ἑξῆς.

2222 1490 2742 1548 INTERROGATIO
2779 1488 3114 1547 CLXXXIV.

1951 1581 2092 1649 Quia
2128 1593 2220 1639 tua
2249 1586 2563 1655 eloquentia
2592 1586 2780 1640 satiari
2815 1600 2924 1639 non
2956 1598 3275 1654 possumus,
3311 1583 3466 1652 cupi-

1880 1689 2007 1729 mus
2052 1675 2353 1746 intelligere
2390 1686 2445 1731 et
2481 1677 2802 1731 molentium
2838 1686 2893 1731 et
2938 1675 3097 1730 molae
3126 1673 3463 1745 parabolam,

1876 1775 1932 1820 et
1961 1780 2082 1820 eam
2129 1781 2253 1837 quae
2281 1768 2347 1822 de
2382 1784 2516 1839 agro
2554 1778 2658 1831 est,
2694 1778 2750 1823 et
2792 1768 2861 1823 de
2898 1766 3135 1833 duobus,
3183 1766 3277 1836 qui
3315 1765 3369 1819 in
3399 1782 3467 1819 eo

1878 1867 2028 1913 sunt.
2077 1857 2260 1930 lnquit
2305 1861 2452 1914 enim
2513 1861 2566 1913 in
2615 1860 2908 1931 Evangelio
2958 1858 3263 1914 Dominus:
3322 1857 3467 1911 Tunc

1876 1951 1984 2004 duo
2013 1965 2166 2006 erunt
2196 1954 2249 2005 in
2284 1970 2434 2023 agro,
2471 1970 2606 2006 unus
2634 1953 2949 2014 assumitur,
2981 1960 3029 2004 et
3056 1967 3192 2004 unus
3222 1948 3469 2019 relinqui-

1880 2055 2007 2098 tur:
2034 2045 2155 2099 dure
2196 2047 2444 2101 molentes
2478 2048 2531 2100 in
2574 2048 2736 2111 mola,
2781 2064 2887 2099 una
2918 2046 3233 2109 assumitur,
3268 2051 3317 2096 et
3360 2058 3468 2096 una

1880 2133 2195 2197 relinquitur
2221 2135 2285 2187 ³³.

2525 2228 2830 2297 Responsio.

1949 2327 2008 2382 In
2052 2329 2297 2401 utrisque
2378 2324 2567 2379 eadem
2606 2330 2870 2376 eventura
2913 2318 3291 2390 signiﬁcantur
3325 2322 3467 2369 tem-

1879 2435 2015 2490 pore
2065 2415 2485 2475 resurrectionis
2536 2422 2591 2468 et
2638 2412 2865 2469 secundi
2923 2413 3191 2465 adventus
3237 2406 3464 2462 Christi.

1878 2515 2028 2584 Agro
2065 2512 2284 2582 quidem
2334 2507 2601 2563 mundum
2643 2516 2948 2576 comparat.
2998 2500 3465 2575 quemadmodum

1882 2606 1998 2676 ipse
2031 2605 2158 2660 alibi
2208 2602 2406 2671 inquit,
2455 2600 2601 2671 quod
2649 2615 2776 2669 ager
2826 2598 2897 2651 sit
2937 2596 3184 2659 mundus,
3213 2606 3468 2646 messores

1882 2706 2059 2751 autem
2085 2696 2260 2767 angeli
2283 2695 2349 2748 ".
2403 2692 2558 2747 Mula:
2586 2702 2769 2745 autem
2805 2688 3038 2745 similem
3075 2686 3207 2741 facit
3233 2682 3466 2739 instabi-

1883 2790 1988 2845 lem
2024 2789 2189 2858 hujus
2214 2788 2340 2842 vita:
2370 2785 2722 2847 rotationem,
2761 2792 2817 2837 et
2848 2780 3242 2836 volubilitatem
3274 2791 3471 2831 eorum

1883 2897 2005 2951 quae
2047 2882 2099 2933 in
2132 2894 2197 2933 eo
2242 2878 2399 2938 ﬁunt,
2441 2892 2563 2945 qua:
2594 2875 2737 2929 velut
2785 2873 2943 2927 mola:
2992 2878 3255 2942 perpetuo
3294 2876 3469 2931 motu,

1889 2987 2211 3041 semperque
2265 2968 2595 3024 instabiliter
2643 2964 3154 3027 circumcurrentia,
3208 2968 3263 3015 et
3312 2969 3470 3013 ante—

1889 3080 2055 3135 quam
2095 3063 2282 3117 molita
2307 3062 2439 3126 sint,
2486 3062 2539 3116 in
2581 3059 2743 3114 nobis
2781 3057 2928 3111 aliud
2956 3072 3022 3111 ex
3050 3055 3159 3110 alio
3185 3051 3470 3122 (invicem)

1888 3160 2181 3212 alternant.
2214 3155 2270 3209 In
2297 3171 2362 3209 ea
2394 3169 2526 3210 vero
2548 3153 2860 3207 alternatim
2888 3148 3153 3211 variatus,
3175 3148 3258 3202 vel
3290 3147 3469 3217 potius

1888 3249 1957 3303 ab
1998 3249 2114 3319 ipsa
2164 3246 2403 3310 molitos,
2452 3246 2590 3300 alios
2634 3243 2855 3313 quidem
2903 3239 3285 3303 assumendus,
3332 3238 3472 3291 alios

1886 3353 2015 3393 vero
2044 3336 2452 3405 relinquendos,
2483 3350 2585 3389 nos
2615 3332 2908 3403 signiﬁcat,
2933 3337 3203 3401 quotquot
3231 3328 3299 3382 ab
3329 3326 3474 3379 Ada-

1894 3440 1985 3479 mo
2014 3426 2068 3479 in
2100 3424 2423 3480 hodiernum
2448 3437 2623 3493 usque
2648 3422 2789 3477 diem
2817 3421 3049 3475 molunt.
3076 3422 3253 3488 Atque
3276 3417 3472 3472 horum

1886 3518 2029 3572 alios
2087 3516 2308 3587 quidem
2357 3525 2534 3570 morte
2583 3514 2815 3577 ablatos,
2865 3512 3005 3567 alios
3053 3520 3234 3566 autem
3292 3508 3473 3564 adhuc

1890 3610 2133 3674 relictos,
2166 3608 2221 3664 in
2252 3618 2553 3671 momento,
2582 3608 2637 3662 in
2670 3607 2933 3677 temporis
2964 3614 3167 3677 puncto
3190 3603 3260 3659 ad
3292 3604 3473 3658 incor-

1891 3703 2301 3772 ruptibilitatem
2350 3717 2471 3757 esse
2521 3698 2948 3763 transferendos,
3006 3696 3471 3768 quemadmodum

1890 3794 2070 3865 inquit
2102 3794 2338 3849 eximius
2387 3794 2478 3849 ille
2532 3807 2712 3863 praeco
2754 3790 3094 3859 Apostolus:
3146 3788 3281 3844 Ecce
3326 3788 3471 3843 vobis

1890 3887 2201 3955 mysterium
2233 3886 2349 3939 dico
2372 3901 2390 3938 :
2429 3887 2621 3939 Omnes
2662 3882 2871 3953 quidem
2918 3898 3021 3935 non
3060 3881 3470 3943 obdormiemus,

1889 3994 2069 4031 omnes
2099 3986 2275 4030 autem
2312 3974 2738 4040 immutabimur,
2782 3974 2838 4026 in
2866 3982 3081 4041 puncto,
3126 3973 3182 4025 in
3211 3981 3472 4026 momento

1893 4070 2033 4123 oculi
2058 4070 2127 4123 ad
2154 4077 2443 4122 extremam
2468 4067 2651 4120 tubam
2672 4066 2739 4119 “.
2766 4066 2952 4134 Itaque
2972 4064 3066 4134 qui
3091 4064 3295 4119 mortui
3321 4074 3471 4131 sunt,

1892 4162 2069 4218 instar
2099 4162 2255 4217 mola:
2283 4159 2666 4231 accipiuntur;
2700 4159 2792 4229 qui
2823 4174 2953 4214 vero
2977 4169 3105 4214 sunt
3134 4159 3363 4223 residui,
3388 4174 3475 4213 re-

1896 4254 2239 4323 linquuntur.
2274 4252 2451 4309 Simul
2477 4268 2666 4307 vocem
2707 4252 2903 4307 edente
2931 4261 2986 4306 et
3028 4252 3306 4307 excitante
3346 4251 3474 4307 tuba

1894 4347 2077 4401 divina
2120 4362 2217 4402 eos
2265 4345 2358 4416 qui
2412 4361 2444 4399 a
2493 4345 2693 4400 seculo
2726 4343 3162 4411 obdormierunt,
3210 4360 3337 4399 mox
3388 4344 3479 4400 ille

1896 4439 1989 4509 qui
2024 4452 2202 4507 neque
2236 4438 2469 4494 ﬂectitur
2521 4452 2697 4507 neque
2730 4438 3053 4493 muneribus
3081 4438 3475 4508 corrumpitur.

1896 4530 2152 4600 praesidet
2192 4530 2377 4599 jndex,
2442 4530 2737 4599 unicuique
2796 4531 3096 4586 secundum
3156 4529 3476 4600 dignitatem

1895 4637 2088 4676 eorum
2119 4638 2241 4691 quas
2272 4623 2326 4677 in
2357 4624 2465 4677 vita
2494 4631 2643 4693 gesta
2674 4632 2822 4684 sunt,
2859 4624 3190 4690 retribuens,
3218 4626 3479 4694 quemad-

206 4707 431 4761 modum
484 4706 662 4776 inquit
705 4706 864 4760 divus
910 4706 1002 4761 ille
1051 4705 1348 4776 Apostolus
1389 4726 1403 4761 :
1448 4708 1585 4764 alios
1628 4712 1843 4780 quidem
1900 4716 2191 4771 secundant
2238 4715 2578 4774 tolerantiam
2630 4717 2802 4787 operis
2850 4716 2972 4771 boni
3013 4717 3081 4783 “,
3128 4728 3183 4775 et
3232 4734 3353 4791 qua:
3399 4734 3479 4775 se-

204 4810 474 4874 quuntur.

766 4892 1013 4946 ΠΕΥΣῐΣ
1049 4894 1223 4949 ΡΠΕ’.

282 4985 416 5054 Περὶ
437 4986 597 5040 τίνων
636 4984 781 5052 λέγει
805 4984 835 5035 6
868 4981 1051 5048 Δαϐὶδ,
1080 4984 1398 5052 Ἀνθρακες
1426 4985 1793 5056 ἀνήφθησαν

206 5078 310 5131 ἀπ’
338 5078 525 5133 αὐτοῦ
544 5098 561 5143 ;

832 5173 1184 5243 Ἀπόκρισις.

284 5261 357 5314 Τὸ
384 5262 535 5315 Θετον
578 5263 859 5335 πολλαχῶς
900 5268 999 5337 τῆς
1034 5268 1182 5331 θείας
1228 5267 1450 5339 Γραφῆς
1479 5265 1590 5337 πῦρ
1630 5265 1792 5321 ἄῦλον

208 5354 672 5425 κατονομάζεται·
698 5359 754 5410 αἱ
782 5353 876 5410 οὗν
901 5359 1009 5412 τῶν
1036 5359 1280 5428 ἀγγέλων
1307 5362 1534 5431 χορεῖαι,
1569 5360 1660 5412 καὶ
1683 5359 1792 5411 τῶν

208 5446 432 5505 δικαίων
464 5450 521 5501 αἱ
551 5449 741 5518 ψυχαὶ,
775 5454 841 5520 τῇ
872 5451 961 5505 διά
994 5452 1362 5524 καθαρότητος
1388 5451 1523 5522 πρὸς
1549 5451 1640 5504 τὸν
1661 5450 1793 5504 Θεὸν

210 5537 509 5609 ὲγγύτητι,
557 5541 978 5613 ἐκφλογούμενοι
1021 5543 1291 5616 ἄνθρακες
1347 5544 1571 5608 εἰκότως
1621 5561 1792 5615 προσ-

2253 4894 2767 4953 INTERROGATIO
2806 4898 3114 4954 CLXXXV.

1973 4987 2049 5042 De
2083 4988 2284 5057 quibus
2326 4990 2502 5062 inquit
2542 4990 2794 5059 Davides,
2824 4990 3086 5049 Carbones
3120 4998 3327 5051 accensi
3355 5008 3478 5053 sunt

1900 5078 1964 5137 ab
1994 5095 2054 5132 eo
2081 5079 2168 5133 ιιι

2538 5177 2842 5247 Responsio.

1972 5260 2157 5319 Multis
2180 5263 2233 5318 in
2254 5263 2390 5320 locis
2412 5281 2583 5321 sacrae
2608 5266 2905 5338 Scriptum
2932 5269 3096 5335 Deus,
3122 5270 3263 5341 ig'nis
3285 5288 3481 5342 expers

1901 5354 2145 5409 materiei
2196 5357 2639 5426 cognominatur.
2675 5361 3007 5431 Angelorum
3048 5365 3211 5432 igitur
3246 5366 3398 5419 chori
3429 5375 3482 5421 et

1900 5450 2099 5505 anima:
2123 5448 2423 5516 justorum,
2462 5452 2865 5523 propinquitate
2892 5456 2959 5510 ad
2992 5454 3160 5510 Deum
3208 5472 3305 5527 per
3330 5458 3483 5528 puri-

1905 5552 2093 5611 tatem,
2156 5544 2479 5600 inllammati
2531 5548 2797 5603 carbones
2851 5550 3048 5603 merito
3117 5550 3483 5618 appellantur,

287 5716 581 5793 “__(_)se_e_u.
612 5719 667 5793 2.
697 5790 726 5793 _
747 5721 791 5752 ³⁷
816 5719 1016 5793 Jerem.
1042 5739 1191 5779 xui.
1214 5724 1301 5782 5⁵2,
1325 5738 1433 5778 sec.
1463 5722 1628 5780 LXX.
1706 5725 1751 5759 ⁸⁸

1892 5726 1976 5781 tit.
2010 5743 2154 5791 XMV,
2182 5726 2270 5793 40,
2305 5726 2394 5780 Η.
2472 5727 2515 5758 ³⁹
2560 5726 2746 5781 llatth.
2783 5743 2900 5793 xm,
2964 5727 3052 5792 38,
3088 5727 3177 5784 39.
3236 5727 3281 5758 ⁸ο
3308 5727 3324 5781 I
3356 5726 3483 5781 Cora

219 5802 306 5852 xv,
330 5787 417 5850 5|,
452 5790 538 5845 5‘2.
618 5790 659 5822 δ’
697 5790 852 5845 Rom.
881 5792 943 5855 ll,
976 5794 1028 5845 7.
1104 5794 1148 5825 δ’
1180 5793 1317 5849 Psal.
1372 5812 1504 5860 xm,
1554 5800 1609 5855 9.

379 5884 650 5944 Parum.
687 5885 804 5945 (In.
842 5885 1203 5948 XXXVIII.

3171 5889 3248 5949 37
