4006 6386
532 246 670 304 1163

527 365 704 420 instar
733 363 1081 418 luminarium
1113 364 1165 417 in
1197 364 1400 419 mundo
1426 363 1692 430 lucentes,
1723 365 1948 420 verbum
1973 366 2096 419 vita:

529 456 899 512 continentes.
920 454 1201 525 Duplicem
1218 456 1362 510 enim
1386 457 1591 511 scimus
1612 458 1751 528 ignis
1767 458 1874 513 vim
1894 469 1950 514 et
1965 457 2095 513 eﬂ'e-

530 555 702 613 ctum,
754 547 1074 602 adurentem
1128 559 1182 603 et
1227 549 1660 616 illuminantem;
1710 565 1835 606 vere
1878 552 2097 620 quidem

530 639 918 708 attingentibus
966 639 1384 706 illuminantem,
1421 644 1772 712 contemptim
1821 653 2000 698 autem
2046 651 2120 708 et;

531 729 796 798 intrepide
823 731 1140 786 adurentem
1172 743 1225 788 et
1273 745 1617 806 purgantem.
1666 734 1799 788 Nam
1837 737 2100 791 immode-

530 831 644 874 rata
679 821 798 890 ejus
831 823 1208 893 prOpinquitas
1241 826 1367 890 urit,
1416 827 1707 883 mediocris
1734 844 1861 883 vero
1893 830 2101 884 distan-

531 914 602 966 tia
645 913 936 969 illuminat.
978 915 1250 972 Plurimos
1296 919 1442 972 enim
1495 920 1828 974 ineurabiles
1877 923 2100 976 morbos

529 1005 769 1058 cauterio
806 1006 1098 1074 reprimere
1130 1008 1302 1063 solent
1341 1010 1497 1078 periti
1526 1011 1718 1065 medici
1750 1030 1762 1065 :
1803 1012 1928 1066 licet
1956 1011 2100 1066 Deus

528 1111 636 1149 non
667 1097 876 1166 perdat,
915 1099 1006 1152 sed
1037 1099 1193 1152 aliter
1226 1100 1421 1154 conﬂet
1451 1111 1503 1155 et
1535 1112 1786 1172 repurget
1813 1119 1842 1157 a
1870 1104 2101 1173 turpitu-

527 1190 654 1243 dine
687 1192 740 1242 in
771 1191 937 1259 gestis
970 1194 1098 1244 'vitae
1127 1201 1405 1247 contracta
1433 1211 1445 1246 :
1479 1195 1526 1249 si
1556 1195 1772 1264 quidem
1799 1212 1894 1265 per
1919 1196 2097 1266 pumi-

530 1284 753 1335 tentiam
783 1284 848 1336 ad
881 1285 1216 1336 curationem
1253 1301 1555 1354 propensus
1578 1295 1660 1341 est
1688 1287 1756 1352 is,
1785 1290 1878 1356 qui
1905 1287 2097 1341 morbo

529 1384 762 1428 tenetur.
793 1373 887 1428 Sin
921 1385 1100 1429 autem
1135 1376 1385 1432 inﬁrmus
1411 1394 1477 1432 ex
1506 1381 1605 1432 hac
1636 1378 1964 1432 lamentabili
1988 1377 2096 1432 vita

528 1466 844 1530 excesserit,
871 1465 1048 1518 uritur
1066 1465 1312 1534 quidem,
1345 1476 1399 1520 at
1427 1482 1534 1521 non
1563 1467 1921 1533 comburitur,
1953 1483 2097 1522 sem-

526 1558 736 1624 piterne
776 1557 896 1624 igne
948 1556 1132 1610 divino
1163 1558 1461 1621 cruciatus,
1513 1560 1568 1611 in
1620 1558 1916 1612 immortali
1950 1560 2096 1614 dein-

527 1664 658 1718 ceps
709 1657 763 1701 et
810 1649 1202 1718 incorruptibili
1261 1665 1507 1718 corpore.
1556 1649 1768 1718 Oportet
1817 1653 1954 1704 enim
2002 1651 2097 1704 hoc

529 1743 867 1811 corruptibile
886 1743 1099 1795 induere
1116 1744 1684 1812 incorruptibilitatem,
1699 1754 1746 1797 et
1770 1745 1864 1798 hoc
1879 1745 2098 1798 mortale

526 1835 745 1887 induere
787 1835 1242 1888 immortalitatem
1265 1836 1339 1901 ‘3;
1379 1847 1434 1889 ut
1475 1847 1696 1906 reportet
1746 1839 2097 1908 unusquisque

527 1928 666 1996 quod
698 1927 854 1995 gessit
903 1942 998 1990 per
1029 1943 1214 1994 corpus
1239 1928 1306 1990 “,
1355 1928 1528 1997 tnquit
1556 1929 1787 1984 eximius
1823 1929 1909 1982 ille
1953 1929 2096 1998 Apo-

527 2019 722 2075 stolus.
769 2016 954 2086 Itaque
984 2019 1072 2073 hic
1115 2028 1198 2074 est
1233 2028 1444 2089 tempus
1484 2022 1782 2087 medicinae,
1821 2022 1931 2077 illic
1977 2024 2097 2076 red-

527 2113 716 2167 dendae
759 2111 1028 2166 rationis:
1085 2112 1173 2166 liic
1222 2115 1492 2179 sanitatis,
1530 2116 1639 2169 illic
1684 2116 1977 2184 supplicii;
2011 2115 2098 2170 hic

526 2205 724 2260 divinae
756 2203 1187 2274 longanimitatis
1231 2215 1446 2276 tempus
1479 2217 1582 2270 est,
1628 2207 1738 2262 illic
1771 2207 2096 2263 inevitabilis

529 2305 582 2351 et
606 2296 731 2351 =usti
769 2294 976 2364 iudicii.

865 2385 1379 2446 INTERROGATIO
1418 2387 1745 2446 CLXXXVI.

599 2477 884 2542 Quomodo
906 2481 1248 2551 intelligitur,
1273 2482 1430 2549 cujus
1453 2480 1698 2534 meminit
1722 2478 2092 2552 Evangelium.

531 2586 557 2626 ιλ
595 2572 744 2625 curis
770 2569 1118 2642 infrugii‘eras
1151 2572 1372 2626 arbores
1400 2569 1758 2625 exscindens?

1163 2658 1465 2728 Responsio.

600 2751 982 2822 Inb-ugiferum
1027 2750 1340 2806 Judazorum
1373 2767 1600 2807 cernens
1629 2753 1928 2808 voluntatis
1966 2768 2092 2821 pro.

529 2843 770 2912 positum
795 2841 1054 2905 Joannes,
1086 2842 1422 2911 inl‘rugiferis
1453 2843 1739 2897 arboribus
1772 2845 1919 2913 ipsos
1957 2847 2094 2898 assi-

528 2935 773 3000 milavit,
836 2935 903 2988 ad
969 2935 1206 2988 radicem
1282 2933 1500 2988 illorum
1559 2935 1790 3002 positam
1859 2934 2094 2988 securim

529 3027 859 3081 denuntians
886 3027 966 3092 ⁸⁵,
1014 3026 1229 3079 brevem
1277 3037 1331 3080 et
1387 3034 1600 3078 acutam
1649 3025 1880 3079 viventis
1933 3023 2093 3077 Verbi

527 3118 938 3175 discretionem.
995 3133 1102 3185 qua
1143 3117 1324 3169 omnis
1376 3116 1536 3169 arbor
1580 3130 1686 3168 non
1731 3115 1934 3169 faciens
1977 3114 2092 3167 fru-

531 3218 678 3263 ctum
727 3208 953 3264 bonum.
1005 3207 1342 3260 exscindilur
1386 3216 1439 3258 et
1490 3208 1541 3259 in
1584 3206 1759 3276 ignem
1791 3207 2093 3275 projicitur.

534 3301 650 3356 l'luc
677 3303 801 3354 item
831 3300 1002 3354 tendit
1027 3299 1187 3353 divus
1215 3299 1532 3367 Apostolus,
1574 3301 1667 3368 qui
1693 3300 1901 3369 inquit:
1944 3299 2099 3354 Vit-us

529 3403 606 3447 est
628 3409 796 3447 sermo
829 3391 924 3445 Dei
955 3402 1004 3446 et
1034 3394 1229 3462 efﬁcax,
1264 3401 1312 3443 et
1336 3395 1692 3459 penetrantior
1718 3393 1898 3463 quovis
1922 3392 2099 3460 gladio

531 3482 777 3551 utrinque
832 3481 1192 3556 incidente":
1259 3479 1635 3534 dissectriccm
1701 3479 2100 3549 praedicationis

534 3573 786 3624 virtutem
830 3570 1164 3640 signiﬁcans.

848 3655 1362 3713 INTERROGATIO
1424 3655 1782 3712 CLXXXVII.

600 3750 741 3818 Quid
770 3752 1038 3806 Dominus
1065 3751 1352 3822 signiﬁcat.
1390 3767 1513 3804 cum
1545 3751 1754 3817 inquit:
1791 3749 1952 3818 Cujus
1976 3769 2100 3804 ven-

532 3841 782 3892 tilabrum
821 3842 874 3892 in
904 3857 1063 3893 manu
1112 3840 1245 3908 ejus,
1285 3850 1333 3893 et
1365 3838 1660 3908 repurgabit
1703 3855 1881 3891 aream
1913 3855 2098 3902 suam;

529 3939 578 3982 et
604 3931 837 3982 triticum
886 3931 1096 3999 quidem
1129 3929 1463 4011 congregab’it
1507 3929 1560 3980 in
1597 3928 1861 3993 horreum,
1891 3929 2098 3997 paleam

530 4033 705 4076 autem
737 4023 1000 4076 comburat.
1033 4023 1140 4092 igni
1181 4021 1600 4091 inexstiuguibili
1621 4021 1708 4072 ‘7?

1161 4112 1466 4182 Responsio.

603 4203 973 4259 Ventila‘brum
1005 4203 1136 4257 mihi
1169 4203 1379 4257 videtur
1422 4204 1793 4271 incorruptum
1832 4202 1922 4258 Dei
1955 4204 2100 4274 judi-

529 4298 697 4363 cium,
762 4294 1232 4364 unumquemlibet
1283 4294 1438 4362 quasi
1497 4309 1591 4362 per
1651 4294 1822 4363 legem
1887 4294 1979 4348 Dei
2031 4296 2098 4348 ad

531 4397 927 4458 congruentem
979 4387 1083 4441 sibi
1116 4388 1413 4441 secundum
1461 4393 1611 4455 gesta
1642 4385 1767 4438 vitae
1801 4386 1978 4439 locum
2015 4402 2098 4440 se-

530 4493 779 4532 cernens.
813 4477 1006 4530 Aream
1032 4489 1211 4529 autem
1244 4476 1484 4546 intelligo
1510 4477 1885 4529 universorum
1921 4492 2093 4546 popu-

530 4572 707 4623 lorum
756 4572 808 4623 in
850 4581 1112 4623 terrarum
1145 4569 1276 4620 orbe
1323 4566 1644 4630 Ecclesium,
1679 4580 1732 4622 et
1759 4584 1822 4621 ex
1869 4569 2096 4623 mortuis

442 4664 445 4665 ⁷
532 4664 912 4716 universorum
940 4659 1217 4713 hominum
1255 4659 1745 4720 resurrectionem;
1780 4660 1833 4711 in
1865 4675 1971 4729 qua
2003 4674 2098 4714 eos

529 4756 748 4823 quidem
790 4754 883 4822 qui
914 4762 1042 4808 sunt
1087 4754 1258 4805 instar
1288 4751 1453 4819 paleae
1487 4760 1539 4805 et
1573 4751 1872 4817 instabiles,
1903 4753 2097 4821 quovis

531 4860 691 4898 vento
720 4846 923 4915 peccati
949 4843 1158 4913 jactati,
1186 4851 1239 4895 et
1272 4842 1414 4897 leves
1446 4852 1498 4896 et
1523 4840 1827 4912 infrugiferi
1856 4841 2096 4907 fuerunt,

531 4938 703 4988 instar
748 4933 1034 4988 ventilabri
1085 4935 1358 4987 decretum
1397 4933 1639 4986 divinum
1675 4933 1729 4986 in
1762 4935 1939 5003 ignem
1987 4935 2099 4988 ele-

529 5037 620 5082 vat
647 5027 713 5082 ad
759 5037 1022 5082 aeternum
1068 5026 1396 5081 incendium.
1442 5024 1544 5090 Qui
1597 5041 1726 5078 vero
1775 5026 1920 5080 velut
1958 5026 2099 5080 triti-

529 5140 652 5177 cum
715 5123 1010 5178 nutritores
1081 5121 1455 5190 proximorum
1516 5118 1771 5185 fuerunt,
1827 5129 1882 5175 et
1952 5132 2097 5176 recte

527 5217 784 5270 virtutem
827 5213 1186 5281 perfecerunt,
1223 5211 1344 5263 illos
1385 5211 1440 5263 in
1490 5209 1745 5262 horreum
1792 5220 2097 5280 comportat

529 5302 884 5372 conveniens,
905 5300 1050 5373 quod
1072 5309 1124 5355 et
1152 5300 1489 5353 mansionem
1513 5298 1803 5352 salutarem
1836 5302 2093 5370 appellat.

1620 250 1677 304 S.
1713 244 2010 304 CAESAR"
2054 243 2384 304 GREGORII
2412 245 2724 304 ,FRATRIS

3666 244 3819 299 ιισι

2192 367 2561 437 ἀγορεύονται,
2593 367 2894 436 φωστήρων
2926 365 3082 434 δίκην
3115 367 3173 418 ἐν
3214 365 3406 434 κόσμῳ
3435 362 3815 433 φαινόμενοι,

2191 459 2346 528 λόγον
2379 461 2525 531 ζωῆς
2550 461 2859 532 ἐπέχοντες.
2895 459 3090 529 Διττῆς
3128 457 3236 530 γὰρ
3275 459 3435 528 ἴσμεν
3469 456 3578 510 τοῦ
3623 455 3817 526 πυρὸς

2190 551 2490 622 ἐνεργείας,
2532 551 2828 606 καυστικόν
2860 567 2958 614 τε,
3003 550 3095 604 καὶ
3140 550 3505 618 φωτιστικόν·
3563 552 3696 611 τοῖς
3757 547 3817 600 δὲ

2189 642 2355 706 ὅντως
2380 643 2633 713 ψαύουσι,
2660 642 2987 711 φωτιστικόν
3011 659 3024 672 ·
3055 644 3166 704 τοῖς
3201 641 3258 694 δὲ
3285 640 3673 712 καταφρόνως
3713 639 3817 691 καὶ

2189 733 2379 800 ἀδεῶς,
2395 734 2687 788 καυστικὸν
2715 734 2809 788 καὶ
2840 733 3171 804 καθαρτικόν
3193 750 3205 762 ⁸
3225 733 3258 803 ἠ
3279 733 3520 804 ἄμετρος
3541 732 3668 802 γὰρ
3704 733 3814 784 αὐ-

2187 825 2280 877 τοῦ
2315 826 2551 896 ὲγγύτης
2582 829 2847 897 καυστική
2868 844 2882 858 ο
2917 831 2950 897 ἡ
2983 827 3037 880 δὲ
3066 826 3261 896 μετρία
3293 826 3592 887 διάστασις
3625 842 3810 892 φωτι-

2189 919 2346 989 στική
2372 934 2387 950 ο
2423 918 2650 972 πλεῖστα
2683 919 2790 990 γὰρ
2836 920 2942 973 τῶν
2980 920 3247 972 δυσιάτων
3279 917 3471 971 παθῶν
3500 918 3811 986 καυστῆρι

2187 1009 2534 1064 ἀναστέλλειν
2558 1012 2862 1076 πεφύκασιν
2891 1013 2940 1064 οἱ
2969 1012 3067 1080 τῆς
3094 1012 3340 1081 ἰατρικῆς
3371 1011 3774 1080 ἐπιστήμονες
3794 1025 3809 1038 ⁸

2185 1101 2281 1153 καὶ
2295 1103 2342 1153 εί
2362 1101 2417 1154 δὲ
2445 1103 2505 1156 τὸ
2526 1103 2680 1157 Θεῖον
2697 1104 2796 1156 οὐκ
2813 1103 3116 1163 ἀπολλύων,
3138 1103 3274 1157 ἀλλά
3299 1100 3690 1173 ἀναχωνεύων
3709 1102 3811 1152 καὶ

2187 1191 2572 1263 ἀποκαθαίρων
2597 1195 2689 1246 τοῦ
2716 1195 2937 1263 αἴσχους
2957 1194 3064 1246 τῶν
3095 1193 3471 1263 βεϐιωμένων,
3501 1193 3684 1257 εἰπερ
3713 1189 3812 1242 διὰ

2201 1275 2485 1366 μετανοίας
2519 1278 2655 1347 πρὸς
2679 1282 2918 1352 ἀκεσμὸν
2963 1285 3115 1354 ῥέψει
3149 1289 3176 1340 ὁ
3201 1289 3276 1359 τῷ
3310 1292 3473 1344 πάθει
3505 1310 3816 1366 nupsit?

2201 1365 2360 1432 μένος
2383 1383 2395 1395 ·
2426 1370 2475 1420 εἰ
2500 1369 2543 1421 δ’
2575 1371 2812 1424 ἀσθενῶν
2848 1374 3069 1430 ἀπέλθοι
3108 1379 3207 1448 τῆς
3238 1381 3522 1453 παρούσης
3575 1385 3815 1454 ίαλίμου

2198 1454 2361 1526 ζωῆς,
2386 1457 2597 1512 καίεται
2623 1461 2739 1530 μὲν,
2772 1463 2832 1515 ού
2861 1467 3214 1521 κατακαίεται
3235 1469 3312 1530 δὲ,
3344 1472 3535 1535 ἀϊδίως
3558 1471 3648 1543 τῷ
3672 1475 3814 1546 Θείῳ

2198 1547 2330 1616 πυρὶ
2354 1547 2776 1619 τιμωρούμενος,
2813 1555 2870 1605 ὲν
2900 1555 3150 1628 ἀθανάτῳ
3181 1560 3364 1614 λοιπὸν
3388 1565 3483 1615 καὶ
3518 1564 3812 1637 ἀφθάρτῳ

2207 1639 2436 1711 σώματι.
2483 1642 2586 1696 Δεῖ
2606 1644 2714 1712 γὰρ
2759 1646 2825 1699 τὸ
2869 1649 3134 1715 φθαρτὸν
3179 1653 3354 1706 τοῦτο
3402 1655 3811 1725 ἐνδύσασθαι

2203 1732 2564 1800 ἀφθαρσίαν,
2599 1737 2696 1788 καὶ
2721 1739 2781 1788 τὸ
2807 1739 3027 1805 θνητὸν
3047 1740 3220 1795 τοῦτο
3241 1743 3632 1801 ἐνδύσασθαι
3658 1750 3812 1803 d941-

2202 1825 2454 1877 νασίαν·
2504 1826 2603 1878 ἵνα
2643 1830 2958 1898 κομίσηται
3002 1832 3256 1900 ἕκαστος
3293 1837 3448 1904 πρὸς
3479 1839 3519 1891 ἀ
3564 1841 3812 1910 ἔπραξε

2202 1913 2301 1968 διὰ
2326 1917 2430 1970 τοῦ
2457 1917 2748 1987 σώματος,
2791 1923 2952 1991 φησιν
2982 1923 3008 1974 ὀ
3041 1925 3239 1995 ὑψηλὸς
3286 1927 3646 1994 Ἀπόστολος.
3694 1934 3811 1985 Ἑν-

2202 2005 2373 2059 ταῦθα
2417 2003 2508 2060 οῦν
2564 2009 2794 2081 ὑπάρχει
2844 2012 2910 2064 τὰ
2947 2013 3046 2082 τῆς
3100 2015 3358 2085 ἰατρείας,
3403 2019 3527 2071 ἐκεῖ
3568 2021 3649 2073 τὰ
3699 2023 3806 2090 τῆς

2203 2096 2496 2164 ἀπολογίας
2518 2113 2531 2128 ⁸
2567 2100 2797 2153 ἐνταῦθα
2837 2102 2906 2154 τά
2935 2104 3031 2174 τῆς
3059 2105 3286 2172 ὑγιείας,
3325 2109 3444 2161 ἐκεῖ
3469 2110 3541 2164 τὰ
3579 2113 3690 2181 τῆς
3719 2131 3804 2165 τι-

2206 2189 2413 2260 μωρίας
2432 2206 2446 2220 ·
2473 2191 2706 2246 ἐνταῦθα
2735 2193 2806 2246 τὰ
2833 2195 2930 2263 τῆς
2958 2196 3108 2260 θείας
3143 2201 3547 2271 μακροθυμίας,
3581 2206 3712 2257 ἐκεῖ
3735 2208 3809 2259 1'1

2201 2281 2302 2344 τ’ῖις
2334 2281 2583 2346 ἀκλινοῦς
2619 2283 3030 2355 δικαιοκρισίας.

2753 2377 3002 2430 ΠΕΥΣΙΣ
3035 2381 3219 2446 Ριιςι.

2272 2463 2398 2528 Πῶς
2435 2467 2634 2520 νοεῖται
2687 2467 2781 2538 ἥδε
2827 2469 2884 2520 ὲν
2930 2472 3042 2533 τοῒς
3082 2472 3429 2542 Εύαγγελίοις
3481 2477 3679 2549 ἀξίνη,
3734 2481 3809 2534 τὰ

2200 2555 2427 2625 ἄκαρπα
2451 2557 2792 2612 ἐκκόπτουσα
2815 2575 2829 2624 ;

2817 2650 3177 2720 Ἀπόκρισις.

2273 2741 2382 2810 Τὴν
2418 2739 2665 2811 ἄκαρπον
2700 2742 2966 2796 Ἰουδαίων
2993 2744 3209 2816 θεωρῶν
3251 2749 3505 2822 Ἰωάννης
3536 2755 3809 2825 προαίρεο

2205 2848 2309 2893 σιν,
2358 2836 2542 2900 φυτοῖς
2587 2834 2860 2905 ἀκάρποις
2904 2836 3097 2900 αὐτοὺς
3153 2839 3439 2906 ἀπείκασε,
3496 2845 3651 2915 πρὸς
3705 2847 3806 2916 τὴν

2208 2922 2362 2991 ῥίζαν
2394 2923 2570 2976 αὐτῶν
2603 2925 2812 2978 κεῖσθαι
2851 2925 2947 2998 τὴν
2996 2927 3183 3000 ἀξίνην
3211 2931 3670 3003 ἀποφηνάμενος,
3704 2939 3805 2999 τὴν

2206 3013 2466 3084 σύντομον
2510 3017 2602 3069 καὶ
2641 3017 2984 3089 τεθηγμένην
3025 3020 3119 3073 τοῦ
3149 3021 3348 3086 ζῶντος
3377 3026 3558 3092 Λόγου
3583 3028 3802 3098 διαίρε-

2206 3119 2321 3156 σιν·
2369 3101 2550 3176 ὑφ⁹ἦς
2585 3109 2690 3162 πᾶν
2735 3109 2948 3180 δένδρον
2985 3113 3058 3181 μὴ
3099 3115 3282 3166 ποιοῦν
3327 3116 3543 3186 καρπὸν
3601 3120 3802 3180 σίαλον,

2205 3195 2547 3262 ἐκκόπτεται,
2583 3197 2677 3249 καὶ
2715 3199 2794 3261 εἰς
2845 3199 2954 3271 πῦρ
3001 3200 3270 3269 βάλλεται.
3322 3205 3464 3274 Πρὸς
3524 3207 3699 3260 τοῦτο
3746 3211 3802 3262 δὲ

2201 3286 2381 3357 φέρων
2407 3288 2500 3339 καὶ
2527 3283 2680 3351 αὖθις
2713 3291 2740 3341 ὁ
2774 3289 2913 3353 θεῖος
2951 3292 3264 3356 Ἀπόστολός
3293 3312 3479 3364 φησιν,
3513 3297 3663 3352 Ζῶν
3691 3303 3799 3368 τὰρ

2202 3381 2234 3430 ὁ
2265 3382 2445 3448 λόγος
2482 3380 2586 3433 τοῦ
2630 3381 2798 3443 Θεοῦ,
2828 3384 3094 3453 ἐνεργὴς,
3129 3386 3226 3438 καὶ
3268 3387 3606 3456 τομώτερος
3643 3395 3800 3458 ὑπὲρ

2206 3467 2406 3522 πᾶσαν
2425 3470 2728 3540 μάχαιραν
2768 3472 3075 3543 δίστομον,
3111 3478 3208 3546 τὴν
3252 3480 3532 3550 τμητικὴν
3572 3483 3679 3534 τοῦ
3705 3501 3800 3553 an;

2206 3560 2478 3632 ρύγματος
2502 3563 2676 3633 δηλῶν
2714 3563 2961 3635 δύναμιν.

2764 3658 3010 3710 ΠΕΥΣΙΣ
3046 3661 3217 3714 ΡΠΖ’.

2271 3744 2336 3796 Τί
2369 3746 2619 3816 σημαίνει
2649 3747 2678 3798 ὁ
2706 3747 2906 3817 Κύριος
2929 3749 3121 3816 λέγων,
3163 3747 3245 3805 Οὗ
3288 3752 3355 3805 τὸ
3381 3754 3596 3809 πτύειν
3617 3756 3697 3810 ἐν
3731 3756 3802 3824 τῇ

2203 3836 2353 3904 χειρὶ
2396 3838 2601 3899 αὐτοῦ,
2641 3839 2737 3892 καὶ
2784 3839 3148 3908 διακαθαριεῖ
3181 3843 3292 3904 τὴν
3342 3844 3561 3898 ἅλωνα
3580 3850 3799 3913 αὐτοῦ,

2202 3929 2298 3980 καὶ
2327 3929 2432 3982 τὸν
2458 3929 2573 3997 μὲν
2598 3929 2770 3982 σῖτον
2801 3930 3052 3995 συνάξει
3079 3934 3166 3997 είς
3197 3932 3311 4000 τὴν
3338 3934 3709 4006 ἀποθήκην,
3739 3939 3801 3993 τὸ

2203 4019 2270 4072 δὲ
2309 4018 2537 4088 ἄχυρον
2570 4022 2936 4075 κατακαύσει
2961 4022 3102 4088 πιιρὶ
3131 4024 3438 4091 ἀσϐέστῳ;

2812 4113 2868 4164 Ἀ
2878 4112 3171 4178 πόπρισις.

2272 4198 2445 4252 Πτύον
2479 4216 2566 4269 μοι
2591 4198 2737 4251 δοκεῖ
2759 4201 2790 4270 ἡ
2817 4199 3107 4263 ἀδέκαστος
3135 4201 3228 4254 τοῦ
3255 4201 3388 4254 Θεοῦ
3423 4205 3646 4274 κρίσις,
3677 4207 3805 4262 ἕκα-

2203 4307 2325 4342 στον
2352 4286 2460 4344 οἷον
2488 4289 2573 4341 διὰ
2611 4290 2774 4360 νόμου
2822 4289 2917 4342 τοῦ
2957 4290 3090 4343 Θεοῦ
3135 4292 3270 4362 πρὸς
3301 4294 3402 4364 τὴν
3446 4297 3806 4370 κατάλληλον

2199 4379 2308 4432 τῶν
2335 4377 2676 4448 βεϐιωμένων
2709 4377 2890 4450 χώραν
2912 4379 3294 4451 ἀποκρίνουσα.
3329 4382 3560 4438 Ἀλωνα
3587 4387 3650 4439 δὲ
3675 4390 3803 4445 νοεῖ),

2197 4474 2296 4544 τὴν
2334 4472 2612 4543 πάνδημον
2656 4473 2755 4541 τῆς
2794 4473 3113 4545 οἰκουμένης
3153 4475 3497 4544 Ἐκκλησίαν,
3554 4481 3660 4532 καὶ
3705 4483 3805 4550 τὴν

2198 4567 2262 4617 ὲκ
2299 4563 2506 4635 νεκρῶν
2552 4564 2942 4635 πανάνθρωπον
2974 4567 3262 4620 ἀνάστασιν
3285 4583 3300 4597 ο
3331 4569 3388 4619 ὲν
3499 4572 3647 4636 τοὺς
3703 4574 3804 4643 μὲ)

2199 4655 2522 4730 ἀχυρώδεις,
2547 4657 2640 4708 καὶ
2676 4657 2950 4724 εὑρίπους,
2984 4659 3141 4711 παντὶ
3165 4660 3347 4730 ἀνέμῳ
3385 4661 3686 4731 ἁμαρτίας
3716 4669 3800 4733 ῥι-

2200 4747 2508 4809 πισθέντας,
2549 4748 2641 4800 καὶ
2691 4747 2923 4817 κούφους
2970 4751 3062 4801 καὶ
3098 4750 3378 4820 ἀκάρπους
3421 4755 3799 4823 γενομένους,

2203 4841 2369 4891 πτύου
2415 4839 2567 4909 δίκην
2689 4840 2805 4892 θεία
2836 4840 3013 4910 ψῆφος
3063 4841 3139 4910 τῷ
3173 4842 3302 4911 πυρὶ
3352 4843 3691 4909 διαπετὰζει
3723 4849 3800 4910 εἰς

2201 4933 2393 4986 καῦσιν
2423 4931 2636 4985 αἰώνιον
2656 4947 2670 4963 ⁶
2708 4936 2833 4994 τοὺς
2860 4933 2915 4985 δὲ
2947 4934 3036 4986 ἴσα
3083 4934 3255 5004 πυροῦ
3290 4933 3637 5005 θρεπτικοὺς
3688 4942 3802 5002 τοῖς

2199 5025 2367 5086 πέλας
2415 5024 2760 5092 γενομένους,
2807 5024 2899 5075 καὶ
2944 5023 3142 5095 ἀρετὴν
3195 5023 3612 5093 εὐθυνήσαντας
3662 5029 3798 5095 (ΙΞ),

2198 5121 2277 5179 εἰς
2305 5117 2586 5186 ἀποθήκην
2625 5115 2942 5184 συγκομίζει
2971 5116 3332 5186 κατάλληλον·
3369 5116 3438 5183 ἣν
3482 5118 3590 5170 καὶ
3627 5120 3801 5188 μονὴν

2199 5207 2590 5280 προσαγορεύει
2640 5207 2919 5276 σωτήριον.
2979 5207 3124 5259 Ἐκεῖ
3173 5207 3282 5278 γὰρ
3323 5206 3494 5270 ὄντως
3544 5208 3794 5279 ὑπᾶρχεν

2206 5303 2236 5369 ἡ
2273 5300 2404 5370 μονὴ
2456 5287 2630 5369 ἡμῶν.
2666 5299 2731 5351 'H
2759 5299 2865 5370 γὰρ
2894 5299 3142 5371 παροῦσα
3182 5299 3292 5370 ζωὴ
3337 5300 3398 5352 οὗ
3437 5317 3613 5371 μονη,
3664 5302 3799 5354 am

596 5461 843 5519 “ICor.
890 5478 982 5524 xv,
1036 5460 1120 5514 5'5.
1197 5458 1243 5492 “
1280 5457 1320 5512 II
1350 5460 1473 5513 Cor.
1511 5475 1561 5521 v,
1601 5459 1687 5512 ιο.
1767 5459 1810 5491 ⁵⁵
1855 5460 2042 5518 Matth.

2231 5466 2318 5520 IO.
2397 5465 2441 5494 “
2470 5463 2602 5518 Hel).
2643 5481 2714 5524 tv,
2752 5465 2838 5518 I2.
2915 5466 2958 5494 "
3007 5463 3195 5516 Matth.
3234 5478 3314 5528 ιιι,
3355 5463 3438 5516 ιῖ.

602 5602 713 5671 (12)
741 5599 1234 5671 Εὐθυνήσαντας.
1282 5597 1582 5671 Coteierius
1643 5596 1880 5671 Monum.
1907 5595 2087 5671 __Erel.

532 5667 622 5726 Gr:
655 5667 783 5726 tom.
822 5671 886 5732 II.
920 5686 1040 5739 pag.
1075 5670 1197 5732 557,
1233 5669 1608 5740 corrigendum
1644 5670 1836 5722 statuit
1867 5667 2092 5740 εὐθηνή-

526 5759 744 5808 σαντας,
775 5753 825 5797 et
859 5738 1048 5808 virtute
1086 5740 1440 5796 abundaruut.
1481 5738 1695 5796 Videsis
1754 5738 2090 5794 eruditorum

2197 5601 2602 5728 gbser-vationes
2659 5602 2725 5658 ad
2759 5600 3087 5673 llesycbium
3136 5602 3344 5658 noviss.
3391 5601 3532 5658 edit.
3577 5617 3639 5657 ν.
3684 5604 3794 5657 Εἰπ-

2239 5689 2415 5726 υνων.

2239 5691 2272 5726 υ
2278 5689 2415 5725 νων.
