4006 6386
143 390 286 449 1165

141 505 315 576 σκηνή
360 522 447 576 μοι
492 503 659 567 δοκεῖ,
698 502 881 573 σῦντῇ
927 501 1087 572 πήξει
1121 502 1317 573 ἔχουσα
1347 498 1439 552 καὶ
1457 496 1554 567 τὴν
1583 496 1721 549 καθ-

139 597 375 649 αίοεσιν.

702 867 952 921 ΠΕΥΣΙΣ
990 871 1169 923 PIIH'.

224 960 504 1031 Ἀφορμὴν
546 961 610 1012 ἐκ
650 960 748 1029 τῆς
796 960 1138 1030 ἀποκρίσεως
1180 958 1456 1021 λαϐόντες,
1497 958 1729 1029 δεόμεθά

145 1070 243 1106 σου
268 1054 463 1114 εἰπεῖν,
492 1051 579 1103 διὰ
607 1053 657 1103 τί
688 1052 795 1103 τῶν
821 1051 1125 1120 ἐκκλησιῶν
1160 1049 1417 1111 πολλάκις
1442 1050 1536 1101 καὶ
1570 1052 1727 1103 εὐσε-

144 1144 257 1197 ϐῶν
305 1142 605 1215 ἀνθρώπιον
635 1143 853 1213 ὁρῶμεν
900 1142 1126 1205 πτῶσιν,
1169 1143 1261 1195 καὶ
1307 1143 1613 1212 ἀφανισμοῦ
1638 1143 1728 1197 διὰ

148 1235 396 1306 σεισμοῦ,
438 1234 470 1305 ἢ
523 1234 771 1305 βροντῆς,
805 1235 838 1306 ἢ
873 1234 1065 1306 ἐτέρας
1107 1234 1335 1303 ἀπειλῆς
1381 1234 1726 1306 γιγνομένην,

145 1328 225 1391 ὡς
252 1330 364 1391 τοῖς
389 1327 763 1396 ἀμαρτωλοίς;

768 1418 1120 1485 Ἀπόκρισις.

216 1508 314 1562 Ἐκ
341 1507 440 1577 τῆς
466 1508 614 1569 θείας
638 1508 860 1577 Πυκτῆς
883 1507 951 1560 τά
981 1510 1107 1577 περὶ
1123 1506 1325 1561 τούτων
1347 1507 1727 1578 παιδευόμεθα·

146 1599 198 1652 εί
241 1600 350 1670 γὰρ
381 1600 480 1669 τῆς
524 1599 675 1662 θείας
726 1598 959 1652 κιϐωτοῦ
1003 1600 1103 1652 οὐκ
1147 1601 1401 1669 ἐφείσατο
1437 1603 1463 1653 ὁ
1508 1601 1728 1669 Κύριος,

143 1690 263 1745 ἀλλ’
305 1690 539 1744 ἀπέδοτο
588 1691 755 1760 αὐτὴν
790 1690 1105 1759 ἀλλοφύλοις
1149 1694 1245 1745 σὺν
1295 1692 1528 1763 ἱερεῦσιν
1561 1692 1732 1760 αὐτῆς

143 1783 483 1853 ἁνομήσασι,
536 1783 625 1835 καὶ
658 1782 813 1834 πόλιν
860 1782 1021 1848 ἁγίαν
1054 1783 1155 1851 τὴν
1207 1784 1558 1854 Ἰερουσαλὴμ.
1592 1801 1725 1835 κατ-

144 1867 376 1936 έσκαψε,
416 1868 512 1921 καὶ
543 1869 806 1939 χερουϐὶμ
847 1869 1005 1939 δόξης
1032 1870 1125 1922 τοῦ
1159 1870 1465 1941 ίλαστηρίου
1490 1871 1726 1933 καθεῖλε,

144 1960 241 2011 καὶ
268 1960 459 2030 στολὴν
488 1959 635 2012 Θείαν
677 1961 947 2032 διέρρηξε,
984 1963 1079 2015 καὶ
1132 1964 1444 2032 χαρίσματα
1491 1963 1560 2015 τὰ
1588 1963 1726 2027 θεῖα,

144 2053 241 2106 καὶ
278 2052 635 2122 προφητείαν,
664 2053 758 2103 καὶ¹
799 2052 1050 2121 δήλωσιν,
1082 2054 1176 2105 καὶ
1206 2052 1369 2123 ἐφὼδ,
1397 2056 1488 2106 καὶ
1530 2054 1729 2121 λόγιον,

145 2145 325 2197 καὶτὸ
353 2144 412 2208 ἐξ
451 2145 729 2215 ἀκηράτου
764 2144 986 2215 χρυσίου
1028 2145 1275 2208 πέταλον,
1314 2146 1584 2216 ἀρρήτους
1612 2145 1731 2215 ἔχον

144 2233 524 2303 χαρακτῆρας,
568 2233 661 2284 καὶ
704 2232 867 2285 λοιπά
912 2234 1009 2302 τῆς
1045 2234 1264 2304 τελετῆς
1310 2235 1368 2287 ἐν
1400 2234 1607 2286 ἔθνεσιν
1654 2237 1733 2297 εἰς

146 2323 520 2393 καταπάτημα
563 2323 658 2376 καὶ
691 2324 957 2394 λαφυρίαν
996 2323 1226 2389 ἐξέδοτο,
1275 2326 1367 2378 ἐπὶ
1414 2326 1732 2397 κατακρίσει

142 2415 258 2468 τῶν
290 2415 680 2485 ἁνομησάντων
702 2417 822 2468 τότε
842 2433 855 2446 ο
888 2417 1006 2470 οὐδὲ
1029 2417 1138 2470 τῶν
1168 2418 1262 2470 νῦν
1297 2418 1489 2471 ἐαυτοῦ
1514 2419 1735 2471 ἀνακτό-

148 2523 263 2576 ρων
291 2506 550 2575 φείδεται,
584 2505 703 2558 οὺδὲ
736 2505 841 2558 τῶν
864 2504 1091 2560 ἐνόντων
1117 2508 1391 2577 ἀρρήτων,
1418 2508 1510 2559 καὶ
1536 2508 1738 2577 ἀχράν-

143 2616 259 2652 των
296 2599 637 2669 μυστηρίων·
667 2599 784 2663 δέος
817 2599 1068 2669 ἐμϐαλὼν
1100 2603 1209 2662 τοῖς
1252 2601 1554 2664 πταίουσιν,
1592 2603 1737 2669 ἁπη-

146 2694 413 2763 νεστέραν
436 2694 757 2765 καραδοκεῖν
793 2694 1084 2765 τιμωρίαν,
1112 2697 1177 2764 τῇ
1206 2694 1438 2764 πονηρίᾳ
1483 2693 1741 2762 ἐμμένον-

145 2805 273 2851 τας.
321 2788 671 2847 Ὀλολυζέτω
716 2788 825 2858 γάρ
866 2788 1044 2853 πίτυς
1084 2787 1171 2839 ὅτι
1201 2786 1471 2839 πέπτωκε
1509 2786 1739 2853 κέδρος,

149 2879 321 2950 φησὶν
351 2877 614 2947 Ἱερεμίας
639 2877 752 2947 (I3)
769 2896 783 2909 ο
807 2877 949 2929 τοῦτ’
974 2876 1143 2939 ἐστιν,
1176 2877 1431 2948 ’ἰσχυρῶν
1460 2878 1549 2929 καὶ
1570 2877 1741 2943 ἁγίων

150 2964 625 3035 κατεασσομένων,
649 2965 719 3017 τὰ
750 2968 807 3019 ἐν
827 2970 895 3036 τῇ
912 2969 980 3036 γῇ
1000 2966 1363 3036 ἀσθενέστερα
1382 2966 1739 3018 παιδευέσθω.

151 3059 333 3129 Ὅπερ
354 3057 620 3111 ἀνάπαλιν
648 3056 871 3128 φράζων
898 3057 927 3108 ὁ
955 3056 1062 3109 τῶν
1093 3057 1250 3110 θείων
1277 3057 1437 3124 σοφὸς
1466 3056 1737 3127 Σολομὼν,

165 3149 432 3206 Ἀσεϐῶν
452 3152 949 3204 καταπιπτόντων
984 3150 1201 3203 δίκαιοι
1231 3151 1418 3204 δειλοὶ
1453 3152 1738 3220 γίνονται.

150 3244 232 3297 Οὐ
258 3242 366 3311 γάρ
393 3243 573 3295 ὃπλων
596 3242 811 3312 αίχμαὶ,
837 3243 931 3295 καὶ
963 3243 1181 3313 κράνος,
1210 3244 1301 3296 καὶ
1326 3241 1528 3313 θώραξ,
1554 3244 1586 3314 ἢ
1619 3260 1744 3313 κνη-

155 3335 330 3405 μῖδες,
359 3335 576 3403 ἀσφαλῆ
616 3336 869 3405 πονηροῖς
906 3335 1004 3405 τὴν
1037 3334 1181 3405 ζωὴν
1212 3336 1527 3405 παρέξουσι,
1565 3336 1742 3389 λωπο-

151 3426 413 3489 δυτοῦσι,
477 3428 571 3479 καὶ
630 3426 729 3490 τὰς
783 3426 1087 3495 λεωφόρους
1148 3427 1504 3497 ἐνεδρεύουσι.
1559 3427 1748 3480 Πολλοὶ

155 3519 272 3587 γὰρ
306 3517 603 3571 δυσάλωτοι
658 3516 995 3587 φρασάμενοι
1027 3516 1270 3579 ἐλεεινῶς
1322 3516 1416 3569 τοῦ
1448 3517 1546 3587 ζῇν
1578 3520 1750 3588 ἀπερ-

160 3609 431 3681 ῥάγησαν,
490 3609 620 3679 παρ’
674 3611 805 3679 ἡμῖν
862 3609 959 3677 μὲν
1012 3610 1370 3679 ἀνάγραπτοι,
1440 3610 1602 3681 Ὡρὴϐ
1655 3613 1749 3663 καὶ

158 3700 349 3762 Ζεὸεέ,
375 3701 467 3754 καὶ
499 3700 775 3769 Σαλμανᾶ,
806 3702 899 3753 καὶ
938 3700 1245 3771 Ἀὅιμελέχ,
1280 3702 1374 3754 καὶ
1414 3702 1625 3765 Γολιάθ,
1653 3704 1748 3755 καὶ⁵

173 3790 553 3862 Ἀὄεσσαλὼμ,
598 3792 693 3844 καὶ
722 3793 836 3844 ὅσοι
870 3794 989 3844 κατ’
1030 3792 1271 3855 ἐκείνους
1294 3808 1309 3823 °
1355 3794 1505 3864 παρὰ
1534 3794 1591 3847 δὲ
1638 3799 1749 3858 τοῖς

161 3883 290 3948 ἔξω,
324 3885 585 3954 Ἕκτορες
621 3884 709 3937 καὶ
740 3884 987 3947 Αἴαντες,
1021 3886 1115 3936 κα)⁸
1161 3885 1314 3937 αὐτοὶ
1361 3888 1409 3937 οἱ
1457 3886 1549 3937 ἐπὶ
1590 3885 1748 3958 ῥώμῃ

163 3973 476 4044 φυσώμενοι
514 3974 927 4044 Λακεδαιμόνιοι
949 3990 963 4005 °
996 3975 1115 4027 ἐπεὶ
1140 3976 1239 4027 οὐκ
1267 3975 1421 4044 ἔσχον
1455 3976 1748 4047 σύνδρομον

160 4067 265 4137 τῆς
298 4065 610 4129 εὐσθενείας
646 4067 708 4119 τὸ
754 4066 984 4120 δίκαιον.
1014 4066 1127 4137 Πρὸ
1161 4066 1252 4119 τοῦ
1282 4063 1374 4120 οὖν
1423 4068 1553 4131 Θεὸς
1603 4069 1749 4137 ἡμᾶς

163 4158 256 4212 διὰ
296 4158 560 4228 πονηρίαν
596 4158 872 4228 πολεμίοις
904 4158 1198 4222 ἁπόδωται,
1237 4158 1269 4229 ἢ
1311 4159 1410 4221 τὰς
1454 4160 1747 4229 ἐκκλησίας

168 4249 581 4321 ὲπικατασείσῃ,
626 4250 999 4320 ἁμαρτάνουσι
1039 4250 1136 4319 τῆς
1164 4252 1312 4319 σφῶν
1354 4250 1564 4312 ἀδικίας
1591 4250 1748 4303 πολε-

169 4343 453 4413 μήσωμεν,
491 4344 585 4395 καὶ
625 4342 703 4411 τῷ
730 4342 885 4413 δήμῳ
915 4343 1015 4413 τῆς
1052 4344 1342 4412 ἁμαρτίας,
1391 4343 1746 4414 στρατόπεδον

167 4431 449 4495 εὐσεϐείας
481 4431 911 4504 ἀνθοπλίσωμεν.

723 4634 972 4687 ΠΕΥΣΙΣ
1012 4637 1180 4689 ΡΠΘ’.

242 4721 305 4773 Τί
338 4720 583 4790 βούλεται
612 4724 638 4775 ό
684 4724 884 4794 Κύριος
912 4726 1105 4794 λέγων,
1134 4729 1337 4780 εὐνοεῖν
1367 4728 1443 4800 τῷ
1472 4730 1741 4799 ἀντιδίκῳ,

165 4814 297 4866 ὅταν
327 4815 490 4883 ἐσμὲν
538 4817 595 4866 ἐν
628 4818 693 4886 τῇ
729 4816 833 4886 ὁδῷ
879 4821 995 4888 μετ’
1024 4820 1227 4885 αὐτοῦ;
1280 4823 1354 4874 Οὐ
1382 4822 1491 4893 γὰρ
1532 4822 1748 4884 πάντως

166 4908 295 4971 τοὺς
319 4908 695 4973 συνοδεύοντας
717 4912 849 4981 ἡμῖν
880 4912 1093 4982 ἔχομεν.

778 5083 1131 5150 Ἀπόκρισις.

240 5170 394 5240 Καλὴ
435 5171 554 5240 μὲν,
586 5173 677 5225 καὶ
719 5173 887 5244 ἁπλῆ,
916 5177 1009 5228 καὶ
1063 5177 1351 5250 πρόχειρος
1401 5176 1601 5238 εὔνοια,
1649 5175 1745 5229 τοῦ

170 5261 246 5332 μὴ
275 5262 491 5330 μηνιᾷν,
521 5262 655 5331 μηδὲ
680 5263 927 5317 σπεύδειν
954 5264 1251 5335 ἀμύνεσθαι
1277 5266 1366 5319 τὸν
1390 5266 1743 5337 ἀδικήσαντα·

167 5351 304 5421 φησὶ
349 5352 458 5421 γάρ
514 5351 694 5417 αὐτὸς,
738 5352 1017 5421 Ἀγαπᾶτε
1068 5355 1208 5422 τοὺς
1259 5356 1510 5426 ἐχθροὺς
1558 5355 1746 5424 ὑμῶν,

166 5440 366 5507 καλῶς
413 5443 631 5497 ποιεῖτε
673 5442 797 5509 τοῖς
819 5446 1112 5514 μισοῦσιν
1140 5447 1313 5516 ὑμᾶς,
1361 5448 1459 5501 καὶ
1496 5448 1750 5515 εὔχεσθε

165 5532 319 5600 ὑπὲρ
349 5532 466 5586 τῶν
490 5534 919 5603 καταρωμένων
944 5538 1108 5605 ὑμῖν,
1145 5539 1237 5591 καὶ
1256 5579 1270 5602 ,
1306 5539 1531 5606 Μηδενὶ
1560 5538 1749 5592 κακὸν

166 5623 303 5677 ἀντὶ
339 5625 528 5680 κακοῦ
564 5626 905 5691 ἀποδίδοτε,
941 5630 1033 5681 καὶ
1076 5629 1175 5681 ὅσα
1212 5629 1450 5684 τοιαῦτα.
1496 5630 1648 5699 Ἔχει
1689 5629 1747 5681 δέ

1516 378 1858 436 DIALOGUS
1896 379 1985 434 IV.

3258 383 3397 439 1166

1827 496 1941 550 Illic
1996 495 2138 549 enim
2184 510 2310 549 vere
2343 502 2424 549 est
2464 495 2677 550 mansio
2726 504 2932 550 nostra.
2984 494 3117 553 Nam
3164 514 3400 568 pnnsena

1828 589 1958 650 vita,
2008 602 2114 640 non
2166 586 2379 640 mansio
2410 596 2618 651 nostra,
2670 588 2763 642 sed
2815 590 3223 646 tabernaculum
3276 610 3400 649 esse

1825 679 1961 733 mihi
2012 678 2248 743 videtur,
2294 678 2439 746 quod
2480 694 2589 731 una
2618 694 2739 731 cum
2769 678 2970 733 ﬁxione
2994 681 3155 735 etiam
3186 684 3402 740 destru-

1828 771 2063 825 ctionem
2096 770 2281 823 habet.

2139 855 2659 915 INTERROGATIO
2696 860 3075 917 CLXXXVIII.

1899 951 2258 1006 Occasionem
2290 966 2354 1005 ex
2390 952 2747 1020 responsione
2773 953 2940 1016 nacti,
2991 963 3042 1007 te
3087 970 3403 1024 quaesumus

1829 1053 1887 1097 ιιι
1910 1045 2081 1109 dicas,
2127 1059 2296 1112 quare
2317 1043 2671 1097 ecclesiarum
2700 1059 3072 1113 saepenumero
3099 1056 3153 1099 et
3191 1048 3405 1116 piorum

1829 1137 2114 1191 hominum
2150 1137 2396 1190 videmus
2446 1152 2633 1191 casum
2677 1147 2731 1192 et
2767 1139 3041 1191 interitum
3086 1154 3181 1207 per
3220 1150 3407 1195 terra:-

1830 1236 2057 1290 motum,
2100 1236 2193 1280 aut
2244 1226 2472 1291 fulmen,
2506 1235 2600 1280 aut
2641 1243 2734 1293 per
2789 1227 2949 1282 aliam
2983 1228 3405 1298 indignationem

1834 1322 2106 1382 accidere,
2144 1328 2203 1373 ut
2236 1320 2649 1389 peccatoribus?

2465 1410 2768 1480 Responsio.

1902 1502 1980 1557 Ex
2021 1503 2200 1557 divina
2245 1503 2529 1575 Scriptura
2584 1506 2649 1559 de
2698 1506 2818 1560 istis
2854 1507 3147 1562 docemur:
3187 1523 3312 1562 nam
3358 1507 3408 1563 si

1832 1594 2028 1649 divinae
2058 1610 2197 1648 arca':
2233 1610 2340 1649 non
2372 1596 2613 1665 pepercit
2645 1594 2808 1660 Deus,
2862 1598 2951 1650 sed
2998 1598 3169 1667 ipsam
3220 1599 3410 1652 alieni-

1834 1686 1988 1753 genis
2031 1686 2249 1740 tradidit
2298 1702 2422 1740 cum
2469 1687 2840 1742 sacerdotibus
2890 1689 3031 1757 ejus,
3079 1689 3172 1759 qui
3226 1690 3411 1759 iniqnc

1832 1785 2083 1843 egerant:
2134 1784 2189 1829 et
2225 1776 2498 1830 civitatem
2555 1787 2794 1831 sanctam
2834 1777 3242 1851 Hierosolyman
3295 1783 3413 1835 solo

1829 1866 2102 1935 aequavit;
2134 1876 2186 1920 et
2224 1868 2495 1927 cherubos
2552 1869 2736 1937 gloriae
2778 1871 3135 1938 propitiatorii
3168 1873 3409 1933 sustulit,

1832 1964 1885 2011 et
1919 1957 2114 2012 stolam
2144 1969 2390 2013 sanctam
2440 1960 2695 2030 disrupit,
2740 1962 3029 2030 divinaque
3060 1962 3408 2026 charismata,

1831 2057 1885 2102 et
1910 2049 2247 2117 prophetiam
2283 2060 2337 2104 et
2360 2051 2798 2119 declarationem,
2828 2062 2881 2106 et
2920 2054 3093 2122 ephod
3146 2063 3200 2107 et
3250 2054 3415 2107 ratio-

1834 2141 1975 2205 nale,
2014 2148 2069 2195 et
2107 2158 2170 2194 ex
2204 2158 2339 2195 auro
2371 2159 2508 2211 puro
2557 2145 2836 2211 laminam,
2871 2161 3099 2199 arcanos
3126 2145 3411 2200 habentem

1834 2234 2199 2300 characteres,
2254 2244 2308 2287 et
2350 2236 2557 2304 reliqua
2603 2236 2775 2290 sancti
2809 2236 3120 2299 ministerii,
3162 2238 3412 2306 gentibus

1838 2326 2059 2379 tradidit
2113 2329 2165 2379 in
2218 2328 2689 2382 conculcationem
2737 2340 2789 2383 et
2844 2329 3224 2399 direptionem,
3285 2340 3415 2383 tunc

1836 2418 2255 2486 praevalentibus
2291 2419 2475 2489 impiis
2501 2434 2597 2475 :ne
2627 2437 2771 2474 nunc
2803 2422 3015 2490 quidem
3054 2421 3167 2476 suis
3202 2422 3416 2491 templis

1840 2510 2035 2578 parcit,
2066 2526 2243 2580 neque
2271 2512 2326 2564 in
2358 2512 2426 2565 iis
2458 2513 2729 2566 contentis
2760 2513 3117 2568 ineffabilibus
3146 2523 3199 2568 et
3228 2514 3418 2568 incon-

1840 2603 2120 2657 taminatis
2153 2604 2486 2673 tmysteriis;
2544 2604 2790 2657 timorem
2841 2605 3085 2673 injiciens
3138 2605 3418 2659 offenden-

1840 2693 2006 2754 tibus,
2036 2701 2097 2745 ut
2120 2694 2366 2747 severius
2395 2702 2707 2762 exspectent
2738 2695 3089 2762 supplicium,
3124 2696 3169 2749 si
3209 2696 3261 2747 in
3295 2710 3414 2747 ma-

1843 2785 1956 2839 litia
2008 2784 2493 2853 perseveraverint.
2541 2785 2675 2838 Nam
2730 2784 2903 2837 Ululet
2946 2786 3122 2853 pinus,
3168 2787 3418 2855 quoniam

1845 2876 2030 2929 cecidit
2067 2875 2250 2929 cedrus
2273 2875 2338 2941 ⁸⁸,
2370 2876 2546 2945 inquit
2573 2875 2855 2931 Jeremias.
2887 2877 2998 2931 Hoc
3027 2887 3131 2939 est,
3166 2878 3204 2930 F
3209 2879 3419 2932 ortibus

1847 2979 1902 3026 et
1929 2971 2133 3025 sanctis
2164 2970 2415 3033 sublatis,
2459 2986 2579 3039 qua:
2618 2972 2673 3023 in
2722 2979 2862 3025 terra
2914 2970 3213 3022 infirmiora
3269 2980 3418 3031 sunt,

1848 3063 2190 3116 erudiantur.
2223 3061 2382 3127 Quod
2415 3062 2596 3116 itidem
2632 3061 2798 3115 tradit
2828 3063 2974 3115 hisce
3005 3061 3185 3114 verbis
3215 3062 3421 3129 peritus

1850 3154 1942 3208 ille
1985 3169 2165 3206 rerum
2212 3153 2520 3206 divinarum
2574 3153 2814 3217 Solomo,
2865 3152 3052 3221 Impiis
3097 3152 3420 3214 cadentibus,

1841 3244 1978 3313 justi
2026 3244 2194 3296 timidi
2242 3244 2397 3311 ﬁunt.
2427 3242 2543 3298 Non
2576 3243 2718 3296 enim
2747 3258 3024 3297 artnorum
3058 3242 3331 3311 cuspides,
3370 3252 3424 3295 et

1852 3336 2023 3405 galea,
2053 3344 2105 3389 et
2132 3337 2323 3389 thorax
2367 3345 2462 3389 aut
2484 3336 2691 3389 tibialia
2737 3351 2980 3390 securam
3015 3334 3296 3404 ﬂagitiosis
3340 3335 3423 3386 vi-

1851 3433 1960 3479 tam
1995 3428 2349 3495 praestabunt,
2379 3427 2772 3496 praedatoribus
2798 3436 2851 3481 et
2874 3427 3119 3497 publicas
3144 3427 3257 3479 vias
3278 3426 3425 3479 obsi-

1849 3519 2121 3573 dentibus.
2146 3519 2295 3573 Multi
2318 3519 2460 3572 enitn
2484 3528 2643 3588 captu
2667 3518 2905 3572 difﬁciles
2920 3518 3113 3587 putati.
3140 3517 3425 3571 miserabi-

1850 3612 1972 3665 liter
2025 3612 2135 3664 vita
2187 3611 2379 3680 privati
2424 3619 2589 3674 sunt;
2647 3610 2787 3679 apud
2820 3622 2920 3662 nos
2970 3610 3187 3677 quidem
3227 3608 3424 3662 litteris

1850 3704 2069 3772 proditi,
2100 3702 2310 3757 Orebus
2332 3742 2346 3766 ,
2378 3713 2431 3757 et
2457 3702 2667 3767 Zebus,
2696 3712 2749 3756 et
2779 3702 2984 3756 Zebeas
3008 3741 3022 3765 ,
3052 3712 3105 3755 et
3131 3701 3383 3755 Salmana
3405 3739 3421 3761 ,

1849 3804 1901 3847 et
1929 3793 2329 3856 Abimelechus,
2368 3800 2423 3846 et
2459 3791 2766 3857 Goliathus,
2809 3802 2862 3845 et
2898 3791 3178 3855 Absalom,
3218 3797 3271 3843 et
3297 3790 3421 3857 qni-

1848 3900 2065 3955 cunque
2108 3885 2315 3939 similes
2359 3884 2465 3937 illis
2502 3882 2695 3949 fuere;
2752 3883 2896 3952 apud
2946 3891 3162 3936 exteros
3215 3891 3418 3941 autem,

1850 3976 2127 4042 Hectores,
2153 3985 2207 4031 et
2232 3977 2443 4046 Ajaces.
2472 3986 2526 4030 et
2553 3977 2654 4045 ipsi
2685 3977 2777 4045 qui
2804 3985 3021 4044 propter
3047 3975 3420 4029 fortitudinem

1849 4070 2018 4125 inflati
2065 4078 2222 4125 erant
2250 4068 2672 4135 Lacedazmonii,
2708 4070 2969 4139 quoniam
3011 4085 3117 4123 non
3152 4069 3423 4123 habebant

1848 4178 1971 4217 cum
2020 4164 2216 4216 robore
2264 4164 2611 4231 coniunctam
2644 4163 2937 4231 justitiam.
2996 4162 3184 4231 Itaque
3237 4160 3420 4231 prius-

1847 4268 2011 4323 quam
2049 4268 2148 4306 nos
2184 4251 2325 4307 Deus
2360 4253 2613 4305 hostibus
2646 4252 2845 4313 tradat,
2881 4260 2976 4305 aut
3016 4250 3271 4305 ecclesias
3299 4264 3426 4305 con-

1848 4344 2041 4409 cutiat,
2086 4360 2209 4398 cum
2269 4344 2625 4411 peccantibus
2659 4353 2879 4412 propter
2912 4358 3063 4397 suam
3099 4341 3420 4408 iniustitiam

1848 4443 2143 4501 certemus,
2187 4446 2241 4490 et
2291 4436 2547 4503 populum
2595 4450 2691 4503 pro
2734 4443 2977 4503 peccato,
3030 4433 3169 4486 vallo
3209 4434 3422 4503 pietatis

1848 4544 2146 4583 armemus.

2171 4618 2711 4691 .INTERROGATIO
2749 4618 3082 4674 CLXXXIX.

1916 4710 2057 4778 Quid
2090 4710 2193 4765 sibi
2218 4712 2333 4764 vult
2366 4710 2631 4765 Dominus
2661 4711 2871 4774 dicens,
2898 4719 2956 4764 ut
2990 4710 3420 4765 benevolentiam

1847 4803 2142 4858 habeamus
2173 4819 2296 4858 cum
2345 4804 2655 4857 adversario
2684 4808 2813 4856 dum
2846 4817 3038 4857 sumus
3071 4805 3123 4854 in
3172 4802 3254 4854 via
3296 4817 3421 4856 cum

1848 4898 1966 4966 ipso
1999 4896 2089 4947 "?
2116 4893 2231 4949 Non
2263 4896 2407 4949 enim
2452 4909 2666 4963 semper
2700 4894 2980 4948 nobiscum
3030 4892 3129 4946 iter
3161 4890 3423 4946 facientes

1848 4988 2134 5041 habemus.
2618 5041 2621 5044 ἠ

2483 5075 2785 5146 Responsio.

1926 5169 2076 5223 Bona
2112 5169 2332 5238 quidem
2360 5177 2415 5223 et
2440 5169 2669 5237 simplex
2707 5178 2762 5221 et
2788 5175 3038 5235 prompta
3072 5174 3154 5218 est
3184 5165 3421 5218 benevo-

1854 5261 2040 5323 lentia,
2087 5276 2156 5315 ne
2204 5268 2542 5324 succenseat,
2597 5274 2665 5313 ne
2696 5257 2913 5313 festinet
2941 5257 3007 5310 ad
3054 5256 3423 5311 ulciscendum

1853 5368 1977 5406 eum
2018 5352 2110 5423 qui
2146 5353 2303 5406 laesit.
2333 5351 2514 5421 Inquit
2556 5352 2700 5405 enim
2745 5351 2884 5419 ipse,
2919 5348 3136 5419 Diligite
3184 5347 3424 5401 inimicos

1856 5455 2069 5509 vestros,
2107 5445 2393 5513 benefacite
2427 5446 2495 5497 iis
2528 5443 2619 5513 qui
2650 5458 2737 5495 vos
2777 5442 2900 5495 odio
2928 5449 3335 5510 prosequuntur,
3375 5451 3427 5491 et

1853 5546 2000 5589 orate
2048 5552 2142 5605 pro
2192 5534 2556 5589 devoventibus
2588 5550 2675 5587 vos
2693 5533 2783 5599 ⁸⁰;
2834 5542 2908 5594 et,
2950 5529 3168 5585 Nemini
3225 5529 3429 5583 malum

1852 5646 1946 5699 pro
1987 5629 2127 5682 malo
2172 5626 2460 5692 reddite",
2490 5636 2545 5681 et
2571 5621 2910 5695 quaecunque
2943 5631 3069 5678 sunt
3095 5620 3425 5693 hujusmodi.

239 5776 287 5808 "
324 5775 491 5832 Zach.
534 5797 611 5845 XI,
638 5780 692 5835 2.
772 5782 816 5813 δ’
846 5780 1037 5835 Matth.
1070 5797 1122 5845 ι’,
1152 5781 1242 5835 25.
1322 5781 1365 5812 ⁵⁸
1394 5780 1535 5835 ibid.
1564 5780 1655 5834 Η.
1733 5782 1738 5812 ¹

1846 5783 1967 5834 lom.
2010 5795 2119 5841 χιιι
2144 5778 2226 5831 I7.

244 5912 354 5983 (I3)
388 5912 582 5981 Φησὶν
623 5913 917 5985 Ἱερεμίας.
966 5912 1082 5971 Non
1123 5912 1403 5983 Jercmiae,
1441 5918 1537 5971 sed
1562 5913 1841 5970 Zachariae
1873 5932 1945 5981 XI,
1978 5913 2033 5980 9.,
2068 5914 2217 5969 locus
2244 5919 2423 5970 exstat
2457 5912 2526 5969 ab
2556 5921 2777 5969 auctore
2805 5911 3023 5967 citatus.
