4006 6386
659 383 796 438 “67

661 501 830 558 Habet
859 507 1036 553 autem
1087 498 1188 552 hoc
1230 495 1437 551 dictum
1489 495 1755 565 duplicem
1785 497 2074 566 quemdam
2103 511 2226 550 seu-

657 610 816 658 sum,
863 593 1116 646 latentem
1166 603 1262 644 eos
1307 589 1401 659 qui
1444 589 1710 644 crassiore
1751 599 1880 643 sunt
1927 589 2222 642 intellectu.

656 683 841 741 Potest
868 685 1012 738 enim
1034 691 1086 737 et
1115 680 1262 736 domi
1299 681 1574 743 desidens,
1603 689 1657 735 et
1682 681 1870 750 procul
1901 683 1970 736 ab
2006 681 2227 736 urbanis

657 775 980 828 tumultibus
1032 782 1274 828 remotus
1319 773 1372 826 in
1414 773 1672 826 extremis
1716 772 2020 826 secessibus
2061 787 2228 840 agens

657 865 854 919 habere
879 865 1263 918 adversarium.
1299 863 1483 932 Itaque
1509 863 1936 918 benevolentiam
1967 877 2090 916 cum
2129 862 2226 916 ad-

656 954 898 1008 versario
924 955 1151 1016 habens,
1187 955 1380 1009 melius
1407 963 1458 1008 et
1485 957 1698 1009 acutius
1735 954 1891 1008 illum
1927 953 2226 1023 intelligere

651 1046 830 1114 jubet,
905 1031 1272 1100 adversarium
1339 1047 1557 1115 quidem
1622 1046 1866 1114 corporis
1929 1045 2222 1114 appetitum

658 1137 923 1192 adversus
971 1136 1222 1206 spiritum
1274 1136 1457 1191 divine
1523 1136 1883 1204 decenterque
1929 1135 2220 1200 deﬁniens;

657 1229 762 1281 vim
793 1237 974 1282 autem
1023 1229 1195 1298 ipsam
1231 1228 1394 1282 vitam
1438 1228 1688 1292 innuens,
1729 1241 1758 1280 a
1803 1241 2000 1296 genere
2035 1233 2224 1282 nostro

657 1319 962 1373 inordinate
984 1320 1344 1373 recedentem.
1377 1317 1810 1374 Benevolentiam
1832 1333 1960 1371 vero
1984 1317 2221 1371 velocem

657 1423 874 1462 sensum
905 1423 1176 1477 corporeae
1218 1409 1630 1462 insurrectionis
1661 1407 1810 1470 dicit,
1841 1409 1932 1476 qui
1964 1407 2128 1461 simul
2164 1415 2223 1460 ut

656 1501 926 1570 appetitus
971 1509 1151 1555 motus
1182 1499 1365 1563 fuerit,
1403 1500 1548 1554 illico
1596 1499 1897 1567 intelligere
1947 1499 2124 1561 debet,
2169 1505 2224 1551 et

658 1592 812 1659 quasi
855 1589 1012 1646 freno
1045 1590 1229 1645 divino
1279 1592 1470 1644 timore
1498 1587 1796 1652 refrenare,
1831 1601 1898 1641 ne
1928 1587 2146 1654 quando
2174 1584 2220 1640 si

656 1683 846 1735 iisdem
888 1682 1159 1736 mandatis
1189 1695 1286 1735 nos
1314 1681 1726 1735 submiserimus
1754 1686 1808 1732 et
1831 1676 2048 1744 indigna
2073 1675 2221 1729 fece-

656 1771 830 1824 rimus
871 1785 1105 1839 superna
1150 1769 1453 1833 vocatione,
1504 1769 1779 1822 tradamur
1805 1768 1874 1821 ab
1903 1766 2009 1820 illis
2027 1766 2218 1835 judici,

655 1861 872 1931 quando
901 1863 1104 1916 venerit
1146 1861 1210 1915 ad
1237 1861 1648 1916 retribuendum
1692 1859 1986 1929 unicuique
2019 1873 2221 1914 secun-

654 1955 784 2010 dum
818 1953 1133 2022 dignitatem
1159 1969 1350 2008 eorum
1380 1969 1500 2021 quae
1525 1953 1579 2006 in
1608 1952 1720 2006 vita
1741 1951 1926 2022 gessit.
1955 1949 2030 2004 Ne
2059 1949 2222 2019 igitur

653 2044 1066 2114 promissionem
1097 2045 1285 2098 litterae
1315 2044 1560 2098 sullicere
1603 2052 1854 2111 putemus
1887 2040 1956 2095 ad
1989 2041 2218 2096 salutem

654 2137 896 2207 neglecto
943 2151 1141 2205 opere:
1198 2150 1378 2205 neque
1427 2149 1524 2204 per
1567 2143 1769 2190 tactum
1808 2132 2220 2188 incontaminati

656 2226 905 2280 sacriﬁcii
937 2226 1371 2296 appmpinquare
1400 2223 1507 2278 Deo
1535 2239 1636 2278 nos
1665 2226 2025 2294 imaginemur
2051 2242 2063 2278 :
2091 2237 2218 2278 nam

654 2316 832 2372 facere
879 2332 1042 2386 quam
1090 2316 1234 2387 loqui
1280 2317 1391 2371 Deo
1431 2318 1840 2372 convenientius
1881 2331 2025 2382 esse,
2074 2314 2219 2372 Deus

652 2409 1009 2464 demonstrat.

1066 2494 1585 2551 lNTEllROGATIO
1624 2495 1786 2552 CXC.

721 2587 862 2656 Quid
896 2599 1004 2652 est,
1031 2590 1176 2658 quod
1238 2591 1375 2644 dicit
1414 2587 1700 2653 Dominus,
1733 2587 1889 2654 Quod
1933 2590 1981 2644 si
2031 2589 2217 2645 dexter

649 2681 834 2736 oculus
865 2690 987 2734 tuus
1013 2681 1229 2749 oﬂ'endit
1253 2690 1321 2747 te,
1351 2697 1472 2735 erue
1503 2681 1672 2749 ipsum
1697 2691 1746 2735 et
1776 2681 1974 2752 projice
2001 2685 2094 2738 abs
2126 2695 2218 2748 te;

649 2787 700 2830 st
721 2776 768 2829 si
801 2775 994 2827 dextra
1051 2784 1147 2827 tua
1179 2790 1368 2828 manus
1419 2773 1635 2843 offendit
1668 2785 1718 2828 te
1756 2785 1975 2846 amputa
2000 2793 2117 2832 eam
2165 2787 2218 2834 et

659 2869 858 2937 orojice
887 2867 979 2921 abs
999 2878 1048 2923 te
1083 2867 1164 2923 οη

1270 2957 1581 3027 Responsio.

721 3054 894 3110 Oculo
949 3062 1004 3108 et
1032 3051 1222 3107 manui
1268 3052 1526 3114 dexterae,
1567 3050 1822 3105 Christus
1851 3051 2047 3107 oculus
2078 3052 2214 3108 nulli

652 3159 854 3200 soinno
889 3141 1279 3202 succumbens,
1315 3149 1368 3194 et
1400 3139 1625 3194 dextera
1659 3139 1754 3194 Dei
1779 3150 1832 3194 et
1861 3139 2061 3205 Patris,
2086 3156 2217 3210 pro-

651 3232 1010 3305 pinquitatem
1050 3231 1610 3299 consanguineorum,
1661 3229 1748 3284 vel
1781 3230 1945 3284 etiam
2000 3231 2211 3286 amicos

651 3318 1038 3376 accommodos
1093 3319 1289 3372 merito
1338 3318 1687 3383 assimilavit,
1746 3333 1844 3388 per
1888 3335 2029 3390 quos
2090 3336 2212 3390 quae

652 3412 907 3466 mandata
949 3419 1078 3465 sunt
1115 3409 1374 3475 iacimus,
1420 3424 1531 3463 non
1574 3411 1734 3464 aliter
1763 3426 1932 3480 quam
1965 3412 2215 3481 corporis

651 3503 939 3566 membris,
973 3501 1043 3556 ad
1075 3515 1294 3555 omnem
1336 3501 1470 3570 ipsis
1501 3503 1941 3570 cooperationem
1974 3511 2214 3566 utentes,

649 3603 705 3648 et
751 3609 859 3647 una
914 3608 1040 3647 cum
1071 3592 1204 3660 ipsis
1255 3606 1355 3646 nos
1412 3602 1715 3646 moventes.
1747 3592 1978 3659 Quando
2015 3595 2204 3663 itaque

650 3683 850 3752 aliquis
873 3696 1067 3736 eorum
1111 3680 1273 3735 nobis
1329 3691 1524 3736 auctor
1579 3683 1834 3737 scandali
1877 3682 1955 3749 lit,
1989 3693 2214 3752 peccato

652 3773 966 3837 involvens;
997 3779 1053 3826 et
1113 3769 1275 3825 nobis
1328 3770 1550 3838 quidem
1597 3771 1933 3834 convicium,
1979 3773 2086 3826 sibi
2117 3789 2216 3827 au-

650 3876 757 3918 tem
811 3862 1166 3934 ignominiam
1197 3861 1358 3916 aﬂ‘ert
1385 3871 1435 3916 et
1467 3862 1860 3930 opprobrium;
1888 3879 2015 3916 mox
2061 3865 2213 3917 illum

649 3955 970 4009 exscindere
1031 3961 1084 4007 et
1137 3953 1301 4006 domo
1352 3951 1554 4021 pellere
1607 3953 1907 4024 proculque
1973 3969 2004 4007 a
2055 3955 2213 4008 nobis

651 4047 892 4116 abjiccre
919 4046 1138 4102 diuinos
1171 4044 1336 4099 homo
1391 4045 1654 4114 praecipit,
1697 4062 1761 4099 ne
1787 4045 2008 4114 quando
2040 4048 2213 4100 instar

647 4139 816 4208 pestis
845 4139 1165 4208 depascatur
1186 4137 1432 4204 corporis
1479 4145 1722 4191 erectum
1755 4138 1924 4191 robur
1945 4138 2082 4192 bene
2113 4139 2205 4190 ha-

650 4232 904 4286 bentibus
957 4239 1013 4284 et
1051 4229 1225 4299 sanis,
1273 4243 1427 4282 suam
1487 4228 1662 4297 ipsius
1725 4229 1988 4285 odoratus
2041 4232 2211 4285 malc-

646 4323 960 4378 volentiam.
999 4317 1078 4374 Ne
1107 4320 1274 4390 igitur
1308 4327 1570 4386 praztextu
1621 4318 1982 4388 philosophiae
2022 4337 2204 4376 veram

644 4413 1045 4484 philosophiam
1079 4425 1203 4480 quae
1247 4407 1502 4462 Christus
1555 4417 1639 4464 est
1679 4409 2072 4479 despiciamus,
2109 4413 2203 4483 qui

645 4503 979 4559 immobilem
1026 4511 1080 4554 et
1135 4499 1336 4553 nullam
1395 4497 1762 4554 adulationem
1825 4500 2202 4557 admittentem

642 4594 872 4665 requirit
927 4593 1191 4647 animum.
1253 4592 1440 4662 Inquit
1500 4591 1642 4645 enim
1684 4589 1889 4647 Paulus
1953 4608 2080 4647 vera
2114 4611 2202 4648 sa-

641 4682 844 4752 pientia
871 4683 1094 4752 plenus:
1130 4681 1371 4740 Christus
1403 4681 1500 4736 Dei
1532 4683 1791 4750 sapientia
1823 4692 1904 4736 est
1958 4683 2025 4748 ⁸³,
2091 4700 2198 4740 non

641 4788 950 4832 sermonem
979 4784 1213 4838 tantum,
1244 4775 1336 4830 sed
1361 4783 1414 4828 et
1454 4773 1616 4829 vitam
1653 4789 1878 4828 ornans.

1059 4881 1264 4938 INTER
1275 4882 1570 4940 ROGATIO
1602 4883 1785 4940 CXCI.

708 4996 850 5064 Quid
897 4997 1165 5066 signiﬁcat
1223 4997 1509 5061 Dominus,
1566 5013 1687 5051 cum
1716 5013 1820 5051 nos
1847 4997 2104 5050 similiter
2138 5009 2198 5051 ut

641 5091 963 5145 maledictus
1015 5105 1236 5159 serpens
1296 5106 1494 5158 sapere
1549 5090 1728 5158 jubet,
1764 5091 1981 5144 dicens:
2019 5089 2198 5143 Estole

637 5182 918 5254 prudentes
973 5191 1031 5235 ut
1090 5191 1368 5250 serpentes,
1402 5191 1451 5234 et
1481 5182 1750 5250 simplices
1806 5185 1943 5234 sicut
1987 5181 2202 5234 colum-

638 5275 719 5330 bo
751 5273 841 5328 ιιι
1685 5285 1690 5292 ‘

1268 5361 1570 5431 Responsio.

711 5454 1006 5510 Prudentes
1057 5466 1156 5508 nos
1182 5469 1301 5508 esse
1349 5455 1463 5509 vult
1507 5453 1775 5509 Dominus
1812 5461 1873 5506 ut
1896 5462 2190 5520 serpentes,

633 5546 690 5602 in
711 5546 860 5601 omni
882 5545 1126 5612 periculo
1155 5554 1248 5599 aut
1275 5547 1574 5600 tentatione
1595 5556 1752 5614 caput
1779 5554 2195 5608 conservantes,

636 5637 782 5708 quod
807 5645 885 5691 est
931 5634 1197 5704 Christus,
1231 5635 1694 5708 quemadmodum
1727 5635 1905 5707 inquit
1956 5635 2194 5692 Aposto-

1711 378 1770 433 S.
1810 377 2108 434 CESARII
2144 375 2474 432 GREGORII
2512 375 2815 434 FRATBIS
3709 385 3791 439 liii

2330 495 2422 548 καί
2449 511 2570 548 τινα
2599 494 2820 565 διπλόην
2843 494 2903 546 τὸ
2935 494 3134 565 νόημα,
3162 494 3524 549 λανθάνουσαν
3551 497 3656 561 τοὺς
3685 517 3792 570 παχυ-

2325 586 2520 655 τέρους
2553 585 2652 656 τὴν
2683 585 2949 639 διάνοιαν·
2977 585 3090 638 ἔστι
3127 584 3234 654 γάρ
3265 587 3356 638 καὶ
3385 588 3519 640 οῐκοι
3556 588 3793 659 καθήμενον,

2327 678 2422 730 καὶ
2449 677 2638 748 πόρρω
2677 676 2784 730 τῶν
2827 677 3063 741 ἀστικῶν
3103 675 3346 748 θορύϐων
3388 677 3474 730 ἐπ’
3519 678 3724 748 ἐσχατιᾶς
3753 683 3793 734 δι·

2327 767 2548 834 άγοντα,
2575 767 2717 835 ἐχειν
2741 765 3029 819 ἀντίδικον.
3065 765 3140 819 Τὸ
3177 761 3269 819 οὖν
3290 768 3486 819 εὐνοεῖν
3513 767 3583 837 τῷ
3606 770 3792 838 ἀντιδίκῳ,

2325 858 2648 928 κρειττόνως
2677 859 2770 910 καὶ
2795 857 3061 928 ὀξυτέρως
3091 857 3298 911 ἐκείνου
3325 861 3462 912 νοεῖν
3495 859 3791 914 διακελεύεται·

2325 947 2591 1000 ἀντίδικον
2622 947 2679 999 δὲ
2708 948 2806 1015 τὴν
2833 946 2927 1000 τοῦ
2956 946 3204 1017 σώματος
3235 948 3409 1018 ὄρεξιν
3433 950 3559 1019 πρὸς
3577 950 3628 1003 τὸ
3652 952 3793 1021 meiut

2325 1039 2640 1110 θεοπρεπῶς
2671 1038 2990 1109 ὁρισάμενος
3013 1055 3028 1069 ο
3065 1039 3184 1093 ὁδὸν
3225 1039 3284 1092 δὲ
3315 1040 3402 1093 τὸν
3434 1040 3543 1108 βίον
3579 1043 3795 1112 αξνιττόμε-

2324 1147 2432 1192 νος,
2458 1130 2606 1201 παρά
2636 1129 2727 1182 τοῦ
2762 1130 2949 1195 γένους
2984 1129 3142 1198 ἡμῶν
3171 1130 3416 1193 ἀτάκτως
3438 1131 3792 1202 διαφοιτώμενονο

2325 1221 2533 1276 εὔνοιαν
2561 1221 2618 1274 δὲ
2645 1222 2745 1292 τὴν
2771 1220 2950 1285 ὀξεῖαν
2977 1219 3228 1288 αἴσθησιν
3265 1220 3361 1291 τῆς
3388 1221 3481 1273 τοῦ
3510 1220 3715 1292 σώματος
3739 1225 3796 1274 i=-

2323 1310 2668 1374 αναστάσεώς
2721 1328 2906 1381 φησιν,
2953 1312 3068 1380 ἅμα
3120 1310 3212 1364 τοῦ
3262 1313 3540 1382 κινηθῆναι
3567 1313 3650 1383 τὴν
3665 1313 3794 1386 ὄρεξιν,

2325 1403 2516 1456 θᾶττον
2562 1402 2795 1455 νοεῖσθαι
2843 1404 3177 1470 ὀφείλουσαν,
3219 1405 3314 1457 καὶ
3357 1407 3516 1458 οἱονεὶ
3563 1407 3724 1475 χαλινῷ

2325 1494 2453 1564 θείῳ
2479 1493 2628 1564 φόϐῳ
2659 1493 3136 1564 ἀνασειράζεσθαι,
3169 1495 3240 1564 μή
3279 1511 3406 1547 ποτε
3435 1499 3542 1558 τοῖς
3563 1498 3798 1558 comicis:-

2321 1587 2594 1654 τάγμασιν
2621 1585 3016 1653 ὐποκύψαντες,
3045 1587 3138 1638 καὶ
3165 1583 3354 1649 ἀνάξια
3388 1585 3488 1654 τῆς
3510 1588 3610 1640 άνω
3631 1587 3798 1657 κλήσεως
3856 1583 3857 1654 ξ

2322 1675 2632 1746 δράσαντες,
2665 1675 3056 1746 Μραδοθῶμεν
3090 1677 3178 1729 ὑπ’
3200 1678 3420 1731 ἐκείνων
3446 1677 3520 1747 τῷ
3553 1655 3798 1747 κριτῇ-ὁταν
3855 1655 3857 1762 Ι

2328 1767 2686 1838 παραγίνεται
2717 1767 2931 1837 ἑκάστῳ
2952 1768 3086 1838 πρὸς
3108 1767 3264 1832 ἀξίαν
3277 1769 3382 1821 τῶν
3403 1768 3708 1840 βεϐιωμένων
3721 1771 3799 1824 ἀντι

2323 1859 2676 1930 αμείψασθαι.
2707 1859 2798 1930 Μὴ
2831 1855 2923 1912 οὖν
2961 1860 3057 1930 τὴν
3082 1861 3409 1928 ἐπαγγελίαν
3432 1861 3523 1914 τοῦ
3559 1862 3798 1930 γράμματος

2322 1952 2511 2022 ἀρκεῖν
2560 1949 2830 2022 οἰηθῶμεν
2881 1951 3017 2022 πρὸς
3067 1952 3366 2021 σωτηρίαν,
3419 1951 3710 2021 ἀμελοῦντες
3743 1949 3799 2001 τοι]

2320 2043 2612 2114 δράματος,
2643 2042 2777 2114 μηδὲ
2820 2042 2897 2113 τῷ
2939 2042 3132 2111 ψαύειν
3163 2044 3260 2112 τῆς
3295 2044 3616 2113 ἀναιμάκτου
3655 2041 3797 2101 θυσίας,

2322 2132 2558 2202 ἐγγίζειν
2583 2132 2703 2203 Θεῷ
2731 2133 3142 2203 φαντασθῶμεν.
3169 2135 3241 2186 Τὸ
3261 2133 3364 2205 γὰρ
3395 2135 3637 2205 πράττειν
3653 2132 3801 2200 θεοπρε-

2319 2223 2436 2288 πῶς
2465 2221 2662 2294 μᾶλλον
2693 2223 2726 2292 ἢ
2760 2222 2821 2275 τὸ
2851 2222 3077 2294 φράζειν
3104 2221 3235 2284 Θεὸς
3268 2221 3628 2292 ἐμφανίζεται.

2896 2504 3142 2558 uersis
3171 2505 3289 2570 Ριιν.

2387 2596 2652 2652 Τίέστινὸ
2667 2596 2816 2665 λέγει
2839 2598 2866 2650 ὁ
2884 2595 3106 2666 Κύριος,
3122 2596 3204 2647 ὅτι
3231 2594 3372 2647 Ἐὰν
3395 2594 3430 2645 ό
3451 2590 3715 2661 ὀφθαιμός
3727 2604 3802 2640 σοι*

2318 2690 2353 2742 ὀ
2386 2686 2582 2753 δεξιὸς
2616 2685 2979 2754 σκανδαλίζῃ
3017 2702 3110 2748 σε,
3143 2684 3315 2749 ἐξελε
3354 2683 3560 2744 αὑτὸν,
3594 2681 3676 2735 καὶ
3700 2679 3802 2745 ﬁdis

2314 2778 2436 2834 ἀπὸ
2468 2779 2612 2833 σοῦ·
2646 2779 2744 2831 καὶ
2767 2778 2874 2832 ἐὰν
2899 2778 2938 2844 ἡ
2959 2777 3086 2845 χείρ
3112 2791 3227 2830 σου
3261 2778 3298 2845 ἡ
3320 2775 3492 2839 δεξιὰ
3521 2771 3802 2836 σκανδαλίζει

2317 2886 2411 2935 σε,
2446 2869 2714 2937 ἔκκοψον
2737 2868 2952 2936 αὐτὴν,
2975 2869 3072 2922 καὶ
3097 2867 3257 2931 ,ϐάλε
3277 2866 3393 2920 ἀπὸ
3430 2865 3577 2928 σοῦς

2918 2961 3278 3027 Ἀπόκρισις.

2390 3053 2682 3124 Ὀφθαλμῷ
2697 3054 2792 3106 καὶ
2817 3053 2960 3123 χειρὶ
2976 3053 3144 3123 δεξιᾷ,
3167 3051 3406 3121 Χριστὸς
3423 3053 3452 3104 ὁ
3475 3039 3799 3114 άῦπνοςόφθσὶ·

2320 3146 2439 3218 μδς,
2472 3148 2566 3200 καὶ
2608 3145 2755 3211 δεξιά
2784 3146 2876 3198 τοῦ
2898 3145 3030 3198 Θεοῦ
3063 3146 3157 3197 καὶ
3203 3144 3440 3213 Πατρὸς,
3474 3144 3572 3213 τὴν
3607 3139 3799 3207 ἐγγύτητα

2313 3237 2422 3291 τῶν
2459 3237 2742 3307 ὁμαίμων,
2784 3235 2817 3306 ἢ
2861 3236 2954 3288 καὶ
3006 3235 3114 3287 τῶν
3153 3235 3322 3302 φίλων
3377 3235 3508 3296 τοὺς
3551 3227 3796 3298 ἐπιτηδείοις

2313 3329 2538 3390 εἰκότως
2588 3327 2926 3398 παρείκασε,
2960 3325 3027 3377 δι’
3082 3319 3158 3377 ὧν
3207 3324 3275 3376 τὰ
3326 3324 3582 3394 ἐρεθέντα
3629 3319 3796 3390 δρῶμεν.

2312 3421 2475 3474 οίονεὶ
2524 3421 2637 3482 τοῖς
2666 3419 2758 3472 τοῦ
2807 3417 3058 3488 σώματος
3102 3415 3286 3486 μέλεσι
3322 3418 3466 3485 πρὸς
3501 3416 3664 3468 πᾶσαν
3685 3409 3797 3463 αὐτοῖς

2295 3512 2634 3583 ,συνέργειαν
2687 3509 2959 3580 χρώμενοι
3014 3510 3110 3562 καὶ
3160 3507 3565 3574 συγκινοῦντες.
3599 3507 3733 3557 Ὅταν
3749 3496 3797 3550 ait

2310 3618 2397 3666 τις
2439 3601 2618 3654 αὐτῶν
2661 3599 2956 3652 σκανδάλου
2987 3601 3116 3668 ἡμῖν
3159 3598 3329 3660 αἴτιος
3363 3600 3606 3666 γίνεται,
3636 3592 3798 3662 ἁμαρέὲ

2312 3691 2810 3760 ἐγκαλινδούμενος,
2825 3693 2957 3760 ἡμῖν
2979 3691 3077 3760 μὲν
3101 3689 3389 3760 λοιδορίαν,
3422 3689 3574 3758 αὐτῷ
3598 3689 3637 3740 δ’
3654 3683 3798 3751 ἀτιμέεν

2315 3786 2516 3854 φέρων,
2543 3786 2636 3837 καὶ
2661 3784 3084 3846 δνειδοςοθᾶττον
3115 3784 3367 3852 ἐκτεμεῖν
3400 3785 3625 3842 ἐκεῖνον,
3656 3781 3726 3832 καὶ
3745 3775 3798 3840 τῆς

2312 3871 2489 3935 οἰκίας
2526 3874 2750 3943 εἴργειν,
2776 3871 2869 3924 καὶ
2895 3871 3084 3942 πόρρω
3116 3870 3294 3939 βαλεῖν
3338 3872 3556 3924 ἐαυτῶν
3578 3872 3605 3924 ὁ
3629 3866 3798 3931 θέα-ἦρος

2313 3960 2703 4025 διακελεύεται,
2743 3961 2817 4030 μή
2851 3976 2980 4013 ποτε
3013 3960 3170 4029 δίκην
3198 3958 3389 4029 λοιμοῦ
3427 3962 3633 4029 νεμηθῇ
3655 3958 3731 4024 τὴν

2315 4051 2564 4122 σώματος
2591 4053 2918 4124 γαυρότητα,
2950 4054 3063 4115 τοῖς
3095 4052 3378 4104 εὐεκτοῦσι
3425 4053 3524 4105 καὶ
3555 4047 3799 4122 ipsum

2311 4145 2412 4214 τῆς
2461 4146 2666 4210 οἰκείας
2717 4148 2816 4217 τὴν
2865 4145 3060 4199 ἑαυτοῦ
3110 4147 3394 4216 ὀσφρήσας
3432 4149 3714 4200 κακόνοιαν.
3749 4138 3798 4200 ait

2310 4231 2402 4289 οὖν
2460 4237 2726 4306 προφάσει
2787 4237 3136 4305 φιλοσοφίας,
3195 4236 3294 4307 τὴν
3345 4238 3529 4307 ἀληθῆ
3571 4232 3802 4306 φιλοδοξίαν

2308 4329 2430 4397 ἥτις
2453 4326 2684 4397 ὑπάρχει
2708 4328 2960 4398 Χριστὸς,
2987 4329 3351 4398 ὑπερίδωμεν·
3376 4329 3633 4390 ἁκλινοῦς
3654 4327 3734 4394 γὰρ
3752 4323 3802 4373 ιιὶ

2311 4415 2625 4469 άθωπεύτου
2659 4415 2828 4468 δεῖται
2865 4416 3101 4480 διανοίας
3122 4435 3135 4447 ·
3168 4419 3303 4486 φησὶ
3342 4419 3460 4490 γὰρ
3491 4418 3688 4479 Παῦλος
3710 4410 3803 4477 ὁτῆς

2308 4511 2538 4582 ἀληθοῦς
2561 4511 2753 4580 σοφίας
2783 4511 3063 4582 ἔμπλεως·
3087 4512 3335 4580 Χριστὸς
3363 4514 3484 4584 γὰρ
3521 4510 3660 4565 Θεοῦ
3689 4508 3805 4561 δύνα-

2305 4621 2427 4673 μις,
2457 4603 2553 4654 καί
2587 4602 2733 4655 Θεοῦ
2760 4603 2962 4670 σοφία,
2991 4603 3050 4655 οὐ
3076 4603 3166 4654 τὸν
3194 4601 3348 4670 λόγον
3387 4605 3585 4672 μόνον,
3621 4600 3732 4656 ἀλλὰ
3754 4596 3806 4648 καὶ

2309 4693 2398 4746 τὸν
2429 4693 2542 4763 βίον
2567 4709 2623 4744 σε
2634 4691 2923 4762 μνύνουσα.

2885 4895 3130 4948 nem):
3167 4899 3329 4962 man

2375 5007 2440 5059 Τί
2472 5007 2725 5078 σημαίνει
2764 5008 2793 5059 ὁ
2819 5008 3042 5080 Κύριος,
3074 5010 3152 5080 τῷ
3188 5012 3567 5081 κατηραμένῳ
3593 5003 3808 5078 ὀφειήμᾶ

2303 5092 2395 5150 ius
2425 5101 2643 5168 φρονεῖν
2669 5098 2904 5152 κελεύων
2923 5116 2935 5128 ³
2974 5100 3226 5154 Γίνεσθε
3258 5102 3545 5171 φρόνιμοι
3569 5103 3644 5166 ὡς
3663 5103 3690 5152 ὀ
3711 5097 3806 5163 ἄξειν

2304 5188 2397 5239 καὶ
2425 5187 2686 5255 ἀκέραιοι
2705 5188 2787 5253 ὠς
2811 5191 2869 5242 αἱ
2897 5189 3239 5256 περιστεραί
3259 5204 3281 5253 ;

2915 5366 3264 5433 Ἀπόκρισις.

2375 5456 2673 5527 Φρονίμους
2703 5458 2848 5528 ἡμᾶς
2878 5457 3144 5529 ὑπάρχειν
3172 5463 3200 5513 ὁ
3233 5459 3445 5532 Κύριος
3474 5463 3702 5534 βούλεται
3720 5454 3810 5510 κατᾶ

2306 5545 2398 5598 τὸν
2425 5547 2570 5614 ὅφιν,
2601 5549 2659 5602 ἐν
2687 5547 2848 5600 παντὶ
2878 5547 3036 5618 δεινῷ
3070 5550 3102 5620 ἢ
3133 5552 3432 5623 πειρασμῷ
3467 5554 3587 5622 τὴν
3614 5545 3813 5620 κεφαλὴν

2307 5637 2729 5708 συντηροῦντας,
2763 5639 2884 5709 ἥτις
2914 5639 3086 5695 ἐστὶν
3121 5645 3154 5694 ὀ
3185 5643 3475 5713 Χριστὸς,
3507 5645 3678 5706 καθώς
3705 5649 3811 5708 ςηππ

703 5771 1286 5880 "Hannonem.
1363 5813 1789 5880 "l(10r.t,24.
1868 5809 2123 5865 "Matth.
2161 5828 2215 5878 ι,
2247 5811 2330 5868 16.
