4006 6386
204 366 338 420 μου

199 482 235 537 ὁ
264 487 313 534 Ἀ
331 484 597 551 πόστολος.
628 489 686 541 '0
711 490 820 561 γάρ
850 490 972 552 ζφις
999 491 1104 543 ὑπὸ
1124 490 1316 561 βροτοῦ
1356 493 1583 566 δυνάμει
1607 514 1776 551 κατα-

201 573 424 642 ληφθεὶς
440 575 561 629 ὅλον
604 579 703 648 μὲν
727 578 807 649 τῷ
838 580 1054 634 παίοντι
1086 582 1150 634 τὸ
1181 582 1339 652 σῶμα
1372 587 1619 656 προΐεται
1639 605 1651 617 ·
1682 587 1781 659 τὴν

199 662 257 717 δὲ
292 666 533 737 κεφαλὴν
560 669 802 740 ἄτρωτον
832 676 1095 743 φρουρεῖν
1135 677 1464 744 μηχανᾶται.
1500 680 1780 733 Κατευνα-

202 755 428 825 ξάμενος
468 760 526 812 ὄὲ
574 761 669 814 καὶ
715 762 1029 828 καθεύδων,
1057 766 1327 836 τροχίζων
1353 770 1564 835 ἑαυτὸν,
1607 772 1780 843 μέσην

201 850 321 901 ὅλου
351 851 445 905 τοῦ
496 851 746 923 σώματος
789 857 1033 929 κεφαλὴν
1060 859 1442 930 ἀσφαλίζεται,
1476 865 1643 918 οἱονεὶ
1669 880 1780 918 τει-

201 941 304 1011 χίῳ
336 942 415 1011 τῷ
454 945 777 1017 ἐφεπομένῳ
822 947 965 1019 ὁλκῷ
1011 952 1359 1023 περιοχυρῶν
1390 955 1565 1025 αὑτήν
1599 971 1613 985 ·
1645 956 1781 1010 ἀλλά

201 1035 294 1086 καὶ
318 1035 498 1103 σοφῶς
524 1038 621 1108 τὴν
639 1040 942 1095 παλαίωσιν
971 1045 1286 1110 ἀποδύεται,
1307 1047 1364 1099 ὲν
1391 1052 1640 1120 στενωπῇ
1671 1068 1779 1103 τινι

202 1126 552 1194 παρεισδύσει
586 1128 1028 1200 θλιϐόμενος,καὶ
1061 1134 1120 1186 τὸ
1154 1137 1329 1206 γῆρας
1357 1138 1775 1208 ἀποτιθέμενος.

202 1213 458 1268 Βούλεται
502 1219 681 1272 τοίνυν
712 1222 805 1274 καὶ
834 1224 982 1292 ἡμᾶς
1016 1224 1104 1279 διὰ
1136 1227 1232 1293 τῆς
1258 1232 1450 1299 στενῆς
1470 1231 1561 1282 καὶ
1587 1231 1778 1284 ἐπιπό-

201 1322 292 1357 νου
319 1306 440 1359 όδοῦ
470 1308 956 1382 διεκθλιϐομένους,
984 1316 1076 1369 τὸν
1102 1318 1329 1371 παλαιὸν
1348 1319 1635 1391 ἄνθρωπον
1666 1323 1777 1376 ἀπ-

201 1397 516 1463 εκδύεσθαι,
550 1403 644 1455 καὶ
690 1403 782 1457 τὸν
821 1405 939 1458 νέον
964 1410 1463 1478 ἀνταμφιέννυσθαι
1513 1413 1606 1466 τὸν
1654 1416 1775 1467 κατ’

200 1490 382 1542 εἰκόνα
411 1492 573 1545 αὑτοῦ
625 1495 1098 1568 ἀνακαινούμενον.
1150 1500 1295 1571 Πρὸς
1335 1500 1392 1554 δὲ
1435 1503 1649 1568 τούτοις
1682 1507 1776 1559 καὶ

199 1580 297 1649 τὴν
329 1582 540 1635 ἐκείνου
572 1588 904 1657 πανουργίαν
934 1590 1026 1643 ἐπὶ
1054 1590 1115 1643 τὸ
1157 1594 1404 1661 κρεῖττον
1446 1596 1729 1664 μιμεῖσθαι
1758 1614 1771 1628 ⁸

200 1672 294 1723 καὶ
324 1672 401 1735 ὡς
445 1676 654 1739 ἐκεῖνος
693 1678 1044 1744 θωπευτικῶς
1092 1683 1239 1753 ἡμᾶς
1294 1686 1374 1747 είς
1426 1685 1638 1739 ὄλισθον
1680 1690 1775 1742 καὶ

200 1762 511 1831 παράϐασιν
544 1769 887 1839 ἐπηγάγετο’
923 1772 1096 1837 οὑτως
1126 1776 1218 1828 καὶ
1258 1779 1407 1847 ἡμᾶς
1446 1780 1772 1853 πανούργως

196 1854 312 1915 τοῖς
349 1854 516 1918 πέλας
553 1862 995 1931 προερχομένοις,
1026 1864 1377 1937 ὑποσπείρειν
1418 1869 1486 1921 τὰ
1541 1871 1642 1941 τῆς
1690 1873 1770 1925 πί-

200 1957 389 2007 στεως,
422 1948 513 1999 καὶ
545 1950 910 2021 ἐπαναγαγεῖν
955 1955 1135 2021 πάλιν,
1168 1959 1262 2011 καὶ
1310 1962 1602 2016 συνάπτειν
1626 1964 1764 2035 Θεῷ.

198 2036 270 2088 Τὸ
308 2034 400 2091 οὖν
419 2039 577 2110 σῶμα
608 2046 719 2106 τοῖς
752 2044 840 2098 διὰ
884 2047 1117 2117 Χριστὸν
1149 2050 1421 2114 αίκίζουσι
1452 2057 1767 2127 προϊέμενοι

198 2132 635 2198 καταξαίνεσθαι,
675 2136 772 2207 τὴν
808 2141 1047 2211 κεφαλὴν
1097 2141 1335 2215 ἄτρωτον
1377 2149 1540 2200 παντὶ
1592 2150 1769 2204 σθένει

198 2221 548 2312 φυλάξωμεν·
576 2228 696 2297 ἥτις
727 2231 872 2283 ἐστὶν
897 2235 927 2301 ή
968 2235 1049 2297 είς
1091 2236 1325 2306 Χριστὸν
1365 2239 1545 2303 πίστις
1575 2242 1732 2312 ήμῶν
1752 2259 1765 2273 ο

200 2311 320 2379 μηδ’
352 2309 418 2365 αὖ
474 2314 633 2368 πάλιν
682 2318 775 2371 τοῦ
810 2320 995 2374 θιάσου
1040 2325 1428 2393 εὑσταθοῢντος
1472 2332 1566 2384 καὶ
1618 2334 1772 2403 εἰρη-

195 2404 457 2470 νεύοντος,
480 2408 840 2482 ἀμελήσωμεν
873 2415 971 2485 τῆς
1004 2416 1111 2470 τῶν
1141 2419 1353 2489 ἀρετῶν
1394 2426 1644 2479 συντόνου
1676 2427 1764 2495 ἐρ-

194 2498 391 2563 γασίας
411 2515 423 2528 ’
455 2501 693 2570 τρίϐωνα
715 2544 728 2565 ,
760 2507 852 2558 καὶ
886 2508 1115 2580 ὑπήνην,
1156 2514 1250 2566 καὶ¹
1302 2513 1532 2587 βάκτρον
1579 2519 1769 2589 ἀρκεῖν

196 2590 328 2658 ἡμῖν
358 2592 493 2661 πρὸς
522 2592 769 2656 ὲξάνυσιν
809 2598 907 2667 τῆς
940 2601 1238 2673 ἀγγελικῆς
1288 2607 1561 2672 πολιτείας
1587 2610 1766 2681 οίόμε-

194 2697 297 2743 νοι,
316 2684 425 2745 τοῖς
459 2684 709 2754 ὀργάνοις
732 2689 829 2758 τῆς
852 2690 1240 2765 διδασκαλικῑῃ
1264 2697 1536 2761 πολιτείας
1562 2701 1768 2771 ὲναμα-

198 2773 475 2844 ρευόμενοι
495 2793 508 2806 ·
542 2777 640 2848 τὴν
671 2779 727 2831 δὲ
771 2782 949 2851 πάλην
980 2784 1074 2836 καὶ
1112 2786 1289 2857 μάχην
1320 2789 1677 2857 ἐκκλίνοντες,
1708 2794 1766 2860 ἐξ

192 2861 261 2935 ἧς
307 2867 339 2936 ἠ
391 2869 513 2937 νίκη
559 2870 636 2941 τῷ
686 2872 910 2945 ὑπηκόῳ
954 2879 1341 2949 προσγίνεται,
1388 2882 1767 2955 προσθωρακι-

194 2958 371 3011 σθέντι
392 2958 470 3030 τῷ
495 2960 638 3032 λόγῳ
665 2967 764 3034 τῆς
794 2966 1049 3032 πίστεως.

765 3077 1011 3132 ΠΕΥΣΙΣ
1039 3082 1199 3148 pur.

261 3186 457 3251 Καλῶς
493 3189 563 3243 τά
604 3192 731 3262 περὶ¹
758 3192 851 3246 τοῦ
886 3194 1060 3263 ὄφεως
1094 3199 1224 3268 ἡμῖν
1254 3199 1612 3266 διεξελθόντος
1639 3220 1756 3267 σου,

190 3276 424 3346 δεόμεθα
450 3280 543 3332 καὶ
582 3281 649 3334 τά
676 3284 804 3353 περὶ
845 3286 939 3353 τῆς
968 3290 1301 3357 περιστερᾶς
1323 3289 1575 3354 ἀκοῦσαι,
1599 3292 1685 3346 διὰ
1707 3294 1759 3345 τί

194 3369 363 3438 αὑτὴν
382 3369 458 3439 τῷ
480 3371 603 3438 ὑφει
628 3372 935 3440 συνέταξεν,
961 3378 1226 3449 ἀκεραίαν
1248 3382 1343 3433 καὶ
1365 3381 1569 3437 ἄκακον
1589 3383 1762 3455 αὑτὴν

190 3458 456 3531 ὑπάρχειν
481 3462 654 3532 δηλῶν
676 3483 690 3530 ;

799 3577 1159 3644 Ἀπόκρισις.

277 3676 427 3729 Ἐπεὶ
480 3678 739 3749 φρόνιμος
787 3681 884 3750 μὲν
939 3683 1182 3754 ὑπῆρχεν
1215 3686 1242 3737 6
1269 3685 1414 3754 ὄφις,
1454 3688 1555 3741 οὑκ
1591 3691 1672 3753 εἰς
1700 3692 1761 3744 τὸ

192 3765 395 3832 ἀγαθὸν
428 3767 507 3830 δὲ,
542 3770 798 3823 συνάπτει
832 3772 861 3823 ό
899 3771 1102 3843 Κύριος
1142 3777 1206 3845 τῇ
1241 3778 1499 3848 φρονήσει
1529 3779 1591 3832 τὸ
1618 3779 1759 3834 ἀκα-

193 3872 290 3908 κον
313 3857 407 3908 καὶ
428 3857 689 3929 ἀκέραιον
710 3861 807 3929 τῆς
837 3866 1164 3934 περιστερᾶς
1183 3882 1196 3895 ·
1217 3864 1391 3929 οὑτως
1426 3870 1525 3940 τὴν
1552 3888 1761 3943 σωφρο-

192 3948 359 4019 σύνην
411 3952 732 4021 παριστῶν,
787 3959 1002 4024 φρονεῖν
1065 3958 1198 4027 μὲν,
1234 3961 1507 4030 ἀκεραίως
1559 3963 1615 4017 δὲ
1666 3967 1760 4020 καὶ

188 4042 432 4106 ἀκάκως,
472 4043 544 4114 μὴ
583 4046 928 4115 ἑρπυστικῶς
970 4050 1064 4101 καὶ
1093 4050 1450 4122 χαμαιζήλως
1488 4056 1629 4109 κατά
1667 4058 1758 4110 τὸν

191 4134 337 4200 ὅφιν,
369 4134 482 4187 ἀλλ’
529 4137 811 4205 οὑρανίους
858 4141 995 4209 πρὸς
1037 4142 1166 4195 Θεὸν
1215 4143 1631 4215 ἀνιπταμένους.
1665 4150 1757 4201 Γί-

193 4228 346 4279 νεσθε
396 4228 685 4297 φρόνιμοι,
731 4232 897 4299 φησιν
936 4232 964 4283 6
1011 4233 1242 4304 Κύριος,
1274 4235 1349 4298 ὡς
1387 4239 1416 4290 ό
1459 4237 1580 4306 ὄφις
1635 4240 1755 4294 καθ’

188 4318 218 4368 ὑ
229 4317 362 4385 μῶν,
383 4320 475 4371 καὶ
506 4320 661 4388 ὑμεῖς
695 4322 812 4373 κατ’
850 4323 1012 4375 αὐτοῦ
1052 4327 1399 4396 σοφιζόμενοι
1418 4345 1432 4359 ⁸
1456 4330 1531 4395 ὡς
1552 4334 1757 4396 ἐκεῖνος

187 4410 332 4479 ὑμᾶς
364 4411 461 4475 τῆς
507 4414 781 4484 μακαρίας
806 4415 968 4484 ζωῆς,
1005 4418 1097 4469 καὶ
1124 4419 1277 4488 ὑμεῖς
1314 4421 1474 4473 αὑτὸν
1494 4423 1593 4493 τῆς
1626 4426 1754 4477 ἑαυ-

185 4501 297 4556 τῶν
324 4503 595 4574 διαγωγῆς
637 4506 913 4577 ὲξορίσατε
949 4523 963 4536 ⁸
1001 4509 1097 4562 καὶ
1133 4511 1381 4581 ἀκέραιοι
1430 4514 1523 4567 καὶ
1559 4515 1754 4569 ἄκακοι

185 4594 321 4664 πρὸς
353 4596 480 4659 τοὺς
525 4597 693 4660 πέλας
740 4598 816 4659 ὡς
865 4601 898 4669 ἡ
941 4601 1272 4673 περιστερά,
1315 4604 1501 4674 μηδενὶ
1546 4606 1754 4675 βροτῶν

184 4688 370 4750 κακῶς
394 4690 1009 4760 ἀνταμειϐόμενοι.Φασὶ
1036 4694 1146 4763 γάρ
1171 4695 1310 4766 ὑπὲρ
1332 4698 1511 4750 πᾶσαν
1539 4698 1749 4768 ὄρνιθα,

184 4777 277 4829 καὶ
311 4778 377 4831 τά
404 4777 564 4831 λοιπά
588 4780 831 4851 ἀερόϐια,
856 4783 1059 4836 ἄκακον
1089 4785 1186 4855 τὴν
1218 4786 1546 4857 περιστερὰν
1578 4790 1754 4863 ὑπάρ-

180 4886 320 4937 χειν,
364 4870 458 4922 καὶ
490 4872 623 4940 μηδὲ
669 4873 837 4943 αὐτὴν
866 4873 1007 4943 ἔχειν
1052 4876 1113 4928 τὸ
1155 4876 1458 4946 χολιοδόκον
1497 4879 1746 4951 ὄργανον.

190 4958 427 5031 Ἑτέρως
460 4979 538 5024 τε,
571 4964 767 5033 ἀρετῆς
815 4964 909 5017 καὶ
940 4966 1134 5030 κακίας
1163 4969 1220 5020 ὲν
1268 4971 1378 5031 τοῖς
1417 4969 1511 5023 δύο
1540 4971 1750 5037 τούτοις

180 5053 341 5115 ζώοις
380 5054 478 5116 τὰς
528 5054 700 5124 ἀρχάς
746 5056 1103 5127 εὑρίσκομεν,
1138 5060 1472 5130 κατάλληλον
1516 5064 1753 5134 ἑκάστης

177 5144 463 5215 ἀγαμένης
489 5145 718 5216 ὄργανον
751 5164 765 5179 ⁸
799 5149 898 5218 τὴν
945 5150 1045 5219 μὲν
1074 5151 1270 5205 κακίαν
1305 5152 1379 5216 ὼς
1403 5154 1627 5226 βαρεῖαν
1657 5159 1753 5211 κα)⁸

177 5234 538 5308 χαμαίζηλον,
575 5239 669 5291 καί¹
714 5239 1047 5311 ἐρπυστικὴν
1091 5243 1148 5295 ὲν
1194 5243 1273 5313 τῷ
1309 5244 1479 5316 όμοίῳ
1522 5248 1750 5319 γενομέ-

176 5345 278 5396 νην
306 5344 319 5355 ·
349 5326 447 5397 τὴν
492 5327 548 5380 δὲ
580 5329 778 5399 ἀρετὴν
826 5329 901 5393 ὡς
935 5330 1085 5386 θείαν
1114 5333 1209 5386 καὶ
1241 5336 1562 5402 ἐπουράνιον
1593 5341 1649 5391 ὲν
1672 5338 1751 5407 τῷ

177 5419 531 5491 οὑρανοπόρῳ
566 5421 782 5491 πετηνῴ
813 5423 1192 5491 ἀναφανεῖσαν,
1218 5428 1279 5479 τὸ
1314 5428 1599 5498 φιλεύνουν
1651 5430 1747 5485 τοῦ

178 5513 316 5564 Θεοῦ
366 5513 868 5583 ἀνακηρύττουσαν.
897 5516 1065 5584 Δῆλον
1104 5517 1201 5589 ίάρ
1246 5520 1328 5572 ὅτι
1367 5519 1455 5573 διὰ
1479 5521 1570 5574 τοῦ
1606 5521 1751 5575 Θείου

180 5602 493 5672 Πνεύματος
518 5606 573 5656 αί
603 5606 795 5676 ἀρεταὶ
849 5606 1056 5677 βροτοῖς
1087 5610 1450 5681 ὲνεργοῦνται.
1490 5614 1661 5667 Τοῦτο
1692 5616 1750 5668 δὲ

180 5695 343 5747 πάλιν
390 5696 487 5765 μὲν
528 5697 586 5747 ὲν
636 5698 809 5769 τῇίὲκ
836 5697 964 5768 τῆς]
981 5699 1165 5773 θεῖκῆς
1203 5702 1307 5755 ὑπὸ
1346 5704 1442 5755 τοῦ
1485 5705 1607 5759 Νῶε
1660 5706 1749 5773 ἐξ-

258 5849 301 5879 ³⁸
336 5848 529 5919 Ephes.
568 5867 641 5920 tv,
680 5853 783 5919 15;
817 5869 867 5921 v,
901 5853 991 5913 25.
1071 5858 1114 5890 ⁸⁸
1159 5859 1369 5917 Coloss.
1411 5875 1491 5925 ιιι,
1525 5859 1576 5915 9.

1536 375 1884 436 DIALOGUS
1923 380 2012 435 IV.

3323 387 3461 445 H70

1883 498 1969 553 lus
1998 499 2065 554 ⁸³.
2104 498 2339 569 Serpens
2397 500 2544 555 enim
2572 500 2869 557 difﬁculter
2911 502 3335 574 comprehensus
3378 516 3460 559 to-

1883 601 1996 644 tum
2013 592 2233 660 quidem
2255 591 2576 662 percutienti
2611 606 2813 663 corpus
2829 594 3075 658 exhibet,
3097 602 3455 664 caputautcm

1882 685 2111 739 illaesum
2140 684 2417 740 custodire
2447 694 2696 741 conatur.
2743 686 2807 751 Et
2841 686 3014 755 quieti
3042 701 3100 739 se
3130 686 3350 741 tradens
3401 695 3457 740 et

1880 775 2165 830 dormiens
2197 816 2211 841 ,
2272 777 2629 846 semetipsum
2680 785 2886 840 rotans,
2917 777 3151 830 medium
3203 777 3343 831 intra
3373 785 3455 831 to-

1881 879 1994 921 tum
2022 883 2221 938 corpus
2270 857 2433 938 caput
2462 869 2789 929 communit,
2823 868 2987 922 veluti
3037 883 3198 923 muro
3250 884 3449 923 conse-

1879 958 2067 1028 quenti
2094 966 2272 1012 tractu
2324 957 2749 1012 circumvallans
2793 958 2996 1027 ipsum.
3050 958 3155 1012 Sed
3190 966 3245 1012 et
3292 969 3450 1014 vetu-

1881 1057 2077 1103 statem
2104 1048 2383 1117 sapienter
2412 1048 2584 1111 exuit,
2632 1062 2697 1101 ac
2754 1046 2807 1101 in
2862 1057 3096 1117 angusto
3140 1049 3326 1117 aliquo
3366 1050 3453 1103 in-

1880 1154 2071 1209 gressu
2097 1153 2472 1208 compressus.
2525 1139 2738 1194 senium
2787 1139 3033 1208 deponit.
3060 1138 3187 1193 Vult
3212 1141 3380 1210 igitur
3399 1150 3453 1195 et

1880 1242 1981 1282 nos
2017 1244 2112 1300 per
2140 1238 2430 1297 angustam
2457 1237 2511 1282 et
2548 1228 2884 1283 laboriosam
2917 1230 3062 1285 viam
3108 1246 3333 1299 pressos
3362 1247 3453 1287 ve-

1879 1319 1979 1372 teri
2018 1320 2237 1373 homine
2268 1320 2416 1383 exui,
2453 1328 2506 1373 et
2570 1334 2713 1373 novo
2742 1321 2955 1385 vestiri,
3012 1321 3107 1391 qui
3146 1321 3219 1376 sit
3250 1337 3453 1376 secun-

1877 1409 2007 1461 dum
2051 1409 2226 1477 ipsius
2249 1409 2542 1477 imaginem
2580 1418 2876 1465 renovatus
2900 1411 2973 1463 ⁸⁶.
3002 1410 3084 1464 Ad
3110 1411 3246 1471 haec.
3282 1411 3448 1477 etiam

1877 1500 2025 1555 illius
2070 1503 2369 1556 versutiam
2415 1502 2474 1554 in.
2536 1502 2748 1555 meliori
2787 1503 3023 1570 imitari;
3086 1513 3141 1559 et
3192 1504 3454 1575 quemad-

1877 1591 2097 1645 modum
2131 1592 2223 1645 ille
2250 1591 2527 1645 adulando
2550 1606 2649 1646 nos
2707 1592 2761 1646 in
2791 1593 3007 1661 lapsum
3039 1602 3100 1647 et
3138 1602 3450 1664 transgres-

1878 1684 2088 1737 sionem
2140 1685 2387 1738 seduxit:
2439 1685 2510 1737 ita
2539 1693 2591 1738 et
2628 1699 2725 1738 nos
2772 1692 2952 1738 astute
3000 1684 3267 1754 proximis
3294 1699 3465 1738 acre-7

1877 1773 2132 1828 dentibus
2153 1790 2511 1846 suggeramus
2530 1792 2652 1843 qua:
2681 1785 2809 1829 sunt
2832 1775 2975 1840 fidei,
3013 1775 3451 1844 reducamusque

1874 1880 2068 1920 rursus
2105 1876 2161 1919 et
2188 1865 2592 1935 conjungamus
2633 1865 2762 1919 Deo.
2792 1864 2988 1919 Totum
3025 1867 3206 1935 itaque
3249 1882 3459 1935 corpus

1876 1955 1942 2009 iis
1964 1956 2057 2024 qui
2110 1967 2329 2026 propter
2372 1957 2652 2012 Christum
2690 1957 2982 2026 ﬂagellant,
3033 1959 3100 2011 ad
3148 1958 3449 2013 dilaceran-

1873 2045 2002 2099 dum
2034 2045 2376 2109 exhibentes,
2410 2056 2575 2114 caput
2619 2047 2847 2101 illaesum
2896 2046 3045 2099 omni
3093 2047 3291 2100 robore
3334 2061 3449 2101 ser-

1872 2151 2084 2200 vemus,
2112 2138 2255 2207 quod
2282 2148 2366 2192 est
2400 2138 2535 2192 ﬁdes
2582 2146 2773 2191 nostra
2823 2138 2876 2190 in
2928 2137 3233 2191 Christum.
3262 2135 3448 2207 Neque

1872 2225 1999 2279 item
2042 2238 2187 2282 cmtu
2222 2244 2384 2282 sacro
2420 2228 2556 2282 bene
2592 2228 2823 2282 habente
2848 2235 2902 2279 et
2931 2227 3219 2295 tranquille
3258 2237 3447 2297 agente

1872 2316 2019 2371 illam
2047 2319 2386 2390 ncgligamus
2435 2320 2699 2374 virtutum
2750 2321 3012 2373 intentam
3052 2318 3445 2387 operationem,

1870 2412 2095 2481 pallium
2125 2420 2179 2465 et
2213 2412 2439 2465 barbam
2487 2422 2542 2467 et
2601 2414 2858 2468 baculum
2894 2413 3141 2467 subicere
3182 2413 3339 2467 nobis
3378 2414 3444 2467 ad

1870 2502 2258 2573 perfectionem
2310 2506 2567 2573 angelica:
2612 2506 3053 2593 conversationis
3089 2505 3443 2572 arbitrantes,

1869 2596 2248 2651 instrumentis
2276 2596 2397 2650 vitae
2426 2612 2527 2652 nos
2568 2598 2905 2652 instituentis
2928 2598 3215 2659 instantes,
3244 2599 3441 2652 luctam

1870 2696 2051 2740 autem
2096 2698 2150 2742 et
2198 2704 2435 2758 pugnam
2476 2689 2896 2753 deserentes,ex
2947 2705 3054 2759 qua
3085 2690 3334 2759 provenit
3362 2691 3443 2743 ri-

1867 2775 2039 2829 ctoria
2060 2776 2108 2830 ei
2140 2778 2233 2846 qui
2259 2777 2606 2847 obsequitur,
2658 2778 2751 2847 qui
2800 2786 3051 2832 armatus
3079 2786 3168 2831 est
3196 2778 3448 2841 thorace,

1867 2877 2121 2918 sermone
2147 2865 2290 2920 fidei.

2278 3103 2795 3161 lNTERROGATIO
2845 3106 3046 3163 CXCII.

1937 3214 2233 3288 Postquam
2264 3220 2420 3274 nobis
2451 3221 2609 3287 bene,
2671 3238 2792 3292 quae
2846 3232 3154 3292 serpentem
3210 3238 3439 3278 concer-

1869 3319 2030 3373 nunt,
2076 3311 2422 3376 recensuisti,
2466 3312 2720 3381 cupimus
2750 3322 2804 3367 et
2836 3314 2905 3368 de
2934 3314 3185 3368 columba
3213 3315 3434 3381 audire,

1864 3414 1962 3453 cur
2000 3399 2177 3468 ipsam
2204 3403 2441 3470 serpenti
2470 3403 2837 3473 conjunxerit,
2875 3405 3177 3475 simplicem
3219 3415 3275 3460 et
3302 3407 3435 3461 abs‘

1862 3505 1968 3561 que
2007 3492 2215 3547 malitia
2240 3492 2411 3562 ipsam
2442 3509 2562 3549 eSse
2595 3496 2963 3565 signiﬁcans?
3036 3546 3045 3559 ,

2500 3605 2808 3679 Responsio.

1932 3706 2382 3779 Quandoquidem
2426 3711 2664 3780 prudens
2720 3712 2938 3781 quidem
2965 3713 3067 3768 fuit
3099 3730 3345 3785 serpens,
3378 3724 3433 3770 at

1862 3817 1973 3856 nou
2003 3803 2057 3856 in
2108 3803 2337 3868 bonum,
2363 3804 2649 3873 conjungit
2702 3805 2968 3861 Dominus
3018 3808 3317 3877 prudentiae
3348 3809 3431 3862 in-

1862 3892 2169 3947 nocentiam
2211 3902 2264 3949 et
2292 3894 2695 3963 simplicitatem
2737 3897 3042 3965 columbae;
3079 3899 3160 3954 sic
3187 3900 3429 3970 pruden-

1860 3986 1990 4039 tiam
2028 3987 2440 4052 commendans,
2466 3995 2527 4041 ut
2554 3987 2849 4057 prudentes
2884 3992 3099 4060 quidem
3120 3991 3314 4059 simus,
3334 3995 3428 4047 sed

1860 4076 2183 4146 simpliciter
2234 4079 2651 4147 etinuocenter,
2703 4097 2809 4134 non
2846 4084 3115 4151 serpendo
3161 4094 3213 4137 et
3270 4085 3424 4138 humi

1860 4171 2123 4239 reptando
2143 4173 2317 4226 instar
2339 4174 2628 4243 serpentis,
2654 4176 2745 4230 sed
2768 4176 2818 4227 in
2840 4175 3155 4229 cwlestibus
3173 4176 3235 4228 ad
3259 4175 3426 4230 Deum

1860 4260 2233 4315 subvolantes.
2274 4256 2457 4312 Estote
2479 4261 2786 4327 prudentes,
2814 4265 2993 4334 inquit
3042 4265 3330 4327 Dominus.
3367 4277 3428 4321 ut

1859 4365 2082 4420 serpens
2122 4351 2385 4406 adversus
2440 4368 2558 4418 vos,
2595 4354 2665 4407 ita
2698 4364 2752 4408 et
2804 4370 2903 4409 vos
2947 4355 3211 4411 adversus
3250 4358 3427 4427 ipsum

1861 4442 2157 4510 prudenter
2177 4443 2340 4513 agite.
2371 4442 2526 4499 Sicut
2556 4445 2646 4500 ille
2664 4461 2758 4499 vos
2780 4461 2810 4499 e
2831 4447 2988 4501 beata
3007 4448 3141 4513 vita,
3161 4450 3234 4503 ita
3264 4458 3318 4503 et
3335 4466 3427 4503 vos

1864 4532 2039 4601 ipsum
2071 4547 2101 4587 e
2134 4542 2317 4588 vestro
2335 4537 2618 4591 consortio
2636 4536 2852 4603 eiicite:
2883 4546 2937 4592 et
2963 4538 3238 4607 simplices
3266 4549 3319 4594 et
3345 4542 3427 4593 iu-

1865 4633 2127 4679 noeentes
2157 4640 2287 4695 erga
2318 4627 2602 4696 proximos
2635 4628 2781 4683 sicut
2813 4629 3088 4692 columba,
3114 4631 3249 4684 nulli
3279 4646 3427 4683 mor-

1860 4713 2047 4768 talium
2077 4716 2439 4770 retribuentes
2468 4718 2633 4772 mala.
2669 4717 2921 4772 Tradunt
2961 4719 3109 4773 enim
3137 4734 3246 4788 pra
3288 4734 3425 4774 cun-

1859 4804 1963 4859 ctis
1996 4805 2188 4860 avibus
2213 4807 2537 4877 caaterisque
2565 4807 2891 4878 degentibus
2918 4809 2969 4863 in
2998 4824 3123 4863 aere
3154 4810 3387 4863 innocen

1857 4903 1964 4949 tem
1989 4895 2297 4950 columbam
2316 4913 2456 4960 esse,
2486 4913 2662 4967 neque
2692 4897 2991 4953 felliculum
3021 4899 3243 4960 habere,
3270 4900 3419 4968 quod

1857 4996 1942 5042 est
1961 4988 2081 5043 bilis
2106 5004 2390 5058 organum.
2442 4990 2711 5045 Prmterea
2747 4992 2968 5046 virtutis
3013 5000 3067 5044 et
3121 4991 3340 5045 malitia:
3369 4991 3423 5045 in

1856 5077 2074 5132 duobus
2105 5078 2440 5132 animalibus
2466 5079 2587 5133 istis
2609 5079 2878 5149 principia
2925 5077 3257 5139 invenimus,
3295 5092 3420 5130 cum

1853 5168 2189 5223 conveniens
2212 5171 2428 5240 singula
2447 5170 2871 5225 instrumentum
2900 5168 3421 5224 habeant.Malitiam

1852 5261 2072 5330 quidem
2103 5262 2249 5316 velut
2296 5279 2517 5332 gravem
2579 5272 2635 5317 et
2672 5262 2822 5317 humi
2862 5270 3164 5331 reptantem
3199 5275 3421 5328 serpen-

1852 5359 2071 5419 temque
2119 5352 2175 5406 in
2199 5352 2363 5407 simili
2387 5368 2543 5419 esse;
2585 5353 2840 5407 virtutem
2872 5363 3052 5407 autem
3097 5352 3246 5405 velut
3278 5351 3421 5405 divi-

1853 5456 1977 5496 nam
2003 5451 2166 5512 atque
2193 5444 2470 5499 caelestem
2501 5446 2553 5499 in
2586 5460 2685 5500 ave
2733 5446 2932 5500 coelum
2974 5450 3289 5513 permeante
3323 5457 3421 5510 ap-

1852 5541 2151 5601 parentem,
2212 5533 2306 5587 Dei
2358 5533 2413 5588 in
2460 5535 2760 5589 humanum
2805 5549 2978 5603 genus
3026 5532 3414 5603 benignitatem

1848 5621 2252 5689 praedicantem.
2286 5622 2509 5678 Constat
2530 5625 2700 5690 enim,
2725 5621 2871 5692 quod
2903 5637 2999 5691 per
3025 5621 3271 5674 divinum
3291 5617 3418 5687 Spi~

1851 5712 2014 5768 ritum
2041 5714 2268 5770 virtutes
2311 5714 2366 5769 in
2393 5715 2714 5770 mortalibus
2743 5714 2992 5770 efﬁcaces
3025 5720 3173 5770 sunt.
3199 5710 3258 5767 Id
3292 5709 3417 5781 qui-
