4006 6386
539 401 674 461 1171

539 512 662 568 dem
687 511 815 567 olim
845 511 901 565 in
938 525 1001 566 ea
1032 524 1154 579 quae
1182 524 1248 564 ex
1279 523 1403 564 arca
1444 507 1626 562 divina
1678 523 1710 563 a
1759 506 1873 562 Noa
1903 507 2110 562 emissa

543 606 794 662 columba
828 604 1053 666 factum,
1082 619 1204 673 qua
1228 603 1295 657 ad
1339 602 1587 657 divinum
1619 602 1773 656 illum
1819 602 1994 656 virum
2028 616 2114 654 re-

543 711 704 752 versa
733 707 837 760 est,
866 711 1080 750 ramum
1115 696 1271 749 olivae
1306 709 1429 748 cum
1461 692 1610 748 foliis
1660 692 1861 748 ferens.
1903 692 2004 746 Per
2027 708 2114 745 ra-

549 775 699 841 mum
737 787 960 857 quidem
1007 786 1278 855 lignosam
1325 784 1522 853 legem,
1548 797 1644 853 per
1686 784 1886 852 pingue
1921 782 2114 836 lolium

548 889 729 932 autem
759 891 974 947 semper
993 877 1260 931 virentem
1282 873 1558 944 Evangelii
1579 874 1882 929 doctrinam
1911 872 2112 930 ferens.

547 969 682 1024 Nam
703 986 894 1025 omnes
921 979 1107 1040 gentes
1135 969 1432 1037 complexa
1472 966 1728 1022 Ecclesia
1751 976 1951 1020 nostra
1979 967 2117 1019 ima-

548 1061 745 1126 gofuit
802 1060 1093 1129 omnigena
1159 1056 1288 1112 Noa
1343 1071 1494 1120 arca,
1561 1055 1860 1109 innatantis
1927 1055 2117 1124 pelago

553 1149 775 1204 liuentis
801 1159 855 1202 et
889 1148 1163 1202 instabilis
1225 1146 1389 1216 hujus
1417 1147 1564 1208 vita,
1603 1145 1844 1213 undique
1877 1145 2116 1214 procella

553 1242 908 1296 tentationum
928 1239 1256 1295 circumfusa
1285 1248 1473 1293 nostra
1497 1234 1872 1292 Ecclesia.Per
1889 1248 2108 1304 serpen-

552 1345 660 1388 tem
687 1329 1282 1402 paradisoexcidimus,
1311 1344 1406 1398 per
1431 1328 1742 1383 columbam
1771 1326 2032 1396 Spiritus,
2063 1327 2118 1380 in

550 1424 718 1479 caelos
744 1421 994 1477 subducti
1023 1436 1235 1476 sumus.
1274 1421 1332 1474 In
1362 1419 1528 1490 hujus
1547 1421 1750 1490 quippe
1777 1418 1954 1472 forma
1989 1416 2116 1488 Spi-

551 1511 689 1566 ritus
719 1523 944 1566 sanctus
972 1512 1218 1564 omnium
1236 1509 1495 1564 virtutum
1523 1523 1658 1578 apex
1679 1508 1734 1562 in
1765 1505 2003 1562 Jordane
2026 1523 2120 1560 su-

551 1617 647 1670 per
666 1596 854 1657 Jesum
865 1599 1315 1656 devolavit.lllnm
1331 1596 1548 1667 quidem
1561 1597 1755 1654 Filium
1774 1596 1866 1651 Dei
1889 1607 2084 1653 natura
2102 1629 2117 1640 -

551 1691 656 1745 lem
681 1701 736 1744 et
787 1705 894 1743 non
931 1691 1244 1760 adoptivum
1280 1692 1690 1753 demonstrans,
1726 1690 1884 1744 nobis
1932 1701 2116 1744 autem

551 1775 956 1844 simplicitatem
981 1786 1036 1830 et
1063 1778 1428 1832 innocentiam
1459 1777 1712 1833 aﬂ'erens.
1733 1777 1811 1833 Ne
1839 1796 1969 1848 ergo
1992 1781 2120 1834 sim-

550 1867 765 1937 pliciter
779 1877 837 1921 ut
865 1883 1089 1938 serpens
1114 1869 1179 1922 ad
1195 1871 1568 1925 seducendum
1600 1872 1852 1927 homines
1880 1874 2119 1943 pruden-

554 1969 640 2014 tes
669 1961 865 2025 simus,
894 1963 988 2016 sed
1023 1963 1090 2017 ad
1131 1962 1586 2018 benefaciendum
1613 1973 1761 2019 recte
1792 1966 2076 2035 sapiamus
2104 1983 2116 2018 :

555 2052 760 2122 (inquit
791 2056 937 2108 enim
996 2054 1295 2110 benevolus
1347 2056 1436 2110 ille
1495 2059 1889 2129 prastantique
1941 2068 2122 2114 mente

552 2146 817 2215 praditus
836 2147 1168 2216 Apostolus:
1206 2148 1328 2202 Non
1357 2153 1425 2202 ad
1475 2151 1793 2220 sapiendum
1827 2151 2005 2217 modo,
2031 2152 2122 2204 sed

552 2235 622 2289 ad
664 2247 799 2291 recte
831 2239 1142 2306 sapientium
1168 2239 1251 2291 '7:
1278 2252 1334 2294 et
1371 2257 1590 2296 rursum
1635 2243 1802 2309 idem,
1855 2242 1984 2298 Volo
2019 2261 2114 2297 au-

553 2336 657 2381 tem
686 2345 774 2382 vos
803 2330 1064 2398 sapientes
1115 2331 1325 2399 quidem
1357 2347 1469 2386 esse
1498 2333 1568 2385 ad
1611 2333 1821 2394 bonum,
1859 2336 2124 2403 simplices

553 2431 731 2474 autem
761 2421 829 2474 ad
859 2422 1059 2473 malum
1080 2422 1127 2453 ⁵⁸
1145 2422 1184 2490 ι)
1212 2437 1386 2492 neque
1426 2424 1678 2479 laudibus
1699 2426 1824 2480 elati
1851 2437 1905 2481 et
1929 2428 2118 2492 inﬂati,

553 2525 731 2576 neque
755 2511 1040 2579 vituperiis
1061 2510 1257 2579 dejecti
1288 2521 1344 2566 ct
1379 2513 1567 2566 animo
1599 2514 1970 2571 concidentes.
2005 2515 2122 2570 Non

551 2606 700 2659 enim
731 2612 907 2674 potest
936 2607 1119 2660 verbis
1176 2608 1340 2662 lasus
1361 2617 1416 2661 et
1461 2607 1765 2671 obtestans,
1811 2610 1944 2663 etin
1986 2610 2124 2664 iram

551 2696 950 2753 intoterabilem
976 2713 1290 2768 erumpens,
1353 2701 1636 2768 operarius
1664 2700 1779 2754 ﬁeri
1835 2701 2128 2758 dominica

553 2788 745 2842 vinea.
775 2788 911 2842 Eum
933 2804 1169 2858 namque
1197 2790 1292 2859 qui
1329 2791 1384 2844 in
1424 2807 1586 2844 unam
1625 2807 1920 2860 percussus
1935 2796 2129 2849 maxil-

553 2879 687 2950 iam,
714 2880 876 2942 etiam
909 2880 1133 2934 alteram
1163 2883 1384 2950 prabet,
1410 2884 1756 2954 delinitquod
1783 2887 2004 2955 pondus
2021 2887 2128 2940 diei

557 2980 843 3050 praesentis
873 2973 1054 3034 saeculi
1086 2984 1140 3034 et
1171 2984 1366 3028 astum
1394 2976 1448 3029 in
1476 2992 1542 3030 eo
1582 2981 1943 3032 tentationum
1972 2978 2130 3033 forti-

557 3085 640 3127 ter
667 3071 826 3138 ferat,
858 3071 1428 3142 Dominus,tanquam
1475 3085 1639 3127 omne
1693 3087 1834 3140 opus
1896 3072 2132 3126 laborio-

559 3179 682 3218 sum
700 3165 785 3219 sui
816 3164 1056 3218 mandati
1080 3175 1327 3232 prompte
1358 3165 1680 3234 impleverit.
1711 3161 1821 3221 Nec
1837 3165 1984 3218 enim
2013 3166 2131 3235 ipse

559 3265 804 3324 tempore
817 3265 1127 3326 spontanea
1144 3256 1418 3325 passionis
1435 3272 1465 3310 a
1487 3257 1692 3312 famulo
1711 3273 2004 3328 percussus
2019 3259 2134 3313 vin-

559 3348 895 3417 dieavit,qui
917 3349 986 3401 ab
1008 3347 1310 3402 innumeris
1342 3349 1551 3419 angelis
1585 3351 2021 3405 ministrabatur.
2049 3351 2130 3405 Ad

562 3455 724 3508 quem
755 3439 1090 3492 contendens
1119 3439 1188 3492 ab
1203 3437 1408 3494 Judais
1441 3441 1737 3510 quinquies
1763 3441 2133 3512 quadragenis

561 3545 673 3584 una
710 3529 891 3582 minus
917 3529 1090 3598 plagis
1114 3526 1363 3594 affectus,
1408 3539 1692 3585 mansuete
1719 3532 1986 3601 suscepit,
2020 3532 2136 3586 lon-

562 3618 937 3690 ganimitatem
1001 3617 1204 3672 docens
1242 3619 1476 3674 similem
1523 3619 1658 3686 Deo,
1699 3621 1958 3675 virtutem
2005 3636 2134 3676 vere

563 3713 921 3778 nominatam,
951 3711 1111 3778 cuius
1168 3711 1262 3780 qui
1295 3712 1566 3780 particeps
1619 3721 1725 3778 est,
1751 3713 1820 3766 ab
1849 3713 2134 3767 iracundia

563 3805 754 3876 procul
785 3805 959 3858 abest.
985 3804 1436 3874 Quandoquidem
1464 3805 1628 3876 igitur
1665 3807 1982 3861 omnitnoda
2019 3807 2134 3860 vir-

563 3907 652 3952 tus
688 3897 830 3952 Deus
873 3906 976 3962 est,
1022 3897 1217 3951 merito
1269 3898 1595 3967 longanitnis
1637 3899 1962 3966 appellatur,
2015 3909 2137 3954 tan-

561 4003 744 4058 quam.
777 3989 846 4042 ab
892 3988 1240 4042 animositate
1273 3988 1431 4058 longe
1470 3988 1702 4044 distans.
1752 3988 1928 4055 Quam
1972 3990 2139 4045 etiam

563 4092 806 4136 externa
831 4081 1132 4149 disciplina
1163 4090 1459 4134 sectatores
1499 4080 1859 4135 honorarunt.
1883 4082 2137 4138 Socrates

565 4175 784 4243 quidem
817 4172 1122 4227 Atticorum
1153 4173 1470 4242 dogmatum
1516 4173 1812 4240 legislator,
1848 4189 2139 4243 percussus

565 4281 674 4320 non
707 4265 1031 4331 vindicavit;
1062 4264 1415 4319 Antisthenes
1444 4274 1624 4318 autem
1665 4281 1696 4318 a
1735 4265 1970 4334 quodam
2008 4281 2139 4318 con-

566 4357 833 4412 viciatore
877 4358 930 4409 in
977 4355 1169 4409 faciem
1203 4369 1517 4424 percussus,
1558 4369 1684 4408 cum
1723 4355 1859 4408 nihil
1889 4355 2137 4418 dixisset,

566 4447 724 4508 abiit,
757 4447 876 4500 solo
905 4445 1245 4514 percussoris
1285 4443 1506 4498 nomine
1539 4441 1702 4496 fronti
1754 4443 2036 4513 inscripto,
2072 4460 2141 4498 ne

567 4538 824 4594 insanum
857 4539 941 4592 vel
973 4538 1188 4590 ebrium
1221 4536 1632 4603 suspicarentur
1666 4536 1844 4604 ipsum
1872 4535 1904 4588 ii
1930 4536 2024 4604 qui
2058 4536 2140 4588 vi-

567 4633 781 4687 derant.
817 4629 1045 4700 Epicteti
1075 4645 1202 4682 vero
1226 4643 1387 4681 crure
1428 4644 1456 4680 a
1497 4643 1718 4683 moroso
1750 4629 1975 4682 domino
2008 4645 2141 4684 con-

568 4725 746 4782 vulso,
773 4723 958 4776 multis
981 4720 1322 4790 phi1050phis
1352 4719 1550 4774 silentii
1587 4729 1639 4774 et
1680 4721 1731 4774 in
1763 4721 2020 4790 periculis
2049 4737 2144 4776 oc-

568 4816 717 4868 casio
758 4814 1020 4868 doctrina
1058 4813 1179 4865 fuit.
1214 4811 1263 4864 Is
1311 4811 1456 4865 enim
1498 4815 1588 4880 qni
1629 4812 1986 4881 pltilOsophia
2015 4829 2145 4882 ope—

569 4923 686 4960 ram
715 4907 958 4968 dederat,
1007 4905 1261 4958 dominus
1304 4903 1417 4957 heri
1455 4903 1538 4956 sui
1589 4904 1993 4959 demonstratus
2038 4911 2141 4958 est.

568 4994 649 5051 Ne
679 4997 843 5065 igitur
877 4995 1194 5048 deﬁciamus
1231 4993 1578 5046 contumeliis
1615 4993 1811 5057 al'l'ecti,
1841 4995 1932 5048 sed
1970 4993 2143 5048 nostri

569 5089 928 5150 omniumque
958 5084 1180 5154 Opiﬁcis
1228 5084 1470 5152 vestigiis
1505 5085 1888 5153 ingredientes,
1924 5085 2142 5139 etiamsi

569 5196 763 5237 servus
806 5179 1017 5231 alienus
1061 5177 1222 5228 fuerit
1262 5175 1356 5245 qui
1405 5177 1616 5243 alapam
1667 5177 1967 5246 impcgerit,
2003 5178 2146 5230 divi-

510 5267 523 5277 ’
569 5288 700 5327 nutn
738 5271 959 5322 verbum
991 5279 1045 5321 et
1091 5283 1189 5321 nos
1231 5269 1476 5321 dicamus
1523 5267 1570 5319 ei
1607 5285 1623 5318 :
1660 5265 1720 5320 Si
1755 5269 1963 5336 quidem
2007 5269 2145 5320 male

569 5365 772 5416 loculus
814 5376 952 5420 sum,
1021 5369 1212 5411 testare
1260 5359 1323 5410 de
1370 5359 1546 5421 malo;
1599 5359 1679 5410 sin
1739 5358 1881 5421 bene,
1934 5373 2027 5411 cur
2066 5375 2146 5411 me

568 5454 728 5507 cadis
775 5453 860 5504 "1'
911 5451 1004 5505 Sic
1036 5450 1180 5504 enim
1225 5449 1672 5520 magnanimitate
1701 5450 1866 5503 veluti
1919 5451 2141 5519 sagittta

568 5541 915 5596 adversarius
936 5542 1333 5608 vulnerabitur,
1360 5555 1413 5597 et
1432 5551 1638 5596 mutata
1672 5557 2014 5611 praepropera
2049 5542 2147 5594 lin-

569 5646 685 5700 gua
713 5632 1106 5702 sententiaque
1149 5635 1471 5699 temeritate,
1507 5634 1734 5702 gratiam
1786 5632 1882 5687 tibi
1927 5630 2146 5684 habebit

569 5726 829 5790 tanquam
865 5725 1075 5779 auctori
1099 5726 1311 5781 tradita
1343 5727 1395 5779 in
1427 5726 1621 5780 melius
1653 5724 1993 5779 mutationis.
2022 5721 2140 5778 Non

554 5943 562 5962 ο
643 5877 688 5910 "
723 5876 881 5934 Rom.
923 5895 1019 5946 ιιι,
1050 5881 1103 5936 ’5.

1638 396 1698 451 S.
1738 392 2038 450 CAESAR“
2074 389 2405 448 GRECORII
2444 388 2743 446 FRATRIS

3665 382 3692 436 Ι
3709 382 3810 437 ΠΞ

2219 505 2618 576 αποσταλείσης
2667 502 2997 574 περιστερᾶς
3017 503 3378 578 γενόμενον,ἥ
3405 499 3546 571 «pb;
3579 497 3680 553 τὶν
3715 500 3808 554 Oc.

2219 598 2440 651 σπέσιον
2479 596 2776 666 ἐπανέστη,
2808 594 3018 665 κάρφος
3047 592 3234 656 ἐλαίας
3260 591 3474 661 φύλλων
3520 590 3774 661 φέρουσα

2214 691 2302 744 διὰ
2342 691 2439 762 μὲν
2487 690 2581 744 τοῦ
2616 690 2860 760 κάρφους
2901 688 2994 740 τὸν
3023 684 3234 755 ξυλώδη
3266 686 3430 756 νόμον
3450 723 3466 746 ,
3496 683 3591 736 διὰ
3623 682 3688 735 δὲ
3715 680 3809 734 τοῦ

2216 785 2402 848 πίονος
2434 782 2634 853 φύλλου
2665 782 2766 852 τὴν
2785 779 3014 850 ἀειθαλῆ
3035 779 3144 834 τῶν
3180 778 3528 847 Εὐαγγελίων
3557 776 3815 828 διδασκα-

2215 875 2335 928 λίαν
2359 876 2619 945 φέρουσα.
2666 873 2778 944 Τῆς
2817 873 2925 944 γάρ
2959 870 3224 924 πανέθνου
3276 867 3437 938 ήμῶν
3470 865 3815 934 Ἐκκλησίας

2219 967 2380 1020 εἰκὼν
2433 965 2677 1036 ὑπῆρχεν
2713 967 2746 1035 ἡ
2781 962 3058 1033 παγγενὴς
3088 960 3182 1013 τοῦ
3226 959 3348 1012 Νῶε
3381 957 3630 1020 κιϐωτὸς
3652 997 3668 1019 ,
3697 958 3818 1009 ἐπι·-

2218 1059 2490 1128 νηχομένη
2529 1057 2608 1126 τῷ
2643 1055 2870 1122 πελάγει
2897 1055 2996 1124 τῆς
3027 1052 3260 1124 ῥεούσης
3293 1050 3385 1103 καὶ
3407 1049 3660 1103 ἀστάτου
3687 1045 3818 1099 ταύ-

2219 1168 2316 1220 της
2345 1147 2509 1218 ζωῆς,
2529 1147 2792 1202 πάντοθεν
2811 1147 2889 1217 τῷ
2911 1145 3140 1198 κλύδωνι
3162 1143 3270 1196 τῶν
3298 1140 3634 1214 πειρασμῶν
3663 1156 3818 1209 περι-

2219 1242 2586 1312 αντλουμένης
2634 1239 2789 1310 ἡμῶν
2833 1238 2935 1308 τῆς
2974 1237 3322 1306 Ἐκκλησίας.
3367 1233 3466 1286 Διὰ
3506 1231 3607 1284 τοῦ
3640 1231 3818 1299 ὄφεως

2220 1334 2314 1388 τοῦ
2344 1331 2675 1402 παραδείσου
2702 1327 3135 1398 ἐκπεπτώκαμεν
3169 1343 3182 1357 ·
3213 1325 3303 1378 διὰ
3332 1323 3432 1392 τῆς
3471 1320 3818 1392 περιστερᾶς

2219 1426 2316 1479 τοῦ
2343 1423 2659 1495 Ιῐνεύματος
2691 1424 2774 1485 είς
2806 1421 3069 1492 οὐρανοὺς
3105 1416 3420 1487 ἀνήχθημεν
3453 1431 3469 1445 ο
3507 1415 3567 1466 ἐν
3597 1412 3718 1483 γὰρ
3743 1411 3820 1476 τῷ

2222 1513 2353 1566 εἴδει
2382 1512 2586 1583 ταύτης
2626 1511 2687 1564 τὸ
2720 1510 2864 1563 θεῖον
2890 1507 3114 1578 Πνεῦμα
3139 1509 3172 1577 ἡ
3200 1505 3413 1577 κορώνη
3448 1503 3562 1556 τῶν
3597 1500 3819 1573 ἀρετῶν

2221 1608 2279 1659 ἐν
2311 1604 2390 1676 τῷ
2424 1604 2647 1675 Ίορδᾶνι
2685 1602 2778 1654 ἐπί
2805 1601 2895 1654 τὸν
2931 1597 3138 1670 Ἰησοῦν
3161 1598 3426 1667 κατέπτη·
3460 1597 3688 1647 ἐκεῖνον
3725 1593 3820 1663 μὲν

2224 1697 2396 1751 Παῖδα
2439 1695 2574 1748 Θεοῦ
2628 1693 2876 1762 φυσικόν,
2908 1692 3002 1744 καὶ
3049 1691 3111 1743 οὐ
3144 1688 3296 1742 θετὸν
3323 1685 3774 1740 άποδεικνύουσα
3804 1701 3818 1714 ·

2221 1791 2352 1860 ἡμῖν
2399 1788 2455 1842 δὲ
2505 1788 2566 1840 τὸ
2615 1788 2820 1842 ἄκακον
2881 1779 2976 1838 καὶ
3027 1783 3288 1854 ἀκέραιον
3336 1781 3677 1852 κομίζουσα.
3736 1777 3820 1848 Μὴ

2219 1881 2400 1934 τοίνυν
2442 1880 2600 1950 μόνον
2632 1877 2772 1932 κατὰ
2808 1879 2899 1929 τὸν
2921 1877 3044 1946 δφιν
3073 1877 3154 1937 εἰς
3180 1875 3241 1927 τὸ
3274 1873 3554 1944 πλανῆσαι
3586 1871 3820 1943 βροτοὺς

2223 1975 2608 2043 φρονήσωμεν,
2639 1970 2753 2024 ἀλλ’
2799 1972 2878 2032 είς
2918 1968 2980 2021 τὸ
3033 1966 3390 2037 εὐεργετῆσαι
3425 1960 3484 2017 εὖ
3523 1964 3823 2032 φρονήσω-

2227 2079 2324 2131 μεν
2359 2060 2514 2130 (φησι
2535 2057 2920 2129 γὰρόεῠφρων
2947 2072 3006 2107 τε
3045 2054 3138 2108 καὶ
3166 2052 3424 2114 πολύνους
3459 2049 3822 2110 umis-com,

2227 2157 2349 2208 Οὐκ
2374 2155 2460 2218 είς
2487 2151 2554 2206 τὸ
2569 2151 2812 2221 φρονεῖν
2836 2150 3028 2219 μόνον
3046 2189 3061 2213 ,
3086 2149 3223 2202 ἀλλ’
3245 2149 3331 2212 εις
3354 2145 3424 2198 τὸ
3450 2142 3823 2213 σωφρονεῖν·

2226 2247 2319 2300 καὶ
2353 2245 2516 2299 πάλιν
2545 2246 2575 2298 ὁ
2612 2244 2795 2308 αὐτὸς,
2827 2240 2990 2308 Θέλω
3029 2239 3146 2310 μὲν
3190 2236 3346 2308 ὑμᾶς
3376 2239 3625 2305 σοροὺς
3673 2230 3826 2288 εἶναι

2225 2342 2312 2405 εἰς
2357 2339 2423 2392 τό
2476 2337 2723 2409 ἀγαθόν,
2777 2336 3093 2402 ἀκεραίους
3150 2335 3239 2399 εις
3275 2332 3340 2384 τὸ
3393 2330 3652 2392 καλιάν)-
3703 2326 3826 2397 μηδ’

2227 2431 2527 2502 ἐγκωμίοις
2569 2429 2923 2500 ἐπαιρόμενοι
2952 2427 3045 2480 καὶ
3079 2422 3461 2494 ἐξογκούμενοι
3489 2438 3505 2450 ο
3553 2418 3704 2490 μηδὲ
3736 2418 3832 2487 ψό-

2227 2542 2345 2594 γοις
2379 2524 2691 2594 βαλλόμενοι
2729 2522 2822 2576 καὶ
2858 2519 3127 2580 ἀλύοντες.
3173 2518 3246 2570 Ού
3288 2515 3398 2586 γάρ
3418 2508 3621 2567 οἷόντε
3648 2512 3832 2579 λόγος

2227 2613 2506 2686 τρωθέντα
2527 2614 2620 2666 καὶ
2661 2610 3050 2680 ποτνιώμενον,
3086 2607 3180 2660 καὶ
3222 2606 3357 2675 πρὸς
3390 2603 3566 2672 ὀργὴν
3597 2601 3834 2671 ἄσχετον

2230 2705 2615 2776 ἐκφερόμενον,
2656 2701 2894 2774 ἐργάτην
2922 2696 3180 2768 γενέσθαι
3212 2695 3306 2748 τοῦ
3330 2692 3689 2748 Δεσποτικοῦ
3730 2694 3834 2762 ἀμ-

2232 2797 2492 2861 πελῶνος.
2525 2797 2629 2848 Τὸν
2655 2795 2763 2866 γὰρ
2794 2796 2892 2864 τὴν
2931 2793 3059 2863 μίαν
3095 2791 3322 2858 σιαγόνα
3364 2787 3707 2858 παιόμενον,
3743 2786 3833 2838 καὶ

2231 2889 2330 2958 τὴν
2367 2887 2558 2958 ἐτέραν
2601 2884 2962 2956 προϊέμενον,
2996 2880 3200 2932 ἐκεῖνον
3248 2875 3494 2948 ὁρίζεται
3540 2873 3606 2926 τὺ
3669 2872 3834 2942 βάρος

2233 2982 2331 3050 τῆς
2365 2979 2578 3050 ἡμέρας
2619 2975 2712 3028 τοῦ
2752 2972 3044 3034 ἐνεστῶτος
3079 2969 3292 3032 αἰῶνος,
3315 2967 3533 3020 καὶτὸν
3561 2964 3834 3018 καύσωνα

2237 3071 2345 3124 τῶν
2367 3073 2424 3124 ἐν
2454 3067 2599 3138 αύτῷ
2634 3063 2952 3137 πειρασμῶν
2993 3061 3254 3130 γενναίως
3303 3057 3493 3128 φέρειν
3533 3059 3563 3109 ὁ
3593 3055 3829 3125 Κύριος,

2236 3163 2311 3225 ώς
2340 3164 2520 3216 πᾶσαν
2564 3159 2826 3231 ἐργασίαν
2848 3155 3105 3208 ἐπίπονον
3138 3153 3237 3223 τῆς
3270 3149 3496 3219 ἐντολῆς
3521 3147 3833 3220 προθύμως

2237 3251 2685 3324 ἐκπληρώσαντα.
2728 3249 2790 3300 Εἰ
2828 3243 2938 3314 γὰρ
2965 3242 3126 3304 αὐτὸς
3163 3242 3290 3312 παρ’
3311 3239 3476 3294 αὑτὸν
3501 3239 3712 3308 καιρὸν
3745 3236 3830 3289 τοῦ

2239 3346 2561 3418 αύθαιρέτου
2596 3343 2800 3404 πάθους
2829 3340 2936 3392 ὑπὸ
2971 3337 3180 3391 οἰκέτου
3225 3333 3528 3404 παιόμενος
3558 3333 3675 3384 οὐκ
3697 3331 3833 3400 ἠμύ-

2235 3460 2385 3506 νατο,
2422 3438 2678 3511 μυριάσιν
2705 3434 2950 3504 ἀγγέλων
2970 3429 3367 3498 δουλευόμενος.
3405 3425 3557 3495 Πρὸς
3585 3424 3654 3476 ὃν
3683 3423 3832 3492 ἁμιλ-

2235 3533 2497 3603 λώμενος,
2524 3531 2621 3593 τὰς
2644 3527 2798 3600 παρά
2827 3523 3092 3580 Ἰουδαίων
3125 3520 3382 3582 πεντάκις
3407 3516 3832 3587 τεσσάρακοντα

2238 3626 2390 3696 παρὰ
2439 3625 2569 3694 μίαν
2623 3618 2974 3691 ἐμφορηθεὶς,
3020 3614 3200 3685 ἠπίως
3247 3610 3488 3675 ἐδέξατο,
3549 3607 3831 3678 μακροθυ-

2243 3719 2372 3789 μίαν
2428 3714 2694 3768 παιδεύων
2749 3711 2838 3764 ἵσα
2883 3708 3022 3779 Θεῷ,
3065 3705 3262 3776 ἀρετὴν
3313 3701 3680 3774 φερώνυμον,
3716 3697 3831 3771 ἦςέ

2242 3810 2484 3882 μετέχων
2503 3805 2719 3878 μακρὰν
2749 3804 2857 3856 ἀπὸ
2877 3800 3049 3871 θυμοῦ
3074 3800 3299 3869 γίνεται.
3325 3796 3480 3850 Ἐπεὶ
3510 3791 3610 3848 οὖν
3645 3796 3683 3865 ἠ
3709 3812 3831 3847 παν-

2238 3902 2397 3974 τελὴς
2415 3899 2580 3970 ἀρετὴ
2602 3898 2733 3960 Θεὸς
2753 3895 3008 3966 ὑπάρχει,
3028 3893 3251 3952 εἰκότως
3275 3887 3641 3960 μακρόθυμος
3671 3903 3831 3955 1:905-

2241 3992 2564 4064 αγορεύεται
2589 4031 2602 4051 ,
2629 3990 2704 4052 ὡς
2737 3985 2955 4058 μακράν
2987 3985 3244 4054 ὑπάρχων
3274 3977 3469 4049 θυμοῦ.
3503 3979 3619 4030 Ἠν
3664 3979 3760 4030 καὶ
3791 3977 3829 4027 οὶ

2239 4087 2337 4154 τῆς
2365 4083 2469 4149 ἔξω
2502 4081 2747 4142 παιδείας
2782 4077 3116 4147 ἐτιμήθησαν
3137 4092 3150 4104 ο
3177 4071 3469 4143 Σωκράτης
3507 4069 3615 4138 μὲν

2240 4176 2354 4228 κῶν
2400 4173 2686 4243 δογμάτων
2725 4170 3020 4240 νομοθέτης
3069 4165 3352 4227 παισθεὶς,
3381 4163 3485 4215 οὐκ
3529 4161 3827 4232 ἠμύνατο·

2255 4267 2599 4336 Ἀντισθένης
2637 4265 2742 4318 ὑπό
2789 4280 2933 4325 τινος
2963 4260 3073 4313 τῶν
3116 4256 3384 4329 ὑϐριστῶν
3423 4254 3757 4324 συντριϐεὶς
3782 4252 3832 4303 τὸ

2243 4356 2536 4429 πρόσωπον
2563 4394 2577 4416 ,
2614 4353 2779 4423 μηδὲν
2834 4351 3014 4420 φήσας
3061 4345 3259 4417 ᾤχετο,
3304 4343 3405 4412 τὴν
3443 4342 3832 4412 προσηγορίαν

2247 4450 2408 4519 μόνον
2453 4445 2548 4498 τοῦ
2589 4442 2927 4507 πατάξαντος
2977 4436 3286 4509 ἐπιγράψας
3312 4433 3391 4504 τῷ
3441 4433 3837 4504 μετώπῳ,διά

2243 4542 2303 4594 τὸ
2339 4539 2414 4610 μὴ
2443 4533 2846 4607 δαιμονῶνταῆ
2887 4533 3143 4603 πάροινον
3185 4531 3298 4592 τοῖς
3341 4525 3652 4596 θεωμένοις
3709 4526 3834 4578 6:9-

2245 4629 2556 4685 πτεύεσθαι.
2603 4626 2926 4695 Ἐπικτήτου
2949 4623 3007 4676 δὲ
3043 4620 3104 4674 τὸ
3134 4619 3320 4680 σκέλος
3351 4617 3456 4669 ὑπὸ
3498 4615 3600 4668 τοῦ
3632 4617 3838 4685 μοχθη-

2247 4719 2341 4791 ροῦ
2371 4719 2630 4772 δεσπότου
2659 4714 2933 4785 πηρωθέν,
2970 4712 3181 4773 πολλοῖς
3207 4709 3314 4762 τῶν
3355 4707 3687 4776 φιλοσόφων
3721 4723 3839 4758 σιω-
3923 4707 3925 4764 l

2244 4808 2354 4876 πῆς
2382 4809 2439 4859 ἐν
2463 4809 2577 4868 τοῖς
2607 4804 2873 4866 κινδύνοις
2902 4803 3092 4870 γέγονε
3123 4798 3377 4867 παιδευτή
3388 4813 3525 4867 ριον.
3551 4797 3840 4862 Δεσπότης

2243 4899 2352 4969 γάρ
2395 4896 2490 4950 τοῦ
2537 4895 2885 4958 δεσπόζοντος
2946 4890 3237 4961 ἀπεδείχθη
3291 4887 3705 4958 φιλοσοφήσας.
3755 4888 3841 4954 Μὴ

2245 4986 2338 5042 οῦν
2395 4987 2699 5056 ἁλλοιῶμεν
2753 4984 3150 5054 ὑϐριττὸμενοι,
3209 4980 3342 5034 ἀλλὰ
3372 4977 3467 5031 τοῦ
3532 4980 3703 5047 σφῶν
3756 4982 3842 5032 καὶ

2246 5082 2464 5135 πάντων
2497 5077 2841 5148 Δημιουργοῦ
2883 5075 3004 5127 κατ’
3037 5074 3180 5144 ἴχνος
3213 5070 3509 5141 βαίνοντες,
3549 5070 3667 5122 κᾶν
3701 5070 3842 5122 οἰκέ-

2243 5192 2342 5243 της
2367 5173 2644 5243 ἀλλότριος
2738 5173 2766 5222 ό
2809 5169 3064 5240 ῥαπίσας,
3095 5165 3156 5218 τδ
3178 5164 3321 5217 θεῖον
3351 5165 3509 5232 ῥῆμα
3554 5165 3662 5216 καὶ
3690 5165 3846 5233 ἡμεῖς

2246 5269 2506 5337 φήσωμεν
2532 5261 2680 5331 αύτῴ
2699 5279 2712 5292 ⁸
2745 5263 2814 5312 Ei
2837 5258 2954 5328 μὲν
2977 5256 3171 5322 κακῶς
3203 5255 3511 5320 ἐλάλησα,
3537 5258 3848 5324 μαρτύρη-

2245 5371 2365 5410 σον
2387 5353 2647 5422 περὶτοῦ
2681 5349 2868 5404 κακοῦ
2891 5365 2906 5382 °
2935 5353 2988 5403 ει
3035 5349 3104 5402 δὲ
3149 5346 3368 5411 καλῶς,
3395 5347 3453 5398 τί
3476 5364 3564 5414 με
3609 5347 3849 5414 δὲρεις;

2250 5447 2437 5510 Οὕτως
2468 5448 2576 5516 γὰρ
2601 5445 2763 5498 οἱονεὶ
2801 5442 2944 5512 βέλει
2974 5445 3042 5514 τῇ
3095 5439 3476 5512 μεγαλοψυχία.
3520 5443 3552 5494 ὁ
3583 5440 3661 5493 δι’
3704 5443 3854 5493 Eva-v-

2248 5540 2368 5600 τίας
2424 5538 2789 5609 τρωθήσεται.
2831 5535 3053 5604 καὶτῆς
3097 5529 3411 5604 προπετοῦς
3438 5529 3723 5603 γλώττης
3767 5531 3854 5584 καὶ

2248 5629 2472 5700 γνώμης
2521 5627 2912 5699 μετακληθεὶς,
2953 5625 3113 5696 χάριν
3162 5640 3246 5676 σοι
3292 5623 3509 5676 εἴσεται
3557 5622 3642 5686 ὡς
3700 5623 3856 5688 alt-£9

2247 5721 2347 5793 τῆς
2405 5719 2777 5788 ἀλλοιώσεως,
2813 5715 3124 5780 παιδευθεὶς
3187 5715 3262 5785 μὴ
3321 5714 3716 5779 ποτνιᾶσθαι,
3774 5711 3860 5767 καὶ

1180 5883 1224 5915 ⁸⁸
1260 5882 1416 5935 Rom.
1459 5896 1567 5945 ut,
1606 5879 1686 5934 l9.
1771 5880 1814 5910 ³³
1850 5876 2008 5932 Joan.
2039 5892 2189 5941 xvnt,
2230 5876 2318 5930 23.
