4006 6386
189 477 243 536 Cl
252 482 309 533 73

187 596 352 650 ἀλλοί.
372 635 387 651 .
411 637 424 650 .
455 633 472 650 .
504 597 640 669 πρὸς
667 599 792 664 τοὺς
829 601 1056 670 ἥττονας
1111 599 1307 663 πόνους
1344 601 1453 653 τῶν
1489 602 1741 670 μεγάλων

191 686 379 756 μισθῶν
410 688 753 759 ὀρεγόμενος,
789 691 924 744 ἀλλά
959 691 1208 762 στέργειν
1254 691 1348 744 καὶ
1403 692 1528 755 τοὺς
1560 692 1742 762 μείζο-

186 795 289 842 νας,
317 779 389 843 ὼς
421 781 518 851 οὐχ
549 782 751 853 ἑτέρως
775 783 1028 854 δηνάριον
1049 783 1430 855 κομιούμενος,
1463 785 1511 837 εἰ
1541 784 1616 856 μὴ
1653 785 1744 838 κό-

188 885 292 919 πων
321 869 614 940 τελειότητι
640 873 1104 944 μαρτυρούμενος.
1127 876 1248 928 Οὐκ
1274 873 1412 938 ἄξια
1441 875 1509 928 δὲ
1530 875 1601 929 τὰ
1631 888 1739 929 πα-

187 960 400 1027 θήματα
449 961 555 1016 τοῦ
607 963 724 1016 νῦν
773 965 982 1033 καιροῦ
1035 968 1184 1034 πρὸς
1231 965 1347 1032 τὴν
1385 966 1744 1036 μέλλουσαν

186 1049 704 1109 ἀποκαλύπτεσθαι
727 1054 935 1121 δόξαν,
964 1057 1126 1127 φησιν
1156 1059 1183 1110 6
1216 1057 1444 1112 πλεῖστα
1483 1057 1573 1111 διά
1608 1059 1742 1130 Χρι-

187 1139 301 1193 στὸν
350 1143 654 1210 πεπονθὼς,
710 1147 809 1200 καὶ
861 1145 1056 1201 πάντα
1108 1147 1183 1202 δι’
1227 1147 1414 1202 αὐτόν
1465 1151 1743 1204 σκύϐαλα

183 1233 550 1305 ἡγησάμενος
580 1237 650 1292 τὰ
678 1239 966 1308 παρόντα,
1000 1240 1200 1311 ὑψηλὸς
1236 1239 1576 1305 Ἀπόστολος.

729 1420 978 1474 uersu:
1017 1423 1176 1490 Ριιιν.

246 1502 306 1556 Τί
330 1506 474 1559 ἐστιν
497 1505 526 1558 ὃ
556 1506 700 1577 λέγει
735 1510 768 1562 ό
819 1510 1043 1581 Κύριος,
1088 1510 1373 1580 Ἐξῆλθεν
1396 1515 1429 1566 ό
1476 1513 1741 1580 σπείρων

177 1593 277 1647 τοῦ
309 1595 546 1665 σπεῖραι
579 1615 592 1629 ο
630 1598 729 1652 καὶ
781 1599 820 1654 d
860 1601 980 1670 μὲν·
1008 1601 1193 1657 ἔπεσε
1242 1603 1402 1672 παρὰ
1433 1603 1549 1670 τὴν
1573 1602 1738 1667 ὁδὸν,

177 1683 213 1736 ἃ
237 1683 300 1737 δὲ
334 1688 422 1752 εἰς
451 1687 524 1741 τὰ
571 1689 864 1760 πετρώδη,
906 1692 1066 1747 ἄλλα
1103 1693 1172 1748 δὲ
1197 1698 1285 1761 εὶς
1308 1695 1412 1760 τὰς
1432 1694 1699 1762 ἀκάνθας
1722 1713 1736 1726 ·

176 1774 268 1828 καὶ
296 1775 500 1846 τὰμὲν
535 1779 695 1848 παρὰ
728 1782 843 1850 τὴν
869 1783 1034 1849 ὁδὸν,
1063 1782 1211 1855 ἦλθε
1245 1787 1317 1840 τὰ
1347 1787 1587 1841 πετεινὰ
1633 1786 1740 1840 τοῦ

177 1867 426 1932 οὐρανοῦ
453 1870 549 1923 καὶ
574 1871 906 1943 κατέφαγεν
934 1876 1088 1930 αὐτά
1110 1893 1125 1908 ο
1145 1878 1216 1930 τὰ
1243 1877 1312 1930 δέ
1326 1879 1412 1942 είς
1440 1877 1512 1930 τὰ
1525 1877 1743 1944 πετρώ-

177 1955 269 2024 δη,
292 1956 387 2012 διὰ
415 1960 482 2013 τὸ
497 1960 583 2030 μὴ
605 1961 770 2032 ἔχειν
784 1965 976 2032 βάθος
999 1967 1133 2036 γῆς,
1145 1968 1300 2036 μηδέ
1313 1967 1744 2036 plaudente!-

175 2051 357 2103 λαντα
380 2049 677 2122 ἐξηράνθη
707 2071 720 2086 ο
743 2057 816 2109 τὰ
836 2052 920 2110 ’δέ
961 2058 1078 2112 ὑπὸ
1117 2058 1237 2112 τῶν
1271 2059 1549 2113 ἀκανθῶν
1593 2076 1743 2114 συν-

173 2142 502 2211 επνίγησαν
521 2159 534 2173 ·
568 2147 662 2200 καὶ
696 2149 796 2201 ὃσα
841 2149 969 2220 περὶ
1001 2149 1204 2204 τούτων
1235 2150 1566 2222 διεξέρχεται
1597 2151 1626 2204 ὁ
1652 2152 1741 2206 λό-

173 2247 263 2298 τος
287 2247 302 2296 ἱ

787 2332 1142 2401 Ἀπόκρισις.

250 2413 532 2485 Ἐξῆλθεν
557 2422 590 2472 ό
627 2422 890 2490 σπείρων
933 2423 1037 2477 τοῦ
1084 2425 1320 2493 σπεῖραι
1353 2441 1368 2456 ο
1415 2425 1634 2497 ἐξῆλθεν
1678 2429 1741 2481 ὲκ

167 2502 259 2556 τοῦ
284 2508 492 2577 Πατρὸς
513 2511 540 2562 6
569 2511 817 2582 Χριστὸς,
839 2515 866 2565 6
892 2515 996 2586 πρὸ
1033 2515 1242 2569 αἰώνων
1266 2517 1397 2581 Θεός
1416 2535 1429 2547 ·
1455 2513 1606 2581 οὗτος
1632 2519 1741 2588 γάρ

169 2596 397 2668 ὑπάρχει
427 2599 456 2651 6
493 2604 727 2670 σπορεὺς
757 2604 865 2656 τῶν
907 2607 1189 2678 σωτηρίων
1223 2608 1398 2678 ἡμῶν.
1433 2610 1663 2681 Σπέρμα
1684 2610 1740 2662 δὲ

167 2689 350 2754 αὐτοῦ,
387 2691 526 2756 θεῖος
567 2697 660 2748 καὶ
710 2693 972 2762 ζωοποιδς
1003 2699 1188 2768 λόγος·
1224 2700 1436 2772 ἄρουρα
1461 2701 1538 2766 δὲ,
1577 2705 1610 2774 ἡ
1647 2702 1741 2756 ἀν-

166 2781 449 2855 θρωπότης
497 2789 650 2840 πᾶσα
683 2803 696 2818 ·
747 2787 867 2858 βόες
903 2829 920 2855 ,
948 2791 997 2842 oi
1039 2791 1325 2845 ἀπόστολοι
1357 2810 1370 2824 ⁸
1421 2793 1681 2864 ἄροτρον,
1712 2796 1740 2846 6

166 2875 395 2947 σταυρός
415 2893 428 2906 ·
460 2877 640 2948 ζυγὸς,
664 2882 695 2951 ἡ
723 2882 946 2951 ὁμόνοια
966 2899 979 2912 ·
1012 2882 1203 2955 ζεύγη,
1235 2886 1268 2955 ἡ
1293 2884 1520 2952 γλυκεῖα
1548 2887 1736 2960 ἀγάπη

166 2965 535 3035 συνδεσμούσα
567 2971 659 3023 καὶ¹
691 2973 1052 3028 ύποκλίνουσα
1091 2979 1218 3041 τοὺς
1243 2978 1476 3048 αὐχένας
1511 2980 1620 3033 τῶν
1645 2981 1737 3034 θε-

164 3057 422 3113 σπεσίων.
464 3061 757 3131 Ἐξῆλθεν
793 3069 826 3119 d
875 3069 1139 3136 σπείρων
1187 3070 1293 3124 τοῦ
1347 3073 1622 3140 σπεῖραι,
1672 3074 1734 3125 οὐ

159 3149 403 3222 πυρὸν.ἢ
433 3154 646 3226 κριθὴν,
667 3157 764 3226 οὐχ
787 3157 972 3230 ἔτερόν
1007 3178 1058 3213 τι
1089 3159 1196 3214 τῶν
1223 3163 1447 3233 γηΐνων,
1480 3165 1575 3217 καὶ
1609 3165 1737 3234 περὶ

158 3240 405 3313 γαστέρα
434 3259 448 3272 ⁸
491 3245 628 3299 ἀλλά
686 3250 868 3304 πίστιν
921 3253 1000 3315 εἰς
1046 3253 1265 3325 Πατέρα
1318 3257 1411 3308 καὶ
1461 3255 1590 3309 Υίὸν
1647 3257 1738 3310 καὶ

157 3326 314 3397 ἅγιον
363 3333 615 3404 Πνεῦμαο
643 3337 832 3392 ἐλπίδα
861 3340 1240 3408 ἀναστάσεως,
1278 3343 1370 3396 καὶ
1403 3344 1623 3414 ἀγάπην
1656 3346 1737 3407 εἰς

156 3419 295 3475 Θεὸν
329 3424 422 3476 καὶ
463 3425 554 3478 τὸν
603 3427 770 3492 πέλας
815 3432 1196 3502 ἀνυπόκριτον.
1251 3434 1505 3504 Ἐξῆλθεν
1538 3437 1566 3488 6
1602 3452 1736 3487 σπο-

158 3512 294 3580 ρεὺς
347 3513 598 3587 Χριστὸς,
627 3518 763 3588 ἔχων
792 3521 922 3575 δέκα
957 3523 1123 3592 ζεύγη
1179 3524 1336 3594 βοῶν,
1363 3525 1541 3588 καθώς
1573 3543 1738 3596 φησιν

153 3603 187 3656 ὁ
225 3604 429 3676 ὑψηλὸς
463 3609 691 3674 Ἡσαΐας
730 3628 743 3640 ·
771 3617 852 3666 Οὐ
883 3615 990 3684 γὰρ
1010 3656 1024 3668 .
1052 3655 1065 3668 .
1085 3655 1098 3669 .
1137 3658 1149 3670 .
1181 3617 1326 3670 δέκα
1365 3617 1534 3688 ζεύγη
1570 3618 1739 3682 ,βοῶν

152 3693 414 3764 ποιῆσαι
432 3700 709 3768 κεράμιον
721 3702 788 3755 ἓν
804 3705 848 3770 (l
862 3703 936 3771 4);
955 3707 1092 3760 Δέκα
1112 3708 1167 3759 δὲ
1189 3707 1352 3778 ζεύγη
1372 3709 1508 3778 βοῶν
1523 3710 1733 3778 λογικὰ,

151 3783 251 3835 τὸν
294 3785 480 3839 θίασον
509 3789 617 3842 τῶν
657 3791 971 3845 ἀποστόλων
1007 3795 1188 3865 δηλοῖ·
1229 3795 1437 3850 δώδεκα
1480 3797 1579 3867 μὲν
1611 3798 1737 3860 τοὺς

152 3879 268 3948 πρὸ
301 3880 396 3932 toﬁ
429 3882 633 3947 πάθους
664 3903 676 3913 ·
707 3885 845 3939 ἐτττά
870 3886 924 3939 δὲ
965 3890 1090 3950 τοὺς
1135 3889 1261 3959 περὶ
1288 3890 1555 3957 Στέφανον
1598 3891 1734 3960 μετά

149 3969 256 4039 τὴν
284 3969 434 4023 θείαν
462 3973 777 4040 ἀνάστασιν,
795 3976 899 4028 ὑπὸ
926 3977 1031 4029 τῶν
1063 3977 1269 4031 δώδεκα
1295 3979 1730 4050 ἀναρρηθέντων

147 4062 403 4116 είκοστδν
426 4065 481 4116 δὲ
502 4066 590 4118 τὸν
614 4066 670 4132 ἐξ
691 4068 932 4137 οὐρανῶν
954 4069 1249 4139 ἀκηκοότα,
1269 4071 1490 4134 Σαοὺλ,
1512 4071 1732 4135 Σαοὺλ,

144 4154 214 4207 τί
238 4172 317 4223 με
349 4155 614 4222 dubitem;
639 4160 728 4211 τὸν
755 4155 912 4222 αὖθις
949 4161 1091 4230 ὑπὲρ
1114 4161 1207 4214 τοῦ
1230 4161 1557 4232 διωκομένου
1594 4162 1735 4216 κατά

142 4245 251 4298 τοῦ
306 4247 579 4317 ὁμοφύλου
612 4250 829 4320 Ἰσραὴλ
871 4251 1334 4320 μεταταξάμενον,
1357 4253 1451 4304 καὶ
1482 4253 1619 4323 πρὸς
1642 4253 1733 4305 τὸν

141 4337 393 4408 πόλεμον
413 4339 890 4410 ἀνθοπλισάμενον.
912 4338 1066 4396 Οὗτοι
1093 4339 1184 4395 οὖν
1199 4345 1247 4395 οἱ
1270 4344 1475 4411 λογικοὶ
1490 4343 1582 4396 toﬁ
1603 4361 1732 4397 σπο-

143 4428 298 4500 ρέως
328 4433 498 4484 εἴκοσι
534 4431 676 4501 βόες,
702 4433 799 4504 τὴν
830 4433 1037 4504 βροτῶν
1071 4435 1468 4505 διασκάψαντες
1497 4435 1732 4506 ψυχικὴν

139 4521 513 4592 ἄρουραν,διά
556 4523 791 4595 Χριστοῦ
841 4527 1204 4596 κατέσπειραν
1239 4531 1304 4600 τῇ
1341 4530 1429 4597 ὑφ’
1465 4529 1600 4600 ἡλίῳ
1633 4527 1732 4599 τὴν

137 4614 235 4677 εἰς
283 4615 446 4667 αὐτὸν
488 4617 699 4668 πίστιν⁹
738 4619 1057 4688 ποιήσαντες,
1098 4619 1216 4672 ὅλον
1243 4619 1305 4671 τὸ
1343 4619 1544 4688 γεῶδες
1575 4619 1732 4690 ἡμῶν

136 4707 390 4777 φύραμα
416 4708 680 4778 κεράμιον
710 4709 788 4770 ἓν,
818 4709 1063 4762 δεκτικὸν
1088 4711 1195 4763 τῶν
1225 4710 1383 4763 θείων
1408 4711 1731 4782 χραμάτων,

135 4801 252 4854 καὶ
283 4800 380 4853 toﬁ
419 4801 680 4870 αἵματος,
721 4801 814 4853 καὶ
849 4802 940 4854 toﬁ
985 4802 1173 4865 ὕδατος
1210 4802 1317 4857 τῶν
1355 4803 1733 4873 προχυθέντων

132 4896 249 4949 ἐπὶ
280 4895 537 4964 σταυροῦ,
570 4897 635 4966 τῇ
665 4895 860 4965 ἀμύξει
891 4895 982 4948 toﬁ
1019 4897 1238 4968 δόρατος
1261 4899 1324 4949 ὲκ
1349 4896 1440 4950 τοῦ
1469 4897 1732 4968 κεραμίου

129 4986 246 5042 τοῦ
284 4987 429 5039 θείου
465 4987 734 5058 σώματος.
768 4987 937 5051 Αὐτὸς
964 4989 1069 5061 γάρ
1099 4990 1531 5059 σπορεὺς,αύτὸς
1569 5006 1734 5061 κερα-

132 5085 297 5157 μεὺς
316 5081 411 5135 τοῦ
439 5083 708 5153 ἡμετέρου
750 5083 1072 5155 φυράματος
1101 5085 1128 5136 ό
1169 5081 1401 5153 Χριστός
1422 5099 1434 5112 ·
1473 5081 1577 5150 πρὸ
1603 5098 1733 5152 σαρ-

125 5171 386 5235 κώσεως
421 5175 517 5242 μὲν
547 5174 693 5244 ἡμᾶς
741 5175 804 5226 ὲκ
837 5173 910 5244 μὴ
939 5172 1108 5226 ὄντων
1153 5173 1564 5243 δημιουργήσας
1595 5189 1604 5199 ·
1644 5175 1736 5241 ῥυ-

121 5266 444 5330 πωθέντας
464 5265 542 5331 δὲ,
567 5267 658 5320 καὶ
687 5267 780 5319 τοῦ
811 5266 1051 5338 χείρονος
1079 5259 1404 5335 γένομένους
1432 5264 1732 5327 δεκτικοὺς,

119 5360 239 5417 διὰ
295 5358 528 5412 θανάτου
567 5357 860 5429 συντρίψας
911 5358 1072 5412 πάλιν
1123 5356 1476 5421 ἀναπλάττει,
1512 5357 1606 5410 καὶ
1647 5356 1735 5410 διὰ

117 5455 200 5507 τὸ
255 5452 446 5522 μένειν
483 5449 578 5504 toﬁ
620 5450 809 5504 λοιποῦ
857 5451 1056 5514 κακίας
1094 5451 1536 5522 ἀπαραδέκτους·
1575 5452 1736 5514 αὐτὸς

117 5545 260 5613 γὰρ
295 5541 545 5611 ἀμίκτως
578 5542 671 5594 καὶ
708 5543 1028 5612 ἀσυγχύτως
1057 5543 1454 5613 κατακιρνᾶται
1487 5541 1565 5613 τῷ
1599 5543 1732 5596 πλά-

118 5649 348 5705 σματι,
395 5631 695 5693 ἀθανάτους
731 5634 818 5686 ἀεὶ
861 5634 1149 5703 ἐσομένους
1181 5633 1383 5704 δράσας
1425 5635 1569 5707 ἡμᾶς
1608 5636 1734 5689 ἐνώ-

1563 480 1908 538 DIALOGUS
1930 481 2022 537 ιγ.

3293 467 3430 538 nu

1844 600 2061 671 queruli
2095 601 2268 656 simus
2295 610 2388 656 aut
2423 600 2742 656 deﬁciamus
2789 600 2855 653 ad
2899 598 3140 653 minores
3187 597 3428 668 labores,

1845 693 2118 763 siquidem
2150 709 2345 763 magna
2371 694 2593 762 praemia
2614 692 2939 762 appeti-mus,
2972 690 3065 744 sed
3105 698 3159 744 et
3189 689 3425 759 majores

1845 800 2113 847 amemus,
2153 793 2412 854 tauquam
2443 785 2586 840 alias-
2609 783 2894 838 denarium
2931 797 3039 835 non
3073 784 3424 848 reportaturi,

1844 877 1949 930 nisi
1988 875 2337 946 perfectionis
2389 875 2639 930 laborum
2717 874 3090 929 tesumonium
3142 873 3420 926 habentes.

1846 967 1970 1021 Non
2001 977 2124 1022 sunt
2153 977 2331 1020 autem
2371 983 2523 1036 pares
2561 968 2831 1035 passiones
2875 966 3146 1034 praesentis
3177 965 3423 1030 temporis

1843 1059 1911 1112 ad
1934 1058 2162 1128 gloriam
2192 1074 2310 1128 qua:
2361 1058 2680 1111 revelabitur
2723 1058 2789 1122 ⁸ο,
2835 1057 3013 1125 inquit
3055 1055 3148 1125 qui
3193 1056 3423 1124 plurima

1843 1160 2063 1220 propter
2117 1150 2392 1205 Christum
2460 1165 2654 1219 passus
2712 1159 2814 1213 est,
2877 1149 3154 1219 omniaque
3214 1159 3426 1216 propter

1842 1244 2012 1312 ipsum
2043 1242 2323 1310 pauentia
2351 1257 2444 1310 pro
2469 1240 2766 1310 quisquiliis
2785 1239 2965 1293 habuit
2989 1240 3054 1305 ⁶¹,
3078 1239 3426 1293 eximius-ille

1841 1333 2156 1401 Apostolus.
2251 1372 2253 1374 .

2231 1418 2748 1474 INTERROGATIO
2802 1417 3029 1472 CXCIII.

1913 1514 2052 1580 Quid
2084 1523 2166 1568 est
2201 1514 2346 1582 quod
2382 1513 2513 1568 dicit
2555 1511 2818 1566 Dominus
2859 1531 2870 1565 :
2928 1511 3107 1564 Exivit
3133 1512 3224 1580 qui
3267 1510 3424 1563 semis

1842 1609 2002 1660 nabat
2058 1605 2128 1658 ad
2173 1606 2560 1667 sentinaudum,
2615 1614 2664 1658 et
2721 1604 2831 1656 alia
2875 1602 3084 1673 quidem
3129 1602 3426 1655 ceciderunt

1833 1696 1993 1765 juxta
2035 1697 2195 1759 viam,
2242 1695 2354 1748 alia
2401 1710 2518 1748 vero
2566 1695 2622 1747 in
2668 1695 2785 1748 loca
2834 1704 3066 1762 petrosa,
3097 1693 3211 1746 alia
3246 1702 3424 1746 autem

1842 1787 1894 1840 iu
1920 1786 2126 1855 spinas.
2147 1782 2216 1837 Et
2244 1801 2360 1854 qua:
2392 1783 2556 1853 juxta
2610 1784 2751 1837 viam
2788 1783 3017 1852 quidem;
3057 1791 3303 1835 venerunt
3337 1797 3427 1834 vo~

1843 1876 2013 1931 lucres
2053 1877 2188 1942 cwli,
2226 1887 2273 1928 et
2312 1876 2634 1930 deuorarunt
2673 1893 2698 1928 ε·
2728 1891 2844 1945 qua:
2889 1883 3064 1926 autent
3093 1875 3144 1926 in
3191 1883 3422 1941 pettosa,

1841 1976 2116 2036 propterea
2154 1973 2293 2036 quod
2338 1979 2490 2021 terra;
2552 1966 2970 2035 profunditatem
3015 1980 3118 2016 non
3165 1962 3426 2016 habebant

1844 2076 2004 2129 neque
2037 2061 2293 2122 radicem,
2333 2070 2612 2131 postquam
2652 2067 2838 2112 exorta
2880 2067 3025 2117 sunt,
3060 2066 3424 2110 exaruerunt:

1841 2166 1957 2220 qua:
1976 2167 2093 2205 vero
2114 2153 2166 2204 in
2189 2153 2389 2220 spinas,
2422 2169 2530 2206 una
2551 2151 2813 2218 tiu/focam
2832 2158 2952 2202 sunt
2990 2147 3057 2213 °’;
3088 2157 3143 2201 et
3169 2161 3425 2216 quaecun-

1841 2258 1946 2312 que
1975 2243 2042 2298 de
2078 2244 2163 2298 his
2187 2259 2370 2299 sermo
2396 2243 2774 2314 prosequitur?

2484 2333 2651 2402 Respo
2663 2333 2796 2385 nsio.

1914 2425 2095 2479 Exivit
2133 2427 2223 2497 qui
2273 2425 2570 2480 seminabat
2608 2421 3113 2477 ad-seminandum.
3172 2419 3347 2473 Exivit
3391 2434 3421 2472 ει

1842 2511 2002 2568 Patre
2030 2513 2308 2576 Christus,
2345 2523 2472 2566 ante
2499 2513 2697 2567 saecula
2729 2511 2891 2565 Deus.
2925 2509 3023 2564 llic
3043 2509 3187 2563 enim
3216 2517 3301 2562 est
3329 2521 3422 2562 sa-

1844 2613 1932 2659 tor
1963 2605 2158 2659 salutis
2189 2614 2408 2659 nostrae.
2448 2603 2644 2659 Semen
2678 2613 2858 2658 autem
2903 2602 3096 2672 ipsius,
3122 2601 3340 2654 divinus
3369 2606 3424 2652 et

1841 2698 2086 2752 viviﬁcus
2115 2712 2297 2752 sermo
2336 2715 2349 2752 :
2382 2713 2599 2758 arvum,
2647 2697 2903 2750 universa
2939 2692 3291 2747 humanitas:
3327 2691 3424 2744 ho-

1839 2801 1954 2851 ves,
1989 2785 2218 2854 apostoli
2259 2805 2272 2838 ε
2312 2795 2578 2849 aratrum,
2621 2800 2754 2840 crux
2791 2803 2803 2838 :
2828 2783 3042 2854 jugum,
3076 2779 3372 2836 concordia
3403 2797 3418 2833 :

1834 2875 2067 2946 jugatio,
2100 2876 2278 2930 dulcis
2300 2877 2541 2941 dilectio,
2567 2877 2831 2946 colligans
2862 2884 2916 2928 et
2947 2873 3185 2928 subdens
3213 2880 3424 2926 sancto-

1839 2986 1963 3025 rum
1992 2969 2253 3024 cervices.
2291 2968 2468 3022 Ercivit
2497 2970 2587 3038 qui
2611 2969 2904 3021 seminabat
2940 2966 3008 3020 ad
3032 2965 3418 3026 remittendum,

1842 3078 1949 3115 non
1974 3061 2212 3114 triticum
2249 3070 2343 3114 aut
2395 3061 2681 3123 hordeum,
2725 3075 2832 3112 non
2886 3058 3031 3113 aliud
3073 3057 3278 3126 aliquid
3318 3065 3423 3108 ler—

1845 3169 2122 3218 reuorum,
2156 3154 2237 3206 vel
2265 3153 2310 3207 si
2343 3169 2449 3222 qua
2473 3153 2695 3222 insuper
2717 3152 2822 3204 alia
2855 3171 2866 3205 :
2910 3151 3004 3206 sed
3053 3149 3210 3204 ﬁdem
3242 3150 3294 3202 in
3320 3146 3423 3201 Pa-

1843 3255 1980 3299 trem
2017 3256 2071 3300 et
2092 3245 2290 3300 Filium
2319 3255 2372 3300 et
2394 3254 2642 3299 sanctum
2673 3244 2958 3314 Spiritum,
2988 3259 3137 3313 spem
3179 3257 3424 3296 resurre-

1845 3339 2062 3404 ctionis,
2086 3349 2140 3393 et
2179 3338 2521 3392 dilectionem
2558 3340 2612 3392 in
2665 3337 2836 3392 Deum
2878 3345 2932 3392 et
2970 3337 3279 3406 proximum
3311 3349 3421 3388 non

1843 3431 2174 3487 simulatam.
2197 3430 2373 3485 Exivit
2402 3440 2551 3484 sator
2588 3431 2860 3495 Christus,
2902 3430 3107 3484 habens
3128 3429 3255 3498 juga
3297 3443 3422 3496 apo-

1839 3523 2030 3585 stolos,
2069 3530 2124 3576 ut
2164 3523 2342 3592 inquit
2386 3523 2596 3577 Isaias:
2633 3520 2753 3575 Non
2801 3522 2937 3575 enim
2979 3537 3072 3590 per
3096 3521 3267 3573 decem
3284 3519 3420 3588 jugn

1840 3613 1994 3667 boum
2039 3619 2274 3683 fecerunt
2325 3614 2632 3680 amphoram
2686 3629 2846 3666 unam
2883 3612 2965 3666 "?
3001 3611 3193 3666 Decem
3236 3620 3418 3664 autem

1834 3706 1964 3776 juga
1996 3707 2158 3759 boum
2197 3707 2509 3770 rationalia,
2547 3721 2761 3760 sacrum
2799 3716 2998 3758 conum
3043 3703 3418 3772 apostolorum

1838 3797 2167 3864 significant,
2211 3797 2497 3851 duodecim
2552 3795 2774 3865 quidem
2838 3793 2965 3848 ante
3039 3794 3348 3864 passionem
3395 3813 3407 3847 :

1838 3897 2042 3956 septem
2091 3890 2217 3942 item
2270 3904 2393 3942 cum
2435 3887 2711 3957 Stephano
2743 3887 3140 3956 post‘divinam
3176 3898 3417 3938 resurre-

1839 3981 2072 4035 ctionem
2104 3982 2206 4035 sub
2253 3982 2537 4035 duodecim
2593 3980 2780 4034 electis
2815 3997 2827 4032 :
2867 3978 3188 4048 vigesimum
3230 3986 3411 4030 autem

1834 4087 1958 4127 eum
1989 4073 2078 4142 qui
2106 4088 2170 4126 ex
2200 4073 2353 4129 cmlis
2377 4073 2600 4134 audivit,
2625 4070 2807 4136 Saule,
2833 4069 3017 4136 Saule,
3047 4069 3171 4140 quid
3200 4085 3278 4122 me
3296 4084 3414 4136 per-

1835 4169 2064 4236 sequeris
2108 4167 2188 4219 6"?
2236 4169 2328 4236 qui
2379 4181 2572 4220 rursus
2627 4181 2726 4234 pro
2767 4180 2832 4219 eo
2881 4180 3040 4231 quem
3095 4173 3414 4232 persecutus

1835 4257 2012 4313 fuerat
2071 4259 2333 4314 adversus
2390 4259 2751 4314 contribulem
2813 4257 3086 4317 lsraclcm,
3143 4255 3196 4307 in
3251 4252 3409 4306 aliam

1835 4353 2004 4404 aciem
2045 4351 2478 4416 transscribitur,
2523 4359 2577 4404 et
2621 4351 2686 4404 ad
2728 4351 2926 4403 bellum
2959 4347 3198 4402 vicissim
3229 4361 3411 4400 arma—

1837 4451 1945 4498 tur.
1972 4443 2049 4497 llli
2074 4445 2259 4513 itaque
2298 4444 2594 4498 rationales
2621 4445 2819 4496 satoris
2845 4441 2990 4495 illius
3012 4441 3198 4508 viginti
3227 4440 3409 4498 bores,

1834 4535 2146 4588 mortalium
2170 4534 2474 4589 effoderunt
2496 4533 2728 4586 animale
2764 4548 2976 4595 arvum,
3007 4547 3102 4600 per
3128 4529 3408 4584 Christum

1835 4628 2333 4684 dissemiuaverunt
2382 4626 2679 4694 unicuique
2723 4624 2825 4678 sub
2871 4624 2987 4678 sole
3019 4637 3138 4676 eam
3177 4636 3300 4690 quae
3329 4628 3415 4674 est

1840 4721 1896 4774 in
1932 4720 2110 4788 ipsum
2154 4719 2338 4782 fidem,
2377 4718 2518 4772 facta
2568 4726 2681 4771 tota
2736 4725 2948 4770 terrena
2997 4728 3179 4767 massa
3223 4719 3414 4767 nostra

1839 4812 2106 4882 amphora
2162 4827 2292 4877 una,
2349 4824 2548 4877 capace
2593 4809 2899 4862 divinarum
2947 4806 3300 4860 misturarum
3359 4811 3414 4858 et

1841 4904 2122 4974 sanguinis
2151 4913 2204 4958 et
2226 4917 2400 4971 aquae,
2435 4901 2732 4956 effusorum
2756 4899 2811 4953 in
2834 4913 2996 4952 cruce
3037 4912 3132 4966 per
3175 4895 3411 4962 apertio-

1841 5011 1965 5050 nem
2024 4995 2228 5050 lanceae
2268 5009 2335 5048 ex
2385 5009 2514 5048 vase
2562 4993 2712 5048 ﬁctili
2755 4991 2923 5045 divini
2974 4977 3240 5058 corporis.
3295 4986 3414 5056 Ipse

1840 5085 1985 5139 enim
2025 5093 2194 5150 sator,
2227 5085 2343 5154 ipse
2390 5083 2588 5152 ﬁgulus
2633 5090 2834 5136 nostrae.
2875 5095 3072 5134 massa:
3109 5080 3363 5131 Christus
3395 5095 3411 5131 :

1839 5178 1932 5246 qui
1958 5185 2082 5231 ante
2111 5177 2540 5230 incarnationem
2556 5173 2774 5243 quidem
2802 5189 2898 5226 nos
2914 5187 2978 5226 ex
2995 5171 3164 5225 nihilo
3183 5169 3411 5234 creavit,

1841 5267 2245 5320 contaminatos
2307 5277 2488 5318 autem
2545 5271 2599 5316 et
2676 5263 2802 5316 inde
2845 5262 3135 5316 deterioris
3186 5273 3413 5329 capaces

1838 5358 2040 5422 factos,
2075 5373 2171 5428 per
2203 5367 2432 5411 mortem
2469 5356 2735 5410 contritos
2772 5355 3008 5424 relingit,
3036 5364 3089 5407 et
3111 5369 3205 5423 per
3229 5364 3412 5422 perse-

1838 5452 2137 5506 verantiam
2183 5450 2236 5503 in
2280 5462 2560 5519 posterum
2614 5448 2775 5501 ellicit
2816 5447 3019 5501 nullius
3082 5445 3298 5499 malitiae
3321 5458 3410 5497 ca-
3483 5489 3494 5519 ,ι

1841 5559 2018 5614 paces.
2067 5541 2187 5612 Ipse
2231 5541 2497 5612 siquidem
2573 5541 2781 5609 absque
2825 5540 3162 5594 mistione'et
3207 5536 3413 5604 absque
3487 5534 3493 5539 ’

1840 5634 2165 5691 confusione
2203 5640 2645 5702 contemperatur
2691 5647 2815 5687 cum
2869 5632 3147 5700 ﬁgmento,
3184 5629 3411 5682 immor-

215 5765 274 5798 ⁸⁸
306 5763 464 5820 Βοιη.
503 5782 621 5832 vm,
659 5767 746 5824 l8.
820 5769 862 5800 “
890 5767 1122 5840 Philipp.
1155 5784 1236 5827 nl.
1271 5771 1324 5824 8.
1403 5771 1447 5803 “
1472 5771 1663 5828 Matth.
1691 5789 1736 5828 ιι

1844 5773 1953 5828 5-7.
2031 5772 2080 5804 ⁸³
2122 5773 2304 5836 lsa.v,
2349 5772 2436 5825 10.
2513 5770 2559 5801 ⁸⁸
2590 5770 2712 5823 Act.
2749 5785 2825 5832 ix,
2854 5770 2907 5822 ι.

219 5901 274 5963 (ι
290 5898 346 5972 ι)
382 5902 463 5972 οὺ
486 5899 595 5970 γὰρ
614 5942 628 5955 .
649 5945 662 5958 .
687 5944 700 5957 .
721 5941 773 5957 ..
802 5866 949 5972 δέκα
968 5902 1011 5964 ξ
1037 5903 1206 5958 Aliter
1231 5903 1370 5972 apud
1404 5901 1544 5956 Lxx
1567 5901 1723 5972 lsaize

115 5995 192 6042 τ,
240 5971 334 6038 10,
366 5971 446 6027 sic
474 5969 726 6029 nimirum
764 5969 879 6030 :Oﬁ
921 5975 1028 6046 γὰρ
1065 5969 1336 6046 ὲργῶνται
1383 5973 1514 6028 δέκα
1557 5971 1726 6045 ζεύγη

1833 5901 1992 5970 βοῶν,
2011 5902 2225 5971 ποιήσει
2252 5902 2513 5972 κεράμιον
2535 5899 2611 5972 ἓνῗ
2629 5897 2814 5968 Vulg.:
2845 5897 3028 5954 Decem
3055 5897 3192 5954 enim
3216 5898 3408 5971 jugera

1844 5973 2106 6027 vinearum
2128 5970 2334 6042 facient
2363 5970 2701 6043 lagunculam
2731 5985 2913 6023 unam.
