4006 6386
646 443 785 501 H75

648 573 787 620 tam
833 579 1046 636 semper
1083 583 1182 623 nos
1211 583 1332 625 esse
1376 570 1592 627 futuros
1638 573 1877 630 elliciens
1918 575 1969 628 vi
2001 573 2223 628 unionis

654 671 774 709 cum
802 658 1006 713 nostris
1039 669 1093 713 et
1120 659 1308 716 habitu
1336 671 1542 718 nostro.
1587 665 1766 734 Atque
1788 666 1903 736 ipse
1930 665 2095 722 fictile
2127 681 2224 720 vas

656 754 734 802 est
763 748 907 816 quod
940 765 1006 803 ex
1037 759 1222 805 nostra
1261 762 1396 807 testa
1439 756 1740 811 secundum
1771 772 1992 813 carnem
2020 758 2224 812 factum

646 845 755 898 est.
793 838 1000 894 habens
1041 842 1309 897 viventem
1341 853 1401 898 et
1421 846 1705 901 salientem
1757 865 1954 919 aquam
1995 865 2108 904 sua:
2137 849 2224 902 di-

655 927 915 997 vinitatis,
949 933 1090 1000 quod
1138 934 1301 988 veluti
1342 935 1523 991 ferens
1561 937 1800 995 Joannes
1841 954 1938 1009 per
1964 940 2225 1009 praedica-

655 1019 858 1075 tionem
916 1023 1281 1092 baptismatis,
1345 1027 2000 1104 clamabathconspecto
2049 1029 2221 1086 Jesu:

654 1109 792 1165 Ecce
822 1130 986 1182 agnus
1028 1105 1125 1169 Dei
1155 1118 1245 1186 qui
1279 1117 1416 1172 tollit
1450 1133 1721 1189 peccatum
1764 1124 1948 1175 mundi
1974 1123 2040 1188 ⁸⁸,
2063 1139 2226 1179 cruce

651 1214 708 1257 et
739 1203 1054 1272 profusione
1093 1210 1374 1279 sanguinis
1394 1220 1450 1266 et
1489 1228 1666 1281 aqua.
1695 1212 1771 1267 De
1801 1228 1910 1282 quo
1949 1215 2078 1269 item
2111 1215 2227 1284 ipse

554 1331 576 1344 ..
653 1290 811 1347 Jesns
850 1295 1212 1367 interrogatus
1253 1315 1281 1352 a
1315 1301 1617 1369 discipulis,
1643 1304 1734 1358 ubi
1775 1305 1875 1374 ipsi
1916 1305 2117 1374 pascha
2149 1305 2227 1360 le-

657 1382 775 1450 gale
793 1396 1067 1451 pararent,
1101 1387 1277 1455 inquit
1302 1406 1315 1442 :
1351 1389 1502 1444 Abite
1527 1391 1583 1444 in
1601 1392 1887 1456 civitatem,
1914 1403 1964 1446 et
1988 1400 2226 1446 occurret

654 1473 798 1528 vobis
824 1475 976 1529 homo
1009 1477 1172 1545 fictile
1213 1495 1304 1532 vas
1352 1496 1502 1550 aqua
1543 1493 1751 1551 gestans
1787 1499 1805 1536 :
1845 1493 1894 1537 et
1935 1485 1982 1537 ei
2016 1485 2176 1537 dicite
2205 1499 2226 1537 .'

658 1562 916 1633 Magister
941 1567 1078 1620 dixit
1115 1569 1181 1634 °‘,
1219 1569 1374 1638 Apud
1408 1579 1456 1624 te
1493 1571 1634 1638 facio
1677 1574 1876 1641 pascha
1916 1590 2034 1626 cum
2066 1575 2228 1628 disci-

656 1654 798 1722 pulis
847 1659 996 1712 meis.
1044 1658 1115 1712 Et
1156 1663 1390 1716 ostendet
1435 1664 1578 1717 vobis
1628 1664 1952 1718 canaculum
2000 1676 2228 1720 stratum

660 1762 928 1815 magnum,
953 1759 1002 1802 et
1023 1749 1133 1803 illic
1153 1761 1340 1820 parate
1375 1753 1438 1807 ".
1467 1752 1648 1824 Atque
1684 1754 1824 1811 facta
1853 1755 2073 1826 quidem
2102 1766 2230 1812 sunt

658 1835 775 1892 base
805 1840 1094 1894 sensiliter.
1124 1840 1496 1913 lntelligantur
1525 1853 1706 1900 autem
1748 1846 1979 1916 ﬁgurate
2011 1865 2025 1900 :
2056 1845 2228 1901 Homo

660 1928 879 1996 quidem
922 1941 1140 2000 gestans
1183 1933 1345 1988 tictile
1377 1949 1472 1988 vas
1498 1949 1675 2004 aquae,
1702 1933 1938 1990 Joannes
1965 1935 2228 2004 Baptista,

659 2022 962 2088 praedicans
1023 2023 1354 2091 poenitentia:
1413 2024 1742 2092 baptismum
1805 2034 1860 2079 et
1925 2025 2225 2094 baptizans.

658 2107 868 2165 Civitas
925 2120 1102 2168 autem
1155 2127 1392 2182 superna
1451 2112 1810 2178 Hierusalem,
1868 2114 2026 2184 cujus
2085 2114 2231 2169 cives

657 2199 894 2258 Joannes
941 2213 997 2258 et
1034 2213 1226 2258 caetera
1255 2205 1529 2274 justorum
1577 2215 1634 2260 et
1677 2215 1991 2262 sanctorum
2045 2208 2226 2261 turba.

660 2293 1016 2348 Cmnaculum
1041 2311 1170 2350 vero
1205 2304 1437 2350 stratum
1483 2296 1764 2366 splendido
1807 2298 1982 2366 lapide
2007 2299 2228 2361 caelum,

661 2383 991 2438 animalibus
1017 2384 1344 2452 quibusdam
1374 2393 1428 2438 et
1457 2384 1650 2439 formis
1676 2385 1936 2439 varietate
1958 2397 2227 2439 astrorum

661 2471 976 2540 ﬁguratum.
1016 2475 1082 2528 ad
1113 2474 1270 2542 cujus
1299 2473 1703 2529 similitudinem
1743 2475 1924 2544 regale
1960 2473 2102 2543 apud
2129 2489 2230 2530 nos

661 2564 1028 2634 pavimentum
1073 2566 1308 2637 lapidum
1343 2567 1602 2621 varietate
1644 2575 1898 2621 stratum.
1933 2565 2088 2632 Quod
2131 2582 2230 2620 au-

661 2667 768 2712 tem
812 2658 984 2712 bobus
1034 2660 1310 2728 apostolos
1348 2660 1685 2728 comparavit
1730 2659 2011 2729 propheta,
2049 2658 2228 2712 mani-

658 2747 794 2802 feste
823 2748 1158 2804 demonstrat
1186 2748 1386 2804 Paulus
1407 2749 1577 2804 divini
1601 2749 1859 2804 vicenarii
1899 2750 2227 2818 praecipuus,

657 2836 848 2893 dicens
877 2837 922 2869 “
952 2856 966 2892 :
994 2836 1258 2906 Scriptum
1284 2848 1362 2892 est
1389 2854 1407 2892 :
1441 2839 1562 2892 Non
1602 2838 1856 2908 obligabis
1895 2855 1951 2891 os
1984 2839 2097 2891 bovi
2127 2839 2228 2891 tri-

661 2930 888 2982 turanti.
917 2927 1239 2998 Rursusque
1262 2929 1444 2994 infert,
1477 2929 1621 2984 Num
1652 2936 1804 2983 boum
1827 2945 1955 2982 cura
1984 2939 2060 2981 est
2082 2928 2230 2984 Deo?

658 3022 873 3074 omnino
917 3021 981 3073 de
1012 3021 1162 3074 nobis
1213 3020 1341 3075 dicit
1371 3038 1392 3075 :
1436 3030 1648 3090 propter
1681 3037 1774 3075 nos
1807 3021 1944 3073 enim
1975 3020 2228 3088 scriptum

659 3121 756 3164 est.
789 3109 893 3164 Sed
913 3109 981 3163 ad
1011 3110 1301 3164 sublimem
1327 3108 1523 3164 Isaiam
1550 3109 1864 3173 redeamus,
1887 3107 2226 3176 prophetiam

661 3202 804 3272 apud
850 3202 1027 3272 ipsum
1075 3209 1374 3256 exstantem
1420 3201 1593 3255 secuti
1625 3217 1640 3253 :
1669 3197 1791 3252 Non
1829 3198 2104 3266 operantia
2136 3198 2229 3251 de-

660 3310 769 3347 cem
807 3293 942 3362 juga
975 3297 1130 3344 boum
1176 3292 1384 3361 factura
1429 3307 1538 3344 esse
1586 3293 1894 3358 amphoram
1937 3303 2096 3339 unam
2134 3288 2226 3342 ’ἐ

661 3401 966 3456 rursusque
1011 3385 1290 3456 subjungit
1325 3404 1338 3438 :
1374 3383 1440 3438 Et
1474 3385 1562 3454 qui
1599 3385 1822 3437 seminat
1857 3386 2072 3438 artabas
2115 3398 2227 3446 sex,

661 3488 818 3532 metet
865 3489 968 3532 tres
1008 3478 1231 3530 modios.
1275 3474 1416 3530 Num
1466 3476 1629 3546 igitur
1663 3483 1871 3528 tantum
1917 3473 2230 3530 frustratio-

661 3583 786 3622 nem
837 3568 1128 3636 aliquando
1166 3565 1284 3620 fore
1333 3565 1699 3630 censebimus,
1753 3574 1811 3618 ut
1856 3564 1951 3633 qui
1996 3563 2233 3619 semina-

662 3660 802 3714 verit
823 3660 1043 3714 artabas
1069 3674 1188 3722 sex,
1211 3658 1584 3711 tantummodo
1606 3666 1717 3710 tres
1743 3656 1970 3725 recipiat
1991 3655 2236 3710 modios?

660 3750 780 3806 Non
811 3752 954 3806 enim
988 3750 1185 3820 inquit,
1221 3757 1332 3803 tres
1373 3748 1590 3802 artabas
1635 3747 1819 3811 faciet,
1854 3747 1946 3801 sed
1978 3755 2087 3801 tres
2118 3760 2235 3800 mo-

662 3845 803 3908 dios,
849 3843 1106 3914 exiguum
1144 3842 1275 3910 quid
1325 3841 1603 3894 habentes.
1661 3838 1861 3893 Verum
1905 3839 1959 3892 in
2005 3838 2236 3894 interius

664 3939 858 3992 littera:
907 3937 1272 3990 velamentum
1320 3932 1708 4003 ingredientes,
1749 3932 2086 3986 inveniemus
2119 3946 2236 3985 om-

664 4032 795 4085 nino
829 4029 880 4085 ld
907 4027 1206 4084 secundum
1251 4028 1351 4080 ista
1387 4024 1652 4078 futurum.
1683 4023 1789 4078 Sex
1824 4024 1989 4093 igitur
2019 4023 2236 4077 artabas

664 4123 861 4192 quibus
887 4119 1144 4175 Ecclesia:
1169 4118 1474 4172 CODSCI‘ilUI‘
1509 4131 1696 4170 arvum
1731 4115 1996 4169 rationale
2035 4125 2236 4168 morta-

665 4214 821 4276 lium,
855 4226 980 4265 esse
1002 4217 1234 4279 quatuor
1265 4208 1483 4278 quidem
1527 4207 1696 4261 divini
1741 4206 2012 4262 sermonis
2045 4207 2232 4272 libros,

666 4303 910 4373 quintam
943 4313 1121 4356 autem
1148 4310 1463 4356 sanctorum
1494 4299 1647 4360 Acta.
1684 4307 1894 4353 sextam
1919 4313 2048 4352 vero
2072 4299 2235 4353 unico

667 4395 943 4450 volumine
978 4402 1263 4447 contentas
1297 4391 1482 4446 eximii
1523 4389 1752 4458 apostoli
1792 4387 1946 4443 Pauli
1973 4399 2238 4459 quatuor-

667 4482 842 4536 decim
868 4479 1138 4548 Epistolas
1165 4493 1180 4531 :
1214 4495 1277 4532 ex
1300 4479 1500 4547 quibus
1521 4487 1573 4531 et
1601 4493 1693 4546 per
1715 4493 1853 4546 quas
1875 4477 2108 4532 fructum
2131 4477 2237 4534 fert

669 4588 822 4628 sacer
853 4582 1027 4626 cmtus
1051 4571 1388 4624 institutione
1415 4569 1719 4623 antistitum
1755 4570 1808 4622 in
1833 4569 2031 4623 divinis
2056 4571 2237 4625 consi-

667 4672 777 4726 tus,
837 4670 947 4716 tres
1001 4661 1232 4725 modios,
1283 4659 1442 4713 ﬁdem
1481 4659 1536 4712 in
1590 4657 1805 4712 Patrem
1850 4668 1905 4712 et
1940 4657 2135 4712 Filium
2184 4667 2235 4713 et

671 4753 935 4824 Spiritum
980 4760 1250 4806 sanctum.
1309 4749 1488 4803 Exivit
1528 4750 1666 4803 enim
1705 4751 1794 4819 qui
1838 4747 2130 4802 seminabat
2168 4749 2237 4802 ad

667 4844 1054 4904 seminandum,
1100 4856 1208 4894 non
1255 4842 1492 4894 triticum
1533 4855 1600 4893 ex
1649 4855 1760 4909 quo
1815 4842 1970 4909 panis
2019 4842 2099 4908 tit,
2144 4841 2237 4896 sed

667 4935 828 4989 ﬁdem
885 4933 1176 4996 viviticatn,
1233 4939 1287 4985 at
1347 4946 1455 4984 non
1529 4930 1585 4984 in
1633 4931 1904 4985 omnibus.

1725 451 1782 508 S.
1821 451 2130 508 CAESARI]
2169 452 2500 511 GREGORII
2541 457 2842 514 FRATRIS
3731 458 3814 515 H76

2325 592 2408 628 σει
2432 576 2539 629 τῶν
2578 578 2860 649 ἡμετέρων
2889 579 2982 632 καὶ
3009 578 3216 649 δψειτῇ
3252 576 3559 648 καθ’ὴμᾶς.
3591 576 3688 629 Καὶ
3712 578 3810 641 αὐτὶ(

2325 667 2559 738 ὑπάρχει
2589 669 2653 721 τὸ
2683 669 2947 740 κεράμιον
2973 671 3034 724 τὸ
3072 673 3137 724 ὲκ
3181 669 3275 723 τοῦ
3311 671 3582 740 ἡμετέρου
3623 668 3810 738 ὀστράκῳ

2323 759 2463 812 κατὰ
2491 759 2672 830 σάρκα.
2697 762 3009 831 γενόμενον,
3037 761 3134 815 καὶ⁸
3165 761 3286 832 ἔχον
3313 760 3378 813 τὸ
3409 759 3523 825 ζῶν
3552 760 3640 812 καὶ
3662 759 3811 827 sua.

2325 867 2411 903 νον
2435 849 2579 921 ὔδωρ
2611 852 2711 920 τῆς
2738 851 2902 906 αὐτοῦ
2943 852 3215 924 θεότητος.
3250 855 3431 925 Ὅπερ
3462 852 3624 905 οἱονεὶ
3659 852 3811 920 φέρωνέ

2337 939 2586 1008 Ἰωάννης
2613 940 2690 1012 τῷ
2720 941 3037 1012 κηρύγματι
3063 942 3160 996 τοῦ
3189 943 3565 1015 βαπτίσματος
3589 942 3717 1005 ἐϐόα,
3741 941 3813 993 Ost-

2326 1029 2557 1097 σάμενος
2579 1029 2671 1083 τὸν
2712 1031 2941 1100 Ἰησοῦνο
2976 1031 3089 1085 Ἴδε
3113 1036 3147 1086 d
3190 1031 3382 1101 ἀμνὸς
3416 1032 3525 1086 τοῦ
3545 1031 3697 1094 Θεοῦ,
3723 1031 3814 1085 dal-

2316 1135 2444 1186 ρων
2471 1119 2588 1188 τὴν
2618 1121 2912 1191 ἁμαρτίαν
2955 1121 3063 1176 τοῦ
3091 1124 3324 1192 κόσμου
3344 1161 3360 1186 ,
3394 1121 3612 1192 σταυρῷ
3639 1122 3715 1172 καὶ
3747 1138 3817 1189 τρι.

2326 1209 2479 1281 χύσει
2503 1213 2733 1282 αἵματος
2764 1214 2856 1268 καὶ
2894 1213 3105 1276 ὕδατος.
3147 1214 3285 1284 Περὶ
3317 1207 3377 1267 οὖ
3425 1212 3588 1266 πάλιν
3625 1214 3650 1264 ὁ
3684 1212 3816 1280 Ἰηστὶς

2325 1301 2626 1373 πυθόμενος
2657 1306 2770 1368 τοῖς
2824 1309 3128 1376 φοιτηταῖς,
3156 1305 3259 1358 ποῦ
3304 1305 3455 1375 αὐτῷ
3501 1305 3563 1357 τὸ
3607 1305 3757 1372 Πάσχα
3786 1306 3815 1355 τὲ

2325 1395 2548 1466 νομικὸν
2575 1398 2911 1467 ἐτοιμάσοιεν
2935 1438 2950 1460 ,
2984 1399 3149 1468 φησὶν
3192 1398 3372 1460 αὐτοῖς
3406 1415 3419 1428 ⁸
3465 1398 3750 1452 Ἀπέλθατε
3771 1401 3816 1459 εἰς

2326 1485 2507 1550 τήνδε
2550 1486 2665 1554 τὴν
2688 1490 2890 1554 πόλιν,
2913 1489 3012 1542 καὶ
3045 1488 3380 1554 ἀπαντήσει
3415 1487 3563 1556 ὑμῖν
3597 1489 3814 1554 ἇνθριιιπιτς

2321 1574 2642 1638 ,βαστάζων
2680 1576 2963 1645 κεράμιον
3006 1577 3254 1643 ὕδατος·
3281 1577 3378 1630 καὶ
3403 1577 3608 1630 εἴπατε
3631 1575 3766 1640 αὐτῷ,
3791 1577 3816 1621 'fl

2327 1663 2692 1730 διδάσκαλος
2737 1662 2889 1734 εἷπε,
2922 1667 3079 1734 Πρὸς
3126 1666 3201 1720 σὲ
3242 1665 3389 1720 ποιῶ
3416 1667 3485 1720 τὸ
3515 1664 3709 1734 Πάσχα
3729 1682 3817 1733 ptri

2327 1753 2446 1808 τῶν
2480 1756 2760 1825 μαθητῶν
2794 1773 2944 1825 μου·
2971 1757 3069 1812 καὶ
3116 1757 3418 1822 ὐποδείξει
3464 1757 3607 1828 ὑμῖν
3640 1757 3819 1825 ἀνύτειν

2329 1845 2484 1916 μέγα
2505 1846 2878 1917 ἐστρωμένον
2903 1865 2920 1881 ο
2947 1847 3120 1902 κάκεῖ
3165 1849 3516 1918 ἑτοιμάσατε
3543 1866 3558 1881 ·
3603 1851 3684 1901 καὶ
3703 1848 3818 1912 Tim

2337 1937 2437 2007 μὲν
2485 1937 2657 1990 ταῦτα
2698 1938 3006 2008 αἰσθητῶς*
3042 1939 3269 1993 νοείσθω
3305 1940 3362 1992 δὲ
3416 1939 3819 2011 τροπικῶς”Ᾱνὴρ

2338 2029 2434 2096 μὲν
2474 2027 2756 2098 βαστάζων
2803 2029 2865 2082 τὸ
2899 2032 3162 2102 κεράμιον
3197 2031 3292 2084 τοῦ
3341 2031 3556 2096 ὕδατος,
3597 2031 3820 2097 Ἰωάννηςὸ

2335 2119 2664 2191 Βαπτιστὴς,
2682 2121 2968 2192 κηρύττων
2989 2124 3581 2195 μετανοίαςβάπτισμα
3607 2125 3686 2177 καὶ
3703 2123 3821 2192 βαπτι-

2335 2209 2462 2272 ζων.
2491 2210 2651 2274 Πόλις
2677 2211 2787 2282 δὲὴ
2821 2211 2933 2265 ἄνω
2974 2211 3443 2287 Ἰερουσαλὴμ,ἧς
3485 2215 3681 2268 πολῖται
3715 2213 3822 2267 Ἰωάν-

2335 2317 2451 2370 νης,
2484 2301 2578 2352 καὶ
2618 2301 2647 2352 6
2692 2299 2880 2365 λοιπὸς
2923 2301 3032 2356 τῶν
3080 2303 3300 2356 δικαίων
3331 2305 3522 2375 ὅμιλος
3567 2305 3652 2357 καὶ
3699 2303 3818 2370 ἀγῶνι.

2347 2390 2612 2460 Ἀνὼγεον
2637 2392 2693 2445 δὲ
2715 2395 3056 2465 ἐστρωμένον
3088 2396 3316 2468 λαμπρᾷ
3344 2397 3560 2466 ψηφῖδι,
3592 2399 3618 2449 ὁ
3652 2397 3822 2465 οὐρανὸς.

2336 2481 2451 2547 {ad
2486 2483 2547 2536 τέ
2595 2502 2716 2538 τινα
2747 2485 2842 2538 καὶ
2885 2489 3138 2556 σχήματα
3167 2489 3232 2558 τῇ
3275 2488 3519 2558 ποικιλία
3562 2488 3660 2540 τῶν
3684 2489 3822 2553 ἄστρων

2335 2573 2834 2643 ὖπομορςρούμενος,
2872 2577 3012 2628 κατὰ
3065 2576 3125 2628 τὸ
3158 2576 3285 2648 παρ’
3312 2579 3442 2647 ἡμῖν
3489 2576 3732 2646 βασιλικὸν
3752 2576 3822 2625 ἔδι-

2336 2677 2455 2732 φος,
2490 2668 2554 2736 τῇ
2588 2667 2828 2739 ποικιλία
2863 2669 2963 2739 τῆς
3003 2667 3234 2740 ψηφίδος
3277 2670 3723 2741 κατεστρωμένον.
3750 2669 3821 2717 Ὅτι

2333 2756 2390 2809 δὲ
2441 2756 2594 2826 βουσὶ
2631 2758 2756 2821 τοὺς
2798 2759 3128 2824 ἀποστόλους
3173 2762 3202 2813 ὁ
3239 2763 3531 2832 προφήτης
3587 2761 3820 2831 παρείκατε

2337 2848 2524 2916 σαφῶς
2566 2848 2860 2920 παρίστησι
2898 2849 3110 2913 Παῦλος
3158 2851 3188 2902 ὁ
3220 2851 3318 2922 τῆς
3350 2851 3507 2915 θείας
3547 2847 3820 2917 εἰκοσαὸμύης

2336 2936 2631 3010 ἐξαίρετος,
2657 2939 2878 3008 φάσκων
2897 2955 2912 2970 ο
2951 2939 3308 3009 Γέγραπται,
3337 2944 3424 2995 Οὐ
3451 2938 3821 3010 φιμιὶηειςβσὶτ

2334 3027 2642 3082 ἀλοῶντα·
2675 3029 2769 3083 καὶ
2807 3025 2960 3093 αὖθις
2986 3030 3227 3099 ἐπάγων,
3261 3029 3356 3098 Μὴ
3387 3030 3515 3085 τῶν
3554 3029 3818 3096 βοὼνμέᾹίι

2330 3116 2411 3182 τῷ
2445 3117 2566 3184 Θεῷ
2585 3134 2606 3183 ;
2639 3119 2814 3174 Ἀλλὰ
2839 3119 3074 3184 πάντως
3097 3121 3231 3188 περὶ
3249 3121 3420 3190 ἡμῶν
3442 3123 3623 3192 λέγει’
3648 3123 3706 3175 δι’
3728 3117 3820 3186 mltis”

2331 3209 2441 3277 γὰρ
2474 3209 2814 3278 γέγραπται.
2865 3211 3000 3265 Ἀλλ’
3033 3213 3127 3266 ἐπὶ
3166 3213 3256 3267 τὸν
3297 3213 3506 3284 ὑψηλδν
3560 3215 3744 3267 Ἡσαΐαν
3768 3210 3818 3259 si

2328 3299 2412 3352 λιν
2442 3302 2807 3370 φοιτήσωμεν,
2833 3305 2895 3373 τῇ
2933 3303 3063 3374 παρ’
3090 3304 3255 3358 αὑτοῦ
3285 3307 3602 3376 προφητεία
3625 3305 3816 3373 ἑπόμενα·

2333 3393 2414 3444 οὐ
2435 3390 2546 3460 γὰρ
2573 3390 2857 3459 ἑρτῶνται
2880 3393 3025 3448 δέκα
3048 3392 3219 3465 ζεύγη
3241 3395 3415 3460 βοῶν
3448 3396 3687 3464 ποιῆσαι
3715 3389 3816 3458 utd-

2324 3501 2465 3554 μιον
2507 3483 2606 3537 ἓν·
2641 3484 2734 3536 καὶ
2777 3480 2932 3547 αὖθις
2981 3486 3197 3554 ἐπάγει,
3237 3485 3346 3540 Καὶ
3381 3489 3417 3538 ὁ
3447 3489 3697 3556 σπείρων
3716 3482 3815 3550 apte

2332 3575 2439 3637 ϐας
2463 3573 2554 3636 ἐξ,
2579 3576 2798 3640 θερίσει
2817 3573 3004 3643 μέτρα
3025 3577 3173 3644 τρία.
3194 3575 3428 3649 *Δρόὗν
3463 3579 3708 3646 τοσαύτην
3728 3578 3814 3626 άπερ

2332 3663 2452 3734 χίαν
2505 3662 2832 3734 ύποθώμεθα
2891 3666 3140 3733 γενέσθαι
3210 3669 3373 3731 ποτὲ,
3418 3669 3566 3721 ὥστε
3616 3663 3813 3734 acapna;

2332 3753 2575 3824 ἀρτάϐας
2633 3752 2693 3817 ἒξ
2714 3794 2728 3816 ,
2763 3755 2922 3823 μόνον
2962 3756 3092 3825 τρία
3124 3757 3600 3828 ἀποτίσεινμέτρα
3629 3774 3642 3821 ;
3667 3755 3725 3809 Οὐ
3757 3752 3812 3817 γάρ

2333 3859 2496 3910 φησιν
2530 3845 2676 3912 τρεῖς
2728 3841 2972 3912 ἀρτάϐας
3033 3845 3280 3914 ποιήσει,
3327 3845 3472 3899 ἀλλὰ
3525 3846 3654 3914 τρία
3678 3840 3813 3910 pem.

2337 3931 2508 4002 βραχύ
2539 3950 2591 3985 τι
2619 3934 2828 4002 ἔχοντα.
2866 3931 3002 3985 Ἀλλ’
3029 3935 3107 3996 είς
3135 3934 3196 3986 τὸ
3228 3933 3498 4004 ἐσώτερον
3533 3935 3622 3988 τοῦ
3649 3934 3814 4003 γράμμ-

2333 4040 2424 4086 τος
2454 4025 2847 4094 καταπέτασμα
2869 4025 3334 4094 παρεισδύνοντες,
3356 4027 3659 4098 εὑρήσομεν
3686 4024 3814 4075 mire;

2334 4114 2394 4166 τὸ
2445 4113 2533 4166 διὰ
2565 4113 2772 4166 τούτων
2823 4115 3100 4184 ἐσόμενον.
3140 4115 3236 4180 Ἓξ
3285 4116 3470 4170 τοίνυν
3524 4102 3816 4188 spumei;

2336 4205 2437 4274 τῆς
2483 4206 2805 4276 Ἐκκλησίας
2853 4208 3276 4278 κατασπείρεται
3309 4207 3530 4280 ἄρουρα
3571 4203 3816 4278 λογικὴβὲ

2337 4295 2465 4358 τῶν,
2489 4297 2749 4367 τέτταρας
2781 4295 2878 4365 μὲν
2915 4297 3011 4360 τὰς
3037 4298 3134 4368 τῆς
3166 4297 3455 4369 θεηγορίας
3496 4301 3717 4362 πύκτας,
3741 4295 3818 4357 πέμ·

2339 4404 2480 4457 πτην
2504 4388 2560 4440 δὲ
2585 4389 2682 4458 τὴν
2709 4388 2815 4440 τῶν
2842 4389 3142 4441 θεσπεσίων
3169 4391 3368 4459 Πρᾶξιν
3390 4407 3406 4422 °
3430 4391 3601 4463 ἕκτην
3616 4390 3666 4442 δὲ

2342 4476 2545 4547 ὑψηλοῦ
2596 4477 2807 4530 Παύλου
2865 4480 3183 4548 μονότευχον
3234 4481 3649 4552 δεκατεσσάρων
3694 4481 3820 4530 tam?

2340 4567 2447 4620 λῶν
2470 4584 2483 4597 ·
2518 4567 2576 4632 ἐξ
2597 4561 2671 4620 ὧν
2698 4568 2790 4620 καὶ⁵
2812 4567 2877 4620 δι’
2905 4566 2980 4622 ὧν
3027 4576 3366 4641 καρποφορεῖ
3405 4575 3434 4625 ὁ
3474 4573 3652 4635 θίασος
3677 4573 3728 4638 τῇ
3747 4579 3819 4618 χαι·

2341 4661 2532 4729 ηχήσει
2559 4659 2666 4711 τῶν
2687 4660 3024 4730 ἡγουμένων,
3042 4662 3110 4714 τὰ
3133 4661 3250 4714 θεῖα
3273 4654 3820 4733 κατασπειρόμεψλςτρέι

2342 4751 2545 4820 μέτρα,
2573 4751 2672 4820 τὴν
2699 4753 2777 4812 εἰς
2804 4752 3018 4823 Πατέρα
3063 4754 3154 4805 καὶ
3187 4755 3313 4807 Υἱὸν
3353 4756 3449 4807 καὶ
3489 4757 3639 4822 ἆγιον
3681 4746 3821 4810 Πνεῦμ

2339 4840 2540 4893 πίστιν.
2580 4841 2825 4908 Ἐξῆλθε
2868 4842 2976 4911 γὰρ
3020 4844 3052 4896 ὀ
3084 4845 3349 4911 σπείρων
3404 4844 3518 4898 τοῦ
3567 4834 3819 4907 σπεῖραι,οέ

2342 4932 2512 5002 πυρὸν
2545 4932 2856 5004 ἀρτοποιὸν,
2885 4934 3021 4989 ἀλλὰ
3050 4935 3231 4990 πίστιν
3265 4935 3554 5001 ζωοποιὸν·
3583 4935 3685 4990 ἀλλ’
3709 4927 3819 4983 ούιιὲι

2343 5027 2496 5077 πᾶσι.
2531 5027 2547 5045 ⁶
2561 5029 2578 5046 ⁸

740 5136 1018 5208 (Quaedam
1056 5137 1200 5192 enim
1244 5138 1398 5207 juxta
1438 5139 1581 5192 viam
1632 5139 1855 5207 cadunt,
1881 5155 2004 5209 quae
2061 5141 2147 5196 via
2193 5151 2277 5198 est
2327 5142 2626 5214 Christus).
2656 5143 2789 5200 Nam
2839 5147 3012 5216 inquit
3042 5147 3153 5217 ipse
3192 5164 3205 5202 :
3241 5146 3353 5219 Ego
3398 5164 3524 5202 sum
3569 5149 3650 5204 ria
3681 5137 3820 5199 vita”-

665 5231 784 5287 Nou
821 5248 950 5303 ergo
979 5235 1167 5303 procul
1217 5247 1248 5286 a
1295 5236 1380 5286 via
1416 5243 1544 5287 sunt
1584 5233 1812 5288 Ariani:
1868 5237 2329 5305 quemadmodum
2386 5247 2440 5292 et
2476 5237 2647 5293 Graeci
2687 5248 2742 5294 et
2782 5239 2978 5307 Judaei,
3019 5256 3195 5311 neque
3229 5242 3355 5296 item
3399 5242 3460 5296 in
3490 5245 3582 5297 via
3618 5249 3740 5297 sunt,
3773 5229 3822 5285 Si“;

663 5329 818 5397 juxta
846 5330 1010 5389 viam,
1046 5327 1097 5381 id
1125 5335 1208 5381 est
1240 5343 1404 5397 prope
1430 5317 1729 5383 Christum.
1766 5329 1976 5403 Quippe
2007 5334 2150 5403 quod
2178 5333 2454 5389 Christum
2483 5338 2834 5400 conﬁtentur,
2857 5334 2986 5390 facit
3017 5345 3079 5391 ut
3097 5351 3263 5406 prope
3286 5337 3430 5391 viam
3467 5336 3822 5407 sintzquodt’d‘?

668 5420 934 5472 minorem
969 5427 1022 5472 et
1052 5419 1369 5487 inteqnalcm
1402 5418 1796 5487 blasphemant,
1833 5423 1884 5476 id
1930 5439 1995 5478 ex
2026 5425 2237 5478 vivente
2266 5425 2350 5478 via
2392 5426 2540 5495 ipsos
2571 5425 2738 5495 ejicit.
2773 5427 3110 5495 Quapmpter
3134 5435 3190 5480 et
3219 5427 3463 5481 volatilia
3495 5427 3636 5490 cadi,
3658 5417 3823 5477 diabolica

666 5515 940 5568 exercitus
974 5515 1309 5578 advolantes,
1340 5515 1601 5584 colligunt
1634 5517 1841 5572 semina
1867 5518 2052 5572 divina
2076 5534 2139 5573 ex
2174 5519 2336 5573 corde
2376 5521 2757 5589 reproborum.
2792 5519 2908 5589 Ipse
2962 5521 3155 5576 etenim
3187 5519 3455 5575 Dominus
3500 5512 3823 5590 quodpmllib

669 5609 719 5664 id
756 5611 980 5664 omnino
1013 5619 1066 5662 et
1108 5609 1284 5665 facere
1319 5611 1474 5674 solet,
1509 5612 1732 5665 dicens:
1777 5613 1958 5667 Nolite
2005 5616 2261 5683 projicere
2304 5626 2544 5669 sanctum
2584 5631 2754 5668 meum
2799 5615 3037 5679 canibus,
3085 5630 3244 5683 neque
3292 5614 3555 5684 projicere
3600 5605 3824 5679 iurgari!"

669 5719 809 5755 meas
833 5718 1009 5755 coram
1038 5704 1210 5771 porcis
1251 5704 1316 5756 τί.
1353 5705 1420 5758 Et
1461 5720 1652 5760 rursus
1676 5733 1693 5758 .-
1720 5705 1931 5774 Tollite,
1958 5709 2150 5777 inquit,
2190 5711 2253 5764 ab
2294 5711 2406 5779 ipso
2431 5710 2710 5776 talentum,
2741 5719 2788 5762 et
2811 5711 2935 5764 date
2955 5710 3002 5762 ei
3022 5711 3112 5778 qui
3134 5709 3286 5763 habet
3313 5709 3517 5762 talenta
3537 5709 3709 5762 decem.
3734 5690 3825 5752 Olli

739 5847 786 5880 ⁸⁸
822 5846 981 5903 Joan.
1018 5865 1068 5912 ι,
1097 5849 1187 5902 ‘29.

1282 5851 1327 5882 “
1356 5849 1521 5904 Marc.
1559 5870 1666 5914 xlv,
1717 5854 1916 5920 l5-l5;
1992 5854 2123 5908 Luc.
2175 5871 2326 5918 χχιι,
2381 5854 2570 5908 10-12.

2669 5855 2712 5885 ⁸⁷
2765 5853 2953 5909 Matth.
2991 5871 3140 5913 xxvi,
3169 5853 3257 5907 l8.
3332 5853 3378 5884 ⁸⁸
3405 5851 3425 5904 l
3457 5853 3589 5909 Cor.
3618 5867 3684 5916 ix,
3710 5847 3750 5909 9.
3773 5839 3825 5900 ἰοὶ

667 5915 855 5975 lTim.
895 5934 950 5988 ν,
983 5919 1079 5988 18;
1116 5920 1269 5976 Deut.
1304 5937 1428 5987 xxv,
1461 5922 1514 5976 4.
1591 5925 1633 5956 ⁶⁹
1668 5923 1772 5982 lsa.
1805 5943 1856 5991 v,
1890 5915 1948 5980 lt]
1971 5994 1973 5998 ι
1998 5942 2107 5982 sec.
2140 5915 2322 5978 LXX.’
2379 5926 2425 5957 '°
2497 5924 2656 5979 Joan.
2698 5941 2823 5994 xiv,
2863 5926 2915 5982 6.
2988 5926 3033 6014 Τί
3067 5924 3260 5979 Matth.
3286 5939 3392 5990 vn.
3419 5924 3481 5980 6.
