4006 6386
1671 394 2015 454 DIALOGUS
2053 393 2141 451 IV.
3393 386 3536 445 H78

277 409 421 466 tm

276 549 417 602 enin:
454 543 662 598 habenti
696 541 857 597 fidem
903 546 1142 604 rectam,
1193 536 1408 591 dabitur
1454 544 1505 590 et
1557 535 1843 604 adjicietur
1873 546 1892 585 :
1936 532 2002 584 ab
2066 547 2125 585 eo
2191 542 2368 586 autem
2413 531 2505 602 qui
2549 548 2649 586 non
2682 531 2833 585 habet
2875 529 3057 595 ﬁdem,
3116 545 3267 601 spem
3302 538 3357 585 et
3399 533 3536 584 cha-

280 638 498 690 ritatem
534 634 588 687 in
626 632 819 698 Deum,
847 632 1007 685 etiam
1046 628 1105 681 id
1150 627 1290 698 quod
1333 627 1539 681 videtur
1583 625 1795 691 habere,
1842 623 2112 693 auferetur
2150 623 2219 688 τ’,
2262 622 2442 693 inquit
2481 621 2763 679 Dominus.
2807 620 2922 677 Hoc
2964 631 3048 677 est
3089 621 3231 691 quod
3282 620 3397 690 ipso
3427 618 3537 675 frui

281 744 389 782 non
420 727 652 796 possint,
698 725 804 779 nisi
841 724 992 778 omni
1027 722 1231 775 virtute
1279 722 1391 775 sint
1428 719 1675 789 perfecti,
1711 720 1802 790 qui
1842 727 1985 773 recta
2016 717 2119 773 fide
2156 718 2322 772 Deum
2371 732 2477 772 non
2535 716 2740 773 colunt.
2791 717 2945 772 Sicut
2994 716 3170 786 inquit
3219 715 3334 786 ipse
3373 732 3388 769 :
3432 713 3539 780 Qui

280 818 562 872 crediderit
591 824 637 871 et
669 817 970 885 baptizatus
1002 816 1185 885 fuerit,
1217 816 1393 870 salvus
1421 817 1544 881 erit,
1586 817 1675 885 qui
1707 830 1827 868 vero
1866 830 1968 868 non
1999 814 2305 877 crediderit,
2342 811 2775 867 condemnabitur
2802 813 2869 865 ".
2898 811 3067 867 Vocat
3089 822 3269 867 autem
3293 811 3541 873 nomine,

284 919 344 964 ut
378 920 528 979 puto,
570 909 974 964 incredulorum
1009 908 1173 963 etiam
1214 907 1354 962 male
1390 908 1696 973 credentes,
1751 917 1805 961 et
1842 906 2041 976 impios
2066 912 2363 961 sectatores
2403 905 2692 959 haeresum.
2730 901 2903 957 Porro
2937 903 3030 971 qui
3058 903 3110 956 in
3135 901 3370 972 spinosis
3389 911 3543 967 sunt,

284 999 613 1054 Eunomiani
680 1000 815 1054 mihi
863 999 1137 1065 videntur,
1183 1015 1323 1070 quos
1380 1007 1597 1069 propter
1636 998 2035 1069 blasphemiam
2093 998 2393 1051 Anommos
2444 995 2663 1067 plurimi
2712 996 3004 1065 appellant.
3047 993 3183 1049 Nam
3242 993 3387 1064 quod
3444 994 3541 1048 de-

285 1097 613 1151 bacchantes
661 1104 966 1149 creaturam
1016 1104 1071 1150 et
1128 1094 1511 1164 cogitatiunem
1571 1095 1774 1150 audent
1824 1095 2019 1165 nugari
2061 1092 2340 1149 Christum
2392 1108 2539 1159 esse,
2585 1092 2637 1147 id
2669 1094 2816 1147 velut
2868 1092 3034 1163 spina
3066 1090 3295 1147 suﬂ‘ocat
3337 1106 3453 1155 eos,
3487 1099 3545 1145 et

285 1202 395 1239 non
432 1186 694 1256 permittit
744 1185 1035 1256 germinari
1088 1195 1142 1241 et
1188 1187 1372 1257 perfici
1422 1188 1546 1241 fide.
1591 1186 1864 1256 Competit
1897 1188 2059 1241 etiam
2113 1187 2256 1241 idem
2309 1202 2490 1241 sermo
2531 1187 2857 1256 quibusdam
2902 1186 3154 1242 Ecclesiae
3194 1197 3415 1252 nostrae,
3449 1184 3547 1254 qui

287 1281 432 1336 curis
463 1281 586 1334 vita:
624 1289 676 1333 et
732 1280 904 1349 spinis
954 1280 1295 1349 negotiorum
1328 1296 1387 1336 se
1420 1281 1708 1347 suﬂ‘ocant,
1746 1296 1921 1351 neque
1959 1281 2263 1336 concedunt
2314 1280 2369 1335 in
2421 1295 2481 1335 se
2523 1282 2722 1350 vigere,
2766 1290 2860 1334 aut
2910 1279 3201 1350 perfectam
3245 1279 3543 1348 producere

288 1393 471 1432 rerum
503 1379 808 1433 divinarum
862 1390 1134 1433 naturam.
1191 1379 1310 1434 Alia
1353 1388 1534 1434 autem
1573 1378 1890 1433 ceciderunt
1941 1391 2051 1429 non
2107 1392 2270 1446 super
2310 1387 2541 1445 petram,
2589 1375 2683 1428 sed
2723 1390 2885 1444 super
2923 1386 3161 1446 petrosa.
3203 1374 3364 1429 Petra
3396 1377 3542 1431 enim

289 1470 534 1526 Christus
561 1475 720 1540 est“,
755 1475 1213 1544 quemadmodum
1254 1474 1433 1544 inquit
1480 1475 1636 1529 divus
1680 1472 1906 1527 Paulus.
1953 1470 2164 1526 Petrosi
2217 1486 2347 1525 vero
2390 1472 2521 1526 mihi
2560 1487 2684 1528 esse
2723 1472 2973 1527 videntur
3002 1474 3254 1528 obtusum
3286 1473 3544 1528 habentes

288 1574 340 1617 et
382 1566 601 1622 obedire
646 1567 887 1623 nescium
942 1583 1058 1633 cor,
1107 1569 1251 1639 quod
1289 1568 1526 1623 tenerius
1564 1567 1785 1638 quidem
1832 1579 1914 1622 est
1953 1582 2119 1636 quam
2186 1566 2344 1635 lapis,
2400 1567 2595 1622 durius
2644 1574 2825 1621 autem
2864 1582 3024 1634 quam
3071 1568 3285 1636 propria
3326 1574 3543 1620 natura.

292 1655 441 1714 Talis
486 1661 629 1715 enim
682 1671 888 1717 naturae
944 1678 1131 1718 semen
1193 1672 1296 1728 est,
1349 1662 1591 1717 tenerius
1625 1662 1843 1732 quidem
1901 1661 2098 1730 lapide,
2139 1659 2331 1715 durius
2384 1670 2566 1715 autem
2610 1669 2781 1716 terra.
2829 1661 2928 1715 Cui
2976 1672 3257 1730 comparat
3285 1660 3547 1716 Dominus

288 1751 401 1807 Deo
435 1752 688 1810 inimicos
734 1753 1101 1821 Macedonios,
1136 1764 1189 1810 et
1222 1754 1596 1810 Marathonios
1624 1752 1761 1823 (15),
1794 1753 1885 1824 qui
1924 1752 2188 1824 Spiritum
2228 1752 2628 1821 blasphemant,
2662 1761 2717 1806 et
2764 1751 2942 1820 ipsum
2984 1760 3226 1805 creatum
3256 1766 3376 1806 esse
3410 1750 3548 1805 falso

288 1858 557 1915 asserunt,
610 1850 1005 1920 implacabilem
1064 1850 1170 1907 sibi
1236 1852 1618 1905 contrahentes
1682 1848 1897 1903 Domini
1932 1848 2419 1902 denuntiationem.
2474 1846 2652 1916 lnquit
2694 1846 2839 1900 enim
2875 1862 2890 1899 :
2928 1846 3032 1911 Qui
3092 1848 3289 1900 dixerit
3335 1846 3551 1899 verbum

288 1946 537 2013 adversus
574 1941 778 1997 Filium
815 1944 1075 2010 hominis,
1114 1947 1408 1997 remittetur
1452 1943 1575 2009 illi;
1619 1943 1709 2013 qui
1749 1959 1867 1998 vero
1921 1943 2117 1997 dixerit
2182 1942 2434 1995 adversus
2500 1938 2763 2009 Spiritum
2804 1950 3067 2005 sanctum,
3108 1957 3210 1994 non
3256 1941 3551 1994 remittetur

274 2010 356 2095 ἐι,
391 2047 551 2098 neque
578 2031 661 2085 hic
699 2047 860 2101 neque
900 2032 956 2085 in
996 2031 1189 2086 stecufo
1225 2031 1406 2100 futuro
1454 2032 1520 2085 ".
1566 2010 1754 2100 Neque
1794 2031 1954 2099 igitur
1985 2040 2128 2084 terra
2169 2038 2300 2084 sunt
2336 2029 2479 2083 bona
2519 2037 2573 2083 et
2615 2027 2894 2099 frugifera,
2942 2039 3133 2085 tenens
3178 2046 3361 2087 semen
3408 2033 3551 2089 sicut

290 2124 624 2191 Christiani;
663 2141 836 2196 neque
878 2125 1004 2180 item
1054 2126 1227 2180 solida
1253 2135 1401 2194 petra
1452 2134 1599 2191 sunt,
1647 2125 1739 2194 qui
1795 2124 2184 2193 exsculpentur
2241 2139 2272 2178 a
2330 2124 2646 2178 doctoribus
2701 2124 2753 2177 in
2801 2135 3128 2179 structuram
3178 2129 3317 2180 sacri
3354 2138 3551 2182 cmlus.

290 2213 447 2279 Quod
473 2215 617 2268 enim
644 2214 973 2271 confitentur
1011 2214 1103 2269 Dei
1134 2214 1331 2269 Filium
1364 2213 1548 2269 Jesurn
1580 2215 1860 2269 Christum
1902 2215 2136 2269 similem
2178 2214 2478 2268 secundum
2526 2214 2888 2268 substantiam
2938 2214 3108 2277 Patri,
3136 2215 3374 2269 ostendit
3408 2216 3554 2284 ipsos

293 2307 568 2362 molliores
612 2322 763 2363 esse:
822 2308 965 2377 quod
1006 2316 1187 2363 autem
1233 2316 1432 2377 negant
1479 2306 1646 2361 Deum
1692 2322 1813 2361 esse
1849 2305 2112 2375 Spiritum
2164 2316 2439 2369 sanctum,
2476 2306 2624 2374 ipsos
2659 2307 2932 2375 ambigere
2963 2315 3015 2360 et
3049 2320 3116 2361 ex
3160 2317 3314 2375 parte
3345 2307 3559 2360 validos

290 2400 437 2455 circa
466 2408 640 2455 totum
677 2401 955 2466 caecutire,
990 2400 1301 2456 Creatorem
1359 2416 1482 2455 cum
1530 2410 1779 2457 creatura
1830 2409 2308 2463 connumerantes,
2358 2408 2413 2453 et
2457 2400 2524 2453 de
2557 2399 2787 2454 Domino
2837 2400 3040 2468 pariter
3089 2407 3142 2453 et
3172 2415 3334 2453 servo
3359 2415 3553 2468 perpe-

292 2507 409 2545 ram
457 2493 771 2547 sentientes.
814 2491 965 2557 Quos
1008 2508 1037 2545 a
1074 2492 1499 2546 Christianismo
1529 2491 1820 2546 secludens
1859 2491 2154 2560 Apostolus
2201 2491 2415 2560 inquit:
2471 2488 2531 2544 Si
2576 2492 2695 2559 quis
2739 2491 2984 2560 spiritum
3013 2489 3213 2543 Christi
3250 2506 3350 2542 non
3379 2490 3557 2555 habet,

291 2586 338 2637 is
378 2600 481 2636 non
518 2594 594 2639 est
652 2586 766 2653 ejus
808 2585 876 2637 ⁷⁸.
935 2584 1003 2639 Et
1050 2586 1182 2650 alia,
1233 2585 1408 2654 inquit
1454 2585 1741 2652 Dominus,
1813 2584 2111 2639 ceciderunt
2174 2584 2229 2638 in
2294 2593 2495 2637 terram
2539 2584 2752 2651 bonum,
2804 2595 2853 2638 et
2896 2585 3092 2638 dabant
3130 2585 3383 2654 fructum,
3445 2584 3560 2637 alia

292 2675 503 2747 quidem
548 2677 916 2746 trigecuplum,
962 2677 1072 2732 alia
1121 2696 1238 2733 vero
1279 2680 1707 2749 sexagecuplum,
1760 2680 1872 2733 alia
1908 2695 2025 2733 vero
2070 2678 2375 2747 centuplum
2416 2680 2481 2731 ⁷⁷.
2519 2678 2701 2735 Terra:
2738 2680 2892 2734 bona:
2926 2681 3292 2734 rectissimum
3335 2688 3389 2733 et
3418 2680 3561 2733 bene

294 2768 536 2824 Sentiens
565 2783 680 2834 cor,
726 2779 779 2824 et
804 2770 1103 2825 voluntatis
1142 2771 1483 2839 propositum
1518 2786 1866 2839 comparans,
1904 2779 2259 2840 repurgalum
2291 2770 2360 2824 ab
2393 2770 2664 2825 haereticis
2719 2771 2918 2839 spinis,
2972 2780 3027 2824 et
3072 2772 3417 2840 germinans:
3446 2770 3558 2839 pri-

296 2876 445 2914 mum
480 2862 698 2931 quidem
733 2862 958 2916 herbam
989 2862 1135 2927 ﬁdei,
1166 2862 1361 2917 deinde
1403 2863 1609 2931 spicam
1650 2862 1765 2932 spei
1808 2872 2167 2927 crescentem,
2201 2872 2317 2916 tum
2368 2872 2646 2917 maturum
2670 2862 2907 2918 fructum
2954 2865 3265 2919 dilectionis
3306 2863 3558 2933 perfectae

295 2954 581 3009 exhibens.
619 2953 745 3008 Haec
786 2955 930 3009 enim
972 2964 1025 3010 et
1059 2956 1219 3010 divus
1265 2955 1562 3023 Apostolus
1617 2956 1890 3024 praecipua
1929 2970 2052 3009 esse
2097 2956 2359 3021 ostendit,
2415 2956 2597 3023 fidem,
2642 2972 2817 3025 spem,
2864 2957 3183 3013 charitatem
3211 2959 3276 3011 ⁷⁸.
3313 2958 3415 3024 Qui
3455 2958 3556 3028 igi-

296 3055 385 3099 tur
405 3044 596 3110 credit,
640 3043 770 3099 facit
819 3045 1075 3114 triginta;
1121 3045 1215 3115 qui
1263 3061 1392 3100 vero
1430 3055 1632 3115 sperat,
1666 3043 1798 3099 facit
1840 3047 2160 3116 sexaginta;
2194 3046 2289 3115 qui
2320 3061 2449 3102 vero
2478 3048 2532 3101 in
2566 3048 2852 3103 dilectione
2895 3048 3132 3117 perfecta
3170 3058 3273 3107 est.
3308 3051 3558 3119 centupla

295 3153 390 3207 per
422 3134 810 3206 perfectionem
847 3135 980 3191 facit
1018 3152 1205 3205 opera,
1254 3152 1379 3207 quae
1433 3146 1563 3191 sunt
1604 3137 1986 3204 acceptissima
2020 3137 2153 3191 Deo.
2199 3135 2303 3203 Qui
2344 3153 2410 3192 ex
2449 3152 2559 3192 uno
2603 3140 2812 3193 semine
2860 3139 3082 3193 tertium
3148 3141 3380 3195 reddidit
3442 3140 3562 3196 fru-

295 3241 443 3284 ctum
473 3230 642 3285 Deum
690 3232 989 3295 honorans,
1038 3232 1341 3287 Ecclesium
1390 3233 1663 3297 exultans,
1717 3233 2073 3302 semetipsum
2127 3233 2413 3299 deiﬁcans,
2447 3248 2571 3289 cum
2623 3234 2821 3302 spiritu
2874 3249 2933 3290 se
2978 3250 3333 3305 componens,
3364 3237 3562 3291 anima:

297 3323 612 3391 providens.
652 3323 867 3392 corpori
916 3324 1218 3392 imperans,
1265 3325 1320 3378 in
1360 3333 1503 3379 terra
1536 3324 1891 3395 gloriﬁcatus,
1927 3340 1992 3379 ex
2039 3326 2272 3379 mortuis
2303 3340 2620 3395 resurgens,
2670 3327 2726 3380 in
2765 3326 2923 3381 caelis
2952 3329 3267 3397 requiescit.
3308 3326 3411 3393 Qui
3436 3344 3561 3398 per-

298 3416 473 3472 fectus
513 3416 565 3468 in
599 3416 883 3483 Trinitate,
939 3416 1113 3472 fidelis
1154 3426 1261 3485 est,
1310 3428 1654 3482 mansuetus,
1710 3417 1889 3472 facilis
1926 3433 2055 3488 erga
2087 3433 2282 3473 omnes
2326 3427 2381 3473 et
2426 3419 2729 3483 modestus,
2774 3420 3108 3483 misericors,
3144 3420 3427 3489 benignus,
3470 3421 3560 3489 jno

300 3518 437 3569 stu-5,
464 3521 661 3575 corpus
684 3519 1062 3573 contemnens,
1096 3507 1279 3562 divina
1307 3524 1592 3573 exercens,
1634 3510 1877 3564 caelestia
1918 3510 2191 3573 esuriens,
2238 3510 2293 3563 in
2343 3510 2582 3580 imagine
2622 3525 2746 3564 cum
2790 3510 3111 3564 mortalibus
3133 3510 3354 3579 degens,
3381 3518 3434 3562 et
3495 3507 3564 3560 fi-

300 3613 436 3664 gura
488 3613 654 3666 super
707 3607 908 3651 terram
958 3613 1258 3668 apparens;
1296 3602 1416 3654 ideo
1461 3601 1755 3671 lrigecupla
1800 3600 2113 3667 fructificat,
2156 3608 2422 3670 tanquam
2459 3602 2600 3655 inter
2633 3600 2883 3656 homines
2930 3614 3094 3670 agens
3133 3618 3148 3655 :
3204 3598 3560 3667 sexagecupla

303 3701 506 3754 autem,
538 3691 703 3744 veluti
749 3707 874 3745 cum
922 3692 1126 3762 angelis
1173 3693 1525 3748 ministrans:
1579 3694 1834 3763 centupla
1882 3710 2034 3757 vero,
2085 3703 2342 3764 tanquam
2392 3710 2515 3749 cum
2571 3693 2682 3748 Deo
2730 3708 3207 3763 conversanszper
3249 3691 3564 3745 unctionem

302 3787 405 3839 olei
437 3786 608 3841 sancti
638 3787 772 3839 dans
802 3783 1039 3838 fructum
1077 3784 1132 3838 in
1164 3786 1512 3855 trigecuplis;
1578 3801 1674 3855 per
1722 3786 2053 3855 baptismum
2106 3795 2291 3840 autem
2327 3788 2381 3840 in
2435 3787 2845 3857 sexagecuplis;
2890 3800 2986 3855 per
3029 3784 3289 3854 unguenti
3342 3798 3565 3838 sacrum

304 3883 666 3938 ministerium
720 3883 774 3935 in
822 3880 1110 3951 centuplis.
1171 3881 1276 3946 Qui
1320 3882 1490 3935 credit
1524 3881 1577 3934 in
1633 3880 1871 3946 Patrem,
1922 3880 2129 3950 profert
2174 3882 2417 3951 triginta,
2469 3885 2561 3951 qui
2629 3882 2681 3934 in
2737 3877 2955 3944 Filium,
3008 3880 3305 3950 sexaginta,
3366 3879 3457 3948 qui
3504 3880 3565 3933 in

309 3978 596 4046 Spiritum,
634 3985 885 4031 centum.
910 4013 923 4028 .
947 4013 962 4029 .
984 4014 1032 4029 ..
1056 4013 1106 4029 ..
1143 3974 1263 4040 Quo
1292 3976 1437 4030 enim
1468 3984 1659 4044 putant
1690 3976 2017 4030 imminuere
2065 3975 2326 4046 Spiritum
2376 3975 2644 4037 divinum,
2706 3977 2807 4028 hoc
2854 3974 3026 4044 magis
3074 3974 3247 4042 ipsum
3296 3974 3565 4028 extollunt

304 4080 360 4124 et
403 4078 621 4130 ornant,
677 4081 906 4120 numero
961 4074 1337 4135 praeponentes
1399 4068 1576 4135 ipsum
1630 4067 1777 4122 Patri
1820 4076 1875 4122 et
1922 4066 2083 4133 Filio,
2137 4069 2279 4122 male
2320 4080 2374 4123 et
2424 4068 2815 4135 imprudenter.
2867 4066 2969 4134 Qui
3016 4068 3158 4122 enim
3209 4067 3397 4127 credit.
3454 4083 3567 4121 non

308 4170 363 4223 in
403 4164 686 4235 Spiritum,
734 4162 829 4219 sed
879 4163 935 4217 in
962 4161 1179 4216 Patrem
1212 4163 1385 4217 credit
1431 4163 1690 4232 primum,
1740 4164 1935 4219 deinde
1974 4165 2027 4217 in
2069 4162 2292 4229 Filium,
2346 4174 2509 4233 atque
2550 4173 2662 4215 tum
2697 4162 2752 4216 in
2800 4173 3291 4217 consummatorem
3323 4162 3564 4218 Trinita-

312 4265 380 4317 tis
422 4260 685 4329 Spiritum
730 4266 1005 4312 sanctum.
1038 4255 1509 4321 Quemadmodum
1549 4267 1605 4312 et
1640 4258 1950 4313 divinorum
1984 4260 2074 4315 ille
2104 4260 2409 4314 carminum
2458 4267 2673 4324 auctor,
2719 4256 2993 4327 opificium
3022 4256 3304 4313 Trinitatis
3353 4260 3567 4330 signiti-

308 4360 327 4378 ‘
359 4357 457 4428 τῆς
488 4354 714 4426 Τριὰδος
746 4353 888 4406 Θεῖον
915 4353 1008 4406 καὶ
1041 4352 1193 4421 ἅγιον
1227 4351 1472 4423 Πνεῦμα.
1509 4352 1706 4416 Καθὼς
1728 4354 1824 4407 καὶ
1855 4355 1884 4406 ὀ

1993 4370 2123 4410 cans
2150 4370 2274 4410 esse
2310 4354 2587 4419 universa,
2627 4352 2841 4421 inquit:
2892 4351 3053 4406 Verbo
3084 4352 3297 4406 Domini
3325 4355 3437 4407 caeli
3465 4354 3565 4422 ﬁr-

309 4448 416 4501 τῶν
463 4446 621 4499 θείων
669 4445 923 4515 μελῳδὸς,
962 4444 1144 4516 δρᾶμα
1186 4443 1286 4513 τῆς
1325 4442 1569 4514 Τριάδος⁷
1599 4444 1882 4514 σημαίνων

1993 4446 2123 4500 mati
2171 4456 2316 4510 sunt,
2358 4458 2408 4499 et
2440 4444 2646 4515 Spiritu
2693 4445 2802 4498 oris
2841 4445 3032 4511 ipsius,
3068 4446 3237 4497 omnis
3280 4446 3442 4498 uirtus
3474 4461 3563 4497 eo-

311 4538 574 4609 ὑπάρχειν
613 4536 679 4589 τὰ
720 4535 1029 4605 σύμπαντα,
1066 4535 1218 4605 φησι,
1262 4531 1344 4597 Τῷ
1376 4534 1544 4603 Λόγῳ
1574 4534 1795 4601 Κυρίου
1828 4536 1884 4587 οι

1993 4536 2185 4591 rum".
2218 4537 2507 4592 Dominum
2528 4536 2764 4600 Patrem,
2796 4532 3026 4590 Verbum
3056 4533 3271 4601 Filium,
3305 4534 3567 4606 Spiritum

311 4628 550 4696 οὐρανοὶ
575 4626 1043 4695 ἐστερεώθησαν,
1072 4625 1171 4678 καὶ
1191 4624 1271 4690 τῷ
1296 4626 1593 4692 Πνεὺματι
1615 4624 1721 4677 τοῦ
1743 4626 1886 4678 στό-

309 4738 494 4791 ματος
526 4718 730 4783 αὑτοῦ,
762 4716 930 4771 πᾶσα
954 4718 992 4783 ὴ
1031 4717 1285 4785 δύναμις
1322 4714 1540 4769 αὐτῶνθ
1572 4716 1776 4786 Κύριον
1800 4715 1891 4768 τὸν

316 4809 553 4878 Πατέρα,
578 4808 747 4876 Λόγον
774 4807 831 4860 δὲ
855 4807 946 4860 τὸν
966 4806 1153 4871 Παῖδα,
1182 4806 1404 4876 Πνεῦμα
1424 4806 1480 4859 δὲ
1502 4806 1565 4859 τὸ
1589 4807 1743 4874 ἆγιον
1795 4808 1893 4859 καὶ⁹

318 4900 769 4972 συμπληρωτικὸν
793 4900 894 4970 τῆς
930 4898 1078 4962 Θείας
1103 4898 1350 4969 Τριάδοςο
1379 4892 1439 4950 οὗ
1478 4898 1574 4968 τὴν
1606 4897 1893 4950 αὑθεντίαν

316 4994 489 5064 δηλῶν
513 4996 541 5047 ό
568 4993 768 5063 Κύριος
792 4995 857 5045 ἐκ
879 4992 1089 5063 νεκρῶν
1112 4992 1368 5055 ἀναστὰς,
1400 4992 1533 5061 φησὶ
1557 4993 1668 5053 τοῖς
1696 4988 1890 5042 ἑαυτοῦ

320 5082 607 5153 μαθηταῖς,
635 5082 853 5137 Λάϐετε
884 5082 1125 5151 Πνεῦμα
1155 5082 1342 5150 ἅγιον·
1378 5081 1455 5135 ἄν
1477 5097 1656 5134 τινων
1693 5078 1887 5148 ἀφῆτε

316 5176 423 5241 τὰς
468 5175 1110 5245 ἁμαρτιας-,ἀφέωνταν
1142 5178 1209 5246 τῇ
1248 5174 1505 5245 αὺθεντίᾳ
1536 5173 1776 5244 δηλονότι
1825 5164 1887 5225 οὗ

317 5263 617 5334 λαμϐάνετε
643 5264 976 5334 Πνεύματος,
1016 5264 1209 5328 Θεῖκῶς
1238 5266 1365 5335 ὑμῖν
1398 5263 1726 5335 παρέχοντος
1758 5280 1890 5331 συγ-

318 5358 515 5425 χωρεῖν
551 5356 942 5427 ἀμαρτήματα.
977 5356 1069 5426 Μὴ
1118 5356 1296 5409 τοίνυν
1336 5357 1630 5427 αἱρετικοῖς
1684 5356 1893 5408 συνολι-

320 5447 628 5517 σθήσωμεν,
664 5447 769 5500 ὑπὸ
802 5446 897 5518 τῆς
936 5446 1201 5517 βασιλίδος
1230 5448 1326 5500 τοῦ
1353 5448 1524 5500 Νότου
1565 5446 1894 5519 κατακρίνε-

388 5577 431 5607 ⁷²
464 5576 651 5629 Matth.
697 5591 833 5636 xxv,
862 5576 964 5638 28,
999 5576 1090 5629 29.
1192 5576 1238 5608 ⁷³
1279 5574 1445 5630 Marc.
1503 5591 1589 5629 xvr
1618 5615 1632 5637 ,
1671 5576 1757 5630 16.

1863 5575 1912 5607 ⁷⁸
1948 5578 1969 5628 l
2001 5575 2128 5629 Cor.
2164 5591 2222 5629 ι.
2259 5574 2314 5628 4.

1991 4638 2170 4683 autem
2200 4638 2447 4682 sanctum
2472 4629 2622 4682 illum
2648 4638 2702 4681 et
2732 4635 3232 4683 consummatorem
3259 4641 3427 4680 sacrae
3444 4624 3571 4679 Tri-

1990 4719 2179 4772 uitatis
2201 4718 2503 4787 appellans.
2523 4717 2693 4787 Cujus
2721 4717 2992 4786 propriam
3025 4714 3306 4784 potestatis
3332 4715 3570 4768 auctori-

1991 4819 2157 4863 tatem
2190 4810 2504 4880 significans
2529 4808 2815 4873 Dominus,
2847 4816 3132 4877 postquam
3161 4822 3190 4859 a
3217 4805 3446 4859 mortuis
3477 4821 3566 4860 re-

1990 4900 2339 4963 surrexisset,
2389 4900 2568 4968 inquit
2602 4898 2885 4967 discipulis
2928 4898 3072 4951 suis:
3126 4895 3362 4963 Accipite
3394 4892 3569 4961 Spiri-

1994 5003 2106 5047 tum
2128 5004 2392 5047 sanctum.
2418 4992 2653 5058 Quorum
2678 4991 2981 5046 remiseritis
3011 4998 3248 5059 peccata,
3289 4989 3573 5041 remittun-

1997 5097 2084 5139 tur
2102 5088 2177 5141 eis
2191 5086 2261 5151 ⁸⁸,
2294 5087 2617 5140 auctoritate
2641 5084 2898 5139 videlicet
2922 5082 3157 5152 Spiritus
3175 5096 3335 5152 quem
3362 5080 3569 5149 accipi-

1996 5180 2087 5245 tis,
2146 5179 2410 5233 divinitus
2457 5178 2612 5232 vobis
2650 5176 2834 5231 dantis
2891 5182 3219 5244 potestatem
3260 5170 3570 5225 remittendi

1994 5282 2236 5340 peccata.
2281 5268 2358 5324 Ne
2393 5270 2555 5339 igitur
2587 5283 2711 5323 cum
2741 5266 3010 5320 haereticis
3041 5278 3386 5325 corruamus,
3422 5263 3572 5331 quia

1995 5362 2182 5432 regina
2214 5360 2399 5415 Austri
2444 5357 3033 5424 condemnabuntur",
3078 5371 3171 5426 per
3205 5354 3477 5425 ignaviam
3515 5353 3573 5407 in

1999 5451 2303 5504 exercenda
2337 5448 2556 5503 virtute.
2597 5446 2723 5501 Haec
2762 5447 2905 5501 enim
2956 5445 3099 5499 fama
3132 5444 3413 5513 sapientia:
3442 5457 3473 5495 a
3506 5441 3544 5495 fi

2425 5575 2470 5605 ⁷⁵
2519 5573 2706 5627 Matth.
2758 5589 2857 5634 xu,
2893 5573 2983 5626 '52.
3086 5572 3135 5603 ⁷⁸
3171 5571 3330 5624 Rom.
3360 5588 3481 5632 vm.
3516 5571 3571 5626 9.

317 5645 362 5677 "’
394 5646 583 5700 Matth.
606 5662 723 5708 xm,
744 5648 845 5713 25;
882 5646 1049 5702 Marc.
1077 5662 1150 5711 tv,
1170 5646 1224 5701 8.
1291 5648 1338 5677 ⁷⁸
1365 5645 1387 5700 ι
1416 5647 1543 5701 Cor.
1570 5662 1690 5711 ml,
1713 5647 1800 5701 15.
1861 5647 1890 5677 τ’

1994 5647 2092 5699 sal.
2116 5660 2289 5711 xxxrl,
2325 5644 2375 5699 6.
2440 5645 2486 5677 ⁸ο
2502 5644 2658 5698 Joan.
2682 5660 2769 5709 xx,
2794 5644 2882 5707 22,
2910 5643 3003 5696 '25.
3064 5643 3105 5674 ⁸¹
3142 5641 3332 5695 Matth.
3354 5658 3455 5705 xu,
3479 5642 3572 5695 42.

389 5758 500 5828 (15)
534 5762 918 5818 Manu/tonics.
963 5761 1054 5818 Sic
1103 5762 1333 5834 legimus
1374 5777 1499 5818 cum
1533 5761 1803 5819 Colelerio
1848 5762 2085 5825 Monum.
2142 5763 2286 5818 Eccl.
2324 5761 2415 5817 Gr.
2450 5771 2583 5815 tom.
2622 5758 2705 5827 Ill,
2755 5774 2875 5831 pag.
2907 5758 3031 5813 635.
3063 5757 3256 5829 Vulgo,
3295 5760 3575 5812 Maratho-

321 5841 485 5884 "(£308.
