4006 6386
522 343 660 402 1179

522 465 690 522 nibus
741 473 898 522 terra:
922 466 987 522 ad
1036 466 1384 526 Solomonem
1426 473 1713 542 pervenire
1745 476 2089 546 properavit:

527 558 648 613 istis
665 566 847 614 autem
869 559 1122 616 Christus
1147 560 1413 617 hodierno
1441 571 1687 635 tempore
1715 566 1957 622 clamans
1981 567 2096 623 evi-

524 650 697 721 gilare
727 660 781 706 et
811 651 1052 721 aspicere
1097 648 1150 710 id
1171 666 1269 723 pro
1288 665 1320 706 e
1338 668 1397 708 re
1419 652 1661 725 ipsorum
1682 664 1790 724 est,
1821 670 1932 711 non
1967 674 2093 729 per-

526 742 722 796 suasit.
759 739 826 795 Et
864 741 1011 797 illam
1039 742 1260 812 quidem
1298 744 1460 799 verba
1485 754 1540 801 et
1566 762 1818 804 rumores
1846 750 1918 815 ad.
1945 751 2095 806 salu-

527 838 638 885 tem
689 831 928 887 velocem
959 833 1345 903 reddiderunt;
1399 836 1499 891 hos
1538 845 1719 893 autem
1752 850 2005 908 aspectus
2043 848 2101 897 et

527 921 773 991 operatio
800 921 918 990 Dei,
966 933 1021 979 et
1061 922 1224 980 Verbi
1259 926 1554 994 iucarnati,
1591 944 1931 1001 nequaquam
1978 946 2096 988 me-

527 1011 696 1069 liores
727 1015 1097 1072 reddiderunt.

931 1104 1449 1165 INTERROGATIO
1473 1109 1700 1166 CXCIV.
1830 1178 1835 1185 ἡ

601 1194 913 1252 Secundum
963 1199 1197 1253 litteram
1234 1201 1552 1271 intelligitur
1582 1212 1813 1266 tantum,
1847 1212 1940 1258 aut
1969 1220 2096 1258 num

532 1288 696 1344 aliam
735 1290 973 1360 aliquam
1013 1275 1502 1346 considerationem
1542 1293 1703 1348 habet
1742 1295 2100 1365 interrogatio

530 1381 680 1436 Petri
721 1389 774 1436 et
813 1396 1135 1452 responsum
1177 1382 1436 1438 Domini?
1482 1384 1576 1439 illo
1612 1385 1829 1454 quidem
1866 1387 2098 1443 interro-

533 1480 714 1542 gante,
756 1472 971 1538 Quoties
1029 1475 1077 1527 si
1129 1476 1420 1544 peccaverit
1473 1478 1531 1530 in
1579 1493 1664 1530 me
1716 1477 1884 1546 frater
1934 1495 2100 1543 meus,

533 1564 800 1618 remittam
827 1565 913 1619 ei?
940 1581 1066 1619 num
1094 1567 1285 1635 septies
1310 1568 1393 1621 "2
1415 1566 1527 1623 Hoc
1552 1577 1733 1622 autem
1767 1569 2103 1624 abundanter

532 1656 920 1726 respondente,
972 1656 1136 1711 Amen
1169 1658 1286 1712 dico
1337 1659 1452 1726 tibi,
1502 1676 1606 1714 non
1639 1670 1848 1715 tantum
1890 1659 2101 1733 septies,

532 1746 626 1800 sed
656 1749 948 1818 septuagies
987 1751 1201 1818 septies.

1165 1838 1471 1909 Responsio.

604 1929 838 1985 Pulchra
850 1931 1066 2000 quidem
1084 1942 1136 1986 et
1153 1932 1329 1987 facilis
1350 1932 1655 2002 responsio,
1670 1948 1771 1988 con
1780 1932 1958 1989 ferens
1973 1934 2102 1988 utri-

534 2041 642 2094 que
665 2025 1067 2091 remissionem,
1100 2041 1220 2080 cum
1244 2029 1292 2080 ei
1320 2027 1414 2096 qui
1451 2028 1719 2096 peccavit,
1749 2036 1862 2082 tum
1892 2030 1939 2083 ei
1966 2044 2100 2084 con-

536 2125 617 2169 tra
665 2128 826 2182 quem
866 2115 1219 2169 commissum
1258 2124 1343 2171 est
1390 2116 1616 2185 aliquid.
1658 2116 1736 2170 Illi
1781 2118 1998 2188 quidem
2045 2119 2100 2173 in

534 2207 736 2276 quibus
791 2206 1038 2276 deliquit,
1089 2208 1301 2262 veniam
1348 2209 1589 2276 petenti;
1645 2209 1773 2264 huic
1825 2217 2000 2264 autem
2046 2210 2102 2264 in

536 2299 767 2367 gratiam
817 2298 1119 2369 recipienti,
1158 2307 1415 2369 tanquam
1459 2299 1653 2354 iisdem
1707 2300 1968 2355 obnoxio.
2008 2299 2103 2354 Ni-

537 2391 615 2444 hil
643 2391 789 2444 enim
823 2400 906 2447 est
942 2391 1089 2461 quod
1131 2391 1323 2445 cadere
1364 2399 1419 2446 et
1450 2391 1568 2461 capi
1603 2400 1855 2461 nequeat,
1911 2400 2104 2462 praeter

536 2484 709 2539 solam
747 2484 935 2554 prima:
979 2496 1034 2538 et
1087 2483 1458 2553 incompositae
1495 2498 1665 2539 sacrae
1704 2482 1991 2539 Trinitatis
2048 2485 2101 2539 in

536 2577 747 2631 unitate
780 2584 1054 2631 naturam.
1094 2574 1275 2645 lnquit
1310 2575 1456 2630 enim
1506 2576 1749 2630 divinum
1789 2577 2101 2632 oraculum:

536 2666 670 2732 Quis
709 2666 1024 2737 gloriabitur
1081 2677 1280 2721 castam
1316 2683 1372 2721 se
1426 2667 1614 2722 habere
1671 2671 1903 2722 animam
1928 2671 1954 2724 .9
2010 2678 2104 2724 aut

535 2762 651 2831 quis
669 2759 828 2815 libere
842 2761 989 2827 dicit,
1021 2777 1076 2815 se.
1102 2777 1294 2830 purum
1319 2776 1430 2815 esse
1456 2778 1486 2814 a
1513 2771 1721 2831 peccato
1735 2762 1817 2816 οη
1846 2762 1985 2818 Ante
2001 2762 2105 2818 hoc

534 2862 717 2908 autem
761 2850 932 2909 Jobus
974 2853 1064 2907 ille
1101 2853 1339 2918 divinus,
1392 2853 1561 2908 turris
1608 2854 1958 2919 inconcussa,
2008 2855 2103 2924 qui

537 2945 857 3016 percutienti
877 2945 1093 3001 diabolo
1117 2953 1171 2998 et
1188 2944 1474 3000 allectibus
1503 2960 1612 2999 non
1632 2946 1818 3009 cessit,
1840 2945 2105 3000 adaman-

535 3039 710 3090 tinum
740 3036 983 3106 laquear,
1029 3035 1232 3090 diserte
1274 3036 1512 3091 clamat:
1579 3034 1783 3090 Nullus
1813 3054 1847 3090 a
1888 3047 2101 3106 peccato

535 3141 701 3194 purus
735 3136 830 3188 est,
876 3126 924 3178 si
959 3124 1038 3178 vel
1076 3140 1180 3178 uno
1211 3125 1572 3179 tantummodo
1608 3125 1694 3179 die
1719 3142 1875 3195 super
1906 3135 2103 3181 terram

536 3215 804 3271 duraverit
831 3217 938 3270 vita
963 3216 1078 3285 ejus
1091 3216 1157 3270 ⁸⁵.
1186 3214 1305 3270 Vita
1328 3224 1507 3271 autem
1542 3216 1780 3271 hominis
1805 3232 1914 3271 non
1941 3215 2104 3274 fuerit

535 3324 605 3363 ex
635 3315 789 3362 utero
812 3308 864 3361 in
895 3306 1056 3361 vitam
1093 3320 1437 3376 progressus,
1478 3307 1571 3361 sed
1605 3315 1731 3377 post
1757 3309 2002 3378 corporis
2023 3309 2107 3363 in-

539 3406 876 3455 crementum
904 3398 1214 3453 intellectus
1241 3397 1503 3467 perfectio
1525 3399 1851 3470 principium
1877 3411 1961 3457 est
1975 3418 2101 3457 con-

542 3489 855 3546 sultationis
884 3490 1026 3545 circa
1059 3490 1247 3544 vitam.
1280 3488 1731 3560 Quandoquidem
1762 3492 1929 3561 igitur
1965 3491 2109 3547 futu-

541 3596 665 3637 rum
684 3589 804 3636 erat
819 3588 880 3634 ut
893 3578 1054 3635 Petro
1075 3580 1426 3635 crederentur
1444 3580 1629 3635 claves
1648 3582 1798 3650 regni
1818 3582 2109 3648 cmlorum,

539 3681 596 3726 et
647 3669 1054 3726 ecclesiasticus
1109 3678 1287 3725 cretus
1314 3669 1588 3739 (claudere
1633 3680 1813 3726 autem
1871 3672 2112 3743 intelligo

542 3770 867 3832 potestatem
899 3761 1208 3816 remittendi
1240 3770 1485 3831 peccata,
1525 3776 1651 3815 nam
1695 3775 1795 3832 pro
1823 3762 1975 3817 clave
2005 3762 2115 3817 lin-

543 3870 704 3925 guam
730 3854 920 3909 habuit
947 3853 1272 3923 aperientem
1303 3854 1501 3910 caelum
1537 3855 2025 3925 claudentemque;
2059 3856 2113 3911 id

543 3947 689 4016 quod
733 3955 789 4001 et
834 3945 994 3999 nobis
1033 3954 1118 3999 est
1155 3945 1360 4014 lingua.
1392 3947 1605 4017 aperire
1639 3947 1798 4002 nobis
1837 3947 1974 4019 ipsis
2020 3956 2116 4003 aut

544 4035 798 4093 claudere
845 4035 1078 4100 coelum;
1120 4036 1212 4091 illo
1251 4036 1493 4103 quidem,
1542 4037 1610 4092 iis
1651 4038 1745 4107 qui
1785 4038 1970 4108 digna,
2012 4041 2116 4095 hoc

547 4144 693 4194 vero,
720 4128 825 4183 illis
849 4127 941 4196 qui
972 4127 1192 4197 indigna
1212 4127 1319 4180 Deo
1345 4127 1508 4182 locuti
1539 4138 1686 4195 sunt,
1710 4129 2106 4201 contingente),

545 4229 870 4292 potestatem
914 4219 1081 4289 igitur
1117 4218 1427 4273 remittendi
1471 4229 1690 4288 peccata
1718 4236 1841 4276 cum
1874 4237 1933 4278 se
1959 4237 2117 4278 acce-

546 4322 767 4382 pturum
785 4316 1048 4379 speraret,
1063 4307 1352 4362 Dominum
1372 4308 1687 4378 interrogat,
1703 4309 1917 4375 Quoties
1935 4313 1981 4366 si
1995 4329 2114 4381 pec-

546 4402 741 4456 caverit
756 4402 811 4453 in
831 4416 913 4454 me
927 4400 1093 4469 frater
1111 4416 1274 4463 meus,
1292 4400 1554 4453 remittam
1574 4400 1696 4455 illi?
1729 4400 1872 4456 Num
1887 4406 2077 4472 septies
2092 4406 2118 4459 1'

547 4493 717 4562 Cujus
739 4500 919 4547 autem
953 4476 1139 4562 gratia'
1160 4505 1267 4544 non
1300 4501 1515 4560 quater,
1551 4500 1647 4546 aut
1681 4492 1886 4563 decies,
1913 4503 2008 4551 aut
2029 4497 2116 4551 ul-

546 4585 716 4641 terius
733 4585 948 4653 quaerit,
972 4582 1065 4637 sed
1086 4598 1258 4653 usque
1282 4582 1518 4651 septies?
1544 4581 1761 4639 Videtur
1782 4587 1916 4641 mihi
1934 4587 2113 4658 ipsum

547 4676 615 4731 de
649 4674 920 4730 homicida
956 4674 1187 4728 latenter
1214 4674 1413 4729 instrui
1450 4674 1619 4731 velle:
1657 4692 1789 4731 num
1818 4678 1978 4733 venia
2018 4693 2114 4748 per

546 4767 879 4835 baptismum
931 4775 986 4820 et
1042 4767 1417 4836 paenitentiam
1457 4767 1657 4837 dignus
1694 4768 1978 4835 habeatur,
2019 4771 2115 4841 qui

547 4867 750 4929 septem
782 4866 1002 4928 peccata
1025 4858 1271 4935 incurrit.
1296 4860 1389 4928 qui
1425 4859 1634 4929 primus
1672 4860 1729 4914 in
1766 4861 1977 4916 mundo
2009 4862 2114 4916 ho-

548 4950 827 5006 micidium
883 4948 1114 5016 patravit
1148 4949 1383 5014 Cainus,
1445 4959 1499 5005 et
1557 4951 1783 5007 totidem
1823 4952 2115 5011 damnatus

548 5041 838 5111 suppliciis
866 5055 924 5096 se
953 5040 1184 5096 invicem
1216 5043 1639 5112 suscipientibus
1659 5059 1727 5100 ex
1752 5045 1899 5102 caede
1919 5062 2114 5117 pecca-

547 5131 638 5186 tis.
672 5130 887 5185 Primus
915 5131 1060 5185 enim
1090 5132 1231 5188 inter
1262 5132 1512 5189 homines
1543 5135 1749 5193 Cainus
1769 5137 1958 5193 dolose
1980 5140 2112 5210 egit,

546 5222 759 5292 primus
785 5221 1136 5276 homicidium
1172 5221 1316 5287 fecit,
1358 5224 1571 5294 primus
1596 5226 1856 5280 mentitus
1879 5236 1963 5283 est
1982 5227 2115 5291 Deo,

547 5310 816 5379 quaerenti
837 5311 905 5366 de
930 5311 1234 5380 interfecto,
1266 5313 1475 5384 primus
1499 5318 1814 5384 parentibus
1839 5319 2040 5374 luctum
2067 5329 2121 5375 et

547 5402 993 5459 lamentationem
1033 5404 1268 5464 induxit.
1298 5406 1487 5461 occiso
1517 5405 1707 5473 fratre,
1740 5410 1948 5479 primus
1980 5411 2114 5466 inri-

548 5492 694 5547 diam
745 5502 801 5549 et
829 5494 1057 5549 livorem
1096 5494 1320 5563 peperit,
1356 5497 1567 5565 primus
1606 5496 1878 5555 fructuum
1931 5500 2124 5571 primi-

552 5587 661 5640 tias
686 5586 955 5641 malitiose
984 5584 1203 5650 obtulit,
1234 5586 1438 5654 primns
1466 5596 1608 5643 terra
1649 5592 1915 5661 sanguine
1945 5591 2120 5662 pollu-

552 5684 632 5742 ta,
672 5677 1062 5734 essecrationis
1097 5677 1149 5734 ei
1186 5678 1500 5736 conciliator
1544 5679 1667 5735 fuit.
1704 5680 1879 5739 Porro
1911 5694 2119 5755 septem

1587 353 1647 411 S.
1690 354 1995 413 CAESARI!
2040 356 2373 415 GREGORII
2412 359 2714 419 FRATRIS

3640 355 3755 411 illi}

2200 474 2322 530 σθαι
2348 476 2619 544 μέλλουσι,
2648 475 2892 550 ῥᾳθυμία
2918 474 3010 530 τοῦ
3041 474 3381 546 κρείττονος⁸
3421 472 3496 543 τῇ
3547 469 3644 541 μιν
3670 474 3751 543 γὰρ

2196 568 2332 638 ἀκοῇ
2369 569 2560 637 σοφίας
2592 570 2658 622 ὲκ
2697 568 2808 622 τῶν
2852 568 3102 639 περάτων
3280 564 3387 635 γῆς
3430 562 3576 633 πρὸς
3624 562 3750 616 ωο-

2201 656 2387 729 μῶντα
2414 658 2678 729 ἐκπτῆναι
2709 657 3047 731 παρώτρυνε’
3072 657 3281 721 τούτοις
3300 656 3358 710 δὲ
3379 654 3627 727 Χριστὸς
3646 654 3752 723 ἡμέ-

2200 767 2317 821 ριον
2356 751 2590 821 ὲμδοῶν,
2640 750 2808 822 νῆψαι
2851 750 2945 804 καὶ
2993 748 3185 820 βλέψαι
3220 747 3356 819 πρὸς
3406 746 3474 800 τδ
3511 746 3749 817 συμφέρον

2197 843 2297 896 οὐκ
2321 843 2525 897 ἔπεισε·
2556 844 2651 897 καὶ
2676 844 2774 912 τὴν
2803 842 2899 911 μὲν
2926 842 3075 909 λόγοι
3098 841 3193 894 καὶ
3222 840 3403 910 φῆμαι
3436 837 3580 909 πρὸς
3607 853 3749 904 σωτη-

2203 933 2324 1006 ρίαν
2356 932 2668 1003 έπτέρωσαν
2686 947 2704 965 ν
2732 931 2859 995 τοὺς
2887 932 2966 998 δὲ,
2996 930 3120 1000 ὅψις
3159 928 3252 982 καὶ
3281 926 3489 998 πρᾶξις
3521 924 3613 978 τοῦ
3642 922 3747 978 Θεοῦ

2200 1023 2296 1077 καὶ
2319 1022 2493 1092 Λόγου
2527 1021 2922 1095 σαρκωθέντος,
2958 1018 3207 1090 οὐδαμῶς
3244 1016 3609 1071 ὲδελτίωσαν.

2296 1156 2301 1161 .
2758 1109 3005 1166 ΠΕΥΣΙΣ
3051 1109 3210 1176 ΡιιΔπ

2272 1204 2316 1258 Τ
2319 1205 2362 1276 ῷ
2388 1205 2674 1277 γράμματι
2695 1207 2894 1257 νοεῖται
2920 1203 3101 1273 μόνον,
3124 1203 3157 1272 ἢ
3187 1202 3280 1254 καὶ
3305 1199 3510 1269 ἑτέραν
3532 1196 3640 1267 ἔχει
3656 1197 3749 1249 rivi

2204 1296 2437 1368 θεωρίαν
2473 1300 2505 1368 ἡ
2536 1296 2630 1349 τοῦ
2678 1296 2885 1368 Πέτρου
2922 1293 3207 1366 ἐρώτησις,
3237 1292 3330 1346 καὶ
3370 1293 3407 1362 ἡ
3442 1289 3540 1342 τοῦ
3578 1288 3753 1359 Κυρίου

2203 1389 2521 1458 ἀπόκρισις;
2543 1386 2639 1441 τοῦ
2672 1387 2771 1460 μὲν
2794 1386 3124 1458 ἐρωτῶντος,
3153 1382 3445 1449 Ποσὰκις,
3473 1381 3583 1434 ἐὰν
3603 1381 3748 1448 ἀμαρ-

2204 1479 2362 1548 τήσῃ
2386 1481 2474 1545 είς
2500 1478 2607 1548 ἐμὲ
2633 1483 2667 1534 ὁ
2716 1478 2983 1548 ἀδελφός
3009 1495 3153 1546 μου,
3195 1472 3415 1543 ἀφήσω
3447 1469 3639 1537 αὐτῷ;
3663 1469 3753 1534 ἕως

2203 1568 2484 1634 ἐπτάκις;
2531 1567 2628 1621 τοῦ
2674 1567 2733 1621 δὲ
2774 1566 3045 1629 πλουσίως
3089 1560 3563 1634 ἀποκριναμένου,
3602 1557 3753 1625 Ἀμὴν

2202 1659 2358 1730 λέγω
2383 1672 2505 1724 σοι,
2536 1661 2609 1713 οὐ
2642 1658 2838 1728 μόνον
2857 1657 2967 1723 ἕως
2996 1652 3269 1722 ἑπτάκις,
3300 1652 3444 1707 ἀλλ’
3480 1649 3591 1715 ἕως
3614 1646 3747 1702 £660-

2196 1754 2472 1825 μήκοντα
2487 1750 2754 1817 ἑπτάκις.

2814 1842 3167 1911 Ἀπόκρισις.

2270 1938 2425 2008 Καλὴ
2460 1938 2558 2009 μὲν
2586 1935 2680 1990 καὶ
2710 1934 2999 2007 πρόχειρος
3025 1936 3059 2002 ὴ
3081 1929 3392 2000 ἀπόκρισις,
3429 1923 3749 1996 συμφέρουσι

2203 2031 2505 2101 ἑκατέροις,
2540 2028 2616 2099 τῷ
2648 2044 2706 2081 τε
2738 2025 3143 2097 ἁμαρτάνοντι,
3180 2021 3274 2076 καὶ
3304 2018 3384 2091 τῷ
3423 2015 3740 2088 πλημμελονο

2206 2117 2371 2189 μένῳ·
2396 2116 2473 2189 τῷ
2508 2117 2606 2189 μὲν
2638 2118 2722 2185 ἐφ’
2754 2110 2835 2179 οἷς
2862 2115 3106 2177 ἔπταισε,
3135 2109 3431 2181 συγνώμης
3452 2105 3737 2176 αἰτουμέηκεν

2202 2208 2281 2280 τῷ
2302 2209 2357 2263 δὲ
2385 2207 2764 2279 παρεχομένῳ,
2785 2207 2861 2270 ὼς
2879 2208 2992 2269 τοῖς
3017 2205 3199 2268 αὐτοῖς
3226 2201 3595 2272 ὑποκειμένῳ.
3613 2196 3744 2251 Οὐδὲν

2203 2300 2312 2373 γὰρ
2337 2301 2366 2354 δ
2392 2300 2638 2355 άπτωτον
2668 2300 2760 2353 καὶ
2787 2298 3105 2369 ἀχείρωτον,
3143 2294 3280 2366 πλὴν
3314 2294 3487 2365 μόνης
3508 2291 3604 2362 τῆς

2202 2409 2300 2463 της
2334 2393 2428 2446 καὶ
2463 2390 2757 2445 ἀσυνθέτου
2787 2390 2939 2453 θείας
2978 2387 3203 2459 Τριάδος
3236 2388 3293 2439 ὲν
3324 2384 3518 2456 μονάδι
3550 2380 3740 2449 φύσεως-

2203 2482 2341 2554 Φησὶ
2363 2481 2471 2552 γὰρ
2487 2481 2547 2537 τὸ
2568 2480 2825 2552 θεοφόρον
2848 2480 3025 2547 λόγιον
3044 2495 3058 2508 θ
3083 2478 3179 2544 Τίς
3196 2473 3567 2544 καυχήσεται
3588 2470 3741 2540 ἁγνὴν

2203 2573 2366 2643 ἔχειν
2379 2572 2631 2641 καρδίαν
2648 2588 2667 2636 ;
2689 2571 2727 2640 ἣ
2744 2572 2835 2638 τίς
2849 2572 2966 2639 παῤ
2967 2568 3325 2640 ρησιιίσεται
3350 2564 3609 2633 καθαρὸς
3624 2557 3740 2615 εἶναι

2210 2664 2529 2732 ἁμαρτίαςς
2551 2663 2664 2735 Πρὸ
2687 2662 2891 2716 τούτων
2916 2663 2974 2714 δὲ
3014 2660 3132 2712 ’1ὼὸ
3157 2662 3186 2713 ὁ
3205 2657 3514 2719 θεσπέσιος,
3531 2657 3558 2708 ό
3577 2652 3741 2724 πύργος

2204 2756 2233 2806 ὁ
2254 2754 2521 2817 άσειστος,
2538 2755 2567 2806 ό
2579 2751 2656 2822 τῷ
2669 2753 2881 2806 παίοντι
2898 2749 3128 2820 διαϐόλῳ
3139 2750 3357 2811 καὶτοῖς
3373 2746 3591 2801 πάθεσιν
3607 2741 3739 2797 ἀνύπ-

2212 2858 2424 2905 εικτος,
2469 2843 2498 2895 ὁ
2534 2840 2890 2911 ἀδαμάντινος
2941 2839 3165 2910 σαροτὸς
3203 2837 3503 2910 διαρρήδην
3536 2831 3736 2905 βοᾷ·οὐ-

2206 2929 2333 2996 δεὶς
2364 2929 2619 2998 καθαρὸς
2651 2929 2770 2983 ἀπὸ
2812 2930 3120 2999 ἁμαρτίας,
3158 2931 3209 2982 εί
3251 2927 3353 2981 καὶ
3384 2926 3494 2997 μία
3524 2922 3685 2992 ἡμέρα
3706 2919 3740 2985 ‘l‘

2208 3020 2319 3090 ζωὴ
2341 3020 2528 3075 αὑτοῦ
2546 3021 2646 3074 ἐπὶ
2665 3020 2775 3089 τῆς
2804 3020 2937 3091 τῆς.
2970 3022 3091 3084 Βίος
3114 3019 3172 3073 δὲ
3199 3018 3393 3090 βροτοῦ
3420 3019 3519 3088 οὐχ
3540 3020 3571 3085 ἡ
3596 3017 3651 3068 ἐκ
3667 3028 3736 3080 me

2206 3112 2330 3176 δύος
2356 3113 2436 3177 είς
2465 3113 2555 3167 τὸν
2587 3113 2700 3184 βίον
2729 3114 2975 3185 πρόοδος
3007 3111 3142 3167 ἀλλὰ
3170 3113 3306 3183 μετὰ
3333 3112 3437 3183 τὴν
3471 3105 3734 3179 σωματικὴν

2206 3204 2456 3276 αὔξησιν,
2491 3204 2586 3258 καὶ
2620 3206 2717 3275 τῆς
2756 3206 2966 3268 ἐννοίας
3000 3203 3299 3264 τελείωσιν,
3329 3204 3478 3273 ἀρχὴ
3520 3199 3612 3268 τῆς
3640 3195 3735 3265 περὶ

2205 3296 2297 3348 τὸν
2324 3296 2437 3366 βίον
2464 3297 2818 3365 διασκέψεως.
2864 3296 3017 3349 Ἐπεὶ
3043 3290 3135 3349 οὗν
3161 3297 3190 3348 ὁ
3227 3295 3437 3366 Πέτρος
3470 3291 3651 3365 ἤμελλε
3668 3304 3732 3339 πι-

2210 3386 2492 3440 στεύεσθαι
2520 3388 2617 3450 τὰς
2649 3388 2796 3450 κλεῖς
2820 3388 2921 3456 τῆς
2956 3386 3229 3457 βασιλείας
3254 3387 3364 3440 τῶν
3395 3382 3641 3457 οὐρανῶν,
3667 3379 3734 3432 καὶ

2207 3480 2300 3532 τὸν
2353 3478 2804 3549 ἐκκλησιαστικὸν
2837 3476 3025 3532 θίασον
3076 3478 3256 3550 (κλεῖν
3297 3478 3357 3532 δέ
3407 3495 3498 3551 μοι
3536 3477 3633 3529 νόει
3663 3471 3730 3540 τὴν

2210 3572 2459 3639 ἐξουσίαν
2485 3571 2579 3625 τοῦ
2607 3574 2905 3643 συγχωρεῖν
2944 3571 3249 3644 ἁμαρτίας·
3287 3572 3412 3625 ἀντὶ
3449 3570 3555 3641 γὰρ
3579 3564 3731 3624 κλειδὸς

2211 3668 2311 3733 τὴν
2340 3662 2586 3733 γλῶτταν
2621 3664 2906 3733 ἐκέκτητο,
2939 3662 3263 3730 ἀνοίγουσαν
3292 3662 3385 3715 τδν
3413 3660 3643 3737 οὐρανὸν,
3666 3652 3732 3707 καὶ

2213 3754 2496 3808 κλείουσαν
2516 3770 2532 3784 ⁶
2566 3754 2724 3807 τοῦτο
2745 3754 2802 3807 δὲ
2829 3754 2924 3807 καὶ
2945 3755 3075 3824 ἡμῖν
3099 3754 3332 3824 ὑπάρχει
3364 3751 3570 3823 γλώττη
3589 3789 3602 3809 .
3630 3744 3731 3800 ἀνοίτ

2214 3864 2335 3916 γειν
2360 3848 2590 3911 ἑαυτοῖς,
2617 3847 2650 3916 ἢ
2680 3846 2882 3901 κλείειν
2913 3847 3006 3900 τὸν
3029 3846 3278 3918 οὐρανὸν,
3309 3845 3371 3899 τὸ
3403 3847 3520 3915 μὲν,
3550 3835 3729 3908 ἀξιαιύ

2213 3939 2291 4003 δὲ,
2319 3939 2512 4005 ἀνάξια
2538 3937 2630 3993 τοῦ
2658 3937 2793 3991 Θεοῦ
2817 3937 3207 4008 φθεγγομένοις
3235 3937 3589 4008 συμϐαίνοντα
3606 3933 3638 3991 )’
3663 3927 3730 3996 τήν

2215 4026 2464 4094 ἐξουσίαν
2507 4030 2687 4084 τοίνυν
2743 4030 2837 4084 τοῦ
2893 4032 3196 4102 συγχωρεῖν
3248 4028 3519 4100 ἁμαρτίας
3562 4020 3729 4092 κομξςε.

2218 4120 2343 4175 σθαι
2370 4121 2709 4192 καραδοκῶν,
2733 4122 2828 4175 τοῦ
2859 4124 3066 4195 Κυρίου
3099 4122 3425 4176 πυνθάνεται
3445 4162 3461 4185 ,
3500 4113 3727 4175 Reddat.

2215 4214 2322 4268 ἐὰν
2366 4214 2682 4284 ἁμαρτήσῃ
2720 4217 2806 4281 εὶς
2837 4214 2942 4284 ἐμὲ
2985 4218 3018 4269 ό
3064 4214 3328 4284 ἁδελφός
3358 4231 3482 4283 μου
3506 4252 3523 4277 ,
3567 4204 3727 4276 ἀφήσω

2216 4305 2410 4372 acup;
2440 4306 2549 4370 ἕως
2588 4304 2875 4371 ἐπτάκις;
2917 4306 3073 4369 Τίνος
3114 4305 3172 4358 δὲ
3214 4304 3374 4375 χάριν
3420 4304 3483 4356 οὐ
3511 4298 3727 4369 τετράκις,

2215 4399 2250 4471 ἦ
2283 4399 2506 4461 δεκάκις
2539 4399 2635 4451 καὶ
2677 4397 2790 4452 ἄνω
2835 4398 3191 4460 πυνθάνεται,
3236 4396 3352 4450 ἀλλ’
3381 4396 3491 4460 ἕως
3526 4390 3727 4447 ἑπτάκιςὶ

2217 4493 2377 4544 Δοκεῖ
2407 4506 2496 4561 μοι
2525 4491 2653 4562 περὶ
2677 4490 2771 4543 τοῦ
2802 4491 3004 4559 φονέως
3032 4489 3336 4561 λεληθότως
3366 4488 3554 4560 μαθεῖν
3580 4476 3730 4552 ἱμειρά·

2223 4599 2415 4653 μενος,
2465 4582 2624 4654 εἴπερ
2662 4582 2991 4653 συγγνώμης
3025 4581 3115 4635 διὰ
3163 4580 3259 4635 τοῦ
3295 4581 3640 4652 βαπτίσματος
3662 4566 3727 4621 καὶ

2218 4675 2318 4745 τῆς
2341 4673 2626 4744 μετανοίας
2645 4673 2888 4738 ἀξιοῦται
2931 4677 2959 4728 ό
2981 4676 3092 4738 τοῖς
3114 4673 3256 4727 ἑπτὰ
3284 4671 3582 4745 περιπεσὼν
3599 4667 3727 4734 ἀμαρ-

2221 4766 2447 4835 τήμασι,
2477 4764 2692 4836 πρῶτος
2716 4768 2775 4818 ὲν
2806 4765 2996 4836 κόσμῳ
3041 4764 3305 4835 φονεύσας
3336 4766 3495 4819 Καῖν·
3536 4760 3616 4815 καὶ
3639 4766 3726 4805 τοσ-

2223 4855 2414 4920 αύταις
2446 4856 2800 4927 κατακριθεὶς
2846 4858 3160 4929 τιμωρίαις,
3196 4857 3540 4929 καταλλήλως
3570 4852 3657 4911 τοῖς
3683 4846 3727 4896 ὲκ

2228 4949 2532 5019 μιαιφονίας
2572 4948 2972 5017 συνυφεστῶσιν
3019 4950 3397 5021 ἁμαρτήμασι·
3440 4946 3627 5020 πρῶτος
3648 4935 3727 5005 γάρ

2225 5043 2283 5095 ὲν
2308 5040 2611 5112 ἀνθρώποις
2633 5045 2662 5095 ὁ
2691 5040 2833 5096 Καῒν
2862 5041 3221 5107 ἐδολιεύσατο,
3255 5040 3473 5114 πρῶτος
3502 5035 3726 5105 ἐφόνευσεν

2225 5134 2439 5207 πρῶτος
2465 5134 2583 5206 Θεῷ
2607 5134 2875 5205 ἐψεύσατο
2901 5134 3189 5206 πυθομένῳ
3217 5136 3343 5207 περὶ
3363 5133 3458 5188 τοῦ
3484 5121 3724 5197 ἅναιρεθέν

2213 5243 2324 5290 τος,
2356 5226 2570 5298 πρῶτος
2599 5224 2817 5294 γονεῦσι
2862 5225 3057 5289 πένθος
3099 5226 3195 5279 καὶ
3226 5224 3473 5280 κωκυτὸν
3499 5219 3722 5288 ἐπήγαγε,

2216 5316 2430 5380 κτείνας
2450 5316 2540 5370 τὸν
2567 5316 2817 5384 ἀδελφὸν,
2865 5317 3082 5388 πρῶτος
3133 5316 3430 5387 βασκανίαν
3475 5313 3559 5367 καὶ
3583 5303 3721 5377 φθόνον

2217 5408 2391 5472 ὤδινε,
2432 5407 2647 5480 πρῶτος
2676 5407 2786 5461 τῶν
2812 5409 3170 5480 γεννημάτων
3206 5407 3306 5472 τὰς
3335 5404 3574 5478 ἀπαρχὰς
3606 5407 3722 5459 πσνη·

2221 5499 2330 5571 ρῶς
2373 5502 2735 5572 προσενήνοχε
2756 5541 2772 5566 ,
2820 5500 3036 5572 πρῶτος
3070 5500 3170 5571 τὴν
3210 5503 3314 5571 γῆν
3350 5500 3530 5571 αἵματι
3562 5487 3717 5563 μιάναῦ

2224 5591 2471 5663 κατάρας
2499 5592 2635 5661 αὐτῇ
2665 5590 2924 5663 πρόξενος
2952 5590 3160 5660 γέγονε.
3189 5590 3311 5654 Τοῖς
3337 5591 3396 5644 δὲ
3423 5587 3548 5645 ἑπτὰ
3572 5576 3721 5663 τούτοῗς

2225 5687 2285 5739 ὲν
2320 5684 2398 5755 τῷ
2444 5662 2719 5755 μιαιφόνῳ
2755 5683 3049 5755 δράμασιν,
3102 5682 3383 5757 ίσάριθμος
3426 5681 3512 5738 καὶ
3546 5662 3715 5745 stituit“

634 5851 680 5886 ⁸⁹
702 5852 889 5910 Matth.
920 5869 1075 5921 xvm,
1107 5853 1198 5922 Ἦ,
1232 5855 1321 5915 22.
1396 5857 1441 5891 ⁸³
1464 5855 1625 5916 Prov.
1648 5857 1819 5925 xx,9,
1848 5873 1957 5917 sec.
1991 5853 2107 5915 LX}

2227 5861 2273 5894 “
2297 5859 2400 5918 Job
2430 5876 2541 5931 XIV,
2573 5861 2627 5930 4,
2661 5861 2695 5918 5
2720 5877 2833 5921 sec.
2865 5860 3031 5919 LXX.
