4006 6386
246 372 379 429 “Si

248 492 354 546 ὑπὸ
379 492 478 561 τῆς
503 489 645 553 θείας
672 489 851 559 φωνῆς
885 488 1148 556 ἐπάγεται
1166 506 1180 520 ⁸
1214 488 1497 559 στείρωσις
1526 489 1621 541 καὶ
1654 490 1828 560 ἀκαρ-

248 583 353 638 πία
418 583 518 653 τῆς
569 582 707 651 γῆς,
763 582 957 650 μηκέτι
1004 580 1317 651 δεξιουμένη
1366 582 1457 634 τὸν
1511 582 1825 650 μιαιφόνον·

251 672 553 741 στεναγμὸς
614 671 705 725 καὶ
758 670 943 733 κλόνος
1000 670 1125 721 ὅλου
1181 670 1275 722 τοῦ
1333 669 1605 740 σώματος.
1687 670 1827 721 Ἀλλ’

248 762 469 835 ἀριθμῷ
521 763 615 815 καὶ
651 762 920 832 τιμωρίαν
950 763 1208 831 πειρᾶσαι
1255 762 1365 815 δεῖν
1420 762 1626 833 ᾠήθην.
1668 761 1827 814 Ἐπι-

251 853 578 921 κατάρατος
630 855 669 921 ἡ
716 853 791 921 γῆ
840 852 959 906 ἀπὸ
1004 852 1141 918 σοῦ,
1198 852 1295 922 μία
1342 854 1579 917 κόλασις.
1633 852 1832 921 Ἐργά-

254 944 355 1005 ζσυ
386 944 505 1013 τὴν
538 943 676 1014 γῆν,
712 943 941 1015 δευτέρα
972 942 1135 1014 αὕτη·
1175 943 1388 1013 ἀνάγκῃ
1442 943 1550 1013 γάρ
1597 960 1698 995 τινι
1733 944 1829 1013 ἀῤ.

256 1040 406 1109 ρήτῳ
437 1038 600 1092 αὑτὸν
632 1038 885 1102 συνέταξε
908 1078 921 1095 ,
955 1036 1355 1105 κατεπειγούση
1394 1037 1528 1105 πρὸς
1558 1036 1830 1088 ταλαιπωο

256 1130 391 1199 ρεῖν,
424 1132 487 1199 τῇ
521 1132 590 1199 γῇ
628 1128 865 1198 μοχθεῖν.
891 1129 998 1181 Καὶ
1027 1130 1097 1180 οὐ
1125 1126 1458 1193 προσθήσει
1491 1126 1703 1179 δοῦναί
1730 1142 1830 1179 σοι

192 1259 203 1265 -
254 1220 369 1287 τὴν
394 1220 577 1288 ἰσχὺν
606 1218 811 1286 αὐτῆς·
840 1218 995 1290 τρίτη
1028 1217 1270 1280 κόλασις,
1302 1219 1505 1281 πονεῖν,
1537 1216 1628 1268 καὶ¹
1667 1216 1831 1285 μηδὲν

254 1312 319 1362 ἐκ
352 1311 460 1363 τῶν
482 1311 658 1362 πόνων
683 1308 1064 1379 καρπίζεσθαι.
1087 1307 1319 1360 Στένων
1349 1307 1445 1360 καὶ
1470 1306 1693 1375 τρέμων
1713 1305 1829 1371 ἔσῃ

254 1402 352 1453 ἐπὶ
388 1399 498 1468 τῆς
526 1398 660 1469 γῆς-
689 1401 805 1462 ταῖς
832 1399 980 1469 τρισὶ
1022 1396 1115 1449 δύο
1149 1396 1473 1467 προστίθησι
1500 1394 1767 1466 τιμωρίας
1798 1396 1830 1465 ἠ

256 1490 374 1545 θεία
391 1491 587 1560 ψῆφος,
608 1489 907 1560 στεναγμὸν
927 1489 1167 1559 διηνεκῆ,
1192 1489 1287 1541 καὶ
1303 1489 1501 1560 τρόμον
1523 1488 1829 1547 ἄπαυστον,

256 1584 331 1646 ὡς
364 1582 497 1652 μηδὲ
520 1581 721 1652 τροφὴν
750 1582 829 1650 τῷ
855 1580 1102 1650 στόματι.
1137 1580 1171 1650 ἢ
1206 1581 1367 1632 ποτὸν
1390 1580 1687 1650 προσάγειν
1714 1573 1825 1631 οἷόν

254 1692 335 1737 τε,
371 1673 709 1743 ἀστατούσης
731 1673 827 1742 τῆς
860 1671 1141 1742 μιαιφόνου
1170 1672 1368 1737 δεξιᾶς,
1396 1671 1577 1733 κακῶς
1606 1672 1669 1740 τῇ
1700 1687 1833 1739 προ-

254 1767 390 1836 τέρᾳ
430 1765 574 1835 ίσχύῖ
606 1764 745 1817 κατὰ
789 1762 880 1816 τοῦ
912 1762 1140 1830 ἀδελφοῦ
1188 1761 1574 1832 χρησαμένης,
1630 1762 1723 1814 καὶ
1760 1763 1825 1831 τῇ

259 1855 422 1926 ῥώσει
472 1856 779 1928 ἀρρωστίαν
827 1854 1152 1925 πριαμένης.
1200 1854 1373 1923 Ἕκτη
1428 1854 1682 1925 τιμωρία,
1733 1852 1827 1905 τοῦ

256 1950 506 2001 ἐκπεσεῖν
530 1949 689 2001 αὑτὸν
710 1950 806 2017 τῆς
823 1946 957 2017 πρὸς
978 1946 1107 1998 Θεὸν
1136 1946 1295 1997 αὐτὸν
1322 1947 1650 2016 παρρησίας.
1672 1944 1829 2015 Δεινὴ

257 2040 364 2110 γὰρ
386 2042 478 2091 καὶ
503 2038 774 2109 βαρυτάτη
799 2040 831 2105 ἡ
864 2037 1102 2099 κόλασις,
1132 2038 1306 2090 πάντα
1338 2036 1531 2106 ἔχουσα
1561 2038 1628 2089 τὰ
1656 2039 1829 2105 ἀμυν-

257 2133 442 2202 τήρια,
472 2132 504 2200 ἡ
532 2130 625 2183 τοῦ
660 2129 791 2181 Θεοῦ
838 2128 1153 2198 ἀποστροφή
1177 2145 1189 2157 ’
1225 2129 1363 2199 ὑπὲρ
1392 2123 1458 2198 ἧς
1489 2129 1827 2199 ἀποδυρόμε-

258 2240 347 2285 νος
374 2225 403 2276 ό
424 2224 479 2275 ὲν
506 2222 668 2292 πείρᾳ
699 2220 899 2291 ταύτης
922 2221 1233 2290 γενόμενος,
1264 2220 1489 2273 θάνατον
1518 2218 1826 2282 ὲξαιτείται,

258 2316 550 2370 λυσιτελεῖν
587 2315 731 2385 αὐτῴ
775 2315 971 2385 μᾶλλον
1006 2312 1186 2377 εἰδὼς,
1231 2312 1263 2382 ἢ
1312 2311 1410 2383 ζῇν
1458 2311 1829 2379 ἀποϐληθέντα

258 2408 525 2461 Θεού.Καί
544 2404 1118 2478 φησιν,Εὶὲ)ιϐάλλεις
1131 2420 1204 2471 με
1221 2401 1330 2470 τῆς
1351 2400 1483 2471 γῆς,
1503 2401 1645 2454 τοῦτ’
1661 2400 1825 2462 ἔστιν,

260 2501 308 2550 εί
336 2498 531 2567 μηκέτι
558 2497 666 2548 τῶν
693 2496 961 2565 ἐκφορίων
987 2495 1152 2563 αὐτῆς
1180 2490 1470 2544 ἀπολαύειν
1503 2488 1699 2559 μέλλω,
1731 2490 1826 2541 καὶ

259 2589 374 2641 ἀπὸ
404 2586 510 2640 τοῦ
534 2582 856 2653 προσώπου
882 2598 995 2637 σου
1027 2583 1399 2651 νρυϐήσομαι
1417 2597 1431 2613 ο
1470 2580 1518 2630 εἰ
1546 2578 1653 2630 τῶν
1688 2578 1829 2632 κατὰ

259 2680 356 2748 τῆς
392 2680 492 2749 γῆς
516 2678 825 2745 ἀναγκαίων
852 2677 986 2746 πρὸς
1012 2676 1070 2726 τὸ
1094 2673 1189 2743 ζῇν
1216 2672 1535 2740 ἐστέρημαι,
1570 2670 1662 2721 καὶ
1683 2667 1830 2737 αὐτῷ

262 2770 345 2823 σοι
391 2767 726 2840 ὀργιζομένῳ
764 2765 1055 2835 ἐμφανίσαι
1096 2765 1155 2816 οὐ
1189 2762 1446 2831 δύναμαι·
1485 2760 1593 2813 Καὶ
1622 2760 1827 2821 ἔσται,

261 2861 413 2930 φησὶ,
447 2858 563 2924 πᾶς
594 2861 624 2910 ὁ
659 2857 961 2925 εὑρίσκων
987 2871 1062 2923 με
1101 2851 1417 2907 ἀποκτενεῖ
1445 2868 1550 2920 με·
1584 2854 1830 2923 κρεῖττον

260 2951 366 3022 γὰρ
393 2950 571 3002 θανεῖν
614 2965 679 3019 με
706 2948 738 3017 ἢ
779 2947 876 3018 ζῇν
906 2945 1089 3007 κακῶς
1118 2942 1552 3014 τιμωρούμενον.
1604 2942 1745 3012 Πρὸς
1771 2942 1829 2995 ὃν

261 3047 289 3096 ό
321 3043 521 3114 Κύριός
564 3056 743 3111 φησιν·
786 3042 907 3108 Οὐχ
946 3038 1163 3103 οὕτως·
1190 3038 1409 3103 ἐθέμην·
1446 3036 1554 3105 γὰρ
1581 3035 1831 3103 σημεῖον

263 3136 360 3189 ἐπὶ
388 3135 504 3195 σοὶ,
536 3134 639 3187 τοῦ
656 3132 741 3202 μὴ
771 3130 1009 3186 ἀνελεῖν
1032 3146 1102 3182 σε
1128 3127 1322 3179 πάντα
1346 3127 1450 3180 τὸν
1472 3125 1833 3194 εὑρίσκοι-τά

265 3243 359 3280 σε.
400 3225 633 3295 Ἑϐδόμη
667 3223 804 3292 αὕτη
838 3221 1107 3291 τιμωρία,
1143 3219 1202 3271 τὸ
1236 3220 1310 3289 μὴ
1345 3218 1623 3283 ἀξιοῦσθαι
1664 3218 1829 3271 θανά-

262 3334 377 3381 του,
419 3317 596 3368 πᾶσαν
626 3312 885 3383 αἰσχύνην
915 3312 1009 3363 καὶ
1035 3309 1191 3372 δόξαν
1215 3309 1453 3371 λύοντοςο
1486 3308 1620 3362 ἀλλά
1651 3309 1831 3379 μένειν

262 3405 690 3476 τιμωρούμενον,
716 3405 809 3455 καὶ
832 3401 907 3471 τῷ
941 3400 1151 3470 σημείῳ
1179 3398 1638 3469 στηλιτευόμενον,
1670 3398 1831 3449 αὑτὸν

266 3501 529 3569 ὑπάρχειν
556 3496 665 3547 τῶν
701 3495 884 3549 κακῶν
917 3497 973 3545 ὲν
1015 3494 1223 3563 βροτοῖς
1250 3492 1511 3561 ἀρχηγόν.
1554 3496 1571 3513 ¹
1625 3496 1643 3515 '
1692 3495 1711 3515 ‘
1754 3496 1773 3514 '
1811 3494 1829 3513 “

1626 367 1974 427 DIALOGUS
1996 370 2082 429 ιν.

3362 362 3500 431 m2

1930 490 2050 543 istis
2092 490 2145 543 in
2186 487 2480 543 homicidio
2509 488 2869 551 facinoribus,
2924 504 3020 559 par
3058 504 3286 544 numero
3334 492 3499 544 etiam

1929 580 2257 651 supplicium
2285 596 2379 649 per
2401 581 2638 635 divinam
2669 596 2855 635 vocem
2890 582 3204 649 imponitur.
3233 581 3502 635 Sterilitas

1928 683 1982 728 et
2012 673 2377 727 infecunditas
2406 681 2583 737 terra},
2614 689 2735 741 qum
2766 688 2871 726 non
2903 674 3137 742 amplius
3168 673 3499 727 homicidam

1927 775 2207 834 receptura
2250 765 2355 819 sit:
2389 765 2622 832 gemitus
2646 773 2700 818 et
2730 766 3013 831 quassatio
3036 767 3201 819 totius
3232 764 3498 833 emporia.

1930 856 2182 909 Sedenim
2216 855 2269 908 in
2305 856 2712 909 enumeratione
2749 858 2913 909 etiam
2956 857 3133 925 ipsum
3171 855 3501 923 supplicium

1929 942 2349 997 examinandum
2390 958 2512 996 esse
2546 944 2846 998 arbitratus
2886 960 3030 998 sum.
3069 942 3358 996 Maledicta
3395 950 3500 995 ter-

1928 1052 1989 1088 ra
2009 1053 2039 1088 a
2063 1038 2188 1101 te”,
2211 1051 2318 1089 una
2342 1050 2502 1104 pmna
2524 1047 2625 1090 est.
2656 1034 2888 1105 Operare
2908 1046 3122 1101 terram,
3146 1036 3348 1101 altera;
3374 1048 3501 1088 nam

1929 1143 2129 1182 arcana
2147 1129 2380 1198 quadam
2414 1127 2735 1182 necessitate
2758 1128 2934 1197 ipsum
2951 1128 3277 1188 construxit,
3302 1141 3502 1195 cogen~

1931 1232 1981 1273 te
2023 1221 2089 1274 ad
2120 1235 2486 1273 :erumnosam
2518 1228 2571 1272 et
2600 1219 2881 1273 molestam
2923 1220 2977 1273 in
3010 1228 3152 1272 terra
3183 1220 3369 1271 vitam.
3435 1215 3502 1269 Et

1930 1328 2030 1365 non
2075 1311 2288 1379 adjiciet
2336 1324 2395 1363 ut
2425 1311 2511 1363 det
2554 1310 2651 1363 tibi
2696 1310 2854 1362 robur
2901 1326 3074 1373 suum,
3118 1310 3340 1362 tertium
3373 1323 3504 1377 sup-

1930 1402 2172 1469 plicium,
2231 1402 2482 1455 laborare
2514 1408 2568 1454 ct
2600 1400 2809 1455 nullum
2850 1416 2912 1454 ex
2951 1400 3228 1454 laboribus
3263 1398 3503 1453 fructum

1930 1490 2228 1560 percipere.
2261 1487 2482 1543 Gemens
2512 1500 2562 1543 et
2597 1500 2817 1544 tremens
2842 1491 2943 1544 eris
2966 1506 3124 1558 super
3153 1498 3377 1543 terram:
3409 1487 3504 1542 tri-

1930 1582 2033 1634 bus
2065 1581 2174 1634 duo
2204 1582 2428 1650 insuper
2456 1581 2607 1635 addit
2641 1582 2904 1650 supplicia
2936 1581 3178 1634 divinum
3204 1581 3502 1644 decretum,

1932 1673 2192 1743 gemitum
2246 1673 2529 1726 assuduum
2559 1680 2612 1725 et
2650 1681 2941 1726 tremorem
2996 1671 3409 1735 indesinentem,
3446 1679 3507 1725 ut

1935 1781 2113 1835 neque
2157 1765 2338 1820 cibum
2370 1766 2450 1818 ori
2483 1766 2564 1819 vel
2604 1774 2791 1835 potum
2826 1766 3116 1819 admovere
3164 1765 3356 1834 possit,
3397 1774 3507 1818 tre-

1936 1868 2117 1913 mente
2148 1856 2432 1911 homicida
2461 1856 2705 1921 dextera,
2740 1874 2861 1925 qua:
2891 1858 3115 1925 pristino
3148 1858 3342 1911 robore
3366 1856 3508 1911 male

1935 1949 2199 2002 adversus
2238 1947 2463 2000 fratrem
2506 1962 2602 1999 usa
2640 1956 2742 2008 εει,
2789 1956 2841 2000 ει
2868 1961 2962 2012 per
2990 1946 3096 1998 vim
3126 1945 3391 1999 valentem
3424 1945 3508 1997 ἱει-

1935 2040 2246 2093 ﬁrmitatem
2278 2038 2381 2092 sibi
2407 2038 2558 2091 emit.
2589 2038 2811 2090 Sextum
2858 2036 3203 2105 supplicium,
3237 2037 3379 2104 quod
3409 2051 3507 2088 ex-

1935 2131 2143 2184 ciderat
2191 2144 2257 2183 ex
2288 2144 2353 2183 ea
2389 2145 2511 2197 qua:
2539 2143 2665 2193 erga
2696 2127 2861 2181 Deum
2891 2138 2994 2191 est,
3026 2127 3292 2180 libertate.
3335 2124 3510 2180 Vehe-

1936 2237 2090 2275 mens
2129 2220 2273 2275 enim
2325 2231 2379 2274 et
2412 2219 2796 2290 gravissimum
2824 2227 2909 2273 est
2936 2217 3264 2287 supplicium
3296 2218 3509 2271 aversio

1936 2311 2050 2375 Dei,
2082 2314 2269 2382 inquo
2295 2313 2608 2367 omnimoda
2644 2313 2907 2381 protectio
2959 2320 3074 2365 est:
3132 2327 3294 2379 quam
3324 2312 3511 2380 deplo~

1936 2421 2064 2458 rans
2089 2406 2135 2459 is
2168 2405 2259 2473 qui
2286 2420 2405 2458 cam
2438 2403 2841 2472 experiebatur,
2872 2413 3097 2456 mortem
3132 2404 3354 2470 expetit,
3389 2418 3509 2456 eam

1936 2497 2036 2551 sibi
2070 2497 2559 2551 conducibiliorem
2592 2510 2715 2550 esse
2739 2495 2940 2560 Sciens,
2973 2510 3134 2564 quam
3166 2496 3340 2547 vivere
3365 2493 3513 2561 abje-

1934 2589 2290 2645 ctumaDeo.
2328 2588 2419 2643 Sic
2466 2589 2609 2643 enim
2661 2590 2773 2642 ait:
2830 2587 2889 2641 Si
2937 2589 3086 2655 ejicis
3140 2605 3219 2642 me
3272 2605 3305 2640 a
3348 2598 3510 2648 terra,

1937 2684 2039 2737 hoc
2057 2692 2159 2745 est,
2188 2682 2233 2737 si
2256 2698 2363 2735 non
2390 2682 2624 2750 amplius
2650 2680 2919 2733 fructibus
2942 2680 3061 2747 ejus
3082 2678 3347 2732 fruiturus
3367 2693 3512 2737 sum.

1934 2785 1981 2826 et
2017 2791 2047 2826 a
2071 2774 2207 2843 facie
2249 2782 2340 2826 tua
2367 2771 2754 2835 abscondar“;
2788 2772 2834 2824 si
2870 2787 2936 2823 ex
2973 2780 3117 2823 terra
3155 2769 3287 2822 mihi
3318 2769 3384 2821 ad
3434 2768 3515 2819 vi-

1937 2871 2046 2913 tam
2089 2860 2412 2914 necessariis
2447 2859 2691 2927 privatus
2740 2873 2886 2919 sum,
2946 2866 3000 2910 et
3043 2856 3327 2924 temetipso
3374 2854 3515 2908 iudi-

1935 2960 2154 3021 gnante,
2186 2964 2445 3019 apparere
2476 2950 2527 3002 in
2558 2948 2731 3002 oculis
2758 2947 3038 3001 hominum
3069 2962 3176 2999 non
3203 2955 3419 3014 potero:
3444 2942 3515 2997 Et

1936 3044 2046 3112 ﬁet,
2085 3043 2279 3112 inquit,
2315 3053 2369 3093 ut
2396 3040 2564 3093 omnis
2606 3041 2694 3109 qui
2741 3056 2819 3092 me
2853 3038 3126 3100 invenerit,
3164 3037 3373 3091 occidat
3408 3050 3512 3088 me.

1938 3134 2125 3188 Melius
2161 3133 2303 3187 enim
2335 3132 2468 3185 mihi
2515 3141 2618 3193 est,
2683 3140 2740 3184 ut
2781 3132 3004 3194 moriar,
3038 3145 3200 3199 quam
3242 3139 3298 3182 ut
3336 3128 3514 3181 vivam

1939 3227 2077 3279 male
2144 3225 2519 3279 excruciatus.
2585 3222 2666 3276 Ad
2731 3238 2894 3291 quem
2963 3221 3227 3276 Dominus
3298 3221 3514 3291 inquit:

1938 3315 2060 3369 Non
2096 3318 2171 3369 ita
2197 3318 2325 3385 ﬁet:
2347 3318 2501 3384 posui
2536 3316 2678 3369 enim
2726 3316 2940 3385 signum
2976 3325 3134 3376 super
3175 3324 3243 3378 te,
3274 3329 3334 3366 ne
3362 3323 3411 3366 te
3442 3313 3519 3366 in-

1936 3408 2159 3476 terﬁciat
2200 3410 2437 3478 quisquis
2490 3408 2747 3462 invenerit
2802 3408 2925 3459 te".
2961 3406 3262 3475 Septimum
3304 3405 3356 3458 id
3394 3418 3521 3473 sup-

1934 3498 2160 3567 plicium
2237 3507 2344 3563 est,
2422 3499 2704 3568 indignum
2769 3496 2957 3550 haberi
3037 3505 3233 3559 morte,
3300 3511 3519 3550 omnem

269 3590 657 3659 turpitudinem
697 3599 749 3640 et
787 3587 1056 3656 opinionis
1095 3584 1323 3656 gloriam
1365 3584 1640 3649 solvente,
1684 3584 1777 3639 sed
1810 3601 2034 3642 manere
2072 3588 2336 3643 cruciatui
2397 3589 2715 3652 obnoxium,
2755 3599 2808 3644 et
2846 3593 3000 3660 signo
3060 3601 3304 3647 notatum
3345 3591 3519 3659 illum,

267 3688 358 3757 qui
401 3684 665 3738 malorum
706 3683 847 3735 inter
887 3678 1134 3732 homines
1175 3687 1363 3731 auctor
1401 3686 1537 3730 erat.

336 3777 730 3833 Gravissimum
763 3773 907 3826 enim
934 3770 1326 3840 suppliciorum
1361 3769 1574 3823 ratione
1602 3769 1847 3837 praaditis
1883 3779 1967 3827 est
1996 3770 2313 3839 turpitudo,
2342 3786 2505 3839 quam
2544 3772 2793 3826 sontibus
2823 3773 3063 3828 divinum
3087 3773 3362 3827 decretum
3423 3772 3525 3826 mi-

268 3885 450 3935 natur,
486 3870 675 3925 dicens
706 3887 720 3921 :
750 3868 1039 3935 Resurgent
1076 3864 1173 3917 alii
1197 3864 1405 3933 quidem
1439 3864 1508 3917 ad
1536 3865 1699 3917 vitam
1736 3877 1991 3919 (Bternam
2014 3908 2028 3929 ,
2068 3868 2167 3920 alii
2196 3879 2373 3919 autem
2415 3869 2470 3919 in
2514 3867 2893 3935 turpitudinem
2923 3876 2972 3917 et
3008 3864 3343 3932 opprobrium
3368 3872 3524 3917 teter-

268 3982 393 4020 num
420 3966 485 4018 ‘3.
514 3962 963 4032 Quandoquidem
990 3961 1154 4032 igitur
1183 3970 1390 4030 septem
1424 3961 1754 4016 inhaeserant
1777 3964 2066 4018 homicidae
2106 3965 2267 4028 mala,
2303 3966 2525 4020 totidem
2561 3967 2725 4020 etiam
2764 3962 3052 4033 suppliciis
3098 3961 3391 4014 damnatus
3417 3966 3521 4013 est.

270 4059 489 4113 Sciebat
519 4059 707 4125 itaque
746 4054 943 4107 Petrus
967 4052 1114 4122 quod
1144 4054 1438 4122 septimum
1467 4052 1611 4106 diem
1642 4053 2025 4107 honorandum
2069 4053 2332 4108 Dominus
2364 4055 2758 4118 destinaverat,
2802 4054 2854 4105 in
2881 4067 2947 4104 eo
2980 4052 3335 4118 requiescens
3368 4058 3423 4101 ct
3455 4048 3526 4101 ab

270 4156 525 4225 operibus
572 4153 687 4209 suis
725 4166 979 4235 cessans;
1017 4156 1070 4202 et
1106 4149 1253 4218 quod
1294 4164 1401 4203 non
1438 4147 1625 4215 aliam,
1681 4148 1774 4203 sed
1822 4148 1963 4202 hanc
1998 4148 2343 4212 honorasset,
2383 4149 2438 4202 in
2475 4164 2536 4202 ea
2567 4149 2736 4219 legem
2772 4150 2929 4211 dans,
2954 4150 3208 4218 quodque
3234 4147 3521 4202 sabbatum

271 4254 490 4316 propter
514 4244 876 4300 cessationem
908 4245 975 4298 ab
1012 4245 1270 4314 operibus
1299 4252 1552 4299 vacasset
1589 4264 1601 4297 :
1634 4252 1689 4298 et
1727 4243 1874 4313 quod
1906 4245 2250 4299 venerandus
2290 4244 2379 4308 sit,
2429 4252 2482 4298 et
2505 4244 2835 4314 peculiarem
2878 4244 3335 4315 signiﬁcationem
3389 4242 3525 4296 ferat

274 4342 614 4410 septenarius
650 4357 929 4403 numerus,
967 4340 1021 4393 in
1056 4357 1165 4410 quo
1209 4340 1552 4410 scenopegia:
1586 4340 1753 4403 tubae,
1805 4340 1859 4392 in
1884 4354 1991 4408 quo
2014 4338 2130 4392 dies
2160 4339 2532 4408 expiationis:
2562 4340 2831 4408 septimus
2861 4339 3004 4409 apud
3041 4340 3189 4407 ipsos
3227 4354 3404 4392 annus
3441 4351 3529 4391 Ie-

274 4435 549 4490 ntissionis
579 4434 631 4486 in
661 4432 832 4501 pretio
868 4432 1103 4496 habitus,
1140 4448 1234 4486 sex
1262 4433 1420 4486 annis
1454 4441 1653 4484 terram
1689 4439 1929 4491 arantes.
1965 4439 2315 4487 consereutes
2347 4440 2402 4484 et
2450 4439 2736 4496 metentes,
2771 4432 3003 4500 septimo
3028 4432 3312 4500 quiescere
3341 4432 3529 4485 sinen-

273 4532 375 4591 tes,
405 4527 778 4595 integramque
815 4536 1056 4583 manere,
1086 4536 1157 4573 ex
1183 4536 1247 4573 ea
1274 4529 1468 4588 sponte
1503 4519 1856 4574 nascentibus
1887 4527 2194 4574 contentos.
2223 4518 2439 4589 Septem
2465 4521 2624 4574 annis
2662 4522 2977 4576 servitutem
3020 4525 3261 4576 serviens
3290 4521 3528 4576 famulus

276 4617 574 4675 libertatem
611 4618 1031 4688 adipiscebatttr.
1077 4616 1358 4671 Praeterito
1398 4631 1592 4669 annuae
1645 4616 1963 4685 septimanae
2002 4625 2265 4684 tempore,
2301 4617 2703 4686 septuagenarii
2746 4618 2945 4686 captivi
2984 4632 3050 4671 ex
3084 4616 3356 4687 Babylone
3396 4617 3532 4671 libe-

280 4713 378 4766 rati
404 4720 551 4767 sunt.
592 4708 1090 4764 Peculiariteritem
1132 4722 1163 4760 a
1194 4720 1349 4759 sacro
1375 4714 1518 4758 ccetu
1556 4703 1903 4773 Christigerze
1945 4705 2204 4758 Ecclesire
2240 4714 2443 4759 nostrae
2486 4715 2787 4775 usurpatur
2818 4709 3122 4775 septenaria
3155 4706 3528 4762 beneficentia.

280 4803 479 4871 Septies
510 4802 653 4856 enim
691 4802 845 4853 indie
875 4799 1090 4852 laudavi
1116 4808 1183 4863 te,
1208 4797 1383 4865 inquit
1406 4794 1634 4849 Davides
1650 4794 1716 4858 ⁸³,
1742 4796 2049 4849 carminum
2075 4797 2383 4853 divinorum
2412 4806 2623 4851 auctor.
2656 4796 2766 4850 Diei
2796 4799 3015 4866 quidem
3046 4797 3263 4851 nomine
3291 4812 3531 4866 prtesens

275 4901 583 4970 signiﬁcans
600 4899 855 4952 saeculum
882 4915 893 4948 :
910 4896 1109 4964 septies
1121 4903 1300 4948 autem
1322 4894 1497 4961 ipsum
1519 4907 1612 4961 per
1630 4891 1830 4945 hebdor

1938 4908 2021 4946 em
2040 4893 2436 4947 revolviJsaias
2453 4892 2499 4925 ⁹⁰
2518 4899 3018 4963 εεριειιιεηυῐιιεινιιι
3034 4889 3336 4957 spiritualia
3354 4889 3528 4939 dona:

282 4993 344 5042 ivit
373 5001 563 5060 septem
596 4990 703 5057 (-16)
721 4988 859 5041 oculi
882 4984 1313 5054 Domini,inquit
1340 4985 1407 5036 9‘.
1442 4984 1496 5035 ld
1528 4982 1671 5050 quod
1699 4992 1751 5036 et
1795 4980 2054 5035 Solomon
2094 4986 2189 5049 ait,
2223 4982 2497 5051 Sapientia
2526 4984 2811 5051 aediﬁcavit
2848 4981 2948 5033 sibi
2974 4980 3269 5043 domum,“
3296 4974 3533 5044 suﬂ'ulsit

178 5135 187 5145 ,
277 5088 545 5139 columnas
572 5094 764 5152 septem
792 5084 856 5133 θ’.
884 5080 1211 5149 Sapientiam
1235 5086 1414 5131 autem
1440 5075 1709 5130 Christum
1732 5090 1875 5141 esse,
1899 5076 2056 5131 divus
2079 5077 2372 5145 Apostolus
2397 5078 2783 5145 interpretatus
2809 5083 2911 5129 est.
2937 5072 3139 5125 Domus
3167 5080 3346 5123 autem
3373 5070 3534 5138 hujus

278 5180 471 5233 caelum
489 5186 543 5231 et
558 5174 819 5229 Ecclesia.
838 5173 895 5226 In
923 5172 1015 5225 illo
1037 5169 1256 5239 quidem
1274 5166 1765 5236 septernlcolumnae
1784 5167 2013 5235 angelici
2042 5168 2283 5231 ordines,
2302 5169 2356 5221 in
2376 5170 2478 5223 hac
2499 5182 2680 5223 autem
2703 5164 2963 5234 Stephani
2984 5173 3032 5216 et
3053 5162 3285 5230 Philippi
3316 5161 3536 5229 collega!

280 5269 649 5338 apostolorum
671 5276 873 5335 septem
895 5263 1127 5318 diaconi.
1148 5260 1214 5315 Et
1238 5275 1427 5314 rursus
1450 5259 1590 5312 alius
1613 5267 1924 5311 sanctorum
1943 5269 2125 5311 vatum
2146 5259 2340 5328 inquit,
2370 5260 2572 5330 Septies
2591 5260 2740 5315 cadet
2761 5260 2962 5328 justus,
3000 5264 3047 5307 et
3072 5261 3307 5322 resurget
3325 5252 3391 5305 ".
3417 5249 3535 5303 Non

280 5364 434 5417 aliter
448 5370 628 5414 autem
652 5374 815 5426 quam
845 5372 938 5426 per
957 5353 1354 5424 pmnitentiam.
1383 5349 1658 5419 Septimus
1692 5349 1760 5402 ab
1782 5350 1991 5403 Adamn
2018 5349 2274 5405 Enochus
2305 5353 2624 5416 translatus,
2657 5368 2764 5405 non
2799 5348 2931 5402 vidit
2960 5355 3210 5410 mortem,
3230 5344 3281 5397 id
3307 5344 3538 5398 docente

277 5456 799 5525 iranspositione,ex
816 5450 1150 5519 corruptibili
1165 5457 1217 5503 et
1233 5448 1395 5501 morti
1420 5445 1653 5499 obnoxia
1672 5444 1777 5497 vita
1796 5444 1850 5497 in
1868 5444 2231 5499 immortalem
2252 5456 2305 5499 et
2324 5447 2579 5500 omnibus
2596 5446 2857 5500 aerumnis
2870 5451 3145 5498 carentem
3158 5440 3338 5493 locum
3353 5448 3536 5492 trans-

281 5546 409 5600 ferri
438 5543 759 5600 Ecclesium.
783 5540 863 5594 Ex
880 5539 1086 5595 diluvio
1101 5539 1248 5603 item,
1264 5536 1440 5592 solum
1463 5542 1709 5589 servatur
1731 5533 2096 5589 intellectilem
2124 5534 2236 5590 Noa
2254 5536 2532 5590 Christum
2564 5537 2982 5607 gubernatorem
3008 5534 3231 5587 habens.
3260 5529 3539 5601 Septimus

350 5662 396 5693 ⁸⁸
434 5659 569 5718 Gen.
600 5675 675 5723 tv,
720 5659 809 5720 il,
856 5656 946 5711 12.
1021 5655 1066 5687 ⁸⁸
1104 5653 1260 5719 ibid.,
1294 5651 1380 5705 14.
1456 5651 1501 5682 ⁸⁷
1531 5649 1689 5711 ibitl.,
1733 5647 1821 5701 15.

1933 5648 1943 5678 ³
1983 5648 2116 5703 Dan.
2146 5666 2242 5715 xu,
2270 5651 2323 5706 2.
2402 5650 2447 5682 ⁸⁸
2472 5649 2615 5705 Psal.
2651 5664 2841 5717 cxvut,
2878 5649 3003 5704 ιθι,
3079 5648 3125 5679 ’⁸
3162 5645 3326 5701 Zach.
3364 5661 3446 5712 tu,
3480 5643 3535 5702 9-

283 5759 324 5791 ’ί
360 5758 519 5812 Prov.
556 5772 630 5821 ιι,
658 5756 709 5809 1.
786 5756 831 5787 ⁹⁹
863 5752 883 5807 l
926 5752 1053 5807 Cor.
1092 5767 1130 5813 l,
1169 5749 1260 5804 24.
1336 5748 1381 5779 ’³
1412 5748 1573 5800 Prov.
1628 5762 1773 5807 XXIV,
1811 5743 1890 5796 IG.

355 5851 463 5919 (iii)
496 5848 693 5902 Isaias.
728 5888 741 5903 .
778 5886 790 5900 .
824 5886 837 5900 .
880 5844 947 5899 Et
991 5851 1205 5913 septem.
1249 5849 1353 5896 etc.
1394 5838 1491 5894 llic
1527 5840 1679 5892 locus
1712 5852 1816 5890 non
1852 5841 2035 5889 exstat
2072 5831 2211 5901 apud
2246 5830 2475 5894 Isaiam,
2514 5828 2608 5884 sed
2641 5827 2878 5883 occurrit
2909 5825 3073 5881 Zac/t.
3109 5842 3193 5894 ιιι,
3226 5826 3281 5882 9.
