4006 6386
579 309 714 364 11κὸ
1643 316 1703 369 S.
1742 315 2040 370 CAESARI]
2080 313 2406 372 CREGORII
2445 312 2746 370 FRATRIS
3665 314 3760 370 ilRl

575 430 644 480 ab
675 425 986 479 Abrahamo
1003 423 1175 480 Moses
1197 423 1473 494 legislator
1501 425 1722 482 divinus
1755 428 2030 485 exhibitus
2047 437 2158 492 est,
2194 430 2424 483 mutatio
2452 428 2595 494 vitae,
2623 425 2928 497 iniquitatis
2953 423 3209 490 sublatio,
3235 425 3304 480 ad
3329 425 3528 480 bonam
3553 431 3760 484 constitu-

573 521 780 574 tionem
825 520 1002 587 legum
1034 534 1319 575 ascensus.
1351 518 1408 573 In
1451 529 1655 590 septem
1701 523 2057 579 hebdomadis
2099 538 2368 579 annorum
2409 522 2678 593 insignem
2719 521 2864 576 Deus
2890 520 3171 590 jubilazum
3200 520 3385 587 dedit,
3415 535 3526 589 quo
3561 530 3760 591 tanquam

577 615 804 668 sabbato
835 612 1127 675 frueretur,
1163 623 1218 669 et
1246 624 1494 671 cessaret
1522 625 1666 673 terra
1697 618 1766 674 ab
1795 620 2064 684 aratione,
2103 635 2136 674 a
2164 620 2364 676 debitis
2394 628 2578 674 autem
2612 617 2958 673 solverentur
2981 617 3278 671 debitores.
3323 615 3705 686 Septuagesims.
3727 629 3761 672 cl

577 711 809 776 septima
841 709 1190 776 generatione
1212 708 1280 763 ab
1308 709 1518 764 Adamo
1539 711 1792 768 Chrisws
1826 716 2103 781 nascitur,
2133 715 2595 785 quemadmodum
2628 728 2724 782 per
2764 712 3138 783 genealogiam
3179 712 3339 766 divus
3376 711 3552 766 Lucas
3588 711 3762 765 demon-

581 810 735 852 strat.
778 797 1224 868 Quandoquidem
1282 801 1447 871 igitur
1506 800 1787 873 Scriptura
1843 819 2132 859 numerum
2189 805 2530 859 remissionis
2580 813 2928 874 peccatorum
2984 803 3038 856 in
3095 803 3401 871 septenario
3452 801 3761 863 deﬁni:,cum

579 887 916 941 hebdomade
962 897 1143 941 autem
1195 903 1436 957 praesens
1489 906 1665 946 aevum
1725 894 2058 960 extenditur,
2106 905 2311 964 septem
2355 895 2573 964 quidem
2616 894 2809 948 diebus
2857 894 2925 948 ab
2969 891 3173 962 Opifice
3227 895 3434 964 integre
3476 893 3756 964 perfectum.

581 979 888 1046 scptenaria
951 993 1080 1032 vero
1130 979 1509 1035 vicissitudine
1555 983 1704 1037 velut
1759 998 1977 1053 semper
2035 985 2088 1037 in
2151 999 2210 1039 se
2263 983 2568 1038 revolutum
2623 1001 2638 1039 :
2692 984 2857 1038 habet
2906 985 3286 1038 remissionem
3340 994 3671 1054 peccatorum
3702 1001 3766 1053 per

581 1071 979 1136 paenitentiam,
1025 1071 1117 1139 qui
1167 1073 1234 1126 ad
1276 1078 1671 1132 correctionem
1703 1088 1760 1133 et
1793 1079 2146 1136 sobrietatem
2186 1080 2432 1144 inclinat,
2475 1081 2798 1149 castigatam
2836 1096 2866 1134 a
2920 1079 3051 1136 Deo.
3099 1080 3333 1151 Ideoque
3375 1091 3571 1152 putans
3602 1079 3764 1147 Petrus,

581 1162 727 1228 quod
750 1162 1086 1228 difﬁcillime,
1120 1166 1164 1220 si
1197 1165 1411 1222 Domini
1435 1170 1713 1226 decretum
1743 1174 1816 1228 sit
1845 1174 1898 1226 in
1929 1175 2031 1228 hoc
2054 1174 2482 1228 hebdomadario
2500 1175 2721 1238 saeculo,
2742 1177 3049 1230 remittatur
3075 1176 3206 1230 illud
3235 1177 3522 1231 homicida:
3548 1176 3765 1243 septuplex

581 1253 846 1323 flagitium
882 1264 937 1308 et
974 1258 1180 1312 crimen
1209 1299 1223 1322 ,
1256 1259 1433 1329 inquit
1466 1261 1534 1316 ad
1577 1263 1888 1326 Dominum,
1917 1263 2151 1328 Quoties,
2192 1266 2236 1317 si
2261 1264 2549 1332 peccaverit
2597 1264 2653 1316 in
2699 1281 2779 1317 me
2816 1264 2982 1333 frater
3028 1281 3191 1329 meus,
3224 1266 3494 1319 remittam
3528 1265 3647 1317 illi!
3678 1280 3764 1316 sunt

584 1346 802 1412 septies?
820 1344 987 1411 Quasi
1011 1347 1179 1412 dicat,
1199 1348 1336 1402 Num
1355 1351 1570 1407 etiamsi
1597 1352 1952 1408 homicidium
1983 1355 2227 1423 patrarit,
2253 1357 2524 1408 remittam
2548 1355 2597 1409 ei
2630 1355 2940 1425 pmnitenti?
2959 1355 3218 1410 Dominus
3235 1364 3413 1410 autem
3443 1356 3766 1423 benignitatem

584 1436 635 1487 ei
657 1437 1070 1500 commendans,
1091 1439 1268 1507 inquit
1289 1458 1302 1494 :
1323 1439 1445 1494 Non
1468 1442 1619 1496 modo
1632 1445 1842 1513 septies,
1860 1444 1948 1498 sed
1976 1447 2137 1498 etiam
2164 1449 2459 1516 septuagies
2493 1449 2705 1515 septies.
2734 1445 2892 1512 Illud,
2921 1456 2980 1502 ut
3003 1448 3262 1512 arbritor,
3291 1447 3519 1508 docens,
3547 1445 3671 1515 quod
3695 1461 3766 1499 non

587 1527 751 1579 modo
784 1528 828 1582 is
843 1528 937 1596 qui
961 1530 1127 1583 semel
1152 1531 1501 1587 homicidium
1526 1533 1673 1595 fecit,
1697 1542 1752 1588 et
1768 1545 1970 1604 septem
1993 1537 2098 1591 illis
2120 1537 2280 1592 malis
2299 1537 2565 1606 subiacet,
2587 1537 2753 1608 recipi
2778 1539 2974 1592 debeat
2995 1539 3038 1594 si
3059 1539 3304 1608 paenitet;
3322 1538 3415 1592 sed
3441 1537 3767 1606 is.quijamse-

590 1617 695 1670 tuel
713 1620 1117 1686 quodammodo
1131 1619 1298 1677 Deum
1319 1624 1623 1694 abnegavit,
1640 1628 1782 1695 quod
1797 1629 2020 1697 gravius
2034 1638 2117 1684 est
2132 1630 2278 1684 caede
2296 1631 2608 1701 septuagies
2625 1631 2827 1700 septies
2838 1631 3156 1695 commissa,
3175 1629 3521 1697 recipiendus
3543 1629 3623 1693 sit,
3643 1629 3769 1682 venir

592 1728 698 1780 que
728 1712 909 1768 danda
942 1718 1232 1785 pcenitenti
1258 1727 1312 1772 et
1351 1719 1574 1788 lugenti.
1601 1720 1830 1791 Propter
1854 1740 1976 1794 qua:
2006 1725 2108 1780 ista
2137 1725 2306 1780 menti
2337 1726 2759 1792 adumbrantur,
2786 1735 2923 1780 etut
2949 1725 3203 1780 diffidens
3243 1725 3328 1780 his
3346 1724 3540 1780 Petrus
3566 1726 3768 1794 ejusmodi

595 1806 807 1859 veniam
829 1817 1217 1876 consequatur,
1242 1811 1335 1878 qui
1376 1811 1583 1881 absque
1598 1815 1754 1868 venia
1795 1814 1911 1869 fore
1931 1816 2158 1884 putabat
2178 1825 2561 1885 utrumque,et
2612 1832 2892 1886 nunquam
2913 1831 3005 1885 per
3021 1817 3393 1884 paenitentiam
3417 1817 3603 1886 dignos
3621 1815 3768 1868 haben-

595 1899 693 1953 dos
707 1899 1074 1970 benignitate:
1102 1901 1553 1971 permittitipsum
1573 1903 1770 1959 cadere
1785 1903 2049 1959 Dominus
2071 1905 2294 1975 septies,
2314 1915 2536 1976 propter
2554 1921 2872 1975 percussum
2894 1904 3168 1975 pontificis
3187 1921 3406 1961 servum
3430 1917 3483 1959 et
3504 1913 3767 1974 amputatam

595 1991 930 2058 ejusaurem.
953 1990 1256 2046 lntentione
1271 1994 1415 2047 enim
1435 1994 1726 2060 interfecit,
1747 1996 1852 2050 nisi
1869 1997 1959 2066 qui
1985 1996 2246 2064 plantavit
2269 2013 2449 2050 aurem
2473 1996 2728 2061 audisset,
2758 2005 2807 2051 et
2839 1998 2926 2065 qui
2952 1996 3200 2065 formavit
3218 1996 3429 2049 oculum
3446 1996 3772 2049 animadurtir

593 2095 674 2138 set
689 2085 755 2138 “.
772 2083 874 2150 Qui
895 2085 1057 2153 paulo
1077 2095 1202 2140 aute
1218 2087 1344 2141 caeci
1359 2087 1548 2142 oculos
1565 2097 1874 2157 aperuerat,
1891 2099 1944 2143 et
1959 2089 2178 2157 quidem
2202 2089 2320 2159 ejus
2332 2089 2422 2159 qui
2447 2105 2723 2158 nunquam
2750 2097 3036 2160 aspexerat
3058 2089 3257 2151 lucem,
3282 2089 3366 2142 hic
3385 2088 3620 2156 percussi
3635 2101 3767 2140 aurem

588 2193 722 2231 tnox
739 2177 976 2231 restituit
997 2185 1142 2232 tactu
1170 2195 1386 2245 manus,
1409 2182 1657 2250 utrisque
1675 2182 2004 2237 miraculose
2025 2192 2282 2252 tanquam
2301 2199 2329 2236 a
2351 2182 2459 2237 Deo
2483 2183 2660 2238 factis.
2695 2181 3013 2253 Septuagies
3033 2191 3214 2236 autem
3243 2183 3444 2250 septies
3466 2196 3559 2250 per
3574 2179 3769 2250 quaestio-

599 2286 720 2325 nem
740 2271 942 2328 Ballila:
963 2274 1232 2339 teripsutu
1251 2271 1548 2342 abnegasse
1569 2274 1771 2328 dictum
1801 2289 1922 2330 esse
1950 2289 2084 2329 voce
2114 2276 2416 2345 gallinacei.
2444 2273 2674 2330 Remisit
2696 2285 2876 2330 autem
2898 2276 3022 2339 ista,
3049 2283 3230 2329 etnon
3255 2275 3500 2342 amplius
3521 2274 3768 2328 recordatus

596 2372 704 2429 est,
735 2362 1004 2418 ferventer
1035 2363 1152 2432 ipso
1177 2372 1231 2416 et
1257 2377 1442 2415 amare
1467 2377 1632 2432 super
1659 2362 2014 2432 abnegatione
2042 2364 2259 2434 lugente
2286 2372 2340 2418 et
2367 2364 2636 2435 lacrymas
2668 2363 2950 2425 fundente,
2981 2372 3289 2432 utqnorUm
3323 2365 3445 2433 ipse
3475 2367 3668 2416 veniam
3685 2376 3770 2414 cnn-

598 2468 822 2512 secutus
850 2465 995 2512 esset
1012 2456 1066 2510 in
1091 2457 1243 2526 lapsu
1265 2457 1618 2522 constitutus,
1643 2458 1804 2512 etiam
1829 2457 2094 2528 proximis
2121 2457 2562 2530 resipiscentibus
2596 2459 2848 2513 similiter
2876 2466 3180 2528 praestaret.
3202 2457 3646 2512 Communiamus
3665 2458 3774 2524 igitur

602 2566 704 2605 nos
751 2550 920 2620 ipsos,
973 2564 1040 2604 ne
1087 2549 1458 2618 ptenitentiam
1523 2549 1883 2619 negligamus.
1938 2548 2042 2604 Vix
2079 2549 2256 2613 enim,
2299 2566 2420 2620 quae
2463 2560 2547 2606 est
2611 2565 2679 2605 ex
2731 2551 2868 2616 hac,
2912 2549 3159 2620 procedit
3205 2550 3618 2604 consummatio.
3673 2551 3771 2614 Qua-

602 2655 820 2712 propter
858 2629 1052 2696 melius
1090 2641 1221 2695 mihi
1260 2643 1503 2710 videtur,
1541 2643 1796 2697 omnibus
1833 2641 2042 2696 viribus
2067 2656 2098 2694 a
2135 2641 2575 2710 corruptibilibus
2603 2642 2906 2707 abstinere,
2929 2657 3092 2712 quam
3118 2640 3342 2696 letiferis
3383 2640 3622 2710 impletos
3647 2639 3771 2692 dolere

602 2742 658 2784 et
728 2733 931 2788 tristari
983 2740 1037 2785 et
1115 2733 1467 2801 conﬂictari,
1521 2743 1578 2788 et
1675 2730 1947 2786 medicum
2062 2730 2317 2784 invocare
2386 2743 2675 2802 postquam
2747 2734 2936 2788 aculeo
3016 2733 3219 2802 peceati
3299 2735 3545 2802 percussi
3623 2744 3771 2786 sumus.

603 2829 648 2882 Ε
691 2831 904 2888 diverso
973 2833 1018 2887 si
1071 2831 1359 2900 contigerit
1401 2838 1462 2884 ut
1517 2845 1613 2896 per
1654 2829 2024 2898 abreptionem
2063 2826 2166 2880 ali-

2275 2829 2292 2848 ⁶
2332 2828 2514 2898 παγῆς
2554 2845 2699 2892 τινος
2726 2829 3026 2899 ὀλισθῆσαι,
3059 2828 3132 2899 μὴ
3160 2827 3488 2898 ἀπογνῶμεν
3515 2827 3604 2896 τῆς
3629 2822 3770 2890 καθάρ-

607 2940 769 2992 quam
807 2925 1076 2989 labantur,
1106 2940 1174 2978 ne
1201 2925 1552 2992 desperemus
1573 2921 1640 2975 de
1663 2921 1973 2992 expiatione
1993 2933 2172 2989 neque

2272 2936 2429 2982 σεως,
2467 2921 2599 2990 μηδὲ
2645 2920 2746 2990 τῆς
2777 2921 3043 2990 ἀφέσεωςο
3088 2921 3210 2991 μηδ’
3253 2919 3635 2989 ἀνακληθέντες
3667 2914 3772 2985 ρᾳθυ-

607 3017 674 3068 de
721 3017 1063 3079 remissione,
1111 3030 1288 3084 neque
1341 3029 1467 3068 cum
1527 3015 1768 3068 revocati
1821 3027 2036 3074 sumus,
2087 3026 2174 3066 se-

2276 3012 2556 3082 μήσωμεν,
2595 3009 2731 3064 ἀλλὰ
2759 3011 2948 3066 θᾶττον
2980 3011 3074 3064 τοῦ
3105 3012 3344 3083 χείρονος
3394 3009 3772 3079 ἀποπηδήσωμεν.

611 3107 789 3176 guiter
810 3121 1058 3177 agamus,
1091 3107 1184 3161 sed
1210 3121 1373 3175 quam
1410 3105 1647 3174 primum
1680 3119 1708 3158 a
1739 3103 2009 3158 deteriore
2038 3102 2176 3157 resi-

2274 3104 2490 3174 καὶτῆς
2538 3103 2747 3174 μηνύης
2788 3102 2896 3156 τῶν
2943 3102 3154 3174 ἀρετῶν
3203 3099 3492 3172 ἀψὼμεθω
3526 3099 3694 3168 ἐσθῆτα
3718 3096 3774 3147 καὶ

613 3200 834 3264 liamus,
861 3208 916 3253 et
945 3199 1205 3252 virtutum
1250 3197 1650 3268 suggestionem
1684 3195 2174 3266 apprehendamus,

2277 3195 2526 3266 αῐσθησιν
2549 3194 2856 3265 πλύνωμενο
2890 3194 2988 3266 τὴν
3020 3194 3152 3265 ὓλην
3198 3195 3274 3258 ὡς
3309 3195 3692 3265 συμπνίγουσαν
3713 3186 3773 3256 φῦ-

611 3292 997 3348 vestimentum
1044 3300 1098 3345 et
1131 3305 1352 3345 sensum
1407 3290 1674 3352 lavemus,
1705 3298 1759 3343 et
1804 3303 1892 3342 res
1931 3295 2179 3342 terrenas

2277 3304 2481 3358 γωμεν’
2513 3287 2648 3359 πρὸς
2689 3287 2788 3360 τὴν
2835 3286 3000 3341 πάλαι
3028 3285 3236 3357 ὑψηλὴν
3270 3287 3550 3341 πολιτείαν
3587 3285 3771 3354 (patriar

612 3391 876 3454 tanquam
930 3399 1051 3452 quze
1097 3382 1383 3446 suﬂ'ocent,
1432 3379 1736 3450 fugiamus;
1779 3378 1845 3431 ad
1892 3376 2180 3446 pristinam

2285 3397 2404 3451 μεν·
2435 3379 2534 3449 τὴν
2578 3379 2747 3449 ἀκοὴν
2789 3382 2901 3442 τοῖς
2949 3378 3112 3442 θείοις
3148 3378 3378 3448 δόγμασι
3421 3370 3773 3447 κλίνωμεν·τὼν

617 3473 903 3528 sublimem
928 3473 1071 3526 illam
1099 3470 1571 3525 conversationem
1591 3468 1910 3531 veniamus;
1935 3480 2092 3519 aures
2115 3462 2185 3517 ad

2283 3469 2632 3541 χαμαιζήλων
2673 3468 3086 3539 ἐπιλαθώμεθαο
3133 3469 3233 3540 τὴν
3264 3470 3563 3540 ἀκρόπολιν
3590 3469 3677 3520 τῶν
3701 3467 3776 3532 ἀρε.

616 3566 802 3619 divina
833 3564 1087 3634 dogmata
1121 3563 1481 3626 inclittentus;
1514 3575 1706 3614 eorum
1749 3573 1870 3628 quae
1911 3556 2063 3611 humi
2100 3570 2187 3609 re-

2284 3565 2393 3619 τῶν
2441 3566 2540 3637 τὴν
2586 3565 2806 3635 ἀγάπην
2853 3564 3200 3634 κτησώμεθα·
3249 3564 3344 3616 καὶ
3387 3566 3512 3627 ταῖς
3562 3559 3692 3622 πλαξὶ
3720 3556 3773 3622 τῆς

622 3666 776 3729 punt,
804 3656 1212 3717 obliviscamur,
1246 3663 1299 3708 et
1334 3668 1514 3707 arcem
1545 3653 1808 3706 virtutum
1842 3649 2186 3705 dilectionem

2287 3656 2512 3730 καρδίας
2552 3655 2643 3708 τὸν
2673 3655 2811 3709 θεῖον
2843 3654 3006 3724 νόμον
3043 3653 3460 3725 ὲγχαράξωμεν,
3499 3651 3664 3719 πυξίον
3682 3647 3774 3716 τενύ-

621 3750 1018 3821 possideamus.
1062 3755 1115 3800 et
1149 3746 1346 3800 tabulis
1386 3745 1569 3800 cordis
1613 3743 1853 3796 divinam
1886 3743 2058 3812 lcgem
2103 3741 2193 3796 iu-

1219 3746 1346 3800 )ulis
1386 3745 1569 3800 cordis
1613 3743 1853 3796 divinam
1886 3743 2058 3812 lcgem
2103 3741 2193 3796 itt-
2292 3767 2442 3822 μενοι
2471 3748 2801 3803 θεότευκτον.

621 3841 958 3911 sculpamus,
993 3837 1120 3892 facti
1153 3836 1416 3891 divinitus
1435 3836 1649 3904 sculpta
1685 3834 1886 3889 tabula.

1034 3876 1886 3983 ἰὶλτιεκιιοὲλῖἲονοκοῦῗ
2486 3969 2535 3994 _.
2704 3876 3466 3994 --.-ΕῈ³ΥΞ⁵ῘΞ-ῩῘ³Ῐ²’·ε.,.--
3724 3954 3774 3994 si

1113 3963 1136 3981 ι
1153 3963 1467 3983 unum...
1482 3963 1547 3981 ,υ
1580 3963 1713 3980 νην
1734 3963 1750 3978 .
1770 3963 1784 3978 .

695 4001 1063 4069 Quamobrem
1103 4015 1231 4069 ergo
1263 4008 1370 4052 tam
1407 3997 1708 4052 enormiter
1751 3996 1936 4065 lapsus
1973 4000 2195 4048 sanctus

2194 4031 2195 4034 η
2362 3970 2461 4025 Διά
2484 3969 2535 4024 τί
2571 3964 2664 4023 οὖν
2703 3967 2931 4022 τοιαῦτα
2974 3967 3207 4029 πταίσας
3235 3967 3264 4018 ὁ
3309 3966 3466 4034 ἅγιος
3499 3963 3698 4032 Πέτρος,
3724 3963 3776 4007 ῑίε

627 4095 717 4150 ille
755 4095 838 4148 vir
868 4092 1080 4158 Petrus,
1106 4101 1159 4145 et
1196 4093 1407 4144 veniam
1448 4096 1796 4148 consecutus,
1828 4087 1942 4155 ipse
1979 4098 2196 4154 quoque

2194 4109 2196 4131 ι
2303 4061 2696 4134 συγχωρηθεὶς,
2733 4059 2807 4130 μὴ
2839 4060 2931 4112 καὶ
2959 4057 3119 4122 αὐτὸς
3149 4056 3498 4128 συνεχώρησε
3526 4053 3595 4123 τῷ
3635 4053 3776 4111 Ἀνανίί

625 4186 841 4240 veniam
869 4198 976 4237 non
1012 4182 1158 4237 dedit
1187 4182 1411 4234 Ananiae
1439 4189 1492 4232 et
1531 4178 1815 4247 Sappher
1835 4217 1848 4241 ,
1879 4175 1973 4228 sed
2002 4175 2054 4227 in
2087 4140 2196 4226 tina

2194 4220 2196 4225 _
2303 4154 2396 4208 καὶ
2437 4155 2500 4223 τῇ
2534 4151 2834 4223 Σαπφείρῃ,
2869 4149 2983 4202 ἀλλ’
3015 4152 3074 4202 ὲν
3109 4151 3207 4220 μιᾷ
3235 4149 3353 4219 ὥρᾳ
3382 4146 3691 4216 ἀμφοτέρους
3725 4140 3776 4208 ῥή-

629 4278 763 4331 hora
816 4285 1076 4344 utrosque
1124 4273 1323 4328 occidit
1375 4272 1562 4337 verbo,
1629 4270 1755 4324 licet
1807 4268 1991 4322 nullus
2052 4271 2200 4320 esset

2194 4281 2200 4317 ὲ
2309 4263 2440 4318 ματι
2483 4243 2826 4306 ἐθανάτωσε;
2863 4242 3104 4310 καίτοιγε
3150 4241 3374 4312 μηδενὸς
3401 4241 3551 4301 ὄντος
3575 4241 3776 4288 1051:111-

2548 4337 2570 4346 ...
2789 4334 2803 4346 ι
2917 4333 2929 4346 ι
3024 4333 3037 4346 ι
3122 4331 3134 4346 1
3285 4332 3307 4346 ν
3584 4326 3641 4346 ,m
3664 4325 3776 4346 ἲ-.....ι

629 4369 877 4438 ipsorum
920 4367 1140 4435 lapsus,
1172 4371 1421 4433 respectu
1459 4363 1605 4418 illitis
1640 4357 2061 4428 abnegationis?
2094 4357 2205 4408 Au-

2190 4383 2205 4394 .
2305 4353 2506 4408 σματος
2545 4337 2667 4389 ὅσον
2710 4334 2846 4406 πρὸς
2879 4333 2976 4403 τὴν
3020 4331 3231 4385 ἐκείνου
3279 4332 3506 4402 ἄρνησιν
3540 4326 3641 4398 μεθ’
3662 4326 3772 4391 δρῦν

2448 4429 2458 4438 .
2555 4427 2593 4438 -.
2647 4429 2657 4438 .
2728 4427 2738 4438 .
2865 4425 2876 4438 ι
2984 4424 3050 4438 .-ι
3192 4423 3204 4438 ο
3282 4422 3357 4438 ἐκ
3475 4422 3487 4438 ι
3572 4437 3580 4438 ,
3619 4409 3772 4438 ,τηατ

631 4417 877 4438 -τ-ν--ήη
1344 4417 1352 4418 κ
1590 4417 1595 4418 κ
1784 4417 1813 4428 ν

631 4473 755 4514 rum
797 4457 1198 4511 absconderant
1239 4453 1542 4522 proprium,
1593 4466 1699 4504 non
1756 4448 1993 4502 alienum
2039 4463 2053 4500 :
2092 4445 2200 4510 vel,

2196 4487 2200 4506 ,
2300 4429 2521 4499 χρυσίου
2551 4427 2606 4481 δὲ
2636 4425 2956 4497 ἀπέκρυψαν
2984 4424 3131 4485 ίδίου,
3155 4423 3254 4476 οὐκ
3272 4422 3548 4492 ἀλλοτρίου
3571 4437 3582 4449 ·
3616 4417 3712 4512 εί
3725 4417 3778 4461 ut

630 4550 849 4606 etiamsi
869 4547 1107 4604 alienum
1123 4545 1332 4611 fuisset,
1352 4549 1659 4610 nonestpar
1670 4546 1949 4608 peccatum
1965 4537 2202 4613 privata-

2195 4565 2202 4577 .
2301 4517 2575 4590 ἀλλότριον
2601 4511 2689 4587 ἦν,
2719 4515 2818 4567 οὐκ
2845 4513 2990 4566 ἔστιν
3027 4509 3164 4575 ἴσον,
3194 4511 3304 4564 τῶν
3339 4511 3481 4564 ἰδίων
3513 4509 3675 4578 μικρὸν
3697 4509 3777 4552 ἀπ’

635 4657 759 4698 rum
788 4655 968 4694 rerum
1003 4654 1226 4707 parvum
1252 4636 1509 4707 quiddam
1548 4631 1930 4695 abscondisse,
1955 4637 2009 4684 et
2033 4605 2197 4682 abne-

1955 4603 2009 4684 ξςι
2033 4605 2197 4682 alme-
2305 4611 2544 4683 κρύψαι,
2575 4609 2669 4662 καὶ⁸
2696 4608 2757 4661 τὸ
2786 4605 3124 4679 ἀρνήσασθαι
3153 4603 3243 4657 τὴν
3293 4603 3521 4675 Ἰησοῦν.

637 4747 798 4805 gasse
830 4731 1039 4786 Jesum.
1277 4797 1314 4822 η
1512 4796 1524 4807 .

2257 4761 2260 4764 ’
2920 4755 3266 4822 Ἀπόκρισις.

1270 4797 1578 4865 Responsio.

709 4868 829 4926 Non
853 4871 1138 4925 dementiae
1158 4831 1534 4937 estiprilmarii
1560 4863 1705 4917 illius
1732 4861 1998 4916 adversus
2018 4866 2204 4913 sontes

2196 4870 2204 4911 ι
2378 4850 2491 4903 Οὐκ
2520 4845 2776 4910 ἀπονοίας
2803 4845 3037 4916 ὑπάρχει
3073 4846 3102 4896 ὁ
3137 4843 3229 4896 τοῦ
3266 4840 3554 4913 κορυφαίου
3588 4831 3700 4889 κατᾶ
3718 4831 3778 4926 τῶι

640 4972 836 5028 terror,
873 4962 968 5017 sed
1006 4931 1255 5030 praesciaa
1285 4931 1584 5025 disciplina:
1620 4954 1851 5024 plurima
1893 4949 2204 5004 mortalium

2197 4970 2204 5002 ι
2310 4941 2618 4996 ὑπευθύνων
2650 4938 2832 5008 φόϐος,
2861 4937 2996 4990 ἀλλά
3017 4934 3346 4997 παιδεύσεως
3375 4931 3726 5023 προγνωπιῇς
3744 4931 3779 5015 τξ

641 5054 889 5110 sanautis
940 5017 1091 5106 vitia.
1145 5017 1802 5116 Quandoquidem-igitur
1862 5041 2030 5096 semel
2098 5039 2209 5094 Deo

2196 5055 2209 5093 ι
2311 5033 2539 5086 πλεῖστα
2568 5029 2774 5102 βροτῶν
2800 5027 3101 5099 ἀκεομένης
3116 5024 3284 5096 πάθη.
3320 5023 3472 5077 Ἐπεὶ
3490 5017 3576 5074 οὖν
3597 5017 3674 5068 τοῦ
3695 5017 3778 5111 tu;

643 5143 951 5199 dedicatum
976 5156 1167 5194 aurum
1197 5138 1482 5208 sacrilegio
1507 5137 1820 5190 vulneratus
1853 5133 2206 5195 alienaverat,

2196 5169 2206 5195 ,
2313 5124 2430 5194 Θεῴ
2484 5121 2832 5182 ἀνατεθέντος
2881 5119 3138 5190 χρυσίου.
3189 5115 3460 5187 ἱεροσυλία
3500 5106 3778 5180 τρωθεὶςὲνο·

646 5235 1125 5304 interrogatusque
1149 5238 1470 5304 negaverat:
1515 5228 1720 5282 idcirco
1764 5226 1853 5280 ille
1888 5225 1982 5295 qui
2031 5221 2206 5277 fuerat

2198 5233 2206 5276 ί
2316 5217 2564 5284 σφίσατο.
2594 5211 2888 5283 ἐρωτηθεὶς
2913 5211 2970 5263 δὲ
2989 5211 3279 5281 ἠρνήσατο.
3305 5207 3426 5260 τότε
3451 5201 3780 5304 apag“?

647 5280 1122 5304 ’·’““·’“υ“·““··’“ι-*
1149 5280 1468 5304 ““ῠ’“““““”““
1516 5280 1554 5282 "
1583 5280 1594 5282 '
1631 5280 1634 5281 '
1701 5280 1708 5281 ί
1906 5280 1922 5295 ι

645 5337 876 5378 exorsus
902 5337 1155 5391 spargere
1179 5322 1484 5392 evangelica
1511 5319 1718 5376 semina
1743 5359 1759 5385 ,
1783 5331 2019 5387 moxque
2045 5315 2209 5370 simul

2198 5315 2209 5368 l
2314 5280 2671 5364 ταϐἁλλεσθαι
2718 5280 2786 5357 τά
2835 5280 3165 5370 εὐαγγελικά
3209 5299 3496 5370 σπέρματα
3519 5335 3533 5358 ,
3577 5291 3654 5346 καὶ

648 5368 874 5378 "’”"'""
902 5368 1154 5391 'I’“O""
1183 5368 1484 5392 """O"'"“
1512 5368 1718 5376 """"“
1743 5368 1759 5385 1
1783 5368 2015 5387 ““““⁷-⁷ι“-“
2047 5368 2060 5370 -
2181 5368 2184 5369 ν

646 5422 868 5468 exortas
905 5411 1078 5466 malas
1125 5412 1321 5466 herbas
1361 5418 1760 5481 conspexerat.
1795 5411 2088 5478 prudenter
2117 5421 2210 5462 eas

2198 5421 2210 5462 ι
2319 5396 2789 5471 παρανατείλαντα
2825 5368 3085 5463 ἑωρακὼς
3129 5390 3198 5444 τὰ
3225 5368 3472 5454 ζιζάνια,
3507 5380 3658 5450 σοφῶς
3685 5368 3780 5481 siti:

649 5458 868 5468 ππ---
907 5458 1077 5466 ---_-_-
1125 5458 1319 5466 -.νην
1365 5458 1760 5481 ---ηρ-πη,
1799 5458 2078 5478 r-_c-__---
2126 5458 2206 5462 η

649 5504 795 5558 illico
835 5504 1075 5566 sustulit,
1122 5519 1191 5559 ne
1221 5502 1361 5559 forte
1409 5504 1572 5559 simul
1613 5509 1918 5557 crescentes
1967 5500 2209 5553 triticum

2198 5458 2209 5552 ᾖ
2319 5458 2510 5547 θᾶττον
2534 5489 2834 5551 ἀνέστειλε,
2870 5458 2942 5559 μή
2978 5501 3107 5539 ποτε
3138 5481 3534 5550 συναυξούμενα
3573 5473 3648 5566 τον

652 5605 945 5652 vastarent.
997 5594 1132 5650 Nam
1188 5597 1244 5652 in
1293 5596 1544 5667 angustia
1603 5591 1984 5650 amaritudinis
2037 5592 2212 5662 ip~um

2199 5606 2212 5645 ι
2317 5587 2644 5658 λυμήνηταιο
2689 5583 2748 5636 ὲν
2795 5557 2903 5652 γὰρ
2932 5557 3228 5648 συνδέσμῳ
3259 5572 3482 5646 πικρίας
3506 5564 3648 5623 αὐτὸν
3673 5557 3781 5618 mi“

725 5805 771 5837 "
827 5802 970 5860 Psal.
1012 5819 1164 5864 xcut.
1190 5805 1245 5858 9.
