4006 6386
280 348 421 405 H85

283 482 399 536 χειν
427 463 503 525 ὼς
532 459 623 515 τὸν
655 461 873 531 Σίμωνα
898 460 992 515 καί
1024 458 1355 531 ἀμετάθετον
1386 456 1478 512 τοῦ
1509 458 1692 511 λοιποῦ
1723 458 1861 528 πρὸς

283 557 353 610 τά
374 554 675 627 κρείττονα.
712 553 919 606 Ἐδέετο
942 553 1049 623 γάρ
1074 552 1490 624 συγχωρηθῆναι
1515 550 1577 603 τὸ
1605 551 1755 619 ἄγος,
1786 551 1861 620 μὴ

284 644 685 716 συμφωνούσης
718 643 817 721 τῆς
844 644 1069 715 καρδίας
1101 645 1213 705 τοῖς
1242 641 1462 713 χείλεσι,
1489 640 1671 703 καθώς
1699 657 1862 710 φησιν

283 740 314 792 ὁ
337 737 445 790 τῶν
472 737 629 789 θείων
662 736 894 806 μελῳδὸς
927 737 1055 806 περὶ
1085 734 1177 789 τοῦ
1232 734 1464 806 Ἰσραήλ⁹
1493 732 1603 787 Καὶ
1630 733 1860 801 ἠγάπη-

282 841 408 883 σαν
440 826 711 880 αὺτόνὲν
740 825 819 890 τῷ
843 828 1091 895 στόματι
1119 824 1339 891 αὐτῶν,
1381 825 1478 879 καὶ
1509 823 1584 893 τῇ
1610 824 1858 893 γλώσσῃ

281 914 485 969 αὐτῶν
518 916 857 984 ἐψεύσαντο
892 914 1070 979 αὐτῷ’
1106 915 1145 983 ἡ
1180 915 1247 968 δὲ
1282 916 1491 983 καρδία
1526 914 1723 968 αὐτῶν
1751 916 1859 968 οὐκ

286 1004 485 1059 εὐθεῖα
508 1005 633 1073 μετ’
663 1005 868 1059 αὐτοῦ·
902 1004 1043 1058 οὐδὲ
1073 1005 1495 1072 ἐπιστώθησαν
1517 1005 1585 1058 ἐν
1614 1003 1687 1072 τῇ
1730 1004 1857 1057 δια-

282 1095 441 1163 θήκῃ
472 1096 677 1149 αὑτοῦ.
706 1096 859 1149 Οὕτω
890 1096 996 1166 γάρ
1038 1097 1131 1148 καὶ
1165 1097 1215 1148 οἱ
1238 1096 1337 1166 τῆς
1364 1097 1602 1165 ἰατρείας
1636 1097 1861 1165 ὲπιστήο

292 1205 453 1257 μονες
486 1188 620 1258 δρᾷν
667 1187 939 1250 εἰώθασιν,
981 1187 1198 1239 ἐπειδάν
1228 1205 1349 1241 τινα
1400 1188 1581 1258 ἄκρων
1610 1187 1703 1240 τοῦ
1753 1187 1858 1239 σώ-

293 1290 459 1343 ματος
486 1274 643 1326 πάθει
666 1274 867 1343 άνιάτῳ
896 1274 1141 1345 κρατηθῇ
1166 1314 1179 1337 ,
1206 1272 1360 1339 αὖθις
1385 1276 1734 1346 ὲκτέμνονται
1760 1275 1861 1345 τῆς

290 1362 503 1432 χειρὸς,
542 1361 574 1431 ἢ
605 1361 697 1414 τοῦ
743 1361 898 1424 ποδὸς
931 1361 1021 1414 τὸν
1054 1361 1334 1427 δάκτυλον,
1388 1362 1493 1431 πρὸ
1539 1361 1631 1414 τοῦ
1662 1364 1756 1415 ἐπὶ
1792 1360 1860 1413 τά

289 1453 452 1506 λοιπὰ
485 1454 617 1524 μέλη
640 1453 947 1523 διαχεθῆναι
971 1452 1067 1523 τὴν
1091 1452 1289 1523 λώσηψ
1313 1453 1511 1524 ὁμοίως
1534 1453 1589 1505 δὲ
1616 1453 1708 1505 καὶ⁹
1733 1454 1864 1504 Μω-

294 1546 393 1616 σῆς
420 1547 448 1597 ὀ
477 1545 758 1609 θεσπέσιος
791 1545 858 1598 τά
890 1544 982 1597 τοῦ
1014 1547 1177 1615 νόμου
1207 1547 1270 1598 ὲκ
1318 1545 1613 1616 προοιμίων
1650 1544 1862 1613 θεώμε-

292 1653 402 1699 νος,
435 1633 887 1706 παρωτρούμενός
919 1651 999 1696 τε,
1023 1634 1113 1686 ἐπὶ
1141 1634 1333 1705 βραχεῖ
1369 1636 1725 1706 ἁμαρτήματι
1763 1651 1862 1685 κα-

288 1726 647 1795 ταλευσθῆναι
690 1726 747 1779 ὲν
793 1724 1048 1795 σαὸὅάτῳ
1097 1724 1481 1793 ξυλολογοῦντα
1527 1725 1859 1793 προσέταξε,

288 1819 449 1872 τοῦτο
477 1818 607 1870 Θεὸν
635 1817 923 1888 γεγραφὼς
951 1817 1348 1887 ἀποφήνασθαι·
1381 1820 1473 1870 ἐπὶ
1504 1817 1722 1887 μεγάλῳ
1754 1815 1862 1888 γάρ

292 1909 388 1966 καὶ
430 1910 631 1980 μετρίῳ
683 1911 715 1980 ἡ
755 1908 1063 1978 παράϐασις
1094 1910 1366 1979 κρίνεται,
1419 1908 1600 1972 καθώς
1645 1925 1807 1977 φησιν
1836 1909 1865 1961 ὀ

292 2000 494 2071 Κύριος
516 2040 531 2059 ,
566 2001 645 2052 ὅτι
701 2000 842 2052 Ἐὰν
879 1999 1025 2051 ὅλον
1065 2000 1170 2052 τὸν
1204 2001 1392 2067 νόμον
1424 1998 1714 2067 πληρώσῃ
1746 2017 1860 2064 τις,

289 2091 516 2158 πταίσῃ
547 2090 613 2142 δὲ
634 2091 701 2142 ἐν
722 2090 830 2155 ἐνὶ,
857 2091 1063 2159 γέγονε
1084 2091 1326 2143 πάντων
1348 2091 1579 2158 ἔνοχος’
1607 2091 1703 2143 οὐκ
1727 2092 1866 2159 ἁφα-

290 2180 566 2248 νισθείσης
589 2179 753 2231 αὐτοῦ
786 2179 963 2249 πάσης
989 2180 1186 2249 ἀρετῆς
1220 2178 1433 2248 (ἄδικον
1461 2179 1568 2251 γάρ
1594 2180 1749 2231 τοῦτο
1771 2179 1865 2232 καὶ

292 2273 404 2331 τοῖς
436 2268 640 2339 βραχέα
669 2270 916 2341 περὶτῆς
945 2270 1093 2333 θείας
1136 2270 1529 2340 δικαιοκρισίας
1558 2270 1763 2323 νοοῦσιν
1790 2273 1865 2323 εί-

290 2359 467 2421 ·κότως
490 2356 729 2430 δόξειεν),
756 2359 867 2412 ἀλλ’
888 2359 1068 2431 ἔνοχός
1089 2378 1175 2432 μοι
1203 2361 1348 2413 δοκεῖ
1370 2360 1614 2428 γίνεσθαι
1646 2360 1864 2415 πάντων

294 2450 706 2520 ὑποσπώμενος,
742 2490 757 2504 .
793 2491 806 2504 .
848 2492 861 2506 .
896 2492 911 2505 .
949 2492 963 2505 .
1009 2494 1023 2507 .
1069 2494 1083 2507 .
1142 2470 1330 2522 κτησιν
1377 2453 1492 2513 ἐνὸς
1522 2452 1689 2519 ἄγους
1716 2494 1729 2513 ,
1766 2453 1861 2505 καὶ

294 2541 686 2611 ἀντιμέτρησιν
714 2544 878 2596 πᾶσιν
912 2543 1251 2613 ἐνεχόμενος,
1280 2543 1313 2613 ἢ
1346 2543 1404 2609 ἐξ
1432 2543 1609 2596 αὐτῶν
1644 2543 1865 2596 ἐκείνων

294 2633 392 2703 τῆς
432 2631 615 2694 οὐσίας
667 2633 1135 2703 ὑποτεμνόμενος,
1174 2634 1206 2705 ἢ
1258 2635 1352 2687 τοῦ
1408 2633 1639 2704 ἀριθμοῦ
1687 2634 1864 2688 αὐτῶν

292 2724 710 2793 ὑποσπώμενος.
764 2726 822 2777 Ὀ
864 2725 1041 2778 τοίνυν
1078 2725 1151 2795 μὴ
1194 2725 1469 2788 παντελῶς
1502 2725 1694 2779 ἑαυτοῦ
1727 2727 1863 2779 ἀπο-

294 2816 472 2883 γνοὺς,
516 2816 608 2867 καὶ
635 2815 933 2886 ὁλοσχερῶς
974 2814 1049 2886 τῷ
1081 2817 1282 2886 χείρονι
1314 2817 1701 2886 προσθέμενος,
1729 2817 1864 2869 ἀλλὰ

296 2906 396 2959 κᾶν
423 2907 710 2969 σπανιάκις
744 2908 1034 2977 προσάγων
1062 2907 1181 2978 Θεῷ
1216 2906 1433 2979 ἀρετὴν,
1469 2908 1560 2960 καὶ
1588 2907 1865 2977 οἰκτείρων

292 2997 385 3049 τὸν
418 2998 610 3061 πέλας,
647 2996 843 3065 ὤφειλε
892 2999 991 3068 μὲν
1035 2998 1228 3067 ἐκείνῳ
1273 3000 1413 3068 ὑπὲρ
1457 2992 1530 3053 ὧν
1573 2998 1858 3052 ἔπταισεν·

292 3089 563 3156 ὀφείλεται
594 3089 649 3141 δὲ
681 3088 807 3159 παρ’
837 3089 1022 3151 αὐτοῦ,
1059 3091 1196 3159 ὑπὲρ
1224 3084 1297 3142 ὦν
1328 3088 1669 3160 εὐηργετήθη
1696 3107 1709 3118 ’
1737 3090 1868 3141 ὑποο

296 3178 578 3248 σπώμενος
607 3180 783 3231 τοίνυν
827 3180 926 3249 τῆς
948 3181 1387 3250 ὰντιμετρήσεως
1410 3218 1424 3241 ,
1473 3178 1609 3247 πρὸς
1640 3178 1740 3248 τὴν
1772 3178 1865 3229 τοῦ

295 3267 698 3337 περιττεύοντος
720 3266 901 3340 χώραν
925 3269 1272 3339 ἀποκρίνεται
1292 3285 1306 3299 ο
1334 3267 1492 3321 τοῦτο
1522 3268 1579 3320 δὲ
1618 3268 1715 3321 καὶ
1738 3270 1867 3338 παρ’

292 3360 425 3428 ἡμῖν
476 3359 789 3429 συμϐαίνειν
838 3360 1097 3423 πολλάκις
1146 3359 1411 3429 ἔγνωμεν,
1444 3358 1677 3427 ὀφείλειν
1722 3361 1869 3430 ἡμᾶς

294 3450 486 3501 ἑκατὸν
508 3449 756 3522 δηνάρια,
778 3451 1138 3520 ὀφειλομένων
1158 3453 1291 3521 ἡμῖν
1311 3450 1625 3520 τριάκοντα.
1656 3451 1867 3521 ’Ὠσπερ

290 3536 386 3592 οὖν
411 3540 439 3590 ὀ
464 3539 556 3592 τοῦ
584 3540 911 3609 νομίσματος
939 3540 1218 3610 ὀφειλέτης
1242 3540 1457 3592 πάντων
1482 3540 1662 3610 ἔνοχος
1689 3542 1867 3612 ὑπάρ-

293 3646 379 3699 λει
409 3628 485 3697 τῷ
512 3630 850 3691 δανείσαντι,
887 3631 1045 3701 μέχρι
1071 3632 1167 3700 τῆς
1203 3632 1464 3693 ἐκτίσεως
1487 3630 1580 3682 τοῦ
1613 3630 1861 3700 ὀφλήμα-

293 3736 404 3781 τος*
445 3719 614 3782 οὕτως
644 3721 671 3771 ὀ
703 3720 1137 3790 χρεωστούμενος
1176 3722 1324 3792 παρὰ
1353 3721 1487 3774 Θεοῦ
1519 3722 1656 3793 ὑπὲρ
1681 3723 1863 3792 χιλίων

296 3810 754 3881 κατορθωμάτων,
778 3812 1004 3880 ὀφείλων
1028 3812 1085 3865 δὲ
1109 3814 1235 3883 περὶ
1258 3813 1377 3875 ἑνὸς
1401 3812 1864 3884 παραπτώματος,

297 3903 511 3955 πάντων
551 3902 732 3972 ἔνοχος
762 3903 1017 3974 ὑπάρχει,
1068 3903 1226 3974 μέχρι
1260 3902 1353 3956 τοῦ
1385 3904 1633 3972 γενέσθαι
1661 3904 1869 3972 λογοθέ-

298 4012 409 4046 σιον
456 3996 553 4063 τῆς
600 3994 827 4047 ἑκάστου
878 3994 1205 4064 οἰκονομίας.
1258 3994 1574 4064 Παράσασις
1627 3995 1734 4065 γάρ
1774 3995 1868 4047 ἐπὶ

300 4085 486 4156 μικρῷ
517 4087 610 4138 καὶ
644 4086 850 4155 μείζονι
887 4085 1149 4155 κρίνεται,
1181 4085 1239 4137 ὲν
1282 4085 1562 4157 συγκρίσει
1594 4086 1655 4138 τὸ
1681 4085 1868 4152 διάφο-

296 4192 388 4245 ρον
427 4176 644 4244 ἔχουσα.
681 4175 1013 4244 Σπεύσωμεν
1040 4176 1218 4227 τοίνυν
1245 4176 1302 4227 ὲν
1328 4175 1406 4245 τῷ
1436 4175 1585 4246 καλῷ
1610 4176 1670 4229 τὸ
1704 4176 1865 4229 πλέον

292 4264 457 4331 ἔχειν,
488 4265 798 4336 δικαιοσύνῃ
827 4264 923 4335 τὴν
947 4264 1158 4317 ἀδικίαν
1195 4264 1509 4336 βαροῦντες.

850 4399 1095 4454 nam:
1123 4400 1299 4468 m7.

362 4529 425 4581 El
459 4527 723 4595 άφευκτος
753 4527 1027 4580 συντέλεια
1054 4526 1147 4580 τοῦ
1171 4528 1398 4598 κόσμου,
1436 4530 1531 4583 καὶ
1553 4531 1585 4599 ή
1613 4530 1706 4583 τοῦ
1730 4532 1865 4603 Χρι-

294 4617 419 4673 στοῦ
452 4618 741 4691 παρουσία,
776 4618 889 4680 πῶς
939 4618 1099 4681 αὐτὸς
1143 4618 1308 4685 λέγει,
1347 4619 1489 4672 Τότε
1514 4621 1584 4673 ἐν
1612 4621 1685 4689 τῇ
1717 4624 1865 4677 Ἰου-

290 4708 427 4774 δαίᾳ
459 4708 839 4777 φευγέτωσαν
870 4708 966 4760 ἐπὶ
1013 4707 1084 4760 τὰ
1118 4707 1255 4775 ὄρη,
1305 4709 1402 4761 καὶ
1430 4712 1461 4762 d
1494 4711 1591 4764 ἐπὶ
1621 4712 1727 4766 τοῦ
1753 4712 1864 4765 δώο

286 4818 473 4870 ματος
488 4800 572 4869 μὴ
611 4800 915 4866 καταϐἡτω
943 4792 1079 4865 ἆραί
1109 4816 1163 4852 τι
1192 4801 1260 4852 ἐκ
1288 4801 1397 4868 τῆς
1434 4803 1624 4867 οἰκίας
1650 4804 1859 4867 αὑτοῦ,

291 4892 387 4943 καὶ
412 4893 443 4942 ὀ
468 4888 629 4953 ἐντῷ
651 4889 825 4956 ἀγςρῷ.
845 4889 931 4958 μὴ
954 4889 1363 4958 ἐπιστρεψάτω
1376 4884 1511 4958 ἆραι
1538 4894 1605 4945 τὸ
1627 4893 1858 4961 ἱμάτιον

288 4979 509 5042 autcf);
538 4980 646 5032 Kal.
681 4980 839 5033 πάλιν
884 4980 1052 5047 λέγει,
1082 4981 1235 5033 Ἀλλ’
1273 4981 1523 5048 εὔχεσθε
1564 4983 1664 5035 ἵνα
1686 4985 1858 5051 γένη-

288 5087 381 5122 ται
406 5070 637 5139 ἠ-ςρυγὴ
677 5070 844 5138 ὑμῶν·
862 5070 931 5122 ἐν
963 5071 1234 5134 σαϐϐάτῳ
1262 5072 1300 5139 ἢ
1326 5073 1395 5124 ἐν
1419 5073 1690 5142 χειμῶνι·
1720 5076 1854 5128 οὐαὶ

287 5160 354 5214 δὲ
394 5162 522 5225 ταῖς
559 5161 628 5213 ἐν
662 5159 870 5230 ¹γαστρὶ
910 5161 1197 5227 ἐχούσαις
1223 5163 1319 5215 καί
1362 5163 1757 5231 θηλαζούσαις
1785 5166 1856 5218 ἐν

285 5251 540 5314 ἐκείναις
570 5250 697 5315 ταῖς
736 5249 995 5319 ἡμέραις.
1042 5246 1165 5321 Ἀρ*
1197 5254 1277 5305 ὅτι
1318 5254 1497 5325 συμϐῇ
1539 5254 1727 5327 Θέρους
1759 5273 1854 5324 γε-

287 5341 490 5401 νέσθαι.
522 5344 581 5394 ἐν
604 5344 851 5413 Κυριακῇ
885 5343 1164 5415 ῆὸευτέρα
1194 5344 1295 5413 τὴν
1332 5347 1657 5413 συντέλειαν,
1690 5348 1850 5401 δυνά-

288 5434 423 5502 μεθα
445 5433 645 5495 λαθεῖν,
677 5434 710 5504 ἢ
738 5437 961 5502 φυγεῖν;
1010 5436 1109 5488 Διὰ
1130 5436 1182 5489 τί
1215 5436 1259 5489 δ’
1284 5438 1392 5507 ἄρα
1421 5438 1672 5492 τοσούτου
1701 5440 1853 5505 ὄντος

283 5525 440 5593 ὄχλου
475 5525 570 5577 καὶ
602 5525 771 5596 δήμου
798 5526 935 5588 τότε,
972 5528 1136 5597 μόνας
1178 5527 1277 5592 τὰς
1306 5531 1362 5582 ὲν
1392 5532 1590 5601 γαστρὶ
1620 5532 1850 5601 ἐχούσας

284 5614 375 5668 καὶ
398 5612 630 5684 θηλαζού
638 5632 734 5678 σας
750 5616 814 5668 ὲκ
831 5615 1047 5669 πάντων
1071 5618 1371 5683 ὲταλάνισε,
1396 5619 1491 5673 καὶ
1508 5621 1691 5673 ἁπωδύ
1700 5639 1849 5692 ρατο,

1674 342 2021 402 DlALOGUS
2058 341 2149 400 IV.

3397 344 3535 399 H38

1972 474 2117 522 esse,
2142 454 2600 527 quemadmodum
2625 453 2930 517 Simonem,
2963 466 3017 511 et
3035 455 3454 525 incorrigibilem
3479 476 3532 512 ιιι

1964 560 2242 619 posterum
2274 549 2341 602 ad
2379 548 2604 602 meliora
2633 547 2870 602 videbat.
2900 543 3089 615 Neque
3119 549 3265 600 enim
3303 547 3534 603 facultas

1963 649 2081 695 erat
2105 639 2437 695 concedendi
2462 639 2640 693 scelus
2659 680 2675 705 ,
2699 652 2806 692 non
2832 637 3206 692 consentiente
3229 655 3351 692 cum
3373 638 3536 694 labiis

1963 736 2148 798 corde,
2191 735 2334 789 sicut
2375 735 2554 803 inquit
2595 733 2661 787 de
2697 734 2897 787 Israele
2930 734 3236 788 carminum
3280 736 3368 789 ille
3396 735 3536 789 divi-

1964 838 2157 877 norum
2190 834 2409 877 auctor:
2428 822 2493 875 Et
2522 824 2819 877 dilexerunt
2838 824 3009 892 ipsum
3039 840 3126 877 ore
3146 836 3327 891 suo,et
3355 825 3539 893 lingua

1964 931 2061 968 sua
2114 914 2315 967 mentiti
2348 924 2472 966 sunt
2509 915 2576 967 ei.
2637 914 2741 967 Cor
2785 925 2957 967 autem
2990 915 3223 983 ipsorum
3271 932 3374 969 non
3422 926 3538 970 erat

1964 1014 2162 1057 rectum
2200 1020 2319 1055 cum
2364 1020 2458 1065 eo,
2494 1012 2543 1055 et
2586 1004 2639 1056 in
2688 1012 2998 1056 testamento
3042 1002 3155 1070 ejus
3200 1004 3379 1071 ﬁdeles
3434 1021 3541 1056 non

1965 1094 2175 1163 fuerunt
2206 1096 2273 1148 ⁸⁸.
2308 1093 2399 1149 Sic
2429 1096 2573 1149 enim
2615 1104 2663 1149 et
2697 1095 2850 1165 periti
2892 1095 3084 1150 medici
3128 1094 3304 1149 facere
3340 1098 3536 1160 solent,

1964 1185 2184 1253 quando
2218 1192 2464 1239 extremo
2503 1200 2731 1254 corpore
2777 1195 2991 1239 tenetur
3024 1186 3224 1256 aliquis
3251 1188 3537 1241 incurabili

1966 1278 2178 1341 morbo,
2235 1292 2360 1330 mox
2415 1286 2664 1331 resecant
2704 1293 2731 1328 a
2781 1293 2943 1331 manu
2987 1278 3069 1331 vel
3108 1279 3240 1346 pede
3284 1279 3535 1349 digitum.

1966 1379 2259 1437 antequam
2313 1369 2378 1423 ad
2435 1370 2644 1438 reliqua
2699 1372 2941 1424 membra
2983 1370 3319 1425 diffundatur
3368 1372 3536 1425 labes.

1969 1455 2232 1509 Similiter
2268 1466 2445 1510 autem
2481 1465 2535 1510 et
2572 1455 2749 1510 Moses
2788 1457 2872 1509 vir
2912 1457 3127 1511 divinus
3167 1459 3231 1511 ad
3274 1468 3537 1528 praerepta

1967 1545 2099 1613 legis
2126 1545 2382 1613 primitus
2408 1546 2545 1600 facta
2568 1546 3003 1601 consideratione
3031 1549 3296 1613 excitans,
3324 1550 3395 1605 ob
3424 1551 3540 1605 leve

1967 1637 2224 1691 delictum
2263 1636 2532 1706 lapidibus
2573 1638 2729 1690 obrui
2775 1653 2899 1692 eum
2936 1639 3030 1707 qui
3066 1640 3206 1709 ligna
3251 1641 3451 1710 legerat
3483 1640 3538 1695 in

1969 1722 2194 1778 sabbato
2230 1764 2245 1787 ,
2329 1724 2633 1793 praecepit,
2710 1724 2873 1793 idque
2944 1724 3114 1781 Deum
3191 1728 3541 1783 denuntiasse

1968 1814 2204 1883 scripsit.
2241 1812 2376 1867 Nam
2421 1815 2475 1867 in
2508 1831 2697 1884 magno
2732 1825 2782 1868 et
2824 1818 3075 1871 mediocri
3117 1822 3464 1889 transgressio
3494 1821 3539 1851 "

1965 1906 2276 1976 judicatur,
2322 1908 2783 1977 quemadmodum
2839 1910 3017 1979 inquit
3068 1911 3355 1975 Dominus,
3393 1914 3539 1983 quod

1971 2000 2029 2054 Si
2060 2009 2225 2054 totam
2277 2000 2437 2070 legem
2468 1999 2757 2069 impleverit
2793 2001 3022 2070 aliquis,
3066 2003 3340 2070 oﬂ'enderit
3365 2014 3540 2056 autem

1969 2090 2024 2143 in
2056 2108 2183 2155 uno,
2217 2092 2388 2160 factus
2417 2101 2491 2144 est
2518 2091 2752 2143 omnium
2785 2106 2901 2143 reus
2934 2092 3002 2145 ⁸⁷.
3033 2090 3147 2146 Non
3186 2093 3327 2161 quod
3361 2094 3540 2147 omnis

1969 2180 2089 2248 ejus
2114 2182 2287 2235 virtus
2330 2181 2613 2235 evanuerit
2699 2180 2986 2250 (injustum
3026 2184 3170 2237 enim
3216 2184 3268 2237 id
3312 2184 3396 2237 vel
3432 2185 3536 2249 his,

1969 2272 2062 2341 qui
2122 2272 2307 2327 leviter
2369 2272 2436 2327 de
2491 2273 2676 2326 divino
2723 2273 2983 2342 justoque
3020 2274 3228 2342 judicio
3277 2278 3537 2336 sentiunt.

1970 2363 2169 2416 merito
2211 2362 2507 2430 videatur),
2551 2362 2643 2417 sed
2678 2378 2804 2417 reus
2848 2364 2980 2416 mihi
3013 2365 3225 2418 videtur
3261 2365 3374 2419 ﬁeri
3422 2383 3540 2421 om-

1970 2455 2143 2520 nium,
2169 2454 2258 2524 qui
2286 2454 2655 2509 recesseritab
2683 2470 2813 2520 uno,
2831 2471 2889 2509 se
2918 2471 3092 2525 poena:
3124 2459 3286 2511 unius
3318 2458 3540 2513 sceleris

1970 2552 2024 2598 et
2059 2545 2489 2613 compensationi
2531 2544 2773 2598 omnium
2820 2544 3115 2599 obnoxium
3169 2545 3374 2601 faciens
3403 2564 3417 2613 ;
3448 2557 3543 2601 aut

1970 2636 2113 2704 quod
2162 2651 2229 2690 ex
2278 2636 2491 2689 illorum
2529 2636 2772 2705 ipsorum
2814 2651 3043 2705 corpore
3086 2638 3306 2704 excidit,
3347 2648 3443 2692 aut
3471 2640 3540 2692 ab

1971 2727 2215 2797 ipsorum
2250 2743 2479 2782 numero
2519 2728 2764 2781 recessit.
2797 2726 2899 2792 Qui
2932 2744 3059 2799 ergo
3091 2745 3198 2783 non
3231 2744 3452 2799 prorsus
3474 2730 3541 2784 de

1972 2816 2261 2887 semetipso
2314 2819 2697 2888 desperaverit,
2727 2829 2781 2874 et
2807 2823 2963 2889 plane
2993 2822 3248 2875 deteriori
3287 2822 3539 2877 addictus

1973 2908 2160 2976 fuerit,
2222 2911 2316 2966 sed
2362 2912 2443 2964 vel
2490 2928 2615 2965 raro
2670 2912 2926 2966 obtulerit
2981 2914 3088 2968 Deo
3140 2915 3426 2977 virtutem.
3489 2924 3543 2970 et

1970 3002 2201 3070 proximi
2246 3002 2505 3057 misertus
2546 3002 2743 3065 fuerit.
2776 3006 2935 3059 debet
2972 3006 3190 3074 quidem
3224 3006 3299 3059 illi
3333 3006 3386 3059 in
3424 3006 3545 3075 qui-

1974 3090 2076 3144 bus
2099 3089 2355 3157 oil‘endit;
2387 3091 2618 3145 debetur
2648 3102 2828 3146 autem
2856 3095 3097 3148 vicissim
3129 3095 3231 3164 ipsi
3264 3098 3317 3149 in
3342 3097 3544 3165 quibus

1971 3180 2256 3236 benefecit.
2309 3183 2599 3236 Subtracta
2634 3184 2801 3251 igitur
2825 3187 3292 3254 compensatione,
3325 3186 3392 3241 ad
3423 3187 3544 3255 ejus

1969 3274 2111 3342 quod
2155 3274 2463 3335 redundat,
2503 3273 2680 3329 locum
2727 3277 3056 3331 decernitur.
3094 3276 3148 3331 ld
3188 3278 3332 3347 quod
3378 3280 3544 3333 etiam

1969 3364 2111 3432 apud
2169 3380 2269 3418 nos
2323 3380 2698 3435 saepenumero
2765 3368 3012 3422 accidere
3067 3369 3444 3438 cognovimus,
3497 3370 3544 3423 si

1968 3459 2262 3513 debeamus
2289 3475 2385 3514 nos
2418 3471 2635 3514 centum
2664 3461 2886 3515 denaria
2906 3501 2920 3525 ,
2946 3462 3214 3531 nobisque
3239 3462 3543 3517 debeantur

1970 3552 2208 3620 triginta.
2259 3550 2731 3617 Quemadmodum
2768 3552 2934 3622 igitur
2965 3554 3209 3622 pecuniae
3236 3554 3450 3608 debitor
3476 3555 3544 3608 de

1968 3644 2222 3697 omnibus
2266 3644 2538 3713 obligatus
2578 3653 2661 3698 est
2709 3644 3001 3708 creditori,
3057 3659 3231 3712 usque
3260 3644 3328 3698 ad
3375 3644 3544 3698 debiti

1968 3732 2392 3801 persolutionem
2434 3752 2449 3788 :
2498 3735 2573 3788 ita
2620 3734 2709 3789 cui
2767 3735 2994 3789 debetur
3043 3736 3183 3805 apud
3231 3735 3398 3789 Deum
3444 3752 3545 3805 pro

1973 3824 2122 3879 mille
2174 3835 2320 3880 recte
2365 3824 2546 3889 factis,
2594 3826 2708 3895 ipse
2751 3842 2881 3881 vero
2907 3827 3071 3881 unius
3109 3828 3288 3882 delicti
3330 3828 3543 3883 debitor

1973 3924 2076 3976 est,
2129 3930 2257 3971 reus
2315 3925 2399 3971 est
2456 3919 2740 3982 omnium,
2793 3918 2967 3972 donec
3022 3918 3162 3973 ratio
3221 3920 3544 3974 subducitur

1974 4007 2411 4077 uniuscujusque
2433 4008 2876 4078 dispensationis.
2904 4008 3293 4081 Transgressio
3315 4011 3458 4065 enim
3486 4012 3543 4066 in

1973 4114 2140 4169 parvo
2173 4109 2226 4153 et
2264 4100 2458 4167 majori
2497 4100 2807 4169 iudicatur,
2852 4101 2906 4155 in
2950 4103 3358 4171 comparatione
3384 4103 3543 4157 diﬂ'e-

1974 4191 2202 4245 rentiam
2244 4192 2469 4246 habens.
2511 4190 2797 4246 Enitamur
2835 4192 3032 4261 igitur,
3064 4195 3155 4262 qui
3192 4196 3315 4263 plus
3342 4196 3543 4249 habea-

1969 4298 2092 4336 mus
2129 4283 2183 4336 in
2218 4281 2380 4349 bono,
2413 4283 2732 4349 injustitiam
2759 4282 2971 4350 justitia
3005 4285 3398 4353 deprimentes.

2366 4413 2875 4471 INTERROGATIO
2917 4415 3145 4472 CXCVI.

2036 4539 2092 4594 Si
2125 4541 2452 4596 inevitabilis
2475 4551 2557 4596 est
2586 4544 2987 4599 consummatio
3011 4546 3221 4607 mundi,
3255 4555 3308 4601 et
3331 4546 3540 4601 adven-

1963 4640 2053 4685 tus
2081 4632 2283 4686 Christi
2316 4652 2329 4686 :
2358 4635 2635 4700 quomodo
2669 4635 2845 4704 inquit
2878 4635 3012 4705 ipse,
3049 4635 3192 4690 Tum:
3225 4639 3314 4707 qui
3359 4638 3413 4690 in
3439 4637 3543 4691 Ju-

1961 4723 2079 4776 diea
2116 4733 2260 4788 sunt,
2286 4724 2491 4793 fugiant
2522 4726 2591 4777 ad
2627 4738 2913 4790 montea,et
2939 4729 3029 4797 qui
3063 4730 3115 4781 in
3140 4737 3270 4781 tecto
3294 4738 3391 4791 est,
3436 4745 3538 4783 non

1961 4812 2241 4866 descendat
2272 4814 2341 4867 ad
2374 4816 2662 4868 tollendum
2693 4817 2893 4888 aliquid
2921 4834 2984 4870 ex
3032 4819 3187 4870 domo
3213 4835 3330 4885 sua,
3364 4829 3413 4870 et
3449 4821 3539 4887 qui

1962 4903 2019 4955 in
2052 4918 2176 4971 agro
2208 4913 2305 4966 est,
2338 4921 2401 4957 ne
2436 4916 2725 4959 revertatur
2755 4908 2823 4960 ad
2853 4907 3140 4960 tollendum
3169 4910 3537 4962 vestimentum

1963 5005 2119 5042 suum
2144 4990 2312 5045 ’°?Et
2342 4993 2537 5047 iterum
2558 4994 2754 5063 inquit,
2782 4994 2886 5049 Sed
2909 5006 3055 5047 orate
3086 5011 3149 5048 ne
3178 4996 3272 5063 ﬁat
3302 4996 3426 5066 fuga
3455 5013 3538 5049 ve-

1961 5092 2077 5134 stra
2116 5083 2167 5135 in
2186 5084 2425 5148 sabbato,
2450 5085 2527 5138 vel
2557 5087 2613 5138 in
2642 5086 2827 5140 hieme.
2868 5084 2960 5140 Va:
2988 5095 3164 5140 autem
3208 5090 3539 5157 prtegnanti-

1962 5173 2055 5227 bus
2078 5183 2125 5227 et
2155 5176 2476 5231 lactantibus
2496 5176 2551 5231 in
2572 5178 2681 5232 illis
2713 5178 2894 5234 diebus
2911 5179 2975 5231 ".
2998 5175 3137 5232 Num
3156 5180 3306 5247 quasi
3334 5179 3377 5233 si
3402 5196 3538 5234 con-

1963 5267 2136 5335 tingat
2159 5276 2368 5333 aestate,
2413 5269 2498 5324 vel
2547 5270 2844 5334 dominica,
2892 5271 2975 5325 vel
3019 5271 3125 5324 alia
3157 5270 3244 5325 die
3286 5286 3538 5326 consua-

1960 5357 2150 5421 matio,
2175 5359 2445 5425 possimus
2480 5359 2649 5415 latere
2671 5361 2754 5414 vel
2787 5360 3013 5430 fugere?
3046 5359 3158 5414 Cur
3188 5370 3371 5413 autem
3410 5375 3533 5413 cum

1958 5453 2106 5498 tanta
2143 5446 2215 5500 sit
2265 5445 2444 5500 futura
2502 5449 2679 5511 turba,
2727 5457 3021 5518 tantusque
3068 5448 3326 5517 populus,
3387 5449 3535 5501 solas

1957 5546 2296 5605 praegnantes
2340 5548 2395 5594 et
2426 5539 2693 5595 lactantes
2743 5555 2809 5595 ex
2847 5540 3103 5596 omnibus
3143 5541 3372 5594 miseras
3409 5555 3536 5609 ΡΜ·-

1961 5626 2229 5682 nuntiavit
2258 5637 2422 5699 atque
2455 5629 2779 5700 deploravit,
2825 5629 2982 5700 quasi
3034 5638 3259 5700 pmpter
3283 5628 3536 5699 partum!

353 5792 400 5826 ’⁸
447 5791 587 5848 Psal.
636 5808 838 5860 Luvn,
889 5793 978 5858 36,
1006 5794 1095 5847 57.
1172 5795 1217 5826 ⁹⁶
1246 5794 1374 5850 Luc.
1412 5797 1633 5863 “1,10.
1712 5800 1753 5832 ⁸⁷
1782 5797 1861 5852 Jat

1974 5838 1989 5866 ι
2021 5803 2103 5856 i0-
2181 5804 2226 5836 "
2252 5804 2442 5866 Matth.
2482 5826 2623 5865 xxn'.
2667 5811 2843 5865 16-18.
2923 5813 2967 5844 ⁹⁹
3016 5813 3144 5867 ibid.
3202 5810 3283 5876 19,
3318 5809 3407 5865 20.
