4056 6402
312 246 452 307 1189

310 365 620 435 συμφωνῶν
645 367 791 438 λέγει
810 388 822 400 ·
855 372 1041 429 Ὅταν
1064 376 1134 430 δὲ
1166 379 1231 432 τὸ
1255 380 1546 452 πλήρωμα
1566 384 1685 437 τῶν
1712 384 1903 442 ἐθνῶν

304 458 575 532 εἰσέλθῃ,
620 466 753 519 τότε
788 467 908 535 πᾶς
942 469 1193 541 Ἰσραὴλ
1227 479 1587 543 σωθήσεται.

928 607 1284 679 Ἀπόκρισις.

376 733 601 828 ρύδέπω
623 739 1012 813 πεισθήσομαι,
1047 746 1334 815 Ἰουδαίους
1359 755 1859 828 ἀνακικλὴσκεσθαι
1879 777 1893 789 ⁸

301 821 422 877 οὐδὲ
459 825 568 898 γὰρ
600 829 771 884 ταῦτα
811 835 1061 889 παιδεύει
1107 840 1135 891 6
1170 841 1404 912 Κύριος,
1459 844 1569 899 οὐδ’
1694 849 1897 920 ὑψηλὸς

313 914 657 985 Ἀπόστολος,
693 922 782 976 διὰ
818 926 929 979 τῶν
970 929 1145 1000 ὀρθῶς
1174 934 1271 1002 μὲν
1300 937 1428 1007 παρ’
1463 938 1640 991 αὐτῶν
1668 914 1894 1012 εἰρημέ-

298 1024 425 1073 νων,
452 1012 638 1075 κακῶς
658 1015 715 1068 δὲ
740 1019 891 1089 παρά
916 1022 1009 1075 σοῦ
1029 1025 1329 1093 νοηθέντων
1357 1029 1471 1100 ἅμα
1499 1032 1591 1083 καὶ
1624 1033 1893 1103 φρασθέν-

289 1116 424 1154 των.
466 1105 539 1156 Τὸ
564 1106 673 1176 γὰρ
706 1110 876 1181 φῆσαι
911 1115 1001 1167 τὸν
1029 1116 1255 1188 Κύριον,
1287 1120 1408 1173 Ὅτι
1437 1121 1556 1190 ἔχω
1594 1125 1692 1177 καὶ
1732 1124 1892 1180 ἄλλα

288 1194 578 1259 πρόϐατα,
604 1197 841 1268 δηλονότι
879 1206 1049 1275 ἡμᾶς,
1081 1206 1114 1261 ἂ
1143 1210 1243 1261 οὐκ
1269 1211 1405 1264 εἰσὶν
1430 1213 1494 1264 ἐκ
1516 1213 1616 1284 τῆς
1654 1218 1890 1288 ποίμνης

292 1283 498 1354 ταύτης
537 1288 755 1355 (ὡσανεὶ
783 1292 882 1363 τῆς
925 1296 1269 1369 Ἰουδαϊκῆς),
1301 1294 1375 1354 ὧν
1408 1301 1598 1375 πρώτη
1645 1307 1889 1377 ὑπῆρχεν

288 1374 324 1443 ἡ
360 1376 453 1429 τοῦ
484 1380 689 1450 Κυρίου
723 1385 1020 1454 ἀπόφασις.
1064 1386 1198 1443 Εἶτα
1229 1394 1277 1445 οἱ
1305 1392 1437 1446 θεῖοι
1463 1374 1774 1463 ἀπόστολοι,
1794 1374 1887 1452 παὶ

290 1469 389 1523 σὺν
418 1471 627 1539 αὐτοῖς,
652 1476 745 1529 καὶ
772 1478 836 1530 δι’
867 1481 1067 1545 αὐτοὺς
1097 1483 1156 1550 ἐξ
1186 1484 1446 1551 Ἰουδαίας
1474 1491 1675 1544 πιστοί.
1720 1491 1885 1545 Ούπω

286 1561 396 1630 γάρ
426 1562 729 1638 ὑπῆρχενὴ
764 1569 823 1634 ἐξ
868 1572 1037 1626 ἐθνῶν
1083 1576 1188 1646 πρὸ
1225 1578 1320 1630 τοῦ
1350 1582 1617 1652 σωτηρίου
1654 1584 1878 1649 πάθους,

274 1650 371 1703 διὰ
410 1652 471 1706 τὸ
519 1657 687 1727 μήπω
731 1662 1077 1733 κηρυχθῆναι
1119 1668 1282 1737 ἡμῖν,
1337 1670 1471 1740 μηδὲ
1502 1650 1880 1744 βαπτισθῆναι

281 1743 454 1812 ἡμᾶς,
488 1746 626 1818 ὅπερ
657 1751 795 1819 μετά
819 1754 918 1824 τὴν
958 1755 1257 1812 ἀνάστασιν
1301 1761 1388 1815 διὰ
1430 1762 1539 1819 τῶν
1567 1767 1881 1822 ἀποστόλων

282 1834 449 1888 αὑτοῦ
484 1838 717 1910 Χριστὸς
742 1844 947 1915 δράσας
978 1850 1043 1920 τῇ
1074 1849 1133 1916 ἐξ
1179 1851 1448 1907 Ἰουδαίων
1478 1861 1642 1929 πιστῇ
1676 1860 1879 1934 ποίμνῃ

280 1925 427 1996 ἡμᾶς
453 1929 788 2003 ἐπεισήγαγε
814 1952 827 1965 ·
860 1939 956 1992 καὶ
992 1941 1159 2010 ἐσμὲν
1206 1943 1442 2010 ἅπαντες
1479 1950 1527 2001 οἱ
1560 1925 1740 2004 πιστοὶ
1773 1925 1878 2023 -μίά

279 2020 486 2091 ποίμνη
526 2023 608 2076 ἐνὶ
644 2028 895 2097 ποιμένι,
956 2030 1034 2102 τῷ
1078 2033 1331 2106 ἀρχιερεῖ
1383 2038 1477 2091 καὶ
1528 2020 1876 2114 ἀρχιποίμενι

276 2110 500 2183 Χριστῷ
551 2120 966 2191 ποιμαινόμενοι
1016 2125 1111 2179 καὶ
1163 2129 1580 2200 φρουρούμενοι.
1624 2110 1875 2207 ῨΕἶςνγάρ

274 2204 512 2273 Κίιοιος,
541 2209 653 2276 μία
678 2211 904 2279 πίστις,
934 2214 1005 2268 ἓν
1033 2217 1371 2289 βάπτισμα,
1410 2225 1571 2294 φησιν
1592 2228 1621 2278 6
1651 2227 1749 2297 μὲν
1777 2204 1871 2281 τού

277 2294 670 2369 ἀρχιποίμενος
719 2305 989 2378 μαθητὴς,
1038 2311 1135 2381 τῆς
1166 2311 1210 2364 δ’
1238 2314 1328 2366 ὑπ’
1359 2316 1593 2387 οὐρανὸν
1624 2294 1873 2393 καθηγη-

274 2388 375 2459 τὴς
400 2391 604 2461 ὑψηλὸς
629 2396 977 2465 Ἀπόστολος·
1026 2402 1085 2466 ὃς
1106 2405 1199 2458 καί
1234 2424 1399 2476 φησιν
1417 2427 1431 2442 ο
1468 2410 1654 2466 ’Ὅταν
1687 2388 1762 2465 δὲή
1786 2388 1868 2467 τὸ

275 2482 571 2555 πλήρωμα
594 2488 714 2543 τῶν
739 2492 930 2546 ἐθνῶν
956 2497 1225 2568 εἰσέλθῃ,
1253 2499 1373 2567 πᾶς
1408 2503 1645 2572 Ἰσραὴλ
1674 2506 1867 2572 σωθή-

270 2587 465 2641 σεται,
499 2579 599 2632 οὐκ
644 2582 937 2648 Ἰουδαίους
964 2588 1093 2658 περὶ
1121 2589 1221 2660 τὴν
1257 2593 1565 2648 συντέλειαν
1594 2595 1864 2659 σώζεσθαι

270 2665 366 2717 καὶ
400 2669 804 2738 ἀναφωνεῖσθαι
835 2675 1030 2746 δηλῶν,
1060 2681 1197 2734 ἀλλά
1234 2685 1360 2747 τοὺς
1387 2685 1719 2758 καθαρότητι
1749 2688 1863 2742 δια-

267 2757 436 2821 νοίας,
477 2762 569 2814 καὶ
597 2764 777 2819 πίστει
808 2768 941 2824 Θεὸν
973 2772 1235 2841 ὁρῶντας.
1281 2776 1452 2831 Τοῦτο
1482 2781 1590 2852 γὰρ
1622 2757 1861 2850 Ἰσραὴλ

271 2852 422 2922 παρᾶ
453 2856 670 2910 πάντων
693 2861 787 2913 καὶ
802 2863 981 2917 αὐτῶν
997 2866 1267 2923 Ἰουδαίων
1295 2873 1678 2943 ἑρμηνεύεται,
1696 2878 1859 2943 Νοῦς

270 2942 425 3007 ὀρῶν
456 2946 623 3000 Θεόν.
654 2953 738 3003 Οὐ
766 2953 875 3021 γὰρ
902 2958 1125 3023 πάντες
1154 2962 1209 3013 οἱ
1235 2960 1305 3025 ἐξ
1347 2962 1651 3031 Ἰουδαίας,
1692 2942 1857 3021 οὗτοι

262 3126 466 3193 τέκνα,
495 3132 661 3220 ,ἀλλ’
691 3136 760 3188 ἐν
800 3138 1008 3195 Ἰσαὰκ
1042 3143 1414 3211 κληθήσεταί
1437 3165 1537 3202 σοι
1571 3150 1809 3220 σπέρμα
1837 3169 1850 3182 ·

263 3216 423 3271 τοῦτ’
468 3219 660 3287 ἐστιν,
695 3229 767 3280 οὐ
805 3229 878 3282 τὰ
921 3236 1101 3287 τέκνα
1136 3234 1247 3303 τῆς
1286 3238 1727 3306 σαρκός,ταῦτα
1756 3242 1851 3295 τέ-

262 3324 380 3362 κνα
409 3313 581 3376 Θεοῦ,
616 3319 781 3390 φησὶν
819 3324 847 3375 6
880 3323 1042 3389 αὐτὸς
1079 3327 1401 3393 Ἀπόστολος
1428 3347 1443 3360 ο
1491 3334 1586 3385 καὶ
1636 3334 1797 3389 πάλιν
1820 3338 1849 3390 6

263 3401 469 3472 Κύριος
493 3408 551 3459 ἐν
580 3410 931 3480 Εύαγγελίοις
958 3418 1114 3488 φησὶ,
1145 3422 1370 3476 Πολλοὶ
1394 3424 1624 3492 κλητοὶ,
1652 3425 1850 3481 ὡσανεὶ

278 3495 611 3566 Ἰσραηλῖται
658 3506 753 3558 καὶ
794 3508 1141 3579 Χριστιανοί⁹
1198 3514 1387 3585 ὀλίγοι
1437 3516 1505 3569 δὲ
1552 3519 1846 3585 ἐκλεκτοὶ,

259 3591 461 3648 ὡσανεὶ
498 3595 548 3647 οἱ
588 3596 907 3668 σωζόμενοι.
955 3602 1141 3657 Ὅταν
1174 3600 1289 3659 οὖν
1321 3607 1387 3659 τὸ
1418 3608 1709 3678 πλήρωμα
1734 3611 1851 3666 τῶν

259 3685 470 3754 ἐθνῶν,
496 3688 639 3743 τοῦτ’
670 3690 817 3743 ἔστιν
846 3694 878 3763 ἡ
915 3694 1196 3766 πάνδημος
1235 3697 1550 3769 Ἐκκλησία,
1581 3701 1847 3770 εἰσέλθῃ,

258 3778 502 3850 δηλονότι
536 3782 616 3845 εἰς
647 3782 826 3854 κρίσιν
849 3801 861 3813 ·
905 3786 1039 3840 τότε
1066 3786 1185 3853 πᾶς
1218 3788 1456 3857 Ἰσραὴλ
1486 3791 1534 3861 (6
1555 3791 1679 3856 νοῦς
1707 3793 1850 3865 ὀρῶν

256 3867 349 3922 τΰν
375 3869 549 3942 Θεὸν),
575 3872 711 3944 ὅπερ
737 3874 851 3927 ἐστὶ
892 3878 999 3939 πᾶς
1025 3876 1235 3947 βροτὸς,
1272 3878 1357 3931 διὰ
1390 3880 1624 3945 πίστεως
1646 3884 1738 3936 καὶ
1764 3886 1849 3938 εὐ·

260 3960 474 4027 σεϐείας
514 3964 712 4032 γνῶσιν
746 3966 884 4037 ἔχων
904 3967 1059 4033 Θεοῦ,
1092 3970 1453 4037 σωθήσεται.

1715 266 1963 328 DIALOG
1974 268 2062 328 US
2100 273 2191 329 ιν.

3462 288 3600 342 “90

2007 390 2135 443 tudo
2152 392 2387 461 gentium
2416 392 2653 463 ingressa
2677 397 2858 467 fuerit,
2882 408 3007 453 tunc
3024 402 3195 455 omnis
3225 400 3398 457 Israel
3418 420 3601 463 serva-

2005 481 2151 535 bitur
2168 486 2210 537 ’.

2638 623 2950 695 Responsio.

2069 749 2360 825 Nunquam
2391 760 2788 827 persuadebor,
2834 762 3053 822 Judmos
3086 770 3446 827 revocandos.
3489 772 3590 830 Ne—

1997 859 2104 913 que
2145 849 2289 900 enim
2342 849 2394 903 id
2449 854 2605 907 docet
2643 855 2927 921 Dominus,
2982 876 3160 930 neque
3202 864 3439 921 eximius
3496 868 3588 922 ille

1994 932 2311 1003 Apostolus,
2344 954 2442 1009 per
2472 958 2532 996 ea
2563 960 2686 1013 qua:
2722 956 2870 1003 recte
2893 952 3114 1019 quidem
3160 954 3229 1008 ab
3268 955 3401 1025 ipsis
3430 958 3577 1014 dicta

1995 1036 2142 1093 sunt,
2170 1030 2310 1084 male
2338 1044 2521 1087 autem
2548 1051 2577 1089 a
2614 1047 2661 1091 te
2694 1048 2806 1093 tum
2843 1041 3142 1106 intellecta,
3197 1053 3310 1098 tum
3348 1048 3580 1114 prolata.

1991 1113 2127 1171 Nam
2155 1123 2302 1189 quod
2351 1122 2490 1177 dixit
2539 1123 2830 1192 Dominus,
2876 1130 3143 1205 Quoniam
3194 1143 3243 1187 et
3282 1134 3421 1188 alias
3464 1151 3582 1190 oves

1989 1208 2175 1277 habeo,
2207 1222 2424 1269 constat
2462 1232 2563 1271 nos
2602 1218 2731 1283 dici,
2771 1222 2863 1290 qui
2889 1239 2994 1277 non
3028 1241 3219 1281 sumus
3237 1241 3304 1282 ex
3330 1243 3395 1283 eo
3426 1230 3578 1294 ovili,

1990 1310 2179 1370 utpote
2206 1303 2455 1373 Judaico,
2481 1324 2715 1377 quorum
2742 1313 2916 1382 prima
2953 1315 3054 1370 fuit
3074 1319 3449 1376 manifestatio
3475 1322 3582 1375 Do-

1988 1397 2152 1451 mini:
2184 1399 2705 1460 videlicetdivorum
2739 1410 3116 1478 apostolorum
3144 1453 3159 1475 ,
3193 1423 3394 1467 etcum
3442 1415 3577 1483 ipsis

1988 1499 2153 1560 atque
2185 1507 2282 1560 per
2330 1495 2482 1564 ipsos
2535 1513 2932 1556 conversorum
2964 1504 3202 1558 ﬁdelium
3236 1504 3572 1561 Judaeorum.

1984 1580 2239 1639 Nondum
2276 1589 2421 1641 enim
2462 1590 2512 1644 id
2564 1593 2710 1661 quod
2758 1578 2825 1647 ex
2868 1596 3121 1665 gentibus
3173 1608 3413 1664 constat,
3466 1598 3574 1655 fuit

1984 1687 2110 1733 ante
2142 1679 2435 1736 salutarem
2478 1685 2814 1753 passionem,
2864 1704 2929 1742 eo
2954 1691 3099 1759 quod
3130 1693 3372 1746 nondum
3425 1701 3575 1749 esset

1983 1770 2335 1839 praedicatum
2410 1776 2588 1839 nobis,
2640 1793 2818 1848 neque
2869 1781 3131 1850 baptizati
3190 1799 3439 1839 essemus
3474 1804 3487 1839 :
3518 1787 3568 1840 id

1981 1863 2127 1932 quod
2158 1874 2282 1934 post
2312 1870 2771 1926 resurrectionem
2802 1889 2899 1942 per
2922 1876 3203 1943 apostolos
3244 1892 3375 1933 suos
3406 1877 3569 1933 Chri-
3632 1954 3638 1961 ⁸

1981 1965 2099 2010 stus
2123 1956 2323 2025 effecit,
2372 1976 2586 2031 nosque
2618 1964 2688 2018 ad
2734 1965 2892 2021 ﬁdele
2934 1966 3251 2023 Judaeorum
3300 1971 3443 2026 ovile
3494 1973 3571 2027 si-

1978 2048 2095 2101 mul
2138 2049 2375 2117 induxit,
2411 2069 2717 2125 sumusque
2767 2073 2961 2113 omnes
3014 2060 3202 2116 ﬁdeles
3246 2078 3390 2118 unus
3435 2078 3566 2131 grex

1976 2139 2079 2193 sub
2107 2156 2218 2194 uno
2254 2151 2502 2211 pastore,
2537 2162 2755 2201 summo
2786 2149 3061 2216 pontiﬁce,
3109 2166 3437 2223 summoque
3472 2170 3570 2224 pa-

1974 2241 2123 2287 store
2154 2233 2376 2289 Christo
2410 2239 2551 2306 pasti
2582 2249 2637 2293 ct
2662 2241 2945 2295 custoditi.
2980 2240 3127 2297 Unus
3180 2245 3325 2299 enim
3374 2245 3563 2301 Domi-

1973 2339 2092 2385 nus,
2117 2341 2223 2377 una
2254 2326 2406 2395 ﬁdes,
2433 2345 2592 2381 unum
2624 2330 2910 2400 baptisma,
2933 2334 3114 2403 inquit
3146 2336 3214 2397 is,
3234 2337 3328 2405 qui
3360 2338 3563 2392 summi

1970 2417 2188 2483 quidem
2215 2420 2453 2487 pastoris
2483 2422 2810 2491 discipulus,
2861 2426 3108 2495 cujusvis
3134 2443 3265 2482 vero
3294 2430 3398 2484 sub
3422 2431 3562 2483 cmlo

1970 2508 2231 2577 magister
2261 2520 2365 2572 est,
2398 2512 2637 2568 eximius
2671 2514 2993 2584 Apostolus,
3030 2518 3123 2587 qui
3168 2518 3312 2573 idem
3341 2520 3558 2590 inquit;

1969 2595 2193 2661 Quando
2214 2602 2485 2669 plenitudo
2516 2605 2751 2673 gentium
2777 2607 3078 2674 intraverit,
3115 2619 3239 2662 tunc
3268 2612 3438 2665 omnis
3471 2611 3560 2665 Is-

1966 2688 2076 2741 rael
2104 2692 2459 2747 servabitur’.
2501 2692 2619 2749 Non
2664 2694 2882 2751 Judzeos
2932 2698 3080 2752 circa
3123 2701 3562 2754 consummatio—-

1964 2795 2086 2835 nem
2110 2784 2410 2839 servandos
2463 2795 2518 2839 et
2556 2788 2898 2843 revocandos
2956 2788 3297 2859 signiﬁcans,
3336 2792 3429 2844 sed
3460 2792 3553 2860 qui

1962 2887 2059 2940 per
2106 2875 2401 2943 puritatem
2454 2880 2655 2934 mentis
2686 2890 2741 2934 et
2774 2895 2871 2948 per
2904 2880 3066 2935 ﬁdem
3118 2881 3307 2936 vident
3352 2880 3549 2936 Deum.

1954 2963 2011 3019 ld
2044 2967 2189 3020 enim
2220 2983 2342 3023 esse
2403 2963 2670 3029 Israelem.
2702 2972 2771 3026 ab
2797 2973 3057 3027 omnibus
3085 2982 3253 3042 atque
3292 2974 3455 3028 etiam
3481 2974 3551 3029 ab

1954 3055 2091 3123 ipsis
2112 3056 2314 3115 Judaeis
2341 3063 2660 3131 exponitur,
2695 3062 2923 3117 Mentem
2951 3064 3213 3118 nimirum
3253 3073 3551 3117 cernentem

1961 3148 2150 3203 Deum.
2180 3151 2303 3205 Non
2337 3155 2476 3207 enim
2508 3172 2686 3209 omnes
2714 3157 2805 3225 qui
2843 3173 2907 3209 ea:
2942 3155 3167 3225 Israele,
3202 3166 3326 3210 sunt
3355 3157 3549 3218 Israel.

1960 3254 2123 3309 neque
2146 3243 2286 3311 quod
2335 3253 2458 3296 sunt
2504 3262 2678 3299 semen
2713 3245 3028 3313 Abraliami,
3058 3264 3233 3300 omnes
3258 3247 3360 3317 ﬁlii
3384 3258 3504 3301 sunt
3529 3263 3550 3301 :

1955 3334 2047 3388 sed
2091 3336 2146 3387 in
2188 3333 2379 3388 Isaaco
2427 3336 2704 3390 vocabitur
2734 3337 2830 3391 tibi
2870 3354 3044 3391 semen
3072 3354 3090 3391 :
3118 3338 3215 3391 hoc
3236 3348 3334 3405 est,
3370 3356 3473 3392 non
3508 3342 3549 3393 ii

1947 3426 2039 3494 qui
2063 3425 2165 3494 ﬁlii
2191 3428 2367 3478 carnis
2392 3435 2537 3491 sunt,
2584 3427 2743 3480 iidem
2771 3435 2820 3479 et
2854 3428 2956 3497 ﬁlii
2998 3427 3115 3493 Dei,
3172 3428 3350 3497 inquit
3402 3430 3544 3485 idem

1945 3516 2301 3585 Apostolus‘.
2331 3517 2645 3587 lterumque
2668 3517 2938 3573 Dominus
2972 3519 3152 3589 inquit
3192 3522 3245 3572 in
3296 3520 3545 3592 Evange-

1946 3605 2240 3660 lio:Multi
2280 3619 2401 3661 sunt
2454 3609 2648 3673 uocati,
2728 3618 2916 3678 utpote
2963 3608 3221 3664 Israelita
3268 3621 3321 3666 et
3384 3612 3543 3664 Chri-

1953 3700 2142 3763 stiani,
2168 3702 2327 3770 pauci
2354 3717 2471 3756 vero
2523 3702 2733 3768 electi“,
2761 3712 2946 3771 utpote
2980 3704 3054 3756 illi
3088 3704 3182 3773 qui
3225 3714 3536 3761 servantur.

1957 3790 2184 3855 Quando
2218 3793 2383 3862 igitur
2409 3791 2680 3861 plenitudo
2706 3795 2963 3862 gentium,
2998 3793 3102 3849 hoc
3128 3794 3538 3860 est,universos

1954 3884 2185 3952 populos
2213 3886 2495 3953 complexa
2525 3883 2789 3948 Ecclesia,
2818 3887 3119 3949 intraverit,
3162 3887 3215 3940 in
3263 3887 3533 3956 judicium

1952 3974 2239 4028 videlicet:
2276 3984 2399 4028 tunc
2432 3976 2605 4031 omnis
2642 3974 2839 4043 Israel,
2895 3993 3051 4031 mens
3082 3978 3331 4033 videlicet
3361 3976 3533 4033 Deum

1947 4082 2199 4134 cernens,
2224 4069 2329 4123 hoc
2348 4077 2451 4129 est,
2484 4070 2665 4123 omnis
2690 4069 2874 4131 homo,
2927 4084 3023 4138 per
3047 4069 3206 4125 tidem
3240 4079 3296 4127 et
3342 4071 3522 4142 pieta-

1945 4170 2053 4214 tcm
2094 4156 2183 4210 Dei
2210 4155 2570 4227 cognitionem
2597 4156 2821 4225 habens,
2848 4157 3021 4213 salvus
3041 4159 3161 4215 erit.

336 4335 347 4357 ί
379 4330 536 4390 Rom.
570 4350 645 4402 xi,
681 4336 775 4406 25,
799 4335 891 4390 26.
969 4337 987 4367 ³
1026 4336 1225 4408 Ephcs.
1265 4355 1342 4404 ιγ,
1508 4338 1530 4370 ⁸
1561 4338 1719 4397 Rom.
1758 4358 1833 4407 ix,
1865 4349 1870 4387 4

1973 4381 1985 4397 .
2062 4343 2082 4374 ⁵
2116 4340 2308 4396 Matth.
2336 4355 2426 4407 xx,
2463 4338 2559 4407 l6;
2592 4355 2733 4410 un,
2764 4340 2821 4396 4.
