4082 6206
391 216 460 273 59
1146 216 1204 270 S.
1243 212 1570 271 GREGORII
1596 212 1845 270 TIII‘ZOL.
1880 209 2250 268 CARMINUM
2293 207 2495 264 LIBER
2535 206 2596 263 II.
2643 205 3034 264 IIISTORICA.
3274 190 3277 193 I
3395 251 3405 259 .
3587 203 3655 263 60

1007 331 1119 400 ιιΕἏ
1149 335 1360 388 Ἀλλο.

404 430 469 482 Ἦ
496 427 686 500 Τριὰς.
713 427 779 497 ἥν
812 422 1123 489 ποθέεσκες,
1153 424 1287 496 ὁμὸν
1316 425 1497 490 σέλας.
1526 424 1588 478 ἓν
1623 441 1681 477 τε
1710 423 1981 495 σέϐασμα,

405 519 501 571 Ἐκ
534 513 664 587 νηοῦ
702 514 939 585 μεγάλου
975 530 1034 566 σε
1069 513 1205 583 πρὸς
1246 515 1473 585 οὐρανὸν
1511 516 1748 587 ἥρπασε,
1785 516 1981 576 Νόννα,

394 606 743 678 Εὐχομένην⁶
780 605 927 677 ζωῆς
953 604 1009 658 δὲ
1034 603 1186 668 τέλος
1216 605 1600 678 καθαρώτερον
1634 600 1809 676 εὗρες.

994 721 1126 786 μετ’.
1166 718 1368 773 Ἄλλο.

466 808 679 864 Οὖποτε
711 808 896 881 χείλεα
924 808 1083 880 μίξας
1112 808 1365 878 ἀνάγνοις
1393 809 1628 880 χείλεσιν
1663 809 1822 879 ἁγνὰ,

402 901 524 954 Οὐδ’
554 901 698 972 ἀθέῳ
738 900 963 971 παλάμῃ
1003 898 1252 971 καθαρὴν
1278 900 1416 973 χέρα
1454 901 1645 973 μέχρις
1679 901 1898 973 ἐδωδῆς,

404 990 594 1060 Μῆτερ
617 991 751 1061 ὲμή·
788 987 977 1059 μισθὸς
1001 987 1057 1040 δὲ
1089 988 1266 1041 λιπεῖν
1298 988 1409 1059 βίον
1438 992 1495 1043 ὲν
1529 990 1765 1044 θυέεσσι.

1007 1096 1119 1164 ιιΖκ
1170 1099 1361 1152 ’Ἄλλο
1372 1140 1383 1151 .

480 1188 743 1256 Ἀγγελος
771 1189 1014 1261 αἰγλήεις
1044 1207 1102 1244 σε
1133 1192 1436 1260 φαάντατος
1463 1192 1698 1262 ἥρπασε,
1724 1193 1921 1257 Νὸννα,

412 1280 579 1334 Ἔνθα
611 1279 729 1333 ποτ’
753 1280 1053 1354 εὐχομένην
1080 1282 1320 1355 καθαρὸν
1354 1283 1604 1354 μελέεσσι
1629 1284 1733 1355 νόῳ
1763 1303 1822 1339 τε
1840 1302 1853 1316 '

412 1373 521 1428 Kal.
547 1372 608 1427 τὸ
636 1372 734 1443 μὲν
759 1373 975 1445 ἥρπασε
1013 1377 1146 1439 σεῖο,
1183 1376 1245 1430 τὸ
1283 1377 1327 1429 δ’
1361 1375 1550 1430 ἐνθάδε
1587 1375 1815 1430 κάλλιπε
1851 1377 1987 1448 νηῷ.

2677 326 2803 393 kH'.
2852 327 3063 380 Ἀλλο.

2082 421 2228 493 Νηὸς
2253 420 2348 483 ὅδ’,
2375 421 2434 474 οὐ
2462 419 2573 493 γὰρ
2594 420 2724 491 ὅλην
2756 420 2965 474 Νόνναν
2992 416 3150 489 θέμις
3174 409 3273 486 ἦεν
3304 409 3515 485 ὲρύξαι,

2156 515 2349 585 Ψυχῆς
2375 515 2685 587 οἰχομένης,
2720 513 2915 585 μοῦνον
2943 512 3142 582 ἐπέσχε
3165 509 3355 580 δέμας,

2101 609 2185 673 Ὠς
2219 609 2380 663 πάλιν
2403 610 2677 681 ἐγρομένη
2708 608 3090 678 καθαρώτερον
3115 603 3265 658 ἐνθεν
3290 602 3457 674 ἁερθῇ

2151 697 2371 771 Σώματι
2396 699 2472 771 τῷ
2509 696 2727 770 μογερῷ
2756 696 2913 765 δόξαν
2943 694 3302 766 ὲφεσσομένη.

2659 812 2754 881 1.,Θ’
2763 850 2775 866 .
2816 813 3029 866 Ἀλλο.

2085 902 2255 975 Νόννη
2282 903 2585 959 Φιλτατίου.
2621 905 2733 957 Καὶ
2762 902 2866 957 ποῦ
2898 902 3062 967 Θάνε;
3091 900 3214 971 τῷδ’
3240 900 3318 953 ἑνὶ
3341 897 3475 970 νηῷ.

2156 995 2266 1049 Καὶ
2298 994 2449 1059 πῶς;
2482 995 2770 1067 εὐχομένη.
2803 978 3015 1065 Πηνίκα
3037 1009 3052 1057 ;
3078 990 3340 1062 γηραλέη.

2089 1085 2153 1136 Ὢ
2181 1083 2349 1138 κο.λοῦ
2378 1082 2593 1154 βιότοιο,
2623 1085 2717 1137 καὶ
2742 1083 2968 1151 εὐαγέος
2993 1082 3266 1136 θανάτοισι

2714 1197 2791 1249 P’.
2833 1196 3043 1248 'AJJo.

2089 1286 2332 1357 ’Δρματι
2360 1288 2459 1358 μὲν
2485 1287 2744 1358 πυρόεντι
2775 1286 2910 1358 πρὸς
2934 1283 3161 1357 οὐρανὸν
3201 1281 3386 1343 Ἠλίας
3411 1274 3574 1351 ἦλθεν
3592 1295 3606 1310 ο

2159 1379 2367 1434 Νόνναν
2397 1379 2440 1433 δ’
2467 1378 2767 1450 εὐχομένην
2793 1376 2995 1448 Πνεῦμ¹
3032 1374 3293 1430 ὑπέδεκτο
3320 1369 3485 1443 μέγα.

1828 1523 1988 1580 XCV.
2016 1526 2180 1580 Aliud
2201 1534 2242 1580 '.

979 1614 1223 1671 Trinitas
1250 1614 1365 1679 illa,
1403 1627 1567 1684 quam
1597 1613 1974 1686 desiderabas,
2010 1632 2179 1671 unum
2201 1615 2388 1686 jubar,
2414 1622 2468 1672 et
2497 1629 2602 1671 una
2632 1614 2893 1685 majestas
2919 1591 2925 1595 ’

902 1684 946 1756 E
974 1686 1172 1755 templo
1206 1699 1403 1756 magno
1433 1686 1486 1739 in
1520 1685 1718 1740 coelum
1755 1693 1809 1740 te
1838 1687 2039 1756 rapuit,
2072 1684 2286 1747 Nonna.

902 1754 1162 1811 Orantem
1187 1773 1201 1810 :
1238 1754 1364 1809 vita:
1392 1762 1573 1811 autem
1598 1756 1804 1811 exitum
1833 1754 2110 1826 puriorem
2142 1757 2339 1811 sortita
2370 1770 2452 1812 es.

1817 1851 2007 1910 XCVI.
2044 1852 2211 1907 Aliud
2228 1857 2270 1876 “

977 1942 1267 2017 Nunquam
1296 1944 1451 2017 labra
1478 1943 1746 2017 miscuisti
1779 1945 2012 2017 impuris
2042 1947 2203 2003 labiis
2234 1955 2409 2011 casta,

905 2013 1091 2088 Neque
1117 2013 1307 2087 gentili
1337 2014 1521 2070 manui
1550 2013 1994 2088 puram‘manum
2029 2033 2204 2088 usque
2231 2020 2295 2072 ad
2331 2019 2538 2080 cibum,

904 2085 1075 2141 Mater
1106 2085 1260 2140 mea:
1294 2100 1507 2141 merces
1537 2092 1718 2140 autem
1747 2085 1973 2155 liquisse
1999 2085 2164 2142 vitain
2197 2088 2341 2142 inter
2368 2102 2547 2142 sacra.
2613 2131 2619 2137 .

1796 2177 2002 2234 XCVII.
2037 2180 2201 2233 Aliud
2221 2182 2306 2234 “'.

977 2273 1218 2346 Angelus
1246 2274 1467 2331 radians
1499 2273 1878 2330 lueidissimus
1909 2282 1962 2331 te
1990 2275 2192 2346 rapuit,
2230 2275 2449 2342 Nonna,

907 2342 1006 2414 llic
1033 2342 1308 2413 quondam
1339 2353 1585 2401 orantem
1618 2358 1756 2414 pure
1782 2359 2011 2414 corpore
2037 2342 2092 2401 et
2116 2354 2298 2402 mente
2325 2363 2336 2398 :

908 2413 974 2468 Et
1004 2416 1106 2470 hoc
1135 2414 1354 2484 quidem
1388 2415 1465 2469 tui
1503 2413 1724 2485 rapuit:
1755 2413 1891 2469 illud
1923 2425 2105 2470 autem
2144 2417 2367 2488 reliquit
2394 2417 2618 2486 templo.

1546 2510 1760 2584 1156
1792 2511 2004 2584 1147
2030 2512 2264 2569 XCVIII.
2301 2513 2463 2568 Aliud

908 2601 1192 2671 Templum
1229 2602 1351 2664 hoc,
1383 2614 1491 2655 non
1522 2602 1669 2656 enim
1700 2610 1871 2655 totam
1903 2601 2151 2657 Nonnam
2186 2603 2268 2659 fas
2295 2612 2411 2659 erat
2442 2604 2697 2667 retinere,

980 2672 1175 2726 Anima
1207 2686 1450 2744 egressa.
1483 2673 1661 2726 solum
1696 2673 1923 2744 retinuit
1953 2690 2175 2744 corpus,

910 2740 981 2796 Ut
1010 2756 1203 2798 rursus
1228 2740 1463 2796 excitata
1499 2743 1698 2810 purius
1730 2742 1853 2796 inde
1880 2740 2183 2807 attollatur,

977 2811 1221 2880 Corpore
1255 2811 1500 2866 laborum
1537 2819 1797 2867 consorte
1826 2812 2053 2880 gloriam
2087 2815 2371 2868 indutura.

1818 2904 2007 2960 XCIX.
2039 2906 2200 2961 Aliud
2223 2908 2357 2961 “"2

908 3001 1103 3075 Nonne
1134 3000 1387 3075 Pliiltatii
1415 3002 1546 3056 tilia.
1588 3001 1781 3075 Et‘ubi
1810 3004 1977 3075 obiit?
2006 3004 2111 3059 hoc
2142 3004 2196 3059 in
2227 3004 2455 3075 templo.

987 3071 1052 3126 Et
1077 3072 1391 3142 quomodo?
1422 3087 1609 3127 orans.
1641 3070 1917 3138 Quando?
1949 3089 2109 3129 anus.

916 3141 961 3197 Ο
987 3141 1271 3213 pulchram
1300 3143 1490 3207 vitam,
1520 3149 1574 3197 et
1604 3143 1751 3211 piam
1787 3154 2017 3198 mortem
2043 3145 2057 3197 l

1816 3235 1880 3292 C.
1915 3237 2076 3290 Aliud
2098 3238 2249 3290 “⁶⁶“.

917 3330 1095 3400 curru
1128 3328 1345 3399 quidem
1378 3328 1537 3400 igneo
1563 3330 1618 3383 in
1645 3331 1843 3384 emlnm
1878 3330 2025 3386 Elias
2056 3331 2221 3386 abiit:

983 3398 1232 3453 Nonnam
1266 3398 1447 3454 autem
1475 3408 1720 3455 orantem
1748 3400 1988 3472 Spiritus
2021 3401 2262 3472 suscepit
2295 3415 2545 3473 magnus.

485 3537 503 3556 ⁶
527 3534 801 3605 Scriptum
828 3552 918 3591 an.
938 3537 1291 3594 Itur—Alias
1313 3539 1573 3595 Murator.
1596 3540 1719 3596 III.

414 3604 763 3661 57.i.—-Alias
786 3607 1048 3663 Murator.
1080 3609 1198 3663 115.

415 3674 679 3731 Murator.
712 3678 834 3733 115.

488 3789 672 3848 XCVI.
714 3793 930 3872 2_.Oi’)6'
960 3793 1151 3872 ἀθέῳ..
1183 3794 1368 3872 schol.
1401 3796 1635 3872 ἀπίστῳ,
1668 3799 1715 3872 ἢ
1748 3797 1990 3872 ἀπλύτῳ.

415 3860 708 3931 Nunquam
745 3862 933 3935 Nonna
966 3860 1184 3935 gentilis
1215 3864 1432 3921 femina:
1463 3860 1633 3923 etiam
1666 3860 1994 3924 honestissi-

416 3946 519 3987 ma:
554 3940 608 3987 et
646 3934 961 4007 propinquae
990 3936 1238 4007 manibus
1269 3951 1489 3990 manum
1532 3939 1809 4007 junxerat.
1855 3939 1991 3994 Vide

578 4018 737 4126 Ἦν,
758 4004 893 4061 alias
911 4021 1022 4070 xu,
1048 4007 1101 4060 in
1118 4004 1277 4061 Obitu
1298 4007 1489 4076 patris,
1512 4004 1644 4063 tom.
1668 4006 1709 4073 Ι,
1725 4023 1849 4080 pag.
1870 4012 1992 4074 555,

438 4089 452 4125 I
556 4109 572 4125 .
674 4113 690 4126 .

417 4086 572 4126 num.
604 4081 690 4127 10.

487 4141 695 4223 XCVII.
722 4143 757 4197 5
781 4143 890 4198 Kal
914 4143 981 4197 τὸ
992 4144 1134 4223 μέν.
1158 4153 1262 4223 etc.
1293 4144 1350 4204 Id
1375 4154 1479 4212 est,
1507 4149 1747 4204 animum
1773 4148 1991 4221 quidem

418 4216 848 4285 rap_ujt_,__eorpus
880 4229 1010 4269 vero
1042 4216 1279 4285 reliquit.

489 4280 778 4358 XCYIII.§
835 4280 1177 4352 Ἑτρομένηῖ
1223 4285 1297 4339 Ita
1332 4285 1466 4358 Reg.
1503 4288 1601 4344 99!
1651 4296 1705 4343 et
1739 4303 1861 4358 sup.
1894 4287 1991 4341 lin.

422 4350 707 4406 ἁνιστᾶσα.
740 4352 832 4408 Est
854 4350 1093 4424 syncope
1124 4350 1222 4424 pro
1248 4350 1594 4429 ὲγειρόμένη,
1622 4350 1997 4428 ὶηηυίιΜυνδ-

1792 3544 1830 3566 ’⁸
1858 3540 2133 3615 Scriptum
2160 3559 2251 3598 an.
2270 3545 2400 3615 574.
2426 3575 2495 3587 -
2515 3544 2668 3602 Alias
2693 3544 2953 3615 llIurator.
2991 3545 3113 3598 I12.

1275 3610 1361 3631 *η’
1403 3609 1685 3680 Scriptum
1709 3628 1798 3667 an.
1830 3609 2030 3669 374.:-
2048 3615 2196 3670 Alias
2231 3614 2495 3671 Murator.
2524 3615 2646 3670 111.

918 3680 1046 3703 mm
1079 3678 1356 3747 Scriptum
1389 3694 1481 3734 an.
1511 3678 1637 3736 574.
1676 3711 1736 3722 -
1765 3684 1918 3739 Alias
1950 3683 2218 3740 Murator.
2256 3687 2384 3742 116.

3192 3547 3251 3567 ⁸⁸·
3280 3544 3556 3615 Scriptum
3586 3560 3672 3598 an.

2725 3617 2841 3639 ...η
2871 3613 3147 3686 Scriptum
3176 3630 3266 3670 an.
3303 3613 3506 3670 574.——
3529 3616 3679 3671 Alias

2106 3802 2304 3856 torius.
2357 3798 2435 3853 Ex
2478 3799 2564 3853 his
2606 3797 2788 3854 verbis
2833 3797 2950 3852 erui
2987 3811 3147 3867 posse
3180 3796 3397 3867 videtur
3428 3795 3681 3852 Nonnam

2102 3871 2381 3936 humatam
2411 3868 2580 3921 fuisse
2602 3868 2654 3920 in
2683 3867 2905 3936 templo,
2933 3864 3022 3921 ubi
3043 3864 3279 3921 animam
3300 3866 3685 3930 emavit,hinc-

2100 3954 2207 4010 que
2247 3931 2512 4010 discimus
2547 3931 2998 4010 Christianorum
3045 3936 3315 4010 cadavera
3355 3939 3498 4010 intra
3536 3937 3684 4010 azdes

2102 4006 2581 4128 s'acrasécondendi
2602 4008 3054 4063 consuetudinem
3076 4007 3207 4063 olim
3233 4008 3496 4079 viguisse.
3535 4006 3680 4064 Edit.

2102 4094 2276 4128 εογου.
2309 4093 2395 4128 νη.

2102 4081 2395 4131 ἐργομένη.

2435 4145 2777 4200 Φιλτατιόυ.
2809 4144 3105 4216 Philtatius
3131 4155 3288 4216 pater
3304 4145 3511 4216 Nonnze
3541 4145 3679 4216 fuit;

2101 4231 2271 4277 quare
2307 4231 2417 4270 non
2441 4216 2642 4284 mirum
2674 4230 2772 4269 cur
2797 4230 2939 4284 saepe
2964 4213 3252 4270 Philtatios
3285 4215 3413 4269 alibi
3441 4213 3676 4284 laudavit

2102 4285 2437 4355 Gregorius.
2455 4282 2583 4355 Non
2600 4292 2781 4339 tamen
2806 4282 2965 4339 facile
2985 4286 3307 4355 dignoscere
3331 4283 3531 4354 possis,
3554 4283 3683 4352 quis’

2106 4356 2196 4410 ille
2224 4353 2517 4411 Pliiltatius
2539 4353 2744 4409 Nonum
2776 4362 2949 4423 pater.

1726 4474 2055 4534 METRICA
2087 4474 2387 4534 VERSIO.

1050 4588 1172 4628 XCV.
1220 4590 1399 4631 ALIUD.

815 4642 901 4713 (Α.
937 4641 1000 4699 Β.
1029 4644 1243 4697 Caillau
1278 4643 1599 4712 interprete.)

506 4730 631 4788 Hac
659 4742 844 4803 optata
873 4732 1053 4798 Trias,
1092 4748 1257 4787 unum
1290 4734 1473 4803 iubar,
1503 4748 1607 4787 una
1626 4739 1888 4803 potestas,

436 4801 494 4874 In
522 4801 718 4858 malum
748 4822 778 4858 e
807 4805 1006 4874 templo
1038 4804 1218 4873 rapuit
1250 4801 1322 4865 te,
1360 4802 1572 4874 Nonna,
1596 4801 1930 4872 precantem.
2008 4852 2015 4857 .

438 4873 692 4929 Sanctior
721 4875 851 4930 hinc
878 4875 1004 4929 vita:
1036 4874 1196 4929 ﬁnem
1229 4888 1289 4929 es
1320 4873 1517 4928 sortita
1549 4874 1790 4928 beatum.

1051 4981 1198 5021 XCVI.
1250 4980 1425 5019 ALIUD.

926 5034 1144 5106 (Eodem
1176 5033 1495 5103 interprete.)

504 5128 647 5182 Pura
677 5129 846 5183 labris
879 5141 1163 5198 nunquam
1187 5124 1598 5198 junxistilabra
1630 5123 1898 5194 profanis,

433 5199 705 5254 Gentilive
732 5213 951 5251 manum
984 5193 1199 5257 manui,
1223 5193 1473 5247 convivia
1498 5193 1755 5259 miscens,

434 5268 642 5323 Mater:
685 5277 738 5321 at
770 5267 823 5320 in
855 5267 1026 5321 sacris
1062 5267 1223 5317 vitam
1254 5263 1543 5319 exhalasse
1571 5280 1798 5322 corona.

1021 5370 1185 5414 κογιι.
1236 5369 1417 5410 ALIUD.

941 5424 1161 5498 (Eodem
1191 5426 1515 5498 interprete.)

504 5517 648 5574 Hine
677 5528 749 5591 te,
782 5517 996 5586 Nonna,
1030 5516 1155 5574 tulit
1185 5516 1528 5591 clarissimus
1561 5521 1789 5591 angelus
1817 5520 1967 5587 olim,

437 5589 681 5662 Corpore
699 5590 835 5662 dum
862 5606 1020 5662 puro,
1063 5603 1201 5662 pura
1229 5589 1357 5644 dum
1392 5601 1573 5662 mente
1602 5589 1863 5660 precaris.

440 5658 604 5730 quue
634 5660 710 5719 tui
740 5658 975 5733 rapiens,
1006 5658 1139 5718 illud
1164 5676 1322 5718 sacra
1355 5661 1470 5717 aede
1497 5658 1736 5732 reliquit.

2680 4584 2866 4624 XCVIII.
2923 4584 3105 4626 ALIUD.

2606 4638 2829 4710 (Eodem
2861 4639 3180 4711 interprete.)

2111 4730 2213 4787 Hic
2246 4732 2472 4792 Nonum,
2512 4746 2613 4785 nec
2640 4730 2786 4785 enim
2817 4737 2987 4785 totam
3021 4731 3256 4786 retinere
3285 4730 3501 4795 licebat,

2187 4801 2509 4870 Egrediente
2544 4801 2745 4865 anima,
2782 4801 2858 4855 nil
2893 4801 2998 4856 nisi
3031 4817 3233 4870 corpus
3266 4800 3443 4865 adest,

2115 4870 2315 4927 Purius
2342 4871 2469 4927 inde
2493 4871 2663 4926 retqu
2691 4879 2749 4924 ut
2777 4872 3097 4925 sustollatur
3124 4872 3190 4925 ad
3222 4886 3405 4936 auras,

2186 4941 2381 4997 Induat
2407 4950 2460 4998 et
2489 4942 2743 4997 decorem
2774 4941 2948 4995 fracta
2977 4941 3163 4997 labore
3186 4956 3335 4996 caro.

2617 5080 2621 5083 .
2732 5047 2878 5086 XCIX.
2923 5046 3106 5089 ALIUD.

2622 5101 2843 5172 (Eodem
2876 5100 3200 5173 interprete.)

2114 5194 2357 5250 Philtatii
2386 5193 2578 5249 Nonna
2608 5194 2742 5249 haec.
2787 5192 2884 5248 Ubi
2912 5193 3156 5248 deeidit?
3184 5190 3323 5245 .‘Ede
3353 5198 3590 5246 sacrata.

2186 5265 2305 5331 Qua
2336 5264 2584 5319 ratione?
2614 5262 3178 5332 Preeans.dTempore
3209 5262 3358 5330 quo?
3392 5259 3612 5332 Senior.

2116 5334 2161 5391 Ο
2193 5338 2357 5391 vitam
2392 5335 2696 5405 insignem!
2733 5331 3015 5385 Praeclarus
3045 5331 3077 5385 ο
3107 5346 3335 5386 munera
3368 5331 3595 5386 mortis!

2767 5437 2818 5476 C.
2864 5437 3045 5475 ALIUD.

2606 5489 2827 5560 (Eodem
2867 5491 3193 5562 interprete.)

2118 5585 2292 5659 lgnth
2322 5586 2522 5641 emtum
2548 5599 2717 5659 cursu
2751 5582 3074 5659 conscendit
3097 5582 3268 5659 Elias,
3404 5656 3413 5659 Α
3464 5650 3494 5659 υ

2190 5656 2446 5713 Orantem
2483 5663 2537 5709 at
2567 5653 2814 5710 Nonnam
2856 5651 3080 5708 Flamen
3121 5653 3187 5708 ad
3216 5659 3366 5708 astra
3398 5650 3545 5704 tulit.
