4082 6206
356 346 459 402 113

977 458 1111 513 NII'.
1150 458 1358 512 "Al-.10.

351 547 548 616 Τεῖχος
572 547 660 601 ὲνὶ
689 546 1044 617 προπύδεσσι,
1074 546 1167 600 καὶ
1189 547 1390 618 ὄρθιος,
1412 547 1779 604 ἔνθενέπειτα

422 639 669 702 ’Υπτιος
703 639 768 690 ὲκ
794 638 1034 706 λαγόνων
1060 639 1138 700 εἰς
1165 637 1224 690 ἓν
1244 637 1630 710 ἀγειρομένων,

353 729 574 798 Τύμὸος
603 728 726 799 ἔην,
753 726 1063 800 καθύπερθε
1086 727 1248 795 λόφου
1274 727 1453 796 λόφος.
1487 728 1644 781 Ἀλλὰ
1663 729 1715 782 τί
1738 729 1938 798 ταῦτας

420 819 597 873 Οὐδὲν
632 818 1005 890 χρυσοφίλοις,
1034 818 1088 871 οἵ
1115 819 1172 888 μ’
1201 817 1449 882 ὲτίναξαν
1480 819 1622 874 ὅλον.

963 931 1090 986 ΝΘ’.
1127 932 1190 1009 ᾊ
1200 935 1338 987 λλο.

355 1022 581 1093 Νεκρῶν
610 1021 789 1094 νεκρὰ
812 1021 963 1075 πέλει
991 1023 1085 1076 καὶ
1118 1024 1394 1094 μνήματα..
1423 1025 1522 1087 ’ος
1547 1025 1590 1079 δῖ
1621 1026 1893 1099 ἀνεγείρει
1929 1051 1934 1056 ·

425 1115 652 1186 τύμϐον
688 1114 1001 1186 ἀριπρεπέα
1031 1117 1098 1185 τῇ
1125 1114 1262 1179 κόνι,
1295 1117 1412 1168 τοῖα
1439 1116 1621 1171 πάθοι.

363 1209 427 1262 05
455 1207 562 1276 γὰρ
595 1206 668 1259 ἂν
700 1199 855 1268 οὗτος
886 1205 1026 1275 ἀνὴρ
1058 1203 1149 1256 τὸν
1177 1203 1308 1274 ἐμὸν
1335 1205 1502 1273 τάφον
1529 1206 1886 1275 ἐξαλάπαξεν,

426 1297 484 1349 Εἰ
515 1296 593 1366 μὴ
628 1293 836 1366 χρυσὸν
866 1292 1010 1364 ἔχειν
1040 1293 1241 1364 ἤλπετο
1273 1293 1338 1346 ἐκ
1364 1294 1588 1349 νεκύων.

996 1407 1072 1460 Ξ⁴.
1106 1407 1313 1460 Ἀλλο.

1522 343 1764 401 SECTIO
1795 345 1859 401 II.
1889 342 2408 401 EPEGRAMMATA.

1971 469 2011 528 Α
2111 463 2206 526 Τίς
2238 461 2458 532 χρόνοςς
2496 459 2724 531 ’Λρχαεη
2765 457 3003 530 σήματος
3028 456 3279 530 ὲργασῑη.

2041 555 2136 618 Τίς
2169 553 2225 606 δὲ
2255 555 2503 624 ἐνήρατο,
2528 551 2673 613 εἰπὲ,
2702 549 2894 619 φθόνος
2918 549 3072 615 τόδε;
3109 551 3303 620 Χεῖρες
3327 547 3543 619 ἁλιτραὶ

3497 335 3609 397 ιιι

2108 646 2147 698 Γ
2151 645 2371 708 είτονος.
2397 645 2483 706 Ὠς
2508 643 2560 696 τί
2590 643 2778 711 λάϐοις
2813 642 3026 714 Χρυσὸν
3055 641 3165 712 ἔχοι
3197 640 3432 712 σκοτίην.

2644 774 2766 831 ΞΜ.
2803 778 3013 830 Ἀλνῑο.

2043 891 2233 954 Ὅστις
2259 889 2390 958 ἐμὸν
2413 889 2565 961 παρὰ
2596 889 2745 960 σῆμα
2771 888 2959 960 φέρεις
2987 887 3144 948 πόδα,
3177 885 3286 938 ἴσθι
3315 901 3382 955 με
3406 883 3579 938 ταῦτα

2105 980 2210 1034 Τοῦ
2239 981 2659 1051 νεοκληρονόμου
2697 982 2853 1052 χερσὶ
2885 980 3104 1033 παθόντ’
3140 978 3363 1040 ἀδίκως.

2039 1074 2112 1126 Οὐ
2146 1072 2254 1142 γὰρ
2278 1071 2399 1142 ἔχον
2427 1071 2625 1142 χρυσόν
2651 1089 2710 1124 τε
2733 1073 2827 1125 καὶ
2850 1071 3108 1142 ἄργυρον,
3138 1069 3250 1122 ἀλλ’
3282 1066 3564 1138 ὲδοχήθην,

2112 1162 2317 1218 Κάλλεῖ
2352 1162 2681 1235 μαρμαίρων
2717 1162 3017 1216 τοσσατίων
3045 1159 3304 1229 λαγόνων.

2643 1297 2762 1356 EB’.
2795 1299 3006 1354 Ἄλλο.

2113 1413 2278 1483 Στῆθι
2300 1413 2490 1478 πέλας,
2508 1413 2602 1466 καὶ
2623 1411 2855 1466 κλαῦσον
2881 1408 3000 1462 ἰδὼν
3021 1408 3139 1462 τάδε
3164 1407 3313 1476 σῆμα
3333 1403 3612 1467 Θανύντος·

365 1501 477 1567 Τίς,
502 1502 687 1570 τίνοςς
717 1501 794 1556 Οὐ
825 1501 986 1572 κενεὴ
1013 1498 1186 1571 στήλη
1204 1513 1218 1526 ⁸
1246 1499 1354 1569 πρὸ
1381 1499 1490 1572 γὰρ
1515 1499 1683 1556 ὤλετο
1712 1502 1943 1574 τύμϐου.
2042 1505 2227 1558 Elaver.”
2249 1504 2342 1576 ἔην
2361 1521 2382 1536 ο
2409 1504 2503 1560 νῦν
2533 1502 2684 1576 (μὴν)
2719 1503 2775 1558 δὲ
2799 1501 2970 1572 τάφου
3000 1497 3296 1570 δηλήμονος
3320 1493 3510 1565 ἀώρδς

1785 1655 1966 1711 LVIII.
1995 1657 2158 1710 Aliud
2190 1660 2228 1713 ⁶.

864 1745 1061 1821 Murus
1087 1746 1141 1802 in
1171 1747 1373 1821 montis
1401 1747 1699 1821 radicibus,
1723 1757 1778 1804 et
1807 1758 2048 1815 erectus,
2081 1751 2212 1806 hinc
2237 1750 2498 1821 deinceps

933 1816 1174 1884 Supiuus
1196 1835 1261 1872 ex
1290 1819 1558 1874 lateribus
1593 1819 1647 1873 in
1683 1837 1850 1874 unum
1882 1822 2129 1876 collectis

865 1885 1135 1962 Turullius
1163 1903 1336 1953 eram,
1363 1889 1720 1962 collisusupra
1756 1891 1969 1962 collem.
2007 1889 2114 1946 Sed
2146 1891 2278 1962 quid
2307 1892 2459 1946 haec?

933 1955 1079 2013 Nihil
1104 1973 1298 2014 aurum
1323 1955 1654 2026 amantibus,
1683 1961 1778 2030 qui
1809 1977 1895 2016 me
1925 1969 2099 2016 totum
2130 1955 2516 2018 eicusseruut.

1781 2055 1918 2124 LIX.
1953 2057 2114 2112 Aliud
2140 2059 2203 2114 “.

865 2143 1201 2220 llo_rtuorum
1234 2153 1694 2220 mortuaAquoque
1727 2156 1855 2220 sunt
1886 2156 2262 2220 monumenta.
2296 2148 2402 2216 Qui
2432 2158 2613 2204 autem
2644 2149 2802 2220 erigit

934 2213 1223 2290 Tumulum
1261 2213 1621 2290 magnificum
1635 2217 1827 2290 cineri,
1857 2221 1983 2274 talia
2017 2219 2272 2290 patiatur.

866 2283 995 2358 Non
1019 2286 1166 2358 enim
1195 2285 1299 2340 iste
1312 2283 1410 2358 _vir
1440 2303 1620 2340 meum
1659 2289 1974 2358 sepulcrum
2009 2283 2300 2355 {'astasset,

939 2354 1050 2410 Nisi
1080 2369 1274 2410 aurum
1310 2355 1516 2412 habere
1545 2354 1826 2428 sperasset
1859 2375 1925 2414 ex
1961 2361 2215 2416 mortuis.

1787 2447 1899 2506 LX.
1938 2449 2100 2504 Aliud
2138 2452 2226 2504 “'.

865 2538 1021 2610 Quis,
1053 2536 1249 2610 cujus?
1276 2537 1407 2593 Non-
1427 2538 1610 2610 inanis
1636 2539 1828 2610 cippus
1855 2559 1868 2595 :
1900 2548 2026 2597 ante
2053 2540 2198 2595 enim
2229 2541 2498 2595 tumulum
2521 2557 2746 2597 eversus
2778 2551 2863 2597 cst

937 2607 1222 2674 Quodnam
1243 2609 1503 2680 tempus?
1529 2607 1767 2680 Antiqua
1801 2618 1886 2680 est
1916 2612 2255 2666 monumenti
2288 2620 2590 2668 structura.

866 2678 1002 2745 Quis
1030 2687 1211 2734 autem
1241 2679 1342 2733 hoc
1372 2679 1510 2732 livor
1540 2678 1786 2744 sustulit,
1819 2679 1949 2734 dic?
1984 2680 2176 2734 Manus
2206 2681 2451 2735 scelesta:

945 2739 1134 2804 Vicini.
1170 2748 1239 2805 Ut
1269 2748 1401 2820 quid
1430 2755 1680 2820 caperet?
1708 2739 1782 2804 Ut'
1815 2765 2010 2804 aurum
2046 2750 2269 2806 haberet
2297 2750 2352 2804 in
2384 2749 2625 2807 tenebris
2650 2751 2950 2806 conditum.

1743 2839 1878 2897 LXI.
1929 2842 2092 2896 Aliud
2133 2843 2238 2896 “⁶⁶.

870 2939 1197 3008 Quicunque
1225 2947 1406 3008 meum
1445 2935 1511 2991 ad
1547 2937 1816 2992 tumulum
1849 2936 1958 2992 fers
1989 2936 2202 3007 pedem,
2239 2946 2378 2994 scuo
2407 2953 2494 2994 me
2529 2937 2643 2993 haec

939 3007 1072 3062 Novi
1098 3005 1326 3078 baeredis
1354 3008 1605 3078 inanibus
1635 3023 1857 3078 passum
1890 3005 2112 3074 injuste.

873 3075 1326 3151 1190-1191
1369 3075 1658 3151 Nonenim
1698 3078 1958 3132 habebam
1991 3091 2184 3151 aurum
2213 3088 2267 3134 et
2304 3085 2609 3151 argentum,
2646 3078 2740 3134 sed
2780 3077 2930 3135 visus
2969 3093 3088 3134 sum
3120 3078 3339 3146 habere,

987 3149 1358 3204 ulcbritudiuc
1387 3148 1644 3204 renidens
1666 3156 1940 3202 tantorum
1975 3149 2274 3218 parietum.

1735 3243 1894 3297 LXII.
1928 3244 2092 3298 Aliud
2114 3247 2251 3300 “‘“.

948 3335 1092 3391 Siste

1163 3335 1357 3390 radum
1389 3335 1634 3404 propius,
1666 3343 1722 3388 et
1750 3336 1872 3405 lnge
1911 3335 2131 3391 intuens
2159 3336 2263 3391 hoc
2301 3343 2714 3393 monumentum
2755 3335 2992 3402 mortui;

873 3405 1180 3476 Aliquando
1212 3421 1405 3472 eram;
1441 3421 1588 3460 nunc
1615 3415 1797 3460 autem
1839 3407 2076 3476 sepulcri
2109 3407 2296 3462 miseri
2332 3408 2434 3461 viri

450 3556 906 3615 ‘AliasMurator.
932 3558 1052 3614 148.

387 3623 644 3683 lluralor.
677 3629 798 3684 152.

1126 3565 1166 3582 ’⁸
1181 3560 1332 3616 Alias
1354 3558 1618 3614 Murator.
1642 3559 1764 3613 ΗΟ.

449 3784 632 3858 LXIII.
745 3787 1168 3858 Χρυσοςρίλοις.
1204 3786 1306 3842 Ms.
1347 3785 1724 3858 χρυσοφίλαις.

450 3855 557 3910 LX.
593 3858 613 3910 Ι
660 3853 1006 3923 Hamae,-
1036 3853 1399 3927 Dialogismus
1429 3853 1609 3912 estin
1654 3869 1762 3927 quo
1790 3853 1958 3927 verba

387 3924 571 3998 Graeca
594 3967 611 3998 ,
646 3943 754 3980 non
796 3928 850 3980 in
879 3943 989 3982 uno
1020 3924 1276 3998 corrupta
1299 3929 1438 3994 loco,
1458 3927 1636 3981 locum
1659 3926 1958 3980 divinatio-

383 3997 537 4051 uibus
571 3997 791 4058 dedere,
823 3997 999 4066 inquit
1033 3997 1382 4052 Muratorius.

423 4066 594 4174 (LXI.
635 4070 659 4121 t
699 4068 921 4137 Φέρεις.
955 4067 1011 4122 In
1035 4069 1419 4139 manuscriptis
1447 4067 1729 4123 codicibus
1763 4066 1959 4137 legitur

382 4154 556 4202 esset.

495 4205 616 4260 XII.
644 4206 682 4260 2
723 4205 941 4275 Τάφου.
991 4205 1091 4262 Ms.
1132 4207 1324 4276 τάφον.
1355 4222 1455 4277 pro
1499 4222 1608 4276 quo
1633 4207 1812 4277 posuit
1841 4204 1960 4258 Mu-

383 4280 624 4332 ratorius
654 4278 846 4344 τάφου,
877 4292 974 4348 nec
1005 4277 1295 4348 immerito.
1315 4277 1580 4348 Loquitur
1605 4277 1867 4341 tumulus,
1902 4282 1957 4329 et

383 4348 561 4416 inquit
594 4364 652 4402 se
679 4349 807 4401 ohm
838 4347 938 4401 viri
971 4348 1172 4400 mortui
1225 4347 1394 4403 fuisse
1415 4347 1873 4409 monumentum,
1902 4352 1958 4397 at

381 4432 526 4473 nunc
572 4433 633 4474 se
675 4432 799 4474 esse
835 4416 1072 4472 infelicis
1106 4424 1319 4472 tantum
1359 4419 1596 4489 sepulcri
1636 4431 1958 4472 monumen—

1920 3560 2070 3618 Alias
2096 3560 2359 3618 Μανίλιον.
2379 3562 2506 3618 150.

2580 3561 2834 3618 “"Alias
2850 3561 3112 3617 Murator.
3145 3561 3268 3617 151.
3345 3561 3451 3584 ’⁸⁸⁸⁸
3472 3559 3621 3614 Alias

2062 3795 2200 3857 tum.
2238 3782 2468 3857 Quodsi
2503 3783 2889 3857 meaquovog
2925 3782 3300 3857 interpretaris
3327 3784 3627 3854 perditissi-

2062 3855 2136 3908 mi
2164 3871 2225 3907 ac
2265 3855 2455 3924 nefarii
2492 3855 2613 3918 viri,
2641 3853 2651 3857 ⁷
2675 3853 2869 3910 sensus
2919 3856 3024 3909 erit
3051 3853 3231 3909 :Olim
3264 3857 3504 3910 testabar
3535 3857 3625 3911 hic

2064 3924 2335 3996 hominem
2363 3924 2545 3993 jacere
2596 3927 2898 3996 sepultum;
2925 3925 3341 3996 nuncdejectns
3374 3927 3625 3996 iviatores

2063 4009 2260 4049 moneo
2288 3995 2356 4050 de
2381 3995 2699 4050 exsecrabili
2739 3995 3017 4050 effossoris
3063 3994 3322 4050 facinore.
3371 3995 3449 4050 Ita
3509 3995 3628 4049 Mu-

2063 4065 2324 4122 ratorius.
2359 4093 2432 4106 —
2473 4063 2747 4134 Quidquid
2808 4066 2900 4129 sit,
2965 4076 3171 4120 cerlum
3207 4075 3289 4118 est
3332 4065 3418 4120 hic
3445 4067 3628 4120 inesse

2063 4134 2317 4188 mendum
2347 4136 2598 4205 aliquod,
2621 4150 2742 4188 cum
2765 4151 2962 4205 rversus
2989 4134 3261 4190 secundus
3290 4150 3395 4188 una
3419 4137 3626 4205 syllaba

2063 4205 2278 4259 deﬁciat
2304 4222 2318 4258 :
2343 4204 2527 4258 Εἴποτ⁹
2577 4203 2691 4274 ἔην,
2725 4204 2820 4257 νῦν
2851 4205 2906 4258 δὲ
2944 4205 3133 4274 τάφου,
3162 4213 3292 4266 etc.,
3314 4205 3399 4258 cui
3430 4203 3627 4259 mendo

2064 4281 2124 4328 ut
2163 4289 2506 4328 occurrerem
2539 4275 2860 4344 expletivam
2895 4275 3035 4328 intra
3073 4275 3438 4344 parenthesim
3471 4274 3628 4344 posui

2066 4344 2238 4415 (μήν).
2259 4344 2410 4398 Adde
2435 4343 2580 4413 quod
2632 4345 2862 4399 libenter
2889 4344 3215 4415 crediderim
3257 4346 3415 4400 aliter
3441 4343 3630 4414 dispo-

2063 4414 2302 4468 nendum
2329 4429 2452 4471 esse
2483 4423 2811 4485 punctorum
2842 4414 3089 4471 ordinem
3144 4414 3219 4470 ita
3258 4422 3318 4470 ut
3365 4416 3420 4470 in
3451 4417 3629 4486 primo

1683 4554 2014 4614 METRICA
2039 4552 2336 4613 VERSIO.

974 4698 1130 4739 LVIII.
1172 4697 1353 4740 ALIUD.

765 4774 853 4845 (Α.
886 4773 950 4830 Β.
985 4774 1198 4828 Caillau
1242 4773 1567 4842 interprete.)

385 4865 591 4922 Montis
620 4865 673 4920 in
709 4867 970 4922 extremis
1000 4882 1190 4920 murus
1223 4873 1352 4927 stat,
1379 4864 1576 4919 deinde
1611 4863 1842 4933 supinus

453 4941 595 4992 Cum
627 4952 856 5005 surgens
889 4937 943 4990 in
975 4936 1116 4991 idem
1149 4937 1321 4990 tendit
1351 4945 1643 5005 utrumque
1665 4935 1837 5005 latus,

387 5005 621 5078 Ilngnus
646 5003 794 5078 era'm
821 5009 1036 5076 cippus,
1074 5007 1342 5075 collisque
1375 5005 1430 5059 in
1463 5003 1622 5078 colle.
1651 5003 1793 5078 Quid
1819 5003 1980 5059 ista!

454 5073 552 5132 Nil
575 5077 813 5148 cupidis,
840 5073 1072 5148 quorum
1102 5092 1188 5131 me
1216 5073 1411 5131 manus
1433 5073 1542 5147 egit
1577 5074 1746 5128 humi.

1008 5179 1121 5218 LIX.
1163 5177 1348 5218 ALIUD.

880 5254 1100 5328 (Eodem
1149 5253 1468 5326 interprete.)

388 5344 451 5400 Et
476 5346 862 5401 defunctorum
895 5347 1088 5401 tumuli
1120 5348 1349 5416 periere.
1377 5345 1699 5416 Sepulcrum

462 5416 808 5488 Magniﬁcum
845 5418 1013 5473 cineri
1048 5415 1139 5487 qui
1171 5418 1320 5477 facit,
1351 5417 1452 5470 ista
1482 5415 1640 5470 ferat.

392 5482 641 5556 Namque
671 5503 848 5541 meum
870 5482 1146 5556 nunquam
1171 5488 1389 5540 bustum
1413 5492 1684 5541 vastasset
1713 5483 1956 5555 iniquus,

461 5555 531 5610 Ni
569 5556 708 5612 lucri
739 5558 916 5628 gelido
946 5555 1073 5627 spes
1101 5558 1238 5612 foret
1262 5571 1326 5611 ex
1360 5556 1563 5611 cinere.

1025 5663 1114 5701 LX.
1156 5662 1332 5702 ALIUD.

889 5719 907 5788 ξ
917 5717 1108 5771 Eodem
1145 5716 1468 5786 interprete.)

399 5808 568 5876 Quis,
599 5807 798 5880 cujus?
820 5808 938 5866 Non
965 5825 1099 5866 vana
1128 5808 1265 5875 fuit,
1305 5809 1521 5864 bustum
1552 5814 1675 5863 ante
1705 5806 1959 5863 columna

1990 4687 2034 4742 Β
2137 4676 2345 4732 Diruta.
2383 4676 2514 4744 Quae
2541 4676 2739 4730 tumuli
2768 4676 3052 4744 tempora?
3076 4676 3271 4730 Forma
3300 4685 3418 4731 vetu

2061 4745 2196 4814 Quis
2227 4748 2349 4801 tulit
2373 4748 2519 4802 hunc
2544 4746 2720 4804 livor?
2751 4745 2931 4800 Vicini
2958 4745 3147 4800 dextra
3178 4747 3418 4800 scelesti.

2383 4676 2514 4744 Quae
2541 4675 2739 4730 tumuli
2768 4675 3052 4744 tempora?
3076 4673 3271 4730 Forma
3300 4685 3475 4731 vetus.

2126 4816 2194 4872 Ut
2219 4817 2350 4888 quid
2381 4818 2634 4874 haberet!
2669 4816 2834 4887 Opes,
2865 4831 3004 4886 quas
3039 4830 3174 4870 cava
3200 4817 3342 4871 celat
3371 4817 3594 4874 humus.

2690 4945 2801 4983 LXI.
2842 4942 3022 4984 ALIUD.

2547 5019 2772 5088 (Eodem
2811 5020 3135 5090 interprete.)

2060 5141 2235 5198 Istum
2259 5137 2512 5208 quisquis
2543 5136 2662 5192 adis
2687 5137 2982 5208 tumulum,
3014 5151 3100 5191 me
3129 5137 3265 5190 scito
3291 5137 3526 5192 recentis

2137 5207 2375 5265 Ausibus
2409 5207 2638 5264 bairedis
2664 5217 2814 5262 tanta
2849 5207 3042 5262 tulisse
3075 5208 3237 5260 mala.

2065 5280 2184 5338 Non
2212 5295 2404 5334 aurum
2430 5279 2577 5333 intus
2595 5278 2823 5341 habens,
2853 5277 3056 5332 frustra
3083 5292 3204 5330 sum
3228 5277 3379 5332 visus
3405 5277 3626 5346 habere,

2138 5352 2220 5408 Ad
2255 5352 2463 5408 celsum
2485 5349 2681 5404 tollens
2711 5349 2913 5404 mmnia
2938 5346 3163 5418 pulchra
3186 5348 3391 5418 polum.

2683 5478 2813 5517 LIII.
2854 5477 3034 5516 ALIUD.

2571 5553 2796 5626 (Eodem
2823 5554 3117 5620 interprete.
3127 5573 3144 5619 ν

2137 5663 2501 5737 Sis'propius,
2529 5665 2790 5736 pluraque
2831 5663 3039 5718 videns.
3074 5659 3300 5715 Sacrum
3344 5671 3502 5737 antea
3530 5664 3631 5720 bu.-

2069 5804 2318 5863 Dcfuncti
2348 5806 2560 5862 stabam
2601 5823 2615 5863 :
2651 5803 2837 5862 miseri
2873 5819 2993 5860 sum
3027 5805 3186 5863 tri’ste
3221 5733 3542 5877 sepullgilfi“1L
