4082 6206
479 320 573 375 151
1299 317 1642 374 APPENDIX
1681 319 1771 372 AD
1813 319 1871 373 S.
1916 317 2248 374 GREGORII
2290 317 2542 373 TIIEOL.
2584 315 2913 373 CARMINA.

2082 442 2126 495 Α
2157 436 2360 507 Πέτρος
2389 436 2433 489 δ’
2471 438 2500 488 ὁ
2532 434 2739 496 κλεινὸς
2768 433 2861 486 καὶ
2890 432 3065 497 λόγοις
3094 427 3372 484 ἁπείπετο.

489 438 641 493 Ἐπεὶ
671 438 725 489 δὲ
768 436 996 505 μύσταις
1029 435 1177 488 ταῦτ’
1212 435 1449 506 ὲνηχὴϐη
1486 434 1671 500 ξένως,

476 528 641 580 Ἤκει
684 524 818 595 πρὸς
850 524 1049 587 αὐτοὺς
1076 526 1133 577 ὲν
1162 524 1312 594 τόπῳ
1339 523 1434 577 τοῦ
1461 525 1751 595 χειμάρου,

478 618 582 672 1⁸75
626 617 768 686 Πρὸς
802 615 997 685 κῆπον,
1033 609 1126 685 ἧχι
1158 613 1419 677 πολλάκις
1461 616 1745 684 συνήγετο,

482 708 578 760 Ὃν
612 706 719 759 οὐδ’
752 708 780 758 ὁ
811 707 1023 776 πρὰτης
1054 703 1283 771 ἀγνοῶν,
1307 703 1517 757 νυκτῶν
1554 705 1718 773 μέσον

481 798 771 868 Ἕφθασεν,
808 798 960 869 ὄχλον
992 798 1098 849 τῶν
1140 797 1436 867 μιαιφόνων
1469 797 1638 864 ἄγων,

476 890 919 961 Ξιφηφοροῦντας
959 891 1052 942 καὶ
1083 889 1411 960 φρονοῦντας
1444 890 1502 943 ἐν
1533 889 1755 960 θράσει·

482 984 579 1045 Ὃς
611 982 705 1034 καὶ
735 980 997 1052 προσιὼν,
1029 981 1104 1046 ὡς
1136 982 1307 1050 φίλος,
1339 983 1673 1055 Διδασκάλῳ,

478 1073 582 1128 180
640 1073 826 1139 Ῥαϐὶ,
858 1072 1192 1142 προσειπὼν,
1220 1074 1395 1142 zai'p‘,
1432 1075 1607 1144 ἐφίλει
1635 1076 1971 1147 δυστρόπως.

481 1166 676 1218 Θεοτό.
711 1162 835 1228 Φεῦ,
870 1162 1005 1231 φεῦὶ
1039 1163 1092 1216 τί
1118 1167 1297 1235 χεῖρον
1334 1164 1488 1219 τοῦδε
1519 1166 1809 1237 τολμήσειέ
1834 1182 1951 1229 τις;

479 1256 543 1308 Τί
570 1255 699 1323 γοῦν
727 1255 863 1327 πρὸς
893 1254 1055 1307 αὑτὸν
1086 1256 1357 1326 ἀντέφησε
1387 1257 1522 1319 Παῖς
1552 1256 1716 1325 ὲμός;

483 1350 637 1417 Ἀγσγ.
667 1347 779 1400 Οὐκ
803 1343 954 1400 εἶπεν
974 1348 1145 1415 οὐδὲν,
1179 1349 1319 1418 πλήν
1337 1366 1351 1379 θ
1405 1348 1631 1416 Ἑταῖρ’,
1655 1347 1745 1416 ἐφ’
1775 1346 1821 1411 ᾧ
1844 1346 2014 1416 πάρει
2038 1364 2056 1412 ;

483 1440 666 1508 Ἀφαρ
703 1438 747 1492 δ’
786 1438 973 1492 ἔϐαλον
1001 1442 1190 1510 χεῖρας
1213 1442 1263 1494 οἱ
1311 1440 1601 1511 μιαιφόνοι.

487 1529 584 1583 185
614 1531 827 1601 Ἀμμες
857 1531 902 1583 δ’
932 1531 1159 1599 ἀφέντες
1198 1531 1356 1594 ἄλλος
1383 1532 1515 1603 ἄλλῃ
1548 1532 1838 1601 φεύγομεν.

2159 527 2329 588 Μόνος
2356 527 2399 579 δ’
2439 524 2749 596 ὲπιστήθιος
2779 524 2949 576 εἵπετ’
2984 521 3249 592 ἀτρέμας,

2160 618 2344 682 Ἔδοξε
2376 617 2421 670 δ’
2453 617 2616 679 αὐτὸς
2650 616 2755 669 ὑπό
2795 632 2886 667 του
2927 613 3245 676 πεπυθὲναι,

2157 707 2290 777 Σιγῇ
2322 705 2591 774 λέγοντος,
2619 705 2694 767 ὼς
2729 702 2865 772 πρὸς
2894 702 3051 755 αὑτὸν
3084 701 3261 773 ἠρέμα

2156 798 2257 855 190
2299 798 2402 851 Τὸν
2429 796 2725 866 δύστροπον
2757 794 2966 864 πράτην
2997 810 3061 862 γε
3088 792 3180 845 τοῦ
3210 788 3541 843 Διδασκάλου
3562 804 3577 819 ο

2245 910 2263 941 ‹
2298 888 2410 959 Τῆς
2442 887 2722 949 ἀσεϐείαςε
2758 880 2802 938 ὦ
2833 884 2968 948 τὰλ’,
3003 884 3063 936 οὐ
3101 882 3237 951 φοϐῇ
3285 880 3449 945 Θεόνς

2157 983 2232 1035 Οὐ
2264 980 2462 1050 Οεσμὸν
2493 979 2613 1050 αἰδῇ
2647 978 2754 1031 τῶν
2790 974 2994 1047 βροτῶν
3028 973 3127 1042 τῆς
3158 970 3379 1036 οὐσίαςς

2169 1074 2339 1143 Ἀδάμ
2368 1089 2427 1124 τε
2458 1070 2550 1123 τὸν
2582 1069 2879 1139 σπείραντα
2908 1065 3115 1134 γηγενῆ
3150 1064 3367 1132 στάχυν,

2156 1165 2267 1217 Καὶ
2307 1162 2649 1233 πατριάρχας
2678 1157 3068 1227 ὲκλελεγμένου
3107 1154 3328 1222 γένους;

2162 1256 2262 1310 195
2310 1252 2537 1323 Μύστης
2575 1250 2784 1320 φανεὶς,
2831 1250 2895 1302 σὺ
2930 1244 3291 1318 συμμαθητάς
3323 1240 3630 1313 αῑσχύνειςο

2159 1347 2263 1399 Τὸν
2293 1343 2667 1412 Μυσταγωγὺν
2688 1384 2703 1409 ,
2736 1340 2837 1410 φεῦ
2866 1342 2878 1393 l
2915 1338 3144 1410 προδοὺς
3170 1333 3431 1406 ἀργυρίου

2158 1435 2485 1508 Προύδωκας
2513 1432 2674 1487 αὑτὸν
2709 1434 2788 1494 εἰς
2822 1429 2978 1499 φόνον
3026 1428 3348 1498 μιαιφόνοις.

2162 1528 2277 1580 υύκ
2307 1523 2479 1589 εἶπεν,
2513 1525 2571 1578 ού
2619 1523 2717 1593 σῆς
2757 1522 3094 1592 προνοήσατο
3134 1514 3349 1589 φρενὸς,

984 1769 1118 1841 Qum
1156 1778 1344 1841 autem,
1370 1770 1484 1841 haec
1519 1770 1743 1841 insolito
1782 1770 1945 1824 modo
1983 1770 2381 1841 discipulorum
2418 1781 2580 1823 aures
2608 1762 2995 1835 perculissent,

985 1838 1145 1893 Venit
1174 1854 1298 1892 cum
1334 1839 1464 1901 illis,
1500 1840 1565 1893 ad
1596 1841 1775 1893 locum
1812 1840 2092 1901 torrentis,

984 1909 1088 1979 175
1120 1908 1200 1962 Ad
1239 1910 1478 1972 hortum,
1505 1925 1614 1979 quo
1642 1910 1841 1978 saepius
1867 1925 1926 1963 se
1955 1910 2295 1971 conferebat,

982 1978 1152 2042 Quem
1189 1978 1332 2032 haud
1360 1978 1613 2034 nesciens
1646 1979 1896 2033 venditor
1923 1979 2100 2033 media
2133 1988 2292 2035 nocte

983 2047 1286 2119 Prmvertit,
1320 2063 1511 2119 agmen
1544 2050 1903 2119 scelestorum
1931 2048 2158 2116 ducens,

986 2117 1249 2187 Sicarios,
1289 2126 1345 2172 et
1363 2117 1663 2172 audaciam
1699 2117 1971 2187 spirantes
2009 2138 2020 2173 :

983 2185 1086 2257 Qui
1116 2196 1169 2257 et
1192 2187 1480 2251 accedens,
1517 2197 1576 2257 ut
1600 2185 1830 2251 amicus,
1858 2188 1924 2240 ad
1957 2188 2293 2257 Magistrum,

986 2256 1086 2309 180
1128 2256 1323 2311 [licens
1355 2275 1367 2309 :
1400 2257 1506 2309 Ave
1538 2256 1728 2318 Rabbi,
1761 2272 1885 2310 eum
1920 2252 2223 2311 oscultatus
2252 2265 2337 2309 est
2368 2252 2589 2323 perﬁde.

989 2324 1339 2395 Qeip.Eheu,
1371 2326 1544 2380 eheu!
1591 2325 1722 2395 quid
1750 2326 1991 2395 atrocius
2021 2326 2146 2395 quis
2176 2339 2346 2395 ausus
2370 2321 2610 2379 fuisset?

985 2392 1791 2476 Ecquiduadnhuncrespondit
1822 2392 1990 2476 Filius
2026 2392 2220 2476 meus?

988 2462 1156 2534 Nunt.
1190 2463 1336 2518 Nihil
1368 2465 1530 2527 dixit,
1565 2462 1672 2519 nisi
1710 2484 1723 2518 :
1756 2465 1950 2528 Amice,
1988 2465 2057 2517 ad
2084 2465 2210 2534 quid
2246 2463 2473 2517 venisti?

985 2533 1291 2602 Statimque
1328 2534 1429 2602 ipsi
1463 2550 1657 2589 manus
1685 2535 1987 2601 iniecerunt
2020 2534 2295 2589 scelerati.

986 2602 1089 2673 185
1112 2601 1223 2658 Nos
1263 2601 1466 2665 autem,
1499 2620 1565 2659 eo
1594 2604 1808 2666 relicto,
1847 2604 1987 2658 alius
2027 2604 2137 2658 alio
2169 2602 2481 2673 etl‘ugimus.

983 2670 1179 2744 Petrus
1203 2674 1441 2744 inclytus
1474 2674 1649 2743 ipsum
1683 2674 1864 2728 verbis
1890 2676 2197 2743 abnegavit.

986 2742 1178 2814 §olus,
1202 2744 1295 2814 qui
1320 2742 1536 2813 pectori
1572 2744 1837 2806 incubuit,
1870 2742 2095 2814 secutus
2123 2750 2207 2801 est
2238 2742 2453 2813 quiete;

985 2810 1051 2881 Et
1082 2812 1183 2881 ipsi
1210 2810 1387 2870 visu—m
1420 2821 1505 2868 est
1543 2814 1775 2881 aliquem
1806 2812 2044 2879 audisse,

986 2880 1088 2951 Qui
1108 2880 1389 2951 submissa
1424 2897 1577 2945 voce,
1609 2880 1663 2936 et
1694 2881 1857 2937 veluti
1894 2884 2068 2935 solum
2104 2882 2184 2936 sic
2223 2882 2595 2951 alloqueretur

989 2950 1091 3004 190
1117 2950 1402 3020 Berditum
1431 2951 1673 3020 Magistri
1711 2951 1798 3005 sui
1829 2951 2161 3005 venditorem
2192 2968 2207 3005 :

1057 3038 1074 3069 ‹
1117 3018 1273 3089 Vah!
1308 3015 1545 3089 impium
1571 3020 1788 3076 scelus!
1828 3033 1861 3072 ο
1892 3021 2078 3084 miser,
2108 3033 2287 3089 neque
2316 3019 2478 3074 times
2510 3015 2721 3073 Deum?

975 3085 1160 3159 [Seque
1192 3088 1356 3159 ullam
1388 3085 1593 3144 vereris
1621 3090 1795 3159 legem
1824 3091 2037 3156 generis
2067 3085 2336 3144 humani?

975 3155 1159 3229 anue
1191 3156 1363 3210 Adam
1399 3155 1697 3229 terrigena?
1719 3155 1882 3227 spiCae
1922 3167 2182 3224 satorem,

974 3224 1050 3280 Ne
1070 3224 1161 3280 _ue
1192 3224 1724 3295 patriarchas‘electi
1750 3224 2023 3296 generis?

976 3243 1085 3350 19ὲ1
1113 3295 1426 3350 Discinulus
1454 3298 1695 3350 habitus.
1732 3304 1857 3350 tuos
1888 3297 2018 3350 soda

1113 3294 1426 3366 Discipulus
1454 3298 1695 3361 habitus,
1732 3294 1857 3352 tuos
1888 3297 2105 3352 sodales
2130 3296 2398 3353 dedecore
2432 3294 2639 3360 allicis;

977 3364 1355 3488 Μῖνειοιυίοιθίιηι
1395 3369 1715 3436 magistrum
1745 3369 1973 3448 pecunia
2006 3368 2288 3422 venditum

974 3435 1037 3488 At
1084 3435 1256 3488 ipsam
1282 3444 1514 3488 mortem
1542 3437 1789 3488 barbaris
1820 3436 2131 3488 prodidisti.

1084 3435 1256 3504 ipsam
1282 3435 1514 3491 mortem
1542 3435 1789 3491 barbaris
1820 3436 2131 3506 prodidisti.

970 3503 1158 3560 Nonne
1188 3507 1447 3575 przecavit
1477 3506 1596 3571 tibi,
1640 3503 2075 3576 praemunuitque
2108 3506 2293 3562 animo

488 3697 632 3750 venit
652 3709 753 3749 vox
780 3695 847 3752 de
876 3698 1035 3764 caelo,
1066 3698 1225 3755 Joan.
1250 3716 1348 3764 xu,
1376 3702 1467 3767 ‘29,
1499 3701 1595 3755 sed
1627 3702 1761 3755 nihil
1790 3702 1895 3756 tale
1919 3717 2052 3757 con-

487 3767 628 3836 tigit,
657 3780 781 3838 cum
820 3769 996 3823 oravit
1030 3778 1148 3838 post
1190 3771 1434 3824 ultimam
1482 3787 1719 3834 coenam,
1770 3787 1871 3827 nec
1906 3774 2052 3828 ullus

486 3836 940 3909 evangelistarum
970 3836 1073 3893 hoc
1103 3850 1291 3893 narrat
1323 3841 1638 3909 contigisse.

558 3906 660 3979 174
690 3906 851 3959 Ἢκει
875 3909 1023 3979 πρὸς
1048 3911 1287 3975 αὐτούς.
1332 3906 1627 3979 Υειιὶῐειιηι
1658 3910 1765 3963 illis
1790 3910 2055 3979 (discipu-

487 3974 610 4045 lis);
652 3980 827 4030 rarior
860 3978 1111 4046 equidem
1157 3974 1281 4034 talis
1328 3978 1489 4046 hujus
1518 3974 1928 4046 praepositionis
1956 3974 2054 4035 ac-

486 4046 702 4118 ceptio._
722 4046 826 4102 Sed
860 4048 993 4102 nihil
1023 4048 1169 4103 aliud
1195 4063 1326 4104 sane
1359 4049 1475 4101 vult
1504 4057 1696 4102 auctor
1719 4064 1880 4118 quam
1909 4049 2053 4117 quod

488 4114 654 4170 rei’ert
680 4114 838 4171 .loan.
875 4133 1030 4182 xvm,
1063 4118 1112 4171 1.

556 4185 677 4241 177.
726 4186 865 4239 Τῶν.
896 4187 1033 4242 Male
1056 4186 1185 4241 edit.
1212 4186 1326 4241 τοῦ.

558 4255 658 4309 186
699 4255 753 4307 '0
781 4258 1039 4322 κλεινός,
1076 4266 1181 4311 etc.
1216 4256 1291 4311 De
1325 4274 1425 4311 suo
1477 4259 1623 4313 addit
1654 4256 1816 4314 Roill.
1848 4257 2047 4311 audax.

2226 3702 2325 3759 187
2358 3703 2648 3774 Ἄτρέμας,
2684 3702 2892 3771 Quiete,
2922 3700 3435 3758 silentio.Roillet.:
3472 3699 3621 3757 Nihil
3656 3705 3730 3757 ti-

2153 3791 2315 3828 mens.

2228 3844 2331 3896 192
2367 3842 2483 3910 Τῆς
2505 3844 2739 3907 οὐσίας.
2765 3841 3012 3910 Roillet.,
3038 3844 3209 3897 Jtlris.

2225 3914 2326 3983 193
2357 3912 2710 3983 Σςτςείραντα.
2757 3911 2832 3983 Ita
2866 3912 2998 3983 Reg.
3044 3914 3167 3967 cod.
3217 3911 3364 3968 Edit.
3414 3912 3730 3983 σπείροντα.

2153 3982 2231 4036 Ita
2269 3981 2378 4037 lere
2412 3981 2550 4035 Med.
2582 3998 2724 4035 vers.
2754 3982 2855 4037 479
2882 4002 2894 4037 :

2462 4051 2573 4103 Kal.
2608 4052 2911 4121 σπεροῦντα
2945 4051 3239 4122 Θανάσιμον
3270 4052 3428 4123 γύην.

2372 4160 2433 4192 τ..
2461 4126 2529 4173 Et
2564 4123 2852 4192 seminares
2889 4122 3129 4176 let/talem
3169 4135 3407 4192 segetem.

2230 4189 2330 4243 191
2368 4190 2828 4259 Ἐκλελεγμένου
2852 4192 3085 4260 γένους.
3120 4189 3310 4256 Είεὲιὶ,
3344 4193 3396 4247 id
3419 4201 3522 4256 est,
3557 4190 3743 4247 Israe-

2157 4260 2318 4314 litica:
2346 4260 2545 4331 gentis;
2578 4276 2678 4315 nec
2703 4260 2839 4315 bene
2867 4262 3054 4327 Iloill.,
3086 4261 3300 4318 Generis
3336 4263 3537 4333 antiqui
3564 4264 3728 4319 riros.

1766 4440 2098 4499 METRICA
2138 4437 2432 4500 VERSIO.

485 4624 610 4680 Haec
638 4624 856 4678 insueto
890 4639 1015 4678 cum
1052 4624 1217 4680 modo
1245 4628 1507 4681 comitum
1536 4627 1784 4681 omnium

482 4696 658 4766 aures
685 4694 1067 4764 perculissent,
1098 4697 1298 4765 saepius
1326 4712 1434 4766 quo
1458 4703 1677 4765 cogeret

483 4763 809 4836 anesgad,
829 4766 1069 4829 hortum,
1106 4763 1257 4835 parte
1286 4763 1392 4836 qua
1420 4763 1637 4820 torrens
1667 4780 1820 4835 aqua:

482 4833 911 4907 Praeterﬂuebat,
946 4836 1053 4890 huc
1079 4833 1256 4907 coegit
1287 4833 1577 4907 {perditus

484 4904 654 4969 Quem
696 4920 800 4957 non
829 4912 881 4958 et
913 4907 1029 4974 ipse
1054 4904 1395 4975 callidusque
1430 4906 1677 4960 venditor

483 4974 715 5046 leitus,
749 4975 855 5027 alta
888 4986 1046 5029 nocte
1073 4974 1369 5046 praevertit,
1407 4990 1625 5029 manum

485 5044 823 5116 Sicariorum
854 5046 1000 5116 caede
1026 5044 1194 5100 multa
1228 5048 1524 5116 insignitum

481 5113 835 5186 Audax-inque
866 5114 975 5186 dux
1009 5118 1229 5186 trahens
1260 5136 1270 5170 :
1304 5113 1396 5186 qui
1429 5122 1716 5186 postquam
1741 5130 1807 5169 eo

484 5182 669 5256 Venit,
698 5192 756 5235 ut
790 5184 1000 5256 amicus
1030 5185 1097 5236 ad
1133 5182 1453 5256 magistrum
1494 5203 1505 5237 :
1542 5182 1644 5239 Are
1676 5184 1831 5247 Rabi,

484 5253 703 5324 Dicens,
736 5268 858 5307 eum
890 5254 1070 5319 ipsum
1099 5262 1182 5309 est
1212 5253 1495 5310 osculatus
1519 5256 1746 5324 perﬁde.

484 5324 637 5394 Deip.
667 5323 845 5377 Eheu!
887 5323 1013 5392 quis
1044 5339 1281 5394 unquam
1318 5323 1532 5379 facinus
1572 5328 1674 5380 hoc
1703 5325 1947 5378 atrocius

481 5393 798 5465 Patrasset?
827 5393 1234 5465 age,quidn’am
1270 5411 1423 5449 meus
1451 5397 1502 5449 in
1534 5395 1681 5449 hunc
1717 5394 1925 5465 Filius?

483 5463 653 5519 Nunt.
688 5464 775 5520 Nil
812 5463 1034 5534 gravius
1079 5466 1132 5519 in
1166 5481 1289 5519 eum
1327 5466 1647 5536 quidquam,
1688 5464 1830 5586 atii:
1870 5465 2046 5586 solum

1726 5551 1802 5586 nn
1836 5550 1866 5586 υ
1897 5545 1974 5586 it:

1750 5536 1974 5588 intulit:

1750 5552 1837 5587 Iltt‘

479 5602 683 5673 .ftrnice,
718 5604 968 5673 quidnam
997 5607 1096 5660 huc
1130 5606 1384 5661 advenis?
1420 5602 1557 5658 Tum
1590 5552 1837 5673 protilnus

483 5670 694 5742 Injectze
730 5670 803 5727 ἰη
862 5677 1011 5731 illum
1071 5678 1315 5731 barbara:
1364 5676 1493 5729 hinc
1552 5670 1713 5741 atque
1774 5675 1899 5797 hilnc
1939 5685 2044 5724 ma-

1855 5758 1978 5794 nus.

1855 5758 1978 5794 IIIIS.

2085 4658 2124 4711 Β
2154 4627 2280 4711 Ιιρεο
2310 4626 2522 4707 relicto,
2554 4640 2657 4711 nos
2678 4626 2818 4711 alius
2843 4627 2949 4711 alio
2980 4626 3162 4709 fugam

2156 4696 2531 4764 Arripuimus.
2560 4697 2697 4767 Quin
2732 4700 2833 4750 iste
2861 4696 3055 4751 Petrus
3087 4698 3324 4767 inclytus

2157 4767 2382 4835 Audaxq
2402 4781 2478 4827 te,
2517 4766 2696 4820 verbis
2724 4767 3007 4835 abnegavit
3038 4768 3183 4821 hunc
3204 4766 3332 4822 Suis
3361 4786 3376 4822 :

2161 4835 2324 4906 Solus
2359 4843 2600 4901 secutus,
2635 4836 2708 4889 nil
2737 4837 2958 4906 timens,
2990 4838 3083 4906 qui
3113 4837 3321 4906 pectori

2156 4903 2406 4959 Incubuit
2435 4905 2598 4973 hujus
2627 4924 2637 4958 :
2668 4905 2797 4975 quin
2834 4906 2963 4958 mihi
2994 4903 3183 4961 vide—or
3212 4921 3427 4976 quoque

2156 4975 2391 5046 Audisse
2416 4976 2725 5044 quennlam,
2751 4976 3057 5031 clanculum
3090 4977 3183 5045 qui
3219 4975 3487 5046 perditum

2158 5044 2224 5098 Et
2255 5047 2419 5099 veluti
2458 5046 2631 5099 solum
2662 5046 2994 5099 venditorem
3025 5044 3150 5101 IIeri
3192 5044 3276 5100 sui

2159 5113 2254 5169 llis
2291 5117 2607 5169 conveniret
2638 5117 2862 5169 vocibus
2899 5116 3361 5170 demurmurans:

2233 5204 2250 5235 ι
2288 5185 2430 5238 Vah!
2465 5185 2691 5254 impium
2720 5186 2927 5239 scelus!
2966 5200 2997 5239 0
3029 5188 3217 5251 miser,
3250 5200 3352 5240 nec
3388 5193 3445 5239 tu
3478 5184 3645 5240 Deum

2158 5254 2354 5310 Metuis
2386 5270 2484 5309 nec
2518 5256 2679 5307 ullam
2710 5256 2851 5323 juris
2884 5256 3105 5309 humani
3140 5257 3296 5309 times

2159 5323 2378 5393 Legem,
2408 5336 2461 5377 et
2485 5334 2721 5377 satorem
2756 5333 2946 5378 terrea:
2985 5326 3149 5393 spicae
3181 5325 3468 5386 Adamum,

2159 5393 2224 5463 Et
2257 5394 2597 5463 patriarchas
2628 5394 2849 5461 generis,
2872 5395 3078 5462 antiqui
3113 5395 3300 5448 viros?

2157 5461 2467 5531 Discipulns
2503 5463 2740 5526 habitus,
2773 5472 2829 5514 tu
2859 5461 3073 5531 gregem
3106 5466 3314 5517 socium
3344 5473 3470 5518 nota

2157 5530 2334 5603 Inuris
2374 5534 2679 5603 inhonesta,
2722 5532 2802 5585 sic
2841 5530 3120 5585 sacrorum
3160 5534 3402 5603 principe

2158 5602 2363 5672 iturum
2396 5601 2464 5654 ob
2491 5616 2712 5672 avarum
2743 5603 2978 5665 vendito,
3010 5612 3066 5654 ut
3098 5601 3439 5672 tirproderes

2160 5669 2294 5723 Eum
2332 5672 2577 5723 cruentis
2613 5670 2678 5723 ad
2712 5686 2901 5725 necem
2930 5673 3103 5727 diram
3140 5669 3292 5727 viris.

2158 5738 2346 5796 Nonne
2374 5740 2464 5795 ille
2496 5750 2728 5796 mentem
2764 5740 2921 5807 dixit,
2955 5753 3009 5799 et
3044 5743 3200 5797 scivit
3230 5752 3399 5807 tuam,
