4076 6214
437 257 541 309 3‘13

454 373 657 443 ’ορἄθ’,
691 376 852 443 ὁρᾶτε
889 374 1005 436 πῶς
1031 372 1244 438 διπλοῦς
1269 378 1493 446 κρουνὸς
1522 379 1651 448 ῥέοι,

442 466 688 536 Πλευρᾶς
722 465 829 535 γὰρ
858 462 997 534 αἷμά
1022 483 1081 517 τε
1112 467 1208 518 κού
1241 470 1585 539 πεφυρμένον
1624 471 1782 522 ποτὸν

448 556 710 608 Ἕὸλυσεν
742 555 922 618 εὐθὺς,
956 555 1032 618 ὠς
1065 557 1230 627 ὲνύγη
1271 558 1348 627 τῷ
1380 558 1521 628 ξίφει

454 645 723 706 Ἥϐῶντος
760 645 951 715 ἀνδρὸς
1001 646 1279 716 δυσμενῶν
1312 649 1370 715 ἐξ
1407 652 1678 705 Αὐσόνων.

448 735 584 790 1085
610 734 839 797 Διπλοῦς
870 734 948 787 ἐτι
980 735 1162 804 βλύζει
1186 754 1245 790 τε
1278 740 1502 809 κρουνὸς
1529 741 1781 795 αὐτόθεν·

444 825 617 889 Αὐτός
651 825 697 878 θ’
727 826 756 878 ὁ
784 825 949 890 νύξας
981 826 1293 894 ἐκπλαγεὶς,
1332 829 1572 900 κέκραγέ
1595 848 1739 895 πως·

456 916 550 981 Ὦς
574 917 744 970 ἔστιν
781 916 965 982 ὅντως
997 918 1144 983 Παῖς
1173 918 1320 972 Θεοῦ
1350 920 1533 986 νέκυς
1558 920 1658 974 ὅδε
1672 921 1692 973 .'

446 1006 640 1075 Τρέχει
672 1007 738 1070 δ’,
767 1007 951 1077 ὁρᾶτε,
980 1006 1073 1060 καί
1103 1023 1166 1075 γε
1198 1014 1517 1079 προσπιτνεῖ
1545 1010 1705 1081 ξύλῳ,

453 1095 644 1148 [limat
675 1098 720 1149 τ’
751 1098 835 1148 ἐπ’
866 1092 1024 1160 οὖδας
1051 1100 1117 1168 τῇ
1155 1097 1251 1168 θέᾳ
1288 1098 1606 1167 νικώμενος.

454 1186 591 1241 1090
615 1187 815 1257 Στῆθός
841 1206 900 1240 τε
930 1188 1100 1255 παίει,
1131 1189 1226 1241 καὶ
1254 1190 1609 1261 περιπτύσσει
1638 1190 1812 1255 πέδον,

456 1276 603 1329 Ἔνθ’
639 1277 805 1347 ἰκρίον
837 1278 1100 1348 πέπηγεν,
1135 1279 1556 1350 ὲμπεφυρμένον

462 1367 690 1438 Ῥείθρῳ
714 1368 1072 1439 καταρρέοντι
1098 1369 1193 1439 τῆς
1222 1370 1464 1440 πλευρᾶς
1504 1369 1606 1433 ἔτι,

466 1455 714 1527 Ἀρύεταί
743 1476 801 1511 τε
827 1458 983 1529 χερσὶ
1014 1456 1263 1529 κρουνοῦ,
1295 1460 1386 1512 καὶ
1417 1459 1582 1531 κόρας

1256 263 1597 318 APPENDIX
1639 268 1727 320 AD
1769 269 1825 321 S.
1867 265 2189 321 CREGORII
2228 265 2474 320 THEOL.
2518 262 2842 319 (ῙΑΒΜΙΝᾹ.

3587 259 3694 316 ’ὶΞᾶ

2054 387 2097 441 Α
2132 380 2405 448 Ἔχρισεν,
2438 377 2511 440 ὡς
2537 376 2734 442 ἔοικεν,
2766 379 2841 441 ὡς
2876 376 3097 445 ἆγνισμ)
3121 380 3239 447 ἔχῃ.

2197 468 2333 521 1095
2371 470 2503 534 Xop.
2539 468 2774 531 Ἔοικεν,
2808 469 2962 533 ἄναξ,
2997 467 3165 519 πολλὰ
3191 464 3302 535 τῇδ’
3327 466 3383 517 ὲν
3411 464 3595 535 ἡμέρᾳ

2124 558 2286 611 Κακὰ
2317 558 2603 611 συνάπτειν
2633 559 2851 621 ἐνδίκως
2886 558 3208 628 μιαιφόνοις.

2126 645 2329 708 Αὑτούς
2362 662 2421 696 τε
2459 645 2557 715 μέν
2582 662 2663 697 τοι
2699 646 2773 715 μὴ
2808 644 2993 713 φίλους
3021 641 3235 713 δράσειέ
3264 660 3314 694 τι

2130 736 2379 789 Ἔκδικον
2407 736 2561 806 ὄμμα
2585 736 2852 788 Δεσπότου
2886 733 3287 803 παντεργάτου.

2132 828 2258 879 Ἴτω
2294 826 2419 891 δίκ’,
2457 826 2553 877 ἴτω
2592 824 2859 894 φανερῶς,
2894 823 3211 894 ξιφηφόρος,

2130 916 2267 970 1100
2304 916 2411 969 Καὶ
2441 915 2735 986 πυρφόρος,
2769 915 2993 984 τάχιστα
3024 916 3136 975 τοῖς
3171 911 3496 981 μιαιφόνοις.

2133 1009 2288 1061 Ἐστι
2312 1007 2421 1078 γὰρ
2449 1006 2617 1069 ὅντως
2643 1005 2823 1076 θαῦμα
2857 1005 3079 1076 φρικτὸν
3110 1005 3351 1074 εἰσορᾷν.

2143 1098 2200 1149 '0
2238 1097 2333 1168 μὲν
2364 1097 2471 1167 γὰρ
2509 1090 2615 1149 ὦσε
2642 1096 2781 1149 κατὰ
2819 1095 3058 1165 πλευρᾶς
3091 1111 3193 1145 που
3233 1093 3381 1163 δόρυ,

2135 1186 2376 1257 Πλευρᾶς
2414 1186 2746 1256 νενυγμένης
2770 1185 2826 1237 δὲ
2860 1183 3168 1253 Θαυμαστὸν
3191 1185 3339 1252 νᾶμα

2137 1275 2399 1341 Ἐσταξεν
2424 1274 2604 1341 εὐθὺς,
2634 1275 2818 1345 αἵματ’
2842 1276 2903 1328 οὑ
2929 1276 3298 1345 πεφυρμένον.

2135 1366 2274 1420 1105
2300 1366 2529 1436 Φρικτὺν
2558 1366 2755 1437 θέαμα,
2791 1367 2886 1421 καὶ
2924 1366 3124 1439 τρόμος
3162 1368 3215 1436 μ’
3245 1368 3376 1436 ὁρᾷν
3403 1368 3537 1438 ἔχει.

2136 1458 2460 1512 Διδάσκαλον
2485 1458 2633 1529 φέρω
2659 1457 2766 1529 γὰρ
2799 1458 2967 1529 αὐτὴν
2998 1457 3096 1527 τὴν
3127 1457 3323 1524 κτίσιν,

958 1610 1171 1681 Yidete,
1211 1611 1409 1674 videte.
1440 1610 1715 1681 quomodo
1744 1612 1912 1666 stillat
1940 1610 2063 1665 fons
2086 1611 2355 1679 geminus.

958 1679 1001 1751 [:1
1038 1682 1205 1735 latere
1228 1679 1534 1750 sanguis—et
1566 1696 1705 1751 aqua
1735 1698 1844 1734 non
1870 1682 2158 1751 commista

962 1748 1247 1818 _Scaturiit,
1286 1748 1468 1805 statim
1502 1748 1663 1818 atque
1692 1764 2011 1818 percussum
2042 1749 2143 1803 fuit
2172 1750 2360 1803 lancea

958 1816 1202 1883 Iuvenis,
1238 1820 1400 1873 unius
1424 1835 1490 1873 ex
1516 1816 1745 1873 infensis
1778 1819 2057 1873 Ausoniis.

961 1886 1104 1941 1085
1141 1887 1270 1943 lnde
1308 1889 1557 1956 geminus
1586 1889 1765 1942 adhuc
1801 1887 1922 1942 fons
1954 1888 2182 1949 ebullit;

960 1956 1013 2027 l_s_
1041 1964 1247 2027 autem,
1276 1956 1369 2026 qui
1399 1959 1689 2027 percussit,
1722 1956 2151 2027 obstupefactus,
2195 1956 2469 2027 quomodo
2502 1958 2863 2013 exclamavit:

973 2023 1100 2079 Vere
1118 2026 1202 2079 hic
1235 2023 1470 2080 mortuus
1496 2036 1572 2080 est
1606 2025 1779 2080 Filius
1814 2023 1948 2079 Dei!

959 2093 1145 2166 gurrit
1180 2102 1380 2159 autem,
1415 2096 1644 2166 cernite,
1680 2106 1732 2150 et
1765 2096 1830 2166 ad
1867 2094 2031 2166 pedes
2067 2094 2248 2150 crucis
2278 2095 2541 2160 concidit,

961 2161 1028 2233 Et
1064 2166 1377 2233 spectaculo
1404 2165 1665 2229 domitus,
1701 2161 1932 2219 cadit'in
1965 2174 2187 2225 terram,

964 2231 1109 2304 1090
1145 2232 1425 2304 suumque
1445 2233 1575 2304 terit
1601 2241 1812 2304 pectus,
1850 2235 2076 2302 soloque
2105 2234 2428 2304 devolvitur,

962 2300 1022 2373 l_n
1047 2317 1155 2370 quo
1182 2300 1405 2373 inﬁxum
1438 2301 1538 2355 fuit
1561 2300 1787 2373 lignum,
1816 2300 2069 2372 quodque
2100 2303 2291 2373 irrigat

963 2369 1253 2424 Fluentum
1287 2387 1318 2425 e
1342 2371 1507 2426 latere
1538 2369 1714 2426 adhuc
1742 2369 2051 2435 dinianaris,

964 2438 1325 2509 Manibusque
1353 2456 1382 2495 e
1412 2439 1557 2495 fonte
1585 2442 1857 2503 exhaurit,
1884 2451 1937 2495 et
1973 2441 2162 2495 oculos

967 2506 1155 2580 Un_xit.
1184 2506 1516 2580 utiseipsum,
1544 2510 1687 2564 haud
1717 2511 1881 2565 dubie
1922 2511 2190 2580 puriﬁcct.

1038 2578 1178 2650 1095
1217 2578 1397 2650 Cliqr._
1419 2578 1704 2643 Videntur,
1742 2595 1775 2634 o
1805 2578 2011 2650 regina,
2036 2580 2270 2649 piurima
2296 2579 2396 2633 hac
2422 2580 2511 2635 die

966 2646 1105 2701 Mala
1138 2647 1488 2703 carniﬁcibus
1520 2650 1713 2703 merito
1749 2646 2053 2703 imminere.

969 2717 1173 2799 gontra
1207 2717 1354 2799 ipsos
1384 2717 1584 2799 quippe
1617 2719 1871 2799 inimicos
1902 2719 2086 2774 saeviet

971 2784 1185 2841 Vindex
1208 2784 1414 2843 oculus
1431 2784 1641 2841 Domini
1676 2788 1917 2842 omnium
1950 2787 2238 2844 creatoris.

972 2853 1190 2927 YeniaL
1199 2856 1352 2927 ultio,
1385 2856 1564 2910 veniat
1593 2865 1799 2926 aperte,
1828 2857 2066 2927 gladium
2096 2858 2318 2912 vibrans

973 2924 1113 2977 1100
1151 2924 1217 2977 Ει
1246 2924 1542 2990 ﬂammam,
1569 2924 1853 2978 celerrime
1885 2926 2042 2979 cadat
2071 2927 2125 2978 in
2157 2928 2471 2981 sceleratos.

976 2990 1112 3062 δῖοι-ε
1137 2994 1337 3047 etenim
1367 2996 1740 3062 spectaculum
1772 3002 1856 3047 est
1882 2995 1999 3049 visu
2031 2994 2382 3049 horrendum.

970 3060 1217 3131 ﬁamque
1251 3060 1460 3116 hastam
1490 3061 1543 3114 in
1575 3063 1715 3115 latus
1750 3062 1837 3115 ille
1869 3064 2104 3131 impulit,

972 3129 1039 3200 Et
1066 3145 1097 3184 e
1132 3129 1300 3186 latere
1327 3145 1589 3200 percusso
1622 3131 1869 3185 mirabile
1894 3129 2152 3185 ﬂuentum

978 3198 1214 3270 Stillavit
1249 3198 1541 3270 derepente
1568 3200 1747 3253 cruori
1780 3215 1887 3253 non
1914 3202 2257 3270 permistum,

978 3269 1114 3341 1105
1153 3268 1490 3341 Horrendum
1523 3268 1928 3338 spectaculum,
1947 3271 2188 3341 mihique
2222 3273 2464 3326 cernenti
2497 3272 2746 3328 timorem
2779 3275 3073 3332 incutiens.

974 3336 1180 3393 Edocet
1214 3354 1301 3394 me
1330 3346 1383 3393 et
1411 3339 1527 3407 ipsa
1554 3336 1773 3402 natura,

556 3494 694 3569 1082
720 3495 997 3569 Ῑζᾼευρᾶς
1018 3496 1127 3567 γὰρ
1146 3490 1287 3567 αἷμά
1303 3515 1365 3551 τε
1401 3500 1511 3553 κού
1533 3497 1934 3569 πεφυρμένον,
1947 3505 2053 3569 etc.

479 3570 560 3638 ita
596 3565 728 3638 Reg.
762 3564 840 3638 H._
876 3582 936 3638 ιι.
967 3564 1181 3638 optima
1202 3564 1377 3622 lectio
1410 3577 1463 3623 et
1485 3564 1739 3623 consona
1759 3568 2057 3638 Evangelio

479 3636 728 3700 Joannis,
753 3636 844 3707 qui
874 3636 1141 3707 duplicem
1167 3653 1413 3693 seorsum
1446 3638 1593 3692 hunc
1616 3639 1829 3693 laticem
1860 3636 2061 3706 imper-

484 3708 707 3779 mistum
738 3706 1004 3779 advertit;
1052 3706 1096 3779 lg
1121 3708 1283 3779 latere
1314 3708 1530 3779 sanguis
1552 3718 1601 3762 et
1621 3725 1768 3779 aqua
1797 3725 1899 3762 non
1925 3724 2067 3779 εοῃιτ

485 3777 646 3847 inista
680 3776 942 3847 scatyriit.
978 3776 1032 3829 In
1063 3776 1195 3847 Reg.
1224 3777 1363 3832 Med.
1398 3780 1552 3832 deest
1580 3776 1902 3833 hic'versus.
1924 3776 2069 3831 Editi

485 3846 725 3915 πλευρᾶς
746 3840 886 3917 αἷμα
916 3863 974 3898 τε
998 3848 1091 3917 καὶ
1111 3840 1457 3917 πεφυρμένον
1482 3847 1661 3901 ποτόν.
1697 3847 1800 3901 Sed
1824 3857 2065 3917 pugnant

484 3927 608 3967 cum
634 3916 1013 3995 evangelista._
1045 3916 1188 3995 Idem
1226 3916 1389 3995 infra,
1440 3931 1587 3995 vers.
1636 3917 1796 3995 1104“,
1831 3916 2070 3971 occurrit

486 3984 742 4056 mendum
785 3984 840 4037 in
886 3986 1068 4050 editis,
1129 3986 1184 4039 in
1236 3986 1434 4056 quibus
1482 3985 1678 4056 legitur
1721 3986 1913 4056 αξματι
1971 4002 2066 4056 πε-

486 4053 781 4124 φυρμένον,
824 4062 954 4125 etc.,
986 4056 1128 4125 quod
1170 4053 1449 4110 ita'reddit
1493 4053 1655 4108 Itbill.
1686 4073 1698 4109 :
1734 4053 1953 4125 E’fogso
1988 4055 2066 4107 la-

486 4122 612 4195 tere
644 4125 828 4177 mistus
881 4122 1023 4179 lutei:
1067 4126 1322 4195 sanguine
1362 4134 1570 4195 repente
1599 4124 1816 4195 efﬂuxit.
1866 4122 2066 4195 Emen-

486 4194 739 4264 davimus
781 4209 882 4263 ope
913 4194 1069 4249 codd.
1118 4193 1251 4264 Reg.
1290 4194 1380 4264 qui
1418 4193 1845 4264 habenthi’paz’
1874 4193 1933 4264 ου
1969 4209 2067 4244 πε-

488 4263 784 4335 φυρμένον,
820 4262 1094 4333 sanguine
1133 4262 1332 4335 quoque
1381 4280 1484 4317 non
1534 4262 1743 4335 mistus,
1791 4262 1935 4332 quod
1980 4270 2064 4316 est

491 4333 816 4401 stupendum
865 4349 1110 4402 prorsus
1165 4333 1487 4388 miraculum
1551 4333 1606 4388 in
1675 4348 1903 4402 corpore
1971 4348 2067 4385 ex-

487 4402 708 4455 stincto.
742 4401 985 4471 Denique
1027 4418 1171 4458 vers.
1201 4403 1337 4457 1217
1358 4403 1489 4457 editi
1515 4418 1637 4457 cum
1668 4401 1800 4458 mss.
1833 4416 2065 4457 consen-

486 4471 725 4543 tiunt,_et
754 4470 1049 4543 itabalient
1070 4471 1213 4543 ὕδωρ
1243 4472 1465 4537 ἔσταζεν
1495 4473 1656 4536 εὐθὺς
1685 4472 1868 4543 αἵματ’
1893 4472 1953 4524 οὑ
1979 4488 2069 4522 πε-

487 4539 779 4610 φυρμένον.
806 4538 961 4596 Unde
992 4538 1221 4611 pronuin
1248 4552 1332 4599 est
1360 4543 1689 4599 concludere
1722 4538 1775 4596 in
1802 4543 1923 4597 aliis
1944 4556 2067 4596 ver-

2163 3501 2315 3558 sibus
2363 3502 2619 3557 mendum
2673 3502 2892 3572 aliquod
2964 3502 3272 3572 irrepsisse.
3320 3502 3420 3557 llic
3467 3504 3727 3560 observat

2162 3572 2523 3627 Combeﬁsins
2553 3581 2831 3627 auctorem
2866 3582 3113 3626 nostrum
3163 3572 3473 3629 nullatenus
3506 3589 3537 3629 e
3581 3573 3737 3627 Scri-

2168 3650 2326 3710 ptura
2358 3643 2613 3714 sanisque
2650 3642 3016 3714 dogmatibus,
3056 3642 3254 3712 vixque
3276 3657 3305 3695 a
3334 3643 3532 3697 decoro
3567 3644 3734 3713 quid-

2160 3726 2321 3780 quam
2389 3712 3001 3780 abscedere.‘Conjicit
3064 3726 3161 3767 eos
3214 3726 3319 3764 non
3366 3715 3499 3767 satis
3559 3714 3741 3766 anim-

2168 3780 2471 3850 advertisse
2506 3789 2599 3835 aut
2633 3782 2831 3850 legisse
2862 3819 2877 3843 ,
2911 3781 3003 3850 qui
3035 3796 3225 3850 poema
3259 3782 3400 3835 istud
3435 3791 3541 3835 tam
3574 3783 3740 3837 facile

2164 3848 2427 3920 Gregorio
2459 3862 2648 3921 nostro
2679 3848 2958 3919 indignum
3007 3849 3277 3921 iudicant,
3322 3859 3585 3921 putatque
3615 3850 3742 3907 fore

2166 3927 2261 3990 ut,
2281 3920 2737 3990 quemadmodum
2786 3921 2988 3990 multos
3043 3919 3738 3990 abstersit’ipse'naevos,

2168 3988 2268 4041 viri
2314 3988 2490 4058 docti,
2514 3989 2597 4042 vel
2633 3989 2830 4043 acriori
2875 3989 3091 4058 ingenio
3123 3990 3353 4057 prmditi,
3378 3988 3469 4043 'vel
3498 3990 3743 4043 meliori-

2166 4059 2271 4111 bus
2299 4057 2584 4113 codicibus
2608 4058 2748 4123 fulti,
2775 4058 2911 4112 alios
2937 4057 3292 4113 emendarem
3320 4060 3501 4113 minus
3526 4061 3741 4114 auctori

2162 4126 2540 4198 imputandos,
2593 4143 2755 4198 quam
2805 4128 3132 4198 antiquariis
3180 4128 3486 4198 imperitius
3527 4130 3742 4183 exscri-

2161 4196 2435 4261 bentibus,
2464 4204 2523 4251 ut
2555 4196 2696 4267 saepe
2719 4197 2775 4250 ﬁt
2800 4197 2855 4250 in
2878 4196 2949 4252 iis
2972 4212 3093 4266 quae
3112 4196 3456 4267 satis'ardua,
3479 4198 3743 4267 cultaque

2162 4274 2291 4320 sunt
2317 4282 2382 4321 ac
2412 4266 2698 4334 prolixaet
2723 4268 2918 4321 crebro
2953 4284 3052 4321 usu
3083 4275 3356 4322 teruntur.
3392 4266 3524 4321 Vide
3552 4266 3742 4323 tatnen

2161 4350 2281 4405 quae
2313 4337 2366 4389 in
2404 4336 2609 4390 Monito
2635 4337 2891 4390 diximus.

2162 4406 2373 4531 87%l06
2417 4405 2816 4460 Διδάσκαλον.
2872 4405 2949 4460 lta
3001 4405 3113 4461 fere
3162 4421 3327 4476 supra
3358 4421 3499 4461 vers.
3533 4406 3638 4460 872
3684 4414 3747 4461 et

1787 4656 2121 4718 METRICA
2146 4653 2441 4714 VERSIO.

487 4751 843 4828 Yidetefossi
872 4757 1141 4828 corporis,
1168 4763 1221 4812 et
1245 4767 1305 4813 ut
1332 4756 1453 4814 fons
1486 4757 1681 4827 duplex

490 4824 766 4898 §caturiat
790 4847 803 4882 :
834 4829 953 4898 ejus
975 4824 1021 4884 'e
1069 4824 1236 4883 latere
1260 4828 1343 4882 vis
1372 4824 1653 4898 sanguinis

490 4893 807 4968 [’t'omicuit,
832 4893 885 4951 et
920 4915 1094 4968 aquaz,
1136 4899 1337 4954 lancea:
1372 4893 1537 4953 ictu‘m
1566 4898 1789 4968 cuspide

490 4962 716 5040 1Iuvenis
745 4962 802 5040 ut
835 4962 1061 5024 Ausonii
1101 4969 1222 5040 fuit,
1256 4970 1387 5040 quin
1418 4983 1565 5023 nunc
1589 4962 1805 5039 quoque

490 5033 623 5105 inde
654 5037 901 5105 geminus
935 5040 1057 5093 fons
1097 5033 1332 5095 bulliens
1363 5033 1659 5105 exaestuat;

492 5104 612 5179 ipse
637 5103 773 5158 adeo
807 5120 1021 5179 sacrum
1052 5110 1143 5177 qui
1172 5110 1312 5165 latus
1341 5111 1478 5174 ﬁxit,
1510 5103 1710 5179 pavens

495 5174 842 5249 llorrensque
871 5176 981 5230 fato
1019 5174 1203 5232 nescio
1231 5195 1360 5249 quo,
1393 5174 1591 5234 Filium

495 5243 636 5299 Vere
679 5243 769 5299 Dei
810 5245 974 5299 istum
1007 5243 1280 5302 mortuum
1311 5264 1441 5304 voce
1469 5250 1614 5304 edita

494 5316 783 5386 Clamavit,
819 5316 1003 5385 etjam
1032 5330 1257 5371 cernere
1287 5318 1431 5371 hunc
1460 5320 1585 5371 licet
1616 5316 1843 5386 gradum

499 5385 570 5456 Ut
597 5386 801 5441 celerat
833 5386 969 5456 ipse,
1004 5394 1057 5439 et
1088 5396 1212 5440 ante
1238 5386 1441 5456 lignum
1479 5385 1733 5455 procidit,

495 5455 807 5527 Premitque
832 5455 1054 5519 terram,
1084 5456 1261 5510 victus
1285 5459 1386 5510 hoc
1410 5457 1745 5524 spectaculo,

498 5525 805 5596 Pectusque
831 5528 1026 5590 tundit,
1056 5534 1109 5581 et
1140 5528 1315 5581 solum
1351 5527 1528 5595 ipsum
1560 5525 1928 5596 amplectitur,

499 5594 603 5668 [ibi
635 5594 745 5653 ﬁxit
778 5599 991 5652 hastam
1025 5596 1311 5653 dcﬁuentis
1344 5597 1623 5668 sanguinis

499 5664 750 5725 Tinctum
790 5669 1003 5741 liquore
1033 5687 1044 5725 :
1076 5675 1128 5726 et
1156 5684 1282 5726 cccc
1310 5674 1366 5723 ut
1397 5664 1624 5741 uti-aque
1655 5684 1683 5723 c
1718 5682 1878 5721 manu

2090 4764 2132 4818 Β
2162 4754 2373 4818 Haurit,
2413 4754 2713 4824 oculosque
2744 4753 2847 4808 hoc
2887 4754 3059 4824 ungit,
3094 4755 3221 4809 hinc
3252 4762 3310 4807 ut
3344 4754 3550 4810 scilicet

2162 4824 2659 4895 Detergatoculum
2688 4832 2851 4879 nocte
2890 4840 3010 4895 quae
3033 4841 3174 4879 caeca
3205 4825 3427 4895 obtegit.

2231 4893 2388 4947 Chor.
2430 4893 2545 4949 Nisi
2581 4909 2732 4949 meus
2755 4909 2842 4949 me
2870 4893 3009 4949 fallit
3041 4897 3275 4959 animus,
3310 4893 3594 4948 imtnincnt

2162 4964 2277 5035 lioc
2303 4964 2385 5019 vel
2410 4964 2495 5018 die
2522 4964 2640 5035 ipso
2664 4964 2897 5032 plurima
2932 4980 2962 5018 a
2998 4965 3112 5035 Deo,
3136 4965 3273 5018 maia
3302 4983 3316 5019 :

2163 5034 2230 5088 Et
2256 5034 2379 5103 jure
2405 5042 2573 5099 certe,
2600 5034 2687 5089 his
2708 5035 2802 5104 qui
2828 5050 2992 5089 manu
3022 5034 3230 5089 nefaria

2166 5102 2323 5174 Hunc
2354 5104 2694 5159 sustulerunt
2721 5102 2945 5159 {verum
2983 5106 3188 5159 utinam
3216 5106 3269 5157 in
3300 5102 3451 5174 ipsos
3478 5102 3613 5155 nihil

2167 5172 2375 5229 Vindex
2416 5175 2621 5229 amicos
2660 5175 2851 5230 oculus
2881 5174 3069 5230 διιετηί
3100 5174 3194 5228 Dei

2170 5242 2398 5315 r[entett
2436 5252 2492 5296 at
2516 5244 2569 5298 in
2603 5244 2737 5300 istos
2769 5246 3035 5315 sanguine
3073 5258 3327 5313 aspcrsos
3354 5242 3505 5296 viros

2172 5312 2412 5385 Eestinet
2434 5315 2556 5385 igne
2587 5325 2639 5385 et
2677 5330 2805 5370 ense
2833 5312 3084 5371 districto
3112 5312 3297 5367 minax

2171 5383 2337 5438 Ultio.
2367 5383 2704 5453 Stu'pendum
2729 5385 2851 5439 visu
2894 5385 2948 5438 id
2976 5390 3057 5438 est
3083 5383 3432 5447 miraculum,

2169 5454 2360 5523 Adegit
2392 5454 2481 5509 ille
2511 5455 2750 5508 lanceam
2780 5456 2835 5507 in
2872 5454 3122 5508 dextrum
3159 5453 3320 5519 latus,

2172 5524 2280 5577 Sed
2312 5523 2483 5579 mirus
2505 5539 2535 5578 c
2571 5523 2718 5578 fosso
2754 5523 2922 5578 latere
2959 5524 3153 5578 mistus
3183 5524 3327 5577 latex

2174 5592 2450 5663 Sanguine
2477 5602 2699 5663 repente
2722 5594 2947 5648 efﬂuxit.
2981 5592 3025 5647 Ο
3064 5592 3435 5663 spectaculum

2172 5662 2513 5719 Horrendum
2542 5662 2595 5719 et
2618 5666 2800 5720 atrox!
2833 5679 3033 5735 corpus
3066 5662 3270 5718 invadit
3305 5670 3510 5718 tremor
