4076 6214
461 323 566 379 270
1295 322 1642 378 ΑΡΡΕΝΙΠΧ
1683 323 1775 377 AD
1811 323 1870 379 S.
1895 323 2222 379 GREGORII
2262 320 2510 378 THEOL.

2170 323 2222 378 ,ιι
2262 320 2510 378 TllEOL.
2547 290 2872 394 clinium.
3609 311 3718 369 230

475 439 694 491 Ἀκτῖνα
715 439 813 508 τὴν
851 438 1098 508 τριταῖαν
1132 434 1281 506 ἡλίου
1316 438 1523 508 φέρειν.

473 530 628 584 Ἰωσ.
671 527 884 598 Ἰδοιμ’,
913 527 1080 598 ἴδοιμι
1107 527 1368 598 γλυκερὸν
1405 525 1562 600 ἦμαρ
1586 530 1722 583 τάδε.

461 616 598 682 Εἶθ’,
622 614 763 682 εἴθε,
792 618 976 687 φίλος,
1010 617 1196 687 θαῦμα
1224 619 1367 672 τοῦτ’
1402 621 1562 689 ἴδοιμ’
1591 621 1700 688 ἐγώ
1727 624 1738 674 !

460 710 577 762 Νῦν
610 710 654 762 δ’
681 709 932 781 ἀπίωμεν
951 749 965 773 ,
996 711 1263 780 Νικόδημ’
1293 711 1578 782 εὐεργέτει,

467 802 604 856 1785
630 801 940 871 Στείχωμεν
969 803 1129 872 ἡμεῖς
1152 843 1166 865 ,
1195 803 1324 870 φίλα
1356 805 1401 854 τ’
1432 802 1771 872 ἑξαιτώμεθα

473 891 646 961 ’Υπὲρ
679 908 738 942 τε
772 891 900 944 λαοῦ
927 933 940 956 ,
969 891 1062 943 καί
1101 908 1203 962 περ
1235 889 1384 954 ὄντος
1412 891 1625 962 ἀγρίου,

477 987 645 1058 ’Υπέρ
670 1004 728 1039 τε
758 986 970 1058 πάτρης
990 1027 1005 1050 ,
1039 986 1130 1038 τὸν
1161 986 1292 1038 Θεὸν
1321 987 1486 1056 μηδὲν
1521 986 1638 1040 νέον

462 1081 605 1150 Δρᾷν
626 1117 639 1140 ,
669 1077 772 1130 κᾶν
806 1077 909 1140 ἕως
939 1077 1222 1147 πάρεσμεν
1246 1077 1413 1146 ἄμφω
1447 1076 1523 1145 τῷ
1554 1076 1670 1146 βίῳ.

464 1170 575 1222 Καὶ
607 1171 668 1222 σὺ
695 1169 750 1221 δὲ
777 1210 791 1233 ,
834 1168 958 1238 φίλη
993 1168 1235 1239 Παρθένε
1255 1208 1269 1231 ,
1319 1168 1412 1230 ξῦν
1443 1168 1698 1239 παρθένῳ

465 1264 603 1319 1790
637 1263 780 1334 Πρὸς
807 1263 976 1316 ταῦτα
1004 1261 1301 1332 ξυνάρηξον
1332 1264 1464 1332 ἡμῖν
1492 1265 1604 1324 τοῖς
1629 1261 1833 1330 φίλοις⁶

463 1356 603 1420 Ναὶ,
637 1356 724 1407 ναὶ
764 1355 826 1407 σὺ
858 1354 1131 1422 σννάρηγε
1162 1353 1256 1405 καί
1281 1352 1556 1423 θρηνοῦσα
1590 1371 1725 1424 περ,

465 1448 765 1509 Δέσποινα,
811 1448 984 1516 μῆτερ
1010 1444 1102 1497 τοῦ
1131 1445 1383 1513 διφυοῦς,
1423 1445 1497 1508 ὡς
1539 1445 1695 1512 λόγος

419 1574 422 1578 -
466 1539 571 1591 Τοῦ
601 1537 871 1608 παρθένου
904 1537 1080 1588 πείθει
1124 1555 1190 1604 με
1230 1535 1434 1602 μύστου
1469 1535 1562 1588 σοῦ
1586 1536 1809 1589 Τέκνον.

539 1631 736 1686 Θεοτό,
774 1628 985 1689 Ἀπιθι,
1024 1629 1116 1682 καὶ
1145 1628 1370 1698 δύναμιν
1405 1629 1598 1696 ἄγγελε
1638 1629 1871 1698 βροτοῖς,

468 1723 605 1777 1705
634 1724 737 1776 Σὺν
767 1722 1062 1792 Νικοδήμῳ
1089 1721 1334 1792 νυκτέρῳ
1369 1721 1546 1792 μῦστῃ
1582 1721 1754 1790 πάρος
1774 1764 1788 1786 ,

2077 447 2120 502 Α
2151 439 2232 492 Τὰ
2257 438 2350 491 νῦν
2372 438 2428 490 δὲ
2451 438 2547 490 σὺν
2575 437 2656 490 σοὶ
2685 431 3125 505 παμφανεστὰτῳ
3147 429 3298 497 φίλῳ.

2153 533 2322 584 Θεολ.
2355 530 2650 599 Χαίροντες
2679 527 2754 578 ῐτε
2773 565 2787 589 ,
2831 526 2960 595 μήτι
2992 541 3094 575 που
3126 520 3462 589 πτοούμενοι.

2160 623 2221 676 '0
2248 623 2432 692 βιαγδς
2457 621 2566 691 γὰρ
2589 620 2686 689 τῆς
2721 617 2896 684 καλῆς
2926 614 3153 684 ἡσυχίας
3175 651 3190 675 ,

2149 716 2259 768 Καὶ
2292 714 2391 782 τῆς
2417 709 2752 783 ἀκραιφνοῦς
2783 709 3001 776 ἀγάπης
3043 706 3134 758 καὶ
3164 703 3344 772 φιλίας
3363 740 3378 762 ,

2149 804 2286 858 1800
2311 804 2384 855 Τό
2405 820 2462 855 τε
2495 803 2710 873 φρονεῖν
2740 795 2798 852 εὖ
2817 839 2831 862 ,
2875 797 3172 866 σωφρονεῖν
3205 795 3250 846 τ’
3285 795 3342 844 ὲν
3365 791 3440 862 τῷ
3478 791 3596 860 βίῳ,

2147 897 2315 966 Τηρεῖ
2336 894 2402 947 τὰ
2439 892 2619 954 πάνθ’,
2645 891 2719 954 ὡς
2746 890 3022 943 ἁσὰλευτα
3050 885 3379 958 προσμένειν
3397 900 3409 912 ·

2147 987 2281 1048 θεὸς
2311 985 2418 1055 γὰρ
2447 980 2554 1037 οἶδε
2584 983 2762 1036 πάντα
2784 1022 2798 1045 ,
2833 981 2928 1033 καὶ
2967 977 3146 1046 σοφῶς
3177 976 3372 1046 κρίνει.

2160 1081 2311 1132 Ἰωσ.
2354 1076 2425 1129 Σύ
2454 1076 2533 1128 τοί
2564 1092 2632 1146 με
2657 1073 2867 1134 πείθεις
2885 1111 2899 1133 ,
2929 1074 3040 1132 σοῖς
3065 1087 3123 1122 τε
3156 1069 3394 1121 πιστεύω
3423 1067 3619 1134 λόγοις,

2147 1170 2312 1234 Τάξιν
2351 1187 2410 1220 τε
2455 1167 2669 1238 τηρῶν,
2698 1164 2807 1234 εἴμ’
2853 1161 3136 1231 ἐλεύθερος
3165 1160 3333 1228 φόϐου

2151 1260 2286 1315 1805
2327 1263 2495 1314 Θεολ.
2537 1260 2779 1330 Χωρεῖτε
2797 1245 2827 1315 ,’
2849 1255 3032 1325 μέλειν
3051 1254 3246 1306 ,πάντα
3275 1245 3331 1302 οἷ
3353 1251 3500 1303 δοκεῖ
3525 1248 3696 1302 φίλων
3714 1259 3731 1278 ⁸

2153 1354 2315 1406 Λύτοί
2338 1353 2384 1405 τ’
2416 1349 2784 1420 ἐπιγνώσεσθε
2807 1348 2935 1410 τοὺς
2960 1346 3127 1416 ἐμοὺς
3151 1345 3359 1412 λόγους.

2162 1447 2352 1516 Ὑμεῖς
2379 1445 2421 1496 δ’
2447 1443 2646 1497 ἕπεσθε
2673 1440 2790 1503 νῦν,
2837 1439 3015 1510 κόραι,
3061 1439 3158 1490 σὺν
3191 1435 3356 1507 μητρί
3393 1451 3496 1504 μου

2154 1537 2390 1591 Ἔπεσθε
2409 1577 2422 1599 ,
2453 1535 2674 1608 Χριστῷ
2707 1533 2960 1605 καρδίαις
2988 1529 3330 1600 ὡπλισμέναι
3355 1566 3368 1589 ,

2153 1628 2492 1698 Πτοούμεναί
2521 1645 2573 1680 τι
2611 1626 2777 1698 μηδὲν
2803 1665 2818 1690 ,
2852 1625 2967 1678 ἀλλ’
2999 1621 3198 1676 ἕπεσθέ
3231 1637 3343 1690 μοι.

2157 1720 2293 1772 1810
2324 1720 2491 1786 Δείξω
2523 1720 2631 1788 γὰρ
2665 1713 2813 1771 οἷκον
2842 1717 2970 1769 ἔνθα
3007 1713 3268 1784 νυχεῦσαι
3292 1710 3432 1765 δέον.

961 1921 1164 1975 Radios
1205 1921 1339 1975 solis
1373 1919 1534 1975 tertio
1569 1921 1801 1976 orientis
1832 1921 2100 1976 allaturos
2132 1921 2268 1976 fore.

959 1991 1173 2060 Ioseph.
1213 1989 1530 2048 Videamus.
1559 1991 1843 2046 videamus
1877 1991 2018 2046 hanc
2045 1993 2412 2060 gratissimam
2449 1994 2612 2047 diem.

964 2059 1203 2130 Utinam.
1233 2061 1430 2130 amice,
1459 2061 1669 2114 utinam
1701 2078 1802 2130 ego
1830 2060 1974 2114 istud
2001 2059 2328 2115 miraculum
2370 2064 2620 2116 intuear!

961 2129 1118 2201 Nunc
1147 2140 1356 2201 autem,
1388 2129 1700 2192 Nicodeme,
1735 2129 1940 2201 Optime
1973 2137 2155 2198 operis
2189 2133 2426 2197 adiutor,
2466 2135 2749 2196 abeamus,

965 2200 1105 2254 1785
1139 2199 1494 2262 Secedamus,
1523 2208 1576 2254 et
1611 2199 1787 2253 amica
1817 2200 2178 2269 deprecemur

968 2271 1075 2324 Pro
1109 2272 1216 2323 isto
1245 2271 1467 2339 populo,
1503 2269 1630 2324 licet
1660 2272 1856 2323 animis
1884 2270 2127 2332 eﬂ'erato,

970 2339 1078 2394 Pro
1110 2342 1307 2408 patria,
1343 2349 1401 2392 ut
1429 2340 1562 2393 nihil
1597 2340 1722 2393 novi
1754 2339 1896 2394 Deus

972 2409 1248 2469 Perlieiat,
1272 2410 1464 2464 saltem
1489 2409 1661 2463 donec
1695 2410 1856 2462 ambo
1888 2409 2215 2478 superstites
2248 2411 2476 2466 erimus.

973 2479 1149 2549 Et'ﬁtu,
1170 2479 1380 2549 dilecta
1410 2478 1597 2548 Virgo,
1631 2494 1754 2533 cum
1786 2479 2042 2549 virginei
2064 2479 2372 2549 discipulo)

976 2548 1115 2603 1790
1151 2548 1232 2602 Ad
1266 2550 1380 2603 haec
1404 2552 1681 2622 auxiliare
1714 2548 1894 2607 nobis.
1925 2548 2015 2622 qui
2056 2564 2151 2622 vos
2182 2567 2368 2604 amore
2403 2552 2790 2622 prosequimur
2824 2590 2837 2604 .

976 2623 1107 2688 Age.
1136 2633 1255 2687 age,
1292 2619 1580 2683 auxiliare,
1619 2619 1744 2673 licet
1767 2617 2142 2688 gemebunda.

981 2687 1230 2751 "Omina,
1273 2697 1447 2743 mater
1480 2687 1878 2750 Hominis-Dei,
1911 2688 2370 2756 quemadmodum
2399 2706 2583 2745 sermo

971 2757 1236 2825 Virginis,
1265 2759 1524 2828 discipuli
1563 2760 1635 2813 tui
1670 2758 1814 2819 Filii,
1850 2759 1984 2828 mihi
2015 2758 2232 2812 suadet.

1046 2828 1190 2895 Deip.
1235 2829 1332 2882 lto.
1365 2827 1418 2882 et
1445 2830 1760 2882 hominibus
1789 2827 1980 2881 miram
2008 2831 2272 2882 annuutia
2308 2830 2607 2896 potentiam

974 2897 1112 2950 1795
1145 2899 1279 2951 Cum
1308 2896 1604 2953 Nicodemo
1629 2907 1787 2952 antea
1820 2906 2092 2950 nocturno
2120 2899 2414 2966 discipulo,

979 2966 1134 3022 Nunc
1167 2974 1370 3031 autem,
1403 2976 1604 3029 tecum,
1635 2966 2086 3020 manifestissimo
2122 2968 2319 3021 amico.

984 3037 1162 3091 Tlieol.
1186 3036 1259 3088 Ite
1286 3037 1516 3098 alacres,
1541 3037 1784 3104 nihilque
1813 3036 2199 3090 reformidetis.

986 3105 1191 3178 fiestpe
1213 3107 1358 3160 enim
1391 3109 1514 3178 vita:
1545 3107 1873 3178 moderator,
1903 3107 1996 3174 qui
2033 3107 2292 3178 Optimam
2327 3110 2778 3178 tranquillitatem

981 3175 1256 3238 Largitur,
1291 3185 1343 3227 et
1380 3177 1646 3231 sinceram
1676 3176 1994 3229 charitatem
2021 3187 2076 3229 ct
2105 3175 2473 3241 dilectionem,

985 3243 1123 3299 1800
1163 3245 1228 3298 Ει
1256 3261 1448 3314 sapere
1478 3255 1641 3307 recte,
1675 3254 1728 3300 et
1761 3247 2104 3300 continentes
2130 3260 2250 3298 esse
2285 3247 2336 3299 in
2367 3249 2499 3310 vita,

980 3315 1057 3369 Ita
1089 3325 1378 3369 conservat
1405 3317 1611 3377 omnia,
1640 3323 1700 3368 ut
1735 3316 1955 3369 immuta
1988 3325 2376 3383 permaneant;

981 3385 1124 3440 Deus
1157 3389 1300 3439 enim
1335 3386 1518 3439 omnia
1548 3387 1716 3445 novit.
1751 3393 1804 3437 ct
1845 3385 2118 3453 sapienter
2142 3383 2371 3452 jndicat.

979 3454 1197 3524 .loseph.
1240 3454 1318 3508 Tu
1353 3455 1571 3525 quidem
1606 3455 1734 3508 mihi
1771 3471 1882 3508 rem
1914 3454 2230 3523 persuades,
2261 3466 2315 3510 et
2343 3459 2452 3513 tuis
2478 3461 2642 3514 credo
2678 3460 2879 3522 verbis,

981 3526 1349 3593 Ordinemque
1373 3541 1619 3588 servans,
1644 3527 1778 3580 abeo
1810 3525 1947 3578 liber
1969 3539 1996 3577 a
2029 3531 2194 3578 metu.

985 3596 1124 3650 1805
1166 3595 1346 3650 Tlieol.
1383 3595 1481 3656 lle.
1509 3612 1597 3650 res
1627 3596 1927 3649 amicorum
1964 3609 2073 3665 quo
2096 3595 2351 3649 videntur
2381 3597 2668 3662 curandae;

983 3666 1090 3734 Ipsi
1121 3681 1271 3720 meos
1301 3681 1586 3721 sermones
1612 3681 1771 3719 veros
1801 3681 1923 3719 esse
1950 3668 2312 3734 cognoscetis.

992 3735 1296 3804 Sequimini
1329 3753 1424 3806 vos
1456 3739 1640 3798 etiam,
1675 3737 1884 3806 puella),
1918 3752 2042 3790 cum
2077 3743 2251 3806 matre
2283 3752 2422 3793 mea.

993 3807 1316 3873 Sequimini.
1349 3805 1590 3867 Christo,
1624 3805 1883 3873 tanquam
1917 3807 2106 3864 lorica,
2144 3805 2356 3860 animos
2391 3807 2612 3871 indutae,

995 3875 1058 3926 lit
1088 3877 1371 3942 impavida:
1402 3877 1537 3929 meis
1564 3876 1800 3930 insistite
1830 3876 2107 3943 gressibus
2136 3892 2148 3926 :

999 3945 1456 4016 1312-1313
1502 3945 1634 3998 1810
1664 3943 1961 3998 Ostendam
1995 3947 2139 3999 enim
2172 3943 2327 3999 vobis
2361 3945 2605 4010 domum,
2637 3963 2744 4020 qua
2780 3957 3103 4018 pernoctare
3136 3960 3371 4020 oportet.

565 4119 696 4172 1700
725 4123 833 4175 Καὶ
857 4122 986 4190 τῆς.
1030 4121 1170 4175 Ειιίιί
1200 4122 1293 4173 καὶ
1319 4123 1451 4183 τοῖς.

563 4191 700 4244 1805
725 4194 806 4245 Σύ
841 4188 930 4246 τοί
945 4188 1028 4262 ’με
1061 4192 1304 4254 πείθεις.
1343 4191 1417 4244 Ita
1453 4190 1610 4245 Rhea.
1648 4188 1806 4245 Paris
1843 4188 2064 4245 Hectori

490 4262 784 4328 respondet
811 4261 961 4316 vers.
989 4261 1114 4322 665,
1141 4270 1246 4314 etc.

2249 4119 2596 4192 1810158150)
2629 4123 2739 4192 γὰρ
2761 4119 2946 4186 οἷκον,
2980 4133 3085 4179 etc.
3144 4124 3234 4176 Sic
3275 4123 3431 4178 RIICS.
3478 4141 3601 4179 vers
3655 4127 3760 4183 ΗΘ

2176 4188 2374 4271 lieetor
2395 4189 2575 4246 Rheso
2600 4188 2777 4272 locum
2807 4195 3076 4265 designat,
3115 4195 3166 4249 in
3192 4210 3300 4263 quo
3330 4205 3758 4264 pernoctaturus

2175 4270 2244 4314 Sit
2274 4270 2446 4326 ipsius
2478 4270 2772 4317 exercitus.

1793 4441 2126 4503 METIUCA
2154 4422 2450 4504 V'ERSIO.

493 4629 699 4701 Tertia,
724 4631 951 4701 nitentis
989 4631 1229 4701 proferat
1255 4631 1388 4686 solis
1409 4631 1590 4698 jubar.

490 4700 707 4771 {oseplu
741 4700 969 4757 Videam
991 4700 1142 4755 diem
1173 4701 1356 4762 istam.
1381 4701 2065 4770 cupio,jncundissiinam,

493 4769 719 4826 Videam
743 4773 973 4838 utinam,
1003 4773 1213 4827 utinam
1242 4769 1964 4839 aiuicusegomiraculumt

491 4839 670 4912 Nunc.
695 4841 1010 4905 Nicodeme,
1042 4844 1263 4911 adjutor
1294 4843 1479 4912 operis
1498 4843 1721 4911 optime.

494 4911 770 4984 abeamus
798 4913 925 4966 hinc
951 4930 1201 4984 propere,
1229 4921 1282 4966 et
1307 4911 1445 4984 huic
1463 4914 1683 4981 populo,
1720 4913 1846 4967 licet

497 4980 653 5052 Saevo
688 4980 982 5051 impieque,
1019 4980 1317 5051 patriaeque
1349 4980 1681 5052 ipsioptimc

495 5051 815 5121 l’recemur,
847 5054 1049 5121 aliquid
1083 5070 1150 5107 ne
1181 5053 1323 5108 Deus
1354 5051 1526 5106 Struai
1557 5054 1704 5116 novi,

503 5119 740 5189 Uterque
767 5119 958 5175 saltem
988 5121 1114 5175 dum
1155 5125 1325 5175 trahit
1355 5139 1466 5176 suze
1497 5122 1640 5174 diem
1707 5167 1720 5184 ,

498 5189 635 5244 Vita:
661 5205 998 5259 moramque.
1029 5193 1163 5245 Cum
1188 5193 1388 5256 juvene
1415 5192 1749 5252 castissime,

498 5261 602 5324 Tu,
632 5260 796 5313 chara
839 5260 1018 5331 Virgo,
1055 5275 1156 5314 nos
1190 5266 1395 5314 amicos
1424 5261 1640 5328 :uljuva,

498 5331 759 5386 Confecta
791 5331 940 5384 luctu
974 5333 1051 5385 sis
1082 5331 1227 5392 licet,
1262 5333 1478 5384 domina
1511 5339 1690 5384 tamen

501 5403 563 5455 lit
599 5412 770 5456 mater
795 5403 914 5469 ejus
947 5403 1034 5455 cui
1073 5401 1258 5454 datum
1289 5417 1457 5454 unam
1497 5411 1660 5469 atque
1693 5400 1920 5455 alteram

499 5471 712 5525 Habere
741 5481 1014 5534 naturam,
1043 5480 1101 5524 ut
1130 5471 1206 5525 tui
1233 5472 1360 5524 olim
1391 5469 1507 5524 Filii

500 5541 814 5613 Discipulos
846 5545 961 5613 ipse
994 5543 1124 5596 mihi
1159 5541 1374 5613 suadet,
1407 5542 1622 5611 adjuva.

500 5610 664 5681 [)eip.
695 5611 794 5674 lto,
828 5610 1121 5667 comitatus
1150 5610 1587 5681 Nicodcuio,qui
1619 5622 1777 5667 antea

502 5677 814 5749 Discipulus
850 5685 925 5737 illi
963 5694 1123 5738 nocte
1147 5684 1320 5746 visus,
1353 5677 1594 5736 omnium

503 5749 654 5805 Nune
684 5761 951 5821 quotquot
981 5761 1223 5817 exstant,
1257 5754 1308 5806 in
1341 5754 1444 5806 [ide
1472 5752 1793 5808 notissimus

2100 4643 2145 4701 Β
2173 4632 2376 4685 Tecum
2404 4632 2668 4701 probatur
2697 4651 2708 4686 :
2738 4633 2814 4686 ito
2834 4634 2968 4700 jam,
2997 4643 3161 4701 atque
3183 4636 3411 4687 enuntia

2179 4701 2367 4772 Hiram
2400 4703 2654 4772 omnibus
2679 4703 3002 4757 mortalibus
3039 4706 3354 4772 potentiam.

2181 4771 2362 4842 Ilieol.
2405 4771 2532 4825 Laati
2565 4773 2656 4834 ite,
2688 4788 2786 4826 nec
2811 4788 2908 4826 vos
2934 4771 3131 4842 aliquis
3154 4773 3374 4827 invadat.
3402 4789 3591 4842 pavor.

2179 4839 2312 4894 Nam
2345 4843 2468 4895 vita:
2499 4843 2742 4897 honestae
2770 4859 2870 4897 nec
2905 4839 3048 4896 metu
3083 4845 3192 4896 ullo
3221 4839 3471 4910 iurbidlc,

2180 4912 2245 4982 Et
2275 4912 2559 4966 Chai-italis
2592 4914 2835 4981 iulegrm,
2868 4920 2921 4966 et
2953 4915 3336 4982 piacidissinue

2183 4981 2527 5052 tloucordim,
2556 4991 2608 5035 et
2633 4984 2938 5052 sapientiae,
2957 4981 3017 5036 et
3051 4987 3330 5038 modestia:

2186 5050 2326 5112 Dux,
2356 5050 2552 5104 cuneta
2581 5050 2784 5115 servat,
2817 5057 3036 5108 concuti
3073 5064 3130 5106 ut
3162 5056 3312 5107 nullo
3345 5054 3508 5107 modo

2184 5120 2497 5191 Frangique
2529 5123 2773 5190 possint;
2805 5125 2987 5177 omnia
3013 5135 3070 5177 ut
3098 5127 3247 5177 novit
3273 5125 3434 5188 Dens,

2187 5191 2476 5262 Sapienter
2499 5192 2639 5245 idem
2666 5209 2878 5262 semper
2901 5195 3082 5247 omnia
3114 5195 3346 5262 judicat.

2183 5259 2396 5332 {oseplL
2432 5261 2558 5314 Mihi
2590 5259 2908 5332 persuades,
2943 5276 2993 5317 ct
3022 5259 3131 5318 tuis
3164 5266 3326 5318 dictis
3361 5264 3515 5317 Iidem

2187 5329 2394 5394 llabeo,
2430 5341 2574 5385 metu
2592 5329 2711 5399 'jam
2746 5335 2945 5386 liberer
2979 5350 3205 5388 servans
3233 5336 3469 5386 modum.

2188 5399 2370 5454 Theol.
2407 5401 2498 5464 Ite,
2529 5410 2587 5454 nt
2613 5403 2844 5466 videtur,
2879 5419 2964 5459 res
2995 5405 3298 5457 amicorum
3333 5405 3551 5458 interim

2184 5471 2479 5544 Curatum;
2509 5483 2560 5525 at
2595 5474 2708 5541 ipsa
2741 5489 2816 5533 re,
2850 5489 2969 5526 inea
2999 5475 3351 5544 experieruini

2183 5539 2302 5594 Jaui
2335 5543 2519 5596 verba.
2557 5539 2658 5595 Sed
2695 5558 2809 5603 vos,
2837 5558 2869 5595 ο
2908 5539 3116 5611 puellae,
3145 5561 3268 5598 eum
3301 5560 3417 5599 mea

2185 5611 2357 5682 Matre
2381 5614 2668 5680 sequimini
2700 5624 2753 5667 et
2789 5614 2840 5665 in
2865 5614 3084 5667 Christo
3121 5617 3303 5667 animo
3333 5615 3488 5668 hilari
3522 5617 3746 5682 excitae,

2188 5681 2254 5734 lit
2288 5691 2477 5751 pectus
2511 5694 2750 5742 armata).
2783 5683 2915 5737 nihil
2945 5685 3238 5752 pavescitc.

2190 5752 2334 5816 Quin
2361 5768 2445 5808 mc
2477 5753 2788 5821 sequimini,
2819 5754 2905 5807 hic.
2935 5755 3245 5810 indicavero
3283 5753 3526 5818 domum,
