4032 6212
268 323 382 378 557
1300 324 1408 384 ΑΒ
1436 329 1744 386 (ZARMINA
1785 329 1842 387 S.
1886 329 2213 389 GREGORll
2252 327 2499 386 THEO...

266 322 382 378 55:7

358 444 565 515 Ταύτην
585 443 814 517 ὁῖΣωτὴρ
847 445 906 498 ἓν
931 443 1284 514 Εὐαγγελίοις
1310 446 1406 518 τὴν
1434 449 1744 520 παραϐολὴν
1772 448 1847 502 εἴ-

266 555 470 612 ρηκεν,
498 538 578 590 ὅτι
601 536 854 602 πλούσιός
875 555 957 601 τις
984 533 1051 609 ἦν
1078 537 1363 610 πορφύραν
1387 539 1846 612 ἐνδιδυσκόμενος,

264 628 371 681 καὶ
405 625 526 679 καθ’
564 625 779 697 ἡμέραν
811 626 1264 698 εὐφραινόμενος·
1309 628 1499 682 τούτου
1533 629 1588 683 δὲ
1617 633 1848 704 προσέρ-

267 721 443 790 ριπτο
493 719 615 779 ταῖς
669 715 868 780 πύλαις
922 719 1134 787 πτωχός
1185 736 1271 783 τις
1313 719 1560 792 Λάζαρος
1613 721 1846 794 τούνομα

263 809 594 880 ἡλκωμένος
633 810 698 879 τῇ
733 808 976 879 πτωχείᾳ
1003 827 1015 837 ·
1058 809 1136 880 τῷ
1171 810 1302 878 γοῦν
1333 811 1570 882 πλουσίῳ
1600 813 1850 884 διακεχυ-

269 901 424 971 μένῳ
462 900 640 970 τρυφῇ
689 916 748 952 τε
795 899 892 952 καὶ
935 902 1056 961 ταῖς
1107 899 1249 953 κατὰ
1287 901 1378 954 τὸν
1425 902 1538 972 βίον
1571 903 1848 974 εὐθηνίαις

264 991 329 1043 εὐ
339 989 574 1059 ροοῧντι,
597 989 815 1060 φροντὶς
829 988 1051 1058 οὐδεμία
1072 989 1166 1042 τοῦ
1192 991 1420 1062 πένητος
1440 989 1529 1063 ἦν·
1555 994 1649 1046 καὶ
1675 993 1847 1047 ταῦτα

264 1078 528 1150 χαλεπῶς
548 1078 676 1149 περὶ
701 1078 763 1130 τὸ
787 1077 944 1148 σῶμα
965 1079 1307 1150 διακειμένου
1331 1082 1424 1136 καί
1447 1083 1554 1137 τῶν
1580 1084 1677 1154 τῆς
1705 1083 1849 1137 ἐκείοι

263 1189 368 1224 νου
407 1171 690 1245 τραπέζης
733 1171 1182 1241 περιττευμάτων
1223 1173 1571 1244 ἐντετηκότος
1597 1192 1610 1206 ·
1647 1177 1706 1228 οὐ
1741 1176 1845 1248 μὴν

263 1261 411 1317 ἀλλά
459 1263 553 1316 καὶ
597 1262 723 1324 τούς
767 1261 934 1325 κύνας
969 1262 1186 1332 λέγεται
1221 1263 1314 1317 τοῦ
1353 1265 1604 1319 πλουσίου
1650 1267 1716 1320 τά
1751 1266 1844 1321 τοῦ

266 1352 495 1424 πτωχοῦ
539 1353 829 1424 τραύματα
880 1353 1241 1424 καταλείχειν,
1291 1357 1607 1428 προσθήκην
1648 1358 1845 1426 ἄλγους

264 1443 638 1514 ἐμποιοῦντας
667 1444 747 1515 τῷ
777 1445 1047 1516 μηδεμιᾶς
1067 1445 1358 1518 θεραπείας
1382 1449 1486 1502 ὐπὸ
1507 1449 1616 1503 τῶν
1642 1451 1844 1521 κυρίων

262 1536 453 1589 αὐτῶν
486 1535 800 1607 ἡξιωμένῳ·
832 1537 1002 1609 ταύτῃ
1051 1538 1142 1591 τὸν
1191 1538 1440 1593 πλούσιον
1471 1541 1696 1611 ἀπηνῶς
1730 1542 1845 1596 δια-

261 1627 546 1698 κείμενον,
578 1628 909 1699 εὐχαρίστως
928 1631 986 1684 δὲ
1019 1629 1108 1682 τὸν
1139 1630 1341 1701 πένητα
1364 1631 1838 1704 διακαρτεροῦντα,

262 1719 616 1789 ἀμφοτέρους
648 1719 1082 1796 ἀναρπασθῆναι,
1117 1722 1211 1774 καὶ
1250 1723 1382 1793 πρὸς
1410 1725 1502 1777 τὸν
1533 1723 1838 1794 ὡρισμένον

264 1810 606 1880 καταστῆναι
640 1810 837 1873 τόπον,
861 1810 980 1864 ὅθεν
1001 1811 1092 1865 τὸν
1115 1811 1372 1884 πλούσιον
1397 1816 1636 1884 κατεῖχε·
1667 1815 1757 1868 τὸν
1784 1814 1843 1868 δὲ

267 1902 472 1973 μικρὸν
490 1901 857 1956 άνανεύσαντα
876 1901 969 1972 (πῦ
975 1920 1007 1974 ρ
1028 1903 1084 1956 δὲ
1098 1898 1166 1976 ἦν
1183 1878 1499 1974 ὐποσμῗῦχον
1525 1906 1614 1959 καὶ
1630 1906 1842 1976 σκώληξ

263 1995 601 2066 πικρότατος
613 1993 1060 2066 διερεθίζων),τὸν
1075 1994 1282 2068 πένητα
1293 1996 1538 2069 Λάζαρον
1550 1997 1841 2052 θεάσασθαι

262 2084 486 2152 λέγεται
511 2088 922 2155 πατριαρχικοίς
959 2085 1203 2149 πλατέως
1241 2087 1695 2157 ὲπικαθεζόμενον
1719 2090 1841 2142 κόλ-

265 2192 412 2239 ποις,
437 2175 654 2239 πολλαῖς
685 2193 743 2228 τε
759 2176 1104 2246 δορυφορίαις
1124 2195 1196 2230 πα
1205 2179 1437 2248 ρακαλού
1445 2197 1602 2249 μενον
1622 2198 1634 2210 ·
1663 2184 1840 2252 φωνῆ-

270 2269 359 2323 ut
370 2285 430 2322 τε
444 2268 538 2322 τὸν
551 2268 848 2340 δορυφόρον
879 2265 1143 2338 Ἀϐραάμ,
1167 2271 1373 2322 ἐκεῖνον
1385 2271 1532 2342 αὐτῷ
1545 2271 1634 2325 τὸν
1651 2274 1839 2344 πρώην

271 2362 698 2431 παρεωραμένον
726 2359 974 2432 Λάζαρον
992 2360 1310 2414 ἀποστεῖλαι
1331 2362 1562 2432 ρανίδος,
1592 2363 1730 2416 ὥστε
1760 2365 1841 2436 τῷ

272 2451 596 2521 σμυχομένῳ
615 2450 833 2521 δίυγρόν
852 2468 904 2504 τι
927 2450 1106 2522 μικρῷ
1120 2451 1370 2523 δακτύλῳ
1389 2455 1836 2524 προσεπιστάξαι·

273 2540 367 2593 the
419 2539 481 2592 δὲ
533 2540 872 2612 πατριάρχην
915 2539 989 2611 μὴ
1044 2540 1264 2595 δυνατὸν
1309 2539 1449 2598 εἶναι
1493 2545 1629 2616 πρὸς
1681 2544 1837 2615 λόγον

279 2629 732 2701 ἀπαμειϐόμενον,
754 2631 852 2685 τοῦ
887 2632 1113 2698 πένθους
1141 2633 1289 2705 αὐτῷ
1311 2634 1409 2704 τῆς
1437 2635 1837 2708 ἀπροσδοκήτου

283 2721 583 2791 σωτηρίας,
613 2723 990 2794 περισσότερον
1012 2723 1175 2792 ἄλγος
1205 2725 1305 2794 τῆς
1340 2724 1575 2795 βασάνου
1605 2744 1840 2798 προσκα-

281 2811 547 2881 ταστῆσαι
569 2828 582 2842 ·
614 2813 700 2866 καὶ
717 2813 904 2884 χάσμα
922 2813 978 2868 δὲ
1011 2815 1138 2883 περὶ
1165 2815 1362 2878 αὐτοὺς
1391 2815 1643 2886 μέγιστον
1676 2817 1839 2890 ήδρᾶ-

276 2904 402 2957 σθαί
431 2922 583 2976 φησι,
610 2905 716 2958 τῶν
747 2906 913 2976 ὁρίων
935 2908 1118 2970 αὐτοῖς
1148 2907 1484 2962 άδιεκϐάτων
1518 2909 1707 2976 ὄντων,
1743 2909 1838 2965 καὶ

271 2997 485 3052 ἀϐάτων
525 2998 665 3068 πρὸς
721 2997 982 3070 ἀλλήλους
1028 2999 1463 3070 καθεστηκότων,
1516 2999 1692 3072 πέρας
1731 2997 1833 3057 ὧδε

279 3085 362 3155 τῆς
412 3087 618 3150 κακίας
667 3089 1121 3160 ὲπεσφραγῖσθαι,
1167 3092 1278 3154 τοῖς
1321 3084 1432 3155 οἷος
1480 3093 1686 3160 ἐκεῖνος
1728 3095 1834 3150 ἀπ.

279 3177 413 3245 ηνέσι
439 3177 939 3249 διαϐεϐαιούμενος·
979 3180 1230 3234 πλούσιον
1257 3183 1315 3235 ὲν
1345 3182 1538 3237 πάθεσί
1569 3201 1721 3257 φησι,
1742 3187 1835 3242 τὸν

3413 320 3520 376 558

1949 450 2172 512 πολλαῖς
2216 447 2592 520 ὲμφυρόμενον
2644 443 2976 516 ἁμαρτίαις·
3027 441 3275 511 Λάζαρον
3320 438 3378 492 δὲ
3426 437 3521 492 τδο

1949 543 2130 605 ἐλέους
2149 540 2442 611 ἠξιωμένον
2470 537 2679 611 ῥανίδα,
2701 536 2793 589 τὸν
2822 535 2966 589 θεῖον
2986 530 3329 603 ὑποληπτέον
3356 529 3520 597 λόγον

1946 634 2065 692 ταῖς
2107 630 2424 700 καιομέναις
2457 627 2651 680 πάθεσι
2696 625 2911 696 ψυχαῖς,
2962 623 3068 676 ὐπὸ
3098 620 3208 674 τῶν
3246 617 3521 688 θεοφόρων

1952 721 2310 791 στιζόμενον·
2367 720 2554 791 χάσμα
2578 717 2635 771 δὲ
2667 717 2766 788 τὴν
2820 714 3154 786 ἀμετάθετον
3207 711 3272 763 ὲκ
3321 707 3519 770 κακίας

1951 810 2244 887 ῥαθυμίαν,
2272 813 2338 884 ἢν
2362 811 2692 882 συνέκδημον
2715 809 2955 863 λαϐοῦσα
2983 809 3016 878 ἡ
3043 802 3314 860 παναθλία
3345 800 3516 872 ψυχὴ,

1947 906 2184 975 χάσματι
2211 905 2304 957 καὶ
2344 902 2476 973 πυρὶ
2509 899 2847 971 βυθισθῆναι,
2882 895 3153 968 σωτηρίας
3191 890 3382 944 ἐλπίδα
3412 906 3519 960 μη·-

1949 995 2064 1048 κέτι
2088 993 2414 1064 κεκτημένη·
2446 989 2634 1044 κόλποι
2661 987 2718 1041 δὲ
2746 987 3094 1058 νοηθήσονται
3121 981 3213 1036 τοῦ
3251 979 3514 1051 Ἁϐραάμ,

1946 1088 2000 1139 αί
2031 1086 2136 1138 τῶν
2169 1086 2338 1152 ἁγίων
2370 1080 2671 1151 διατριϐαί·
2710 1079 2884 1150 τούτῳ
2923 1078 3032 1147 γὰρ
3069 1074 3164 1148 τὴν
3207 1073 3304 1143 τῆς
3343 1074 3513 1138 ἐπαγ-

1945 1178 2128 1247 γελίας
2156 1177 2418 1246 ὑπέσχετο
2459 1175 2560 1244 γῆν
2597 1175 2624 1226 ό
2666 1171 2829 1234 Θεὸς,
2873 1166 2940 1242 ἧς
2979 1167 3119 1237 γάλα
3168 1165 3262 1218 καὶ
3292 1163 3410 1233 μέλι
3435 1162 3512 1215 δι-

1945 1265 2142 1336 εκρέει·
2172 1264 2302 1325 θεὸς
2325 1263 2464 1324 θεοῖς
2482 1259 2884 1328 συγγινόμενος,
2915 1256 3007 1309 καὶ
3033 1253 3169 1324 πρὸς
3201 1249 3374 1303 αὐτῶν
3414 1249 3511 1300 ἀν-

1944 1355 2274 1427 υμνούμενος
2316 1353 2613 1423 άσιγήτως,
2671 1348 2915 1410 πλατέως
2956 1363 3014 1398 τε
3062 1343 3156 1397 καὶ
3193 1338 3513 1411 ἀπεράντως

1943 1445 2188 1513 θεολογού
2197 1461 2374 1514 μενος.

1943 1539 2046 1594 584
2075 1538 2240 1600 Εἰπὲ,
2275 1537 2374 1590 καὶ
2409 1534 2777 1604 αἱματόεσσα
2799 1533 2982 1600 ῥύσις
3006 1528 3210 1595 λήξειε
3231 1524 3510 1594 τάχιστα.

2014 1641 2133 1696 Τῶν
2172 1644 2230 1695 ὲν
2270 1645 2382 1704 τοῖς
2411 1637 2767 1707 Εὐαγγελίοις
2809 1633 3100 1705 θαυμάτων
3149 1629 3511 1698 ἀναγωγικῶς

1946 1733 2289 1806 μεμνημένος
2309 1774 2323 1798 ,
2353 1731 2490 1802 πρὸς
2517 1728 2750 1800 Χριστὸν
2779 1725 2939 1780 αὐτὸν
2969 1723 3273 1791 διαλέγεται
3293 1738 3306 1752 ·
3348 1720 3509 1790 Λόγῳ

1940 1824 2047 1896 γάρ
2081 1825 2220 1886 είπὲ,
2257 1823 2426 1894 φησὶ,
2469 1823 2562 1875 καὶ
2592 1821 2691 1891 τῆς
2734 1819 2911 1888 ψυχῆς
2946 1817 2979 1886 ή
3018 1811 3331 1885 αἱματώδηέ
3377 1811 3510 1880 στῆ-ν

1943 1935 2090 1972 σεται
2119 1917 2306 1989 ῥύσις·
2350 1916 2504 1988 ρύσις
2543 1914 2788 1984 αἱμάτων
2831 1911 2886 1964 δὲ
2927 1903 3509 1981 προκαταϐεϐλημένου

1938 2008 2251 2081 τραύματος
2285 2006 2497 2078 πληγὴν
2523 2004 2864 2058 ὑποδείκνυσι
2883 2018 2896 2032 ·
2925 1999 3006 2070 τῷ
3023 1999 3132 2070 γὰρ
3162 1995 3504 2066 τετρωμένῳ,

1938 2102 2036 2171 τῆς
2068 2099 2293 2169 ὠτειλῆς
2325 2099 2488 2168 ἐκροή
2514 2113 2597 2159 τις
2621 2094 2961 2165 παρέπεται·
2985 2089 3244 2159 ταχίστην
3282 2087 3336 2138 δὲ
3357 2084 3507 2156 λῆξίν

1942 2210 2123 2264 φησιν,
2156 2193 2220 2244 ἐκ
2247 2189 2579 2260 παραγώγου
2625 2187 2930 2256 σχήματος·
2965 2181 3263 2253 αἱμόρρους
3292 2177 3400 2249 γάρ
3423 2192 3508 2238 τις

1939 2284 2075 2354 γυνὴ
2099 2280 2418 2335 δυοκαίδεκα
2453 2279 2659 2350 χρόνων
2699 2275 2777 2346 τῷ
2804 2273 2968 2328 πάθει
3011 2270 3367 2340 κατεχομένη,
3397 2267 3507 2320 τῶν

1939 2372 2256 2444 κρασπέδων
2309 2369 2404 2423 τοῦ
2453 2367 2686 2441 Χριστοῦ
2717 2365 2990 2436 λαθραίως
3019 2361 3298 2434 ἁψαμένη,
3328 2375 3507 2430 παρα-

1939 2465 2131 2536 χρῆμα
2161 2464 2262 2534 τῆς
2289 2462 2446 2516 νόσου
2481 2459 2791 2530 ἀπηλλάγη.

1940 2575 2044 2630 585
2076 2574 2238 2634 Εἰπὲ,
2265 2573 2362 2628 καί
2402 2571 2679 2641 sumit-ets
2709 2567 2876 2641 συῶν
2904 2565 3130 2641 ἀγέλην
3156 2559 3450 2632 λεγεῶνος

1940 2646 2043 2700 586
2076 2643 2439 2716 Πνεῦμιηκαί
2567 2639 2899 2707 πελάγεσσι
2923 2635 3118 2688 πέσοι.

2010 2734 2130 2787 Τῶν
2173 2735 2231 2787 ὲν
2266 2731 2620 2802 Εὐαγγελίοις
2663 2729 2955 2799 θαυμάτων
2996 2725 3090 2778 καὶ
3127 2721 3318 2777 τοῦτο·
3362 2721 3507 2776 κατὰ

1938 2825 2045 2898 γὰρ
2075 2825 2172 2896 τὴν
2199 2825 2308 2879 τῶν
2337 2822 2689 2896 Γεργεσηνῶν
2722 2821 2905 2892 χώραν
2928 2814 2996 2888 ἦν
3025 2834 3107 2880 τις
3142 2813 3410 2886 δαιμονῶν
3445 2813 3508 2869 ὲν

1939 2919 2050 2981 τοῖς
2086 2917 2402 2987 μνημείοις·
2433 2915 2500 2968 δι’
2549 2914 2608 2966 ὃν
2639 2912 2837 2974 ἄϐατος
2881 2907 2947 2981 ἦν
2985 2911 3014 2963 ὁ
3051 2909 3252 2972 τόπος,
3295 2904 3506 2960 πολλῶν

1939 3007 2207 3079 διαφόρως
2231 3007 2320 3060 ὐπ’
2351 3005 2511 3059 αὐτοῦ
2545 3002 3002 3074 κατατρωθέντων
3021 3019 3036 3032 ·
3068 2998 3255 3054 τοῦτον
3299 2995 3506 3066 Ἰησοῦς

1940 3098 2066 3168 ὑγιῆ
2090 3097 2454 3168 καταστήσας,
2480 3095 2680 3167 χοίρων
2706 3091 2892 3148 αὐτόθι
2911 3090 3244 3162 νεμομένων,
3266 3089 3369 3142 ὐπὸ
3395 3090 3505 3142 τῶν

1939 3188 2206 3259 δαιμόνων
2239 3186 2483 3254 ἀξιοῦται
2509 3188 2620 3251 τοῖς
2657 3185 2858 3256 χοίροις
2889 3183 3085 3242 αὐτοὺς
3120 3180 3409 3252 ἐπιτρέψαι
3443 3181 3510 3240 τὸ

267 3355 676 3434 opportunitate
713 3370 992 3418 concessa.
1032 3356 1086 3410 in
1138 3361 1683 3434 montcnrascendit.
1720 3361 1951 3418 Sodoma
1982 3379 2177 3434 nempe
2203 3362 2422 3419 divinus
2459 3361 2756 3434 Gregorius
2800 3375 2923 3434 esse
2955 3356 3417 3434 perseverantiam
3450 3355 3504 3434 in

269 3422 526 3492 peccatis,
562 3422 873 3504 Lot_autem
901 3441 1188 3504 personam
1219 3431 1437 3484 virtutis
1466 3432 1740 3488 sustinere
1761 3434 1894 3488 dicit
1924 3449 1938 3485 :
1973 3435 2067 3503 qui
2096 3422 2259 3504 porro
2286 3449 2314 3487 a
2349 3422 2879 3504 peccato'discessit.
2909 3422 2974 3504 ne
3008 3428 3242 3496 amplius
3273 3427 3340 3504 ad
3365 3424 3498 3479 illud

270 3505 594 3566 revertatur,
614 3495 906 3566 admonet,
944 3496 1045 3549 hoc
1073 3500 1215 3550 enim
1246 3506 1331 3553 est
1359 3509 1655 3556 retrorsum
1693 3505 1876 3558 videre
1914 3495 2053 3558 etin
2097 3495 2404 3557 columnam
2448 3504 2577 3557 salis
2615 3499 2966 3556 transmutari
2997 3514 3011 3550 :
3049 3495 3174 3551 nam
3217 3498 3343 3566 quia
3373 3510 3509 3550 uxor

273 3561 372 3616 Lot
402 3563 854 3642 ad_cupiditatem
884 3566 1143 3642 respexit,
1191 3570 1388 3642 merito
1424 3572 1524 3625 hoc
1556 3587 1716 3640 passa
1746 3580 1828 3627 est
1862 3591 1874 3627 :
1908 3575 2162 3627 columna
2197 3583 2375 3626 autem
2409 3581 2492 3627 est
2515 3581 2700 3642 aperta
2724 3571 2861 3642 lacti
2895 3565 3195 3630 accusatio,
3217 3561 3270 3619 iit
3308 3579 3506 3642 perpe-

265 3643 417 3712 tuum
462 3633 726 3712 duratura
765 3651 777 3685 :
813 3636 945 3712 urbs
979 3633 1148 3712 §egor
1182 3633 1766 3712 deniqueexplieanda
1808 3653 1892 3698 est
1933 3658 2028 3712 per
2072 3645 2306 3695 animant
2358 3633 2563 3698 virtute
2599 3641 2999 3712 confirmatam,
3043 3652 3164 3712 quae
3203 3633 3506 3712 secundum

268 3703 438 3757 Deum
475 3703 762 3784 gradatim.
782 3703 848 3757 ad
879 3703 1536 3784 perfectioaisfastigium
1565 3711 1885 3776 ascendere,
1917 3703 2095 3782 neque
2117 3728 2244 3766 vero
2279 3713 2333 3766 in
2363 3712 2510 3767 ostio
2540 3726 2823 3767 remanere
2850 3708 3028 3770 debet,
3061 3703 3197 3776 quia
3233 3705 3337 3760 hoc
3365 3720 3505 3776 quo-

264 3788 368 3842 que
389 3774 659 3827 socordiae
688 3774 892 3827 crimen
923 3790 1080 3844 poena
1110 3777 1363 3830 allicitur.

334 3867 395 3918 In
428 3863 739 3938 Evangeliis
769 3864 1019 3919 Salvator
1040 3866 1178 3920 hanc
1205 3869 1516 3938 paraholam
1541 3865 1826 3938 proposuit
1859 3886 1874 3923 :
1909 3863 2215 3938 Erat_dives
2243 3879 2482 3936 purpura
2509 3863 2730 3919 indutus
2753 3873 2805 3918 et
2833 3867 3078 3937 quotidie
3108 3867 3255 3938 laute
3277 3867 3494 3931 vivens,

260 3935 329 4007 ad
371 3934 539 4007 cujus
575 3942 760 4002 portas
799 3934 1219 4007 prorolvebatur
1259 3953 1462 4007 pauper
1498 3934 1740 4007 quidam,
1784 3937 2005 3990 nomine
2048 3934 2311 4001 Lazarus,
2351 3934 2573 3990 summa
2603 3934 2863 4007 egestate
2889 3939 3178 3992 laceratus.
3215 3937 3336 3992 Jam
3373 3950 3505 3992 vero

261 4005 416 4078 dives
447 4005 785 4078 qui_luxuria
820 4005 1099 4060 dililuebat
1137 4005 1496 4078 domibusque
1520 4005 1645 4060 'vitaz
1679 4006 1837 4078 honis
1878 4007 2214 4066 abundabat,
2263 4007 2464 4059 nullam
2498 4005 2749 4073 pauperis
2783 4007 2969 4062 habuit
3001 4025 3210 4069 curam,
3243 4009 3497 4078 quamvis

263 4075 351 4129 hic
379 4074 561 4144 quoad
595 4089 792 4143 corpus
822 4078 1055 4144 pessime
1085 4092 1144 4130 se
1177 4077 1396 4131 haberet
1421 4082 1476 4132 et
1499 4078 1581 4130 vix
1621 4077 1796 4135 micis,
1824 4093 1944 4145 quae
1972 4093 2037 4130 ex
2070 4078 2211 4131 illius
2243 4092 2428 4130 nteusa
2460 4086 2801 4144 supererant,
2825 4079 2964 4132 male
2992 4074 3320 4131 nutriretur.
3352 4075 3503 4130 Prae-

263 4155 414 4215 terea
446 4159 578 4197 vero
609 4146 788 4215 etiam
831 4146 1011 4200 divitis
1044 4162 1206 4201 canes
1247 4148 1430 4202 ulcera
1477 4147 1729 4215 pauperis
1766 4148 1990 4202 linxisse
2032 4148 2261 4214 ejusque
2301 4146 2518 4200 dolores
2559 4145 2780 4199 auxisse
2823 4147 3102 4214 dicuntur,
3137 4147 3264 4201 dum
3308 4160 3500 4200 eorum

263 4214 471 4267 domini
504 4214 706 4286 nullam
731 4216 952 4268 omnino
983 4216 1133 4286 illius
1157 4217 1418 4270 rationem
1456 4214 1739 4269 haberent.
1782 4217 1916 4269 Cum
1951 4217 2116 4286 igitur
2150 4219 2302 4271 dives
2333 4227 2439 4268 tam
2471 4215 2764 4270 inhumane
2786 4232 2845 4271 se
2875 4226 3108 4286 gereret,
3145 4232 3352 4286 pauper
3375 4230 3504 4286 vero

264 4299 386 4355 cum
426 4284 726 4353 gratiarum
761 4285 974 4355 actione
1015 4283 1299 4354 perferret,
1351 4288 1510 4337 ambo
1541 4287 1898 4339 deaesscrunt
1939 4283 1993 4339 et
2026 4288 2091 4340 ad
2127 4287 2302 4340 locum
2336 4287 2757 4340 determinatum
2795 4283 3178 4355 per—venerunt,
3237 4283 3379 4340 unde
3414 4285 3504 4340 illo

263 4354 492 4426 divitem
524 4354 828 4420 conspexit.
864 4354 963 4426 llic
993 4363 1170 4407 autent
1204 4356 1483 4424 paululum
1513 4355 1785 4423 aspiciens
1814 4359 1954 4426 (erat
1987 4359 2242 4410 nimirum
2280 4356 2420 4426 ignis
2453 4355 2712 4408 hauriens
2753 4354 2808 4409 et
2853 4358 3053 4412 vermis
3102 4355 3498 4411 acerbissimos

265 4423 898 4496 stimulans),pa_uperem
926 4425 1184 4496 Lazarum
1210 4423 1271 4478 in
1303 4426 1426 4481 sinu
1459 4423 1829 4494 patriarchali'
1853 4428 2283 4495 requiescentem
2306 4423 2373 4496 et
2403 4425 2700 4496 satellitum
2736 4427 2952 4496 agmine
2993 4428 3301 4495 solatioque
3336 4440 3503 4480 orna-

263 4501 379 4546 tum
411 4493 793 4565 conspexisse,
826 4493 1206 4564 Abrahamque
1235 4493 1528 4550 satellitem
1560 4509 1782 4564 rogasse
1818 4493 2038 4559 dicitur,
2074 4508 2131 4550 ut
2167 4497 2316 4550 illum
2344 4495 2605 4549 Lazarum
2635 4493 3070 4565 olim'despectui
3108 4493 3348 4550 habitum
3372 4497 3502 4548 mit-

261 4570 403 4617 teret
429 4563 523 4631 qui
556 4563 749 4616 adusto
775 4572 980 4635 guttam
1013 4563 1167 4633 aqua:
1207 4566 1288 4619 vel
1335 4579 1500 4635 parvo
1525 4563 1695 4635 digito
1727 4566 2035 4620 instillaret.
2076 4566 2392 4619 Patriarcha
2425 4580 2552 4619 vero
2581 4567 2630 4620 ei
2663 4563 2944 4634 respondit
2972 4567 3074 4621 hoc
3116 4566 3230 4618 fieri
3271 4567 3501 4635 omnino

262 4649 371 4688 non
403 4648 589 4701 posse,
623 4642 785 4702 atque
819 4634 998 4688 subita
1031 4643 1083 4688 et
1115 4633 1482 4704 inexspectata
1513 4633 1718 4688 doloris
1747 4638 1952 4690 medela
1993 4639 2294 4690 cruciatum
2340 4635 2501 4689 etiam
2533 4633 3009 4690 intolerabiliorem
3043 4637 3091 4690 ei
3137 4643 3322 4704 postea
3362 4634 3499 4700 fore,

257 4717 483 4775 necnon
516 4719 889 4775 permagnam
921 4705 1178 4775 abyssum
1224 4705 1356 4758 dicit
1401 4706 1546 4758 circa
1587 4705 1736 4772 ipsos
1759 4706 2064 4775 stabilitum
2099 4722 2240 4767 esse,
2277 4711 2339 4775 et
2367 4705 2632 4760 terminos
2664 4705 2863 4773 quibus
2903 4722 3080 4775 neque
3117 4706 3297 4774 egredi
3341 4705 3500 4775 liceat

260 4788 441 4846 nerine
472 4772 707 4846 invicem
732 4772 1047 4846 convenire,
1081 4775 1168 4828 hic
1200 4791 1321 4830 esse
1352 4776 1687 4846 constitutos
1715 4773 1942 4846 aliirmat
1970 4785 2224 4846 tanquam
2259 4774 2392 4829 lines
2417 4776 2621 4846 peccati
2648 4772 2725 4846 iis
2749 4775 2876 4846 qui,
2894 4772 3037 4830 sicut
3075 4772 3183 4836 ille}
3207 4775 3373 4846 animi
3394 4774 3501 4846 du-

257 4843 688 4913 ritie‘laborent.
729 4843 952 4897 llivitem
988 4845 1324 4900 cruciatibus
1358 4853 1608 4898 vexatum
1639 4844 1770 4896 dicit
1801 4845 2036 4898 animam
2071 4843 2256 4898 multis
2286 4845 2522 4913 peccatis
2553 4845 2831 4912 pollutam.
2861 4845 3129 4902 Lazarus.
3163 4847 3253 4912 qui
3281 4844 3497 4899 miseri-

260 4911 476 4984 cordiae
509 4921 717 4981 guttam
747 4913 941 4984 alierre
966 4917 1310 4984 itnploralur,
1358 4914 1740 4983 intelligendus
1772 4922 1856 4967 est
1887 4915 1954 4968 de
1992 4916 2157 4969 verbo
2179 4911 2384 4976 divi—no,
2412 4911 2564 4983 quod
2600 4930 2628 4966 a
2661 4915 2792 4969 viris
2824 4914 3084 4969 divinitus
3121 4911 3398 4983 inapiratis
3441 4915 3494 4968 in

259 4982 481 5054 animas
527 4983 876 5054 passionibus
918 4982 1146 5054 adustas
1194 4985 1487 5040 instillatur
1522 4982 1548 5034 :'
1611 4984 1838 5054 abyssus
1886 4993 1969 5039 est
2013 4986 2260 5038 socordia
2308 4989 2551 5053 pertinax
2619 5000 2648 5038 e
2690 4996 2910 5053 peccato
2949 4982 3248 5048 contracta,
3333 4998 3494 5053 quam

258 5051 470 5125 misera
516 5051 727 5116 anima,
778 5053 927 5106 omni
980 5070 1076 5123 spe
1115 5055 1309 5110 Salutis
1355 5054 1636 5125 destituta,
1681 5051 1883 5125 sociam
1924 5057 2156 5110 assumit
2197 5065 2250 5108 et
2299 5051 2376 5108 sic
2411 5056 2609 5125 abysso
2652 5051 2704 5106 et
2735 5055 2856 5122 igne
2890 5057 3258 5124 sulnnergitur
3293 5051 3498 5125 :rs‘inus

257 5122 538 5194 Abraham
578 5122 1024 5194 estgsanctortun’
1063 5125 1422 5189 consuetudo,
1466 5124 1589 5178 huic
1624 5124 1765 5178 enim
1818 5123 1959 5179 lleus
2006 5125 2383 5194 promissionis
2415 5122 2608 5179 terram
2656 5128 3047 5194 spoponderat,
3086 5122 3137 5178 in
3171 5140 3278 5192 qua
3321 5124 3404 5177 lac
3442 5130 3500 5180 et

260 5192 374 5245 mel
405 5189 576 5247 ﬂuunt
608 5208 622 5245 :
661 5192 806 5248 Deus
829 5208 953 5247 cum
979 5194 1085 5248 diis
1116 5210 1470 5258 conversaris,
1503 5204 1556 5248 et
1583 5195 1652 5248 ab
1692 5195 1770 5248 eis
1800 5194 1906 5247 alta
1939 5189 2069 5249 voce
2098 5195 2348 5249 laudatus
2385 5206 2439 5248 et
2473 5189 2701 5247 multum
2737 5189 2798 5247 ac
2832 5210 3049 5264 semper
3077 5189 3405 5249 celebratus.

340 5288 599 5344 Miracula
630 5289 1047 5360 Evangeliorum
1075 5291 1367 5360 anagogice
1393 5304 1835 5360 commemorans
1858 5289 2232 5360 adAChrislum
2259 5290 2436 5359 ipsum
2468 5290 2738 5344 convertit
2762 5304 3068 5345 sermonem
3098 5307 3112 5342 :
3146 5289 3324 5346 Verbo
3349 5289 3492 5343 enim

261 5350 491 5423 dic,ait,
531 5371 585 5414 et
625 5350 820 5431 animse
849 5350 1483 5431 proioluvium'sanguinis
1505 5361 1793 5431 consistet.
1823 5357 2150 5431 Proﬂuvium
2181 5350 2359 5413 autem
2392 5361 2673 5430 sanguinis
2702 5361 2970 5430 signiﬁcat
3007 5362 3212 5428 accepti
3256 5361 3494 5414 vulneris

263 5435 496 5500 ptagam.
533 5429 806 5498 siquidem
847 5447 876 5483 e
900 5429 1125 5500 vulnere
1162 5429 1364 5484 inﬂicto
1394 5429 1681 5499 proﬂuvies
1714 5429 1958 5500 quaedam
1989 5445 2247 5484 emanare
2277 5432 2414 5485 solet
2446 5448 2459 5483 :
2501 5429 2837 5500 celerrimam
2865 5442 3067 5488 autem.
3105 5445 3273 5500 sensu
3295 5441 3497 5493 anagm

259 5499 412 5564 gica,
442 5500 635 5572 adesse
669 5501 757 5572 ait
793 5499 1106 5572 medelam:
1140 5502 1333 5572 mulier
1358 5498 1527 5572 enim.
1558 5517 1680 5569 qua:
1713 5498 1806 5570 per
1843 5500 2130 5572 duodecim
2175 5514 2347 5572 annos
2383 5501 2664 5571 sanguinis
2698 5499 2948 5572 proﬂuvii
2989 5499 3178 5552 morbo
3208 5498 3492 5562 laboravit,

258 5576 551 5637 postquam
581 5569 851 5623 ﬁmbriam
877 5569 1077 5624 Christi
1109 5571 1246 5624 clam
1277 5571 1544 5640 tetigerat,
1581 5569 1852 5640 extemplo
1879 5571 2068 5623 morbo
2095 5581 2177 5623 est
2207 5571 2453 5624 liberata.

343 5659 448 5718 Hoc
477 5679 699 5736 quoque
725 5666 779 5719 in
813 5665 1119 5736 Evangeliis
1151 5671 1407 5736 narratur
1452 5663 1774 5736 miraculum
1805 5681 1817 5716 :
1856 5665 1914 5736 lu
1953 5673 2096 5719 terra
2137 5661 2570 5734 Gergesenorum
2599 5675 2715 5718 erat
2741 5663 2962 5736 quidam
3006 5660 3398 5736 dmntoniacus,
3434 5660 3492 5718 in

259 5731 530 5807 acpulcris
559 5731 784 5804 degens,
815 5736 930 5805 qui,
970 5731 1096 5789 cum
1136 5734 1336 5788 multos
1377 5734 1522 5807 varie
1561 5734 1807 5807 laesisset,
1827 5734 2016 5807 effecit
2048 5742 2108 5788 ut
2135 5731 2293 5789 nemo
2327 5737 2600 5807 regionem
2631 5731 2791 5788 istam
2843 5733 2993 5807 adire
3021 5732 3254 5799 amplius
3286 5731 3443 5807 vellet
3474 5747 3491 5787 :

258 5815 366 5872 per
387 5802 568 5861 .lcsum
611 5802 790 5861 autem
832 5802 1125 5861 sanitatem
1166 5805 1523 5874 recuperavit.
1574 5803 1636 5858 Et
1668 5819 1791 5858 cum
1825 5804 1896 5860 ibi
1932 5819 2221 5876 porcorum
2266 5804 2556 5860 multitudo
2593 5810 2928 5875 pasceretur,
2964 5803 3237 5859 daemones
3275 5802 3489 5858 veniam
