4032 6212
488 248 594 303 365

487 358 658 421 δεῖξαί
705 375 760 409 τε
793 356 1050 427 ἀμυδρῶς
1104 357 1160 408 ὲν
1205 356 1314 417 τοῖς
1369 353 1652 425 προτέροις
1707 355 2060 424 φαινομένην,

488 447 862 518 λαμπρότερον
895 447 948 499 δὲ
980 447 1383 516 διαλάμπουσαν
1412 444 1519 497 ἀπὸ
1549 444 1647 514 τῆς
1685 444 1778 496 τοῦ
1815 445 2063 514 Σωτῆρος

490 538 640 608 ἡμῶν
687 535 1162 607 ὲνανθρωπὴσεως,
1212 537 1276 587 ὲκ
1325 534 1598 602 θεολογίας
1651 533 1917 588 εἰσϐάλλει
1967 534 2062 603 τὴν

487 627 688 698 σεπτὴν
727 628 932 699 Τριάδα
981 628 1071 680 καὶ
1107 627 1428 696 ἀδιαίρετον,
1475 624 1695 696 πρώτην
1744 625 2062 688 ἀποδεικνὺς

485 717 772 788 παρθένον,
808 718 924 788 μεθ’
957 719 1023 790 ἢν
1062 718 1162 780 τὰς
1199 718 1295 785 ἀγγ
1311 716 1491 780 ελικάς
1522 716 1778 785 δυνάμεις
1806 715 1902 778 τὰς
1934 715 2062 784 περὶ

433 823 440 828 ·
483 809 583 878 τὴν
626 809 847 878 πρώτην
899 809 1187 880 ἱδρυμένας
1233 809 1453 861 ἀκτῖνα’
1503 806 1825 876 θεολογήσας
1864 806 1919 858 δὲ
1967 807 2060 858 καὶ

483 896 558 960 ὡς
588 898 704 949 ἐνὸν
751 898 1104 968 παραστήσας
1141 896 1579 967 ὲξηγηματικῶς,
1608 896 1703 964 τήν
1737 912 1794 946 τε
1838 893 1945 946 τῶν
1970 895 2061 961 ἀγα

484 987 656 1054 γέλων
697 987 1018 1058 παρεισάγει
1063 986 1439 1057 δημιουργίαν,
1480 987 1572 1038 καὶ
1613 986 1764 1038 τοῦδε
1802 985 1894 1038 τοῦ
1926 1003 2057 1038 παν.

483 1077 602 1150 τός’
645 1077 943 1148 ἀρχόμενος
987 1077 1093 1130 ἀπὸ
1136 1077 1332 1145 φωτὸς,
1373 1076 1447 1140 ὡς
1482 1075 1696 1147 πρῶτον
1744 1076 1951 1144 ὑπέστη
1999 1076 2060 1128 τὸ

483 1169 599 1238 φῶς
621 1168 684 1222 ἄν
716 1184 846 1237 φησι
886 1167 1066 1236 πλήρη
1095 1166 1268 1234 φωτὸς
1297 1165 1535 1234 γένοιντο
1561 1166 1628 1218 τὰ
1671 1165 1808 1234 ἔργα
1840 1165 1932 1217 καὶ
1964 1181 2058 1234 χα-

486 1256 599 1327 ρίῃ·
636 1257 726 1310 τόν
773 1274 832 1308 τε
878 1256 1104 1326 οὐρανὸν
1157 1255 1476 1326 παρεισάγει
1523 1257 1615 1308 καὶ
1657 1254 1753 1326 τὴν
1785 1254 1908 1324 γῆν,
1962 1254 2057 1324 τὴν

482 1346 756 1401 θάλασσάν
789 1364 848 1399 τε
883 1347 977 1400 καὶ
1005 1347 1071 1399 τὰ
1116 1347 1171 1398 ἐν
1213 1347 1370 1416 αὐτῇ,
1405 1347 1573 1414 ἥλιον,
1616 1345 1862 1416 σελήνην,
1896 1346 2057 1398 ἀστέ-

481 1453 600 1507 ρας,
625 1437 717 1488 καὶ
751 1434 903 1500 ζώων
938 1434 1202 1487 παντοίων
1229 1435 1343 1504 εἴδη
1374 1433 1706 1497 παντοδαπά,
1726 1435 1836 1504 ,τήν
1871 1451 1927 1486 τε
1963 1432 2056 1486 τοῦ

480 1527 766 1600 ἀνθρώπου
796 1527 1104 1585 διάπλασιν,
1137 1527 1230 1578 καὶ
1262 1526 1362 1596 τῆς
1394 1527 1458 1578 ἐκ
1493 1525 1728 1597 πλευρᾶς
1757 1525 1923 1578 αὐτοῦ
1956 1526 2056 1597 λη-

479 1619 704 1688 φθείσης
746 1619 998 1686 γυναικὸς
1042 1618 1139 1688 τὴν
1186 1619 1363 1670 πᾶσαν
1401 1616 1758 1687 δημιουργίαν
1809 1618 2056 1688 συντόμῳ

478 1712 621 1782 λόγῳ
652 1710 978 1783 περιλαϐών.

479 1846 572 1899 151
613 1844 720 1898 Καὶ
745 1842 1027 1898 πολλοῖσι
1059 1844 1248 1911 πάρος
1287 1843 1642 1911 παιδεύμασι
1667 1843 1924 1983 πῖλὰσιὲιέ
1949 1842 2055 1896 δα-

1732 1929 1856 1979 μασ
1925 1929 1984 1974 ν,

1732 1929 1984 1979 μασυεν,

479 1983 580 2035 152
616 1981 935 2047 Γλώσσαις
964 1983 1377 2051 τεμνομένῃσι,
1407 1981 1502 2036 καὶ
1539 1981 1838 2122 ὕδαοῖὅκαέ
1868 1981 2056 2050 πυρὸς

1753 2071 1795 2120 μ
1827 2068 1979 2120 {104C-

1753 2068 1979 2120 ψῡροις.

547 2189 834 2259 Μέμνηται
857 2189 950 2242 τοῦ
981 2190 1362 2261 κατακλυσμοῦ
1407 2191 1502 2243 καὶ
1542 2192 1640 2261 τῆς
1669 2189 2051 2262 πυργοποιίας,

476 2279 570 2332 καὶ
603 2279 710 2332 τῶν
741 2278 1062 2350 Σοδομιτῶν.
1108 2279 1212 2332 Τοῦ
1252 2281 1359 2351 γὰρ
1384 2281 1571 2349 γένους
1613 2281 1720 2333 τῶν
1757 2279 2055 2353 ἀνθρώπων

474 2373 554 2433 εἰς
582 2371 784 2440 πλῆθος
810 2371 1150 2442 ὲληλακότος,
1192 2373 1284 2424 καὶ
1327 2372 1540 2425 πάντων
1582 2371 1655 2435 ὡς
1691 2373 1861 2424 εἰπεῖν
1884 2371 2056 2442 ἀπηλ-

473 2461 755 2532 γηκότων,
809 2462 1038 2514 ἑκάστου
1083 2479 1144 2513 τε
1183 2463 1392 2532 πονηρά
1429 2462 1549 2516 καθ’
1579 2463 1767 2515 ἑαυτὸν
1792 2462 2053 2533 διαπρατ-

472 2553 720 2624 τομένου,
753 2553 1027 2626 πορνείαις
1048 2570 1107 2605 τε
1136 2552 1275 2625 [καὶ]
1304 2554 1568 2623 μοιχείαις
1609 2553 1701 2606 καὶ
1727 2553 2052 2622 ἀσελγείαις,

471 2646 748 2717 γοητείαις
780 2663 838 2698 τε
871 2648 962 2698 καὶ
991 2645 1424 2717 εἰδωλολατρίαις
1466 2645 1572 2696 τῶν
1610 2645 1828 2696 πάντων
1869 2643 2052 2697 διακε-

471 2739 742 2809 χυμένων,
786 2738 910 2790 Νῶέ
957 2757 1063 2791 τινι
1106 2738 1299 2808 δικαίῳ
1349 2737 1489 2790 κατά
1535 2736 1632 2807 τὴν
1672 2736 1863 2805 γενεὰν
1908 2735 2053 2789 ἐκεί-

471 2847 567 2899 νην
615 2830 945 2899 προστάσσει
998 2829 1225 2882 κιϐωτὸν
1263 2831 1290 2882 ό
1342 2827 1473 2891 Θεὸς
1514 2827 1917 2880 κατασκευάσαι
1964 2826 2053 2891 ξυ-

469 2919 650 2991 λίνην·
692 2922 750 2972 ὲν
886 2920 1146 2990 πανοικίᾳ
1186 2919 1475 2986 γενόμενον
1540 2916 1632 2969 τοῦ
1689 2916 2051 2986 γενησομένου

469 3009 856 3080 κατακλυσμοῦ
889 3008 1352 3078 φυλαχθήσεσθαι.
1403 3009 1523 3060 Νῶε
1563 3007 1742 3060 τοίνυν
1776 3008 1832 3058 ἐν
1877 3006 2052 3059 ἔτεσιν

471 3101 619 3164 ὅλοις
675 3101 868 3154 ἑκατὸν
921 3102 1019 3170 τὴν
1060 3100 1290 3152 κιϐωτὸν
1331 3099 1658 3169 άπαρτίσας,
1710 3097 1962 3165 εἰσελθών
1990 3116 2051 3152 τε

468 3193 750 3264 πανοικίᾳ,
783 3194 875 3246 καὶ
903 3194 1010 3245 τῶν
1051 3191 1255 3263 θηρίων
1283 3191 1377 3244 καὶ
1419 3188 1591 3254 ζώων,
1622 3190 1838 3259 πτηνῶν
1871 3205 1930 3241 τε
1957 3188 2051 3241 καὶ

469 3283 714 3354 ἑρπετῶν
755 3285 861 3337 πᾶν
901 3284 1056 3352 γένος
1103 3281 1243 3336 κατά
1281 3280 1539 3348 συζυγίαν
1594 3279 1771 3349 ἑαυτῷ
1813 3297 2045 3333 συναπο-

468 3373 722 3438 κλείσας,
782 3372 842 3425 τὸ
899 3372 1242 3441 παγκὸσμιον
1295 3369 1469 3422 ἐκεῖνο
1510 3367 1871 3440 διαδιδράσκει
1919 3385 2044 3420 ναυ-

1605 241 1878 298 COSMAS
1916 242 2616 301 [IIEROSOLYMITANUS

3632 249 3732 302 564

2168 355 2337 423 άγιον·
2356 356 2543 410 τούτου
2566 358 2673 426 γὰρ
2689 355 2996 427 γενομένου,
3012 355 3111 426 τὴν
3131 356 3231 426 γῆν
3254 357 3547 427 σύμπασαν
3564 358 3592 409 ὁ
3605 357 3732 419 Θεδς

2165 448 2387 518 ὄμϐροις
2413 449 2658 518 ἀπείροις
2692 448 3010 512 κατέκλυσε,
3043 448 3169 510 τοὺς
3199 447 3481 516 οὐρανίους
3519 448 3735 502 ἐπανοί-

2165 535 2260 600 ξας
2305 539 2724 608 καταρράκτας,
2773 538 2865 590 καὶ
2914 537 3014 606 τῆς
3071 537 3175 606 γῆς
3230 535 3578 590 ὑποκάτωθεν
3637 540 3731 600 τὰς

2162 625 2431 688 ἀϐύσσους
2461 627 2786 697 διαρρήξας·
2819 625 2938 678 τότε
2973 626 3038 696 δὴ
3067 625 3174 678 τῶν
3199 625 3368 693 ὀρέων
3401 623 3735 697 ὑπερχυθέν-

2161 733 2252 780 τος
2270 716 2361 769 τοῦ
2385 716 2578 780 ὕδατος
2595 718 2687 770 ἐπὶ
2706 718 2900 788 πήχεις
2926 716 3336 778 πεντεκαίδεκα,
3358 717 3537 769 πᾶσαν
3556 719 3732 788 σάρκα

2162 811 2255 863 καὶ
2282 811 2388 862 πᾶν
2428 811 2518 862 ἐπὶ
2545 809 2834 880 προσώπου
2887 809 2985 877 τῆς
3015 808 3118 877 γῆς
3143 808 3433 878 ἀνάστημα
3459 809 3631 880 ἄρδην
3656 813 3733 863 εί-

2162 901 2253 962 κὸς
2278 900 2605 953 ἀπολέσθαιο
2641 900 2763 952 Νῶε
2817 899 2874 952 δὲ
2921 899 3273 963 διασωθέντος
3310 901 3448 971 μετά
3481 901 3592 954 -καὶ
3623 901 3733 954 τῶν

2161 990 2257 1042 σὺν
2285 989 2436 1059 αὑτῷ
2461 993 2526 1060 τῇ
2561 989 2703 1060 θήκῃ
2744 988 3237 1058 ὲγκατακλείστων,
3275 990 3450 1060 ἀρχὴν
3483 989 3731 1043 ἐντεῦθεν

2157 1081 2274 1133 τόδε
2311 1080 2373 1133 τὸ
2404 1082 2512 1134 πᾶν
2547 1080 2641 1134 καὶ
2672 1077 2828 1144 αὖθις
2864 1079 3171 1151 κομίζεται,
3200 1081 3292 1132 τοῦ
3325 1080 3460 1133 Θεοῦ
3493 1099 3733 1154 μεταμε-

2159 1173 2439 1244 ληθέντος,
2489 1172 3016 1243 διαϐεϐαιωσαμένου
3063 1189 3121 1224 τε
3168 1173 3242 1243 μὴ
3285 1173 3394 1225 δεῖν
3445 1171 3523 1225 ἔτι
3565 1190 3731 1226 καταο

2158 1264 2397 1335 κλυσμδν
2427 1267 2745 1333 ἐπαγαγεῖν,
2784 1265 2885 1317 κᾶν
2919 1265 3000 1316 ὅτι
3029 1263 3278 1316 πλεῖστον
3314 1266 3394 1326 είς
3423 1264 3583 1316 αὐτὸν
3611 1267 3732 1317 ἀσε-

2158 1352 2382 1422 ϐήσαιεν
2411 1353 2458 1404 οἱ
2489 1351 2797 1423 ἄνθρωποι·
2846 1351 2937 1402 τὸν
2995 1350 3085 1402 ἐπὶ
3146 1350 3279 1402 Θεοῦ
3324 1350 3624 1420 μετάμελον
3666 1353 3728 1404 οὐ

2156 1443 2362 1514 τροπὴν
2403 1442 2630 1504 οἴεσθαι,
2664 1442 2776 1495 ἀλλ’
2819 1441 3152 1512 ἀγαθότητος
3193 1440 3461 1511 ἔμφασιν·
3517 1441 3578 1494 τδ
3621 1442 3729 1513 γὰρ

2156 1533 2516 1604 ἡπειλημένον
2551 1533 2746 1603 μᾶλλον
2775 1531 3017 1601 ἐκφοϐεῖ,
3049 1531 3109 1584 τὸ
3138 1532 3183 1585 δ’
3217 1533 3416 1602 ἀνοχὴν
3443 1533 3722 1601 ὑπισχνεῖ-

2160 1627 2280 1681 σθαι
2306 1627 2396 1680 καὶ
2416 1626 2667 1678 πταίουσι
2693 1625 2792 1696 τῆς
2814 1624 3073 1677 ἀνωτάτω
3098 1623 3506 1695 φιλανθρωπίας
3527 1625 3726 1694 τεκμή-

2162 1729 2304 1790 ριον’
2345 1717 2535 1771 ἄλλοτε
2566 1715 2626 1769 δὲ
2650 1715 2812 1768 πάλιν
2844 1715 2937 1767 τοῦ
2970 1715 3156 1781 γένους
3181 1715 3288 1767 τῶν
3308 1714 3608 1786 ἀνθρώπων
3634 1717 3726 1769 ἐπὶ

2155 1809 2253 1878 τῆς
2292 1808 2394 1877 γῆς
2452 1805 2860 1877 πληθυνθέντος.
2907 1807 3001 1859 καὶ
3037 1805 3256 1868 πολλαῖς
3301 1808 3418 1868 ταῖς
3477 1808 3557 1868 εἰς
3594 1805 3728 1858 Θεὸν

2157 1898 2375 1969 ῦϐρεσιν
2395 1897 2873 1968 ὲνασχολουμένου,
2916 1899 3042 1966 μιᾶς
3079 1895 3244 1967 οὔσης
3282 1897 3581 1966 τηνικαῦτα
3611 1915 3723 1966 φω-

2156 1991 2251 2062 νῆς
2303 1991 2423 2044 καθ’
2476 1990 2598 2043 ὅλου
2647 1988 2740 2042 τοῦ
2773 1989 2982 2058 γένους,
3030 1987 3416 2058 ματαιοπονίας
3463 1988 3724 2058 ἐργασίαν

2155 2077 2308 2144 αὖθις
2357 2080 2629 2152 ἂνθρωποι
2677 2079 3124 2152 περιποιοῦνται,
3180 2079 3241 2132 τὸ
3291 2082 3554 2150 μηχαναῖς
3613 2096 3722 2132 τισι

2156 2175 2294 2246 πρὸς
2343 2173 2567 2245 οὐρανὸν
2614 2173 2941 2244 ἀνορμῆσαι.
2989 2170 3217 2224 Πλίνθον
3265 2167 3355 2224 οὖν
3407 2172 3500 2224 καὶ
3555 2171 3725 2240 πηλὸν

2157 2264 2680 2329 κατασκευάσαντες,
2723 2264 2932 2333 πύργον
2984 2262 3284 2332 οἰκοδομεῖν
3325 2261 3720 2331 ἐπιχειροῦσιν·

2155 2352 2270 2406 ἀλλ’
2295 2354 2383 2405 ὅτε
2425 2352 2561 2423 πρὸς
2608 2351 2739 2420 ὕψος
2785 2351 2956 2404 ἐδόκει
3029 2351 3268 2421 καθορᾷν
3306 2351 3366 2403 τὸ
3405 2351 3720 2420 μηχάνημα,

2153 2441 2274 2494 τότε
2305 2443 2367 2512 δὴ
2393 2441 2500 2494 τῶν
2530 2441 2791 2508 γλωσσῶν
2839 2440 3100 2512 διαίρεσίς
3127 2457 3211 2502 τις
3241 2439 3451 2510 ἀθρόως
3480 2442 3589 2503 τοῖς
3617 2457 3721 2510 μαο

2156 2533 2458 2596 ταιοπόνοις
2517 2533 2902 2603 προσγίνεταιο
2955 2532 3294 2602 διαχυθέντες
3345 2531 3403 2584 δὲ
3455 2532 3547 2584 καὶ
3585 2531 3721 2602 πρὸς

2155 2625 2310 2679 ἄλλον
2345 2625 2506 2688 ἀλλος
2532 2624 2781 2694 ὁμονοεῖν
2811 2625 2872 2677 οὐ
2901 2625 3208 2695 δυνάμενοι,
3231 2623 3328 2692 τῆς
3364 2623 3584 2686 είκαίως
3623 2624 3721 2676 αὖ·

2153 2720 2264 2779 τοῖς
2302 2716 2672 2788 ἐργαζομένης
2710 2716 2971 2786 ἐργασίας
3025 2714 3212 2768 στάσιν
3261 2715 3545 2785 εἰλήφασιν
3583 2709 3717 2768 ὧδεο

2158 2809 2318 2880 μόνος
2353 2809 2411 2861 δέ
2435 2827 2518 2872 τις
2547 2808 2716 2878 Ἔϐερ
2747 2806 3001 2877 τοῦνομα,
3037 2810 3104 2877 τῇ
3135 2806 3338 2859 τούτων
3365 2805 3579 2874 λέγεται
3611 2825 3718 2877 μαο

2149 2900 2274 2970 ταίᾳ
2312 2900 2384 2970 μὴ
2417 2899 2700 2953 συνθέσθαι
2733 2899 2995 2970 ἐργασίᾳο
3026 2898 3266 2970 ὄμϐρους
3301 2897 3358 2949 δὲ
3396 2897 3562 2968 πυρὸς
3585 2899 3710 2961 τοὺς

2149 2991 2524 3062 Σοδομιτικούς
2545 3008 2675 3062 φησι
2702 2990 3012 3062 κεραυνούς.

2149 3138 2252 3195 166
2263 3094 2416 3208 Πρὸς
2432 3139 2585 3208 ᾇυὴν
2597 3139 2969 3208 παλίνορσον
2983 3138 3160 3206 Ἀδὰμ
3175 3140 3272 3192 καί
3295 3140 3474 3205 κῦδος
3489 3137 3719 3201 ἀνάξει.

2241 3271 2411 3339 Ἀδάμ
2436 3269 2652 3340 πρῶτος
2669 3268 2776 3322 ὑπὸ
2797 3269 2931 3322 Θεοῦ
2956 3271 3075 3324 κατ’
3099 3271 3282 3324 εἰκόνα
3293 3271 3360 3341 δη
3369 3271 3718 3342 μιουργηθεὶς

2153 3364 2459 3434 ἄνθρωπος,
2498 3360 2715 3413 πάντων
2748 3360 3050 3431 βασιλεύειν
3084 3362 3193 3416 τῶν
3225 3363 3316 3414 ἐπὶ
3347 3362 3448 3431 τῆς
3480 3363 3581 3432 γῆς
3617 3362 3716 3414 λα-

491 3610 745 3664 laudibus
769 3625 885 3663 eam
921 3610 1112 3663 etTerre
1138 3623 1348 3661 necum:
1382 3609 1778 3666 denmmtrare.
1799 3609 1942 3676 quod
1979 3609 2106 3661 olim
2132 3607 2346 3677 quidem
2382 3606 2564 3677 minus
2599 3602 2833 3677 insignis
2871 3603 3065 3677 fuerit,
3092 3620 3122 3657 a
3150 3604 3332 3677 _nostri
3367 3610 3546 3656 autem
3569 3603 3718 3677 _Sal-

474 3682 679 3733 vatoris
711 3680 1086 3733 incarnatione
1117 3679 1181 3731 ad
1222 3693 1494 3732 sunnnnm
1531 3673 1836 3743 splendoris
1868 3673 2359 3747 l'astigium'evecta
2389 3673 2853 3747 sit,ex_theol’og_ia
2885 3675 3189 3747 introducit
3207 3683 3460 3747 sanctam
3487 3681 3542 3747 et
3568 3673 3712 3725 indi-

469 3751 644 3804 visam
683 3749 1006 3802 Trinitatem
1055 3755 1113 3801 nt
1150 3749 1379 3818 priimam
1409 3742 1697 3816 virginem,
1737 3742 2040 3817 postquam
2067 3753 2366 3818 potestates
2410 3744 2684 3818 angelicas
2725 3742 2988 3818 primario
3014 3744 3168 3818 radio
3205 3743 3420 3818 innian
3456 3742 3709 3818 collocat.

467 3819 601 3872 Dum
651 3828 828 3872 autem
859 3833 942 3879 ea,
972 3835 1094 3887 qua:
1121 3812 1186 3871 ad
1215 3817 1384 3872 Deum
1421 3812 1712 3887 pertinent,
1734 3812 1927 3871 edocet
1951 3828 2003 3870 et
2031 3812 2128 3886 pro
2160 3816 2298 3868 virili
2322 3814 2576 3881 explicat,
2611 3814 2925 3887 angelorum
2956 3823 3010 3868 et
3047 3814 3210 3887 hujus
3231 3812 3468 3887 universi
3491 3826 3712 3887 recoun-

475 3891 642 3942 miam
679 3888 838 3941 simul
872 3882 1117 3957 exponit.
1150 3895 1205 3941 ct
1237 3903 1266 3941 a
1308 3882 1511 3941 lumine
1544 3886 1761 3957 quidem
1803 3882 2320 3957 exorsusenarral,
2344 3897 2506 3952 quam
2554 3884 2819 3950 originem
2864 3883 3041 3938 lumen
3074 3882 3323 3957 habuerit
3360 3891 3413 3936 et
3440 3883 3713 3957 quomodo

467 3959 672 4011 lumine
699 3953 990 4026 betitiaque
1041 3958 1259 4025 impleta
1299 3958 1410 4011 sint
1459 3953 1644 4025 opera.
1673 3955 1842 4011 Porro
1872 3955 2094 4009 adducit
2119 3955 2315 4026 caelum
2345 3961 2400 4008 et
2425 3960 2624 4026 terram
2648 3966 2718 4026 _ac
2753 3967 2902 4026 mare
2929 3961 2983 4006 et
3011 3969 3132 4022 quae
3166 3955 3218 4006 in
3251 3953 3713 4026 ea‘continentur,

463 4031 655 4088 solem.
703 4021 915 4089 lunam;
945 4021 1150 4087 stellas,
1189 4021 1930 4094 bestiarum'omnigenarum
1957 4026 2140 4079 varias
2167 4025 2382 4094 species
2404 4061 2420 4086 ,
2459 4023 2693 4077 hominis
2719 4021 3052 4078 creationem
3106 4030 3159 4077 et
3224 4021 3466 4077 mulieris
3498 4036 3530 4076 e
3557 4027 3708 4074 costa

462 4099 608 4153 illius
651 4097 980 4166 depromptae
1011 4097 1409 4156 formationem,
1449 4102 1499 4148 et
1535 4096 1647 4148 lucc
1677 4092 1858 4147 onmia
1892 4095 2129 4150 breviter
2159 4092 2390 4162 attingit.

533 4232 946 4289 [inundationem
974 4241 1027 4287 et
1055 4232 1227 4286 turris
1262 4232 1689 4286 esstructionem
1715 4241 1768 4302 et
1800 4231 2112 4287 Sodomitas
2168 4239 2584 4285 commemorat.
2614 4230 2910 4300 Postquam
2940 4235 3083 4287 enim
3114 4247 3286 4302 genus
3310 4232 3614 4286 humanum
3645 4233 3704 4290 in

389 4319 392 4322 ‘
463 4306 790 4360 immensum
831 4317 1116 4356 numerum
1157 4310 1469 4356 accreverat
1501 4311 1553 4371 et
1582 4301 1787 4363 omnia,
1816 4310 1873 4354 ut
1900 4303 1971 4354 ita
1999 4302 2202 4363 dicam,
2235 4302 2521 4369 desperata
2550 4310 2726 4371 erant.
2750 4308 2805 4356 et
2839 4304 3020 4369 quivis
3041 4301 3275 4356 scelesta
3310 4317 3504 4356 secum
3531 4305 3669 4371 agila
3688 4334 3709 4344 ς

463 4376 572 4434 bat,
613 4383 662 4425 et
689 4373 890 4434 OllllCli,
927 4373 1352 4425 scortationibtts
1384 4379 1436 4424 et
1467 4370 1770 4432 adulteriis.
1826 4387 1924 4425 nec
1952 4387 2060 4425 non
2100 4372 2559 4438 intemperantia,
2587 4369 2934 4440 fascinationi
2964 4380 3130 4440 atque
3157 4371 3486 4425 idololatriae
3518 4369 3703 4427 inuti-

462 4443 679 4512 gebant,
718 4440 844 4512 Noe
875 4441 1094 4512 quidam
1122 4443 1305 4509 justus
1336 4442 1480 4495 illius
1507 4441 1685 4495 aetatis
1716 4443 1798 4494 vir
1822 4455 2002 4512 arcam
2037 4442 2266 4510 ligneam
2297 4448 2617 4512 construere
2649 4455 2677 4492 a
2707 4439 2816 4493 Deo
2836 4439 3082 4512 jubetur,
3115 4441 3168 4494 in
3205 4457 3311 4510 qua
3339 4456 3467 4494 cum
3493 4449 3605 4494 tota
3631 4444 3712 4496 fa-

465 4509 633 4575 milia,
665 4509 1180 4580 quatulo’diluvium
1223 4512 1524 4578 ingrueret,
1555 4521 1886 4564 servaretur.
1929 4509 2042 4562 Noe
2084 4509 2256 4580 igitur
2283 4512 2336 4562 in
2373 4524 2555 4580 arcam
2590 4511 2733 4580 intra
2771 4517 2989 4563 centum
3029 4509 3272 4579 integras
3297 4525 3471 4564 annos
3518 4512 3710 4565 conie-

461 4591 603 4634 etam
636 4579 760 4634 cum
794 4581 940 4633 omni
968 4579 1166 4632 familia
1199 4581 1480 4649 ingressus
1516 4590 1618 4642 est,
1641 4589 1693 4633 et
1722 4596 1820 4649 par
1844 4579 2322 4649 eujusvisg’speciei
2349 4579 2687 4649 animalium,
2715 4579 2975 4645 ferarum,
3004 4580 3309 4649 volucrium
3334 4586 3389 4633 et
3419 4582 3700 4648 reptilium

461 4667 646 4705 secum
685 4650 989 4703 introduxit
1011 4660 1172 4719 atque
1193 4647 1428 4703 sicillud
1463 4647 2007 4719 generale—diluvium
2041 4647 2248 4717 effugit.
2272 4649 2408 4701 Cum
2439 4647 2586 4702 enim
2635 4649 2740 4704 hoc
2769 4650 3059 4710 accideret.
3093 4648 3236 4705 Deus
3256 4647 3570 4703 universam
3600 4661 3714 4703 ter-

458 4735 574 4773 ram
606 4721 835 4774 inﬁnitis
860 4720 1126 4774 imbribus
1172 4720 1476 4781 inundavit,
1511 4727 1821 4773 cataractas
1851 4720 2117 4772 caelestes
2146 4719 2370 4772 reclusit
2407 4726 2461 4772 et
2499 4719 2726 4787 abyssos
2771 4720 3160 4774 subterraneas
3194 4719 3474 4788 perfregit,
3523 4721 3595 4772 ita
3648 4730 3711 4773 ut

463 4791 556 4842 illo
584 4799 825 4858 tempore
842 4805 982 4858 aqua
1011 4789 1323 4858 quindecim
1363 4789 1561 4842 cubitis
1600 4797 1809 4842 lllOllleS
1841 4797 2134 4856 superaret
2173 4796 2226 4841 et
2251 4789 2429 4858 omnis
2453 4802 2580 4842 caro
2608 4803 2912 4857 omnesque
2936 4804 3023 4843 res
3063 4798 3261 4844 creata:
3287 4790 3352 4843 de
3383 4789 3521 4842 facie
3545 4797 3712 4844 terra:

462 4856 830 4929 abolerentur.
859 4856 1043 4912 ᾹΝοό
1067 4869 1268 4920 autem,
1293 4859 1387 4929 qui
1431 4873 1554 4910 cum
1597 4858 1851 4929 gumibus
1886 4858 1949 4929 in
1992 4871 2123 4929 arca
2163 4857 2394 4912 inclusis
2435 4868 2789 4929 conservatus
2825 4856 2969 4920 erat,
3027 4859 3345 4914 hodiernum
3389 4873 3566 4929 genus
3606 4861 3708 4912 hu-

473 4943 690 4980 manum
732 4927 910 4982 denuo
963 4930 1226 4998 originem
1272 4927 1450 4991 duxit,
1507 4935 1558 4980 et
1611 4926 1750 4980 Dens
1810 4926 2132 4998 paenitentia
2195 4935 2408 4998 captus
2441 4926 2679 4994 spondit,
2721 4943 3000 4997 nunquam
3039 4943 3237 4998 _rursus
3263 4926 3530 4981 diluvium
3566 4929 3704 4994 fore,

461 4998 710 5067 quamvis
746 4998 897 5050 valde
927 4999 980 5050 in
1022 4994 1198 5067 ipsum
1239 4999 1484 5050 homines
1509 5008 1729 5067 peccata
1759 4994 2107 5050 commissuri
2136 4994 2341 5049 essent.
2377 4994 2706 5051 Pmnitentia
2740 4994 2921 5050 autem
2948 4999 3001 5050 in
3037 4996 3146 5053 Deo
3187 5014 3292 5052 non
3317 5010 3404 5054 cst
3449 5001 3704 5062 mutatio,

463 5066 936 5137 setlgbenignitatis
970 5075 1386 5137 argumentum:
1423 5066 1581 5120 mina:
1615 5068 1755 5119 enim
1790 5067 1959 5137 magis
2000 5073 2226 5137 terrent,
2273 5067 2574 5133 promissio
2612 5082 2740 5122 vero
2787 5067 3138 5137 indulgentiae
3186 5070 3268 5123 vel
3317 5071 3714 5137 peccatoribus

459 5135 775 5188 exhibenda:
805 5135 1075 5189 summum
1110 5153 1235 5205 erga
1259 5136 1506 5189 hmninee
1542 5153 1780 5191 amorem
1807 5135 2024 5188 iudicat.
2057 5135 2177 5188 Alio
2217 5143 2395 5205 autem
2439 5144 2714 5205 tempore,
2749 5151 2873 5190 eum
2913 5135 3084 5205 genus
3136 5135 3430 5192 humanum
3473 5140 3525 5191 in
3557 5147 3706 5192 terra

461 5205 846 5276 increbuisset,
877 5212 930 5258 et
965 5206 1130 5276 multa
1163 5204 1215 5258 in
1259 5209 1428 5260 Deum
1457 5206 1623 5276 impie
1653 5214 1858 5274 ageret,
1891 5213 1945 5258 et
1980 5219 2092 5276 una
2117 5212 2334 5257 tantum
2366 5204 2549 5276 lingua
2588 5207 2792 5275 ubique
2824 5204 2995 5276 esset.
3029 5208 3271 5276 ineptum
3313 5210 3449 5276 quid
3481 5211 3713 5276 excogi-

460 5282 645 5346 larunt
679 5274 948 5346 homines,
989 5275 1196 5329 scilicet
1223 5277 1492 5346 machinis
1527 5273 1867 5346 Quibusdam
1891 5276 1945 5346 in
1992 5275 2190 5346 uelum
2221 5273 2539 5333 ascendere.
2574 5273 2748 5344 quare
2785 5277 2898 5330 luto
2931 5273 3303 5346 lateribusque
3333 5273 3708 5346 comportatis

463 5345 661 5417 turrim
693 5345 966 5417 aediﬁcare
997 5345 1235 5417 aggressi
1263 5343 1554 5417 suntased
1579 5361 1702 5417 cum
1735 5343 2106 5417 aadilieiumin
2129 5344 2309 5417 _altnm
2368 5343 2667 5417 exsurgere
2723 5346 3044 5417 videretur,
3080 5343 3386 5417 linguarum
3439 5343 3706 5401 confusio

458 5415 705 5482 qmedam
739 5414 926 5486 subito
951 5412 1151 5486 accidit
1177 5416 1393 5470 stolidis
1424 5415 1555 5476 illis,
1581 5415 1717 5468 adeo
1753 5424 1811 5466 ut
1843 5413 2166 5480 perturbati,
2198 5413 2325 5481 quia
2362 5412 2474 5476 jam
2511 5429 2571 5486 se
2627 5415 2864 5486 in_vicem
2885 5412 3208 5486 intelligere
3240 5417 3386 5471 haud
3421 5424 3708 5486 poterant,

457 5486 606 5554 operi
635 5486 851 5553 incepto
902 5485 1062 5538 linem
1087 5483 1374 5554 imponere
1404 5493 1752 5554 cogerentur.
1783 5486 2050 5554 Caeterum
2082 5497 2224 5554 unus
2261 5490 2471 5554 tantum
2522 5485 2626 5554 vir,
2670 5483 2815 5538 Eber
2865 5483 3337 5550 dictus,'illorum
3400 5483 3709 5540 amentiam

459 5549 797 5620 iiiilirubasse
834 5553 1056 5608 dicitur.
1084 5549 1298 5622 lgneam
1335 5549 1514 5608 autem
1548 5555 1781 5623 pluviam
1810 5559 1996 5607 noster
2029 5550 2268 5604 fulmina
2311 5549 2646 5607 Sodomitica
2681 5555 2938 5623 appellat.

526 5649 700 5703 Adam
741 5651 945 5720 primus
971 5666 1000 5704 a
1036 5650 1144 5705 Deo
1187 5649 1254 5704 ad
1309 5665 1461 5706 suam
1495 5650 1664 5719 ipsius
1696 5650 1985 5718 imaginem
2025 5655 2239 5702 creatus
2276 5647 2456 5715 homo,
2488 5649 2574 5702 cui
2611 5649 2898 5718 imperium
2934 5649 2988 5705 in
3033 5659 3201 5724 totam
3237 5659 3442 5708 terram
3473 5661 3724 5707 conces-
