4054 6210
449 355 545 412 403
1161 321 1170 324 ’
1568 349 1843 406 COSMAS
1877 346 2576 406 lllEROSOLYMlTANUS

443 467 548 524 Ἦν
580 471 689 541 γάρ
718 489 799 534 τις
817 470 1080 541 Θερσίτης
1104 509 1118 533 ,
1154 470 1212 532 ὃς
1245 469 1322 539 τῷ
1346 468 1450 521 τῶν
1494 469 1756 538 Ἑλλήνων
1797 483 2019 536 στρατο-

445 562 586 631 πέδῳ
614 563 928 633 παρείπετο,
958 562 1016 614 ού
1044 562 1280 632 πολέμου
1309 560 1486 631 χάριν,
1515 558 1608 613 τοῦ
1637 560 1694 612 δὲ
1726 558 2017 627 γελᾶσθαι·

442 644 593 713 οὗτος
629 649 683 702 δὲ
722 651 891 720 χωλός
935 669 994 704 τε
1044 647 1112 721 ἦν
1153 652 1244 704 καὶ
1279 651 1510 720 στραϐὸς
1534 692 1548 715 ,
1581 649 1777 720 κυρτὸς
1799 691 1813 713 ,
1853 647 2020 719 μαδα-

441 741 563 812 ρὸς,
587 740 721 794 ἀλλὰ
751 742 844 794 καὶ
870 743 1172 813 προπετὴς,
1204 741 1278 805 ὥς
1319 758 1480 811 φησιν
1514 741 1758 810 ’Όμηρος
1781 740 1878 809 (1)·

511 831 737 899 Θερσῖτ’
770 823 1142 902 ἀκριτόμυθε,
1172 834 1347 902 λιγύς
1381 849 1490 898 περ
1514 830 1632 884 ἐὼν
1658 828 1972 899 ἀγορητής.

514 921 779 993 Θερσίτην
825 925 1001 976 τοίνυν
1040 923 1367 994 Ὀλύμπιον,
1399 923 1538 976 τοῦτ’
1567 921 1711 975 ἔστιν
1750 921 2016 992 οὐράνιον,

443 1014 534 1066 τὸν
568 1015 869 1082 ’Ἥφαιστον
900 1014 1158 1083 Ἕλληνες
1195 1013 1443 1067 καλοῦσιν
1464 1031 1475 1043 ·
1519 1006 1672 1075 οὗτος
1719 1010 1825 1082 γὰρ
1850 1010 2019 1081 χωλός

443 1107 558 1158 ἐστι
608 1107 702 1158 καὶ
746 1105 1042 1176 αἰθαλώδης
1077 1106 1152 1167 ὡς
1178 1107 1241 1158 ὲκ
1297 1105 1395 1173 τῆς
1427 1103 1722 1173 ἀνθρακιᾶς
1743 1117 1756 1130 ·
1788 1101 2020 1170 χαλκεὺς

440 1195 575 1266 γάρ·
628 1195 719 1248 καὶ
775 1197 1048 1266 προπετὴς
1089 1197 1182 1249 καὶ
1207 1194 1598 1262 γελωτοποιός·
1641 1193 1717 1256 ὼς
1767 1191 1874 1262 γὰρ
1901 1193 2020 1253 ταῖς

439 1285 640 1352 πάγαις
668 1285 758 1338 τὸν
790 1287 961 1356 ’Λρεα
1001 1285 1102 1356 τῆς
1151 1285 1393 1357 μοιχείας
1425 1285 1612 1355 ἔρριψε
1640 1324 1654 1350 ,
1684 1282 2021 1350 συγκαλέσας

438 1377 524 1428 ἐπ’
559 1377 719 1430 αὑτὸν
749 1377 874 1439 τοὺς
917 1377 1074 1439 θεοὺς
1099 1417 1112 1440 ,
1159 1377 1370 1444 γέλωτα
1429 1376 1602 1445 μέγαν
1653 1375 1875 1440 ἐποίησε
1896 1414 1910 1438 ,
1944 1373 2017 1444 μὴ

437 1468 689 1539 φοϐηθεὶς
711 1469 800 1522 τὸν
831 1468 1099 1538 Κυδοιμὸν
1132 1469 1225 1522 καὶ
1249 1469 1336 1522 τὸν
1370 1467 1564 1538 Δειμδν
1603 1467 1695 1520 καὶ
1724 1466 1812 1519 τὸν
1832 1465 2018 1527 Φόϐον,

435 1563 626 1626 οἵτινές
651 1564 786 1614 εἰσιν
820 1562 925 1614 υἱοὶ
956 1561 1050 1613 τοῦ
1089 1562 1330 1630 Ἄρεως·
1374 1561 1549 1630 ’Ἄρης
1577 1558 1684 1629 γὰρ
1730 1558 1758 1609 6
1789 1557 2020 1627 πόλεμος

433 1653 651 1721 λέγεται
682 1671 694 1683 ·
753 1654 781 1705 6
809 1651 968 1717 αὐτὸς
997 1653 1053 1706 δὲ
1087 1653 1260 1722 ’Λρης
1304 1651 1516 1721 λέγεται
1551 1651 1642 1703 καὶ
1676 1649 2016 1721 ἀνδροφόνος,

433 1746 509 1810 ὡς
543 1747 922 1818 Ὅμηρος(ε’-)’

601 1840 798 1909 Ἄρεςῖ
831 1843 992 1908 Ἄρες
1019 1839 1385 1908 βροτολοιγὲ.

505 1930 808 1993 Βλαπτικδς
835 1931 942 1983 τῶν
968 1931 1169 1998 γονέων
1198 1932 1226 1982 6
1251 1928 1384 1990 Ζεύς
1416 1930 1589 1980 ἐστιν·
1614 1921 1767 1989 οὗτος
1796 1925 1903 1998 γὰρ
1926 1927 2015 1979 τὸν

438 2022 565 2075 ἴδιον
596 2022 783 2093 ἔρριψε
812 2021 1023 2091 πατέρα
1052 2021 1143 2074 τὸν
1165 2021 1394 2092 Κρόνον,
1424 2020 1504 2073 διὸ
1525 2019 1619 2073 καὶ
1658 2019 2014 2090 τυραννοκτό-

435 2131 522 2176 νος
553 2113 829 2167 καλείται·
867 2113 1072 2184 Κρόνος
1117 2113 1224 2183 γὰρ
1277 2112 1591 2182 μισότεκνος
1639 2110 1716 2166 ὢν
1743 2149 1759 2176 ,
1805 2113 1868 2164 ἐκ
1917 2112 2015 2180 τῆς

445 2207 598 2268 Ῥέας
638 2205 765 2268 τοὺς
801 2205 1152 2275 τικτομένους
1204 2203 1350 2274 αὐτῷ
1397 2203 1706 2257 κατέπινεν.
1760 2203 1824 2256 Ἠ
1889 2203 2012 2256 Ῥέα

433 2296 667 2352 τεκοῦσα
693 2297 783 2350 τὸν
815 2297 932 2360 Δία,
955 2297 1100 2350 λίθον
1144 2296 1341 2367 ίματίῳ
1365 2293 1737 2366 περιελίξασα,
1768 2293 1845 2365 τῷ
1875 2296 2014 2366 Κρό-

433 2408 508 2459 νῳ
542 2392 826 2443 καταπιεῖν
857 2388 1163 2443 ἐπιδίδωσιν
1184 2405 1196 2418 ·
1230 2391 1258 2441 6
1295 2388 1350 2440 δὲ
1383 2385 1662 2440 καταπιὼν
1711 2387 1802 2440 τὸν
1841 2387 2009 2450 λίθον,

433 2481 695 2550 ἐξήμεσεν
733 2479 979 2542 ἅπαντας
1012 2481 1108 2533 σὺν
1139 2478 1288 2548 αὐτῷ
1313 2479 1452 2540 ,τοὺς
1475 2477 2006 2547 προκαταποθέντας·

433 2574 571 2627 ὥστε
615 2571 811 2643 πικρὸν
847 2570 992 2624 λίθον
1037 2570 1252 2638 λέγεται
1291 2571 1596 2623 καταπιεῖν.
1639 2569 1695 2622 Ὀ
1738 2564 1830 2623 οὖν
1877 2570 2010 2633 Ζεὺς

433 2666 592 2734 γνοὺς
622 2663 861 2716 τοιοῦτον
887 2657 1026 2714 εἶναι
1063 2661 1155 2714 τὸν
1188 2660 1316 2713 ἴδιον
1341 2661 1552 2732 πατέρα
1578 2660 1784 2731 Κρόνον
1805 2700 1819 2725 ,
1854 2662 2010 2714 ἐπαν-

434 2757 562 2826 έστη
593 2755 740 2825 αύτῷ
763 2794 778 2817 ,
826 2754 919 2806 καὶ
951 2752 1205 2824 ἐξέτεμεν
1247 2752 1412 2806 αὑτοῦ
1453 2751 1522 2805 τὰ
1554 2752 1727 2805 αἰδοῖα
1749 2791 1762 2816 ,
1790 2754 1882 2806 καὶ
1912 2754 2008 2825 τὴν

434 2846 708 2917 βασιλείαν
730 2844 1004 2914 ἀφείλατο.

501 2942 691 2994 Κεῖται
722 2938 848 3009 περὶ
878 2938 975 3006 τῆς
1001 2935 1354 2998 καταπόσεως
1387 2935 1638 3005 ἀλλαχοῦ.

517 3033 748 3102 Ὁμοίως
781 3034 810 3084 ὁ
856 3029 1094 3101 Κρόνος,
1149 3030 1330 3082 ὅντινα
1385 3028 1637 3083 καλοῦσιν
1687 3027 2002 3102 Ούρανίδην,

436 3123 725 3191 βλαπτικός
749 3124 862 3174 ἐστι
892 3122 997 3174 τῶν
1024 3120 1228 3174 τέκνων
1246 3137 1258 3150 ·
1287 3119 1361 3183 ὡς
1384 3119 1592 3190 ἔφημεν
1617 3119 1743 3192 γὰρ,
1779 3121 1861 3172 ὅτι
1884 3124 2007 3186 τοὺς

433 3218 498 3270 ἐκ
541 3215 640 3284 τῆς
685 3213 840 3276 Ῥέας
890 3211 1038 3282 αύτῷ
1085 3210 1431 3281 τικτομένους
1459 3211 1745 3264 κατέπινε·
1792 3213 2004 3266 καὶτὸν

432 3306 530 3361 Δία
558 3303 877 3376 πανούργως
905 3303 1156 3374 ἔσωσενὴ
1201 3303 1345 3371 Ῥέα,
1377 3304 1457 3367 εἰς
1484 3303 1707 3374 Κρήτην
1740 3303 2007 3372 φυγαδεύ-

3597 347 3698 402 δίοὸ

2131 483 2304 531 σασα,
2347 469 2438 520 καὶ
2477 469 2604 535 περὶ
2636 467 2796 519 αὑτὸν
2822 467 3014 530 αὐλοὺς
3047 465 3252 532 τὰξασα
3311 465 3404 519 καὶ
3443 460 3698 535 κορύϐαν-

2126 573 2223 618 τας
2245 595 2257 618 ,
2293 556 2379 607 ἵνα
2410 555 2683 618 κλαίοντος
2716 555 2837 617 Διὸς
2871 551 3001 625 ἦχον
3059 555 3249 607 ποιῶσί
3287 573 3407 608 τινα
3457 555 3549 606 καὶ
3585 554 3699 606 σκέο

2127 663 2270 698 πωσι
2299 647 2389 698 τὸν
2427 647 2906 718 κλαυθμυρισμόν·
2957 648 3161 719 ταύτην
3196 647 3253 700 δὲ
3311 641 3583 717 πυρρίχην
3618 645 3698 715 δρ-

2127 737 2286 807 χησίν
2335 738 2465 807 φασί
2525 755 2706 802 τινες·
2767 740 2916 793 ἄλλοι
2970 740 3255 810 ὁπλιτικὴν
3289 779 3303 802 ,
3349 739 3537 809 ἐπειδὴ
3584 743 3699 804 ταῖς

2126 829 2348 882 ἀσπίσιν
2395 830 2636 900 ἀλλήλων
2679 831 2908 885 ἔτυπτον
2946 833 2995 884 οἱ
3052 819 3412 901 κορύϐαντες·
3452 831 3697 902 δαίμονες

2125 920 2180 972 δὲ
2213 916 2374 976 οὗτοι.

2126 1013 2227 1067 499
2261 1017 2444 1079 Ἀθρει
2471 1015 2538 1067 δὲ
2567 1015 2898 1084 πρώτιστον
2920 1015 2986 1080 ὃς
3015 1016 3231 1069 ἔπλετο
3257 1015 3694 1083 μαργοσύνῃσι,

2127 1085 2230 1137 500
2263 1084 2484 1154 Ταῦρος
2503 1124 2517 1148 ,
2560 1089 2813 1152 κύκνος,
2849 1086 3078 1154 χρυσὸς
3103 1126 3118 1149 ,
3147 1085 3282 1153 ὄφις
3301 1127 3315 1149 ,
3352 1087 3530 1150 πόσις
3552 1127 3565 1147 ,
3600 1087 3692 1152 ὄρ-

3191 1154 3210 1227 [
3228 1173 3320 1220 νίς
3331 1195 3356 1227 μ,
3396 1155 3628 1227 ἅπαντα

2127 1224 2223 1278 SOI
2265 1226 2457 1279 Ὄσσα
2474 1243 2580 1295 μιν
2601 1226 2759 1290 ὠκὺς
2788 1225 3018 1290 ἅνωξεν
3045 1224 3210 1294 ἔρως,
3245 1225 3698 1348 κοῗρόςδτὲάνῐα-

3379 1309 3460 1347 πα
3501 1313 3537 1347 ν
3574 1317 3623 1348 ς.

3336 1297 3357 1366 ι
3379 1297 3623 1362 παδνός.

2197 1386 2408 1460 Ταῦρος
2434 1389 2607 1451 ὀΖεὺς
2645 1388 2853 1456 γίνεται
2885 1385 2973 1440 διὰ
2998 1387 3094 1457 τὴν
3116 1385 3383 1456 Εὐρώπην
3404 1404 3416 1416 ·
3451 1387 3695 1459 ἐρασθεὶς

2126 1480 2233 1551 γὰρ
2285 1479 2493 1549 αὐτῆς,
2537 1480 2617 1542 είς
2664 1477 2862 1551 ταῦρον
2943 1477 3301 1549 μεταϐληθεὶς
3365 1479 3500 1551 αὐτῇ
3561 1497 3699 1532 συν-

2126 1570 2414 1624 επλανᾶτο.

2198 1662 2410 1725 Κύκνος
2435 1662 2622 1730 γέγονε
2651 1660 2736 1715 διὰ
2769 1661 2866 1732 τὴν
2914 1660 3122 1732 Λήδαν·
3176 1661 3417 1732 ποθήσας
3453 1663 3560 1734 γὰρ
3597 1663 3695 1716 αύ-

2125 1754 2222 1825 τὴν
2249 1754 2342 1807 καὶ
2377 1753 2476 1823 τὴν
2501 1753 2736 1823 Νέμεσιν
2761 1794 2774 1818 ,
2821 1753 3016 1817 κύκνος
3042 1754 3329 1826 γενόμενος
3353 1755 3541 1818 αὑταῖς
3579 1771 3698 1809 συν-

2123 1846 2356 1914 εγένετο.
3691 1861 3694 1864 ‘

2193 1935 2406 2004 Χρυσὸς
2467 1934 2658 2003 γέγονε
2708 1935 2797 1988 διὰ
2850 1936 2948 2004 τὴν
3003 1935 3215 2005 Δανάην
3246 1953 3259 1966 ·
3318 1935 3536 2005 λέγεται
3587 1937 3695 2008 γὰρ

2122 2029 2319 2102 χρυσὸς
2348 2027 2600 2096 γενέσθαι
2625 2067 2640 2092 ,
2663 2028 2758 2080 καὶ
2790 2027 2982 2099 ῥυῆναι
3003 2068 3018 2088 ,
3061 2029 3152 2082 καὶ
3183 2027 3356 2092 οὓτως
3399 2030 3535 2100 αὐτῇ
3566 2048 3694 2099 συγ-

2120 2119 2392 2188 γενέσθαι.

2194 2215 2357 2283 Ὀφις
2386 2213 2574 2281 γέγονε
2600 2213 2688 2267 διὰ
2715 2213 2811 2284 τὴν
2845 2211 3181 2282 Ὀλυμπιάδα
3210 2213 3307 2282 τὴν
3349 2212 3692 2282 Ἀλεξάνδρου

2122 2305 2333 2376 μητέρα
2353 2322 2366 2335 ·
2395 2305 2610 2378 λέγεται
2642 2305 2748 2375 γὰρ
2774 2303 3268 2376 μεταμορφωθῆναι
3313 2305 3392 2366 εἰς
3429 2304 3692 2373 δράκοντα

2118 2398 2211 2451 καὶ
2247 2396 2418 2460 οὕτως
2443 2397 2579 2468 αὐτῇ
2621 2397 3015 2465 συγγενέσθαι,
3051 2395 3130 2449 διὸ
3175 2397 3269 2449 καὶ
3307 2396 3691 2467 δρακοντιάδης

2117 2491 2330 2558 λέγεται
2379 2493 2407 2543 6
2448 2489 2814 2560 Ἀλέξανδρος.
2853 2489 3034 2542 Ἀλλοι
3083 2488 3139 2541 δέ
3188 2506 3316 2557 φασι
3354 2489 3451 2558 τὴν
3496 2489 3687 2556 Ὀλυμ-

2117 2581 2282 2636 πιάδα
2310 2580 2670 2652 μοιχεύσαντα
2687 2580 3014 2634 Νεκτεναὸὼ
3039 2580 3130 2633 τὸν
3148 2579 3510 2634 Βαϐυλώνιον·
3540 2581 3686 2652 ὅμως

2115 2672 2379 2726 Φιλίππου
2410 2671 2626 2738 λέγεται
2664 2673 2811 2733 παῖς.

2201 2763 2364 2834 Ἀνὴρ
2392 2763 2613 2831 γέγονεν
2645 2764 2674 2815 6
2703 2762 2865 2825 Ζεὺς,
2907 2757 2991 2813 διὰ
3026 2761 3123 2830 τὴν
3164 2760 3402 2830 Σεμέλην
3433 2762 3530 2832 τὴν
3576 2768 3684 2816 Διο-

2115 2856 2275 2908 νύσου
2313 2855 2523 2925 μητέρα
2547 2870 2562 2886 ·
2601 2852 2774 2925 ταύτῃ
2806 2851 2913 2922 γὰρ
2941 2851 3015 2915 ὡς
3042 2851 3322 2924 ἄνθρωπος
3349 2853 3678 2921 συνεγένετο.

2125 2945 2190 2999 Ἡ
2221 2946 2278 2998 δὲ
2319 2946 2466 3017 ’Ἥρα
2497 2944 2742 3016 μαθοῦσα
2773 2945 2864 2998 καὶ
2899 2943 3348 3016 ζηλοτυπήσασα,
3376 2948 3456 3009 εἰς
3495 2947 3684 3015 λόγους

2113 3037 2270 3108 δῆθεν
2327 3037 2541 3107 ἔρχεται
2581 3035 2718 3106 μετὰ
2769 3035 3040 3106 Σεμέλης,
3087 3036 3161 3099 ὡς
3199 3037 3559 3107 ἁπατωμένης
3589 3039 3683 3093 καὶ⁵

2117 3126 2191 3197 μὴ
2219 3126 2501 3196 ἐρωμένης
2528 3125 2633 3178 ὑπὸ
2665 3123 2786 3187 Διός
2805 3140 2818 3154 ·
2853 3124 2930 3177 διὸ
2974 3124 3146 3198 ταύτῃ
3202 3125 3578 3195 συμϐουλεύει,
3604 3128 3682 3198 τῷ

2111 3217 2194 3268 Διὶ
2226 3215 2655 3286 παραγενομένῳ
2687 3213 2822 3284 πρὸς
2870 3213 3037 3284 αὐτὴν
3079 3215 3299 3284 αἰτῆσαι
3329 3215 3464 3285 μετὰ
3493 3234 3684 3287 κεραυ-

2111 3305 2215 3361 νῶν
2245 3305 2336 3358 καὶ
2367 3303 2602 3374 βροντῶν
2646 3303 3002 3373 συγγενέσθαι
3038 3303 3205 3374 αὐτῇ,
3241 3304 3428 3376 ὥσπερ
3468 3299 3559 3358 οὖν
3587 3307 3682 3359 καὶ

439 3496 676 3564 movens.
721 3490 939 3564 Scimus
982 3511 1127 3549 enim
1179 3510 1288 3564 quo
1340 3503 1720 3563 stratagemate
1771 3474 1961 3564 Martis
2021 3493 2282 3564 adulteria
2321 3494 2913 3564 requiret-incoque
2954 3489 3152 3564 modo,
3218 3499 3499 3564 spectante
3560 3497 3677 3541 toto

435 3560 686 3634 glympo,
718 3559 1322 3634 immmtaliumdri'sum
1370 3559 1708 3634 excitaverit,
1746 3563 1893 3634 nulla
1943 3563 2151 3634 ratione
2207 3563 2390 3617 habita
2421 3560 2983 3634 Tiutuultus,__Metus,
3017 3559 3288 3626 Terroris,
3326 3559 3420 3630 qui
3477 3573 3672 3613 omnes

436 3629 609 3687 Marte
631 3629 785 3700 patre
816 3642 1066 3688 utuntur.
1099 3632 1244 3690 Mars
1271 3644 1450 3689 autem
1480 3633 1677 3688 bellum
1710 3632 1994 3702 significat,
2024 3633 2266 3702 itemque
2291 3632 2558 3716 car-niis},
2584 3641 2723 3714 teste
2753 3630 3027 3712 glomere:

1457 3743 1631 3808 Mars,
1662 3742 1828 3808 Mars,
1858 3742 2192 3798 homicida...

504 3833 716 3905 Jupiter
753 3837 923 3904 patris
957 3835 1177 3907 saturni
1209 3834 1464 3907 inimicus
1495 3835 1641 3907 hunc
1690 3834 1804 3903 ipsa
1841 3851 2004 3888 manu
2044 3835 2112 3907 de
2161 3836 2301 3907 caalo
2345 3835 2557 3906 dejecit,
2596 3837 2745 3907 pnde
2787 3837 2837 3890 ei
2871 3833 3224 3907 tyrannicida:
3272 3849 3469 3907 nomen
3493 3837 3673 3907 venit.

437 3903 709 3960 Saturnus
738 3903 888 3960 tanto
917 3907 969 3959 in
997 3905 1136 3960 ﬁlios
1171 3920 1300 3959 suos
1317 3905 1443 3959 odio
1463 3905 1768 3973 agitabatur
1795 3914 1962 3974 uteos
1985 3904 2204 3974 quidem
2235 3906 2320 3957 vix
2343 3903 2519 3961 editos
2537 3923 2566 3960 a
2595 3905 2744 3962 Rhea
2771 3903 3078 3961 devoraret.
3098 3903 3220 3959 Haec
3243 3904 3459 3974 quidem
3485 3904 3675 3958 Jovem

434 3976 616 4040 enixa,
652 3975 770 4042 ejus
811 3975 932 4030 loco
966 3975 1196 4043 lapidem
1226 3975 1422 4044 pannis
1468 3975 1768 4028 involutum
1801 3973 2040 4028 Saturno
2071 3974 2438 4029 devorandum
2465 3976 2662 4030 obtulit
2689 3994 2702 4041 ;
2744 3977 2831 4031 hic
2855 3977 3110 4031 devorato
3131 3989 3198 4029 eo
3229 3973 3409 4028 statim
3455 3989 3674 4036 omnes.

434 4060 573 4114 quos
591 4046 744 4116 prius
766 4047 912 4100 intus
936 4055 1269 4113 susceperat,
1295 4044 1556 4116 evomuit,
1579 4059 1748 4113 quare
1777 4059 1970 4099 saxum
1987 4060 2235 4099 amarum
2253 4045 2568 4115 deglutiisse
2590 4047 2930 4102 cantabatur.
2953 4044 3164 4116 Jupiter
3196 4044 3431 4114 cognito,
3464 4054 3674 4112 patrem

435 4131 596 4170 suum
623 4115 753 4169 illud
782 4117 1105 4184 patravisse,
1133 4126 1187 4170 et
1222 4115 1490 4184 pudendis
1512 4115 1676 4180 ferro,
1702 4123 1755 4168 et
1779 4128 1950 4184 regno
1989 4129 2270 4169 armorum
2303 4117 2355 4168 vi
2391 4131 2515 4171 eum
2551 4117 2817 4186 spoliavit.

504 4209 705 4264 Eadem
747 4209 974 4265 historia
997 4210 1468 4282 aliter_narratur:
1491 4207 1780 4282 Saturnus,
1797 4208 1949 4282 _C:elo
1971 4217 2288 4280 prognatus,
2317 4225 2380 4265 ex
2409 4225 2468 4282 se
2488 4220 2645 4282 natos
2670 4210 3116 4282 persequebatur.
3146 4207 3302 4282 Nam,
3335 4209 3674 4282 utdirimus,

433 4292 791 4348 quoscunque
829 4281 1124 4348 peperisset
1155 4279 1324 4343 Rhea,
1357 4281 1464 4333 vita
1498 4278 1758 4349 privavit;
1789 4277 1987 4334 Joveni
2019 4277 2198 4334 tamen
2247 4281 2480 4335 servavit
2508 4281 2561 4334 in
2589 4277 2807 4335 Cretam
2846 4277 3170 4349 relegatum,
3206 4279 3298 4332 ubi
3325 4278 3675 4349 Corybantes

435 4351 618 4404 sonitu
634 4351 1136 4420 instrumentorum
1165 4357 1353 4420 operet
1384 4348 1763 4420 saltationibus
1791 4351 2048 4420 clamosis
2068 4350 2246 4405 excito
2270 4351 2564 4404 effecerunt
2589 4367 2657 4404 ne
2687 4350 2912 4405 infantis
2941 4348 3289 4420 lacrytnantis
3314 4364 3417 4404 vox
3445 4348 3678 4420 exaudi-

433 4426 604 4489 retur.
634 4417 905 4489 Pyrrhicze
938 4419 984 4473 ei
1019 4417 1293 4474 saltationi
1319 4433 1515 4475 nomen
1551 4428 1651 4471 est.
1681 4417 2015 4489 Corybantes
2045 4421 2190 4474 enim
2219 4421 2390 4475 scutis
2415 4421 2556 4475 inter
2578 4436 2636 4476 se
2659 4421 2865 4476 collisis
2908 4417 3105 4473 armati
3142 4421 3375 4474 chorum
3407 4419 3666 4488 agebant.

435 4485 781 4544 Dxmonibus
806 4499 1181 4545 accensentur.

503 4577 667 4651 Tauri
696 4579 929 4635 fortnam
962 4582 1196 4649 sumpsit
1226 4579 1435 4651 Jupiter
1460 4586 1677 4647 propter
1697 4579 1994 4651 EurOpam,
2031 4581 2189 4650 cujus
2221 4595 2407 4634 amore
2436 4589 2627 4649 captus
2659 4580 2778 4649 ejus
2827 4579 3214 4650 investigandae
3251 4594 3415 4635 causa
3466 4581 3675 4637 circum

434 4649 670 4704 errabat.

499 4739 719 4811 Cycnus
748 4739 922 4815 factus
948 4751 1032 4798 est
1063 4744 1134 4815 ob
1167 4743 1400 4811 Ledam;
1434 4745 1596 4815 hujus
1620 4745 1765 4800 enim
1799 4753 1852 4799 et
1877 4723 2123 4815 Nemesis
2151 4741 2433 4815 desiderio
2447 4753 2730 4815 correptus
2765 4744 2863 4796 hac
2886 4743 2988 4797 sub
3019 4743 3188 4796 forma
3212 4742 3291 4798 eis
3317 4743 3677 4802 cohabitavit.

509 4815 718 4867 Aurum
741 4813 918 4868 factus
947 4823 1032 4868 est
1065 4813 1276 4870 Danaes
1299 4830 1447 4886 ergo,
1479 4813 1604 4871 eum
1623 4830 1796 4885 eaque
1829 4814 1932 4869 sub
1959 4814 2152 4883 pluvim
2181 4827 2360 4866 aurea:
2392 4813 2687 4867 simulacro
2705 4820 2787 4866 est
2804 4827 3150 4882 congressus.

503 4911 784 4981 Serpentis
804 4910 978 4983 forma
1001 4927 1061 4966 se
1081 4912 1441 4966 circumdedit
1467 4910 1800 4983 Olympiadis
1821 4909 2016 4983 gratia,
2047 4911 2238 4963 matris
2276 4907 2673 4983 Alexa_ndri._l_n
2693 4909 2998 4983 draconem
3018 4925 3254 4983 namque
3271 4920 3678 4967 transmutatus

431 4982 580 5036 illam
608 4979 1016 5064 compressisse
1039 4991 1279 5052 putatur,
1321 4983 1464 5038 unde
1507 4979 1842 5064 Aleian't‘ller;
1863 4979 2109 5064 Dracpne
2141 4989 2300 5064 satus
2329 4979 2496 5032 audit.
2529 4979 2637 5033 Alii
2665 4980 3051 5049 ,Olympiadem
3099 4979 3175 5034 cx'
3212 4979 3522 5037 Nectanebo
3549 4998 3681 5052 rege

429 5066 556 5107 eum
591 5050 900 5122 suscepisse
924 5050 1133 5120 dicunt,
1166 5067 1266 5108 nec
1297 5060 1476 5108 tamen
1500 5054 1682 5107 minus
1702 5051 1934 5120 Philippi
1967 5050 2111 5104 tilias
2133 5050 2392 5104 creditur.

501 5144 616 5201 Sub
639 5146 879 5202 humana
909 5145 1038 5201 dein
1076 5145 1252 5202 forma
1284 5146 1352 5201 ad
1393 5145 1684 5208 Semelem,
1712 5142 1912 5197 Bacchi
1953 5149 2206 5202 matrem,
2250 5143 2502 5195 accessit.
2527 5139 2670 5194 Juno
2692 5150 2898 5206 autem,
2933 5156 2991 5195 re
3024 5131 3230 5207 audita,
3269 5139 3472 5194 invidia
3506 5141 3676 5195 insti-

428 5225 588 5284 gante
616 5215 843 5272 Semelae
869 5217 1138 5286 persuasit
1175 5218 1346 5286 ipsam
1379 5217 1448 5271 ab
1468 5214 1598 5269 Jove
1621 5215 1763 5268 haud
1793 5211 1996 5273 amari,
2024 5211 2134 5263 imo
2171 5209 2367 5332 decipi.
2416 5211 2596 5277 Quare
2626 5211 2696 5264 ab
2736 5212 2854 5279 ipso
2878 5211 3168 5279 postularet
3189 5220 3246 5265 ut
3274 5213 3376 5266 sibi
3401 5209 3673 5264 Tonantis

430 5287 530 5340 sub
555 5288 732 5347 specie
765 5302 824 5341 se
857 5296 1205 5347 monSIraret,
1231 5293 1290 5339 ut
1314 5283 1874 5339 Junonieonsueverit
1903 5282 1956 5334 in
1975 5279 2162 5335 oculos
2189 5295 2285 5333 ven
2315 5295 2389 5333 re.
2411 5280 2530 5347 Quo
2555 5279 2699 5334 facto
2729 5280 2940 5336 Semele
2973 5281 3198 5335 fulmine
3217 5291 3354 5336 tacta
3389 5282 3673 5334 occubuit.

430 5279 530 5355 sub
555 5288 732 5355 specie
765 5302 824 5341 se
857 5279 1212 5350 monstraret:
1231 5293 1290 5339 ut
1314 5283 1874 5355 Junonieonsueverit
1903 5282 1956 5334 in
1975 5279 2162 5335 oculos
2189 5295 2285 5333 ven

2462 5295 2530 5334 uo
2555 5279 2699 5334 facto
2729 5280 2940 5336 Semele
2973 5281 3198 5335 fulmine
3217 5291 3354 5336 tacta
3389 5282 3674 5334 occubuit.

426 5350 637 5424 Jupiter
666 5355 833 5410 fetum
868 5357 921 5409 in
961 5354 1165 5409 femore
1201 5370 1301 5409 suo
1333 5354 1694 5416 abscondidit,
1731 5353 1925 5424 donec,
1967 5365 2160 5424 novem
2199 5352 2482 5424 mensium
2531 5351 2706 5424 spatio
2734 5353 2948 5424 elapso,
2989 5363 3112 5424 eum
3160 5354 3212 5424 in
3247 5352 3420 5406 lucem
3472 5350 3671 5404 edidit.

429 5420 568 5479 Hinc
588 5425 835 5480 Bacchus
863 5424 1024 5478 etiam
1057 5424 1228 5492 femur
1263 5425 1564 5491 parturiens
1592 5434 1646 5477 et
1667 5427 1801 5492 [etus
1827 5420 2156 5492 imperfectus
2184 5423 2422 5492 vocatur.
2452 5421 2586 5474 Sunt
2611 5421 3028 5490 quiAndrogyni
3055 5422 3271 5474 nomine
3297 5435 3420 5492 eum
3449 5429 3671 5478 ornent,

470 5495 570 5548 uod
595 5495 649 5548 in
677 5494 914 5549 Semeles
955 5489 1107 5548 utero
1136 5502 1190 5546 et
1217 5489 1273 5546 in
1297 5492 1446 5548 Jovis
1488 5489 1689 5548 femore
1732 5495 1966 5546 nutritus
2001 5489 2178 5547 fuerit.
2206 5489 2361 5556 Quod
2405 5507 2510 5545 non
2545 5493 2652 5557 ita;
2682 5505 2848 5546 causa
2876 5489 2957 5546 ρει
2989 5492 3156 5561 quod,
3203 5499 3260 5544 ut
3299 5490 3460 5561 paulo
3507 5498 3673 5544 antea

469 5563 691 5628 iximus,
723 5566 906 5634 agitut
931 5565 1033 5630 vir,
1071 5563 1272 5633 patitur
1298 5571 1355 5619 ut
1384 5563 1596 5618 mulier.

502 5751 582 5822 (ι)
622 5748 786 5804 Iliad.
829 5765 888 5819 ιι,
943 5751 1065 5807 2.26.

2191 5751 2266 5821 (Ξ)
2303 5751 2400 5803 0d.
2443 5767 2560 5816 vui,
2596 5754 2717 5807 H5.
