4054 6210
527 307 640 365 655

523 420 843 491 Πνεύματος
868 416 925 471 δὲ
955 415 1111 485 ἁγίου
1158 415 1253 469 καὶ
1280 412 1501 485 Μαρίας
1533 412 1631 483 τῆς
1666 413 1965 484 Παρθένου.
2014 411 2104 476 Ἐξ

520 510 682 584 ἡμῶν
722 508 780 563 δὲ
822 509 1076 577 λέγεται’
1128 508 1221 560 καὶ⁴
1266 506 1375 576 γὰρ
1408 503 1694 573 ἄνθρωπος
1732 504 1766 572 ὴ
1804 502 2101 572 Παρθένος.

521 600 656 655 Θεὸν
685 598 1108 670 σεσαρκωμένον
1124 596 1401 668 ἁμιάντως
1423 590 1679 655 τεκοῦσα,
1708 591 1804 644 καὶ
1820 590 2105 653 συνουσίας

523 690 681 754 ἐκτὸς
716 690 930 760 ἀνδρὸς.

784 779 961 833 Δαϐὶδ
988 777 1185 851 γένος.
1210 776 1347 830 ἀλλ’
1401 773 1689 843 Ἄδάμοιο.
1991 772 2020 796 ⁴’

593 871 686 941 Τῷ
734 870 899 923 Δαὸὶδ
936 871 965 922 6
1007 868 1139 929 Θεὸς
1188 865 1560 937 ἐπηγγείλατο
1597 864 1691 917 τὸν
1744 864 1981 935 Χριστὸν
2039 864 2107 916 ὲκ

526 961 742 1035 καρποῦ
777 960 879 1029 τῆς
919 958 1119 1026 ὀσφύος
1149 956 1316 1009 αὑτοῦ
1356 957 1691 1025 ἀναστήσειν
1717 956 1859 1008 κατά
1893 956 2105 1026 σάρκα·

528 1051 692 1107 Δασὶδ
716 1052 772 1105 δὲ
796 1050 1049 1120 βασιλεὺς
1088 1047 1304 1117 Ἰσραὴλ
1333 1038 1455 1108 υίὸς
1488 1046 1708 1109 Ἰεσσαὶ,
1737 1045 2110 1115 Βηθλεεμίτης

528 1144 699 1213 φυλῆς
734 1140 918 1193 Ἰούδα.
949 1139 1172 1208 Πρῶτος
1193 1134 1285 1190 οῦν
1322 1136 1516 1189 Ἰακώὸ
1544 1154 1711 1208 φησιν
1732 1154 1745 1167 ο
1769 1140 1891 1191 Οὐκ
1914 1138 2109 1191 ἐκλεί-

525 1237 629 1304 ψει
672 1233 872 1301 ἅρχων
919 1230 989 1294 ἐξ
1034 1229 1242 1289 Ἰούδα,
1294 1228 1436 1282 οὐδὲ
1490 1229 1823 1297 ἡγούμενος
1870 1228 1937 1280 ἐκ
1992 1227 2110 1280 τῶν

526 1322 730 1393 μηρῶν
759 1321 967 1384 αὑτοῦ,
984 1321 1094 1386 ἕως
1116 1320 1193 1375 ἂν
1215 1321 1363 1386 ἔλθῃ
1384 1312 1432 1385 ᾧ
1451 1320 1778 1384 ἀπόκειται,
1805 1320 1903 1373 καὶ
1931 1315 2108 1385 οὗτος

526 1415 864 1484 προσδοκία
889 1412 1102 1467 ἐθνῶν.
1142 1414 1271 1476 Υίδς
1306 1410 1398 1467 οὖν
1440 1414 1606 1466 Δαόὶδ
1636 1416 1664 1466 6
1697 1414 1931 1485 Χριστὸς
1970 1413 2109 1467 κατὰ

530 1508 731 1579 σάρκα,
774 1509 801 1560 6
832 1507 1075 1575 πλάστης
1114 1506 1305 1577 Ἀδὰμ,
1363 1506 1537 1575 ’Λδάμ
1574 1505 1630 1559 δὲ
1660 1506 1876 1576 πρῶτος
1900 1504 2111 1577 ἀνθρω-

531 1619 632 1663 πος
657 1600 883 1668 ἐκτίσθη
912 1600 1032 1652 κατ’
1062 1600 1247 1652 εἰκόνα
1277 1599 1412 1652 Θεοῦ
1446 1600 1539 1654 καὶ
1575 1599 1857 1669 ὁμοίωσιν.

531 1690 600 1746 65
636 1690 746 1744 Καὶ
790 1689 986 1757 φάτνή
1024 1690 1141 1757 μὲν
1171 1690 1402 1744 ἔδεκτο.

599 1780 705 1835 Τοῦ
734 1781 1001 1852 δόγματος
1032 1781 1161 1851 παρ’
1202 1782 1515 1849 Αὐγούστου
1548 1779 1822 1850 Καίσαρος
1858 1780 2115 1851 ἐξεληλυ-

530 1872 707 1939 θότος,
737 1873 837 1942 τὴν
866 1875 1194 1945 οἰκουμένην
1224 1875 1353 1929 ὅλην
1381 1872 1830 1944 ἀπογράψασθαι,
1864 1874 1957 1927 καὶ
1974 1874 2111 1927 πάν-

527 1983 637 2018 των
675 1967 755 2027 εἰς
787 1967 886 2035 τὴν
931 1966 1066 2018 ἰδίαν
1101 1965 1336 2035 πατρίδα
1368 1966 1866 2045 κατεπειγομένων,
1915 1966 2112 2037 Ἰωσὴφ

530 2057 645 2119 υίὸς
680 2055 755 2109 ὣν
779 2056 944 2109 Δαὸὶδ
973 2056 1080 2109 ἀπὸ
1106 2055 1364 2127 Ναζαρὲθ
1396 2061 1475 2121 εἰς
1499 2058 1751 2129 Βηθλεὲμ
1778 2057 2012 2129 ἀνῆλθεν
2033 2060 2114 2123 είς

529 2146 686 2198 πόλιν
735 2145 917 2209 Δαὸὶδ,
953 2146 1379 2216 ἀπογράψασθαι
1410 2150 1506 2201 σὺν
1539 2150 1775 2220 Μαριὰμ
1800 2153 1865 2220 τῇ
1902 2167 2115 2220 μεμνη-

536 2237 806 2307 στευμένῃ
859 2236 1011 2307 αὐτῷ
1052 2236 1190 2311 οὔσῃ
1239 2237 1457 2310 ὲγκύῳ·
1511 2241 1606 2293 καλ⁵
1662 2240 2011 2311 ἐπλήσθησαν
2056 2241 2117 2295 αἱ

531 2327 738 2397 ἡμέραι
776 2326 869 2380 τοῦ
904 2331 1085 2381 τεκεῖν
1125 2328 1319 2400 αὐτὴν,
1349 2331 1445 2383 καὶ
1493 2330 1648 2385 ἔτεκε
1678 2331 1770 2385 τὸν
1800 2332 1915 2385 υἱὸν
1944 2332 2118 2402 αὐτῆς

528 2416 620 2469 τὸν
652 2418 1017 2486 πρωτότοκον,
1048 2418 1142 2471 καὶ
1171 2420 1600 2490 ἐσπαργάνωσεν
1649 2421 1834 2484 αὐτὸν,
1876 2423 1970 2475 καὶ
2022 2423 2117 2474 ἀν-

524 2506 739 2558 έκλινεν
771 2508 934 2559 αὑτὸν
966 2510 1022 2559 ὲν
1041 2511 1107 2579 τῇ
1133 2509 1330 2582 φάτνῃ,
1354 2510 1487 2563 διότι
1517 2512 1617 2564 οὐκ
1646 2508 1713 2583 ἦν
1740 2512 1926 2575 αὐτοῖς
1948 2513 2115 2576 τόπος

529 2597 587 2648 ὲν
611 2595 687 2667 τῷ
715 2596 1085 2667 καταλύματι.

1300 2690 1527 2759 Μάγοις
1555 2690 1624 2745 δέ
1649 2709 1713 2746 τε
1751 2693 2118 2763 ἡγεμόνευεν

532 2776 605 2832 66
658 2774 894 2845 Ἀστὴρ,
933 2775 1258 2848 δωροφόροι
1303 2778 1355 2831 δ’
1398 2780 1489 2848 ἄρ’
1521 2780 1688 2847 ἔϐαν,
1738 2782 1837 2836 καί
1878 2782 2117 2851 γούνατ’

1694 2872 2023 2943 [ἔκαμψαν.

602 2959 840 3029 Χριστοῦ
869 2959 1243 3030 γεννηθέντος,
1278 2960 1445 3030 μάγοι
1471 2962 1838 3033 παρεγένοντο
1855 2964 1962 3016 ἀπὸ
1989 2964 2121 3017 ἀνα-

531 3052 702 3106 τολῶν
737 3052 841 3105 ὑπὸ
868 3051 1098 3122 ἀστέρος
1127 3052 1509 3124 ὁδηγούμενοι,
1537 3056 1634 3108 καὶ
1674 3054 1910 3126 Χριστὸν
1942 3074 2118 3126 προσ-

532 3144 886 3212 κυνήσαντες,
918 3141 1068 3214 δῶρα
1111 3143 1386 3214 παρέσχον
1420 3143 1569 3215 αὐτῷ
1607 3145 1808 3217 χρυσὸν
1842 3146 1937 3198 καὶ
1966 3144 2121 3199 λίϐα-

531 3251 624 3288 νον
651 3234 744 3287 καὶ
771 3232 1040 3303 σμύρναν.

532 3323 598 3376 62
651 3322 745 3387 Ὡς
768 3319 993 3388 βροτὸς
1029 3318 1166 3392 ἦλθ’
1199 3326 1292 3380 ἐπ’
1322 3326 1543 3397 ἀγῶνα,
1579 3326 1914 3395 ὐπέρσχεθε
1950 3325 2001 3378 δ’
2031 3326 2112 3392 ὡς

1656 3417 2025 3489 [ἀδάμαστος

1630 295 1904 351 COSMAS
1939 293 2649 351 lil‘EROSOI.Y.’ll|TANUS

3690 287 3791 340 ιω

2216 413 2284 464 68
2325 408 2668 480 Πειροστὴν
2697 403 3001 477 τρισσοῖσι
3041 403 3481 471 παλαίσμασιν.

2279 502 2442 571 Τρισὶ
2488 500 2815 572 προσϐολαῖς
2857 500 2886 551 6
2931 496 3179 559 διάϐολος
3224 493 3464 564 Χριστὸν
3512 494 3791 567 πειράζειο

2210 593 2476 646 Πεινῶντι
2508 592 2689 655 λίθους
2721 593 2801 653 είς
2832 592 2994 660 ἄρτον
3044 587 3407 658 προϐάλλεται
3431 604 3445 617 ”
3485 587 3584 650 τὰς
3637 588 3791 657 βασι-

2209 683 2360 746 λείας
2389 683 2489 753 τῆς
2525 683 2627 753 γῆς
2661 680 2810 751 αὐτῴ
2835 680 3097 744 δείκνυσι,
3126 677 3300 731 ταῦτα
3330 676 3592 748 παρέξειν
3639 676 3694 729 ετ
3730 693 3793 741 γε

2214 774 2398 827 πεσὼν
2454 775 2864 845 προσκυνήσοι,
2916 770 3429 840 διαϐεϐαιούμενοςο
3490 770 3572 832 είς
3622 768 3682 822 δὲ
3732 768 3795 822 τὸ

2212 866 2508 938 πτερύγιον
2555 865 2778 935 ἀγαγὼν
2823 863 2919 918 τοῦ
2972 860 3141 934 ἱεροῦ,
3189 862 3374 932 βαλεῖν
3421 861 3574 915 κάτω
3616 860 3783 928 φησὶν

2212 958 2375 1030 εἴπερ
2411 959 2540 1021 Υἱὸς
2588 958 2676 1028 εἴη
2708 957 2805 1010 τοῦ
2861 954 3033 1009 Θεοῦ·
3087 954 3307 1007 πάντων
3353 952 3409 1007 δὲ
3458 949 3794 1023 διαμαρτὼν,

2211 1051 2421 1120 οἴχεται
2454 1047 2933 1120 κατῃσχυμμένος.
2966 1048 3161 1101 Κεῖται
3181 1046 3239 1099 ὲν
3261 1044 3341 1097 τῶ
3369 1045 3424 1099 γ’
3446 1044 3590 1113 λόγῳ
3630 1045 3665 1114 ἠ
3708 1043 3796 1107 ἑξ-

2213 1145 2431 1214 ἡγησις.

3199 1222 3383 1294 Εῐδαρ
3414 1224 3673 1291 ὑπέστη,

2213 1324 2279 1380 69
2320 1325 2513 1393 Θρέψε
2562 1324 2632 1377 δὲ
2662 1322 2959 1391 χιλιάδας.

2281 1414 2502 1484 Τροφῆς
2530 1414 2627 1481 μὲν
2644 1413 2718 1475 ὡς
2738 1412 2835 1465 ἄνθ
2845 1427 3024 1483 ρωπος
3040 1409 3299 1479 μετέσχεν
3316 1410 3344 1460 6
3359 1405 3571 1477 Σωτὴρ,
3598 1404 3715 1459 ἀλλ’
3738 1404 3797 1469 ἐξ

2213 1503 2395 1577 ἄρτων
2418 1506 2579 1556 πέντε
2612 1502 2857 1574 χιλιάδας
2881 1501 3156 1572 ὲκόρεσεν.
3183 1501 3375 1552 Κεῖται
3392 1499 3449 1550 ἐν
3464 1497 3543 1569 τῷ
3562 1504 3611 1566 γ’
3627 1498 3794 1568 λόγῳ.

2724 1593 2920 1661 ’Ύδωρ
2947 1592 2998 1645 τ’
3043 1588 3336 1657 είςιοῖνον
3377 1590 3653 1658 ἄμειψεν.

2284 1686 2520 1757 Χριστὸς
2559 1686 2617 1737 ὲν
2661 1685 2822 1755 Κανᾷ
2861 1684 3151 1755 γενόμενος
3197 1682 3296 1752 τῆς
3346 1680 3657 1747 Γαλιλαίας,
3718 1681 3795 1742 είς

2213 1779 2395 1849 γάμον
2435 1774 2627 1839 ἐλθὼν,
2655 1777 2750 1829 καὶ
2777 1776 3060 1846 λείψαντος
3086 1774 3255 1835 οἴνου,
3278 1771 3439 1824 τοῦτο
3462 1773 3559 1841 τῆς
3585 1772 3796 1841 μητρὸς

2212 1867 2363 1937 αὐτῷ
2415 1864 2867 1934 διασαφησάσης,
2920 1866 3033 1925 τοῖς
3078 1859 3400 1931 παρεστῶσι
3465 1860 3563 1923 τὰς
3608 1859 3796 1930 ὑδρίας

2216 1958 2406 2022 ὕδατος
2432 1956 2722 2028 πληρῶσαι
2755 1955 3086 2029 προστάξας,
3121 1950 3263 2007 οἶνον
3295 1952 3356 2017 ἐξ
3388 1951 3578 2015 ὓδατος
3604 1953 3797 2022 κιρνᾷν

2218 2049 2402 2119 ἱλαρὸν
2434 2051 2549 2111 τοῖς
2578 2047 2866 2118 δαιτυμόσι
2895 2046 2991 2100 καὶ
3030 2046 3175 2117 μάλα
3197 2045 3329 2116 ἡδὺν
3362 2044 3790 2115 παρεσκεύασεν.

2217 2139 2285 2192 70
2324 2139 2636 2201 Λούσατο,
2681 2139 2819 2195 ἀλλ’
2872 2137 3166 2205 ἐκάθηρεν
3218 2134 3611 2205 ἁμαρτάδας,
3659 2136 3795 2189 ἀλλ’

2217 2276 2280 2333 71
2321 2277 2621 2346 Πνεύματι
2658 2273 2987 2344 βρονταὶης
3026 2274 3233 2344 φωνῆς
3266 2276 3405 2340 ὕπο,
3441 2204 3796 2415 ἑθῗῗςῖήιῗέάρη

3592 2362 3725 2413 χου.

3592 2362 3725 2413 χου.

2286 2438 2520 2509 Χριστὸς
2573 2439 2630 2489 ὲν
2686 2436 2928 2508 Ἰορδάνῃ
2983 2434 3301 2505 βαπτισθεὶς
3342 2435 3447 2488 ὑπὸ
3521 2435 3794 2495 Ἰωάννου,

2217 2528 2371 2598 παρά
2398 2528 2497 2598 μὲν
2532 2530 2746 2600 Πατρὸς
2777 2528 2850 2591 ὡς
2878 2528 3007 2589 Υἱὸς
3037 2527 3321 2597 ἀγαπητὸς
3360 2526 3796 2597 μεμαρτύρηται,

2218 2619 2443 2690 Πνεῦμα
2473 2619 2528 2673 δὲ
2552 2620 2612 2673 τὸ
2644 2620 2909 2688 πανάγιυν
2940 2618 3237 2688 σωματικῷ
3265 2618 3393 2672 εῖδει
3422 2617 3691 2689 κατῆλθεν
3714 2618 3796 2671 ἐπ’

2219 2711 2385 2765 αὑτὸν
2413 2711 2545 2764 ὡσεὶ
2577 2711 2895 2782 περιστερά.
2929 2711 3122 2763 Κεῖται
3145 2713 3203 2763 ἐν
3228 2709 3304 2780 τῷ
3336 2710 3379 2779 β’
3404 2710 3568 2779 λόγῳ.

2221 2803 2289 2858 ’72
2332 2804 2428 2869 Ὧς
2447 2803 2669 2871 ,ϐροτὸς
2700 2803 2894 2855 ὕπνον
2914 2801 3141 2870 ἔδεκτο,
3172 2802 3273 2856 καί
3305 2802 3385 2868 ὡς
3411 2802 3559 2926 Θῗὸὲ
3578 2802 3796 2855 εὔνασε

3480 2886 3524 2923 π
3562 2888 3725 2924 ντον.

3480 2886 3725 2924 πον-τον.

2284 2963 2518 3034 Χριστὸς
2573 2962 2851 3015 καθεύδων
2887 2964 2944 3015 ὲν
2982 2963 3061 3034 τῷ
3102 2964 3291 3033 πλοίῳ,
3342 2963 3611 3024 κλύδωνος
3669 2962 3796 3023 τοὺς

2220 3053 2468 3126 μαθητὰς
2528 3054 2990 3124 ὲκταράττοντος,
3035 3055 3278 3118 ἀναστὰς
3323 3055 3627 3124 ἐπετίμησε
3690 3055 3801 3114 τοῖς

2217 3144 2444 3213 ἀνέμοις
2463 3160 2475 3171 ·
2510 3145 2543 3215 ή
2574 3145 2629 3197 δὲ
2656 3145 2899 3199 θάλασσα
2922 3145 3175 3217 γαληνῶς
3210 3146 3506 3218 ὑφήπλωσε
3533 3144 3610 3215 τῷ
3639 3160 3794 3217 προσο

2216 3236 2465 3307 τάγματι
2494 3236 2565 3290 τά
2591 3235 2707 3289 νῦν.

2222 3350 2288 3402 73
2327 3350 2531 3403 Γοῦνα
2587 3349 2798 3419 κάμεν,
2859 3350 3140 3419 παρέτοις
3197 3349 3266 3403 δὲ
3296 3350 3516 3477 αξξοςὲ
3526 3348 3645 3487 :32
3646 3349 3806 3473 8:013-

462 3610 463 3613 ‘
535 3601 644 3661 bis,
678 3608 840 3665 atque
865 3600 1005 3652 hanc
1040 3615 1151 3654 non
1186 3615 1250 3654 ex
1286 3600 1472 3668 aliquo
1503 3599 1734 3661 semine,
1780 3598 1873 3653 sed
1906 3613 1973 3651 ex
2009 3596 2215 3669 Spiritu
2256 3607 2451 3653 sancto
2483 3606 2537 3653 et
2571 3598 2742 3667 Maria
2778 3598 3018 3669 Virgine.
3070 3597 3147 3652 Ex
3185 3598 3349 3653 nobis
3390 3613 3522 3653 vero
3555 3597 3760 3653 dicitur
3791 3617 3806 3653 :

539 3670 702 3723 homo
740 3669 927 3739 Virgo,
947 3668 1114 3723 Deum
1142 3670 1488 3724 incarnatum
1518 3669 1720 3723 munda
1743 3670 1987 3737 pariens,
2017 3668 2299 3737 incognito
2326 3668 2466 3723 viro.

608 3760 773 3815 David
821 3762 963 3817 Deus
1005 3763 1254 3831 promisit
1289 3764 1359 3817 de
1396 3762 1582 3817 fructu
1629 3763 1837 3817 ventris
1882 3762 2003 3830 ejus
2030 3779 2090 3818 se
2121 3762 2404 3818 Christum
2437 3764 2739 3818 secundum
2764 3777 2984 3818 carnem
3029 3764 3426 3818 suscitaturum
3451 3779 3603 3827 esse;
3639 3761 3808 3816 David

534 3840 716 3884 autem
741 3840 857 3885 erat
888 3848 979 3886 rex
1018 3832 1207 3897 Israel,
1235 3832 1377 3887 [ilius
1410 3832 1588 3895 Jesse,
1629 3849 1696 3886 ex
1733 3832 2041 3894 Bethleem,
2070 3848 2134 3887 ex
2167 3834 2314 3887 tribu
2348 3832 2510 3888 Juda.
2557 3833 2699 3888 Dicit
2738 3843 2918 3888 autem
2947 3833 3157 3902 primus
3190 3833 3360 3887 Jacoh
3392 3852 3406 3887 :
3438 3833 3561 3886 Non
3602 3835 3813 3900 aufert-

536 3906 621 3973 tur
649 3911 910 3973 sceptrum
942 3902 1006 3973 de
1042 3902 1205 3963 Iuda.
1248 3914 1296 3957 et
1326 3903 1437 3956 dua:
1459 3903 1523 3955 de
1545 3903 1744 3969 femore
1789 3903 1929 3973 ejus,
1960 3906 2125 3956 donec
2155 3905 2327 3957 veniat
2356 3904 2465 3973 rqui
2495 3903 2781 3957 mittendus
2819 3913 2918 3973 est,
2969 3912 3019 3956 et
3050 3906 3159 3972 ipse
3197 3905 3297 3957 erit
3332 3905 3650 3970 exspectatio
3690 3919 3815 3970 ger.-

535 3971 667 4041 tium
692 3970 732 4021 ¹.
760 3970 931 4024 Filius
982 3971 1147 4025 David
1172 3982 1257 4028 est
1285 3989 1414 4041 ergo
1451 3972 1706 4028 Christus
1729 3971 2031 4028 secundum
2066 3987 2314 4038 carnem,
2346 3970 2520 4027 factor
2538 3973 2752 4038 Adami,
2789 3972 3033 4028 Adamus
3062 3970 3242 4028 autem
3275 3975 3453 4028 factus
3470 3982 3557 4028 est
3578 3973 3646 4027 ad
3677 3973 3816 4026 ima-

530 4040 710 4110 ginem
751 4048 805 4093 et
845 4040 1259 4096 similitudinem
1285 4040 1401 4096 Dei.

612 4154 630 4186 ι
679 4135 822 4189 Exiit
852 4136 1090 4191 edictum
1118 4151 1147 4190 a
1182 4137 1400 4192 Caesare
1426 4136 1695 4206 Angusto,
1724 4147 1785 4191 ut
1809 4136 2220 4191 describeretur
2244 4138 2541 4193 universus
2564 4137 2738 4199 orbis,
2766 4144 2821 4191 et
2845 4137 2998 4190 ibant
3018 4152 3208 4193 omnes
3238 4138 3290 4190 in
3323 4152 3477 4192 suam
3507 4137 3812 4206 civitatem.

529 4204 730 4275 Ioseph
773 4213 977 4267 autem,
1016 4207 1160 4261 [ilius
1194 4206 1383 4270 David,
1419 4204 1669 4261 ascendit
1700 4208 1766 4275 de
1811 4206 2083 4260 Nazareth
2112 4208 2166 4261 in
2194 4207 2513 4261 Bethlehem
2543 4208 2821 4261 civitatem
2853 4206 3043 4269 David,
3079 4208 3506 4275 utproliteretur
3536 4222 3660 4260 eum
3700 4204 3817 4257 Ma-

533 4276 612 4326 ria
637 4274 966 4344 desponsata
1005 4276 1111 4331 sibi
1164 4292 1334 4330 uxore
1368 4285 1701 4345 praegnante.
1749 4274 1958 4345 lmpleti
2008 4286 2139 4331 sunt
2180 4286 2357 4331 autem
2397 4277 2514 4332 dies
2542 4285 2601 4330 ut
2624 4286 2858 4345 pareret.
2890 4284 2944 4330 et
2983 4274 3193 4345 peperit
3219 4277 3383 4329 lilium
3412 4292 3585 4345 suum
3616 4278 3819 4344 primo-

532 4346 796 4411 genitum,
834 4355 887 4399 et
924 4347 1121 4415 pannis
1152 4362 1275 4401 eum
1315 4344 1544 4401 involvit
1572 4356 1627 4402 et
1658 4344 1943 4401 reclinavit
1973 4361 2099 4401 eum
2136 4348 2191 4399 in
2228 4347 2524 4416 przesepio;
2562 4344 2689 4415 quia
2722 4362 2830 4400 non
2865 4344 3086 4402 erateis
3116 4348 3269 4401 locus
3306 4348 3359 4400 in
3393 4344 3700 4400 diversorio
3734 4346 3812 4397 ’.ι

603 4437 739 4512 Cum
770 4440 1023 4495 Christus
1048 4453 1211 4496 natus
1246 4441 1460 4505 fuisset,
1499 4441 1666 4512 magi,
1714 4441 1875 4498 stella
1908 4440 2052 4496 duce
2105 4447 2376 4495 venerunt
2424 4440 2492 4494 ab
2529 4440 2771 4505 Oriente,
2801 4440 3192 4509 Christumque
3245 4439 3537 4493 adorantes
3590 4438 3819 4491 obtule-

534 4516 664 4562 runt
693 4510 741 4565 ei
768 4525 985 4572 aurum,
1014 4513 1141 4566 thus
1172 4522 1225 4566 et
1250 4513 1551 4581 myrrham.

605 4601 712 4653 Ter
749 4599 1002 4656 diabolus
1031 4609 1203 4656 tentat
1240 4601 1520 4655 Christum
1561 4616 1577 4657 :
1610 4601 1661 4656 ei
1690 4600 1881 4670 jejuno
1928 4600 2137 4671 lapides
2200 4603 2254 4656 in
2292 4616 2485 4668 panem
2532 4599 2934 4655 convertendos
2978 4600 3287 4671 proponit;
3327 4613 3493 4668 regna
3538 4604 3708 4671 terrae
3744 4595 3822 4649 illi

532 4670 893 4741 demonstrat,
929 4688 1050 4741 qua:
1073 4689 1131 4726 se
1154 4672 1229 4724 illi
1262 4687 1385 4726 esse
1415 4667 1704 4734 daturum,
1728 4667 1771 4724 si
1796 4667 2002 4726 cadens
2044 4667 2377 4733 adoraverit,
2415 4671 2724 4741 promittit;
2756 4667 3002 4725 statuens
3030 4667 3209 4724 autem
3238 4667 3591 4741 illuui'_super
3619 4669 3823 4741 pinna-

532 4740 715 4811 culuin
746 4736 962 4810 templi,
986 4743 1256 4796 utmittat
1280 4756 1339 4795 se
1370 4741 1625 4796 deorsum
1652 4742 1729 4794 illi
1758 4742 1976 4807 suadet,
2001 4740 2046 4795 si
2077 4742 2249 4797 Filius
2268 4741 2363 4797 Dei
2392 4736 2495 4796 est.
2522 4736 2661 4793 Cum
2690 4741 2825 4794 nihil
2847 4741 3194 4810 profecisset,
3217 4736 3824 4811 ignominiosedisceso

534 4810 627 4863 sit.
665 4809 723 4864 In
756 4809 918 4866 tertio
944 4812 1190 4867 carmine
1223 4812 1497 4880 expositio
1529 4812 1750 4882 legitur.

601 4904 755 4961 Cibis
777 4914 958 4961 autem
993 4914 1055 4961 ut
1087 4905 1253 4959 homo
1286 4906 1547 4973 vescitur,
1579 4905 1675 4961 sed
1697 4920 1761 4959 ex
1790 4903 2028 4974 panibus
2062 4904 2307 4974 quinque
2334 4903 2503 4958 millia
2526 4904 2713 4960 satiat.
2741 4902 2970 4973 Legitur
3001 4903 3056 4956 in
3086 4902 3246 4957 tertio
3267 4902 3412 4957 loco.

604 5017 1024 5089 Cum_Christus
1070 5032 1216 5077 esset
1262 5023 1316 5075 in
1360 5020 1508 5075 Cana
1550 5020 1787 5076 Galilzeae
1812 5028 1979 5089 atque
2003 5019 2072 5075 ad
2099 5021 2323 5088 nuptias
2354 5028 2607 5078 vocatus.
2653 5019 2957 5074 deﬁciente
2986 5019 3145 5084 vino,
3180 5021 3285 5074 huc
3327 5020 3377 5074 ei
3411 5028 3590 5074 mater
3620 5031 3830 5075 notum

534 5088 684 5162 fecit.
717 5085 868 5162 Tunc
901 5098 1147 5147 astantes
1170 5092 1337 5162 jussit
1360 5091 1587 5162 implere
1607 5092 1834 5160 hydrias
1862 5085 2029 5161 aqua,
2058 5085 2355 5161 vinumque
2375 5107 2443 5146 ex
2474 5093 2614 5160 aqua
2639 5090 2846 5144 factum
2892 5092 3093 5159 apponi
3119 5090 3371 5145 convivis
3396 5107 3743 5161 generosum
3771 5104 3835 5142 ac

532 5158 945 5214 suavissimum.

601 5269 858 5343 Christus
888 5285 918 5324 a
951 5270 1160 5328 Joanne
1189 5274 1245 5327 in
1286 5274 1522 5331 Iordane
1558 5273 1867 5343 baptizatus
1908 5290 1938 5329 a
1963 5274 2125 5329 Patre
2154 5253 2366 5342 accepit
2392 5272 2774 5330 testimonium
2821 5273 2965 5342 quod
2990 5282 3139 5330 esset
3174 5272 3348 5327 Filius
3387 5273 3508 5343 ejus
3542 5272 3825 5326 dilectus.

532 5338 771 5415 ﬁpirritus
800 5355 933 5397 vero
981 5343 1363 5400 sanctissimus
1410 5338 1680 5413 corporali
1735 5345 1919 5415 specie
1955 5346 2102 5401 sicut
2157 5338 2415 5398 coluinba
2464 5343 2755 5398 descendit
2787 5338 2853 5395 iu
2894 5346 3095 5415 ipsum.
3152 5345 3209 5398 In
3259 5338 3507 5398 secundo
3559 5345 3833 5396 carmine

529 5403 750 5481 legitur.

598 5503 853 5560 Christus
890 5504 943 5560 in
982 5504 1253 5577 navicula
1279 5506 1579 5571 dormiens,
1635 5514 1962 5577 tempestate
2006 5504 2341 5563 tremefactis
2377 5506 2691 5576 discrpulis,
2736 5505 2977 5563 surrexit
3017 5514 3074 5560 et
3119 5504 3408 5574 imperavit
3445 5504 3656 5569 ventis,
3706 5514 3835 5559 sta-

527 5571 738 5641 timque
766 5590 916 5631 mare
945 5575 1206 5633 obediens
1240 5575 1411 5633 iratos
1450 5577 1648 5633 ﬂuctus
1686 5571 1927 5634 sedavit.

598 5750 610 5777 '
658 5748 794 5805 Gen.
826 5765 972 5820 χιιι,
1006 5754 1093 5810 to.
1206 5760 1225 5789 ¹
1250 5755 1379 5810 Luc.
1421 5757 1517 5823 u,7
1540 5774 1659 5828 sqq.
