4054 6210
1088 398 1307 454 ΛΟΓΟΣ
1334 395 1477 450 ΡΙΕΥ,

1024 512 1163 580 Περὶ
1215 507 1434 578 ἀρετῆς
1462 508 1509 577 (I
1525 508 1564 580 ).

493 650 597 705 9.06
721 647 818 710 Ἐξ
843 640 931 699 ὧν
963 642 1137 697 στοαί
1180 657 1245 693 τε
1284 636 1631 710 προσώπωνί
1662 634 1900 710 όρρύες,

492 722 595 773 ‘207
725 705 1020 783 Ἁκαδμίαι
1064 729 1155 783 τε-
1172 710 1271 763 καὶ
1312 705 1533 783 ramea!
1576 705 1955 783 ῌυρῤωνίων,

492 791 596 845 208
707 775 929 855 Σκέιψίς
973 781 1195 851 ἑφεξῆς
1241 776 1528 848 τεχνιτῶν
1574 775 1909 843 ληρήματα.

565 920 905 990 Ξενοκράτης
960 917 1055 971 καὶ
1098 912 1478 985 Ἀριστοτέλης
1505 908 1791 972 Πλάτωνος
1824 906 2082 976 γεγόνασι

502 1013 759 1085 μαθηταὶ,
791 1011 989 1071 οἵτινες
1017 1004 1183 1060 αὐτοῦ
1211 1005 1304 1057 καὶ
1328 1002 1427 1073 τὴν
1457 1000 1739 1072 διατριϐὴν
1762 996 2078 1085 διεδέξαντο⁸

500 1084 590 1158 καὶ
623 1084 652 1156 ὁ
692 1102 789 1173 μὲν
814 1098 1158 1169 Ξενοκράτης
1188 1095 1414 1165 ἐποίησε
1449 1094 1547 1165 τὴν
1575 1089 1819 1160 Στωῖκὴν
1847 1084 2080 1159 αἳρεσιν,

513 1180 893 1267 Ἀριστοτέλης
938 1190 995 1243 δὲ
1026 1190 1125 1260 τὴν
1187 1184 1629 1257 περιπατητικὴν
1683 1182 1915 1253 αἵρεσιν.
1963 1176 2082 1231 Είσὶ

501 1288 556 1341 δὲ
592 1288 689 1357 τῆς
733 1283 1050 1354 φιλοσοφίας
1085 1282 1135 1334 οἱ
1169 1278 1409 1353 ὁρισμοι,
1442 1270 1577 1343 οἷον,
1609 1273 1670 1338 ἐξ
1701 1271 2080 1341 ὑποκειμένου,

503 1380 566 1431 ὲκ
586 1377 792 1439 τέλους,
824 1373 885 1437 ἐξ
916 1370 1215 1444 ὑπεροχῆς,
1247 1368 1307 1434 ἐξ
1325 1365 1701 1437 ἐτυμολογίας,
1722 1364 1814 1418 καὶ
1836 1362 1905 1415 τὰ
1936 1360 2079 1431 ἑξῆς

504 1465 658 1531 αὖθίς
686 1485 746 1519 τε
785 1468 832 1519 οἱ
858 1466 1146 1537 φερόμενοι
1172 1462 1393 1533 εὑρέται
1410 1460 1517 1513 τῶν
1539 1455 1780 1529 ὁρισμῶν
1800 1456 1900 1525 τῆς
1940 1453 2085 1524 φιλο-

507 1560 714 1630 σοφίας,
748 1558 843 1611 καλ⁸
890 1557 965 1621 ὡς
997 1558 1077 1618 είς
1116 1552 1448 1624 θεωρητικὸν
1493 1550 1587 1604 καὶ
1620 1548 1920 1620 πρακτικὸν
1951 1546 2085 1599 διαι-

509 1654 704 1723 ρεῖται,
740 1650 835 1703 καὶ
868 1648 928 1701 τὸ
974 1648 1070 1718 μὲν
1118 1646 1195 1709 ὼς
1227 1645 1306 1706 είς
1352 1640 1729 1711 φυσιολογικδν
1778 1638 1870 1690 καὶ
1905 1635 2082 1707 μαθη-

512 1740 737 1813 ματικὸν
763 1740 856 1792 καὶ
878 1736 1208 1808 θεωρητικόν
1228 1752 1244 1767 ι
1274 1733 1335 1786 τὸ
1354 1734 1411 1786 δὲ
1436 1733 1514 1794 είς
1546 1729 1738 1800 ἠθικὸν
1760 1730 1852 1782 καὶ
1882 1729 2086 1782 πολιτι-

509 1831 604 1885 κὸν
630 1832 724 1885 καὶ
757 1827 1094 1899 οἰκονομικόν
1116 1842 1128 1855 '
1162 1825 1257 1878 καὶ
1289 1824 1350 1876 τὸ
1379 1822 1477 1893 μὲν
1506 1822 1710 1875 τούτων
1744 1822 1824 1884 είς
1858 1819 2089 1891 ἀριθμη-

508 1925 666 1994 τικὴν
694 1923 787 1977 καὶ
833 1920 1098 1992 μουσικὴν
1131 1917 1224 1971 καὶ
1271 1912 1655 1986 γεωμετρικὴν
1693 1913 1786 1966 καὶ
1829 1904 2087 1983 ἀστρονο-

514 2019 661 2089 μίαν,
707 2010 818 2068 οἷον
866 2013 925 2065 τὸ
960 2009 1343 2083 μαθηματικόν
1369 2026 1382 2039 ·
1413 2009 1475 2060 τὸ
1523 2008 1579 2061 δὲ
1616 2008 1696 2070 είς
1740 2005 2089 2076 νομοθετικὸν

511 2110 604 2163 καὶ
629 2105 960 2168 δικαστικὸν,
984 2098 1096 2156 οἷον
1133 2101 1193 2154 τὸ
1232 2100 1529 2164 πολιτικὸν,
1567 2098 1663 2153 καὶ
1708 2099 1808 2151 ὅσα
1854 2097 2090 2168 καθεξῆς

512 2202 737 2264 ἑαυτοὺς
773 2196 1128 2259 συνιστῶντες
1169 2195 1556 2265 ἐπεισήγαγον.
1583 2193 1646 2245 Ai
1696 2192 1755 2244 δὲ
1787 2191 2091 2262 ἀκαδημίαι

513 2294 607 2346 καὶ
648 2288 952 2360 Πυρρώνιοι
985 2286 1212 2349 πλοκαὶ,
1249 2285 1386 2337 εἰσὶν
1421 2278 1581 2336 αὗται
1602 2298 1615 2312 ·
1640 2281 1905 2350 Λέγονταί
1948 2298 2093 2345 τινες

514 2382 818 2453 Πυρρώνιοι
877 2376 1256 2439 ὑποτυπώσεις
1308 2375 1440 2441 περὶ
1491 2373 1592 2444 τῆς
1647 2373 1928 2443 σκέψεως,
1982 2368 2094 2426 οἷον

515 2473 644 2543 περὶ
688 2470 798 2523 τῶν
827 2469 1000 2537 λόγων
1042 2467 1140 2537 τῆς
1176 2465 1419 2535 σκέψεως
1450 2465 1758 2535 ὀνομασιῶν
1798 2464 1970 2535 αὐτῆς
2002 2466 2096 2517 καὶ

516 2562 733 2619 ἐννοιῶν
763 2562 856 2614 καὶ
878 2560 1062 2631 ἀρχῶν
1090 2556 1284 2628 αὐτῆς,
1311 2559 1359 2609 εἰ
1379 2554 1694 2627 δογματίζει
1717 2558 1744 2609 ὁ
1776 2556 2093 2623 ἐπίσκοπος,

518 2657 567 2710 εί
622 2655 835 2726 αἵρεσιν
879 2652 1012 2723 ἔχει,
1041 2652 1088 2704 εί
1111 2648 1445 2719 φυσιολογεῖ,
1479 2649 1527 2701 εί
1553 2649 1769 2719 ἀναιρεῖ
1798 2646 1868 2702 τὰ
1908 2650 2096 2719 φαινό-

523 2765 679 2819 μενα,
702 2745 755 2799 τί
787 2744 847 2797 τὸ
876 2744 1156 2815 κριτήριον
1182 2742 1279 2811 τῆς
1310 2739 1574 2809 σκέψεως,
1601 2740 1653 2793 τί
1676 2740 1736 2795 τὸ
1765 2739 2098 2805 τέλος,τίνες

519 2838 569 2891 οἱ
603 2835 911 2905 ὁλοσχερεῖς
948 2831 1139 2902 τρόποι
1166 2829 1267 2900 τῆς
1306 2829 1530 2899 ἐποχῆς,
1554 2828 1695 2893 τίνες
1730 2829 1780 2882 οί
1806 2829 1939 2882 δέκα
1974 2829 2098 2901 τρόέ

524 2945 613 2980 ποι
645 2925 738 2979 καὶ
780 2923 922 2985 τίνες
954 2923 1002 2975 οἱ
1059 2920 1218 2974 πέντε
1242 2959 1257 2983 ,
1291 2919 1436 2981 τίνες
1475 2920 1531 2971 αἱ
1566 2919 1857 2972 σκεπτικαὶ
1902 2920 2095 2988 φωναὶ,

525 3016 610 3081 τίς
638 3018 672 3086 ἡ
717 3015 889 3075 οὐδὲν,
919 3012 1000 3074 τίς
1028 3014 1061 3082 ἡ
1097 3010 1316 3082 μᾶλλον,
1349 3010 1431 3072 τίς
1458 3010 1490 3079 ἡ
1526 3008 1785 3077 ἀσάφεια,
1816 3009 1869 3062 τί
1907 3010 1967 3062 τὸ
2016 3010 2103 3075 εξ-

524 3120 692 3166 εστιν,
723 3101 818 3155 καὶ¹
843 3101 902 3153 τὸ
933 3100 1104 3169 τάχα,
1142 3100 1236 3151 καὶ
1279 3097 1341 3150 τὸ
1369 3097 1580 3167 ἐπέχω,
1611 3098 1705 3151 καὶ
1736 3098 1887 3151 οὐδὲν
1915 3098 2100 3169 ὁρίζω,

523 3195 576 3248 τί
595 3194 655 3248 τὸ
683 3194 861 3247 πάντα
892 3188 1303 3260 ἀκαταλήπτως,
1334 3189 1417 3241 ὅτι
1449 3188 1611 3240 παντὶ
1632 3186 1774 3257 λόγῳ
1803 3187 1961 3256 λόγος
1992 3187 2105 3251 ἴσος

526 3282 948 3349 ἀντίκειται,τίς
978 3284 1010 3353 ὴ
1043 3278 1406 3351 ὲπισκεπτικὴ
1448 3274 1568 3338 ὁδὸς
1623 3274 1716 3328 ἐπὶ
1772 3274 1869 3346 τὴν
1929 3279 2101 3349 Ἥρα-

529 3380 737 3435 κλείτου
769 3375 1104 3453 φιλοσοφίαν,
1135 3374 1183 3428 εί
1210 3370 1455 3442 διαφέρει
1484 3382 1536 3419 τι
1567 3365 1600 3436 ’1)
1632 3365 1970 3436 Δημοκρίτου
1999 3370 2099 3441 τῆς

1600 281 1872 341 COSMAS
1919 267 2628 334 HIEROSOLYMITANUS

3660 259 3769 316 556

2186 382 2450 452 σκέψεως,
2482 382 2530 433 εί
2575 378 2824 450 διαφέρει
2857 394 2911 431 τι
2962 377 3071 430 τῶν
3117 372 3444 446 ἀκαδημιῶν
3485 374 3520 445 ἡ
3550 373 3770 446 σκέψις,

2184 477 2231 527 εἰ
2261 477 2293 545 ἡ
2326 472 2469 526 κατά
2505 469 2754 541 ίατρικὴν
2783 467 3065 539 ἐμπειρία,
3111 467 3146 537 ἠ
3176 465 3313 533 αὐτή
3359 466 3507 517 ἐστιν
3534 466 3600 535 τῇ
3643 465 3773 519 σκέ-

2180 567 2293 636 ψει,
2327 565 2490 619 πόθεν
2522 564 2756 636 ἀρκτέον
2788 561 2891 631 τῆς
2933 559 3069 631 πρὸς
3101 558 3230 621 τοὺς
3265 557 3633 628 δογματικοὺς
3674 559 3772 624 ξτΓ

2184 660 2417 729 τήσεως,
2440 656 2493 707 τί
2522 655 2582 709 τὸ
2617 652 2903 725 κριτήριον
2923 692 2937 715 ,
2967 650 3015 703 εί
3043 649 3158 702 ἔστι
3178 644 3461 717 κριτήριον
3480 644 3765 715 ἀληθείας,

2190 746 2237 799 τί
2260 745 2321 798 τὸ
2349 746 2440 814 ὑφ’
2462 737 2544 810 οὗ,
2572 743 2628 797 τί
2655 743 2717 797 τὸ
2765 743 2833 795 δι’
2873 733 2954 805 οὗ,
2984 739 3036 793 τί
3068 738 3129 791 τὸ
3162 735 3297 790 καθὸ
3320 774 3335 799 ,
3372 733 3502 804 περὶ
3534 729 3773 800 ἀληθοῦς

2171 820 2279 893 ’καὶ
2329 836 2609 907 ἀληθείας,
2650 835 2702 888 εί
2741 851 2794 887 τι
2844 829 3041 901 ἀληθὲς
3065 870 3079 894 ,
3101 829 3157 883 τί
3196 826 3259 879 τὸ
3290 827 3538 895 σημεῖον,
3571 823 3606 894 ἢ
3640 823 3693 875 εί
3716 838 3776 874 τι

2186 932 2414 1001 σημεῖον
2470 928 2819 992 ἐνδεικτικὸν,
2852 925 2991 994 τίςὴ
3038 918 3310 986 ἀπόδειξις
3329 960 3344 982 ,
3376 919 3522 981 τίνες
3552 919 3610 970 αἱ
3640 918 3777 988 δρα-

2185 1020 2368 1075 στικαὶ
2414 1020 2600 1091 ἀρχαὶ,
2627 1018 2681 1071 τί
2707 1018 2858 1081 Θεὸς,
2902 1016 2955 1068 τί
2995 1014 3054 1067 τὸ
3082 1013 3255 1065 αἴτιον
3274 1053 3287 1078 ,
3315 1011 3409 1064 καὶ
3449 1012 3483 1082 ἡ
3526 1011 3657 1082 περὶ
3681 1008 3779 1063 τὸν

2186 1108 2299 1179 βίον
2327 1110 2510 1179 τέχνη,
2544 1107 2690 1171 τίνες
2718 1108 2774 1161 αἱ
2821 1103 3005 1159 ὑλικαὶ
3043 1102 3229 1175 ἀρχαὶ,
3261 1102 3311 1154 εί
3346 1101 3674 1172 καταληπτά
3703 1100 3780 1154 τὰ

2185 1200 2536 1272 σώματα,τίς
2570 1202 2603 1270 ὴ
2635 1202 2853 1269 κρᾶσις,
2880 1196 2963 1260 τίς
2988 1198 3021 1267 ὴ
3052 1195 3286 1266 κίνησις,
3324 1193 3453 1265 περὶ
3479 1193 3578 1263 τῆς
3606 1210 3777 1263 μετα-

2192 1293 2455 1363 ϐλητικῆς
2495 1292 2794 1362 κινήσεως,
2826 1289 2955 1361 περὶ
3007 1287 3288 1358 αὐξήσεως
3332 1284 3427 1338 καὶ
3466 1283 3776 1354 μειώσεως,

2186 1385 2313 1455 περὶ
2339 1382 2684 1453 ἀφαιρέσεως
2722 1382 2818 1434 καὶ
2864 1378 3200 1451 προθέσεως,
3228 1377 3358 1447 περὶ
3403 1375 3777 1446 μεταθέσεως,

2186 1473 2314 1544 περὶ
2336 1472 2458 1525 ὅλου
2495 1471 2593 1524 καὶ
2618 1470 2841 1542 μέρους,
2874 1468 3002 1539 περὶ
3029 1467 3264 1537 φυσικῆς
3286 1464 3615 1537 μεταϐολῆς,
3644 1465 3781 1535 περὶ

2186 1563 2455 1632 γενέσεως
2487 1562 2582 1615 καὶ
2615 1561 2842 1632 φθορᾶς,
2885 1559 3013 1629 περὶ
3064 1558 3231 1610 τόπου
3255 1596 3270 1621 ,
3299 1556 3428 1627 περὶ
3472 1556 3691 1627 χρόνου,
3724 1555 3781 1608 τί

2189 1656 2250 1709 τὸ
2278 1655 2466 1726 ἠθικὸν
2515 1653 2712 1725 μέρος,
2749 1652 2797 1705 εἰ
2831 1651 2978 1705 ἔστιν
3008 1668 3060 1704 τι
3110 1649 3267 1703 τοῦτο
3306 1648 3503 1718 φύσει,
3534 1650 3583 1701 εἰ
3624 1649 3780 1701 ἔστιν

2185 1765 2267 1812 τις
2292 1747 2421 1818 περὶ
2445 1746 2535 1799 τὸν
2567 1745 2679 1815 βίον
2711 1744 2897 1815 τέχνη,
2927 1745 2975 1796 εί
3008 1741 3211 1811 ὠφελεῖ
3230 1740 3321 1794 τὸν
3360 1739 3551 1810 ἔχοντα
3578 1740 3776 1811 αὐτὴν,

2188 1837 2315 1907 περὶ
2328 1834 2582 1907 ἀριθμοῦ,
2595 1834 2647 1887 τί
2665 1835 2781 1886 ἐστι
2793 1833 2950 1901 φύσει
2974 1831 3176 1899 ἀγαθὸν
3200 1831 3293 1884 καὶ
3311 1831 3478 1884 κακὸν
3499 1830 3777 1900 διάφορον.

2186 1917 2353 1978 Abeat
2384 1924 2480 1994 μὲν
2508 1924 2695 1975 αἰτῶν
2748 1920 3084 1993 Πυρρωνίων
3131 1919 3529 1973 ὑποτυπώσεων
3560 1920 3778 1973 πλοκαί⁶

2189 2016 2353 2087 λῆρον
2395 2015 2451 2068 δὲ
2481 2012 2879 2085 ταύτας,φησὶν
2915 2015 2943 2065 ὁ
2969 2012 3110 2075 θεῖος
3152 2012 3471 2083 Γρηγόριος.
3547 2012 3781 2083 Παρεισ-

2192 2109 2383 2176 ἀγουσι
2415 2105 2525 2176 γὰρ
2562 2103 2943 2175 Ἀριστοτέλην
2973 2103 3065 2156 καὶ
3119 2102 3440 2173 Ἐπίκουρον
3469 2103 3561 2156 καὶ
3588 2103 3778 2166 ἄλλους

2192 2199 2301 2252 τῶν
2341 2197 2614 2265 Στωϊκῶν,
2648 2196 2724 2257 ὼς
2772 2195 3119 2265 ἀπεφήναντο
3163 2195 3292 2264 περὶ
3340 2195 3742 2265 ἀκαταλήπτων
3765 2210 3778 2223 ·

2194 2285 2352 2353 αὖθις
2398 2287 2773 2358 Κλειτόμαχον
2823 2285 2917 2339 καὶ
2972 2284 3291 2357 Καρνεάδην
3348 2285 3444 2338 καὶ
3477 2285 3682 2339 λοιπῶν
3726 2287 3781 2338 ai

2202 2380 2458 2450 ζητήσεις
2486 2376 2593 2430 τῶν
2618 2374 3015 2445 ἀκαδημιακῶν
3046 2391 3060 2407 ο
3094 2374 3150 2428 αἱ
3187 2373 3296 2429 τῶν
3312 2376 3621 2429 σκεπτικῶν
3683 2377 3779 2444 ἐφ-

2196 2470 2348 2539 εξῆς,
2362 2466 2607 2538 περὶτῶν
2623 2464 2885 2519 ἀνωτάτω
2904 2464 3069 2536 τριῶν
3098 2465 3443 2534 φιλοσοφιῶν,
3461 2466 3562 2537 τῆς
3578 2466 3779 2537 δογμα-

2194 2561 2372 2632 τικῆς,
2404 2560 2504 2631 τῆς
2527 2557 2932 2629 ἀκαδημιακῆς,
2971 2558 3187 2631 καὶτῆς
3215 2559 3536 2631 σκεπτικῆς,
3562 2562 3657 2614 καὶ
3673 2562 3783 2614 ἀπὸ

2195 2651 2289 2707 τοῦ
2318 2650 2603 2722 φαίνεσθαι
2631 2649 2723 2703 τὸν
2758 2649 3029 2722 Πύρρωνα
3056 2651 3186 2722 περὶ
3205 2650 3302 2723 τὴν
3333 2655 3633 2726 σκεπτικὴν
3665 2654 3774 2709 τῶν

2201 2744 2308 2817 πρὸ
2339 2742 2503 2798 αὑτοῦ
2539 2740 2992 2813 σωματικώτερον
3028 2743 3120 2797 καὶ
3147 2743 3576 2817 ἐπιφανέστερον
3608 2764 3775 2818 προσο

2202 2833 2516 2905 εληλυθέναι
2546 2835 2611 2905 τῇ
2642 2832 2854 2902 σκέψει,
2882 2834 3073 2904 ἥντινα
3114 2836 3208 2888 καὶ
3245 2835 3467 2907 δύναμιν
3504 2838 3781 2909 ὁρίζονται

2196 2926 2291 2980 καὶ
2318 2923 2512 2989 πάθος,
2547 2924 2675 2994 περὶ
2704 2924 2812 2978 τῶν
2844 2925 3252 2996 σκεπτομένων.
3275 2926 3379 2979 Καὶ
3399 2926 3562 2991 πολὺς
3583 2928 3649 2981 ἂν
3679 2930 3771 3002 εἴη

2194 3017 2350 3086 λόγος
2374 3014 2443 3069 τά
2486 3015 2682 3088 ἑφεξῆς
2730 3017 2789 3070 ὲν
2821 3017 3013 3071 πλάτει
3049 3018 3338 3090 ληρήματα
3368 3019 3642 3087 διεξιέναι,
3672 3023 3777 3076 ὃσα

2194 3123 2253 3159 τε
2277 3106 2500 3177 ἀπορεῖν
2531 3101 2640 3159 οἷόν
2672 3123 2733 3159 τε
2777 3108 2872 3161 καὶ
2905 3108 3205 3181 ἀμηχανεῖν
3239 3111 3333 3165 καὶ
3370 3110 3651 3185 ἑνθουσιᾷν
3679 3116 3781 3169 καὶ

2200 3196 2551 3266 ὲξεστηκέναι
2569 3216 2584 3231 ·
2604 3199 2763 3256 ἅτινα
2796 3203 2975 3258 πάντα
3000 3204 3257 3277 τεχνιτῶν
3277 3207 3306 3259 ὁ
3329 3204 3469 3270 θεῖος
3488 3206 3784 3280 Γρηγόριος

2200 3289 2267 3360 λη
2276 3289 2339 3360 ρή
2349 3307 2493 3361 ματα
2507 3291 2844 3363 ἀπεφήνατο.

2272 3379 2377 3436 218
2421 3381 2515 3445 Τίς
2544 3383 2655 3438 οὐκ
2677 3383 2882 3439 ἀκούει
2914 3385 3024 3440 τὸν
3050 3386 3318 3441 Σινωπέα
3339 3388 3451 3443 τὸν
3474 3389 3632 3445 κύνα
3658 3407 3678 3455 ;

1776 3637 2056 3695 CARMEN
2086 3639 2352 3696 CXIX.De
2375 3642 2581 3695 virtute.

610 3749 935 3806 Xenocrates
959 3758 1121 3820 atque
1147 3750 1463 3806 Aristoteles
1490 3750 1732 3806 Platonis
1756 3751 2006 3820 discipuli
2038 3752 2353 3820 magistrum
2389 3753 2442 3806 in
2471 3752 2675 3808 scholis
2719 3751 3013 3808 condendis
3045 3751 3236 3807 imitati
3261 3758 3419 3816 sunt;
3441 3749 3778 3807 Xenocrates

536 3822 679 3875 cnim
714 3820 970 3891 Stoicam,
994 3820 1407 3891 Peripatetieam
1449 3821 1765 3876 Aristotcles
1801 3831 1999 3875 sectam
2019 3820 2394 3877 fundaverunt.
2430 3821 2667 3876 Termini
2698 3822 3051 3891 philosophici
3079 3840 3091 3876 :
3115 3822 3414 3891 otjectum,
3448 3821 3594 3884 ﬁnis,
3641 3821 3781 3876 emi-

538 3892 741 3955 nentia,
765 3889 1244 3961 etymologia,'etc.
1280 3889 1344 3944 Hi
1373 3891 1536 3960 igitur
1569 3891 1925 3961 terminorum
1953 3891 2149 3960 philos.
2172 3893 2478 3947 inventores
2502 3892 2673 3961 ipsam
2699 3889 2756 3945 in
2782 3889 3130 3947 theoi‘eticam
3165 3889 3217 3945 et
3244 3892 3540 3960 practicam
3569 3892 3778 3944 divise-

538 3971 693 4026 runt;
722 3970 882 4029 atque
908 3976 1097 4014 rursus
1129 3961 1296 4025 illam,
1340 3961 1391 4014 in
1425 3960 1847 4031 physiologicam
1884 3973 1936 4015 et
1970 3962 2405 4031 mathematicam
2434 3970 2487 4015 et
2506 3960 3087 4030 speculativam;hanc
3122 3963 3174 4015 in
3209 3962 3563 4022 moralem.et
3597 3962 3783 4031 politi-

535 4045 677 4093 cam,
696 4041 749 4084 et
773 4031 1185 4094 mronomicam,
1207 4031 1279 4084 ita
1306 4030 1513 4085 rursus
1531 4031 1913 4100 distribuentes
1937 4047 1949 4084 :
1985 4030 2407 4093 arithmeticam,
2425 4031 2710 4096 musicam,
2736 4032 3108 4100 geometriam.
3134 4032 3551 4089 astronomiam,
3572 4030 3789 4084 mathe-
3836 4078 3843 4087 .

538 4102 787 4171 maticam
810 4117 827 4167 ;
852 4098 1901 4171 legislativam,judicialem,politicam,
1926 4108 1979 4153 et
1994 4115 2114 4171 qua:
2139 4101 2318 4154 aliain
2352 4100 2587 4155 medium
2606 4098 2966 4170 protulerunt.
3006 4099 3309 4171 Systemata
3350 4101 3766 4171 academiamm

536 4179 591 4240 ct
644 4169 1018 4240 Pyrrhonismi
1051 4170 1702 4240 hmcce:Propositioues
1731 4170 1975 4237 quaedam
2028 4170 2449 4240 Pyrrhoniorum
2500 4169 2643 4225 circa
2689 4172 2914 4225 dubium
2967 4169 3277 4233 versantur,
3320 4170 3461 4224 circa
3508 4169 3784 4223 formulas

536 4238 773 4319 dubium.
807 4240 1194 4319 exprimentes,
1233 4241 1379 4293 ideas
1410 4238 1467 4293 et
1488 4238 1837 4319 fundamenta
1873 4240 2028 4319 illius
2063 4238 2081 4293 :‘
2110 4240 2163 4293 in
2208 4255 2317 4319 quo
2355 4241 2472 4319 haec
2527 4241 2877 4319 inquiruntur
2908 4258 2921 4292 :
2959 4256 3086 4293 num
3114 4240 3177 4319 is
3218 4241 3309 4319 qui
3357 4240 3789 4319 philosophatur

536 4310 842 4378 dogmatice
879 4310 1164 4377 procedat;
1202 4324 1330 4363 num
1363 4319 1563 4378 sectam
1600 4309 1988 4377 amplectatur;
2023 4324 2153 4362 num
2208 4310 2260 4362 iu
2294 4310 2459 4364 rebus
2491 4310 2830 4364 naturalibus
2876 4309 3285 4378 perscrutandis
3326 4318 3612 4372 versetur;
3654 4322 3784 4378 num

536 4395 598 4432 ea
623 4377 750 4446 qua:
776 4379 829 4431 in
856 4393 1047 4433 sensus
1077 4379 1298 4437 cadunt,
1326 4379 1495 4432 tollat.
1525 4377 1663 4444 Quid
1707 4392 1872 4446 porro
1906 4379 2057 4433 dubii
2096 4379 2314 4447 (philos.
2352 4379 2484 4447 loq.)
2524 4379 2993 4447 criterium?quid
3036 4379 3307 4446 objectum
3327 4379 3353 4432 ?
3377 4379 3601 4447 quinam
3635 4377 3787 4429 modi

541 4449 731 4519 integri
791 4448 1179 4519 dubitationis?
1211 4448 1754 4519 quidecemﬂmodi?
1780 4448 1872 4517 qui
1901 4448 2299 4519 quinque?rqui
2339 4449 2552 4519 termini
2597 4449 2821 4502 dubium
2848 4449 3199 4519 enuntiantes
3254 4447 3398 4519 circa
3432 4448 3585 4519 nihil,
3633 4447 3787 4519 plus,

537 4516 832 4589 obscurum
861 4558 875 4581 ,
941 4518 1193 4589 lit-itum?
1229 4516 1380 4589 quid
1420 4516 1825 4589 intelligendum
1884 4516 1981 4587 per
2009 4516 2199 4572 {ﬁeri
2228 4516 2432 4588 'potest
2462 4536 2477 4584 ;
2509 4518 2749 4589 haesito;
2808 4517 2940 4589 nihil
2990 4518 3334 4589 determine?
3378 4518 3507 4589 quid
3548 4516 3788 4589 {omnia

539 4588 1141 4657 incomprehensibilia?
1175 4586 1539 4657 (ratiocinium
1587 4586 2098 4643 enirnaratiocinio
2148 4586 2428 4657 vincitur).
2495 4586 2612 4653 Qua
2660 4589 2744 4641 via
2810 4588 3057 4641 rationali
3108 4589 3174 4641 ad
3227 4586 3483 4641 Heracliti
3533 4586 3789 4657 philoso-

536 4656 735 4728 phiam
766 4658 1115 4728 pervenitur?
1160 4658 1217 4712 In
1269 4673 1377 4728 quo
1426 4673 1453 4710 a
1512 4657 1799 4712 Democriti
1843 4658 2058 4712 diﬂ‘ert?
2112 4656 2249 4712 Num
2306 4658 2374 4712 ab
2396 4658 2703 4713 Academiis
2723 4657 3368 4728 din‘ertrscepticismus?
3399 4658 3555 4710 Anne
3608 4656 3792 4728 medi-

536 4725 724 4799 corum
770 4725 1108 4799 experientia
1136 4725 1301 4799 cum—
1324 4730 1679 4796 sceptieorum
1706 4729 2063 4799 experientia
2100 4728 2408 4799 congruit?
2449 4728 2578 4799 quid
2624 4738 2717 4799 est
2756 4727 3071 4799 eriterium?
3134 4728 3260 4799 quid
3295 4727 3602 4799 eriteriumA
3638 4725 3789 4778 veri-

540 4798 700 4852 tatis?
728 4794 863 4866 quid
894 4813 906 4848 :
938 4813 967 4851 a
1004 4798 1151 4867 quo?
1187 4814 1281 4867 per
1319 4794 1498 4866 quod?
1519 4794 1817 4852 secundum
1850 4798 1983 4851 ens?
2019 4797 2147 4865 quid
2194 4794 2420 4853 verum?
2456 4794 2583 4867 quid
2612 4797 2844 4852 veritas?
2872 4797 3001 4866 quid
3032 4804 3115 4851 est
3130 4798 3342 4865 signum
3363 4797 3528 4865 iquid
3557 4794 3791 4867 signum

538 4866 1069 4922 demonstrativum?
1118 4866 1511 4922 demonstratio
1546 4867 1711 4936 quid?
1744 4880 1991 4935 quaenam
2035 4876 2163 4921 sunt
2187 4868 2450 4937 principia
2478 4866 2684 4923 activa?
2716 4869 2843 4937 quid
2875 4867 3057 4922 Deus?
3080 4867 3209 4935 quid
3261 4882 3427 4920 causa
3442 4867 3479 4937 ?7
3508 4866 3648 4934 quid
3701 4880 3795 4937 ars

537 4938 749 5008 uiuendi
773 4938 799 4989 ?
833 4953 955 5006 quae
994 4937 1262 5008 principia
1297 4935 1637 4991 matcrialia?
1667 4952 1795 5008 num
1827 4951 2057 5008 corpora
2089 4935 2637 5005 comprehensibilia?
2663 4935 2793 5007 quid
2828 4937 3354 5008 temperamentum?
3389 4936 3521 5008 quid
3558 4935 3796 5008 motus?

539 5005 662 5077 (lein
691 5005 921 5073 quaestio
945 5005 1149 5063 moveri
1182 5005 1364 5077 potest
1392 5008 1460 5061 de
1484 5016 1633 5061 motu
1667 5006 1896 5077 alterno,
1925 5009 1991 5077 de
2015 5006 2372 5069 incremento,
2408 5008 2475 5061 de
2500 5005 2908 5069 imminutione,
2931 5005 2996 5061 de
3022 5007 3379 5077 detractione.
3403 5007 3470 5060 de
3498 5005 3819 5077 auditione,

538 5075 605 5147 de
628 5077 1077 5147 transpositione,
1117 5075 1199 5132 de
1217 5085 1349 5147 toto
1383 5086 1438 5131 et
1474 5086 1648 5147 parte,
1686 5076 1752 5130 de
1782 5076 2084 5147 mutatione
2131 5078 2401 5147 naturali;
2434 5078 2501 5132 de
2544 5088 2665 5132 ortu
2707 5087 2760 5133 ct
2803 5077 2976 5139 obitu,
3001 5078 3065 5130 de
3095 5076 3239 5138 loco,
3267 5075 3334 5147 de
3362 5085 3639 5147 tempore.
3675 5075 3800 5127 Huc

537 5144 676 5217 adde
706 5162 718 5197 :
743 5144 873 5217 quid
904 5154 987 5200 est
1008 5162 1135 5214 pars
1163 5146 1428 5201 moralis?
1455 5144 1763 5201 naturalis?
1788 5145 1951 5217 Estne
1976 5161 2067 5202 ars
2093 5146 2340 5217 visendi?
2360 5146 2498 5201 Num
2522 5149 2593 5209 ei.
2614 5149 2707 5217 qui
2733 5164 2793 5203 ea
2818 5146 3037 5217 gaudet.
3068 5146 3332 5217 prodest?
3355 5145 3485 5217 quid
3512 5157 3798 5198 numerus

539 5215 595 5286 i_n
624 5215 968 5286 quobonum
995 5219 1300 5276 et'malum.
1331 5217 1512 5286 quoad
1543 5225 1813 5279 naturam,
1848 5216 2137 5271 differunt?
2164 5215 2254 5270 Hae
2275 5228 2402 5271 sunt
2431 5215 2839 5286 propositiones
2858 5216 3156 5286 Pyrrhonis
3186 5216 3611 5286 discipulorum,
3645 5227 3798 5286 quas

537 5282 832 5356 Gregorius
866 5298 963 5352 pro
1000 5282 1374 5356 nugishahet'.
1405 5284 1538 5339 Nam
1580 5285 1922 5339 Aristotelem
1957 5286 2219 5340 inducunt
2262 5295 2315 5340 et
2348 5282 2642 5356 Epicurum
2669 5298 2724 5342 ct
2748 5289 2884 5342 alios
2904 5282 3120 5341 Stoicos
3152 5286 3219 5356 de
3246 5282 3797 5356 incomprehensibi-

540 5351 683 5406 lihus
701 5351 1215 5424 disputantesAddc
1237 5356 1656 5417 Clitomachum,
1672 5356 2038 5420 Carneadem;
2066 5356 2200 5410 adde
2220 5351 2537 5411 eteterorum
2560 5351 3491 5424 academicoruquuazstiones,item
3516 5356 3800 5421 sceptica-

539 5437 660 5496 rum
686 5441 702 5488 ;
728 5423 889 5476 trium
914 5439 1076 5492 porro
1108 5423 1572 5496 philosophiarum
1598 5439 1734 5494 quas
1756 5440 1916 5493 supra
1934 5425 2334 5481 nominavimus
2362 5427 2745 5493 recordamini,
2773 5423 3109 5496 dogmaticm,
3138 5423 3480 5496 academicae,
3508 5424 3799 5496 sceptice;

538 5490 594 5543 in
631 5503 863 5547 mentem
891 5490 1054 5563 pirro
1091 5490 1269 5549 {eniat
1301 5490 1598 5563 Pyrrhonis
1617 5490 1718 5564 'qui
1751 5490 2193 5551 anlecessoribus
2228 5497 2341 5551 suis
2368 5497 2605 5566 planius,
2634 5490 3399 5555 clariusvdubitavitzScimus
3430 5492 3663 5564 quidem
3698 5504 3801 5546 eos

610 5702 687 5773 (ί)
728 5707 775 5759 Ρ.
810 5709 928 5764 ιιδ.
