4056 6238
325 265 429 320 681
1357 281 1426 336 ΙΝ
1461 283 1770 338 CARMiNA
1817 280 2092 336 ARCANA
2132 279 2190 335 S.
2243 279 2584 338 GREGORII.
3459 286 3568 342 03!

336 429 3545 470 Mm

1143 610 1898 766 NICETXE
1980 610 2758 839 DAVIDIS

1709 877 2232 939 PARAPHRASIS

706 1050 1339 1145 CARMINUM
1379 1050 2106 1144 ARCANOB'UM
2164 1056 2257 1145 S.
2320 1057 2892 1156 GREGORII
2942 1065 3202 1156 NAZ.

985 1259 1160 1305 CURA
1253 1257 1516 1306 ERNESTI
1609 1259 1868 1303 DRONKE
1942 1261 1978 1300 Ε
2050 1263 2272 1306 CODICE
2369 1263 2607 1309 CUSANO
2699 1271 2903 1314 EDITA.

1688 1402 1954 1467 (Gottingae
1973 1405 2114 1466 1810,
2138 1403 2225 1469 ιο.)

1631 1741 2308 1833 ΡΙΗΕῈΑΤΙΟ.

393 2163 636 2220 Causam
663 2155 820 2231 hujus
851 2157 974 2214 libri
1011 2153 1286 2212 emittendi
1311 2152 1456 2209 dedit
1492 2152 1622 2206 mihi
1644 2151 1817 2207 eodem
1845 2151 2172 2207 bibliotheca:
2203 2150 2448 2216 Cusanaz,
2479 2156 2592 2224 qui,
2627 2171 2745 2210 cum
2782 2156 2984 2215 Nicetce
3013 2160 3226 2219 Davidis
3251 2181 3574 2226 commenta-

325 2257 468 2311 rium
497 2257 551 2309 in
587 2254 766 2308 omnia
799 2250 858 2308 S.
883 2249 1124 2322 Gregorii
1177 2248 1515 2304 Nazianzeni
1556 2249 1814 2314 carmina,
1855 2263 1971 2316 qua:
2017 2246 2107 2301 ille
2147 2248 2253 2302 sibi
2299 2249 2695 2317 interpretanda
2741 2251 2949 2325 delegit,
2989 2265 3157 2311 totum
3188 2261 3470 2329 contineat.
3499 2267 3574 2323 ita

330 2358 670 2416 comparatus
694 2355 794 2411 est,
823 2353 882 2399 ut
900 2344 1316 2398 controversiam
1339 2344 1404 2398 de
1425 2343 1680 2412 scriptore
1711 2344 1927 2410 ejusque
1957 2357 2110 2409 opere
2129 2343 2375 2397 dirimere
2404 2358 2556 2410 posse
2589 2345 2850 2402 videatur.
2884 2346 3090 2404 Etenim
3127 2353 3179 2405 in
3213 2371 3402 2426 magno
3437 2363 3572 2414 scri-

330 2451 542 2509 ptorum
577 2453 798 2493 numero
849 2436 940 2506 qui
968 2451 1155 2490 nomen
1188 2432 1394 2488 Nicetre
1423 2432 1599 2502 ferunt
1637 2432 1707 2503 (υ.
1733 2430 2042 2500 catalogum
2082 2447 2266 2484 eorum
2306 2433 2360 2485 in
2407 2431 2649 2487 Fabricii
2681 2434 2820 2490 Bibl.
2846 2435 2940 2491 Gr.
2975 2440 3077 2495 vol.
3123 2442 3248 2508 VII,
3277 2462 3331 2513 p.
3363 2447 3465 2500 747
3487 2451 3569 2502 ed.

336 2531 605 2603 llarles.),
652 2531 756 2585 duo
787 2540 909 2584 sunt
951 2530 1040 2599 qui
1074 2528 1534 2596 interpretationes
1563 2528 1617 2580 in
1654 2524 1910 2581 nonnulla
1955 2523 2194 2595 Gregorii
2225 2524 2562 2580 Nasianzeni
2591 2543 2750 2596 opera
2797 2532 3140 2598 scripserunt,
3182 2540 3319 2592 alter
3357 2540 3574 2596 Nicetas

337 2627 536 2692 David,
567 2624 706 2679 alter
740 2622 790 2676 Ν
800 2625 961 2676 icetas
992 2622 1294 2692 cognomine
1326 2619 1522 2676 Serron
1567 2620 1672 2674 sive
1713 2618 2090 2674 Serrariensis.
2126 2617 2204 2671 De
2239 2617 2429 2673 Niceta
2465 2619 2686 2686 Davide,
2721 2624 2812 2689 qui
2828 2624 3490 2696 philosophus,historicus
3525 2649 3575 2691 et

332 2725 510 2778 rhetor
556 2719 873 2790 appellatur,
911 2717 1015 2787 egit
1048 2715 1318 2769 Martinus
1364 2714 1604 2768 Hankius
1638 2715 1692 2768 in
1739 2712 1872 2768 libro
1916 2713 1990 2768 De
2041 2713 2467 2785 Byzantinarum
2525 2729 2709 2770 rerum
2755 2719 3217 2787 scriptoribus,c.
3255 2725 3345 2789 16,
3387 2743 3440 2796 p.
3469 2729 3576 2784 258

332 2829 473 2882 sqq.,
515 2829 548 2864 a
579 2827 681 2882 quo
711 2826 809 2862 sua
846 2806 998 2861 habet
1031 2805 1316 2861 Fabricius
1341 2807 1377 2859 l.
1403 2805 1467 2860 ι..
1509 2804 1798 2874 Episcopus
1823 2805 1925 2874 fuit
1946 2805 2466 2876 Dadgbroe(a),qua:
2495 2806 2619 2861 urbs
2647 2809 2754 2862 sita
2794 2820 2907 2863 erat
2941 2813 2995 2865 in
3028 2811 3416 2886 Paphlagonia,
3441 2823 3579 2876 unde

334 2900 682 2971 Dadybrenus
705 2900 781 2954 vel
802 2897 1073 2969 Paphlago
1106 2899 1521 2968 cognominatur.
1567 2895 1708 2951 Vixit
1742 2897 1937 2951 sazculo
1976 2913 2136 2965 nono,
2175 2897 2264 2953 sed
2295 2914 2396 2968 quo
2433 2913 2572 2951 anno
2610 2907 2766 2953 natus
2800 2911 2892 2954 aut
2933 2913 3170 2960 mortuus
3218 2911 3309 2973 sit,
3359 2911 3578 2982 ignora-

332 3008 473 3044 mus.
510 2988 624 3043 Hoc
654 2997 862 3042 constat
889 3003 1007 3042 eum
1038 2996 1258 3041 mortem
1290 2986 1481 3040 abiisse
1522 2995 1638 3054 post
1670 3001 1865 3039 annum
1895 2985 2035 3053 880;
2079 3003 2202 3041 nam
2230 2987 2580 3054 irruptionem
2628 2988 2740 3043 illis
2775 2994 3092 3061 temporibus
3119 3015 3152 3051 a
3196 2998 3480 3072 Saracenis
3524 3007 3578 3060 ξη

331 3084 576 3140 Siciliam
614 3085 815 3152 factam
847 3091 1002 3152 atque
1045 3083 1367 3137 eversionem
1404 3079 1796 3151 Syracusarum
1839 3081 1948 3149 ipse
1994 3091 2183 3136 narrat
2226 3083 2284 3136 in
2323 3079 2445 3135 Vita
2481 3079 2680 3152 Ignatii
2721 3086 3043 3152 patriarcha:
3088 3091 3342 3159 Cplitani.
3374 3095 3583 3153 Ρηειεν

341 3178 500 3234 Vitas
531 3177 636 3233 SS.
673 3177 955 3247 Hyacinthi
975 3186 1025 3231 et
1051 3174 1324 3230 Eustathii
1350 3175 1525 3230 editas
1565 3193 1599 3229 a
1630 3174 1699 3231 F.
1727 3175 2011 3247 Combeﬁs.
2041 3186 2090 3231 et
2116 3186 2307 3246 prater
2341 3176 2516 3231 Vitam
2549 3175 2612 3234 S.
2647 3177 2850 3248 Ignatii
2882 3192 3022 3252 patr.
3075 3185 3193 3255 Cpl.
3237 3191 3370 3245 actis
3408 3195 3580 3248 conci-

331 3272 392 3327 lii
417 3271 662 3342 Cplitani
692 3272 870 3340 quarti
908 3271 1047 3341 quod
1075 3270 1272 3325 dicitur
1315 3271 1688 3325 tecumenicum
1731 3281 1977 3325 octavum
2012 3271 2269 3326 insertam
2298 3273 2510 3342 scripsit
2543 3274 3027 3344 interpretationem
3057 3282 3162 3336 sive
3203 3286 3581 3354 metaphrasim

329 3363 441 3416 τῶν
463 3362 792 3434 ἀπορῤήτων
824 3361 974 3415 ἐπῶν
999 3358 1239 3430 Gregorii
1267 3357 1627 3415 Nazianzeni.
1660 3360 1884 3415 Nicetas
1916 3377 2035 3415 vero
2062 3361 2436 3428 Serrariensis,
2458 3365 2548 3434 qui
2579 3380 2643 3420 ea.
2665 3367 2902 3436 episcopo
2932 3369 3214 3426 Serrorum
3243 3376 3299 3428 in
3327 3375 3583 3436 Macedo-

334 3455 423 3507 nia
437 3455 613 3523 prima
636 3454 968 3522 metropolita
986 3450 1260 3507 Heraclea:
1282 3451 1440 3508 Ponti
1460 3453 1515 3506 in
1541 3451 1768 3506 Thracia
1783 3451 1958 3520 factus
1983 3453 2177 3508 steculo
2202 3454 2476 3508 undecimo
2497 3455 2566 3508 ad
2586 3456 2746 3525 ﬁnem
2779 3471 3015 3530 vergente
3033 3462 3217 3530 ﬂoruit
3245 3466 3314 3534 (v.
3340 3465 3584 3526 Fabricii

333 3547 476 3602 Bibl.
511 3548 607 3604 Gr.
651 3547 820 3612 VIII,
853 3548 983 3612 451,
1008 3555 1058 3602 et
1082 3547 1334 3602 Greuzeri
1364 3546 1707 3602 Meletemata
1737 3561 1768 3601 c
1798 3546 2092 3617 disciplina
2124 3549 2322 3619 antiq.,
2351 3567 2393 3614 ι,
2425 3551 2539 3621 14),
2573 3557 3008 3609 commentarium
3035 3560 3245 3628 scripsit
3275 3563 3328 3615 in
3357 3565 3582 3623 sedecim

327 3645 599 3695 orationes
641 3639 881 3710 ejusdem
914 3639 1156 3708 theologi.
1209 3637 1313 3692 Sed
1359 3653 1479 3690 cum
1524 3638 1702 3691 eodem
1749 3637 2077 3703 appellentur
2121 3640 2350 3706 nomine,
2379 3639 2582 3708 factum
2629 3652 2730 3706 est,
2781 3653 2840 3697 ut
2886 3647 3046 3700 etiam
3096 3652 3444 3719 metaphrasis
3485 3659 3582 3712 illa

325 3748 449 3803 quae
490 3721 826 3787 est‘Davidis
867 3730 1182 3785 tribueretur
1211 3729 1536 3784 Serrariensi
1567 3727 1638 3798 (υ.
1683 3727 1992 3785 Creuzeril.
2026 3729 2064 3785 ι.
2109 3745 2163 3793 p.
2203 3731 2292 3791 59.
2331 3748 2384 3784 η.
2431 3733 2482 3794 1,
2531 3743 2580 3786 et
2634 3731 2852 3788 Schaell.
2878 3735 3082 3792 Histor.
3117 3742 3222 3794 litt.
3265 3743 3442 3802 Graec.
3493 3751 3579 3806 ed.

327 3841 500 3896 germ.
537 3840 651 3878 cur.
696 3822 998 3878 Schwarzio
1031 3832 1081 3876 et
1115 3821 1366 3886 Pindero,
1410 3818 1533 3885 III,
1571 3819 1696 3885 176,
1725 3837 1779 3874 n.
1814 3819 1904 3890 l);
1940 3821 2078 3890 quod
2090 3839 2221 3912 non
2262 3824 2558 3887 miramur;
2585 3841 2709 3878 nam
2761 3842 2921 3896 neque
2951 3830 3114 3898 primi
3153 3833 3381 3891 editores
3420 3857 3582 3912 neque

329 3925 517 3985 postea
538 3915 820 3984 quisquam
839 3911 976 3981 quod
1001 3912 1161 3966 sciam
1183 3910 1483 3981 diligentius
1507 3909 1642 3964 hanc
1665 3927 1775 3964 rem
1793 3911 2140 3981 investigarit.
2176 3911 2434 3968 Fortasse
2454 3914 2550 3970 hoc
2571 3914 2790 3986 ζήτημα
2809 3919 2927 3987 jam
2959 3924 3316 3988 ρεηοιυιηιηι
3340 3909 3580 3989 mana-clu-

337 4009 546 4062 ordinis
594 4005 652 4060 S.
691 4005 984 4072 Benedicti,
1016 4005 1289 4059 novissimi
1328 4020 1544 4073 operum
1590 4003 1830 4075 Gregorii
1867 4004 2202 4062 Nazianzeni
2228 4008 2486 4074 editores;
2523 4011 2613 4066 sed
2641 4011 2869 4068 editione
2902 4031 3085 4071 eorum
3106 4020 3401 4093 interrupta
3436 4037 3578 4084 totus

331 4111 632 4172 apparatus
660 4102 713 4154 in
744 4099 1029 4156 secundam
1055 4110 1104 4153 et
1134 4099 1346 4153 tertiam
1377 4109 1582 4166 partem
1607 4099 1735 4154 latet
1771 4101 1826 4154 in
1854 4103 2068 4156 scriniis
2097 4105 2273 4158 nescio
2305 4105 2456 4174 cujus
2486 4106 2806 4163 bibliotheca:
2829 4110 2922 4182 (b).
2962 4146 2969 4155 .

407 4191 657 4244 Primum
686 4189 779 4246 sub
808 4188 1013 4245 Nicette
1043 4189 1266 4244 Davidis
1300 4190 1512 4244 nomine
1545 4189 1740 4260 prodiit
1773 4191 2003 4261 exegesis
2028 4193 2082 4246 in
2123 4192 2455 4249 Tetrasticha
2495 4205 2545 4251 et
2577 4203 2899 4257 monosticha
2938 4203 3167 4264 Venetiis
3191 4213 3331 4280 apud
3374 4213 3576 4274 Franc.

335 4287 606 4341 Zanetum
637 4304 688 4341 a.
723 4286 899 4352 1565;
931 4285 1069 4340 hanc
1107 4302 1226 4340 vero
1268 4286 1754 4353 interpretationem
1789 4303 1894 4340 non
1937 4303 2050 4342 esse
2075 4287 2278 4344 Niceta:
2311 4291 2454 4360 infra
2489 4291 2702 4348 docebo.
2734 4294 2866 4351 Tum
2893 4297 3126 4356 Iacobus
3169 4305 3364 4362 Billius
3405 4313 3580 4366 archi-

334 4380 611 4434 mandrita
638 4376 988 4433 Michaelinus
1016 4387 1221 4447 partem
1261 4379 1624 4432 commentarii
1669 4394 1696 4431 e
1725 4377 1902 4432 codice
1943 4380 2233 4436 cardinalis
2277 4382 2462 4438 Sirleti
2498 4383 2681 4440 Latine
2725 4387 2893 4443 edidit
2940 4381 3170 4450 Parisiis
3203 4400 3452 4469 c.1575;
3487 4405 3578 4458 sed

336 4483 609 4528 auctorem
640 4473 795 4528 modo
825 4473 1022 4542 Cyrum
1045 4471 1442 4543 Dadybrensem
1478 4473 1633 4526 modo
1675 4471 1874 4543 Cyrum
1921 4472 2167 4528 Nicetam
2206 4475 2600 4547 Dadybrensem
2639 4485 2896 4551 nominat,
2917 4487 3056 4556 quod
3096 4489 3235 4543 male
3268 4492 3419 4560 fecit;
3455 4513 3576 4549 nam
3635 4537 3649 4560 ,

337 4569 510 4640 κύρος
561 4586 666 4623 non
701 4578 781 4624 est
813 4585 996 4623 nomen
1023 4569 1298 4637 proprium
1327 4568 1417 4622 sed
1443 4567 1659 4622 honoris
1685 4568 1871 4623 titulus
1901 4585 1934 4637 p

1973 4587 1997 4624 ο
2024 4571 2240 4642 κύριος;
2273 4590 2318 4627 υ.
2359 4574 2569 4630 Barthii
2594 4577 2823 4636 Advers.
2843 4595 2898 4648 p.
2934 4581 3089 4646 1⁸595,
3115 4599 3262 4652 quem
3296 4595 3474 4642 testem
3495 4591 3575 4643 ci.

338 4666 467 4719 tavit
502 4662 787 4718 Fabricius
822 4662 993 4728 VIII,
1022 4663 1148 4730 451,
1177 4672 1228 4717 et
1274 4663 1531 4717 Villoison
1552 4660 1774 4718 Notices
1801 4663 1900 4719 des
1933 4679 2214 4722 manuscr.
2247 4667 2315 4723 de
2345 4669 2394 4722 la
2425 4668 2562 4725 Bibl.
2604 4674 2838 4737 nation.,
2887 4674 3008 4740 VII,
3038 4677 3429 4739 422,.lacobsio
3457 4681 3576 4735 lau-

335 4755 495 4810 datus
515 4757 568 4810 in
602 4755 774 4808 indice
798 4755 1139 4824 Anthologiaz
1166 4754 1445 4825 palatium,
1475 4763 1523 4808 et
1558 4752 1808 4808 Creuseri
1830 4753 2006 4810 Melet.
2040 4755 2092 4820 Ι,
2125 4757 2212 4812 11.
2246 4758 2516 4815 Ρναιτενεα
2547 4762 2700 4816 illum
2723 4765 2977 4830 codicem,
2999 4783 3064 4821 ea:
3085 4784 3186 4838 quo
3210 4769 3405 4826 Billius
3428 4789 3575 4828 com-

336 4850 654 4903 mentarium
682 4851 736 4901 in
778 4848 1104 4902 Tetrasticha
1137 4847 1302 4901 edidit
1332 4857 1380 4910 et
1401 4849 1491 4918 qui
1517 4847 1752 4902 diversus
1794 4863 1906 4904 esse
1929 4849 2136 4905 videtur
2161 4870 2192 4906 a
2216 4851 2529 4923 Sirletiano,
2573 4857 2946 4929 interpolatum
2971 4863 3136 4930 fuisse
3167 4866 3390 4944 conjicio
3413 4886 3478 4926 ex
3507 4872 3571 4926 iis

333 4957 454 5010 qua
478 4941 720 5011 leguntur
745 4940 814 4993 ad
845 4939 1176 4994 Tetrasticha
1205 4939 1259 5004 8,
1293 4939 1505 5012 11,357,
1531 4939 1621 4992 47.

409 5036 548 5089 Dum
579 5035 779 5089 Billius
809 5036 862 5088 in
889 5034 1065 5089 Gallia
1094 5051 1282 5090 novam
1310 5017 1550 5106 Gregorii
1577 5033 1915 5092 Nazianzeni
1937 5054 2152 5108 operum
2181 5041 2461 5098 editionem
2481 5047 2728 5116 adornat,
2749 5051 2987 5107 eumdem
3009 5055 3240 5112 laborem
3273 5061 3326 5114 in
3354 5061 3572 5118 Germa-

336 5128 429 5180 nia
454 5126 682 5194 suscepit
711 5123 945 5180 Joannes
971 5125 1370 5190 Leuvenclaius,
1401 5136 1558 5195 atque
1591 5125 1636 5180 is
1651 5128 1769 5196 jam
1795 5139 1916 5184 ante
1938 5129 2160 5185 Billium
2189 5129 2409 5187 verterat
2438 5142 2871 5194 commentarium
2899 5145 2952 5197 in
2975 5151 3260 5204 sententias
3287 5156 3574 5224 τετραστι-

337 5236 483 5290 κους,
527 5235 706 5273 verum
737 5235 866 5272 casu
906 5219 1081 5290 aliqua
1127 5221 1377 5273 amiserat
1414 5220 1898 5289 interpretationem
1936 5238 2096 5291 neque
2139 5225 2240 5290 ipsi
2274 5226 2343 5279 ad
2383 5244 2571 5283 manus
2609 5230 2711 5298 fuit
2742 5237 3010 5305 exemplar
3053 5239 3314 5307 ercum,
3371 5219 3435 5296 de
3470 5263 3570 5315 quo

339 5321 468 5362 nova
499 5307 711 5361 institui
734 5317 928 5375 posset,
959 5319 1018 5363 ut
1049 5310 1158 5377 ipse
1195 5309 1391 5372 fatetur
1430 5311 1484 5364 in
1514 5311 1766 5381 procemio
1794 5320 1922 5367 tant.
1952 5310 2048 5366 Ill
2079 5315 2327 5371 editionis
2355 5315 2582 5387 Latinae,
2617 5338 2734 5391 qua:
2770 5327 2965 5393 prodiit
3006 5329 3235 5386 Basilea:
3272 5347 3340 5386 ex
3367 5307 3570 5401 o/Iicina

411 5479 1608 5572 ςαὴεξείξίίιξριυγξήε.ῃᾳγτεξιιγῤηὶεθῑιε
1635 5487 1919 5545 Choniatae
1968 5485 2212 5545 Historia
2249 5491 2458 5563 imperii
2492 5494 2965 5568 AlexiiComneni,
3010 5499 3179 5555 Isaaci
3225 5500 3414 5572 Angeli
3459 5501 3570 5559 frs-

338 5545 631 5622 ιῆρέῃλ
656 5567 711 5622 p.
740 5553 844 5608 624
869 5554 957 5610 ed.
991 5553 1146 5612 Imm.
1175 5555 1423 5612 Bekkeri.

344 5617 838 5746 ωὲσὶτυιὲιέηέᾳυε
865 5622 1109 5680 Nicetam
1140 5641 1240 5696 pro
1271 5641 1382 5684 uno
1404 5635 1458 5685 et
1477 5627 1669 5688 eodem
1707 5628 2016 5688 habuerunt
2034 5628 2374 5692 Benedictini
2414 5633 2673 5695 editores.
2714 5635 2847 5698 Vide
2877 5635 3238 5711 praecedentis
3270 5638 3560 5698 voluminis

431 5727 445 5739 ο
548 5731 561 5744 .
677 5709 690 5744 |
737 5732 751 5746 .

667 5781 933 5847 ΡΑτιιοι..
967 5786 1080 5850 Gn.
1121 5786 1434 5851 XXXVIII.

3183 5800 3258 5863 22
