4056 6238
528 267 634 322 683
1861 271 2156 328 NICETAS
2231 272 2437 329 DAVID
3647 274 3772 330 οει

537 388 869 458 Ilcrvagiana
903 403 995 457 per
1031 384 1309 440 Eusebium
1344 388 1676 457 Episcopium
1718 402 1766 438 a.
1802 386 1928 438 1571
1964 405 1976 440 :
2011 387 2100 440 sed
2123 386 2262 456 quod
2301 389 2376 442 rei
2402 395 2558 456 caput
2591 397 2688 452 est,
2729 390 3035 459 scriptorem
3070 398 3206 444 recte
3247 393 3486 448 nominat
3515 391 3770 454 Nicetnm

525 483 798 538 Davidem.
831 483 952 536 Non
992 482 1158 536 multo
1198 493 1312 550 post
1342 499 1406 536 ea:
1438 484 1570 536 libro
1617 481 1973 548 manuscripto
2002 480 2324 535 bibliotheca:
2357 482 2678 553 Augustanw
2709 481 2950 538 Grtccam
2999 485 3374 554 paraphrasim
3422 489 3478 542 in
3515 505 3609 543 sea:
3639 509 3767 546 car-

518 579 665 632 mina
729 581 941 634 Arcana
1005 579 1110 632 sive
1175 577 1229 631 in
1288 593 1464 635 versus
1513 580 1622 636 482
1673 575 1820 648 (sunt
1889 591 2007 629 vero
2047 593 2263 630 numero
2305 576 2434 647 185)
2477 578 2642 632 edidit
2693 578 2826 634 Dav.
2879 580 3203 635 Hceschelius
3248 580 3492 651 Lugduni
3529 583 3770 640 Batavo-

519 686 638 722 rum
674 686 726 722 a.
761 670 919 734 1591,
949 687 1065 740 qua:
1096 669 1258 722 editio
1305 668 1522 737 repetita
1562 675 1638 721 est
1679 666 1743 719 ab
1770 659 1933 721 Joan.
1979 665 2375 722 "ornschuchio
2406 666 2600 738 Lipsius
2631 687 2686 723 α.
2714 669 2890 730 1645ς
2921 688 3048 741 quos
3078 673 3237 726 libros
3284 689 3401 725 cum
3428 674 3600 728 videre
3625 693 3768 729 non-

524 761 654 813 dum
695 760 824 813 mihi
857 761 1158 829 contigerit,
1183 760 1312 812 nihil
1353 755 1415 812 de
1441 757 1762 824 metaphrasi
1791 774 1948 826 quam
1976 760 2242 812 continent
2267 769 2498 814 statuere
2520 776 2752 828 possunt.
2789 762 2954 831 Atque
2975 778 3035 814 ea
3065 763 3160 816 illo
3194 773 3420 832 tempore
3452 783 3530 819 res
3557 767 3770 822 intacta

511 857 737 918 mansit,
769 853 931 922 donec
959 855 1026 907 ad
1063 854 1404 922 quwstionem
1437 850 1822 905 dissolvendam
1853 866 1932 903 me
1961 851 2172 920 impulit
2203 851 2291 906 ille
2324 851 2487 906 codex
2518 869 2670 923 quem
2696 854 2810 923 jam
2839 854 3197 922 descripturus
3222 873 3360 912 sum.

527 963 531 967 ”
584 947 663 998 Ad
699 947 841 1014 ripas
873 943 1114 998 Mosella:
1153 943 1566 1009 amoenissimas,
1588 956 1746 1010 prope
1775 943 1942 995 uicum
1980 941 2136 1006 Cues,
2165 941 2352 996 domus
2388 952 2467 996 est
2505 942 2709 998 alendis
2740 944 2948 998 senibus
2978 945 3294 1014 presbyteris
3335 964 3368 1000 a
3393 949 3617 1003 Nicolao
3651 950 3766 1005 Cu-

509 1057 641 1096 sano
669 1041 760 1094 illo
793 1039 1064 1093 cardinale
1108 1037 1421 1092 doctissimo
1453 1046 1744 1101 exstructa,
1781 1036 1835 1089 in
1871 1035 2023 1104 cujus
2054 1033 2535 1109 bibliothecabona
2577 1049 2702 1106 pars
2735 1037 3014 1103 librorum,
3062 1055 3192 1109 quos
3225 1038 3483 1096 Nicotaus
3521 1061 3617 1097 aut
3654 1047 3769 1113 ipse

509 1134 788 1199 scripserat
821 1139 911 1182 aut
953 1131 1005 1182 in
1038 1127 1313 1182 itineribus
1344 1127 1647 1196 collegerat,
1683 1123 1856 1179 adhuc
1887 1136 2209 1191 asseruntur,
2241 1143 2539 1198 quanquam
2584 1145 2721 1198 saepe
2757 1139 2835 1184 est
2865 1129 3117 1198 spoliata.
3166 1131 3432 1186 Numerus
3455 1135 3668 1204 quidem
3699 1138 3768 1190 li-

506 1227 726 1279 brorum
765 1225 985 1294 exiguus
1018 1233 1116 1288 est,
1147 1223 1236 1277 sed
1277 1223 1615 1290 reperiuntur
1645 1221 1780 1275 inter
1804 1237 1891 1275 eos
1925 1222 2085 1274 etiam
2121 1220 2242 1274 boni
2269 1231 2320 1276 et
2347 1221 2492 1292 digni
2521 1224 2610 1292 qui
2637 1224 2988 1288 innotescunt,
3026 1224 3146 1277 licet
3185 1241 3287 1277 non
3312 1225 3464 1288 tales,
3495 1229 3683 1296 quales
3712 1247 3768 1283 se

507 1319 580 1372 ibi
612 1327 944 1386 reperturum
977 1332 1090 1370 esse
1114 1323 1417 1384 speraverat
1460 1314 1624 1368 Andr.
1652 1313 1794 1368 Cuil.
1832 1313 2140 1379 Cramerus,
2165 1315 2317 1385 cujus
2351 1314 2448 1368 hac
2477 1315 2540 1369 de
2565 1331 2620 1369 re
2649 1315 2826 1383 lepida
2846 1325 3019 1370 exstat
3045 1317 3284 1370 narratio
3320 1318 3374 1370 in
3399 1319 3560 1386 ipsius
3585 1319 3761 1377 Chro-
3801 1378 3805 1380 _

508 1408 653 1462 uicis
683 1407 1023 1469 domesticis,
1060 1421 1112 1473 p.
1153 1405 1256 1458 H5
1285 1421 1397 1475 sqq.
1439 1402 1513 1456 De
1545 1403 1695 1456 libris
1731 1404 1868 1457 enim
1899 1405 1988 1474 qui
2013 1403 2082 1456 ad
2095 1403 2187 1473 jus
2219 1413 2456 1473 spectant
2483 1402 2699 1457 meliora
2726 1404 2900 1457 edocti
2929 1421 3109 1458 sumus
3144 1404 3208 1457 ab
3240 1404 3492 1460 Eduardo
3529 1408 3768 1480 Bocking

503 1510 614 1570 μοιο
664 1501 833 1554 Βυηη.
867 1519 914 1555 υ.
955 1500 1033 1564 d.,
1069 1516 1116 1552 v.
1164 1498 1313 1552 Frid.
1345 1496 1473 1552 Car.
1502 1514 1534 1550 a
1566 1496 1794 1566 Savigny
1836 1497 2024 1551 librum
2069 1497 2399 1553 Geschichte
2423 1497 2520 1552 des
2545 1497 2856 1553 rémischen
2883 1497 3112 1564 Rcchts,
3149 1507 3274 1564 etc.,
3307 1497 3426 1564 111,
3455 1501 3508 1564 8,
3533 1503 3621 1556 ed.
3657 1520 3763 1557 sec.

511 1595 658 1649 Inter
684 1593 894 1648 Grtccos
937 1603 1109 1646 autem
1139 1590 1305 1644 libros
1345 1590 1750 1656 manuscriptos,
1781 1605 2004 1658 quorum
2029 1590 2180 1658 copia
2209 1589 2336 1642 mihi
2362 1604 2524 1657 nuper
2558 1589 2705 1657 facta
2744 1598 2820 1642 est
2864 1605 2955 1658 per
2987 1588 3324 1653 Martinium,
3358 1608 3404 1645 υ.
3437 1610 3568 1659 rem,
3609 1596 3763 1654 illius

509 1692 696 1745 domus
729 1689 1056 1758 prtei'ectum,
1092 1685 1192 1754 [uit
1223 1686 1381 1738 etiam
1412 1683 1594 1746 codex,
1625 1684 1716 1751 qui
1743 1692 1906 1737 totam
1943 1682 2146 1737 Nicetw
2176 1681 2398 1737 Davidis
2419 1681 2797 1751 metaphrasim
2827 1683 3055 1736 continet
3079 1683 3132 1736 in
3161 1685 3339 1738 omnia
3368 1683 3613 1755 Gregorii
3639 1687 3759 1742 Na-

512 1782 748 1834 zianzeni
780 1780 1040 1844 carmina,
1085 1793 1203 1846 qua:
1250 1776 1341 1830 ille
1367 1776 1739 1844 interpretatus
1779 1783 1879 1832 est.
1909 1772 2341 1828 Membranaceus
2369 1782 2449 1828 est
2487 1785 2640 1844 atque
2685 1789 2749 1826 ex
2775 1773 2921 1842 foliis
2957 1775 3059 1828 158
3089 1775 3276 1843 forma?
3305 1777 3586 1846 quadratis
3629 1796 3759 1834 con-

511 1887 656 1942 stat;
689 1876 920 1944 scriptus
957 1881 1034 1926 est
1066 1872 1121 1924 ni
1159 1870 1326 1938 fallor
1362 1868 1555 1923 sacculo
1589 1883 1643 1922 ιι
1675 1868 1755 1921 vel
1778 1882 1854 1921 xu
1893 1868 2287 1937 calligraphice,
2319 1883 2420 1920 non
2463 1866 2860 1938 tachggraphice
2890 1866 3028 1936 quod
3059 1877 3267 1932 vocant,
3299 1887 3505 1924 summa
3543 1873 3763 1928 littera-

511 1986 630 2023 rum
658 1967 920 2036 elegantia
953 1979 1264 2034 summaque
1300 1962 1595 2032 diligentia.
1629 1960 1792 2032 Siglis
1822 1962 1984 2016 nullis
2016 1979 2142 2016 usus
2170 1971 2246 2015 est
2296 1961 2586 2025 librarius;
2618 1977 2794 2028 pauca
2823 1970 3028 2020 tantum
3063 1964 3316 2017 vocabula
3347 1981 3439 2033 per
3486 1968 3763 2022 abbrevia-

511 2069 686 2116 turam
711 2060 907 2129 scripta
943 2068 1064 2112 sunt
1089 2067 1144 2110 ut
1179 2055 1409 2128 Ἰησοῦς,
1435 2055 1689 2133 Χριστός,
1720 2056 1860 2119 Θεὸς,
1892 2054 2110 2126 πνεῦμα

2157 2057 2339 2127 πατήρ
2389 2055 2591 2126 μήτηρ,
2610 2056 2913 2127 ἄνθρωπος,
2950 2057 3190 2128 σωτηρία
3215 2068 3266 2112 et
3300 2059 3364 2112 ab
3388 2060 3468 2114 his
3492 2051 3757 2119 derivata.

511 2153 832 2208 Accentuum
872 2150 1010 2203 ratio
1045 2147 1225 2204 eadem
1263 2149 1370 2217 fere
1401 2157 1476 2201 est
1515 2163 1631 2216 quae
1661 2147 1814 2202 hodie
1849 2147 2202 2213 observatur;
2229 2148 2366 2217 quod
2397 2147 2466 2200 ad
2507 2148 2724 2223 spiritus
2767 2150 2976 2213 attinet,
3022 2150 3127 2204 duo
3171 2151 3265 2204 rho
3305 2151 3546 2222 deinceps
3582 2156 3760 2223 posita

510 2258 776 2311 nunquam
801 2243 924 2295 illos
949 2241 1050 2294 sibi
1078 2215 1358 2308 inscriptos
1393 2215 1606 2304 habent,
1631 2249 1688 2293 ut
1716 2251 1764 2293 et
1796 2240 1850 2294 in
1882 2240 2007 2294 aliis
2035 2215 2302 2294 codicibus
2323 2249 2372 2292 et
2401 2215 2542 2292 nunc
2561 2215 2815 2293 scribitur
2835 2254 2853 2305 ;
2876 2257 2924 2296 v.
2959 2236 3112 2297 Bast.
3136 2241 3445 2300 Comment.
3471 2215 3756 2318 patmogrq

511 2337 638 2392 755.
677 2335 800 2390 Iota
825 2334 963 2407 quod
1005 2333 1356 2402 subscriptum
1384 2333 1609 2387 dicimus
1644 2349 1910 2405 nunquam
1941 2333 2083 2403 infra
2105 2334 2323 2399 lineam,
2357 2349 2480 2389 raro
2507 2335 2562 2387 in
2593 2335 2704 2402 ipso
2733 2350 2883 2389 versu
2910 2337 3145 2404 ponitur,
3171 2339 3476 2411 plerumque
3499 2343 3753 2396 omissum

510 2436 609 2491 est,
653 2427 744 2481 sed
775 2437 897 2481 sunt
942 2425 1096 2480 verba
1133 2441 1248 2495 qua:
1288 2441 1424 2478 nunc
1453 2433 1633 2478 carent
1663 2427 1774 2478 iota
1809 2424 2121 2492 subscripto,
2156 2435 2205 2479 et
2240 2427 2293 2479 in
2339 2425 2513 2479 codice
2539 2425 2670 2478 illud
2701 2425 2911 2489 habent,
2949 2437 3007 2480 ut
3048 2427 3208 2491 ζῶιον
3237 2445 3330 2498 pro
3365 2430 3522 2495 ζῶον,
3549 2433 3615 2486 de
3652 2447 3754 2502 qua

511 2515 774 2571 scribendi
813 2517 1018 2571 ratione
1055 2533 1103 2570 v.
1141 2513 1292 2568 Bast.
1321 2513 1357 2567 l.
1390 2515 1427 2567 l.
1460 2514 1582 2570 719.
1623 2513 1912 2569 Particulo:
1949 2515 2192 2584 quadam
2233 2517 2536 2586 composite:
2577 2532 2669 2586 per
2695 2528 2873 2587 partes
2909 2517 3232 2585 scribuntur,
3273 2539 3322 2576 v.
3353 2539 3402 2576 c.
3437 2524 3515 2576 ὅτ’
3545 2524 3634 2589 ἄν,
3667 2523 3752 2579 ἐπ’

508 2607 595 2676 ἧν,
633 2609 802 2662 ἐπειδ⁹
835 2608 902 2662 ἄν
933 2624 948 2640 °
981 2618 1164 2661 contra
1197 2607 1502 2677 prtrpositio
1528 2607 1670 2661 κατά
1697 2624 1815 2660 cum
1854 2608 2168 2677 quibusdam
2209 2606 2557 2665 substantivis
2601 2626 2736 2692 stupe
2773 2611 2827 2664 in
2859 2627 3018 2664 unum
3059 2614 3367 2670 vocabulum
3394 2620 3751 2691 conjungitur,

507 2721 553 2759 υ.
581 2721 627 2758 c.
663 2703 990 2772 καταφύσιν.
1019 2702 1261 2756 Itacismi
1293 2703 1510 2772 vestigia
1538 2717 1714 2771 pauca
1744 2704 2098 2772 reperiuntur.

577 2793 625 2848 F
628 2795 789 2847 alium
820 2795 1048 2862 primum
1077 2795 1257 2862 incipit
1281 2795 1454 2848 colore
1483 2793 1642 2848 rubro
1667 2811 1686 2848 :
1713 2795 1926 2864 Νικήτα
1952 2795 2044 2847 τοῦ
2070 2796 2162 2850 καὶ

2150 2805 2162 2848 ι
2194 2796 2287 2849 δᾶδ
2314 2780 2500 2849 δούλου
2535 2793 2586 2850 ἰῦ
2619 2796 2686 2868 χῦ
2721 2797 2815 2851 τοῦ
2841 2799 3127 2869 φιλοσόφου
3153 2801 3410 2874 ἐξήγησις
3443 2805 3552 2860 τῶν
3579 2809 3752 2878 ἀπορ-

510 2889 685 2959 ρήτων
717 2886 811 2939 τοῦ
843 2887 1078 2959 μεγάλου
1117 2888 1417 2958 Γρηγορίου
1450 2887 1543 2940 τοῦ
1578 2887 1837 2956 Θεολὸγου
1871 2890 2018 2942 ἐπῶν
2051 2890 2205 2958 λόγος
2246 2898 2316 2945 α’.
2350 2890 2657 2963 Προοίμιον.
2695 2892 2760 2947 Οῐ
2792 2894 2890 2964 μὲν
2924 2896 3053 2966 παρ’
3082 2896 3302 2968 Ἕλλησι
3341 2899 3754 2970 φιλοσοφώτατοι

506 2974 646 3029 εἶναι.
673 2976 921 3041 δόξαντες
948 2979 1041 3031 καὶ
1071 2977 1384 3045 λογιώτατοι
1421 2977 1563 3046 ἡνίκ’
1603 2978 1668 3030 ἂν
1711 2981 1826 3040 ταῖς
1868 2979 2006 3050 ὑπὲρ
2044 2979 2105 3032 τὸ
2151 2980 2474 3051 βλεπόμενον
2513 2984 2608 3037 καὶ
2648 2985 2745 3054 τὴν
2793 2985 3043 3056 αἴσθησιν
3082 2989 3354 3059 Θεωρίαις,
3387 2992 3502 3044 κτλ.
3535 2991 3664 3063 Pag.
3699 2994 3750 3054 4.

507 3066 648 3133 Περὶ
673 3063 892 3135 ἀρχῶν.
928 3069 990 3118 Οἱ
1023 3067 1124 3136 τῆς
1150 3067 1416 3135 κοσμικῆς
1451 3065 1640 3134 σοφίας
1671 3068 1767 3136 τὴν
1806 3068 2110 3138 ἀκροτάτην
2145 3069 2467 3123 καταλαϐεῖν
2513 3074 2852 3144 κατοιόμενοι
2886 3074 3169 3146 περιωπήν
3209 3077 3385 3131 πάντα
3415 3079 3483 3132 τὰ
3511 3080 3632 3133 ὄντα
3663 3080 3753 3132 καὶ

505 3157 576 3214 τὰ
600 3160 858 3230 γινόμενα
888 3161 967 3222 εἰς
998 3162 1144 3230 τρεῖς
1184 3159 1282 3221 τὰς
1313 3161 1652 3230 κυριωτάτας
1687 3162 1780 3215 καὶ
1804 3163 2115 3233 πρωτίστας
2144 3164 2318 3228 αἰτίας
2351 3163 2444 3219 καὶ
2481 3167 2654 3237 ἀρχὰς
2685 3168 3041 3238 ἀναφέροντες
3075 3171 3492 3241 ὲκκορυφοῦνται
3511 3189 3523 3201 ’
3555 3171 3748 3234 ταύτας

505 3255 563 3308 δὲ
593 3253 717 3306 νοῦν
763 3251 858 3305 καὶ
901 3251 1032 3320 ὓλην
1077 3251 1170 3304 καὶ
1228 3247 1362 3314 εἶδος
1417 3250 1705 3314 καλοῦντες
1750 3253 2047 3323 συνάρχους
2089 3253 2182 3306 καὶ
2237 3255 2536 3319 συναιτίους
2564 3255 2671 3308 τῶν
2707 3258 2922 3310 πάντων
2961 3257 3312 3314 ὑποτίθενται.
3345 3260 3460 3312 κτλ.
3489 3258 3739 3328 Pag.16,

517 3345 802 3414 Ἐξήγησις
838 3342 945 3395 τῶν
985 3342 1309 3413 ἀπορρήτων
1342 3341 1435 3397 τοῦ
1483 3341 1718 3412 μεγάλου
1759 3342 2059 3413 Γρηγορίου
2107 3344 2201 3397 τοῦ
2245 3343 2505 3412 Θεολόγου
2539 3346 2717 3399 ἐπῶν·
2761 3348 2932 3416 Λόγος
2966 3349 3010 3418 β’
3042 3349 3183 3418 Περὶ
3236 3350 3383 3403 Υίοῦ.
3430 3346 3743 3419 Ἐκθέμενος

506 3439 634 3510 περὶ
659 3438 841 3510 ἀρχῶν
923 3437 1118 3509 ἀρχῆς,
1139 3429 1338 3490 ¹ταύτὸν
1366 3438 1422 3490 δὲ
1454 3439 1646 3504 εἰπεῖν,
1675 3438 1802 3509 περὶ
1829 3438 1929 3508 τῆς
1953 3439 2233 3510 τριαδικῆς
2264 3440 2560 3512 μοναρχίας
2589 3443 2617 3495 ὁ
2642 3442 2940 3513 Θαυμάσιος
2967 3445 3341 3516 ἐπιτομὼτατα
3368 3445 3626 3498 διαλαϐὼν
3657 3442 3753 3496 καὶ

409 3604 412 3608 ,
505 3538 630 3601 τοὺς
660 3539 756 3608 μὲν
781 3538 1001 3611 ἐριστὰς
1042 3539 1120 3601 εἰς
1161 3537 1536 3609 διαλογισμοὺς
1577 3539 1920 3594 παντάπασιν
1950 3541 2125 3611 ἀφείς,
2163 3541 2282 3594 κτλ.
2320 3541 2452 3612 Pag.
2485 3545 2573 3608 50,
2599 3543 2768 3612 Λόγος
2802 3550 2850 3612 γ’
2875 3541 3013 3612 Περὶ
3046 3543 3154 3597 τοῦ
3193 3542 3368 3610 ἁγίου
3398 3541 3750 3608 Πνεύματος.

507 3633 844 3702 Θεολογήσας
878 3635 906 3687 ὁ
933 3631 1353 3702 Οεοληπτότατος
1385 3634 1512 3702 περὶ
1543 3634 1753 3703 Πατρὸς
1783 3635 1877 3686 καὶ
1908 3634 2036 3687 Υἱοῦ
2065 3635 2168 3688 ὅσα
2202 3635 2329 3706 ἐξῆν
2366 3636 2514 3707 αὐτῷ
2555 3638 2778 3692 διειπεῖν
2820 3639 2877 3690 ὲν
2911 3637 3172 3708 ἁφράστῳ
3199 3637 3490 3706 γοργότητι
3515 3636 3605 3688 καὶ
3630 3651 3753 3687 συνο

507 3725 672 3796 τομίᾳ
697 3725 782 3778 διὰ
814 3725 922 3777 τῶν
947 3723 1435 3794 προπεποιημένων
1463 3726 1713 3795 ἡρωϊκῶν
1739 3725 1886 3778 ὲπῶν
1919 3726 2014 3780 νῦν
2041 3727 2105 3796 δὴ
2138 3727 2442 3797 ἑπομένως,
2486 3728 2604 3781 κτλ.
2652 3728 2785 3798 Pag.
2809 3729 2899 3796 45,
2927 3729 3064 3798 Περὶ
3099 3730 3330 3796 κόσμου
3356 3727 3510 3795 λόγος
3535 3725 3596 3780 δ’.
3623 3725 3748 3796 Pag.

506 3814 594 3868 6-1.
638 3814 777 3882 Περὶ
806 3814 1094 3882 προνοίας
1129 3811 1283 3879 λόγος
1308 3811 1369 3866 ε’.
1401 3811 1533 3884 Pag.
1565 3813 1654 3876 78,
1686 3814 1824 3882 Περὶ
1853 3813 1971 3868 τῶν
1999 3815 2254 3884 λογικῶν
2276 3815 2500 3871 οὐσιῶν
2527 3816 2681 3885 λόγος
2716 3818 2788 3883 ς’.

582 3924 756 3994 Igitur
801 3939 867 3978 ex
914 3926 1010 3976 hoc
1058 3920 1235 3975 codice
1274 3922 1502 3990 primum
1538 3923 1898 3992 intelligimus,
1933 3934 2056 3994 quot
2101 3926 2339 3979 carmina
2369 3923 2585 3981 Nicetas
2616 3928 2991 3992 interpretatus
3035 3930 3226 3999 fuerit;
3253 3938 3378 3983 sunt
3421 3937 3593 3984 autem
3622 3942 3751 3996 prte-

510 4035 588 4078 ιη
642 4021 949 4076 “(ramum
993 4035 1207 4074 numero
1241 4028 1346 4077 xv;
1379 4011 1563 4065 deinde
1601 4028 1872 4066 numerum
1921 4015 2238 4079 carminum,
2271 4031 2388 4084 qua:
2425 4015 2715 4087 ἀπόρρητα
2753 4019 3118 4083 nominaverit,
3179 4019 3452 4088 aliquanto
3505 4019 3750 4088 majorem

508 4135 621 4174 esse
664 4133 822 4188 quam
865 4115 1014 4169 Billii
1049 4127 1344 4168 numerum.
1391 4107 1448 4162 Is
1473 4107 1611 4161 enim
1653 4117 1768 4161 octo
1800 4117 2004 4162 tantum
2029 4111 2269 4164 carmina
2304 4111 2378 4164 ita
2408 4111 2680 4181 inscripsit
2710 4129 2870 4184 neque
2898 4112 3184 4184 quidquam
3219 4110 3284 4164 de
3324 4109 3424 4164 hac
3453 4126 3508 4164 re
3537 4108 3753 4171 monuit,

508 4225 811 4282 quanquam
847 4218 1012 4262 totum
1042 4206 1244 4260 Nicette
1285 4203 1717 4260 commentarium
1757 4205 1815 4257 in
1853 4205 2097 4260 manibus
2121 4205 2367 4261 habuisse
2403 4208 2607 4262 videtur
2659 4210 2763 4264 sive
2794 4211 2848 4263 in
2873 4226 2977 4264 uno
3013 4207 3210 4274 codice,
3241 4207 3534 4260 cardinalis
3581 4202 3757 4261 Sirleti

509 4301 739 4356 codicem
767 4300 906 4364 dico,
954 4300 1059 4360 sive
1095 4299 1148 4352 in
1183 4297 1432 4366 pluribus
1463 4302 1743 4362 repertum,
1796 4312 1918 4348 nam
1946 4297 2004 4349 in
2029 4299 2366 4352 annotatione
2396 4300 2608 4368 respicit
2649 4300 2718 4353 ad
2747 4299 3182 4354 commentarium
3212 4313 3321 4351 non
3367 4297 3538 4350 solum
3569 4297 3624 4349 in
3651 4302 3756 4347 octo

509 4391 610 4446 illa
637 4391 897 4453 carmina,
947 4389 1038 4443 sed
1062 4391 1220 4443 etiam
1251 4388 1306 4440 in
1351 4394 1542 4452 septem
1573 4384 1776 4454 reliqua
1831 4394 1984 4454 atque
2010 4387 2444 4440 commentarium
2499 4387 2553 4440 in
2601 4386 2934 4442 Tetrasticha
2980 4398 3146 4443 totum
3205 4387 3380 4441 uertit.
3415 4384 3601 4456 Ipsum
3648 4398 3755 4438 vero

519 4481 762 4536 Nicetant
803 4482 913 4536 hac
937 4483 1177 4535 carmina
1198 4481 1489 4554 ἀπόρρητα
1517 4479 1829 4549 appellasse,
1847 4480 2031 4534 docere
2051 4480 2177 4533 mihi
2203 4481 2444 4534 videntur
2463 4498 2580 4552 qua
2608 4483 2673 4537 de
2697 4499 2792 4538 suo
2813 4484 3081 4553 proposito
3102 4481 3284 4537 scribit
3305 4482 3360 4536 in
3390 4481 3644 4550 prooemio
3669 4476 3755 4547 fol.

511 4575 548 4631 2
577 4593 622 4630 υ.
652 4573 765 4628 cod.
803 4588 820 4626 :
851 4571 928 4625 Δι’
961 4571 989 4624 ὃ
1019 4571 1109 4624 καὶ
1133 4573 1291 4642 ἡμεῖς
1319 4572 1368 4624 οἱ
1409 4571 1624 4624 πάντων
1646 4570 1861 4641 ἔσχατοι
1891 4570 1984 4624 καὶ
2011 4569 2323 4642 μικρότεροι
2353 4571 2490 4642 πρὸς
2532 4572 2624 4625 τὸν
2666 4573 2806 4645 ὑπὲρ
2843 4573 3052 4638 πάντας
3082 4574 3208 4638 τοὺς
3235 4572 3642 4646 πρεσϐυτέρους
3674 4566 3758 4624 καὶ

513 4661 865 4725 Ειδασκάλους
893 4661 1250 4731 τετιμημένον
1281 4661 1408 4730 ἡμῖν
1437 4659 1734 4731 Γρηγόριον
1771 4659 1862 4712 τὸν
1894 4659 2150 4728 Θεολόγον
2187 4659 2280 4712 τὸν
2320 4659 2444 4714 νοῦν
2481 4661 2851 4732 ἐπερείδοντες
2887 4663 2964 4727 ὡς
2993 4665 3090 4732 τῆς
3119 4663 3392 4735 ἡμετέρας
3417 4661 3761 4732 καθηγεμόνα

513 4755 688 4827 ψυχῆς
714 4756 806 4808 καὶ
826 4755 901 4818 ὡς
929 4752 1326 4825 περισσοτέρως
1359 4754 1424 4806 ὲκ
1448 4753 1555 4806 τῶν
1594 4751 1756 4806 αὐτοῦ
1785 4747 2068 4820 θεολογιῶν
2095 4751 2530 4823 οἰκοδομούμενοι
2565 4754 2806 4824 ὀλίγους
2835 4755 3004 4822 τινὰς
3028 4756 3096 4810 ἐκ
3131 4755 3250 4810 τῶν
3281 4755 3469 4809 αὑτοῦ
3494 4749 3757 4821 δυσφρά-

515 4866 676 4904 στων
699 4849 797 4904 καὶ
828 4846 1255 4916 δυσθεωρήτων
1281 4848 1476 4917 λόγων
1505 4847 1638 4916 ἤτοι
1677 4845 2058 4916 θεοφράστων
2083 4843 2249 4899 ἐπῶν
2278 4847 2351 4901 τὰ
2387 4848 2823 4917 άπορρητότερα
2858 4850 2955 4903 καὶ
2997 4848 3120 4915 τοῖς
3145 4846 3398 4914 πολλοῖς
3436 4847 3760 4900 ets-extenta

516 4948 603 5012 εις
629 4945 924 5014 ἐξήγησιν
952 4944 1369 5014 προυθήκαμεν
1405 4944 1658 5010 ἑαυτοῖς.
1690 4943 1819 5000 Cum
1856 4943 1933 4996 his
1967 4957 2116 5011 comp

2157 4959 2219 4996 ra
2247 4958 2363 5012 qua:
2387 4958 2509 5012 pag.
2548 4943 2649 4998 152
2679 4945 2807 5016 (col.
2835 4944 2961 5014 745)
2990 4944 3146 5013 hujus
3187 4944 3309 4998 libri
3346 4943 3611 5012 leguntur.
3648 4937 3757 4993 Cte-

521 5048 687 5094 terum
719 5057 782 5094 ne
813 5042 908 5094 illa
935 5041 1142 5112 quidem
1171 5043 1430 5110 carmina,
1482 5056 1600 5112 qua
1629 5040 1822 5094 Bittius
1855 5037 2163 5120 cognomine
2198 5035 2308 5089 τῶν
2339 5037 2668 5108 ἀπορρήτων
2697 5033 2990 5108 insignivit,
3025 5040 3080 5092 in
3111 5035 3350 5090 omnibus
3388 5032 3659 5087 codicibus
3688 5029 3759 5082 ita

520 5151 632 5191 esse
675 5135 935 5204 inscripta
984 5144 1203 5191 test-atus
1234 5147 1312 5192 est
1341 5136 1567 5192 Carolus
1619 5133 1810 5189 Bened.
1842 5133 2003 5194 Hase,
2032 5132 2122 5202 qui
2165 5133 2246 5184 vir
2286 5130 2622 5184 clarissimus
2673 5139 2722 5183 et
2775 5131 3114 5184 doctissimus
3153 5143 3186 5181 α
3231 5143 3313 5180 me
3371 5133 3614 5195 rogatus,
3652 5132 3760 5174 cum

519 5241 684 5280 essent
703 5240 901 5278 memor
927 5241 1107 5278 eorum
1140 5242 1255 5294 qum
1285 5225 1384 5295 legi
1409 5226 1463 5278 in
1490 5222 1804 5294 praefatione
1836 5219 1904 5272 ad
1943 5217 2166 5272 Leonem
2214 5217 2510 5272 Diaconum
2537 5235 2660 5289 pag.
2694 5231 2822 5273 ut:
2857 5219 2939 5272 ed.
2969 5218 3289 5288 Bonnaqua
3320 5227 3397 5271 est
3440 5213 3761 5268 humanitate

523 5323 578 5376 in
599 5338 765 5377 meum
800 5337 952 5377 usum
981 5320 1204 5375 contulit
1223 5337 1399 5376 omnes
1429 5321 1750 5375 bibliotheca:
1773 5316 1946 5386 Regia:
1981 5315 2294 5370 Parisiensis
2331 5316 2558 5371 codices.
2599 5314 2782 5386 Neque
2821 5316 2972 5370 illam
2997 5311 3387 5382 inscriptionem
3418 5307 3574 5361 habet
3608 5302 3761 5391 cades.

521 5415 816 5468 carminum
857 5412 1098 5485 Gregorii
1135 5410 1456 5483 Bodleianus
1477 5450 1491 5475 ,
1531 5401 1683 5480 quem
1723 5406 2059 5476 Gaisfordius
2085 5407 2365 5476 descripsit
2399 5408 2454 5461 in
2475 5406 2734 5477 Catalogo
2755 5407 2873 5462 sive
2906 5405 3110 5463 Notitia
3140 5401 3642 5470 manuscriptomm
3668 5398 3755 5464 qul

521 5509 592 5564 ab
618 5506 680 5563 E.
711 5508 991 5566 l).CIarke
1020 5509 1322 5580 cornparati
1357 5507 1411 5561 in
1442 5505 1773 5561 bibliotheca
1808 5502 2098 5558 Bodleiana
2130 5510 2486 5560 asscrvantur
2510 5519 2564 5572 p.
2599 5517 2640 5571 ι,
2675 5518 2728 5573 p.
2749 5503 2825 5558 23
2873 5519 2985 5575 sqq.
3026 5498 3132 5558 Sed
3163 5506 3423 5565 utcunque
3449 5501 3551 5558 est,
3579 5493 3757 5560 prater

519 5603 631 5656 hmc
669 5605 904 5657 carmina
933 5621 986 5660 se
1017 5603 1128 5657 alia
1166 5601 1315 5657 nulla
1352 5603 1750 5667 interpretatum
1783 5618 1894 5656 esse
1921 5602 2029 5671 ipse
2059 5601 2278 5657 Nicetes
2307 5602 2548 5671 afﬁrmat
2577 5603 2632 5658 in
2662 5601 3037 5657 commutatio
3067 5599 3136 5654 ad
3177 5593 3528 5657 Tetrasticha,
3562 5607 3610 5645 v.
3636 5598 3752 5658 μσς·

523 5683 619 5744 151
654 5691 776 5762 (col.
799 5690 946 5764 757).
997 5692 1080 5750 Ex
1106 5694 1212 5749 illis
1245 5691 1410 5748 verbis
1455 5690 1772 5760 jamdudum
1802 5689 2082 5745 verisimile
2109 5691 2236 5745 mihi
2291 5689 2563 5746 videbatur
2587 5691 3088 5768 interpretationem
3143 5685 3583 5748 monostichorum
3615 5688 3762 5771 αα]υῇ
