4056 6238
249 318 360 376 685
1283 323 1352 380 ιΝ
1383 322 1693 381 CARMINA
1724 324 1999 382 ARCANA
2039 326 2099 390 S.
2143 327 2491 388 GREGORII.
3425 347 3528 402 686

247 443 696 514 epigrammatum
719 441 785 494 in
835 438 1045 494 laudem
1095 439 1288 494 Basilii
1320 441 1524 512 Magni,
1550 459 1668 512 qua'
1700 441 1901 499 Nicetw
1932 443 2129 500 Davidi
2168 448 2222 500 in
2248 446 2476 504 editione
2521 448 2715 505 Veneta
2754 449 3028 518 tribuitur,
3067 454 3234 522 ipsius
3259 471 3386 525 opus
3413 477 3524 518 esse

250 553 358 591 non
418 550 605 604 posse;
639 545 689 589 et
743 533 988 589 Nicetam
1019 550 1197 590 revera
1239 551 1398 606 neque
1426 537 1585 606 hujus
1617 545 1885 591 auctorem
1922 554 2036 592 esse
2062 557 2224 611 neque
2255 542 2704 610 interpretationis
2758 543 3234 612 Tetrastichorum,
3273 565 3393 619 qua:
3427 557 3524 609 sub

249 632 424 700 ipsius
451 630 664 684 nomine
707 630 764 683 in
791 628 972 683 eodem
1010 624 1146 680 libro
1183 626 1346 680 etiam
1377 642 1516 680 nunc
1555 627 1948 697 circumfertur,
1990 629 2238 699 (utraque
2281 639 2456 685 autem
2497 632 2735 701 ejusdem
2778 633 3056 701 scriptoris
3093 635 3218 706 est),
3258 648 3438 705 postea
3461 657 3527 696 ex

249 725 369 789 ipso
402 722 535 776 libro
575 721 762 786 didici,
787 735 940 790 quem
973 717 1285 772 bibliotheca
1337 715 1695 786 Gottingensis
1742 720 2091 776 intercedente
2143 719 2212 776 E.
2244 719 2309 774 L.
2345 738 2376 775 a
2405 710 2632 776 Leutsch
2658 740 2708 778 v.
2766 722 2823 778 d.
2872 725 3000 779 mihi
3044 728 3394 795 suppeditavit
3424 732 3525 802 (a).

250 813 469 870 Scilicet
513 813 638 867 illos
681 808 1087 866 commentarios
1118 808 1344 877 confecit
1371 807 1639 875 Zonaras,
1662 819 1722 866 ut
1759 813 1870 881 ipse
1893 813 2094 881 fatetur
2128 815 2184 868 in
2211 815 2461 883 prooemio
2490 814 2587 884 fol.
2612 816 2668 879 5,
2703 816 2782 870 ita
2813 825 2988 872 tamen
3021 828 3081 873 ut
3116 818 3324 877 Niceta:
3361 826 3531 879 inter

247 908 603 976 ρτειαιίοηεηι
633 904 867 974 longiore
894 901 1168 957 verborum
1182 900 1676 969 circumscriptione
1703 912 1853 958 utens
1892 904 2055 957 etiam
2081 904 2213 959 locis
2246 920 2311 958 ex
2339 921 2495 958 sacra
2534 903 2817 974 Scriptura
2845 910 3098 968 adhibitis
3131 932 3269 984 saepe
3297 933 3515 989 augeret

248 1008 412 1068 atque
456 996 832 1066 ampliﬁcaret,
871 995 998 1066 quin
1025 1003 1162 1050 totas
1189 993 1394 1048 Nicetas
1417 993 1662 1062 periodos
1693 1008 1806 1048 sua:
1849 993 2174 1062 paraphrasi
2208 995 2484 1050 intexeret.
2544 994 2824 1051 Interdum
2893 1002 3018 1058 duae
3064 1007 3526 1079 interpretationes

248 1101 752 1163 e1stant,_quarum
782 1091 953 1145 altera
985 1090 1240 1157 inscripta
1274 1088 1509 1152 «ἄλλως»
1541 1102 1668 1156 pars
1687 1096 1776 1142 est
1808 1085 2257 1155 interpretationis
2290 1088 2493 1143 Nicette
2519 1107 2534 1156 ;
2569 1105 2948 1160 nonnunquam
2994 1099 3174 1154 varias
3195 1118 3398 1174 quoque
3446 1105 3524 1159 le-

248 1184 456 1238 ctiones
485 1181 726 1247 Zonaras
753 1181 955 1236 notavit
982 1189 1138 1251 atque
1184 1179 1398 1233 omnino
1423 1179 1597 1248 potius
1627 1177 1966 1248 grammatici
1995 1187 2172 1245 partes
2224 1179 2334 1249 agit
2376 1195 2533 1247 quam
2575 1179 2906 1249 interpretis;
2944 1178 3159 1257 singula
3194 1193 3333 1245 enim
3371 1194 3526 1247 verba

247 1277 587 1345 explicantur
615 1274 804 1329 iisdem
835 1275 943 1344 fere
982 1273 1152 1328 rerbis
1181 1287 1301 1344 qua:
1323 1272 1568 1342 leguntur
1600 1271 1656 1326 in
1683 1271 1848 1339 ipsius
1897 1279 2053 1342 atque
2081 1272 2316 1326 aliorum
2360 1273 2563 1327 lexicis.
2597 1272 2662 1326 In
2711 1274 3083 1330 dissertatione
3113 1293 3273 1345 supra
3301 1281 3524 1336 laudata

244 1367 468 1423 exhibui
501 1367 632 1420 tales
676 1365 839 1432 locos,
869 1366 958 1436 qui
984 1381 1090 1419 non
1120 1363 1230 1418 sine
1256 1363 1433 1434 fructu
1460 1363 1695 1431 conferri
1725 1361 1929 1429 possint
1951 1361 2016 1416 ab
2057 1363 2123 1416 iis
2183 1362 2373 1433 quibus
2409 1363 2582 1418 lexica
2623 1361 2807 1418 erca
2841 1382 2984 1420 cura:
3015 1377 3160 1425 sunt.
3196 1367 3313 1423 Hoc
3347 1381 3524 1426 autem

247 1460 562 1530 opusculum
595 1459 834 1514 Zonaras
880 1473 1037 1513 senex
1061 1458 1356 1528 composuit
1399 1472 1493 1526 per
1545 1457 1736 1522 otium,
1785 1471 1886 1526 quo
1929 1457 2206 1525 fruebatur
2254 1461 2540 1512 monachus
2568 1468 2618 1512 et
2669 1476 2769 1529 quo
2811 1472 2939 1511 usus
2965 1468 3040 1511 est
3083 1459 3153 1512 ad
3194 1462 3330 1514 alios
3363 1462 3524 1517 libros

245 1549 576 1613 scribendos,
610 1548 674 1602 de
699 1547 887 1619 quibus
915 1547 1033 1602 uide
1083 1545 1381 1601 Tittmanni
1435 1546 1806 1617 prolegomena
1835 1545 1904 1598 ad
1936 1544 2164 1602 Zonara:
2210 1545 2472 1612 Lexicon,
2520 1563 2575 1616 p.
2605 1564 2731 1604 va.
2763 1547 2866 1604 Sed
2919 1547 3073 1601 redeo
3093 1549 3162 1602 ad
3190 1549 3393 1607 Nicetas
3417 1553 3525 1607 Da-

205 1632 209 1635 ’
247 1640 396 1694 ridis
424 1640 883 1693 commentarium.

323 1729 455 1782 Cum
499 1729 567 1783 ad
613 1726 1038 1798 patefaciendam
1081 1725 1324 1797 Gregorii
1375 1734 1598 1780 mentem
1651 1742 1791 1796 sa’pe
1836 1725 2140 1782 abstrusam
2195 1743 2309 1782 vere
2349 1729 2541 1797 prosit,
2591 1727 2785 1784 Billius
2838 1737 3016 1784 autem
3057 1730 3278 1801 singulis
3316 1741 3524 1787 tantum

246 1820 384 1874 locis
420 1837 481 1874 eo
513 1819 567 1874 in
599 1835 890 1873 sermonem
927 1817 1177 1870 Latinum
1235 1831 1480 1870 converso
1507 1831 1634 1871 usus
1671 1817 1742 1870 sit
1787 1827 2005 1886 excepta
2049 1818 2482 1887 interpretatione
2519 1817 2975 1873 Tetrastichorum
3041 1835 3202 1888 quam
3258 1821 3522 1891 integram

247 1915 409 1969 vertit
457 1930 478 1968 :
515 1913 774 1985 equidem,
804 1921 854 1967 et
891 1912 1017 1984 quia
1051 1911 1258 1966 Nicetas
1304 1911 1477 1965 oratio
1513 1919 1591 1965 est
1620 1912 1755 1966 satis
1784 1908 1997 1984 elegans
2037 1922 2087 1969 et
2115 1913 2394 1980 munda,et
2429 1930 2492 1968 ne
2519 1913 2645 1984 quid
2663 1914 2829 1984 justw
2879 1916 3175 1969 carminum
3213 1918 3524 1986 interpreta-

249 2013 390 2066 tioni
416 2010 751 2076 detrahatur,
776 2026 804 2064 e
834 2009 1012 2063 codice
1035 2007 1250 2063 Cusano
1283 1990 1532 2061 Gratcum
1563 2010 2005 2063 commentarium
2034 2011 2172 2080 typis
2197 2008 2598 2065 describendum
2625 2011 2807 2063 curavi
2833 2010 3032 2064 omissa
3059 2011 3157 2065 illa
3180 2021 3332 2080 parte
3361 2029 3519 2081 quam

250 2105 390 2161 Dav.
439 2105 763 2163 Htescltelius
798 2104 984 2160 edidit.
1024 2107 1241 2158 Teanum
1271 2103 1470 2158 codicis
1512 2102 1634 2158 dedi
1654 2103 1951 2174 integrum;
1970 2123 2096 2160 nam
2124 2117 2249 2162 sunt
2278 2107 2382 2163 loci
2406 2108 2496 2178 qui
2527 2105 2888 2163 emendatione
2927 2115 3133 2176 egeant,
3167 2107 3258 2161 sed
3287 2108 3402 2162 sine
3431 2125 3522 2178 ope

247 2197 473 2250 alterius
524 2195 647 2249 libri
679 2195 872 2265 corrigi
908 2211 1010 2249 non
1045 2195 1268 2264 possint.
1299 2196 1548 2248 Attamen
1571 2209 1665 2249 sea:
1699 2195 1798 2248 illa
1849 2197 2110 2263 carmina,
2132 2199 2320 2269 quippe
2366 2215 2486 2269 quce
2529 2197 2825 2253 cohwreant
2853 2213 2971 2250 cum
3019 2201 3244 2264 cteteris,
3275 2199 3344 2251 ad
3375 2216 3521 2252 eum-

247 2290 370 2344 dem
397 2289 624 2342 codicem
647 2289 908 2342 recensita
938 2290 1051 2343 sine
1078 2289 1454 2342 commentario
1473 2298 1593 2358 post
1623 2287 1829 2344 Nicetas
1857 2290 2057 2346 librum
2088 2294 2243 2361 posui
2274 2293 2372 2364 (ὁ).

322 2382 423 2434 His
445 2379 631 2433 addidi
682 2380 873 2434 selecto
901 2379 1148 2449 quadam
1179 2381 1441 2445 carmina,
1475 2397 1592 2452 qua:
1632 2386 1968 2452 reperiuntur
1989 2384 2045 2437 in
2085 2383 2264 2439 codice
2312 2383 2557 2441 Gudiano
2592 2383 2776 2441 erco
2803 2387 2891 2452 97,.
2924 2387 3081 2444 Hunc
3106 2389 3245 2443 enim
3269 2389 3518 2453 codicem,

248 2475 318 2530 de
347 2491 452 2544 quo
503 2491 550 2528 v.
582 2475 682 2529 Fr.
714 2474 816 2530 Ad.
846 2472 1029 2527 Eberti
1059 2474 1254 2528 librum
1274 2474 1340 2529 de
1361 2475 1690 2531 bibliotheca:
1729 2474 2000 2546 Guelferb.
2031 2477 2188 2532 codd.
2214 2476 2310 2532 Gr.
2343 2495 2397 2547 p.
2422 2477 2488 2532 84
2516 2477 2963 2533 Schwnemannus
2991 2494 3038 2530 v.
3064 2477 3118 2531 d.
3156 2478 3304 2531 illius
3332 2461 3545 2530 biblio-l

251 2570 417 2624 theca:
450 2569 732 2638 pra’fectus
757 2567 827 2621 ad
859 2584 940 2623 me
965 2571 1132 2634 misit,
1191 2586 1310 2624 cum
1342 2571 1398 2624 in
1428 2587 1488 2625 eo
1516 2579 1652 2625 esset
1686 2588 1848 2625 unum
1882 2588 2119 2640 carmen,
2154 2575 2292 2643 quod
2345 2571 2565 2626 Nicetas
2589 2574 2748 2643 inter
2776 2587 2976 2624 arcana
3011 2570 3237 2623 relatum
3265 2571 3520 2638 interpre-

250 2669 396 2715 tatus
427 2669 528 2715 est.
563 2659 680 2713 Hac
716 2676 834 2714 vero
877 2661 1151 2715 occasione
1177 2659 1310 2714 data
1343 2661 1503 2715 etiam
1531 2661 1739 2731 reliqua
1771 2662 2016 2717 carmina
2045 2644 2278 2718 contuli.
2309 2662 2647 2731 Periphrasis
2677 2677 2838 2732 quam
2859 2659 2995 2713 idem
3028 2657 3194 2713 codex
3216 2659 3408 2728 prtcbet
3440 2661 3520 2714 ita

249 2762 328 2806 est
367 2753 640 2814 instituta,
672 2761 730 2804 ut
753 2751 951 2823 singuli
971 2769 1148 2807 versus
1213 2754 1540 2820 explicentur
1576 2753 1744 2809 verbis
1781 2756 2108 2825 synonymis.

323 2845 552 2916 Reliqua
583 2846 823 2902 subsidia
880 2849 1068 2918 quibus
1113 2865 1242 2903 usus
1287 2867 1404 2904 sum
1432 2851 1484 2904 in
1521 2859 1665 2904 textu
1695 2851 1991 2905 carminum
2033 2849 2398 2907 constituendo
2426 2850 2537 2905 [nec
2587 2858 2732 2905 sunt.
2792 2845 2972 2900 Editio
3005 2843 3156 2908 Aldi,
3195 2843 3286 2913 qui
3311 2842 3517 2912 primus

253 2939 552 2992 maximam
589 2940 886 2994 carminum
934 2951 1138 3008 partem
1162 2944 1327 2998 edidit
1349 2961 1402 2998 a.
1444 2943 1610 2998 1504.
1641 2943 1848 3001 Νἱεειω
1868 2946 2215 3016 paraphrasis
2243 2945 2386 3018 (Gn)
2432 2921 2582 3000 edita
2619 2941 2850 2998 Venetiis
2881 2956 2934 2994 a.
2973 2937 3134 3004 1565,
3161 2939 3226 2992 de
3253 2954 3354 3009 quo
3381 2937 3518 2993 libre

254 3030 371 3082 ride
394 3042 582 3096 supra.
650 3028 1095 3084 Tetrastichorum
1140 3031 1304 3085 editio
1352 3048 1486 3086 cura
1531 3030 1780 3092 .Erhardi
1831 3034 2126 3090 Hedenecci
2197 3035 2430 3090 Basilcaz
2488 3055 2550 3090 a.
2597 3033 2770 3097 1577;
2803 3030 3041 3114 .denique
3085 3027 3321 3099 Gregorii
3373 3028 3518 3086 Nos.

246 3134 412 3188 opera
447 3134 570 3172 cum
615 3134 804 3174 conm.
829 3119 1020 3176 Jacobi
1051 3121 1226 3188 Billii,
1259 3121 1516 3191 Coloniae,
1551 3123 1849 3193 sumptibus
1893 3123 2238 3180 Weidmanni
2274 3124 2436 3183 1690.
2469 3126 2670 3181 Billius
2699 3138 3001 3194 quanquam
3021 3122 3197 3189 plures
3227 3119 3408 3174 habuit
3433 3137 3521 3174 co—

252 3208 416 3274 dices,
451 3209 758 3295 plerumque
820 3219 993 3266 tamen
1020 3213 1255 3282 sequitur
1279 3211 1475 3267 Aldnm
1505 3214 1582 3266 ita
1614 3221 1672 3266 ut
1702 3229 2079 3284 nonnunquam
2115 3231 2321 3270 errores
2345 3232 2475 3287 quos
2505 3215 2875 3272 emendaverat
2914 3215 3080 3269 Aldus
3120 3223 3404 3284 repeteret;
3434 3224 3520 3270 al-

251 3313 351 3366 que
383 3299 440 3351 in
473 3299 570 3352 illa
599 3299 825 3355 editione
857 3300 1165 3356 Coloniensi
1193 3301 1299 3355 sive
1315 3299 1573 3370 Lipsiensi
1604 3303 1915 3374 typographi
1943 3320 1976 3358 α
2013 3321 2135 3360 vera
2158 3306 2426 3375 scriptura
2467 3321 2606 3376 ηερε
2634 3306 2802 3362 denuo
2845 3305 3236 3360 aberraverunt.

322 3387 448 3444 Scr.
478 3387 880 3459 Conﬂuentibus
917 3390 996 3446 id.
1047 3389 1163 3448 Jul.
1189 3407 1240 3444 a.
1273 3389 1428 3447 1840.

323 3593 407 3666 (a)
441 3590 751 3666 yibrumqin
787 3592 874 3666 bis
902 3593 1218 3666 regionibus
1242 3593 1589 3666 rarissimum
1619 3593 1888 3664 descripsi
1905 3594 1973 3666 in
1997 3593 2386 3666 dissertatione
2411 3595 2478 3651 de
2507 3595 2698 3651 Niceta
2739 3594 2943 3652 Davide
2972 3602 3026 3650 et
3056 3595 3269 3666 Zonarn
3295 3609 3433 3666 pag.
3459 3597 3515 3651 9.

324 3664 409 3734 (ὁ)
440 3663 573 3737 ῌεε
583 3664 758 3737 nobis
787 3663 1032 3737 Gregorii
1069 3665 1268 3737 integri
1293 3664 1599 3737 editoribus
1623 3670 1786 3720 erant
1809 3663 2133 3737 omittenda.
2165 3663 2244 3737 [ξι
2273 3665 2359 3721 his
2385 3667 2830 3737 etiumgversibus
2849 3679 2987 3737 quos
3018 3665 3122 3719 sibi
3154 3663 3511 3737 explicandas

257 3732 501 3802 essumit
530 3732 775 3802 Nicetas,
810 3732 1030 3790 nonnisi
1057 3732 1297 3802 priufiuu
1329 3733 1679 3800 retinuimus,
1715 3747 1840 3786 cum
1871 3733 2111 3802 reliquos
2140 3732 2206 3786 ad
2237 3749 2455 3788 manum
2488 3735 2684 3790 habeat
2711 3732 2906 3789 Lector
2939 3734 2993 3787 in
3029 3732 3512 3790 nostra—editione.

257 3799 532 3858 Praeterea
561 3801 783 3858 Ernesti
807 3802 1025 3873 Dronite
1057 3799 1121 3857 V.
1162 3803 1226 3858 D.
1257 3803 1640 3858 adnotationes
1668 3799 1797 3872 'quae
1848 3799 2060 3873 tantum
2091 3802 2158 3857 ad
2189 3802 2330 3873 Billii
2377 3802 2670 3858 editionem
2718 3803 3186 3873 spectant,cujus
3215 3805 3347 3858 vitia
3386 3821 3518 3860 cura

257 3886 368 3942 qua
409 3887 513 3941 par
543 3883 662 3928 erat
695 3874 751 3928 in
777 3887 916 3928 nova
945 3872 1192 3932 Maurina
1219 3874 1546 3931 recensione
1567 3871 1709 3928 sunt
1731 3871 2043 3940 emendata,
2075 3885 2206 3927 cum
2242 3872 2356 3942 jam
2386 3886 2580 3943 parum
2611 3880 2707 3928 aut
2729 3871 2865 3928 nihil
2897 3871 3155 3930 utilitatis
3183 3873 3438 3940 habeant,
3459 3883 3517 3928 ut

260 3942 563 3997 uariarum
593 3943 925 3997 omittimus.
951 3942 1111 3997 Εωτ.

260 3942 563 4013 plurimum
593 3943 925 3999 omittimus.
951 3942 1111 3998 Eutr.

273 4171 3521 4200 Mm

1097 4386 1804 4502 NIGETE
1916 4387 2679 4500 DAVIDIS

745 4673 1294 4738 PARAPHRASIS
1322 4675 1750 4737 CARMINUM
1785 4674 2284 4737 ARCANORUM
2310 4672 2375 4737 S.
2417 4676 2798 4739 GREGORH
2831 4677 3008 4739 NAZ.

269 5055 487 5121 Νεκήτα
526 5053 635 5108 τοῦ
676 5052 775 5106 καὶ
810 5051 1006 5122 ΔουυζδΔ
1030 5049 1253 5106 δούλου
1274 5120 1290 5122 Α
1313 5049 1514 5122 Ἰησοῦ
1540 5049 1834 5122 ΑΧριστσῦε

1942 5047 2145 5103 Νὲοειω
2206 5049 2367 5122 quiet
2398 5050 2588 5114 David,
2609 5051 2744 5106 serui
2779 5050 2908 5122 Iesu
2939 5051 3160 5115 Christi,
3196 5053 3509 5122 philosophi,

335 5117 438 5178 τοῦ
467 5123 836 5194 φιλοσόφου,
869 5119 1192 5194 Ἐξῄτῃσις
1210 5120 1342 5194 Δτῶν
1360 5118 1714 5194 ᾀπρρῤνῃνωγ
1730 5117 1836 5194 τοῦ

2010 5120 2418 5194 commentarith
2473 5136 2789 5194 arcanorum
2857 5120 2922 5194 δέ
2988 5117 3225 5194 Gregorii
3267 5117 3512 5194 Theologi

334 5187 504 5261 ἀγιοὶ)
546 5187 877 5261 Γρηπέορίρυ
905 5187 1010 5243 τοῦ
1024 5187 1328 5258 ’Θεολόγου
1356 5188 1536 5243 ἐπῶν.
1566 5187 1703 5256 Περὶ
1722 5190 1837 5256 ψυ-

1356 5188 1536 5243 ἐπῶν.
1566 5187 1703 5256 Περὶ
1722 5190 1837 5256 ψυ-
2011 5189 2328 5240 carminum.
2369 5188 2445 5243 De
2482 5189 2658 5243 anima
2685 5207 2857 5246 sermo
2893 5191 2947 5248 7.

388 5263 449 5316 ἦ(-
479 5263 767 5316 (“Idm
803 5263 868 5316 ζ’.

336 5258 449 5331 κῆς
479 5262 558 5334 (ί)
581 5258 767 5330 λόὰλοὲ
803 5258 868 5321 ξ’-

347 5353 659 5425 Ἐπομὲνως
697 5351 835 5423 μετὰ
881 5350 981 5421 τὴν
1022 5349 1128 5403 τῶν
1170 5349 1436 5418 οὐρανίων
1466 5350 1560 5405 καὶ
1604 5349 1838 5419 λογικῶν

2006 5349 2417 5420 Consequenter
2445 5350 2748 5406 ctelestium
2783 5360 2834 5408 et
2859 5353 3262 5409 rationabilium
3287 5360 3509 5407 natura-

271 5444 479 5514 φύσεων
516 5446 615 5500 καὶ
657 5444 966 5514 ἀσωμάτων
993 5442 1248 5512 θεωρίαν,
1279 5440 1382 5511 ὁδῷ
1411 5440 1718 5512 προϐαίνων
1743 5441 1838 5492 ἐπὶ

1938 5456 2058 5495 rum
2082 5449 2136 5495 et
2162 5441 2613 5511 incorporearum
2651 5451 2776 5512 post
2835 5445 3348 5514 contemplationem
3407 5442 3507 5495 iter

271 5535 365 5606 τὴν
390 5537 780 5608 ταπεινοτέραν
805 5535 898 5588 καὶ
932 5532 1330 5603 προσυλοτέραν
1361 5532 1461 5601 τῆς
1489 5532 1835 5604 ἀνθρωπίνης

1941 5546 2191 5602 pergens,
2227 5533 2292 5587 ad
2317 5533 2870 5601 contemptibiliorem
2899 5542 2952 5588 et
2983 5533 3220 5586 materia:
3280 5529 3504 5584 vicinio-

273 5625 442 5699 ψυχῆς
473 5629 681 5694 οὐσίαν,
711 5627 809 5699 τὴν
841 5625 1076 5696 Θεωρίαν
1103 5624 1197 5678 καὶ
1225 5623 1518 5690 θεολογίαν,
1540 5625 1568 5676 ὁ
1588 5622 1835 5693 Θεολόγος

1941 5635 2053 5676 rem
2118 5621 2370 5676 humana:
2420 5622 2614 5676 animus
2677 5622 3062 5683 substantiam,
3096 5620 3503 5692 contemplatur

344 5783 419 5849 (ι)
457 5785 593 5852 Περι
619 5779 843 5852 ψυχῆς.
889 5779 1032 5836 Edit.
1073 5776 1212 5833 eum
1243 5775 1460 5868 Colon,
1496 5772 1560 5842 ιι,
1598 5789 1653 5846 p.
1700 5772 1838 5840 no;
1880 5771 1943 5828 ed

1598 5789 1653 5846 ι).
1700 5772 1838 5840 170;
1880 5771 2009 5828 edit.
2056 5772 2368 5841 Leuvencl.,
2401 5790 2454 5846 p.
2487 5774 2619 5833 1017
2655 5771 2774 5844 (Ed.
2807 5787 2930 5830 nov.
2965 5787 3017 5844 ρ.
3052 5769 3198 5847 241).
