  <div class='ocr_page' id='page_1' title='image "/cluster/home/n/w/nwhite01/storage/ocr_20150623/38/hvd.32044069550002/352.png"; bbox 0 0 4044 6210; ppageno 0'>
   <div class='ocr_carea' id='block_1_1' title="bbox 289 315 400 373">
    <p class='ocr_par' dir='ltr' id='par_1_1' title="bbox 289 315 400 373">
     <span class='ocr_line' id='line_1_1' title="bbox 289 315 400 373; baseline 0.009 -1"><span class='ocrx_word' id='word_1_1' title='bbox 289 315 400 373; x_wconf 70' lang='lat'><strong>689</strong></span> 
     </span>
    </p>
   </div>
   <div class='ocr_carea' id='block_1_2' title="bbox 292 423 1865 504">
    <p class='ocr_par' dir='ltr' id='par_1_2' title="bbox 292 423 1865 504">
     <span class='ocr_line' id='line_1_2' title="bbox 292 423 1865 504; baseline -0.001 -18"><span class='ocrx_word' id='word_1_2' title='bbox 292 445 399 494; x_wconf 76' lang='grc' dir='ltr'><strong>σοι,</strong></span> <span class='ocrx_word' id='word_1_3' title='bbox 430 447 449 480; x_wconf 74' lang='grc' dir='ltr'><strong>ι</strong></span> <span class='ocrx_word' id='word_1_4' title='bbox 478 427 564 483; x_wconf 67' lang='grc' dir='ltr'><strong>καὶ</strong></span> <span class='ocrx_word' id='word_1_5' title='bbox 598 423 933 501; x_wconf 64' lang='grc' dir='ltr'><strong>έξῆς.ῐ·3ί,ὧν</strong></span> <span class='ocrx_word' id='word_1_6' title='bbox 951 431 1218 499; x_wconf 83' lang='grc' dir='ltr'><strong>ἀπόντων,</strong></span> <span class='ocrx_word' id='word_1_7' title='bbox 1241 430 1529 504; x_wconf 77' lang='grc' dir='ltr'><strong>ἄνθρωπος</strong></span> <span class='ocrx_word' id='word_1_8' title='bbox 1558 432 1865 500; x_wconf 78' lang='grc' dir='ltr'><strong>σϐέννυται,</strong></span> 
     </span>
    </p>
   </div>
   <div class='ocr_carea' id='block_1_3' title="bbox 291 516 1870 594">
    <p class='ocr_par' dir='ltr' id='par_1_3' title="bbox 291 516 1870 594">
     <span class='ocr_line' id='line_1_3' title="bbox 291 516 1870 594; baseline 0.003 -22"><span class='ocrx_word' id='word_1_9' title='bbox 291 516 450 572; x_wconf 81' lang='grc' dir='ltr'><strong>τοῦτό</strong></span> <span class='ocrx_word' id='word_1_10' title='bbox 475 518 621 574; x_wconf 72' lang='grc' dir='ltr'><strong>ιστιν</strong></span> <span class='ocrx_word' id='word_1_11' title='bbox 644 519 794 590; x_wconf 86' lang='grc' dir='ltr'><strong>αὑτῷ</strong></span> <span class='ocrx_word' id='word_1_12' title='bbox 817 520 986 591; x_wconf 76' lang='grc' dir='ltr'><strong>ψυχὴ.</strong></span> <span class='ocrx_word' id='word_1_13' title='bbox 1013 521 1140 593; x_wconf 81' lang='grc' dir='ltr'><strong>ὥρα</strong></span> <span class='ocrx_word' id='word_1_14' title='bbox 1163 539 1247 576; x_wconf 88' lang='grc' dir='ltr'><strong>σοι</strong></span> <span class='ocrx_word' id='word_1_15' title='bbox 1277 518 1376 591; x_wconf 86' lang='grc' dir='ltr'><strong>τὴν</strong></span> <span class='ocrx_word' id='word_1_16' title='bbox 1407 523 1706 593; x_wconf 80' lang='grc' dir='ltr'><strong>ἡμερήσιον</strong></span> <span class='ocrx_word' id='word_1_17' title='bbox 1741 540 1870 594; x_wconf 87' lang='grc' dir='ltr'><strong>τρο-</strong></span> 
     </span>
    </p>
   </div>
   <div class='ocr_carea' id='block_1_4' title="bbox 294 607 1867 686">
    <p class='ocr_par' dir='ltr' id='par_1_4' title="bbox 294 607 1867 686">
     <span class='ocr_line' id='line_1_4' title="bbox 294 607 1867 686; baseline 0.006 -26"><span class='ocrx_word' id='word_1_18' title='bbox 294 607 400 678; x_wconf 76' lang='grc' dir='ltr'><strong>φὴν</strong></span> <span class='ocrx_word' id='word_1_19' title='bbox 443 608 622 681; x_wconf 78' lang='grc' dir='ltr'><strong>ψυχὴν</strong></span> <span class='ocrx_word' id='word_1_20' title='bbox 671 612 901 665; x_wconf 81' lang='grc' dir='ltr'><strong>σεαυτοῦ</strong></span> <span class='ocrx_word' id='word_1_21' title='bbox 953 613 1252 667; x_wconf 81' lang='grc' dir='ltr'><strong>ἀποκαλεῖν</strong></span> <span class='ocrx_word' id='word_1_22' title='bbox 1272 629 1287 644; x_wconf 88' lang='grc'><strong>·</strong></span> <span class='ocrx_word' id='word_1_23' title='bbox 1345 612 1537 683; x_wconf 81' lang='grc' dir='ltr'><strong>θνητὸν</strong></span> <span class='ocrx_word' id='word_1_24' title='bbox 1580 613 1690 686; x_wconf 81' lang='grc' dir='ltr'><strong>γὰρ</strong></span> <span class='ocrx_word' id='word_1_25' title='bbox 1717 615 1867 680; x_wconf 86' lang='grc' dir='ltr'><strong>δντα,</strong></span> 
     </span>
    </p>
   </div>
   <div class='ocr_carea' id='block_1_5' title="bbox 290 703 1869 781">
    <p class='ocr_par' dir='ltr' id='par_1_5' title="bbox 290 703 1869 781">
     <span class='ocr_line' id='line_1_5' title="bbox 290 703 1869 781; baseline 0.013 -26"><span class='ocrx_word' id='word_1_26' title='bbox 290 703 496 774; x_wconf 79' lang='grc' dir='ltr'><strong>τροφῆς</strong></span> <span class='ocrx_word' id='word_1_27' title='bbox 539 706 673 778; x_wconf 75' lang='grc' dir='ltr'><strong>ἄτερ</strong></span> <span class='ocrx_word' id='word_1_28' title='bbox 717 708 996 778; x_wconf 85' lang='grc' dir='ltr'><strong>ἀμήχανον</strong></span> <span class='ocrx_word' id='word_1_29' title='bbox 1048 710 1362 765; x_wconf 81' lang='grc' dir='ltr'><strong>παντάπασι</strong></span> <span class='ocrx_word' id='word_1_30' title='bbox 1413 711 1515 781; x_wconf 75' lang='grc' dir='ltr'><strong>ζῇν</strong></span> <span class='ocrx_word' id='word_1_31' title='bbox 1544 724 1557 739; x_wconf 80' lang='grc'><strong><em>⁸</em></strong></span> <span class='ocrx_word' id='word_1_32' title='bbox 1604 708 1721 761; x_wconf 79' lang='grc' dir='ltr'><strong>εστι</strong></span> <span class='ocrx_word' id='word_1_33' title='bbox 1760 706 1869 778; x_wconf 78' lang='grc' dir='ltr'><strong>γὰρ</strong></span> 
     </span>
    </p>
   </div>
   <div class='ocr_carea' id='block_1_6' title="bbox 293 795 1868 873">
    <p class='ocr_par' dir='ltr' id='par_1_6' title="bbox 293 795 1868 873">
     <span class='ocr_line' id='line_1_6' title="bbox 293 795 1868 873; baseline 0.014 -27"><span class='ocrx_word' id='word_1_34' title='bbox 293 796 454 851; x_wconf 73' lang='grc' dir='ltr'><strong>παντὶ</strong></span> <span class='ocrx_word' id='word_1_35' title='bbox 475 795 600 867; x_wconf 80' lang='grc' dir='ltr'><strong>ζώῳ</strong></span> <span class='ocrx_word' id='word_1_36' title='bbox 621 801 992 873; x_wconf 78' lang='grc' dir='ltr'><strong>συντηρητικὴ</strong></span> <span class='ocrx_word' id='word_1_37' title='bbox 1022 801 1251 872; x_wconf 82' lang='grc' dir='ltr'><strong>δύναμις</strong></span> <span class='ocrx_word' id='word_1_38' title='bbox 1283 804 1319 873; x_wconf 81' lang='grc' dir='ltr'><strong>ἡ</strong></span> <span class='ocrx_word' id='word_1_39' title='bbox 1353 802 1651 873; x_wconf 74' lang='grc' dir='ltr'>ἡμερήσιος</span> <span class='ocrx_word' id='word_1_40' title='bbox 1679 798 1868 868; x_wconf 71' lang='grc' dir='ltr'><strong>ὲδωδήσ</strong></span> 
     </span>
    </p>
   </div>
   <div class='ocr_carea' id='block_1_7' title="bbox 296 901 1273 957">
    <p class='ocr_par' dir='ltr' id='par_1_7' title="bbox 296 901 1273 957">
     <span class='ocr_line' id='line_1_7' title="bbox 296 901 1273 957; baseline 0.005 -17"><span class='ocrx_word' id='word_1_41' title='bbox 296 901 489 957; x_wconf 79' lang='lat' dir='ltr'><strong>panem</strong></span> <span class='ocrx_word' id='word_1_42' title='bbox 531 903 769 944; x_wconf 87' lang='lat' dir='ltr'><strong>annuam</strong></span> <span class='ocrx_word' id='word_1_43' title='bbox 820 902 969 946; x_wconf 83' lang='lat' dir='ltr'><strong>tuam</strong></span> <span class='ocrx_word' id='word_1_44' title='bbox 1012 908 1211 948; x_wconf 87' lang='lat' dir='ltr'><strong>vocare</strong></span> <span class='ocrx_word' id='word_1_45' title='bbox 1257 908 1273 945; x_wconf 77' lang='lat'><strong>:</strong></span> 
     </span>
    </p>
   </div>
   <div class='ocr_carea' id='block_1_8' title="bbox 1316 308 2517 372">
    <p class='ocr_par' dir='ltr' id='par_1_8' title="bbox 1316 308 2517 372">
     <span class='ocr_line' id='line_1_8' title="bbox 1316 308 2517 372; baseline -0.005 -3"><span class='ocrx_word' id='word_1_46' title='bbox 1316 314 1383 369; x_wconf 86' lang='lat' dir='ltr'><strong>IN</strong></span> <span class='ocrx_word' id='word_1_47' title='bbox 1413 312 1721 372; x_wconf 70' lang='lat' dir='ltr'><strong>CARMINA</strong></span> <span class='ocrx_word' id='word_1_48' title='bbox 1747 309 2039 371; x_wconf 71' lang='lat' dir='ltr'><strong>ARCANA.</strong></span> <span class='ocrx_word' id='word_1_49' title='bbox 2066 312 2125 368; x_wconf 51' lang='lat' dir='ltr'><strong>Si</strong></span> <span class='ocrx_word' id='word_1_50' title='bbox 2162 308 2517 369; x_wconf 75' lang='lat' dir='ltr'><strong>GREGORH‘.</strong></span> 
     </span>
    </p>
   </div>
   <div class='ocr_carea' id='block_1_9' title="bbox 3377 302 3553 365">
    <p class='ocr_par' dir='ltr' id='par_1_9' title="bbox 3377 302 3553 365">
     <span class='ocr_line' id='line_1_9' title="bbox 3377 302 3553 365; baseline 0.011 -2"><span class='ocrx_word' id='word_1_51' title='bbox 3377 302 3393 317; x_wconf 84' lang='grc'><strong>’</strong></span> <span class='ocrx_word' id='word_1_52' title='bbox 3447 306 3553 365; x_wconf 76' lang='grc' dir='ltr'><strong>6θο</strong></span> 
     </span>
    </p>
   </div>
   <div class='ocr_carea' id='block_1_10' title="bbox 1971 423 3554 499">
    <p class='ocr_par' dir='ltr' id='par_1_10' title="bbox 1971 423 3554 499">
     <span class='ocr_line' id='line_1_10' title="bbox 1971 423 3554 499; baseline -0.005 -12"><span class='ocrx_word' id='word_1_53' title='bbox 1971 439 2135 499; x_wconf 79' lang='lat' dir='ltr'><strong>sunt;</strong></span> <span class='ocrx_word' id='word_1_54' title='bbox 2158 429 2252 486; x_wconf 82' lang='lat' dir='ltr'><strong>alii</strong></span> <span class='ocrx_word' id='word_1_55' title='bbox 2280 443 2433 494; x_wconf 89' lang='lat' dir='ltr'><strong>vero,</strong></span> <span class='ocrx_word' id='word_1_56' title='bbox 2454 425 2724 498; x_wconf 87' lang='lat' dir='ltr'><strong>principia</strong></span> <span class='ocrx_word' id='word_1_57' title='bbox 2741 424 2889 489; x_wconf 64' lang='lat' dir='ltr'><strong>vitae,</strong></span> <span class='ocrx_word' id='word_1_58' title='bbox 2916 424 3121 496; x_wconf 78' lang='lat' dir='ltr'><strong>quibus</strong></span> <span class='ocrx_word' id='word_1_59' title='bbox 3149 423 3554 487; x_wconf 74' lang='lat' dir='ltr'><strong>deﬁcientibus,</strong></span> 
     </span>
    </p>
   </div>
   <div class='ocr_carea' id='block_1_11' title="bbox 1977 510 3555 590">
    <p class='ocr_par' dir='ltr' id='par_1_11' title="bbox 1977 510 3555 590">
     <span class='ocr_line' id='line_1_11' title="bbox 1977 510 3555 590; baseline -0.006 -12"><span class='ocrx_word' id='word_1_60' title='bbox 1977 523 2160 578; x_wconf 89' lang='lat' dir='ltr'><strong>anima</strong></span> <span class='ocrx_word' id='word_1_61' title='bbox 2186 534 2390 590; x_wconf 86' lang='lat' dir='ltr'><strong>corpus</strong></span> <span class='ocrx_word' id='word_1_62' title='bbox 2420 517 2690 589; x_wconf 91' lang='lat' dir='ltr'><strong>delinquit</strong></span> <span class='ocrx_word' id='word_1_63' title='bbox 2719 510 3151 580; x_wconf 57' lang='lat' dir='ltr'><strong>mortuum,h&#39;aac</strong></span> <span class='ocrx_word' id='word_1_64' title='bbox 3171 528 3296 570; x_wconf 85' lang='lat' dir='ltr'><strong>esse</strong></span> <span class='ocrx_word' id='word_1_65' title='bbox 3320 513 3555 569; x_wconf 77' lang='lat' dir='ltr'><strong>hominis</strong></span> 
     </span>
    </p>
   </div>
   <div class='ocr_carea' id='block_1_12' title="bbox 1977 608 3555 675">
    <p class='ocr_par' dir='ltr' id='par_1_12' title="bbox 1977 608 3555 675">
     <span class='ocr_line' id='line_1_12' title="bbox 1977 608 3555 675; baseline -0.008 -5"><span class='ocrx_word' id='word_1_66' title='bbox 1977 615 2216 671; x_wconf 89' lang='lat' dir='ltr'><strong>animam</strong></span> <span class='ocrx_word' id='word_1_67' title='bbox 2272 613 2700 667; x_wconf 84' lang='lat' dir='ltr'><strong>atlirmaverunt.</strong></span> <span class='ocrx_word' id='word_1_68' title='bbox 2758 628 2777 661; x_wconf 72' lang='grc' dir='ltr'><strong>ι</strong></span> <span class='ocrx_word' id='word_1_69' title='bbox 2827 608 2963 665; x_wconf 84' lang='lat' dir='ltr'><strong>Esca</strong></span> <span class='ocrx_word' id='word_1_70' title='bbox 3022 621 3154 663; x_wconf 88' lang='lat' dir='ltr'><strong>vero</strong></span> <span class='ocrx_word' id='word_1_71' title='bbox 3211 619 3555 675; x_wconf 75' lang='lat' dir='ltr'><strong>nequaquam</strong></span> 
     </span>
    </p>
   </div>
   <div class='ocr_carea' id='block_1_13' title="bbox 1976 699 3557 775">
    <p class='ocr_par' dir='ltr' id='par_1_13' title="bbox 1976 699 3557 775">
     <span class='ocr_line' id='line_1_13' title="bbox 1976 699 3557 775; baseline -0.006 -14"><span class='ocrx_word' id='word_1_72' title='bbox 1976 707 2074 762; x_wconf 91' lang='lat' dir='ltr'><strong>tibi</strong></span> <span class='ocrx_word' id='word_1_73' title='bbox 2119 725 2138 759; x_wconf 73' lang='grc' dir='ltr'><strong>ι</strong></span> <span class='ocrx_word' id='word_1_74' title='bbox 2170 712 2226 761; x_wconf 86' lang='lat' dir='ltr'><strong>et</strong></span> <span class='ocrx_word' id='word_1_75' title='bbox 2257 720 2375 775; x_wconf 88' lang='lat' dir='ltr'><strong>seq.</strong></span> <span class='ocrx_word' id='word_1_76' title='bbox 2398 733 2471 744; x_wconf 91' lang='lat'>—</span> <span class='ocrx_word' id='word_1_77' title='bbox 2504 703 2563 758; x_wconf 87' lang='lat' dir='ltr'><strong>Si</strong></span> <span class='ocrx_word' id='word_1_78' title='bbox 2588 702 2789 773; x_wconf 86' lang='lat' dir='ltr'><strong>quibus</strong></span> <span class='ocrx_word' id='word_1_79' title='bbox 2818 700 3202 756; x_wconf 78' lang='lat' dir='ltr'><strong>deﬁcientibus</strong></span> <span class='ocrx_word' id='word_1_80' title='bbox 3236 699 3397 753; x_wconf 87' lang='lat' dir='ltr'><strong>homo</strong></span> <span class='ocrx_word' id='word_1_81' title='bbox 3457 712 3557 751; x_wconf 75' lang='lat' dir='ltr'><strong>ex—</strong></span> 
     </span>
    </p>
   </div>
   <div class='ocr_carea' id='block_1_14' title="bbox 1975 788 3556 869">
    <p class='ocr_par' dir='ltr' id='par_1_14' title="bbox 1975 788 3556 869">
     <span class='ocr_line' id='line_1_14' title="bbox 1975 788 3556 869; baseline -0.008 -16"><span class='ocrx_word' id='word_1_82' title='bbox 1975 798 2171 869; x_wconf 93' lang='lat' dir='ltr'><strong>spirat,</strong></span> <span class='ocrx_word' id='word_1_83' title='bbox 2204 798 2310 852; x_wconf 81' lang='lat' dir='ltr'><strong>ista</strong></span> <span class='ocrx_word' id='word_1_84' title='bbox 2343 803 2472 852; x_wconf 92' lang='lat' dir='ltr'><strong>sunt</strong></span> <span class='ocrx_word' id='word_1_85' title='bbox 2508 795 2615 865; x_wconf 86' lang='lat' dir='ltr'><strong>ipsi</strong></span> <span class='ocrx_word' id='word_1_86' title='bbox 2655 792 2858 856; x_wconf 89' lang='lat' dir='ltr'><strong>anima,</strong></span> <span class='ocrx_word' id='word_1_87' title='bbox 2894 791 3030 845; x_wconf 86' lang='lat' dir='ltr'><strong>hora</strong></span> <span class='ocrx_word' id='word_1_88' title='bbox 3061 791 3157 845; x_wconf 82' lang='lat' dir='ltr'><strong>tibi</strong></span> <span class='ocrx_word' id='word_1_89' title='bbox 3179 788 3556 860; x_wconf 85' lang='lat' dir='ltr'><strong>quotidianum</strong></span> 
     </span>
    </p>
   </div>
   <div class='ocr_carea' id='block_1_15' title="bbox 1324 877 3556 958">
    <p class='ocr_par' dir='ltr' id='par_1_15' title="bbox 1324 877 3556 958">
     <span class='ocr_line' id='line_1_15' title="bbox 1324 877 3556 958; baseline -0.007 -11"><span class='ocrx_word' id='word_1_90' title='bbox 1324 892 1576 948; x_wconf 81' lang='lat' dir='ltr'><strong>mortalis</strong></span> <span class='ocrx_word' id='word_1_91' title='bbox 1618 891 1767 947; x_wconf 89' lang='lat' dir='ltr'><strong>enim</strong></span> <span class='ocrx_word' id='word_1_92' title='bbox 1808 902 1937 943; x_wconf 90' lang='lat' dir='ltr'><strong>cum</strong></span> <span class='ocrx_word' id='word_1_93' title='bbox 1982 888 2082 953; x_wconf 86' lang='lat' dir='ltr'><strong>sis,</strong></span> <span class='ocrx_word' id='word_1_94' title='bbox 2113 886 2322 958; x_wconf 80' lang='lat' dir='ltr'><strong>absque</strong></span> <span class='ocrx_word' id='word_1_95' title='bbox 2352 887 2627 941; x_wconf 79' lang='lat' dir='ltr'><strong>alimento</strong></span> <span class='ocrx_word' id='word_1_96' title='bbox 2650 882 2988 956; x_wconf 76' lang='lat' dir='ltr'><strong>impossibile</strong></span> <span class='ocrx_word' id='word_1_97' title='bbox 3025 881 3249 937; x_wconf 86' lang='lat' dir='ltr'><strong>omnino</strong></span> <span class='ocrx_word' id='word_1_98' title='bbox 3279 878 3378 933; x_wconf 89' lang='lat' dir='ltr'><strong>tibi</strong></span> <span class='ocrx_word' id='word_1_99' title='bbox 3407 877 3556 933; x_wconf 52' lang='lat' dir='ltr'><strong>vive;</strong></span> 
     </span>
    </p>
   </div>
   <div class='ocr_carea' id='block_1_16' title="bbox 292 980 2340 1053">
    <p class='ocr_par' dir='ltr' id='par_1_16' title="bbox 292 980 2340 1053">
     <span class='ocr_line' id='line_1_16' title="bbox 292 980 2340 1053; baseline 0 -18"><span class='ocrx_word' id='word_1_100' title='bbox 292 992 383 1035; x_wconf 81' lang='lat' dir='ltr'><strong>re:</strong></span> <span class='ocrx_word' id='word_1_101' title='bbox 414 993 540 1034; x_wconf 86' lang='lat' dir='ltr'><strong>nam</strong></span> <span class='ocrx_word' id='word_1_102' title='bbox 559 980 711 1036; x_wconf 88' lang='lat' dir='ltr'><strong>omni</strong></span> <span class='ocrx_word' id='word_1_103' title='bbox 739 980 963 1038; x_wconf 84' lang='lat' dir='ltr'><strong>animali</strong></span> <span class='ocrx_word' id='word_1_104' title='bbox 1004 984 1389 1040; x_wconf 80' lang='lat' dir='ltr'><strong>conservatrix</strong></span> <span class='ocrx_word' id='word_1_105' title='bbox 1420 992 1506 1041; x_wconf 88' lang='lat' dir='ltr'><strong>est</strong></span> <span class='ocrx_word' id='word_1_106' title='bbox 1533 993 1711 1039; x_wconf 79' lang='lat' dir='ltr'><strong>virtus</strong></span> <span class='ocrx_word' id='word_1_107' title='bbox 1742 980 2098 1053; x_wconf 77' lang='lat' dir='ltr'><strong>quotidianus</strong></span> <span class='ocrx_word' id='word_1_108' title='bbox 2135 980 2340 1037; x_wconf 84' lang='lat' dir='ltr'><strong>victus.</strong></span> 
     </span>
    </p>
   </div>
   <div class='ocr_carea' id='block_1_17' title="bbox 293 1084 1383 1161">
    <p class='ocr_par' dir='ltr' id='par_1_17' title="bbox 293 1084 1383 1161">
     <span class='ocr_line' id='line_1_17' title="bbox 293 1084 1383 1161; baseline 0.005 -20"><span class='ocrx_word' id='word_1_109' title='bbox 293 1088 366 1141; x_wconf 72' lang='lat'><strong>23</strong></span> <span class='ocrx_word' id='word_1_110' title='bbox 404 1084 547 1143; x_wconf 75' lang='grc' dir='ltr'><strong>Οἶδα</strong></span> <span class='ocrx_word' id='word_1_111' title='bbox 569 1088 639 1142; x_wconf 82' lang='grc' dir='ltr'><strong>δὲ</strong></span> <span class='ocrx_word' id='word_1_112' title='bbox 667 1089 764 1144; x_wconf 80' lang='grc' dir='ltr'><strong>καὶ</strong></span> <span class='ocrx_word' id='word_1_113' title='bbox 796 1093 986 1161; x_wconf 70' lang='grc' dir='ltr'><strong>λόγον</strong></span> <span class='ocrx_word' id='word_1_114' title='bbox 1016 1091 1237 1157; x_wconf 73' lang='grc' dir='ltr'><strong>ἄλλον,</strong></span> <span class='ocrx_word' id='word_1_115' title='bbox 1264 1092 1383 1147; x_wconf 85' lang='grc' dir='ltr'><strong>κτλ.</strong></span> 
     </span>
    </p>
   </div>
   <div class='ocr_carea' id='block_1_18' title="bbox 366 1194 1873 1275">
    <p class='ocr_par' dir='ltr' id='par_1_18' title="bbox 366 1194 1873 1275">
     <span class='ocr_line' id='line_1_18' title="bbox 366 1194 1873 1275; baseline 0.001 -23"><span class='ocrx_word' id='word_1_116' title='bbox 366 1194 517 1266; x_wconf 75' lang='grc' dir='ltr'><strong>Οἶδα,</strong></span> <span class='ocrx_word' id='word_1_117' title='bbox 560 1201 712 1270; x_wconf 69' lang='grc' dir='ltr'><strong>φησὶ,</strong></span> <span class='ocrx_word' id='word_1_118' title='bbox 760 1202 859 1255; x_wconf 85' lang='lat' dir='ltr'><strong>xui</strong></span> <span class='ocrx_word' id='word_1_119' title='bbox 898 1203 1087 1275; x_wconf 76' lang='grc' dir='ltr'><strong>ἕτερον</strong></span> <span class='ocrx_word' id='word_1_120' title='bbox 1120 1202 1296 1274; x_wconf 87' lang='grc' dir='ltr'><strong>δόγμα</strong></span> <span class='ocrx_word' id='word_1_121' title='bbox 1324 1202 1573 1269; x_wconf 81' lang='grc' dir='ltr'><strong>παλαιὸν,</strong></span> <span class='ocrx_word' id='word_1_122' title='bbox 1620 1202 1715 1256; x_wconf 85' lang='lat' dir='ltr'><strong>xui</strong></span> <span class='ocrx_word' id='word_1_123' title='bbox 1759 1203 1873 1266; x_wconf 83' lang='grc' dir='ltr'><strong>τοῖς</strong></span> 
     </span>
    </p>
   </div>
   <div class='ocr_carea' id='block_1_19' title="bbox 297 1292 1871 1368">
    <p class='ocr_par' dir='ltr' id='par_1_19' title="bbox 297 1292 1871 1368">
     <span class='ocr_line' id='line_1_19' title="bbox 297 1292 1871 1368; baseline 0 -23"><span class='ocrx_word' id='word_1_124' title='bbox 297 1292 462 1347; x_wconf 82' lang='grc' dir='ltr'><strong>πάλαι</strong></span> <span class='ocrx_word' id='word_1_125' title='bbox 489 1293 630 1364; x_wconf 85' lang='grc' dir='ltr'><strong>μέγα</strong></span> <span class='ocrx_word' id='word_1_126' title='bbox 657 1293 943 1366; x_wconf 78' lang='grc' dir='ltr'><strong>φρονοῦσιν</strong></span> <span class='ocrx_word' id='word_1_127' title='bbox 967 1295 1062 1348; x_wconf 72' lang='grc' dir='ltr'><strong>ἐπὶ</strong></span> <span class='ocrx_word' id='word_1_128' title='bbox 1092 1294 1252 1367; x_wconf 78' lang='grc' dir='ltr'><strong>σοφία</strong></span> <span class='ocrx_word' id='word_1_129' title='bbox 1278 1295 1709 1368; x_wconf 75' lang='grc' dir='ltr'><strong>ληρῳδούμενονο</strong></span> <span class='ocrx_word' id='word_1_130' title='bbox 1735 1294 1871 1366; x_wconf 83' lang='grc' dir='ltr'><strong>ὅπερ</strong></span> 
     </span>
    </p>
   </div>
   <div class='ocr_carea' id='block_1_20' title="bbox 296 1375 1867 1458">
    <p class='ocr_par' dir='ltr' id='par_1_20' title="bbox 296 1375 1867 1458">
     <span class='ocr_line' id='line_1_20' title="bbox 296 1375 1867 1458; baseline 0.002 -22"><span class='ocrx_word' id='word_1_131' title='bbox 296 1385 396 1438; x_wconf 76' lang='grc' dir='ltr'><strong>οῦκ</strong></span> <span class='ocrx_word' id='word_1_132' title='bbox 420 1383 485 1438; x_wconf 84' lang='grc' dir='ltr'><strong>ἂν</strong></span> <span class='ocrx_word' id='word_1_133' title='bbox 506 1385 986 1457; x_wconf 80' lang='grc' dir='ltr'><strong>καταδιδαξαίμην,</strong></span> <span class='ocrx_word' id='word_1_134' title='bbox 1012 1375 1217 1440; x_wconf 77' lang='grc' dir='ltr'><strong>είκαϊον</strong></span> <span class='ocrx_word' id='word_1_135' title='bbox 1242 1386 1324 1458; x_wconf 79' lang='grc'>(6)</span> <span class='ocrx_word' id='word_1_136' title='bbox 1342 1386 1435 1440; x_wconf 83' lang='lat' dir='ltr'><strong>xui</strong></span> <span class='ocrx_word' id='word_1_137' title='bbox 1457 1386 1767 1457; x_wconf 70' lang='grc' dir='ltr'><strong>ὑπόψυχρον</strong></span> <span class='ocrx_word' id='word_1_138' title='bbox 1788 1387 1867 1439; x_wconf 71' lang='grc' dir='ltr'><strong>δν.</strong></span> 
     </span>
    </p>
   </div>
   <div class='ocr_carea' id='block_1_21' title="bbox 297 1465 1872 1551">
    <p class='ocr_par' dir='ltr' id='par_1_21' title="bbox 297 1465 1872 1551">
     <span class='ocr_line' id='line_1_21' title="bbox 297 1465 1872 1551; baseline 0.003 -24"><span class='ocrx_word' id='word_1_139' title='bbox 297 1475 436 1528; x_wconf 73' lang='grc' dir='ltr'><strong>Φασὶ</strong></span> <span class='ocrx_word' id='word_1_140' title='bbox 481 1475 589 1547; x_wconf 81' lang='grc' dir='ltr'><strong>γὰρ</strong></span> <span class='ocrx_word' id='word_1_141' title='bbox 633 1465 1007 1547; x_wconf 78' lang='grc' dir='ltr'><strong>προῡπάρχειν</strong></span> <span class='ocrx_word' id='word_1_142' title='bbox 1042 1476 1269 1531; x_wconf 76' lang='grc' dir='ltr'><strong>καθόλου</strong></span> <span class='ocrx_word' id='word_1_143' title='bbox 1310 1478 1416 1532; x_wconf 89' lang='grc' dir='ltr'><strong>τῶν</strong></span> <span class='ocrx_word' id='word_1_144' title='bbox 1446 1479 1747 1551; x_wconf 84' lang='grc' dir='ltr'><strong>ἀνθρώπων</strong></span> <span class='ocrx_word' id='word_1_145' title='bbox 1774 1480 1872 1550; x_wconf 75' lang='grc' dir='ltr'><strong>τὴν</strong></span> 
     </span>
    </p>
   </div>
   <div class='ocr_carea' id='block_1_22' title="bbox 298 1563 1876 1641">
    <p class='ocr_par' dir='ltr' id='par_1_22' title="bbox 298 1563 1876 1641">
     <span class='ocr_line' id='line_1_22' title="bbox 298 1563 1876 1641; baseline 0.004 -22"><span class='ocrx_word' id='word_1_146' title='bbox 298 1566 496 1637; x_wconf 61' lang='grc' dir='ltr'><strong>ψυχὴν,</strong></span> <span class='ocrx_word' id='word_1_147' title='bbox 521 1568 614 1620; x_wconf 82' lang='lat' dir='ltr'><strong>xui</strong></span> <span class='ocrx_word' id='word_1_148' title='bbox 637 1567 841 1640; x_wconf 78' lang='grc' dir='ltr'><strong>ταύτην</strong></span> <span class='ocrx_word' id='word_1_149' title='bbox 864 1567 1048 1639; x_wconf 78' lang='grc' dir='ltr'><strong>κοινὴν</strong></span> <span class='ocrx_word' id='word_1_150' title='bbox 1074 1563 1233 1635; x_wconf 75' lang='grc' dir='ltr'><strong>εἶναι,</strong></span> <span class='ocrx_word' id='word_1_151' title='bbox 1255 1570 1397 1623; x_wconf 71' lang='grc' dir='ltr'><strong>καθὰ</strong></span> <span class='ocrx_word' id='word_1_152' title='bbox 1420 1569 1527 1624; x_wconf 87' lang='grc' dir='ltr'><strong>τῶν</strong></span> <span class='ocrx_word' id='word_1_153' title='bbox 1550 1569 1876 1641; x_wconf 82' lang='grc' dir='ltr'><strong>σωματικῶν</strong></span> 
     </span>
    </p>
   </div>
   <div class='ocr_carea' id='block_1_23' title="bbox 302 1655 1877 1729">
    <p class='ocr_par' dir='ltr' id='par_1_23' title="bbox 302 1655 1877 1729">
     <span class='ocr_line' id='line_1_23' title="bbox 302 1655 1877 1729; baseline 0.006 -24"><span class='ocrx_word' id='word_1_154' title='bbox 302 1655 582 1727; x_wconf 71' lang='grc' dir='ltr'><strong>στοιχείων</strong></span> <span class='ocrx_word' id='word_1_155' title='bbox 606 1655 835 1710; x_wconf 78' lang='grc' dir='ltr'><strong>ἕκαστον</strong></span> <span class='ocrx_word' id='word_1_156' title='bbox 861 1657 1029 1711; x_wconf 76' lang='grc' dir='ltr'><strong>πᾶσιν</strong></span> <span class='ocrx_word' id='word_1_157' title='bbox 1057 1657 1153 1711; x_wconf 89' lang='grc' dir='ltr'><strong>ἀνθ</strong></span> <span class='ocrx_word' id='word_1_158' title='bbox 1164 1657 1363 1727; x_wconf 79' lang='grc' dir='ltr'><strong>ρὼπδις</strong></span> <span class='ocrx_word' id='word_1_159' title='bbox 1384 1658 1525 1712; x_wconf 85' lang='grc' dir='ltr'><strong>κατὰ</strong></span> <span class='ocrx_word' id='word_1_160' title='bbox 1545 1658 1644 1729; x_wconf 80' lang='grc' dir='ltr'><strong>τὴν</strong></span> <span class='ocrx_word' id='word_1_161' title='bbox 1664 1659 1877 1728; x_wconf 85' lang='grc' dir='ltr'><strong>γένεσιν</strong></span> 
     </span>
    </p>
   </div>
   <div class='ocr_carea' id='block_1_24' title="bbox 301 1744 1879 1821">
    <p class='ocr_par' dir='ltr' id='par_1_24' title="bbox 301 1744 1879 1821">
     <span class='ocr_line' id='line_1_24' title="bbox 301 1744 1879 1821; baseline 0.006 -25"><span class='ocrx_word' id='word_1_162' title='bbox 301 1744 785 1816; x_wconf 77' lang='grc' dir='ltr'><strong>ὲπιμεριζομένην,</strong></span> <span class='ocrx_word' id='word_1_163' title='bbox 818 1745 884 1799; x_wconf 92' lang='grc' dir='ltr'><strong>δι’</strong></span> <span class='ocrx_word' id='word_1_164' title='bbox 913 1746 1034 1800; x_wconf 76' lang='grc' dir='ltr'><strong>ὅλου</strong></span> <span class='ocrx_word' id='word_1_165' title='bbox 1067 1746 1124 1800; x_wconf 72' lang='grc' dir='ltr'><strong>δὲ</strong></span> <span class='ocrx_word' id='word_1_166' title='bbox 1152 1748 1246 1801; x_wconf 79' lang='grc' dir='ltr'><strong>τοῦ</strong></span> <span class='ocrx_word' id='word_1_167' title='bbox 1277 1748 1416 1820; x_wconf 83' lang='grc' dir='ltr'><strong>ὑπ’ὲρ</strong></span> <span class='ocrx_word' id='word_1_168' title='bbox 1446 1748 1688 1820; x_wconf 71' lang='grc' dir='ltr'><strong>κεφαλῆς</strong></span> <span class='ocrx_word' id='word_1_169' title='bbox 1717 1750 1879 1821; x_wconf 82' lang='grc' dir='ltr'><strong>ἀέρος</strong></span> 
     </span>
    </p>
   </div>
   <div class='ocr_carea' id='block_1_25' title="bbox 308 1834 1878 1912">
    <p class='ocr_par' dir='ltr' id='par_1_25' title="bbox 308 1834 1878 1912">
     <span class='ocr_line' id='line_1_25' title="bbox 308 1834 1878 1912; baseline 0.005 -25"><span class='ocrx_word' id='word_1_170' title='bbox 308 1834 665 1908; x_wconf 79' lang='grc' dir='ltr'><strong>πλανωμένην</strong></span> <span class='ocrx_word' id='word_1_171' title='bbox 709 1837 805 1891; x_wconf 83' lang='lat' dir='ltr'><strong>xui</strong></span> <span class='ocrx_word' id='word_1_172' title='bbox 839 1838 939 1907; x_wconf 79' lang='grc' dir='ltr'><strong>τῆς</strong></span> <span class='ocrx_word' id='word_1_173' title='bbox 968 1838 1107 1909; x_wconf 78' lang='grc' dir='ltr'><strong>πρὸς</strong></span> <span class='ocrx_word' id='word_1_174' title='bbox 1134 1838 1204 1892; x_wconf 85' lang='grc' dir='ltr'><strong>τὰ</strong></span> <span class='ocrx_word' id='word_1_175' title='bbox 1244 1837 1471 1911; x_wconf 83' lang='grc' dir='ltr'><strong>σώματα</strong></span> <span class='ocrx_word' id='word_1_176' title='bbox 1509 1840 1704 1906; x_wconf 82' lang='grc' dir='ltr'><strong>δέσεως</strong></span> <span class='ocrx_word' id='word_1_177' title='bbox 1731 1843 1878 1912; x_wconf 80' lang='grc' dir='ltr'><strong>ἐφιε-</strong></span> 
     </span>
    </p>
   </div>
   <div class='ocr_carea' id='block_1_26' title="bbox 305 1926 1879 2005">
    <p class='ocr_par' dir='ltr' id='par_1_26' title="bbox 305 1926 1879 2005">
     <span class='ocr_line' id='line_1_26' title="bbox 305 1926 1879 2005; baseline 0.006 -27"><span class='ocrx_word' id='word_1_178' title='bbox 305 1926 492 1997; x_wconf 82' lang='grc' dir='ltr'><strong>μένην.</strong></span> <span class='ocrx_word' id='word_1_179' title='bbox 533 1927 597 1980; x_wconf 88' lang='lat' dir='ltr'><strong>Ei</strong></span> <span class='ocrx_word' id='word_1_180' title='bbox 626 1927 683 1981; x_wconf 85' lang='grc' dir='ltr'><strong>δὲ</strong></span> <span class='ocrx_word' id='word_1_181' title='bbox 708 1927 865 1982; x_wconf 80' lang='grc' dir='ltr'><strong>τοῦτο</strong></span> <span class='ocrx_word' id='word_1_182' title='bbox 895 1927 1098 1999; x_wconf 84' lang='grc' dir='ltr'><strong>δοθείη.</strong></span> <span class='ocrx_word' id='word_1_183' title='bbox 1124 1930 1305 1984; x_wconf 81' lang='grc' dir='ltr'><strong>πᾶσαν</strong></span> <span class='ocrx_word' id='word_1_184' title='bbox 1337 1926 1477 1986; x_wconf 81' lang='grc' dir='ltr'><strong>εἶναι</strong></span> <span class='ocrx_word' id='word_1_185' title='bbox 1506 1932 1685 2004; x_wconf 77' lang='grc' dir='ltr'><strong>ψυχὴν</strong></span> <span class='ocrx_word' id='word_1_186' title='bbox 1704 1934 1879 2005; x_wconf 86' lang='grc' dir='ltr'><strong>ὁμοιό-</strong></span> 
     </span>
    </p>
   </div>
   <div class='ocr_carea' id='block_1_27' title="bbox 301 2016 1879 2095">
    <p class='ocr_par' dir='ltr' id='par_1_27' title="bbox 301 2016 1879 2095">
     <span class='ocr_line' id='line_1_27' title="bbox 301 2016 1879 2095; baseline 0.007 -27"><span class='ocrx_word' id='word_1_187' title='bbox 301 2032 513 2086; x_wconf 80' lang='grc' dir='ltr'><strong>τροπον,</strong></span> <span class='ocrx_word' id='word_1_188' title='bbox 545 2016 620 2080; x_wconf 82' lang='grc' dir='ltr'><strong>ὡς</strong></span> <span class='ocrx_word' id='word_1_189' title='bbox 650 2017 726 2089; x_wconf 81' lang='grc' dir='ltr'><strong>μὴ</strong></span> <span class='ocrx_word' id='word_1_190' title='bbox 746 2017 844 2089; x_wconf 82' lang='grc' dir='ltr'><strong>τὴν</strong></span> <span class='ocrx_word' id='word_1_191' title='bbox 872 2019 972 2090; x_wconf 82' lang='grc' dir='ltr'><strong>μὲν</strong></span> <span class='ocrx_word' id='word_1_192' title='bbox 1000 2017 1216 2088; x_wconf 84' lang='grc' dir='ltr'><strong>βελτίω,</strong></span> <span class='ocrx_word' id='word_1_193' title='bbox 1239 2020 1338 2092; x_wconf 81' lang='grc' dir='ltr'><strong>τὴν</strong></span> <span class='ocrx_word' id='word_1_194' title='bbox 1363 2021 1421 2074; x_wconf 76' lang='grc' dir='ltr'><strong>δὲ</strong></span> <span class='ocrx_word' id='word_1_195' title='bbox 1447 2022 1636 2094; x_wconf 85' lang='grc' dir='ltr'><strong>χείρω,</strong></span> <span class='ocrx_word' id='word_1_196' title='bbox 1664 2023 1758 2078; x_wconf 89' lang='lat' dir='ltr'><strong>xui</strong></span> <span class='ocrx_word' id='word_1_197' title='bbox 1778 2023 1879 2095; x_wconf 76' lang='grc' dir='ltr'><strong>τὴν</strong></span> 
     </span>
    </p>
   </div>
   <div class='ocr_carea' id='block_1_28' title="bbox 305 2107 1880 2187">
    <p class='ocr_par' dir='ltr' id='par_1_28' title="bbox 305 2107 1880 2187">
     <span class='ocr_line' id='line_1_28' title="bbox 305 2107 1880 2187; baseline 0.006 -26"><span class='ocrx_word' id='word_1_198' title='bbox 305 2107 404 2178; x_wconf 80' lang='grc' dir='ltr'><strong>μὲν</strong></span> <span class='ocrx_word' id='word_1_199' title='bbox 441 2108 654 2163; x_wconf 79' lang='grc' dir='ltr'><strong>εὐθεῖαν</strong></span> <span class='ocrx_word' id='word_1_200' title='bbox 693 2111 1178 2182; x_wconf 83' lang='grc' dir='ltr'><strong>ἀνωμολογῆσθαι,</strong></span> <span class='ocrx_word' id='word_1_201' title='bbox 1218 2113 1318 2186; x_wconf 79' lang='grc' dir='ltr'><strong>τὴν</strong></span> <span class='ocrx_word' id='word_1_202' title='bbox 1354 2114 1412 2168; x_wconf 87' lang='grc' dir='ltr'><strong>δὲ</strong></span> <span class='ocrx_word' id='word_1_203' title='bbox 1448 2113 1746 2187; x_wconf 82' lang='grc' dir='ltr'><strong>δύστροπον</strong></span> <span class='ocrx_word' id='word_1_204' title='bbox 1784 2116 1880 2170; x_wconf 86' lang='lat' dir='ltr'><strong>xui</strong></span> 
     </span>
    </p>
   </div>
   <div class='ocr_carea' id='block_1_29' title="bbox 302 2200 1879 2277">
    <p class='ocr_par' dir='ltr' id='par_1_29' title="bbox 302 2200 1879 2277">
     <span class='ocr_line' id='line_1_29' title="bbox 302 2200 1879 2277; baseline 0.004 -23"><span class='ocrx_word' id='word_1_205' title='bbox 302 2200 540 2265; x_wconf 63' lang='grc' dir='ltr'><strong>σκολιὰν,</strong></span> <span class='ocrx_word' id='word_1_206' title='bbox 558 2202 631 2266; x_wconf 83' lang='grc' dir='ltr'><strong>ὡς</strong></span> <span class='ocrx_word' id='word_1_207' title='bbox 647 2203 808 2275; x_wconf 82' lang='grc' dir='ltr'><strong>ἀέρος</strong></span> <span class='ocrx_word' id='word_1_208' title='bbox 827 2204 883 2256; x_wconf 78' lang='grc' dir='ltr'><strong>δὲ</strong></span> <span class='ocrx_word' id='word_1_209' title='bbox 906 2205 1068 2274; x_wconf 78' lang='grc' dir='ltr'><strong>φύσιν</strong></span> <span class='ocrx_word' id='word_1_210' title='bbox 1089 2207 1446 2277; x_wconf 86' lang='grc' dir='ltr'><strong>εἰσπνευστήν</strong></span> <span class='ocrx_word' id='word_1_211' title='bbox 1462 2222 1520 2260; x_wconf 89' lang='grc' dir='ltr'><strong>τε</strong></span> <span class='ocrx_word' id='word_1_212' title='bbox 1535 2207 1631 2260; x_wconf 78' lang='lat' dir='ltr'><strong>xui</strong></span> <span class='ocrx_word' id='word_1_213' title='bbox 1650 2208 1879 2261; x_wconf 78' lang='grc' dir='ltr'><strong>ἐκπνευ-</strong></span> 
     </span>
    </p>
   </div>
   <div class='ocr_carea' id='block_1_30' title="bbox 303 2292 1879 2370">
    <p class='ocr_par' dir='ltr' id='par_1_30' title="bbox 303 2292 1879 2370">
     <span class='ocr_line' id='line_1_30' title="bbox 303 2292 1879 2370; baseline 0.006 -25"><span class='ocrx_word' id='word_1_214' title='bbox 303 2293 433 2365; x_wconf 74' lang='grc' dir='ltr'><strong>στὴν</strong></span> <span class='ocrx_word' id='word_1_215' title='bbox 460 2294 595 2347; x_wconf 79' lang='grc' dir='ltr'><strong>πᾶσι</strong></span> <span class='ocrx_word' id='word_1_216' title='bbox 626 2294 836 2366; x_wconf 84' lang='grc' dir='ltr'><strong>βροτοῖς</strong></span> <span class='ocrx_word' id='word_1_217' title='bbox 866 2297 1198 2352; x_wconf 75' lang='grc' dir='ltr'><strong>καθεστάναι</strong></span> <span class='ocrx_word' id='word_1_218' title='bbox 1226 2298 1327 2370; x_wconf 68' lang='grc' dir='ltr'><strong>τὴν</strong></span> <span class='ocrx_word' id='word_1_219' title='bbox 1358 2292 1547 2370; x_wconf 66' lang='grc' dir='ltr'><strong>αὐτὴν,</strong></span> <span class='ocrx_word' id='word_1_220' title='bbox 1582 2300 1780 2365; x_wconf 83' lang='grc' dir='ltr'><strong>πάντες</strong></span> <span class='ocrx_word' id='word_1_221' title='bbox 1821 2300 1879 2354; x_wconf 80' lang='grc' dir='ltr'><strong>δὲ</strong></span> 
     </span>
    </p>
   </div>
   <div class='ocr_carea' id='block_1_31' title="bbox 301 2386 1880 2464">
    <p class='ocr_par' dir='ltr' id='par_1_31' title="bbox 301 2386 1880 2464">
     <span class='ocr_line' id='line_1_31' title="bbox 301 2386 1880 2464; baseline 0.005 -26"><span class='ocrx_word' id='word_1_222' title='bbox 301 2386 512 2439; x_wconf 74' lang='grc' dir='ltr'><strong>ἔσονται</strong></span> <span class='ocrx_word' id='word_1_223' title='bbox 533 2387 686 2453; x_wconf 75' lang='grc' dir='ltr'><strong>πᾶσι,</strong></span> <span class='ocrx_word' id='word_1_224' title='bbox 711 2389 808 2442; x_wconf 80' lang='lat' dir='ltr'><strong>xui</strong></span> <span class='ocrx_word' id='word_1_225' title='bbox 832 2387 913 2442; x_wconf 77' lang='grc' dir='ltr'><strong>ἔτι</strong></span> <span class='ocrx_word' id='word_1_226' title='bbox 944 2389 1144 2455; x_wconf 80' lang='grc' dir='ltr'><strong>ζῶντες</strong></span> <span class='ocrx_word' id='word_1_227' title='bbox 1171 2392 1229 2445; x_wconf 84' lang='grc' dir='ltr'><strong>ὲν</strong></span> <span class='ocrx_word' id='word_1_228' title='bbox 1252 2390 1487 2462; x_wconf 83' lang='grc' dir='ltr'><strong>σώματι,</strong></span> <span class='ocrx_word' id='word_1_229' title='bbox 1512 2392 1605 2447; x_wconf 81' lang='grc' dir='ltr'><strong>καί</strong></span> <span class='ocrx_word' id='word_1_230' title='bbox 1626 2408 1689 2461; x_wconf 90' lang='grc' dir='ltr'><strong>γε</strong></span> <span class='ocrx_word' id='word_1_231' title='bbox 1713 2410 1880 2464; x_wconf 81' lang='grc' dir='ltr'><strong>μετα-</strong></span> 
     </span>
    </p>
   </div>
   <div class='ocr_carea' id='block_1_32' title="bbox 301 2478 1879 2549">
    <p class='ocr_par' dir='ltr' id='par_1_32' title="bbox 301 2478 1879 2549">
     <span class='ocr_line' id='line_1_32' title="bbox 301 2478 1879 2549; baseline 0.003 -18"><span class='ocrx_word' id='word_1_232' title='bbox 301 2478 572 2543; x_wconf 84' lang='grc' dir='ltr'><strong>πνέοντες,</strong></span> <span class='ocrx_word' id='word_1_233' title='bbox 602 2479 779 2533; x_wconf 83' lang='grc' dir='ltr'><strong>εῐτουν</strong></span> <span class='ocrx_word' id='word_1_234' title='bbox 806 2481 1183 2545; x_wconf 76' lang='grc' dir='ltr'><strong>ἀποδιοῦντες,</strong></span> <span class='ocrx_word' id='word_1_235' title='bbox 1206 2481 1408 2549; x_wconf 82' lang='grc' dir='ltr'><strong>πάντες</strong></span> <span class='ocrx_word' id='word_1_236' title='bbox 1430 2484 1489 2535; x_wconf 82' lang='grc' dir='ltr'><strong>ὲν</strong></span> <span class='ocrx_word' id='word_1_237' title='bbox 1513 2484 1646 2537; x_wconf 79' lang='grc' dir='ltr'><strong>πᾶσι</strong></span> <span class='ocrx_word' id='word_1_238' title='bbox 1668 2483 1879 2538; x_wconf 77' lang='grc' dir='ltr'><strong>κεῖσθαι</strong></span> 
     </span>
    </p>
   </div>
   <div class='ocr_carea' id='block_1_33' title="bbox 298 2569 1879 2643">
    <p class='ocr_par' dir='ltr' id='par_1_33' title="bbox 298 2569 1879 2643">
     <span class='ocr_line' id='line_1_33' title="bbox 298 2569 1879 2643; baseline 0.003 -23"><span class='ocrx_word' id='word_1_239' title='bbox 298 2569 782 2640; x_wconf 80' lang='grc' dir='ltr'><strong>ὕπονοηθήσονται,</strong></span> <span class='ocrx_word' id='word_1_240' title='bbox 812 2569 889 2641; x_wconf 83' lang='grc' dir='ltr'><strong>τῷ</strong></span> <span class='ocrx_word' id='word_1_241' title='bbox 923 2570 1050 2642; x_wconf 87' lang='grc' dir='ltr'><strong>μίαν</strong></span> <span class='ocrx_word' id='word_1_242' title='bbox 1078 2570 1283 2624; x_wconf 73' lang='grc' dir='ltr'><strong>οἴεσθαι</strong></span> <span class='ocrx_word' id='word_1_243' title='bbox 1311 2570 1419 2624; x_wconf 88' lang='grc' dir='ltr'><strong>τῶν</strong></span> <span class='ocrx_word' id='word_1_244' title='bbox 1442 2571 1578 2625; x_wconf 82' lang='grc' dir='ltr'><strong>ὅλων</strong></span> <span class='ocrx_word' id='word_1_245' title='bbox 1611 2572 1879 2643; x_wconf 75' lang='grc' dir='ltr'><strong>ὑπάρχειν</strong></span> 
     </span>
    </p>
   </div>
   <div class='ocr_carea' id='block_1_34' title="bbox 294 2658 1880 2733">
    <p class='ocr_par' dir='ltr' id='par_1_34' title="bbox 294 2658 1880 2733">
     <span class='ocr_line' id='line_1_34' title="bbox 294 2658 1880 2733; baseline 0.003 -23"><span class='ocrx_word' id='word_1_246' title='bbox 294 2658 480 2730; x_wconf 67' lang='grc' dir='ltr'><strong>ψυχήν</strong></span> <span class='ocrx_word' id='word_1_247' title='bbox 496 2676 510 2690; x_wconf 73' lang='grc' dir='ltr'><strong>ο</strong></span> <span class='ocrx_word' id='word_1_248' title='bbox 533 2663 568 2729; x_wconf 82' lang='grc' dir='ltr'>ὴ</span> <span class='ocrx_word' id='word_1_249' title='bbox 589 2661 729 2733; x_wconf 81' lang='grc' dir='ltr'><strong>αὐτὴ</strong></span> <span class='ocrx_word' id='word_1_250' title='bbox 751 2661 827 2726; x_wconf 78' lang='grc' dir='ltr'><strong>δὲ,</strong></span> <span class='ocrx_word' id='word_1_251' title='bbox 854 2661 1010 2733; x_wconf 70' lang='grc' dir='ltr'><strong>φησι,</strong></span> <span class='ocrx_word' id='word_1_252' title='bbox 1035 2661 1130 2714; x_wconf 86' lang='lat' dir='ltr'><strong>xui</strong></span> <span class='ocrx_word' id='word_1_253' title='bbox 1150 2661 1245 2714; x_wconf 80' lang='grc' dir='ltr'><strong>τοῦ</strong></span> <span class='ocrx_word' id='word_1_254' title='bbox 1270 2660 1433 2733; x_wconf 82' lang='grc' dir='ltr'><strong>ἀέρος</strong></span> <span class='ocrx_word' id='word_1_255' title='bbox 1457 2662 1696 2733; x_wconf 80' lang='grc' dir='ltr'><strong>ὑπάρχει</strong></span> <span class='ocrx_word' id='word_1_256' title='bbox 1723 2662 1880 2733; x_wconf 76' lang='grc' dir='ltr'><strong>ῥύσις</strong></span> 
     </span>
    </p>
   </div>
   <div class='ocr_carea' id='block_1_35' title="bbox 295 2749 1880 2822">
    <p class='ocr_par' dir='ltr' id='par_1_35' title="bbox 295 2749 1880 2822">
     <span class='ocr_line' id='line_1_35' title="bbox 295 2749 1880 2822; baseline -0.001 -19"><span class='ocrx_word' id='word_1_257' title='bbox 295 2749 477 2804; x_wconf 79' lang='grc' dir='ltr'><strong>ἄλλοτ’</strong></span> <span class='ocrx_word' id='word_1_258' title='bbox 498 2751 555 2803; x_wconf 75' lang='grc' dir='ltr'><strong>ὲν</strong></span> <span class='ocrx_word' id='word_1_259' title='bbox 575 2751 757 2815; x_wconf 87' lang='grc' dir='ltr'><strong>ἀλλοις</strong></span> <span class='ocrx_word' id='word_1_260' title='bbox 781 2751 1143 2822; x_wconf 84' lang='grc' dir='ltr'><strong>διαχυνομένη</strong></span> <span class='ocrx_word' id='word_1_261' title='bbox 1167 2750 1372 2814; x_wconf 83' lang='grc' dir='ltr'><strong>τόποις.</strong></span> <span class='ocrx_word' id='word_1_262' title='bbox 1408 2751 1472 2803; x_wconf 85' lang='lat' dir='ltr'><strong>Ei</strong></span> <span class='ocrx_word' id='word_1_263' title='bbox 1496 2750 1552 2804; x_wconf 80' lang='grc' dir='ltr'><strong>δὲ</strong></span> <span class='ocrx_word' id='word_1_264' title='bbox 1577 2749 1775 2819; x_wconf 84' lang='grc' dir='ltr'><strong>λέγοις,</strong></span> <span class='ocrx_word' id='word_1_265' title='bbox 1804 2749 1880 2812; x_wconf 80' lang='grc' dir='ltr'><strong>ὡς</strong></span> 
     </span>
    </p>
   </div>
   <div class='ocr_carea' id='block_1_36' title="bbox 295 2840 1880 2914">
    <p class='ocr_par' dir='ltr' id='par_1_36' title="bbox 295 2840 1880 2914">
     <span class='ocr_line' id='line_1_36' title="bbox 295 2840 1880 2914; baseline -0.001 -19"><span class='ocrx_word' id='word_1_266' title='bbox 295 2841 400 2911; x_wconf 71' lang='grc' dir='ltr'><strong>οὐχ</strong></span> <span class='ocrx_word' id='word_1_267' title='bbox 429 2842 597 2906; x_wconf 76' lang='grc' dir='ltr'><strong>οὕτως</strong></span> <span class='ocrx_word' id='word_1_268' title='bbox 629 2844 663 2913; x_wconf 83' lang='grc' dir='ltr'>ὴ</span> <span class='ocrx_word' id='word_1_269' title='bbox 695 2842 840 2914; x_wconf 79' lang='grc' dir='ltr'><strong>ψυχὴ</strong></span> <span class='ocrx_word' id='word_1_270' title='bbox 872 2844 1047 2913; x_wconf 80' lang='grc' dir='ltr'><strong>χεῖται</strong></span> <span class='ocrx_word' id='word_1_271' title='bbox 1073 2843 1262 2913; x_wconf 85' lang='grc' dir='ltr'><strong>ῶσπερ</strong></span> <span class='ocrx_word' id='word_1_272' title='bbox 1292 2843 1321 2895; x_wconf 90' lang='grc' dir='ltr'><strong>ό</strong></span> <span class='ocrx_word' id='word_1_273' title='bbox 1346 2841 1476 2913; x_wconf 83' lang='grc' dir='ltr'><strong>ἀὴρ,</strong></span> <span class='ocrx_word' id='word_1_274' title='bbox 1506 2842 1564 2896; x_wconf 83' lang='grc' dir='ltr'><strong>ὲν</strong></span> <span class='ocrx_word' id='word_1_275' title='bbox 1591 2841 1673 2895; x_wconf 76' lang='grc' dir='ltr'><strong>ἑνὶ</strong></span> <span class='ocrx_word' id='word_1_276' title='bbox 1694 2840 1749 2894; x_wconf 85' lang='grc' dir='ltr'><strong>δὲ</strong></span> <span class='ocrx_word' id='word_1_277' title='bbox 1783 2840 1880 2895; x_wconf 89' lang='lat' dir='ltr'><strong>xui</strong></span> 
     </span>
    </p>
   </div>
   <div class='ocr_carea' id='block_1_37' title="bbox 296 2928 1882 3005">
    <p class='ocr_par' dir='ltr' id='par_1_37' title="bbox 296 2928 1882 3005">
     <span class='ocr_line' id='line_1_37' title="bbox 296 2928 1882 3005; baseline -0.001 -21"><span class='ocrx_word' id='word_1_278' title='bbox 296 2930 382 3002; x_wconf 85' lang='grc' dir='ltr'><strong>τῷ</strong></span> <span class='ocrx_word' id='word_1_279' title='bbox 411 2931 559 3003; x_wconf 78' lang='grc' dir='ltr'><strong>αὐτῷ</strong></span> <span class='ocrx_word' id='word_1_280' title='bbox 588 2932 752 3005; x_wconf 83' lang='grc' dir='ltr'><strong>χώρῳ</strong></span> <span class='ocrx_word' id='word_1_281' title='bbox 790 2932 1055 3003; x_wconf 85' lang='grc' dir='ltr'><strong>διαμένει,</strong></span> <span class='ocrx_word' id='word_1_282' title='bbox 1091 2931 1436 3002; x_wconf 84' lang='grc' dir='ltr'><strong>πυνθάνομαι</strong></span> <span class='ocrx_word' id='word_1_283' title='bbox 1483 2946 1543 2984; x_wconf 86' lang='grc' dir='ltr'><strong>σε</strong></span> <span class='ocrx_word' id='word_1_284' title='bbox 1587 2930 1793 2996; x_wconf 82' lang='grc' dir='ltr'><strong>λοιπὸν,</strong></span> <span class='ocrx_word' id='word_1_285' title='bbox 1828 2928 1882 2982; x_wconf 90' lang='grc' dir='ltr'><strong>τί</strong></span> 
     </span>
    </p>
   </div>
   <div class='ocr_carea' id='block_1_38' title="bbox 300 3020 1882 3096">
    <p class='ocr_par' dir='ltr' id='par_1_38' title="bbox 300 3020 1882 3096">
     <span class='ocr_line' id='line_1_38' title="bbox 300 3020 1882 3096; baseline -0.004 -19"><span class='ocrx_word' id='word_1_286' title='bbox 300 3024 405 3096; x_wconf 78' lang='grc' dir='ltr'><strong>μὲν</strong></span> <span class='ocrx_word' id='word_1_287' title='bbox 428 3025 557 3094; x_wconf 85' lang='grc' dir='ltr'><strong>παρ’</strong></span> <span class='ocrx_word' id='word_1_288' title='bbox 587 3024 755 3095; x_wconf 77' lang='grc' dir='ltr'><strong>ἑαυτῇ</strong></span> <span class='ocrx_word' id='word_1_289' title='bbox 790 3023 1027 3095; x_wconf 83' lang='grc' dir='ltr'><strong>μένουσα</strong></span> <span class='ocrx_word' id='word_1_290' title='bbox 1052 3022 1338 3093; x_wconf 77' lang='grc' dir='ltr'><strong>κατέσχεν,</strong></span> <span class='ocrx_word' id='word_1_291' title='bbox 1367 3021 1422 3074; x_wconf 87' lang='grc' dir='ltr'><strong>τί</strong></span> <span class='ocrx_word' id='word_1_292' title='bbox 1448 3021 1506 3075; x_wconf 80' lang='grc' dir='ltr'><strong>δὲ</strong></span> <span class='ocrx_word' id='word_1_293' title='bbox 1541 3020 1602 3075; x_wconf 84' lang='grc' dir='ltr'><strong>τὸ</strong></span> <span class='ocrx_word' id='word_1_294' title='bbox 1634 3022 1746 3084; x_wconf 86' lang='grc' dir='ltr'><strong>τοῖς</strong></span> <span class='ocrx_word' id='word_1_295' title='bbox 1776 3037 1882 3092; x_wconf 86' lang='grc' dir='ltr'><strong>μη-</strong></span> 
     </span>
    </p>
   </div>
   <div class='ocr_carea' id='block_1_39' title="bbox 296 3112 1878 3186">
    <p class='ocr_par' dir='ltr' id='par_1_39' title="bbox 296 3112 1878 3186">
     <span class='ocr_line' id='line_1_39' title="bbox 296 3112 1878 3186; baseline 0 -17"><span class='ocrx_word' id='word_1_296' title='bbox 296 3113 499 3186; x_wconf 79' lang='grc' dir='ltr'><strong>τρῴοις</strong></span> <span class='ocrx_word' id='word_1_297' title='bbox 530 3113 859 3186; x_wconf 81' lang='grc' dir='ltr'><strong>σπλάγχνοις</strong></span> <span class='ocrx_word' id='word_1_298' title='bbox 891 3115 1327 3185; x_wconf 69' lang='grc' dir='ltr'><strong>ζωογονούμενω</strong></span> <span class='ocrx_word' id='word_1_299' title='bbox 1351 3113 1389 3185; x_wconf 42' lang='grc' dir='ltr'><strong>ἣν</strong></span> <span class='ocrx_word' id='word_1_300' title='bbox 1419 3112 1878 3185; x_wconf 77' lang='grc' dir='ltr'><strong>κυοφορούμενον.</strong></span> 
     </span>
    </p>
   </div>
   <div class='ocr_carea' id='block_1_40' title="bbox 294 3201 1882 3277">
    <p class='ocr_par' dir='ltr' id='par_1_40' title="bbox 294 3201 1882 3277">
     <span class='ocr_line' id='line_1_40' title="bbox 294 3201 1882 3277; baseline -0.002 -17"><span class='ocrx_word' id='word_1_301' title='bbox 294 3208 365 3260; x_wconf 80' lang='lat' dir='ltr'><strong>Ei</strong></span> <span class='ocrx_word' id='word_1_302' title='bbox 402 3205 514 3277; x_wconf 75' lang='grc' dir='ltr'><strong>γὰρ</strong></span> <span class='ocrx_word' id='word_1_303' title='bbox 556 3206 713 3270; x_wconf 79' lang='grc' dir='ltr'><strong>ἐκτός</strong></span> <span class='ocrx_word' id='word_1_304' title='bbox 750 3223 819 3276; x_wconf 89' lang='grc' dir='ltr'><strong>με</strong></span> <span class='ocrx_word' id='word_1_305' title='bbox 860 3201 1026 3260; x_wconf 79' lang='grc' dir='ltr'><strong>οὖσαν</strong></span> <span class='ocrx_word' id='word_1_306' title='bbox 1063 3204 1473 3276; x_wconf 84' lang='grc' dir='ltr'><strong>ἀπολελυμένην</strong></span> <span class='ocrx_word' id='word_1_307' title='bbox 1504 3204 1599 3258; x_wconf 85' lang='grc' dir='ltr'><strong>τοῦ</strong></span> <span class='ocrx_word' id='word_1_308' title='bbox 1631 3204 1882 3276; x_wconf 83' lang='grc' dir='ltr'><strong>σώματος</strong></span> 
     </span>
    </p>
   </div>
   <div class='ocr_carea' id='block_1_41' title="bbox 295 3295 1883 3369">
    <p class='ocr_par' dir='ltr' id='par_1_41' title="bbox 295 3295 1883 3369">
     <span class='ocr_line' id='line_1_41' title="bbox 295 3295 1883 3369; baseline -0.001 -19"><span class='ocrx_word' id='word_1_309' title='bbox 295 3299 400 3351; x_wconf 89' lang='lat' dir='ltr'><strong>xui</strong></span> <span class='ocrx_word' id='word_1_310' title='bbox 436 3296 731 3369; x_wconf 79' lang='grc' dir='ltr'><strong>ἐλευθέραν</strong></span> <span class='ocrx_word' id='word_1_311' title='bbox 770 3299 962 3368; x_wconf 81' lang='grc' dir='ltr'><strong>φήσειε</strong></span> <span class='ocrx_word' id='word_1_312' title='bbox 998 3296 1160 3366; x_wconf 78' lang='grc' dir='ltr'><strong>τυχὸν</strong></span> <span class='ocrx_word' id='word_1_313' title='bbox 1186 3298 1220 3366; x_wconf 83' lang='grc' dir='ltr'><strong>ἡ</strong></span> <span class='ocrx_word' id='word_1_314' title='bbox 1250 3295 1418 3368; x_wconf 72' lang='grc' dir='ltr'><strong>ψυχὴ,</strong></span> <span class='ocrx_word' id='word_1_315' title='bbox 1446 3297 1483 3367; x_wconf 82' lang='grc' dir='ltr'>ὴ</span> <span class='ocrx_word' id='word_1_316' title='bbox 1511 3297 1694 3367; x_wconf 84' lang='grc' dir='ltr'><strong>μήτηρ</strong></span> <span class='ocrx_word' id='word_1_317' title='bbox 1732 3296 1883 3368; x_wconf 82' lang='grc' dir='ltr'><strong>μερί-</strong></span> 
     </span>
    </p>
   </div>
   <div class='ocr_carea' id='block_1_42' title="bbox 296 3387 1880 3460">
    <p class='ocr_par' dir='ltr' id='par_1_42' title="bbox 296 3387 1880 3460">
     <span class='ocr_line' id='line_1_42' title="bbox 296 3387 1880 3460; baseline -0.001 -18"><span class='ocrx_word' id='word_1_318' title='bbox 296 3405 443 3443; x_wconf 85' lang='grc' dir='ltr'><strong>σασα</strong></span> <span class='ocrx_word' id='word_1_319' title='bbox 479 3387 825 3460; x_wconf 84' lang='grc' dir='ltr'><strong>προέσπασεν</strong></span> <span class='ocrx_word' id='word_1_320' title='bbox 859 3387 893 3459; x_wconf 76' lang='grc' dir='ltr'><strong>ἢ</strong></span> <span class='ocrx_word' id='word_1_321' title='bbox 928 3388 1336 3460; x_wconf 63' lang='grc' dir='ltr'><strong>πρπσπάσατο,</strong></span> <span class='ocrx_word' id='word_1_322' title='bbox 1368 3388 1423 3441; x_wconf 86' lang='grc' dir='ltr'><strong>τί</strong></span> <span class='ocrx_word' id='word_1_323' title='bbox 1456 3387 1557 3458; x_wconf 80' lang='grc' dir='ltr'><strong>μὲν</strong></span> <span class='ocrx_word' id='word_1_324' title='bbox 1587 3387 1713 3458; x_wconf 76' lang='grc' dir='ltr'><strong>ἔσχε</strong></span> <span class='ocrx_word' id='word_1_325' title='bbox 1757 3387 1880 3443; x_wconf 82' lang='grc' dir='ltr'><strong>καθ’</strong></span> 
     </span>
    </p>
   </div>
   <div class='ocr_carea' id='block_1_43' title="bbox 297 3479 1883 3551">
    <p class='ocr_par' dir='ltr' id='par_1_43' title="bbox 297 3479 1883 3551">
     <span class='ocr_line' id='line_1_43' title="bbox 297 3479 1883 3551; baseline -0.001 -17"><span class='ocrx_word' id='word_1_326' title='bbox 297 3482 465 3535; x_wconf 71' lang='grc' dir='ltr'><strong>ἑαυτὸ</strong></span> <span class='ocrx_word' id='word_1_327' title='bbox 499 3480 680 3551; x_wconf 84' lang='grc' dir='ltr'><strong>μένον,</strong></span> <span class='ocrx_word' id='word_1_328' title='bbox 710 3480 763 3533; x_wconf 85' lang='grc' dir='ltr'><strong>τί</strong></span> <span class='ocrx_word' id='word_1_329' title='bbox 792 3481 850 3535; x_wconf 81' lang='grc' dir='ltr'><strong>δὲ</strong></span> <span class='ocrx_word' id='word_1_330' title='bbox 880 3480 941 3533; x_wconf 85' lang='grc' dir='ltr'><strong>τὸ</strong></span> <span class='ocrx_word' id='word_1_331' title='bbox 967 3481 1027 3533; x_wconf 77' lang='grc' dir='ltr'><strong>ἐν</strong></span> <span class='ocrx_word' id='word_1_332' title='bbox 1054 3479 1274 3544; x_wconf 79' lang='grc' dir='ltr'><strong>κόλποις</strong></span> <span class='ocrx_word' id='word_1_333' title='bbox 1301 3480 1472 3551; x_wconf 80' lang='grc' dir='ltr'><strong>αὐτῆς</strong></span> <span class='ocrx_word' id='word_1_334' title='bbox 1512 3479 1642 3545; x_wconf 80' lang='grc' dir='ltr'><strong>ζῶν,</strong></span> <span class='ocrx_word' id='word_1_335' title='bbox 1679 3479 1772 3533; x_wconf 84' lang='lat' dir='ltr'><strong>xui</strong></span> <span class='ocrx_word' id='word_1_336' title='bbox 1803 3480 1883 3544; x_wconf 88' lang='grc' dir='ltr'><strong>είς</strong></span> 
     </span>
    </p>
   </div>
   <div class='ocr_carea' id='block_1_44' title="bbox 296 3570 1883 3645">
    <p class='ocr_par' dir='ltr' id='par_1_44' title="bbox 296 3570 1883 3645">
     <span class='ocr_line' id='line_1_44' title="bbox 296 3570 1883 3645; baseline 0.002 -19"><span class='ocrx_word' id='word_1_337' title='bbox 296 3572 395 3626; x_wconf 74' lang='grc' dir='ltr'><strong>τὸν</strong></span> <span class='ocrx_word' id='word_1_338' title='bbox 428 3570 700 3626; x_wconf 68' lang='grc' dir='ltr'><strong>ἐπώδυνον</strong></span> <span class='ocrx_word' id='word_1_339' title='bbox 742 3572 857 3642; x_wconf 87' lang='grc' dir='ltr'><strong>βίον</strong></span> <span class='ocrx_word' id='word_1_340' title='bbox 888 3574 985 3628; x_wconf 78' lang='grc' dir='ltr'><strong>καὶ</strong></span> <span class='ocrx_word' id='word_1_341' title='bbox 1020 3572 1356 3645; x_wconf 78' lang='grc' dir='ltr'><strong>πολύμοχθον</strong></span> <span class='ocrx_word' id='word_1_342' title='bbox 1388 3575 1705 3645; x_wconf 73' lang='grc' dir='ltr'><strong>ἐρχόμενον.</strong></span> <span class='ocrx_word' id='word_1_343' title='bbox 1737 3576 1801 3629; x_wconf 84' lang='lat' dir='ltr'><strong>Ei</strong></span> <span class='ocrx_word' id='word_1_344' title='bbox 1825 3574 1883 3629; x_wconf 83' lang='grc' dir='ltr'><strong>δέ</strong></span> 
     </span>
    </p>
   </div>
   <div class='ocr_carea' id='block_1_45' title="bbox 295 3663 1881 3736">
    <p class='ocr_par' dir='ltr' id='par_1_45' title="bbox 295 3663 1881 3736">
     <span class='ocr_line' id='line_1_45' title="bbox 295 3663 1881 3736; baseline 0.001 -19"><span class='ocrx_word' id='word_1_345' title='bbox 295 3680 368 3733; x_wconf 83' lang='grc' dir='ltr'><strong>γε</strong></span> <span class='ocrx_word' id='word_1_346' title='bbox 397 3664 463 3717; x_wconf 73' lang='grc' dir='ltr'><strong>σὺ</strong></span> <span class='ocrx_word' id='word_1_347' title='bbox 490 3663 696 3734; x_wconf 81' lang='grc' dir='ltr'><strong>ταύτην</strong></span> <span class='ocrx_word' id='word_1_348' title='bbox 726 3663 823 3719; x_wconf 90' lang='lat' dir='ltr'><strong>xui</strong></span> <span class='ocrx_word' id='word_1_349' title='bbox 855 3664 1093 3719; x_wconf 82' lang='grc' dir='ltr'><strong>πλεόνων</strong></span> <span class='ocrx_word' id='word_1_350' title='bbox 1123 3664 1331 3719; x_wconf 86' lang='grc' dir='ltr'><strong>τέκνων</strong></span> <span class='ocrx_word' id='word_1_351' title='bbox 1360 3667 1572 3736; x_wconf 81' lang='grc' dir='ltr'><strong>μητέρα</strong></span> <span class='ocrx_word' id='word_1_352' title='bbox 1601 3664 1881 3736; x_wconf 81' lang='grc' dir='ltr'><strong>ὑποθείης,</strong></span> 
     </span>
    </p>
   </div>
   <div class='ocr_carea' id='block_1_46' title="bbox 300 3754 1885 3828">
    <p class='ocr_par' dir='ltr' id='par_1_46' title="bbox 300 3754 1885 3828">
     <span class='ocr_line' id='line_1_46' title="bbox 300 3754 1885 3828; baseline -0.001 -18"><span class='ocrx_word' id='word_1_353' title='bbox 300 3755 609 3826; x_wconf 81' lang='grc' dir='ltr'><strong>τετίμηκας</strong></span> <span class='ocrx_word' id='word_1_354' title='bbox 655 3756 849 3827; x_wconf 81' lang='grc' dir='ltr'><strong>ἄτιμον</strong></span> <span class='ocrx_word' id='word_1_355' title='bbox 887 3755 1075 3828; x_wconf 78' lang='grc' dir='ltr'><strong>τιμὴν,</strong></span> <span class='ocrx_word' id='word_1_356' title='bbox 1110 3756 1349 3810; x_wconf 84' lang='grc' dir='ltr'><strong>πλεόνων</strong></span> <span class='ocrx_word' id='word_1_357' title='bbox 1377 3755 1565 3826; x_wconf 78' lang='grc' dir='ltr'><strong>ψυχῶν</strong></span> <span class='ocrx_word' id='word_1_358' title='bbox 1606 3757 1728 3818; x_wconf 87' lang='grc' dir='ltr'><strong>ταῖς</strong></span> <span class='ocrx_word' id='word_1_359' title='bbox 1756 3754 1885 3808; x_wconf 88' lang='grc' dir='ltr'><strong>δυσ-</strong></span> 
     </span>
    </p>
   </div>
   <div class='ocr_carea' id='block_1_47' title="bbox 296 3847 1885 3919">
    <p class='ocr_par' dir='ltr' id='par_1_47' title="bbox 296 3847 1885 3919">
     <span class='ocr_line' id='line_1_47' title="bbox 296 3847 1885 3919; baseline 0.002 -20"><span class='ocrx_word' id='word_1_360' title='bbox 296 3847 546 3919; x_wconf 83' lang='grc' dir='ltr'><strong>χερείαις</strong></span> <span class='ocrx_word' id='word_1_361' title='bbox 582 3847 677 3901; x_wconf 80' lang='grc' dir='ltr'><strong>τοῦ</strong></span> <span class='ocrx_word' id='word_1_362' title='bbox 719 3847 836 3919; x_wconf 85' lang='grc' dir='ltr'><strong>βίου</strong></span> <span class='ocrx_word' id='word_1_363' title='bbox 870 3848 966 3903; x_wconf 91' lang='lat' dir='ltr'><strong>xui</strong></span> <span class='ocrx_word' id='word_1_364' title='bbox 991 3847 1385 3919; x_wconf 84' lang='grc' dir='ltr'><strong>ταλαιπωρίαις</strong></span> <span class='ocrx_word' id='word_1_365' title='bbox 1408 3847 1754 3914; x_wconf 79' lang='grc' dir='ltr'><strong>δακνομένων</strong></span> <span class='ocrx_word' id='word_1_366' title='bbox 1790 3848 1885 3903; x_wconf 86' lang='lat' dir='ltr'><strong>xui</strong></span> 
     </span>
    </p>
   </div>
   <div class='ocr_carea' id='block_1_48' title="bbox 299 3937 1493 4011">
    <p class='ocr_par' dir='ltr' id='par_1_48' title="bbox 299 3937 1493 4011">
     <span class='ocr_line' id='line_1_48' title="bbox 299 3937 1493 4011; baseline -0.001 -19"><span class='ocrx_word' id='word_1_367' title='bbox 299 3937 683 4009; x_wconf 73' lang='grc' dir='ltr'><strong>κολαζομένων</strong></span> <span class='ocrx_word' id='word_1_368' title='bbox 711 3939 891 3995; x_wconf 70' lang='grc' dir='ltr'><strong>αἰτίαν</strong></span> <span class='ocrx_word' id='word_1_369' title='bbox 913 3938 1116 4011; x_wconf 81' lang='grc' dir='ltr'><strong>ταύτην</strong></span> <span class='ocrx_word' id='word_1_370' title='bbox 1150 3938 1493 4003; x_wconf 85' lang='grc' dir='ltr'><strong>ἀποδεικνύς.</strong></span> 
     </span>
    </p>
   </div>
   <div class='ocr_carea' id='block_1_49' title="bbox 293 4071 1886 4217">
    <p class='ocr_par' dir='ltr' id='par_1_49' title="bbox 293 4071 1886 4217">
     <span class='ocr_line' id='line_1_49' title="bbox 293 4071 1886 4217; baseline 0 -87"><span class='ocrx_word' id='word_1_371' title='bbox 293 4072 375 4130; x_wconf 75' lang='grc'><strong>52</strong></span> <span class='ocrx_word' id='word_1_372' title='bbox 416 4072 499 4127; x_wconf 84' lang='grc' dir='ltr'><strong>Οὐ</strong></span> <span class='ocrx_word' id='word_1_373' title='bbox 537 4071 808 4128; x_wconf 74' lang='grc' dir='ltr'><strong>’.πινυτῶν</strong></span> <span class='ocrx_word' id='word_1_374' title='bbox 846 4072 949 4129; x_wconf 79' lang='grc' dir='ltr'><strong>ὅδε</strong></span> <span class='ocrx_word' id='word_1_375' title='bbox 980 4074 1194 4144; x_wconf 83' lang='grc' dir='ltr'><strong>μῦθος,</strong></span> <span class='ocrx_word' id='word_1_376' title='bbox 1235 4072 1735 4217; x_wconf 58' lang='grc' dir='ltr'><strong>ἐτώσια[ἓῑῗίγνια</strong></span> <span class='ocrx_word' id='word_1_377' title='bbox 1760 4074 1886 4198; x_wconf 45' lang='grc' dir='ltr'><strong>Σει-</strong></span> 
     </span>
     <span class='ocr_line' id='line_1_50' title="bbox 1557 4162 1809 4211; baseline 0.008 -14"><span class='ocrx_word' id='word_1_378' title='bbox 1557 4162 1660 4211; x_wconf 80' lang='grc' dir='ltr'><strong>ων,</strong></span> <span class='ocrx_word' id='word_1_379' title='bbox 1690 4162 1756 4199; x_wconf 89' lang='grc' dir='ltr'><strong>κτ</strong></span> <span class='ocrx_word' id='word_1_380' title='bbox 1795 4185 1809 4199; x_wconf 92' lang='grc'><strong>.</strong></span> 
     </span>
    </p>
   </div>
   <div class='ocr_carea' id='block_1_50' title="bbox 1557 4162 1809 4211">
    <p class='ocr_par' dir='ltr' id='par_1_50' title="bbox 1557 4162 1809 4211">
     <span class='ocr_line' id='line_1_51' title="bbox 1557 4162 1809 4211; baseline 0.008 -14"><span class='ocrx_word' id='word_1_381' title='bbox 1557 4162 1660 4211; x_wconf 80' lang='grc' dir='ltr'><strong>ων,</strong></span> <span class='ocrx_word' id='word_1_382' title='bbox 1690 4162 1809 4199; x_wconf 81' lang='grc' dir='ltr'><strong>κτΑ.</strong></span> 
     </span>
    </p>
   </div>
   <div class='ocr_carea' id='block_1_51' title="bbox 375 4269 1886 4351">
    <p class='ocr_par' dir='ltr' id='par_1_51' title="bbox 375 4269 1886 4351">
     <span class='ocr_line' id='line_1_52' title="bbox 375 4269 1886 4351; baseline 0.005 -23"><span class='ocrx_word' id='word_1_383' title='bbox 375 4269 548 4339; x_wconf 76' lang='grc' dir='ltr'><strong>Οὗτος</strong></span> <span class='ocrx_word' id='word_1_384' title='bbox 582 4277 703 4347; x_wconf 75' lang='grc' dir='ltr'><strong>μὲν,</strong></span> <span class='ocrx_word' id='word_1_385' title='bbox 736 4278 921 4347; x_wconf 67' lang='grc' dir='ltr'><strong>φησὶν,</strong></span> <span class='ocrx_word' id='word_1_386' title='bbox 956 4278 985 4332; x_wconf 88' lang='grc' dir='ltr'><strong>ό</strong></span> <span class='ocrx_word' id='word_1_387' title='bbox 1018 4278 1174 4349; x_wconf 81' lang='grc' dir='ltr'><strong>λόγος</strong></span> <span class='ocrx_word' id='word_1_388' title='bbox 1212 4281 1241 4333; x_wconf 87' lang='grc' dir='ltr'><strong>ό</strong></span> <span class='ocrx_word' id='word_1_389' title='bbox 1287 4279 1418 4351; x_wconf 85' lang='grc' dir='ltr'><strong>μίαν</strong></span> <span class='ocrx_word' id='word_1_390' title='bbox 1464 4281 1576 4343; x_wconf 74' lang='grc' dir='ltr'><strong>τοῖς</strong></span> <span class='ocrx_word' id='word_1_391' title='bbox 1618 4279 1762 4343; x_wconf 80' lang='grc' dir='ltr'><strong>ὅλοις</strong></span> <span class='ocrx_word' id='word_1_392' title='bbox 1790 4282 1886 4336; x_wconf 87' lang='grc' dir='ltr'><strong>ἀν-</strong></span> 
     </span>
    </p>
   </div>
   <div class='ocr_carea' id='block_1_52' title="bbox 296 4365 1886 4442">
    <p class='ocr_par' dir='ltr' id='par_1_52' title="bbox 296 4365 1886 4442">
     <span class='ocr_line' id='line_1_53' title="bbox 296 4365 1886 4442; baseline 0.004 -23"><span class='ocrx_word' id='word_1_393' title='bbox 296 4365 548 4439; x_wconf 77' lang='grc' dir='ltr'><strong>θρώποις</strong></span> <span class='ocrx_word' id='word_1_394' title='bbox 594 4367 1071 4439; x_wconf 80' lang='grc' dir='ltr'><strong>ὲπιμεριζόμενος,</strong></span> <span class='ocrx_word' id='word_1_395' title='bbox 1103 4369 1181 4434; x_wconf 82' lang='grc' dir='ltr'><strong>ὡς</strong></span> <span class='ocrx_word' id='word_1_396' title='bbox 1209 4369 1443 4441; x_wconf 74' lang='grc' dir='ltr'><strong>εἴρηται,</strong></span> <span class='ocrx_word' id='word_1_397' title='bbox 1484 4369 1682 4442; x_wconf 76' lang='grc' dir='ltr'><strong>ψυχὴν,</strong></span> <span class='ocrx_word' id='word_1_398' title='bbox 1715 4372 1886 4442; x_wconf 79' lang='grc' dir='ltr'><strong>ἀφρο-</strong></span> 
     </span>
    </p>
   </div>
   <div class='ocr_carea' id='block_1_53' title="bbox 294 4459 1887 4541">
    <p class='ocr_par' dir='ltr' id='par_1_53' title="bbox 294 4459 1887 4541">
     <span class='ocr_line' id='line_1_54' title="bbox 294 4459 1887 4541; baseline 0.003 -28"><span class='ocrx_word' id='word_1_399' title='bbox 294 4460 474 4529; x_wconf 78' lang='grc' dir='ltr'><strong>σύνης</strong></span> <span class='ocrx_word' id='word_1_400' title='bbox 505 4459 598 4512; x_wconf 86' lang='lat' dir='ltr'><strong>xui</strong></span> <span class='ocrx_word' id='word_1_401' title='bbox 629 4459 815 4523; x_wconf 81' lang='grc' dir='ltr'><strong>ἀνοίας</strong></span> <span class='ocrx_word' id='word_1_402' title='bbox 846 4461 1069 4532; x_wconf 72' lang='grc' dir='ltr'><strong>μεστόςο</strong></span> <span class='ocrx_word' id='word_1_403' title='bbox 1090 4460 1311 4541; x_wconf 29' lang='grc' dir='ltr'><strong>,ἐτώσια</strong></span> <span class='ocrx_word' id='word_1_404' title='bbox 1342 4460 1400 4515; x_wconf 85' lang='grc' dir='ltr'><strong>δὲ</strong></span> <span class='ocrx_word' id='word_1_405' title='bbox 1428 4462 1522 4515; x_wconf 88' lang='lat' dir='ltr'><strong>xui</strong></span> <span class='ocrx_word' id='word_1_406' title='bbox 1556 4461 1763 4533; x_wconf 82' lang='grc' dir='ltr'><strong>μάταια</strong></span> <span class='ocrx_word' id='word_1_407' title='bbox 1791 4464 1887 4517; x_wconf 86' lang='lat' dir='ltr'><strong>xui</strong></span> 
     </span>
    </p>
   </div>
   <div class='ocr_carea' id='block_1_54' title="bbox 294 4548 1885 4622">
    <p class='ocr_par' dir='ltr' id='par_1_54' title="bbox 294 4548 1885 4622">
     <span class='ocr_line' id='line_1_55' title="bbox 294 4548 1885 4622; baseline 0.004 -18"><span class='ocrx_word' id='word_1_408' title='bbox 294 4548 646 4621; x_wconf 75' lang='grc' dir='ltr'><strong>παιδαριώδη</strong></span> <span class='ocrx_word' id='word_1_409' title='bbox 698 4554 925 4620; x_wconf 81' lang='grc' dir='ltr'><strong>παίγνια</strong></span> <span class='ocrx_word' id='word_1_410' title='bbox 973 4551 1170 4622; x_wconf 78' lang='grc' dir='ltr'><strong>βίϐλων</strong></span> <span class='ocrx_word' id='word_1_411' title='bbox 1217 4553 1609 4608; x_wconf 78' lang='grc' dir='ltr'><strong>ἀνα-τάττονται</strong></span> <span class='ocrx_word' id='word_1_412' title='bbox 1640 4555 1737 4610; x_wconf 90' lang='lat' dir='ltr'><strong>xui</strong></span> <span class='ocrx_word' id='word_1_413' title='bbox 1772 4557 1885 4611; x_wconf 85' lang='grc' dir='ltr'><strong>ὅσοι</strong></span> 
     </span>
    </p>
   </div>
   <div class='ocr_carea' id='block_1_55' title="bbox 292 4639 1885 4716">
    <p class='ocr_par' dir='ltr' id='par_1_55' title="bbox 292 4639 1885 4716">
     <span class='ocr_line' id='line_1_56' title="bbox 292 4639 1885 4716; baseline 0.005 -23"><span class='ocrx_word' id='word_1_414' title='bbox 292 4639 481 4694; x_wconf 83' lang='grc' dir='ltr'><strong>πολλά</strong></span> <span class='ocrx_word' id='word_1_415' title='bbox 512 4639 743 4712; x_wconf 84' lang='grc' dir='ltr'><strong>σώματα</strong></span> <span class='ocrx_word' id='word_1_416' title='bbox 771 4643 911 4696; x_wconf 83' lang='grc' dir='ltr'><strong>κατά</strong></span> <span class='ocrx_word' id='word_1_417' title='bbox 930 4644 1057 4707; x_wconf 81' lang='grc' dir='ltr'><strong>τοὺς</strong></span> <span class='ocrx_word' id='word_1_418' title='bbox 1081 4642 1229 4713; x_wconf 82' lang='grc' dir='ltr'><strong>βίους</strong></span> <span class='ocrx_word' id='word_1_419' title='bbox 1250 4644 1359 4697; x_wconf 87' lang='grc' dir='ltr'><strong>τῶν</strong></span> <span class='ocrx_word' id='word_1_420' title='bbox 1388 4644 1631 4699; x_wconf 88' lang='grc' dir='ltr'><strong>παλαιῶν</strong></span> <span class='ocrx_word' id='word_1_421' title='bbox 1653 4646 1885 4716; x_wconf 86' lang='grc' dir='ltr'><strong>ἀνδρῶν,</strong></span> 
     </span>
    </p>
   </div>
   <div class='ocr_carea' id='block_1_56' title="bbox 290 4731 1888 4808">
    <p class='ocr_par' dir='ltr' id='par_1_56' title="bbox 290 4731 1888 4808">
     <span class='ocr_line' id='line_1_57' title="bbox 290 4731 1888 4808; baseline 0.004 -23"><span class='ocrx_word' id='word_1_422' title='bbox 290 4731 533 4800; x_wconf 81' lang='grc' dir='ltr'><strong>ἀγαθῶν</strong></span> <span class='ocrx_word' id='word_1_423' title='bbox 564 4749 624 4785; x_wconf 92' lang='grc' dir='ltr'><strong>τε</strong></span> <span class='ocrx_word' id='word_1_424' title='bbox 648 4732 742 4785; x_wconf 89' lang='lat' dir='ltr'><strong>xui</strong></span> <span class='ocrx_word' id='word_1_425' title='bbox 770 4733 975 4799; x_wconf 83' lang='grc' dir='ltr'><strong>κακῶν,</strong></span> <span class='ocrx_word' id='word_1_426' title='bbox 1005 4735 1039 4805; x_wconf 84' lang='grc' dir='ltr'>ἢ</span> <span class='ocrx_word' id='word_1_427' title='bbox 1069 4735 1135 4788; x_wconf 89' lang='grc' dir='ltr'><strong>δι’</strong></span> <span class='ocrx_word' id='word_1_428' title='bbox 1164 4735 1491 4806; x_wconf 75' lang='grc' dir='ltr'><strong>ἀντάμειψιν</strong></span> <span class='ocrx_word' id='word_1_429' title='bbox 1525 4737 1727 4808; x_wconf 83' lang='grc' dir='ltr'><strong>ἀρετῆς</strong></span> <span class='ocrx_word' id='word_1_430' title='bbox 1758 4736 1793 4808; x_wconf 81' lang='grc' dir='ltr'>ἦ</span> <span class='ocrx_word' id='word_1_431' title='bbox 1820 4739 1888 4791; x_wconf 78' lang='grc' dir='ltr'><strong>δι’</strong></span> 
     </span>
    </p>
   </div>
   <div class='ocr_carea' id='block_1_57' title="bbox 291 4822 1890 4901">
    <p class='ocr_par' dir='ltr' id='par_1_57' title="bbox 291 4822 1890 4901">
     <span class='ocr_line' id='line_1_58' title="bbox 291 4822 1890 4901; baseline 0.005 -25"><span class='ocrx_word' id='word_1_432' title='bbox 291 4822 587 4895; x_wconf 77' lang='grc' dir='ltr'><strong>ἁμαρτίας</strong></span> <span class='ocrx_word' id='word_1_433' title='bbox 654 4824 844 4895; x_wconf 77' lang='grc' dir='ltr'><strong>ποινὴν</strong></span> <span class='ocrx_word' id='word_1_434' title='bbox 916 4825 1047 4896; x_wconf 86' lang='grc' dir='ltr'><strong>μίαν</strong></span> <span class='ocrx_word' id='word_1_435' title='bbox 1108 4828 1205 4880; x_wconf 89' lang='lat' dir='ltr'><strong>xui</strong></span> <span class='ocrx_word' id='word_1_436' title='bbox 1270 4826 1369 4898; x_wconf 82' lang='grc' dir='ltr'><strong>τὴν</strong></span> <span class='ocrx_word' id='word_1_437' title='bbox 1419 4827 1588 4901; x_wconf 80' lang='grc' dir='ltr'><strong>αὐτὴν</strong></span> <span class='ocrx_word' id='word_1_438' title='bbox 1640 4829 1890 4901; x_wconf 75' lang='grc' dir='ltr'><strong>ἀμείϐειν</strong></span> 
     </span>
    </p>
   </div>
   <div class='ocr_carea' id='block_1_58' title="bbox 293 4915 1891 4992">
    <p class='ocr_par' dir='ltr' id='par_1_58' title="bbox 293 4915 1891 4992">
     <span class='ocr_line' id='line_1_59' title="bbox 293 4915 1891 4992; baseline 0.004 -22"><span class='ocrx_word' id='word_1_439' title='bbox 293 4915 571 4983; x_wconf 72' lang='grc' dir='ltr'><strong>ἐδόξασαν</strong></span> <span class='ocrx_word' id='word_1_440' title='bbox 595 4915 801 4986; x_wconf 71' lang='grc' dir='ltr'><strong>ψυχήν.</strong></span> <span class='ocrx_word' id='word_1_441' title='bbox 845 4917 1113 4990; x_wconf 73' lang='grc' dir='ltr'><strong>Καθάπερ</strong></span> <span class='ocrx_word' id='word_1_442' title='bbox 1141 4916 1250 4991; x_wconf 78' lang='grc' dir='ltr'><strong>γὰρ</strong></span> <span class='ocrx_word' id='word_1_443' title='bbox 1282 4918 1456 4991; x_wconf 76' lang='grc' dir='ltr'><strong>ἄνδρα</strong></span> <span class='ocrx_word' id='word_1_444' title='bbox 1490 4919 1612 4974; x_wconf 79' lang='grc' dir='ltr'><strong>τινὰ</strong></span> <span class='ocrx_word' id='word_1_445' title='bbox 1654 4921 1891 4992; x_wconf 74' lang='grc' dir='ltr'><strong>ἱματίοις</strong></span> 
     </span>
    </p>
   </div>
   <div class='ocr_carea' id='block_1_59' title="bbox 292 5003 1891 5081">
    <p class='ocr_par' dir='ltr' id='par_1_59' title="bbox 292 5003 1891 5081">
     <span class='ocr_line' id='line_1_60' title="bbox 292 5003 1891 5081; baseline 0.006 -22"><span class='ocrx_word' id='word_1_446' title='bbox 292 5008 775 5079; x_wconf 80' lang='grc' dir='ltr'><strong>περιστέλλοντες,</strong></span> <span class='ocrx_word' id='word_1_447' title='bbox 799 5010 893 5061; x_wconf 85' lang='lat' dir='ltr'><strong>xui</strong></span> <span class='ocrx_word' id='word_1_448' title='bbox 918 5003 1073 5073; x_wconf 80' lang='grc' dir='ltr'><strong>αὖθις</strong></span> <span class='ocrx_word' id='word_1_449' title='bbox 1093 5010 1350 5081; x_wconf 71' lang='grc' dir='ltr'><strong>ἀκόσμως</strong></span> <span class='ocrx_word' id='word_1_450' title='bbox 1375 5011 1772 5081; x_wconf 81' lang='grc' dir='ltr'><strong>μετενδύοντες,</strong></span> <span class='ocrx_word' id='word_1_451' title='bbox 1798 5016 1891 5069; x_wconf 91' lang='lat' dir='ltr'><strong>xui</strong></span> 
     </span>
    </p>
   </div>
   <div class='ocr_carea' id='block_1_60' title="bbox 290 5097 1882 5177">
    <p class='ocr_par' dir='ltr' id='par_1_60' title="bbox 290 5097 1882 5177">
     <span class='ocr_line' id='line_1_61' title="bbox 290 5097 1882 5177; baseline 0.006 -25"><span class='ocrx_word' id='word_1_452' title='bbox 290 5097 414 5152; x_wconf 75' lang='grc' dir='ltr'><strong>ἀπὸ</strong></span> <span class='ocrx_word' id='word_1_453' title='bbox 440 5098 609 5153; x_wconf 82' lang='grc' dir='ltr'><strong>ἄλλου</strong></span> <span class='ocrx_word' id='word_1_454' title='bbox 651 5098 898 5171; x_wconf 82' lang='grc' dir='ltr'><strong>σώματος</strong></span> <span class='ocrx_word' id='word_1_455' title='bbox 936 5102 1016 5165; x_wconf 86' lang='grc' dir='ltr'><strong>είς</strong></span> <span class='ocrx_word' id='word_1_456' title='bbox 1060 5101 1211 5164; x_wconf 76' lang='grc' dir='ltr'><strong>ἄλλο,</strong></span> <span class='ocrx_word' id='word_1_457' title='bbox 1247 5102 1346 5155; x_wconf 84' lang='grc' dir='ltr'><strong>οὐκ</strong></span> <span class='ocrx_word' id='word_1_458' title='bbox 1378 5103 1665 5176; x_wconf 85' lang='grc' dir='ltr'><strong>ἀνθρώπου</strong></span> <span class='ocrx_word' id='word_1_459' title='bbox 1704 5106 1882 5177; x_wconf 85' lang='grc' dir='ltr'><strong>μόνον.</strong></span> 
     </span>
    </p>
   </div>
   <div class='ocr_carea' id='block_1_61' title="bbox 289 5186 1889 5269">
    <p class='ocr_par' dir='ltr' id='par_1_61' title="bbox 289 5186 1889 5269">
     <span class='ocr_line' id='line_1_62' title="bbox 289 5186 1889 5269; baseline 0.008 -29"><span class='ocrx_word' id='word_1_460' title='bbox 289 5186 443 5242; x_wconf 75' lang='grc' dir='ltr'><strong>ἀλλὰ</strong></span> <span class='ocrx_word' id='word_1_461' title='bbox 470 5189 571 5242; x_wconf 85' lang='lat' dir='ltr'><strong>xui</strong></span> <span class='ocrx_word' id='word_1_462' title='bbox 592 5188 733 5254; x_wconf 77' lang='grc' dir='ltr'><strong>ζὼου</strong></span> <span class='ocrx_word' id='word_1_463' title='bbox 756 5190 952 5259; x_wconf 88' lang='grc' dir='ltr'><strong>ἀλόγου</strong></span> <span class='ocrx_word' id='word_1_464' title='bbox 985 5193 1081 5247; x_wconf 84' lang='lat' dir='ltr'><strong>xui</strong></span> <span class='ocrx_word' id='word_1_465' title='bbox 1107 5190 1275 5261; x_wconf 81' lang='grc' dir='ltr'><strong>φυτοῦ</strong></span> <span class='ocrx_word' id='word_1_466' title='bbox 1305 5193 1467 5248; x_wconf 84' lang='grc' dir='ltr'><strong>πάλιν</strong></span> <span class='ocrx_word' id='word_1_467' title='bbox 1502 5194 1665 5267; x_wconf 89' lang='grc' dir='ltr'><strong>σῶμα</strong></span> <span class='ocrx_word' id='word_1_468' title='bbox 1694 5214 1889 5269; x_wconf 87' lang='grc' dir='ltr'><strong>μεταγ-</strong></span> 
     </span>
    </p>
   </div>
   <div class='ocr_carea' id='block_1_62' title="bbox 291 5278 1888 5357">
    <p class='ocr_par' dir='ltr' id='par_1_62' title="bbox 291 5278 1888 5357">
     <span class='ocr_line' id='line_1_63' title="bbox 291 5278 1888 5357; baseline 0.009 -27"><span class='ocrx_word' id='word_1_469' title='bbox 291 5278 558 5344; x_wconf 77' lang='grc' dir='ltr'><strong>γίζοντες</strong></span> <span class='ocrx_word' id='word_1_470' title='bbox 602 5281 702 5352; x_wconf 78' lang='grc' dir='ltr'><strong>τὴν</strong></span> <span class='ocrx_word' id='word_1_471' title='bbox 750 5281 961 5354; x_wconf 79' lang='grc' dir='ltr'><strong>ψυχὴν,</strong></span> <span class='ocrx_word' id='word_1_472' title='bbox 1011 5283 1105 5338; x_wconf 85' lang='lat' dir='ltr'><strong>xui</strong></span> <span class='ocrx_word' id='word_1_473' title='bbox 1145 5283 1288 5339; x_wconf 77' lang='grc' dir='ltr'><strong>οὕτω</strong></span> <span class='ocrx_word' id='word_1_474' title='bbox 1337 5286 1745 5357; x_wconf 83' lang='grc' dir='ltr'><strong>κενολογοῦντες</strong></span> <span class='ocrx_word' id='word_1_475' title='bbox 1794 5291 1888 5345; x_wconf 86' lang='lat' dir='ltr'><strong>xui</strong></span> 
     </span>
    </p>
   </div>
   <div class='ocr_carea' id='block_1_63' title="bbox 295 5370 1889 5454">
    <p class='ocr_par' dir='ltr' id='par_1_63' title="bbox 295 5370 1889 5454">
     <span class='ocr_line' id='line_1_64' title="bbox 295 5370 1889 5454; baseline 0.012 -34"><span class='ocrx_word' id='word_1_476' title='bbox 295 5370 522 5441; x_wconf 81' lang='grc' dir='ltr'><strong>μάταια</strong></span> <span class='ocrx_word' id='word_1_477' title='bbox 550 5371 838 5442; x_wconf 80' lang='grc' dir='ltr'><strong>ληροῦντες</strong></span> <span class='ocrx_word' id='word_1_478' title='bbox 865 5376 927 5428; x_wconf 87' lang='grc' dir='ltr'><strong>οὐ</strong></span> <span class='ocrx_word' id='word_1_479' title='bbox 964 5375 1238 5430; x_wconf 80' lang='grc' dir='ltr'><strong>συνιοῦσιν</strong></span> <span class='ocrx_word' id='word_1_480' title='bbox 1257 5396 1272 5410; x_wconf 74' lang='grc' dir='ltr'><strong><em>ο</em></strong></span> <span class='ocrx_word' id='word_1_481' title='bbox 1320 5380 1413 5435; x_wconf 80' lang='grc' dir='ltr'><strong>καὶ</strong></span> <span class='ocrx_word' id='word_1_482' title='bbox 1439 5380 1629 5454; x_wconf 82' lang='grc' dir='ltr'><strong>ὥσπερ</strong></span> <span class='ocrx_word' id='word_1_483' title='bbox 1668 5385 1757 5438; x_wconf 82' lang='grc' dir='ltr'><strong>τὸν</strong></span> <span class='ocrx_word' id='word_1_484' title='bbox 1787 5402 1889 5439; x_wconf 87' lang='grc' dir='ltr'><strong>πα-</strong></span> 
     </span>
    </p>
   </div>
   <div class='ocr_carea' id='block_1_64' title="bbox 290 5459 1890 5538">
    <p class='ocr_par' dir='ltr' id='par_1_64' title="bbox 290 5459 1890 5538">
     <span class='ocr_line' id='line_1_65' title="bbox 290 5459 1890 5538; baseline 0.01 -25"><span class='ocrx_word' id='word_1_485' title='bbox 290 5459 464 5513; x_wconf 79' lang='grc' dir='ltr'><strong>λαιὸν</strong></span> <span class='ocrx_word' id='word_1_486' title='bbox 501 5460 710 5514; x_wconf 76' lang='grc' dir='ltr'><strong>ἐκεῖνον</strong></span> <span class='ocrx_word' id='word_1_487' title='bbox 757 5461 943 5529; x_wconf 75' lang='grc' dir='ltr'><strong>Ἰξίονα</strong></span> <span class='ocrx_word' id='word_1_488' title='bbox 987 5465 1037 5519; x_wconf 75' lang='grc' dir='ltr'><strong>οἱ</strong></span> <span class='ocrx_word' id='word_1_489' title='bbox 1084 5464 1245 5535; x_wconf 81' lang='grc' dir='ltr'><strong>μῦθοι</strong></span> <span class='ocrx_word' id='word_1_490' title='bbox 1285 5468 1611 5525; x_wconf 82' lang='grc' dir='ltr'><strong>πλάττουσιν</strong></span> <span class='ocrx_word' id='word_1_491' title='bbox 1642 5474 1722 5538; x_wconf 88' lang='grc' dir='ltr'><strong>είς</strong></span> <span class='ocrx_word' id='word_1_492' title='bbox 1769 5474 1890 5530; x_wconf 81' lang='grc' dir='ltr'><strong>Θεὸν</strong></span> 
     </span>
    </p>
   </div>
   <div class='ocr_carea' id='block_1_65' title="bbox 289 5552 1892 5636">
    <p class='ocr_par' dir='ltr' id='par_1_65' title="bbox 289 5552 1892 5636">
     <span class='ocr_line' id='line_1_66' title="bbox 289 5552 1892 5636; baseline 0.009 -32"><span class='ocrx_word' id='word_1_493' title='bbox 289 5552 711 5625; x_wconf 73' lang='grc' dir='ltr'><strong>ἡμαρτηκότα,</strong></span> <span class='ocrx_word' id='word_1_494' title='bbox 744 5554 929 5627; x_wconf 81' lang='grc' dir='ltr'><strong>τροχῷ·</strong></span> <span class='ocrx_word' id='word_1_495' title='bbox 954 5554 1316 5628; x_wconf 77' lang='grc' dir='ltr'><strong>ἐνειρόμενον,</strong></span> <span class='ocrx_word' id='word_1_496' title='bbox 1359 5561 1700 5636; x_wconf 26' lang='grc' dir='ltr'><strong>καὶιάενάως</strong></span> <span class='ocrx_word' id='word_1_497' title='bbox 1730 5565 1806 5636; x_wconf 86' lang='grc'><strong>(7)</strong></span> <span class='ocrx_word' id='word_1_498' title='bbox 1834 5566 1892 5619; x_wconf 75' lang='grc' dir='ltr'><strong>ἐν</strong></span> 
     </span>
    </p>
   </div>
   <div class='ocr_carea' id='block_1_66' title="bbox 383 5728 914 5802">
    <p class='ocr_par' dir='ltr' id='par_1_66' title="bbox 383 5728 914 5802">
     <span class='ocr_line' id='line_1_67' title="bbox 383 5728 914 5802; baseline 0.013 -15"><span class='ocrx_word' id='word_1_499' title='bbox 383 5728 471 5802; x_wconf 73' lang='lat'><strong>(6)</strong></span> <span class='ocrx_word' id='word_1_500' title='bbox 508 5732 643 5790; x_wconf 84' lang='lat' dir='ltr'><strong>Cod.</strong></span> <span class='ocrx_word' id='word_1_501' title='bbox 672 5737 914 5795; x_wconf 68' lang='grc' dir='ltr'><strong>δίκαιον.</strong></span> 
     </span>
    </p>
   </div>
   <div class='ocr_carea' id='block_1_67' title="bbox 1975 1089 2989 1156">
    <p class='ocr_par' dir='ltr' id='par_1_67' title="bbox 1975 1089 2989 1156">
     <span class='ocr_line' id='line_1_68' title="bbox 1975 1089 2989 1156; baseline -0.004 -10"><span class='ocrx_word' id='word_1_502' title='bbox 1975 1091 2047 1146; x_wconf 74' lang='grc'><strong>22</strong></span> <span class='ocrx_word' id='word_1_503' title='bbox 2090 1089 2228 1146; x_wconf 82' lang='lat' dir='ltr'><strong>Novi</strong></span> <span class='ocrx_word' id='word_1_504' title='bbox 2252 1101 2304 1146; x_wconf 82' lang='lat' dir='ltr'><strong>et</strong></span> <span class='ocrx_word' id='word_1_505' title='bbox 2329 1091 2492 1146; x_wconf 78' lang='lat' dir='ltr'><strong>aliam</strong></span> <span class='ocrx_word' id='word_1_506' title='bbox 2525 1091 2856 1156; x_wconf 76' lang='lat' dir='ltr'><strong>sententiam,</strong></span> <span class='ocrx_word' id='word_1_507' title='bbox 2882 1099 2989 1145; x_wconf 87' lang='lat' dir='ltr'><strong>etc.</strong></span> 
     </span>
    </p>
   </div>
   <div class='ocr_carea' id='block_1_68' title="bbox 2044 1200 3555 1270">
    <p class='ocr_par' dir='ltr' id='par_1_68' title="bbox 2044 1200 3555 1270">
     <span class='ocr_line' id='line_1_69' title="bbox 2044 1200 3555 1270; baseline -0.003 -13"><span class='ocrx_word' id='word_1_508' title='bbox 2044 1202 2202 1270; x_wconf 88' lang='lat' dir='ltr'><strong>Novi,</strong></span> <span class='ocrx_word' id='word_1_509' title='bbox 2227 1204 2323 1268; x_wconf 86' lang='lat' dir='ltr'><strong>ait,</strong></span> <span class='ocrx_word' id='word_1_510' title='bbox 2375 1211 2428 1259; x_wconf 89' lang='lat' dir='ltr'><strong>et</strong></span> <span class='ocrx_word' id='word_1_511' title='bbox 2474 1203 2637 1257; x_wconf 90' lang='lat' dir='ltr'><strong>aliam</strong></span> <span class='ocrx_word' id='word_1_512' title='bbox 2672 1202 2997 1257; x_wconf 86' lang='lat' dir='ltr'><strong>sententiam</strong></span> <span class='ocrx_word' id='word_1_513' title='bbox 3022 1208 3281 1265; x_wconf 88' lang='lat' dir='ltr'><strong>veterem,</strong></span> <span class='ocrx_word' id='word_1_514' title='bbox 3321 1207 3376 1256; x_wconf 90' lang='lat' dir='ltr'><strong>et</strong></span> <span class='ocrx_word' id='word_1_515' title='bbox 3422 1200 3555 1254; x_wconf 88' lang='lat' dir='ltr'><strong>olim</strong></span> 
     </span>
    </p>
   </div>
   <div class='ocr_carea' id='block_1_69' title="bbox 1975 1291 3551 1367">
    <p class='ocr_par' dir='ltr' id='par_1_69' title="bbox 1975 1291 3551 1367">
     <span class='ocr_line' id='line_1_70' title="bbox 1975 1291 3551 1367; baseline -0.004 -15"><span class='ocrx_word' id='word_1_516' title='bbox 1975 1295 2418 1367; x_wconf 76' lang='lat' dir='ltr'><strong>superbientibus</strong></span> <span class='ocrx_word' id='word_1_517' title='bbox 2454 1294 2508 1349; x_wconf 91' lang='lat' dir='ltr'><strong>in</strong></span> <span class='ocrx_word' id='word_1_518' title='bbox 2540 1293 2809 1364; x_wconf 82' lang='lat' dir='ltr'><strong>sapientia</strong></span> <span class='ocrx_word' id='word_1_519' title='bbox 2853 1294 3083 1348; x_wconf 88' lang='lat' dir='ltr'><strong>usitatas</strong></span> <span class='ocrx_word' id='word_1_520' title='bbox 3133 1291 3386 1363; x_wconf 85' lang='lat' dir='ltr'><strong>ineptias.</strong></span> <span class='ocrx_word' id='word_1_521' title='bbox 3412 1306 3551 1360; x_wconf 88' lang='lat' dir='ltr'><strong>quas</strong></span> 
     </span>
    </p>
   </div>
   <div class='ocr_carea' id='block_1_70' title="bbox 1973 1380 3561 1455">
    <p class='ocr_par' dir='ltr' id='par_1_70' title="bbox 1973 1380 3561 1455">
     <span class='ocr_line' id='line_1_71' title="bbox 1973 1380 3561 1455; baseline -0.006 -12"><span class='ocrx_word' id='word_1_522' title='bbox 1973 1396 2121 1444; x_wconf 88' lang='lat' dir='ltr'><strong>certe</strong></span> <span class='ocrx_word' id='word_1_523' title='bbox 2160 1402 2270 1441; x_wconf 92' lang='lat' dir='ltr'><strong>non</strong></span> <span class='ocrx_word' id='word_1_524' title='bbox 2320 1386 2597 1449; x_wconf 86' lang='lat' dir='ltr'><strong>docerem,</strong></span> <span class='ocrx_word' id='word_1_525' title='bbox 2641 1385 2842 1455; x_wconf 88' lang='lat' dir='ltr'><strong>quippe</strong></span> <span class='ocrx_word' id='word_1_526' title='bbox 2873 1384 3016 1454; x_wconf 82' lang='lat' dir='ltr'><strong>quod</strong></span> <span class='ocrx_word' id='word_1_527' title='bbox 3056 1390 3140 1439; x_wconf 87' lang='lat' dir='ltr'><strong>est</strong></span> <span class='ocrx_word' id='word_1_528' title='bbox 3190 1380 3561 1437; x_wconf 78' lang='lat' dir='ltr'><strong>inconsidera-</strong></span> 
     </span>
    </p>
   </div>
   <div class='ocr_carea' id='block_1_71' title="bbox 1974 1474 3559 1546">
    <p class='ocr_par' dir='ltr' id='par_1_71' title="bbox 1974 1474 3559 1546">
     <span class='ocr_line' id='line_1_72' title="bbox 1974 1474 3559 1546; baseline -0.004 -15"><span class='ocrx_word' id='word_1_529' title='bbox 1974 1486 2110 1542; x_wconf 89' lang='lat' dir='ltr'><strong>tum,</strong></span> <span class='ocrx_word' id='word_1_530' title='bbox 2173 1475 2489 1546; x_wconf 88' lang='lat' dir='ltr'><strong>nulliusque</strong></span> <span class='ocrx_word' id='word_1_531' title='bbox 2556 1475 2733 1545; x_wconf 86' lang='lat' dir='ltr'><strong>pretii.</strong></span> <span class='ocrx_word' id='word_1_532' title='bbox 2791 1474 2961 1529; x_wconf 83' lang='lat' dir='ltr'><strong>Aiunt</strong></span> <span class='ocrx_word' id='word_1_533' title='bbox 2987 1474 3133 1529; x_wconf 90' lang='lat' dir='ltr'><strong>enim</strong></span> <span class='ocrx_word' id='word_1_534' title='bbox 3163 1488 3387 1544; x_wconf 89' lang='lat' dir='ltr'><strong>prorsus</strong></span> <span class='ocrx_word' id='word_1_535' title='bbox 3416 1486 3559 1542; x_wconf 76' lang='lat' dir='ltr'><strong>prae-</strong></span> 
     </span>
    </p>
   </div>
   <div class='ocr_carea' id='block_1_72' title="bbox 1979 1565 3557 1637">
    <p class='ocr_par' dir='ltr' id='par_1_72' title="bbox 1979 1565 3557 1637">
     <span class='ocr_line' id='line_1_73' title="bbox 1979 1565 3557 1637; baseline -0.003 -15"><span class='ocrx_word' id='word_1_536' title='bbox 1979 1567 2245 1623; x_wconf 78' lang='lat' dir='ltr'><strong>exsistere</strong></span> <span class='ocrx_word' id='word_1_537' title='bbox 2275 1567 2512 1621; x_wconf 89' lang='lat' dir='ltr'><strong>animam</strong></span> <span class='ocrx_word' id='word_1_538' title='bbox 2542 1565 2847 1634; x_wconf 83' lang='lat' dir='ltr'><strong>hominum,</strong></span> <span class='ocrx_word' id='word_1_539' title='bbox 2898 1565 3182 1637; x_wconf 84' lang='lat' dir='ltr'><strong>ipsamque</strong></span> <span class='ocrx_word' id='word_1_540' title='bbox 3210 1578 3557 1620; x_wconf 88' lang='lat' dir='ltr'><strong>communem</strong></span> 
     </span>
    </p>
   </div>
   <div class='ocr_carea' id='block_1_73' title="bbox 1979 1655 3555 1728">
    <p class='ocr_par' dir='ltr' id='par_1_73' title="bbox 1979 1655 3555 1728">
     <span class='ocr_line' id='line_1_74' title="bbox 1979 1655 3555 1728; baseline -0.003 -15"><span class='ocrx_word' id='word_1_541' title='bbox 1979 1659 2369 1714; x_wconf 86' lang='lat' dir='ltr'><strong>elementorum</strong></span> <span class='ocrx_word' id='word_1_542' title='bbox 2395 1673 2781 1728; x_wconf 86' lang='lat' dir='ltr'><strong>corporcorum</strong></span> <span class='ocrx_word' id='word_1_543' title='bbox 2824 1657 3056 1728; x_wconf 78' lang='lat' dir='ltr'><strong>singulis</strong></span> <span class='ocrx_word' id='word_1_544' title='bbox 3095 1671 3238 1721; x_wconf 87' lang='lat' dir='ltr'><strong>esse,</strong></span> <span class='ocrx_word' id='word_1_545' title='bbox 3293 1655 3555 1711; x_wconf 89' lang='lat' dir='ltr'><strong>omnibus</strong></span> 
     </span>
    </p>
   </div>
   <div class='ocr_carea' id='block_1_74' title="bbox 1979 1746 3557 1817">
    <p class='ocr_par' dir='ltr' id='par_1_74' title="bbox 1979 1746 3557 1817">
     <span class='ocr_line' id='line_1_75' title="bbox 1979 1746 3557 1817; baseline -0.002 -16"><span class='ocrx_word' id='word_1_546' title='bbox 1979 1746 2292 1803; x_wconf 86' lang='lat' dir='ltr'><strong>hominibus</strong></span> <span class='ocrx_word' id='word_1_547' title='bbox 2312 1748 2369 1802; x_wconf 93' lang='lat' dir='ltr'><strong>in</strong></span> <span class='ocrx_word' id='word_1_548' title='bbox 2388 1748 2477 1803; x_wconf 89' lang='lat' dir='ltr'><strong>die</strong></span> <span class='ocrx_word' id='word_1_549' title='bbox 2492 1747 2791 1807; x_wconf 84' lang='lat' dir='ltr'><strong>nativitatis</strong></span> <span class='ocrx_word' id='word_1_550' title='bbox 2812 1747 3065 1814; x_wconf 85' lang='lat' dir='ltr'><strong>divisam,</strong></span> <span class='ocrx_word' id='word_1_551' title='bbox 3087 1753 3275 1817; x_wconf 89' lang='lat' dir='ltr'><strong>utpote</strong></span> <span class='ocrx_word' id='word_1_552' title='bbox 3312 1760 3434 1815; x_wconf 72' lang='lat' dir='ltr'><strong>quae</strong></span> <span class='ocrx_word' id='word_1_553' title='bbox 3463 1758 3557 1814; x_wconf 87' lang='lat' dir='ltr'><strong>per</strong></span> 
     </span>
    </p>
   </div>
   <div class='ocr_carea' id='block_1_75' title="bbox 1980 1836 3561 1908">
    <p class='ocr_par' dir='ltr' id='par_1_75' title="bbox 1980 1836 3561 1908">
     <span class='ocr_line' id='line_1_76' title="bbox 1980 1836 3561 1908; baseline -0.003 -16"><span class='ocrx_word' id='word_1_554' title='bbox 1980 1852 2105 1894; x_wconf 86' lang='lat' dir='ltr'><strong>aera</strong></span> <span class='ocrx_word' id='word_1_555' title='bbox 2132 1837 2336 1907; x_wconf 88' lang='lat' dir='ltr'><strong>ubique</strong></span> <span class='ocrx_word' id='word_1_556' title='bbox 2368 1851 2533 1908; x_wconf 90' lang='lat' dir='ltr'><strong>supra</strong></span> <span class='ocrx_word' id='word_1_557' title='bbox 2562 1846 2725 1908; x_wconf 88' lang='lat' dir='ltr'><strong>caput</strong></span> <span class='ocrx_word' id='word_1_558' title='bbox 2758 1836 2954 1893; x_wconf 79' lang='lat' dir='ltr'><strong>diﬂ‘usa</strong></span> <span class='ocrx_word' id='word_1_559' title='bbox 3008 1844 3063 1892; x_wconf 85' lang='lat' dir='ltr'><strong>et</strong></span> <span class='ocrx_word' id='word_1_560' title='bbox 3106 1836 3407 1907; x_wconf 89' lang='lat' dir='ltr'><strong>junctionis</strong></span> <span class='ocrx_word' id='word_1_561' title='bbox 3435 1848 3561 1889; x_wconf 91' lang='lat' dir='ltr'><strong>cum</strong></span> 
     </span>
    </p>
   </div>
   <div class='ocr_carea' id='block_1_76' title="bbox 1979 1925 3554 2002">
    <p class='ocr_par' dir='ltr' id='par_1_76' title="bbox 1979 1925 3554 2002">
     <span class='ocr_line' id='line_1_77' title="bbox 1979 1925 3554 2002; baseline -0.004 -16"><span class='ocrx_word' id='word_1_562' title='bbox 1979 1930 2303 2002; x_wconf 87' lang='lat' dir='ltr'><strong>corporibus</strong></span> <span class='ocrx_word' id='word_1_563' title='bbox 2341 1930 2519 1985; x_wconf 88' lang='lat' dir='ltr'><strong>avida.</strong></span> <span class='ocrx_word' id='word_1_564' title='bbox 2555 1929 2710 1997; x_wconf 84' lang='lat' dir='ltr'><strong>Quod</strong></span> <span class='ocrx_word' id='word_1_565' title='bbox 2738 1930 2786 1986; x_wconf 92' lang='lat' dir='ltr'><strong>si</strong></span> <span class='ocrx_word' id='word_1_566' title='bbox 2811 1929 2993 1996; x_wconf 85' lang='lat' dir='ltr'><strong>detur,</strong></span> <span class='ocrx_word' id='word_1_567' title='bbox 3032 1943 3248 1984; x_wconf 89' lang='lat' dir='ltr'><strong>omnem</strong></span> <span class='ocrx_word' id='word_1_568' title='bbox 3278 1942 3400 1984; x_wconf 88' lang='lat' dir='ltr'><strong>esse</strong></span> <span class='ocrx_word' id='word_1_569' title='bbox 3428 1925 3554 1980; x_wconf 86' lang='lat' dir='ltr'><strong>ani-</strong></span> 
     </span>
    </p>
   </div>
   <div class='ocr_carea' id='block_1_77' title="bbox 1979 2018 3561 2090">
    <p class='ocr_par' dir='ltr' id='par_1_77' title="bbox 1979 2018 3561 2090">
     <span class='ocr_line' id='line_1_78' title="bbox 1979 2018 3561 2090; baseline -0.001 -16"><span class='ocrx_word' id='word_1_570' title='bbox 1979 2035 2120 2075; x_wconf 90' lang='lat' dir='ltr'><strong>mam</strong></span> <span class='ocrx_word' id='word_1_571' title='bbox 2162 2035 2376 2076; x_wconf 89' lang='lat' dir='ltr'><strong>morum</strong></span> <span class='ocrx_word' id='word_1_572' title='bbox 2433 2020 2772 2087; x_wconf 89' lang='lat' dir='ltr'><strong>eorumdem,</strong></span> <span class='ocrx_word' id='word_1_573' title='bbox 2824 2019 3051 2090; x_wconf 85' lang='lat' dir='ltr'><strong>proinde</strong></span> <span class='ocrx_word' id='word_1_574' title='bbox 3090 2033 3196 2075; x_wconf 92' lang='lat' dir='ltr'><strong>non</strong></span> <span class='ocrx_word' id='word_1_575' title='bbox 3244 2018 3387 2072; x_wconf 87' lang='lat' dir='ltr'><strong>hanc</strong></span> <span class='ocrx_word' id='word_1_576' title='bbox 3448 2032 3561 2072; x_wconf 90' lang='lat' dir='ltr'><strong>mc-</strong></span> 
     </span>
    </p>
   </div>
   <div class='ocr_carea' id='block_1_78' title="bbox 1982 2107 3558 2184">
    <p class='ocr_par' dir='ltr' id='par_1_78' title="bbox 1982 2107 3558 2184">
     <span class='ocr_line' id='line_1_79' title="bbox 1982 2107 3558 2184; baseline -0.003 -19"><span class='ocrx_word' id='word_1_577' title='bbox 1982 2111 2193 2179; x_wconf 88' lang='lat' dir='ltr'><strong>liorem,</strong></span> <span class='ocrx_word' id='word_1_578' title='bbox 2226 2120 2281 2169; x_wconf 91' lang='lat' dir='ltr'><strong>et</strong></span> <span class='ocrx_word' id='word_1_579' title='bbox 2316 2112 2464 2167; x_wconf 89' lang='lat' dir='ltr'><strong>illam</strong></span> <span class='ocrx_word' id='word_1_580' title='bbox 2494 2112 2757 2184; x_wconf 74' lang='lat' dir='ltr'><strong>peiorem,</strong></span> <span class='ocrx_word' id='word_1_581' title='bbox 2789 2126 2890 2167; x_wconf 91' lang='lat' dir='ltr'><strong>nec</strong></span> <span class='ocrx_word' id='word_1_582' title='bbox 2944 2111 3087 2165; x_wconf 86' lang='lat' dir='ltr'><strong>hanc</strong></span> <span class='ocrx_word' id='word_1_583' title='bbox 3126 2117 3354 2175; x_wconf 80' lang='lat' dir='ltr'><strong>rectam,</strong></span> <span class='ocrx_word' id='word_1_584' title='bbox 3407 2107 3558 2162; x_wconf 89' lang='lat' dir='ltr'><strong>illam</strong></span> 
     </span>
    </p>
   </div>
   <div class='ocr_carea' id='block_1_79' title="bbox 1980 2196 3559 2273">
    <p class='ocr_par' dir='ltr' id='par_1_79' title="bbox 1980 2196 3559 2273">
     <span class='ocr_line' id='line_1_80' title="bbox 1980 2196 3559 2273; baseline -0.005 -17"><span class='ocrx_word' id='word_1_585' title='bbox 1980 2216 2107 2258; x_wconf 85' lang='lat' dir='ltr'><strong>vere</strong></span> <span class='ocrx_word' id='word_1_586' title='bbox 2130 2215 2402 2258; x_wconf 91' lang='lat' dir='ltr'><strong>morosam</strong></span> <span class='ocrx_word' id='word_1_587' title='bbox 2426 2209 2480 2257; x_wconf 91' lang='lat' dir='ltr'><strong>et</strong></span> <span class='ocrx_word' id='word_1_588' title='bbox 2521 2216 2834 2273; x_wconf 84' lang='lat' dir='ltr'><strong>perversam</strong></span> <span class='ocrx_word' id='word_1_589' title='bbox 2855 2201 2909 2255; x_wconf 92' lang='lat' dir='ltr'><strong>in</strong></span> <span class='ocrx_word' id='word_1_590' title='bbox 2944 2199 3197 2256; x_wconf 78' lang='lat' dir='ltr'><strong>confesso</strong></span> <span class='ocrx_word' id='word_1_591' title='bbox 3234 2213 3376 2263; x_wconf 86' lang='lat' dir='ltr'><strong>esse,</strong></span> <span class='ocrx_word' id='word_1_592' title='bbox 3413 2196 3559 2252; x_wconf 89' lang='lat' dir='ltr'><strong>sicut</strong></span> 
     </span>
    </p>
   </div>
   <div class='ocr_carea' id='block_1_80' title="bbox 1980 2287 3566 2365">
    <p class='ocr_par' dir='ltr' id='par_1_80' title="bbox 1980 2287 3566 2365">
     <span class='ocr_line' id='line_1_81' title="bbox 1980 2287 3566 2365; baseline -0.004 -17"><span class='ocrx_word' id='word_1_593' title='bbox 1980 2293 2124 2351; x_wconf 90' lang='lat' dir='ltr'><strong>aeris</strong></span> <span class='ocrx_word' id='word_1_594' title='bbox 2150 2303 2348 2349; x_wconf 92' lang='lat' dir='ltr'><strong>natura</strong></span> <span class='ocrx_word' id='word_1_595' title='bbox 2371 2292 2439 2348; x_wconf 89' lang='lat' dir='ltr'><strong>ad</strong></span> <span class='ocrx_word' id='word_1_596' title='bbox 2471 2292 2821 2365; x_wconf 84' lang='lat' dir='ltr'><strong>aspirandum</strong></span> <span class='ocrx_word' id='word_1_597' title='bbox 2874 2303 2930 2349; x_wconf 89' lang='lat' dir='ltr'><strong>et</strong></span> <span class='ocrx_word' id='word_1_598' title='bbox 2964 2290 3346 2363; x_wconf 83' lang='lat' dir='ltr'><strong>respirandum</strong></span> <span class='ocrx_word' id='word_1_599' title='bbox 3384 2287 3566 2345; x_wconf 73' lang='lat' dir='ltr'><strong>omni~</strong></span> 
     </span>
    </p>
   </div>
   <div class='ocr_carea' id='block_1_81' title="bbox 1979 2384 3564 2448">
    <p class='ocr_par' dir='ltr' id='par_1_81' title="bbox 1979 2384 3564 2448">
     <span class='ocr_line' id='line_1_82' title="bbox 1979 2384 3564 2448; baseline -0.006 -8"><span class='ocrx_word' id='word_1_600' title='bbox 1979 2384 2084 2441; x_wconf 87' lang='lat' dir='ltr'><strong>bus</strong></span> <span class='ocrx_word' id='word_1_601' title='bbox 2112 2385 2436 2441; x_wconf 88' lang='lat' dir='ltr'><strong>mortalibus</strong></span> <span class='ocrx_word' id='word_1_602' title='bbox 2466 2392 2685 2440; x_wconf 87' lang='lat' dir='ltr'><strong>constat</strong></span> <span class='ocrx_word' id='word_1_603' title='bbox 2735 2384 2948 2448; x_wconf 87' lang='lat' dir='ltr'><strong>eadem,</strong></span> <span class='ocrx_word' id='word_1_604' title='bbox 2995 2398 3188 2439; x_wconf 90' lang='lat' dir='ltr'><strong>omnes</strong></span> <span class='ocrx_word' id='word_1_605' title='bbox 3241 2388 3404 2438; x_wconf 86' lang='lat' dir='ltr'><strong>erunt</strong></span> <span class='ocrx_word' id='word_1_606' title='bbox 3443 2393 3564 2434; x_wconf 89' lang='lat' dir='ltr'><strong>om-</strong></span> 
     </span>
    </p>
   </div>
   <div class='ocr_carea' id='block_1_82' title="bbox 1980 2471 3552 2544">
    <p class='ocr_par' dir='ltr' id='par_1_82' title="bbox 1980 2471 3552 2544">
     <span class='ocr_line' id='line_1_83' title="bbox 1980 2471 3552 2544; baseline -0.003 -14"><span class='ocrx_word' id='word_1_607' title='bbox 1980 2476 2132 2530; x_wconf 91' lang='lat' dir='ltr'><strong>nium</strong></span> <span class='ocrx_word' id='word_1_608' title='bbox 2174 2484 2228 2531; x_wconf 89' lang='lat' dir='ltr'><strong>et</strong></span> <span class='ocrx_word' id='word_1_609' title='bbox 2274 2476 2454 2532; x_wconf 89' lang='lat' dir='ltr'><strong>adhuc</strong></span> <span class='ocrx_word' id='word_1_610' title='bbox 2484 2477 2735 2531; x_wconf 80' lang='lat' dir='ltr'><strong>viventes</strong></span> <span class='ocrx_word' id='word_1_611' title='bbox 2756 2475 2812 2529; x_wconf 86' lang='lat' dir='ltr'><strong>in</strong></span> <span class='ocrx_word' id='word_1_612' title='bbox 2836 2489 3069 2544; x_wconf 90' lang='lat' dir='ltr'><strong>corpore</strong></span> <span class='ocrx_word' id='word_1_613' title='bbox 3099 2471 3552 2541; x_wconf 80' lang='lat' dir='ltr'><strong>etexspirantes;</strong></span> 
     </span>
    </p>
   </div>
   <div class='ocr_carea' id='block_1_83' title="bbox 1980 2562 3565 2634">
    <p class='ocr_par' dir='ltr' id='par_1_83' title="bbox 1980 2562 3565 2634">
     <span class='ocr_line' id='line_1_84' title="bbox 1980 2562 3565 2634; baseline -0.006 -11"><span class='ocrx_word' id='word_1_614' title='bbox 1980 2577 2074 2623; x_wconf 91' lang='lat' dir='ltr'><strong>aut</strong></span> <span class='ocrx_word' id='word_1_615' title='bbox 2100 2566 2424 2624; x_wconf 88' lang='lat' dir='ltr'><strong>decedentes</strong></span> <span class='ocrx_word' id='word_1_616' title='bbox 2452 2582 2644 2623; x_wconf 87' lang='lat' dir='ltr'><strong>omnes</strong></span> <span class='ocrx_word' id='word_1_617' title='bbox 2668 2567 2724 2622; x_wconf 92' lang='lat' dir='ltr'><strong>in</strong></span> <span class='ocrx_word' id='word_1_618' title='bbox 2754 2566 3009 2621; x_wconf 87' lang='lat' dir='ltr'><strong>omnibus</strong></span> <span class='ocrx_word' id='word_1_619' title='bbox 3035 2564 3222 2634; x_wconf 86' lang='lat' dir='ltr'><strong>jacere</strong></span> <span class='ocrx_word' id='word_1_620' title='bbox 3276 2562 3565 2618; x_wconf 79' lang='lat' dir='ltr'><strong>existima-</strong></span> 
     </span>
    </p>
   </div>
   <div class='ocr_carea' id='block_1_84' title="bbox 1981 2655 3567 2717">
    <p class='ocr_par' dir='ltr' id='par_1_84' title="bbox 1981 2655 3567 2717">
     <span class='ocr_line' id='line_1_85' title="bbox 1981 2655 3567 2717; baseline -0.004 -2"><span class='ocrx_word' id='word_1_621' title='bbox 1981 2660 2187 2716; x_wconf 88' lang='lat' dir='ltr'><strong>buntur</strong></span> <span class='ocrx_word' id='word_1_622' title='bbox 2210 2675 2279 2717; x_wconf 81' lang='lat' dir='ltr'><strong>ex</strong></span> <span class='ocrx_word' id='word_1_623' title='bbox 2292 2659 2562 2716; x_wconf 87' lang='lat' dir='ltr'><strong>sententia</strong></span> <span class='ocrx_word' id='word_1_624' title='bbox 2587 2658 2860 2717; x_wconf 80' lang='lat' dir='ltr'><strong>credentis</strong></span> <span class='ocrx_word' id='word_1_625' title='bbox 2889 2657 3268 2713; x_wconf 85' lang='lat' dir='ltr'><strong>universorum</strong></span> <span class='ocrx_word' id='word_1_626' title='bbox 3301 2655 3567 2710; x_wconf 73' lang='lat' dir='ltr'><strong>exsistere</strong></span> 
     </span>
    </p>
   </div>
   <div class='ocr_carea' id='block_1_85' title="bbox 1983 2747 3566 2818">
    <p class='ocr_par' dir='ltr' id='par_1_85' title="bbox 1983 2747 3566 2818">
     <span class='ocr_line' id='line_1_86' title="bbox 1983 2747 3566 2818; baseline -0.006 -8"><span class='ocrx_word' id='word_1_627' title='bbox 1983 2755 2221 2811; x_wconf 90' lang='lat' dir='ltr'><strong>animam</strong></span> <span class='ocrx_word' id='word_1_628' title='bbox 2257 2772 2271 2807; x_wconf 92' lang='lat'>:</span> <span class='ocrx_word' id='word_1_629' title='bbox 2309 2753 2519 2818; x_wconf 90' lang='lat' dir='ltr'><strong>eadem,</strong></span> <span class='ocrx_word' id='word_1_630' title='bbox 2542 2753 2638 2818; x_wconf 89' lang='lat' dir='ltr'><strong>ait,</strong></span> <span class='ocrx_word' id='word_1_631' title='bbox 2700 2759 2755 2807; x_wconf 90' lang='lat' dir='ltr'><strong>et</strong></span> <span class='ocrx_word' id='word_1_632' title='bbox 2801 2751 2943 2806; x_wconf 87' lang='lat' dir='ltr'><strong>acris</strong></span> <span class='ocrx_word' id='word_1_633' title='bbox 2967 2749 3184 2806; x_wconf 84' lang='lat' dir='ltr'><strong>exsistit</strong></span> <span class='ocrx_word' id='word_1_634' title='bbox 3213 2747 3378 2803; x_wconf 81' lang='lat' dir='ltr'><strong>ﬂuxio</strong></span> <span class='ocrx_word' id='word_1_635' title='bbox 3417 2759 3566 2801; x_wconf 91' lang='lat' dir='ltr'><strong>nunc</strong></span> 
     </span>
    </p>
   </div>
   <div class='ocr_carea' id='block_1_86' title="bbox 1984 2839 3553 2912">
    <p class='ocr_par' dir='ltr' id='par_1_86' title="bbox 1984 2839 3553 2912">
     <span class='ocr_line' id='line_1_87' title="bbox 1984 2839 3553 2912; baseline -0.006 -10"><span class='ocrx_word' id='word_1_636' title='bbox 1984 2848 2041 2902; x_wconf 83' lang='lat' dir='ltr'><strong>in</strong></span> <span class='ocrx_word' id='word_1_637' title='bbox 2064 2847 2172 2912; x_wconf 87' lang='lat' dir='ltr'><strong>his,</strong></span> <span class='ocrx_word' id='word_1_638' title='bbox 2202 2860 2349 2900; x_wconf 90' lang='lat' dir='ltr'><strong>nunc</strong></span> <span class='ocrx_word' id='word_1_639' title='bbox 2377 2845 2434 2899; x_wconf 90' lang='lat' dir='ltr'><strong>in</strong></span> <span class='ocrx_word' id='word_1_640' title='bbox 2466 2844 2589 2900; x_wconf 91' lang='lat' dir='ltr'><strong>istis</strong></span> <span class='ocrx_word' id='word_1_641' title='bbox 2613 2842 2810 2902; x_wconf 82' lang='lat' dir='ltr'><strong>diﬂ&#39;usa</strong></span> <span class='ocrx_word' id='word_1_642' title='bbox 2833 2843 2993 2898; x_wconf 89' lang='lat' dir='ltr'><strong>locis.</strong></span> <span class='ocrx_word' id='word_1_643' title='bbox 3018 2842 3077 2899; x_wconf 82' lang='lat' dir='ltr'><strong>Si</strong></span> <span class='ocrx_word' id='word_1_644' title='bbox 3101 2848 3287 2897; x_wconf 89' lang='lat' dir='ltr'><strong>autem</strong></span> <span class='ocrx_word' id='word_1_645' title='bbox 3312 2839 3553 2896; x_wconf 79' lang='lat' dir='ltr'><strong>dixeris:</strong></span> 
     </span>
    </p>
   </div>
   <div class='ocr_carea' id='block_1_87' title="bbox 1981 2929 3565 2998">
    <p class='ocr_par' dir='ltr' id='par_1_87' title="bbox 1981 2929 3565 2998">
     <span class='ocr_line' id='line_1_88' title="bbox 1981 2929 3565 2998; baseline -0.006 -5"><span class='ocrx_word' id='word_1_646' title='bbox 1981 2938 2101 2994; x_wconf 78' lang='lat' dir='ltr'><strong>Non</strong></span> <span class='ocrx_word' id='word_1_647' title='bbox 2129 2936 2456 2992; x_wconf 75' lang='lat' dir='ltr'><strong>diﬂ’unditur</strong></span> <span class='ocrx_word' id='word_1_648' title='bbox 2488 2934 2670 2990; x_wconf 88' lang='lat' dir='ltr'><strong>anima</strong></span> <span class='ocrx_word' id='word_1_649' title='bbox 2701 2933 2844 2989; x_wconf 87' lang='lat' dir='ltr'><strong>sicut</strong></span> <span class='ocrx_word' id='word_1_650' title='bbox 2875 2947 2989 2998; x_wconf 88' lang='lat' dir='ltr'><strong>aer,</strong></span> <span class='ocrx_word' id='word_1_651' title='bbox 3035 2932 3091 2987; x_wconf 90' lang='lat' dir='ltr'><strong>in</strong></span> <span class='ocrx_word' id='word_1_652' title='bbox 3146 2946 3257 2989; x_wconf 88' lang='lat' dir='ltr'><strong>uno</strong></span> <span class='ocrx_word' id='word_1_653' title='bbox 3284 2938 3339 2986; x_wconf 89' lang='lat' dir='ltr'><strong>et</strong></span> <span class='ocrx_word' id='word_1_654' title='bbox 3372 2929 3565 2985; x_wconf 91' lang='lat' dir='ltr'><strong>eodem</strong></span> 
     </span>
    </p>
   </div>
   <div class='ocr_carea' id='block_1_88' title="bbox 1981 3022 3559 3098">
    <p class='ocr_par' dir='ltr' id='par_1_88' title="bbox 1981 3022 3559 3098">
     <span class='ocr_line' id='line_1_89' title="bbox 1981 3022 3559 3098; baseline -0.008 -10"><span class='ocrx_word' id='word_1_655' title='bbox 1981 3032 2103 3087; x_wconf 91' lang='lat' dir='ltr'><strong>loco</strong></span> <span class='ocrx_word' id='word_1_656' title='bbox 2136 3036 2407 3096; x_wconf 82' lang='lat' dir='ltr'><strong>remanet,</strong></span> <span class='ocrx_word' id='word_1_657' title='bbox 2469 3035 2524 3083; x_wconf 86' lang='lat' dir='ltr'><strong>te</strong></span> <span class='ocrx_word' id='word_1_658' title='bbox 2559 3026 2906 3098; x_wconf 77' lang='lat' dir='ltr'><strong>interrogabo</strong></span> <span class='ocrx_word' id='word_1_659' title='bbox 2938 3026 3007 3081; x_wconf 90' lang='lat' dir='ltr'><strong>de</strong></span> <span class='ocrx_word' id='word_1_660' title='bbox 3044 3032 3242 3080; x_wconf 81' lang='lat' dir='ltr'><strong>caetero</strong></span> <span class='ocrx_word' id='word_1_661' title='bbox 3274 3042 3287 3077; x_wconf 91' lang='lat'><strong>:</strong></span> <span class='ocrx_word' id='word_1_662' title='bbox 3330 3022 3473 3089; x_wconf 86' lang='lat' dir='ltr'><strong>Quid</strong></span> <span class='ocrx_word' id='word_1_663' title='bbox 3510 3023 3559 3079; x_wconf 89' lang='lat' dir='ltr'><strong>si</strong></span> 
     </span>
    </p>
   </div>
   <div class='ocr_carea' id='block_1_89' title="bbox 1980 3113 3568 3196">
    <p class='ocr_par' dir='ltr' id='par_1_89' title="bbox 1980 3113 3568 3196">
     <span class='ocr_line' id='line_1_90' title="bbox 1980 3113 3568 3196; baseline -0.006 -17"><span class='ocrx_word' id='word_1_664' title='bbox 1980 3123 2126 3196; x_wconf 87' lang='lat' dir='ltr'><strong>apud</strong></span> <span class='ocrx_word' id='word_1_665' title='bbox 2156 3136 2217 3179; x_wconf 90' lang='lat' dir='ltr'><strong>se</strong></span> <span class='ocrx_word' id='word_1_666' title='bbox 2244 3123 2418 3193; x_wconf 89' lang='lat' dir='ltr'><strong>ipsam</strong></span> <span class='ocrx_word' id='word_1_667' title='bbox 2447 3135 2677 3176; x_wconf 90' lang='lat' dir='ltr'><strong>manens</strong></span> <span class='ocrx_word' id='word_1_668' title='bbox 2704 3118 2950 3190; x_wconf 86' lang='lat' dir='ltr'><strong>perstat?</strong></span> <span class='ocrx_word' id='word_1_669' title='bbox 2982 3116 3124 3184; x_wconf 83' lang='lat' dir='ltr'><strong>Quid</strong></span> <span class='ocrx_word' id='word_1_670' title='bbox 3170 3131 3202 3172; x_wconf 92' lang='lat' dir='ltr'><strong>e</strong></span> <span class='ocrx_word' id='word_1_671' title='bbox 3252 3125 3446 3170; x_wconf 85' lang='lat' dir='ltr'><strong>contra</strong></span> <span class='ocrx_word' id='word_1_672' title='bbox 3499 3113 3568 3170; x_wconf 86' lang='lat' dir='ltr'><strong>de</strong></span> 
     </span>
    </p>
   </div>
   <div class='ocr_carea' id='block_1_90' title="bbox 1982 3206 3571 3286">
    <p class='ocr_par' dir='ltr' id='par_1_90' title="bbox 1982 3206 3571 3286">
     <span class='ocr_line' id='line_1_91' title="bbox 1982 3206 3571 3286; baseline -0.006 -15"><span class='ocrx_word' id='word_1_673' title='bbox 1982 3223 2251 3286; x_wconf 87' lang='lat' dir='ltr'><strong>concepto</strong></span> <span class='ocrx_word' id='word_1_674' title='bbox 2279 3212 2544 3269; x_wconf 86' lang='lat' dir='ltr'><strong>maternis</strong></span> <span class='ocrx_word' id='word_1_675' title='bbox 2574 3212 2629 3267; x_wconf 92' lang='lat' dir='ltr'><strong>in</strong></span> <span class='ocrx_word' id='word_1_676' title='bbox 2648 3210 2980 3275; x_wconf 85' lang='lat' dir='ltr'><strong>visceribus,</strong></span> <span class='ocrx_word' id='word_1_677' title='bbox 3004 3208 3137 3279; x_wconf 90' lang='lat' dir='ltr'><strong>quid</strong></span> <span class='ocrx_word' id='word_1_678' title='bbox 3166 3207 3234 3263; x_wconf 89' lang='lat' dir='ltr'><strong>de</strong></span> <span class='ocrx_word' id='word_1_679' title='bbox 3258 3206 3571 3278; x_wconf 67' lang='lat' dir='ltr'><strong>praagnata?</strong></span> 
     </span>
    </p>
   </div>
   <div class='ocr_carea' id='block_1_91' title="bbox 1990 3297 3568 3374">
    <p class='ocr_par' dir='ltr' id='par_1_91' title="bbox 1990 3297 3568 3374">
     <span class='ocr_line' id='line_1_92' title="bbox 1990 3297 3568 3374; baseline -0.008 -12"><span class='ocrx_word' id='word_1_680' title='bbox 1990 3306 2049 3362; x_wconf 91' lang='lat' dir='ltr'><strong>Si</strong></span> <span class='ocrx_word' id='word_1_681' title='bbox 2090 3321 2180 3362; x_wconf 90' lang='lat' dir='ltr'><strong>me</strong></span> <span class='ocrx_word' id='word_1_682' title='bbox 2213 3304 2450 3362; x_wconf 86' lang='lat' dir='ltr'><strong>solutam</strong></span> <span class='ocrx_word' id='word_1_683' title='bbox 2484 3316 2719 3374; x_wconf 90' lang='lat' dir='ltr'><strong>corpore</strong></span> <span class='ocrx_word' id='word_1_684' title='bbox 2758 3308 2813 3356; x_wconf 91' lang='lat' dir='ltr'><strong>et</strong></span> <span class='ocrx_word' id='word_1_685' title='bbox 2865 3300 3115 3365; x_wconf 88' lang='lat' dir='ltr'><strong>liberam,</strong></span> <span class='ocrx_word' id='word_1_686' title='bbox 3158 3297 3343 3354; x_wconf 85' lang='lat' dir='ltr'><strong>dicere</strong></span> <span class='ocrx_word' id='word_1_687' title='bbox 3365 3298 3568 3367; x_wconf 87' lang='lat' dir='ltr'><strong>poterit</strong></span> 
     </span>
    </p>
   </div>
   <div class='ocr_carea' id='block_1_92' title="bbox 1987 3388 3570 3463">
    <p class='ocr_par' dir='ltr' id='par_1_92' title="bbox 1987 3388 3570 3463">
     <span class='ocr_line' id='line_1_93' title="bbox 1987 3388 3570 3463; baseline -0.006 -11"><span class='ocrx_word' id='word_1_688' title='bbox 1987 3397 2191 3461; x_wconf 89' lang='lat' dir='ltr'><strong>anima,</strong></span> <span class='ocrx_word' id='word_1_689' title='bbox 2219 3401 2399 3450; x_wconf 87' lang='lat' dir='ltr'><strong>mater</strong></span> <span class='ocrx_word' id='word_1_690' title='bbox 2419 3391 2674 3449; x_wconf 84' lang='lat' dir='ltr'><strong>dividens</strong></span> <span class='ocrx_word' id='word_1_691' title='bbox 2701 3391 2932 3463; x_wconf 71' lang='lat' dir='ltr'><strong>proiecit</strong></span> <span class='ocrx_word' id='word_1_692' title='bbox 2962 3399 3055 3444; x_wconf 89' lang='lat' dir='ltr'><strong>aut</strong></span> <span class='ocrx_word' id='word_1_693' title='bbox 3086 3388 3355 3460; x_wconf 84' lang='lat' dir='ltr'><strong>projicere</strong></span> <span class='ocrx_word' id='word_1_694' title='bbox 3377 3394 3570 3443; x_wconf 90' lang='lat' dir='ltr'><strong>coacta</strong></span> 
     </span>
    </p>
   </div>
   <div class='ocr_carea' id='block_1_93' title="bbox 1985 3476 3568 3554">
    <p class='ocr_par' dir='ltr' id='par_1_93' title="bbox 1985 3476 3568 3554">
     <span class='ocr_line' id='line_1_94' title="bbox 1985 3476 3568 3554; baseline -0.006 -14"><span class='ocrx_word' id='word_1_695' title='bbox 1985 3492 2090 3547; x_wconf 87' lang='lat' dir='ltr'><strong>est,</strong></span> <span class='ocrx_word' id='word_1_696' title='bbox 2114 3485 2244 3554; x_wconf 90' lang='lat' dir='ltr'><strong>quid</strong></span> <span class='ocrx_word' id='word_1_697' title='bbox 2277 3483 2506 3538; x_wconf 86' lang='lat' dir='ltr'><strong>retinuit</strong></span> <span class='ocrx_word' id='word_1_698' title='bbox 2552 3482 2607 3536; x_wconf 91' lang='lat' dir='ltr'><strong>in</strong></span> <span class='ocrx_word' id='word_1_699' title='bbox 2641 3496 2702 3536; x_wconf 90' lang='lat' dir='ltr'><strong>se</strong></span> <span class='ocrx_word' id='word_1_700' title='bbox 2734 3495 2985 3544; x_wconf 86' lang='lat' dir='ltr'><strong>manens,</strong></span> <span class='ocrx_word' id='word_1_701' title='bbox 3014 3478 3146 3548; x_wconf 89' lang='lat' dir='ltr'><strong>quid</strong></span> <span class='ocrx_word' id='word_1_702' title='bbox 3182 3492 3311 3533; x_wconf 87' lang='lat' dir='ltr'><strong>vero</strong></span> <span class='ocrx_word' id='word_1_703' title='bbox 3343 3476 3568 3546; x_wconf 90' lang='lat' dir='ltr'><strong>quodin</strong></span> 
     </span>
    </p>
   </div>
   <div class='ocr_carea' id='block_1_94' title="bbox 1987 3560 3570 3649">
    <p class='ocr_par' dir='ltr' id='par_1_94' title="bbox 1987 3560 3570 3649">
     <span class='ocr_line' id='line_1_95' title="bbox 1987 3560 3570 3649; baseline -0.009 -18"><span class='ocrx_word' id='word_1_704' title='bbox 1987 3575 2112 3631; x_wconf 91' lang='lat' dir='ltr'><strong>sinu</strong></span> <span class='ocrx_word' id='word_1_705' title='bbox 2141 3573 2478 3649; x_wconf 82' lang='lat' dir='ltr'><strong>ejusvivens</strong></span> <span class='ocrx_word' id='word_1_706' title='bbox 2504 3581 2667 3642; x_wconf 89' lang='lat' dir='ltr'><strong>atque</strong></span> <span class='ocrx_word' id='word_1_707' title='bbox 2695 3570 2751 3625; x_wconf 90' lang='lat' dir='ltr'><strong>in</strong></span> <span class='ocrx_word' id='word_1_708' title='bbox 2771 3560 3086 3625; x_wconf 90' lang='lat' dir='ltr'><strong>dolorosam</strong></span> <span class='ocrx_word' id='word_1_709' title='bbox 3115 3566 3278 3621; x_wconf 87' lang='lat' dir='ltr'><strong>vitam</strong></span> <span class='ocrx_word' id='word_1_710' title='bbox 3299 3573 3354 3621; x_wconf 89' lang='lat' dir='ltr'><strong>et</strong></span> <span class='ocrx_word' id='word_1_711' title='bbox 3371 3579 3570 3619; x_wconf 61' lang='lat' dir='ltr'><strong>atrum-</strong></span> 
     </span>
    </p>
   </div>
   <div class='ocr_carea' id='block_1_95' title="bbox 1987 3661 3573 3734">
    <p class='ocr_par' dir='ltr' id='par_1_95' title="bbox 1987 3661 3573 3734">
     <span class='ocr_line' id='line_1_96' title="bbox 1987 3661 3573 3734; baseline -0.007 -13"><span class='ocrx_word' id='word_1_712' title='bbox 1987 3680 2178 3721; x_wconf 90' lang='lat' dir='ltr'><strong>nosam</strong></span> <span class='ocrx_word' id='word_1_713' title='bbox 2211 3664 2515 3720; x_wconf 82' lang='lat' dir='ltr'><strong>accedens?</strong></span> <span class='ocrx_word' id='word_1_714' title='bbox 2551 3663 2951 3734; x_wconf 85' lang='lat' dir='ltr'><strong>Supponasque</strong></span> <span class='ocrx_word' id='word_1_715' title='bbox 2979 3661 3152 3731; x_wconf 86' lang='lat' dir='ltr'><strong>ipsam</strong></span> <span class='ocrx_word' id='word_1_716' title='bbox 3183 3668 3237 3715; x_wconf 90' lang='lat' dir='ltr'><strong>et</strong></span> <span class='ocrx_word' id='word_1_717' title='bbox 3268 3670 3573 3713; x_wconf 85' lang='lat' dir='ltr'><strong>numerosae</strong></span> 
     </span>
    </p>
   </div>
   <div class='ocr_carea' id='block_1_96' title="bbox 1988 3747 3567 3827">
    <p class='ocr_par' dir='ltr' id='par_1_96' title="bbox 1988 3747 3567 3827">
     <span class='ocr_line' id='line_1_97' title="bbox 1988 3747 3567 3827; baseline -0.006 -15"><span class='ocrx_word' id='word_1_718' title='bbox 1988 3765 2220 3812; x_wconf 90' lang='lat' dir='ltr'><strong>matrem</strong></span> <span class='ocrx_word' id='word_1_719' title='bbox 2262 3754 2453 3827; x_wconf 91' lang='lat' dir='ltr'><strong>prolis,</strong></span> <span class='ocrx_word' id='word_1_720' title='bbox 2520 3770 2621 3826; x_wconf 88' lang='lat' dir='ltr'><strong>pro</strong></span> <span class='ocrx_word' id='word_1_721' title='bbox 2668 3755 2876 3809; x_wconf 87' lang='lat' dir='ltr'><strong>honore</strong></span> <span class='ocrx_word' id='word_1_722' title='bbox 2924 3751 3280 3824; x_wconf 76' lang='lat' dir='ltr'><strong>ignominiam</strong></span> <span class='ocrx_word' id='word_1_723' title='bbox 3332 3747 3567 3813; x_wconf 85' lang='lat' dir='ltr'><strong>dedisti,</strong></span> 
     </span>
    </p>
   </div>
   <div class='ocr_carea' id='block_1_97' title="bbox 1989 3842 3573 3922">
    <p class='ocr_par' dir='ltr' id='par_1_97' title="bbox 1989 3842 3573 3922">
     <span class='ocr_line' id='line_1_98' title="bbox 1989 3842 3573 3922; baseline -0.004 -18"><span class='ocrx_word' id='word_1_724' title='bbox 1989 3849 2085 3922; x_wconf 90' lang='lat' dir='ltr'><strong>qui</strong></span> <span class='ocrx_word' id='word_1_725' title='bbox 2112 3850 2405 3904; x_wconf 89' lang='lat' dir='ltr'><strong>multarum</strong></span> <span class='ocrx_word' id='word_1_726' title='bbox 2434 3849 2742 3904; x_wconf 90' lang='lat' dir='ltr'><strong>animarum</strong></span> <span class='ocrx_word' id='word_1_727' title='bbox 2770 3847 3034 3903; x_wconf 67' lang='lat' dir='ltr'><strong>aerumnis</strong></span> <span class='ocrx_word' id='word_1_728' title='bbox 3078 3847 3203 3902; x_wconf 67' lang='lat' dir='ltr'><strong>vitae</strong></span> <span class='ocrx_word' id='word_1_729' title='bbox 3240 3854 3295 3901; x_wconf 82' lang='lat' dir='ltr'><strong>et</strong></span> <span class='ocrx_word' id='word_1_730' title='bbox 3331 3842 3573 3899; x_wconf 87' lang='lat' dir='ltr'><strong>miseriis</strong></span> 
     </span>
    </p>
   </div>
   <div class='ocr_carea' id='block_1_98' title="bbox 1990 3936 3569 4016">
    <p class='ocr_par' dir='ltr' id='par_1_98' title="bbox 1990 3936 3569 4016">
     <span class='ocr_line' id='line_1_99' title="bbox 1990 3936 3569 4016; baseline -0.005 -17"><span class='ocrx_word' id='word_1_731' title='bbox 1990 3957 2379 4016; x_wconf 81' lang='lat' dir='ltr'><strong>oppressamm</strong></span> <span class='ocrx_word' id='word_1_732' title='bbox 2413 3949 2470 3998; x_wconf 91' lang='lat' dir='ltr'><strong>et</strong></span> <span class='ocrx_word' id='word_1_733' title='bbox 2501 3948 2772 3997; x_wconf 87' lang='lat' dir='ltr'><strong>tactarum</strong></span> <span class='ocrx_word' id='word_1_734' title='bbox 2831 3955 3056 3997; x_wconf 89' lang='lat' dir='ltr'><strong>causam</strong></span> <span class='ocrx_word' id='word_1_735' title='bbox 3115 3939 3264 3995; x_wconf 88' lang='lat' dir='ltr'><strong>illam</strong></span> <span class='ocrx_word' id='word_1_736' title='bbox 3301 3936 3569 3995; x_wconf 89' lang='lat' dir='ltr'><strong>ostendis.</strong></span> 
     </span>
    </p>
   </div>
   <div class='ocr_carea' id='block_1_99' title="bbox 1993 4072 3577 4136">
    <p class='ocr_par' dir='ltr' id='par_1_99' title="bbox 1993 4072 3577 4136">
     <span class='ocr_line' id='line_1_100' title="bbox 1993 4072 3577 4136; baseline -0.008 0"><span class='ocrx_word' id='word_1_737' title='bbox 1993 4081 2065 4136; x_wconf 69' lang='lat'><strong>&#39;52</strong></span> <span class='ocrx_word' id='word_1_738' title='bbox 2103 4079 2253 4136; x_wconf 81' lang='lat' dir='ltr'><strong>Vana</strong></span> <span class='ocrx_word' id='word_1_739' title='bbox 2305 4077 2562 4134; x_wconf 80' lang='lat' dir='ltr'><strong>librorum</strong></span> <span class='ocrx_word' id='word_1_740' title='bbox 2621 4077 2852 4133; x_wconf 80' lang='lat' dir='ltr'><strong>ludibria</strong></span> <span class='ocrx_word' id='word_1_741' title='bbox 2910 4093 2972 4131; x_wconf 88' lang='lat' dir='ltr'><strong>ac</strong></span> <span class='ocrx_word' id='word_1_742' title='bbox 3031 4074 3302 4129; x_wconf 78' lang='lat' dir='ltr'><strong>hominum</strong></span> <span class='ocrx_word' id='word_1_743' title='bbox 3362 4072 3577 4126; x_wconf 83' lang='lat' dir='ltr'><strong>minime</strong></span> 
     </span>
    </p>
   </div>
   <div class='ocr_carea' id='block_1_100' title="bbox 2688 4143 3507 4220">
    <p class='ocr_par' dir='ltr' id='par_1_100' title="bbox 2688 4143 3507 4220">
     <span class='ocr_line' id='line_1_101' title="bbox 2688 4143 3507 4220; baseline -0.009 -19"><span class='ocrx_word' id='word_1_744' title='bbox 2688 4146 3027 4220; x_wconf 78' lang='lat' dir='ltr'><strong>[sapientium</strong></span> <span class='ocrx_word' id='word_1_745' title='bbox 3052 4155 3132 4200; x_wconf 81' lang='lat' dir='ltr'><strong>est</strong></span> <span class='ocrx_word' id='word_1_746' title='bbox 3175 4143 3371 4214; x_wconf 69' lang='lat' dir='ltr'><strong>opinio,</strong></span> <span class='ocrx_word' id='word_1_747' title='bbox 3401 4151 3507 4198; x_wconf 85' lang='lat' dir='ltr'><strong>etc.</strong></span> 
     </span>
    </p>
   </div>
   <div class='ocr_carea' id='block_1_101' title="bbox 2064 4274 3577 4360">
    <p class='ocr_par' dir='ltr' id='par_1_101' title="bbox 2064 4274 3577 4360">
     <span class='ocr_line' id='line_1_102' title="bbox 2064 4274 3577 4360; baseline -0.013 -13"><span class='ocrx_word' id='word_1_748' title='bbox 2064 4292 2192 4357; x_wconf 90' lang='lat' dir='ltr'><strong>Iste,</strong></span> <span class='ocrx_word' id='word_1_749' title='bbox 2254 4289 2453 4360; x_wconf 79' lang='lat' dir='ltr'><strong>inquit,</strong></span> <span class='ocrx_word' id='word_1_750' title='bbox 2516 4300 2685 4341; x_wconf 88' lang='lat' dir='ltr'><strong>unam</strong></span> <span class='ocrx_word' id='word_1_751' title='bbox 2738 4280 3012 4339; x_wconf 87' lang='lat' dir='ltr'><strong>universis</strong></span> <span class='ocrx_word' id='word_1_752' title='bbox 3066 4278 3384 4336; x_wconf 87' lang='lat' dir='ltr'><strong>hominibus</strong></span> <span class='ocrx_word' id='word_1_753' title='bbox 3421 4274 3577 4337; x_wconf 80' lang='lat' dir='ltr'><strong>attri-</strong></span> 
     </span>
    </p>
   </div>
   <div class='ocr_carea' id='block_1_102' title="bbox 1990 4366 3578 4446">
    <p class='ocr_par' dir='ltr' id='par_1_102' title="bbox 1990 4366 3578 4446">
     <span class='ocr_line' id='line_1_103' title="bbox 1990 4366 3578 4446; baseline -0.011 -9"><span class='ocrx_word' id='word_1_754' title='bbox 1990 4381 2188 4446; x_wconf 87' lang='lat' dir='ltr'><strong>bucns,</strong></span> <span class='ocrx_word' id='word_1_755' title='bbox 2256 4386 2316 4433; x_wconf 93' lang='lat' dir='ltr'><strong>ut</strong></span> <span class='ocrx_word' id='word_1_756' title='bbox 2353 4379 2559 4433; x_wconf 87' lang='lat' dir='ltr'><strong>dictum</strong></span> <span class='ocrx_word' id='word_1_757' title='bbox 2585 4383 2690 4437; x_wconf 86' lang='lat' dir='ltr'><strong>est,</strong></span> <span class='ocrx_word' id='word_1_758' title='bbox 2718 4373 2951 4429; x_wconf 85' lang='lat' dir='ltr'><strong>divisam</strong></span> <span class='ocrx_word' id='word_1_759' title='bbox 2981 4370 3244 4435; x_wconf 87' lang='lat' dir='ltr'><strong>animam,</strong></span> <span class='ocrx_word' id='word_1_760' title='bbox 3280 4382 3463 4424; x_wconf 89' lang='lat' dir='ltr'><strong>sermo</strong></span> <span class='ocrx_word' id='word_1_761' title='bbox 3492 4366 3578 4420; x_wconf 85' lang='lat' dir='ltr'><strong>in-</strong></span> 
     </span>
    </p>
   </div>
   <div class='ocr_carea' id='block_1_103' title="bbox 1995 4459 3577 4541">
    <p class='ocr_par' dir='ltr' id='par_1_103' title="bbox 1995 4459 3577 4541">
     <span class='ocr_line' id='line_1_104' title="bbox 1995 4459 3577 4541; baseline -0.011 -12"><span class='ocrx_word' id='word_1_762' title='bbox 1995 4473 2149 4530; x_wconf 89' lang='lat' dir='ltr'><strong>sania</strong></span> <span class='ocrx_word' id='word_1_763' title='bbox 2199 4479 2363 4541; x_wconf 88' lang='lat' dir='ltr'><strong>atque</strong></span> <span class='ocrx_word' id='word_1_764' title='bbox 2400 4468 2605 4539; x_wconf 88' lang='lat' dir='ltr'><strong>ineptia</strong></span> <span class='ocrx_word' id='word_1_765' title='bbox 2624 4466 2960 4523; x_wconf 84' lang='lat' dir='ltr'><strong>redundans.</strong></span> <span class='ocrx_word' id='word_1_766' title='bbox 2993 4463 3158 4519; x_wconf 78' lang='lat' dir='ltr'><strong>Vanis</strong></span> <span class='ocrx_word' id='word_1_767' title='bbox 3205 4469 3263 4519; x_wconf 86' lang='lat' dir='ltr'><strong>et</strong></span> <span class='ocrx_word' id='word_1_768' title='bbox 3308 4459 3476 4514; x_wconf 79' lang='lat' dir='ltr'><strong>fatuis</strong></span> <span class='ocrx_word' id='word_1_769' title='bbox 3523 4465 3577 4513; x_wconf 92' lang='lat' dir='ltr'><strong>et</strong></span> 
     </span>
    </p>
   </div>
   <div class='ocr_carea' id='block_1_104' title="bbox 1995 4554 3575 4634">
    <p class='ocr_par' dir='ltr' id='par_1_104' title="bbox 1995 4554 3575 4634">
     <span class='ocr_line' id='line_1_105' title="bbox 1995 4554 3575 4634; baseline -0.01 -15"><span class='ocrx_word' id='word_1_770' title='bbox 1995 4561 2301 4634; x_wconf 90' lang='lat' dir='ltr'><strong>puerilibus</strong></span> <span class='ocrx_word' id='word_1_771' title='bbox 2326 4554 2673 4630; x_wconf 52' lang='lat' dir='ltr'><strong>~crepundiis</strong></span> <span class='ocrx_word' id='word_1_772' title='bbox 2699 4557 2871 4614; x_wconf 85' lang='lat' dir='ltr'><strong>libros</strong></span> <span class='ocrx_word' id='word_1_773' title='bbox 2932 4561 3379 4626; x_wconf 85' lang='lat' dir='ltr'><strong>composuerunt,</strong></span> <span class='ocrx_word' id='word_1_774' title='bbox 3410 4556 3575 4621; x_wconf 85' lang='lat' dir='ltr'><strong>quot-</strong></span> 
     </span>
    </p>
   </div>
   <div class='ocr_carea' id='block_1_105' title="bbox 1985 4642 3577 4726">
    <p class='ocr_par' dir='ltr' id='par_1_105' title="bbox 1985 4642 3577 4726">
     <span class='ocr_line' id='line_1_106' title="bbox 1985 4642 3577 4726; baseline -0.008 -17"><span class='ocrx_word' id='word_1_775' title='bbox 1985 4662 2120 4726; x_wconf 91' lang='lat' dir='ltr'><strong>quot</strong></span> <span class='ocrx_word' id='word_1_776' title='bbox 2141 4652 2309 4709; x_wconf 88' lang='lat' dir='ltr'><strong>multa</strong></span> <span class='ocrx_word' id='word_1_777' title='bbox 2334 4666 2568 4723; x_wconf 89' lang='lat' dir='ltr'><strong>corpora</strong></span> <span class='ocrx_word' id='word_1_778' title='bbox 2602 4666 2699 4723; x_wconf 91' lang='lat' dir='ltr'><strong>per</strong></span> <span class='ocrx_word' id='word_1_779' title='bbox 2725 4657 2975 4706; x_wconf 84' lang='lat' dir='ltr'><strong>veterum</strong></span> <span class='ocrx_word' id='word_1_780' title='bbox 3004 4647 3149 4704; x_wconf 85' lang='lat' dir='ltr'><strong>vitas</strong></span> <span class='ocrx_word' id='word_1_781' title='bbox 3182 4645 3448 4707; x_wconf 90' lang='lat' dir='ltr'><strong>virorum,</strong></span> <span class='ocrx_word' id='word_1_782' title='bbox 3481 4642 3577 4698; x_wconf 84' lang='lat' dir='ltr'><strong>bo-</strong></span> 
     </span>
    </p>
   </div>
   <div class='ocr_carea' id='block_1_106' title="bbox 1989 4735 3577 4807">
    <p class='ocr_par' dir='ltr' id='par_1_106' title="bbox 1989 4735 3577 4807">
     <span class='ocr_line' id='line_1_107' title="bbox 1989 4735 3577 4807; baseline -0.008 -6"><span class='ocrx_word' id='word_1_783' title='bbox 1989 4760 2185 4802; x_wconf 91' lang='lat' dir='ltr'><strong>norum</strong></span> <span class='ocrx_word' id='word_1_784' title='bbox 2214 4751 2271 4801; x_wconf 79' lang='lat' dir='ltr'><strong>et</strong></span> <span class='ocrx_word' id='word_1_785' title='bbox 2310 4744 2603 4807; x_wconf 87' lang='lat' dir='ltr'><strong>malorum,</strong></span> <span class='ocrx_word' id='word_1_786' title='bbox 2652 4743 2769 4799; x_wconf 91' lang='lat' dir='ltr'><strong>sive</strong></span> <span class='ocrx_word' id='word_1_787' title='bbox 2800 4743 2873 4796; x_wconf 90' lang='lat' dir='ltr'><strong>ob</strong></span> <span class='ocrx_word' id='word_1_788' title='bbox 2915 4740 3136 4796; x_wconf 87' lang='lat' dir='ltr'><strong>virtutis</strong></span> <span class='ocrx_word' id='word_1_789' title='bbox 3177 4735 3577 4793; x_wconf 86' lang='lat' dir='ltr'><strong>remuneratio-</strong></span> 
     </span>
    </p>
   </div>
   <div class='ocr_carea' id='block_1_107' title="bbox 1988 4814 3577 4912">
    <p class='ocr_par' dir='ltr' id='par_1_107' title="bbox 1988 4814 3577 4912">
     <span class='ocr_line' id='line_1_108' title="bbox 1988 4814 3577 4912; baseline -0.006 -22"><span class='ocrx_word' id='word_1_790' title='bbox 1988 4850 2110 4912; x_wconf 72' lang='lat' dir='ltr'><strong>nes,</strong></span> <span class='ocrx_word' id='word_1_791' title='bbox 2144 4833 2263 4889; x_wconf 89' lang='lat' dir='ltr'><strong>sive</strong></span> <span class='ocrx_word' id='word_1_792' title='bbox 2289 4814 2370 4887; x_wconf 78' lang='grc' dir='ltr'><strong>ὀὶ)</strong></span> <span class='ocrx_word' id='word_1_793' title='bbox 2401 4832 2612 4904; x_wconf 88' lang='lat' dir='ltr'><strong>peccati</strong></span> <span class='ocrx_word' id='word_1_794' title='bbox 2644 4846 2857 4902; x_wconf 69' lang='lat' dir='ltr'><strong>pinnas,</strong></span> <span class='ocrx_word' id='word_1_795' title='bbox 2888 4845 3054 4885; x_wconf 88' lang='lat' dir='ltr'><strong>unam</strong></span> <span class='ocrx_word' id='word_1_796' title='bbox 3084 4838 3138 4885; x_wconf 85' lang='lat' dir='ltr'><strong>et</strong></span> <span class='ocrx_word' id='word_1_797' title='bbox 3169 4825 3418 4884; x_wconf 89' lang='lat' dir='ltr'><strong>eamdem</strong></span> <span class='ocrx_word' id='word_1_798' title='bbox 3451 4840 3577 4881; x_wconf 86' lang='lat' dir='ltr'><strong>suc-</strong></span> 
     </span>
    </p>
   </div>
   <div class='ocr_carea' id='block_1_108' title="bbox 1990 4917 3574 4994">
    <p class='ocr_par' dir='ltr' id='par_1_108' title="bbox 1990 4917 3574 4994">
     <span class='ocr_line' id='line_1_109' title="bbox 1990 4917 3574 4994; baseline -0.006 -13"><span class='ocrx_word' id='word_1_799' title='bbox 1990 4926 2203 4981; x_wconf 62' lang='lat' dir='ltr'><strong>cvssive</strong></span> <span class='ocrx_word' id='word_1_800' title='bbox 2215 4923 2465 4979; x_wconf 86' lang='lat' dir='ltr'><strong>habitare</strong></span> <span class='ocrx_word' id='word_1_801' title='bbox 2492 4924 2698 4994; x_wconf 83' lang='lat' dir='ltr'><strong>Opinati</strong></span> <span class='ocrx_word' id='word_1_802' title='bbox 2723 4929 2850 4979; x_wconf 89' lang='lat' dir='ltr'><strong>sunt</strong></span> <span class='ocrx_word' id='word_1_803' title='bbox 2872 4922 3134 4977; x_wconf 88' lang='lat' dir='ltr'><strong>animam.</strong></span> <span class='ocrx_word' id='word_1_804' title='bbox 3166 4917 3413 4989; x_wconf 85' lang='lat' dir='ltr'><strong>Namque</strong></span> <span class='ocrx_word' id='word_1_805' title='bbox 3430 4917 3574 4987; x_wconf 83' lang='lat' dir='ltr'><strong>sicut</strong></span> 
     </span>
    </p>
   </div>
   <div class='ocr_carea' id='block_1_109' title="bbox 1991 5011 3571 5086">
    <p class='ocr_par' dir='ltr' id='par_1_109' title="bbox 1991 5011 3571 5086">
     <span class='ocr_line' id='line_1_110' title="bbox 1991 5011 3571 5086; baseline -0.004 -16"><span class='ocrx_word' id='word_1_806' title='bbox 1991 5015 2085 5086; x_wconf 85' lang='lat' dir='ltr'><strong>qui</strong></span> <span class='ocrx_word' id='word_1_807' title='bbox 2127 5015 2303 5069; x_wconf 87' lang='lat' dir='ltr'><strong>virum</strong></span> <span class='ocrx_word' id='word_1_808' title='bbox 2338 5014 2636 5084; x_wconf 87' lang='lat' dir='ltr'><strong>quemdam</strong></span> <span class='ocrx_word' id='word_1_809' title='bbox 2682 5013 2927 5070; x_wconf 86' lang='lat' dir='ltr'><strong>vestibus</strong></span> <span class='ocrx_word' id='word_1_810' title='bbox 2965 5012 3246 5084; x_wconf 88' lang='lat' dir='ltr'><strong>operirent</strong></span> <span class='ocrx_word' id='word_1_811' title='bbox 3287 5019 3342 5066; x_wconf 91' lang='lat' dir='ltr'><strong>et</strong></span> <span class='ocrx_word' id='word_1_812' title='bbox 3373 5011 3571 5066; x_wconf 90' lang='lat' dir='ltr'><strong>iterum</strong></span> 
     </span>
    </p>
   </div>
   <div class='ocr_carea' id='block_1_110' title="bbox 1996 5105 3573 5176">
    <p class='ocr_par' dir='ltr' id='par_1_110' title="bbox 1996 5105 3573 5176">
     <span class='ocr_line' id='line_1_111' title="bbox 1996 5105 3573 5176; baseline -0.004 -14"><span class='ocrx_word' id='word_1_813' title='bbox 1996 5108 2302 5164; x_wconf 88' lang='lat' dir='ltr'><strong>inordinate</strong></span> <span class='ocrx_word' id='word_1_814' title='bbox 2322 5117 2604 5173; x_wconf 83' lang='lat' dir='ltr'><strong>exuerent,</strong></span> <span class='ocrx_word' id='word_1_815' title='bbox 2637 5106 2706 5161; x_wconf 85' lang='lat' dir='ltr'><strong>ab</strong></span> <span class='ocrx_word' id='word_1_816' title='bbox 2732 5106 2841 5161; x_wconf 92' lang='lat' dir='ltr'><strong>alio</strong></span> <span class='ocrx_word' id='word_1_817' title='bbox 2867 5120 3095 5176; x_wconf 89' lang='lat' dir='ltr'><strong>corpore</strong></span> <span class='ocrx_word' id='word_1_818' title='bbox 3109 5107 3345 5161; x_wconf 86' lang='lat' dir='ltr'><strong>animam</strong></span> <span class='ocrx_word' id='word_1_819' title='bbox 3372 5105 3573 5160; x_wconf 89' lang='lat' dir='ltr'><strong>iterum</strong></span> 
     </span>
    </p>
   </div>
   <div class='ocr_carea' id='block_1_111' title="bbox 1995 5196 3573 5268">
    <p class='ocr_par' dir='ltr' id='par_1_111' title="bbox 1995 5196 3573 5268">
     <span class='ocr_line' id='line_1_112' title="bbox 1995 5196 3573 5268; baseline -0.001 -15"><span class='ocrx_word' id='word_1_820' title='bbox 1995 5202 2051 5254; x_wconf 90' lang='lat' dir='ltr'><strong>in</strong></span> <span class='ocrx_word' id='word_1_821' title='bbox 2081 5198 2231 5254; x_wconf 88' lang='lat' dir='ltr'><strong>aliud</strong></span> <span class='ocrx_word' id='word_1_822' title='bbox 2255 5198 2705 5255; x_wconf 82' lang='lat' dir='ltr'><strong>transfundentes</strong></span> <span class='ocrx_word' id='word_1_823' title='bbox 2732 5213 2955 5268; x_wconf 90' lang='lat' dir='ltr'><strong>corpus,</strong></span> <span class='ocrx_word' id='word_1_824' title='bbox 2996 5212 3107 5252; x_wconf 93' lang='lat' dir='ltr'><strong>non</strong></span> <span class='ocrx_word' id='word_1_825' title='bbox 3143 5206 3355 5252; x_wconf 89' lang='lat' dir='ltr'><strong>tantum</strong></span> <span class='ocrx_word' id='word_1_826' title='bbox 3392 5196 3573 5253; x_wconf 87' lang='lat' dir='ltr'><strong>homi-</strong></span> 
     </span>
    </p>
   </div>
   <div class='ocr_carea' id='block_1_112' title="bbox 1995 5290 3575 5361">
    <p class='ocr_par' dir='ltr' id='par_1_112' title="bbox 1995 5290 3575 5361">
     <span class='ocr_line' id='line_1_113' title="bbox 1995 5290 3575 5361; baseline -0.002 -15"><span class='ocrx_word' id='word_1_827' title='bbox 1995 5290 2104 5356; x_wconf 87' lang='lat' dir='ltr'><strong>nis,</strong></span> <span class='ocrx_word' id='word_1_828' title='bbox 2137 5291 2232 5347; x_wconf 88' lang='lat' dir='ltr'><strong>sed</strong></span> <span class='ocrx_word' id='word_1_829' title='bbox 2257 5290 2421 5347; x_wconf 89' lang='lat' dir='ltr'><strong>etiam</strong></span> <span class='ocrx_word' id='word_1_830' title='bbox 2452 5290 2706 5347; x_wconf 87' lang='lat' dir='ltr'><strong>animalis</strong></span> <span class='ocrx_word' id='word_1_831' title='bbox 2753 5291 3149 5347; x_wconf 88' lang='lat' dir='ltr'><strong>irrationabilis</strong></span> <span class='ocrx_word' id='word_1_832' title='bbox 3178 5298 3232 5347; x_wconf 89' lang='lat' dir='ltr'><strong>et</strong></span> <span class='ocrx_word' id='word_1_833' title='bbox 3262 5291 3479 5361; x_wconf 75' lang='lat' dir='ltr'><strong>plantae,</strong></span> <span class='ocrx_word' id='word_1_834' title='bbox 3519 5298 3575 5344; x_wconf 88' lang='lat' dir='ltr'><strong>ct</strong></span> 
     </span>
    </p>
   </div>
   <div class='ocr_carea' id='block_1_113' title="bbox 1992 5380 3575 5454">
    <p class='ocr_par' dir='ltr' id='par_1_113' title="bbox 1992 5380 3575 5454">
     <span class='ocr_line' id='line_1_114' title="bbox 1992 5380 3575 5454; baseline -0.003 -14"><span class='ocrx_word' id='word_1_835' title='bbox 1992 5383 2080 5440; x_wconf 90' lang='lat' dir='ltr'><strong>sic</strong></span> <span class='ocrx_word' id='word_1_836' title='bbox 2103 5398 2242 5438; x_wconf 90' lang='lat' dir='ltr'><strong>vana</strong></span> <span class='ocrx_word' id='word_1_837' title='bbox 2265 5384 2571 5454; x_wconf 87' lang='lat' dir='ltr'><strong>loquentes,</strong></span> <span class='ocrx_word' id='word_1_838' title='bbox 2603 5395 2658 5438; x_wconf 89' lang='lat' dir='ltr'><strong>et</strong></span> <span class='ocrx_word' id='word_1_839' title='bbox 2686 5383 2852 5439; x_wconf 86' lang='lat' dir='ltr'><strong>stulta</strong></span> <span class='ocrx_word' id='word_1_840' title='bbox 2891 5382 3190 5438; x_wconf 88' lang='lat' dir='ltr'><strong>delirantes</strong></span> <span class='ocrx_word' id='word_1_841' title='bbox 3212 5396 3319 5436; x_wconf 87' lang='lat' dir='ltr'><strong>non</strong></span> <span class='ocrx_word' id='word_1_842' title='bbox 3373 5380 3575 5436; x_wconf 84' lang='lat' dir='ltr'><strong>intelli-</strong></span> 
     </span>
    </p>
   </div>
   <div class='ocr_carea' id='block_1_114' title="bbox 2001 5472 3562 5546">
    <p class='ocr_par' dir='ltr' id='par_1_114' title="bbox 2001 5472 3562 5546">
     <span class='ocr_line' id='line_1_115' title="bbox 2001 5472 3562 5546; baseline -0.001 -16"><span class='ocrx_word' id='word_1_843' title='bbox 2001 5482 2158 5546; x_wconf 82' lang='lat' dir='ltr'><strong>gunt.</strong></span> <span class='ocrx_word' id='word_1_844' title='bbox 2197 5474 2261 5528; x_wconf 86' lang='lat' dir='ltr'><strong>Et</strong></span> <span class='ocrx_word' id='word_1_845' title='bbox 2291 5475 2437 5530; x_wconf 89' lang='lat' dir='ltr'><strong>sicut</strong></span> <span class='ocrx_word' id='word_1_846' title='bbox 2465 5476 2756 5545; x_wconf 85' lang='lat' dir='ltr'><strong>antiquum</strong></span> <span class='ocrx_word' id='word_1_847' title='bbox 2807 5476 2975 5531; x_wconf 83' lang='lat' dir='ltr'><strong>istum</strong></span> <span class='ocrx_word' id='word_1_848' title='bbox 3036 5475 3223 5529; x_wconf 79' lang='lat' dir='ltr'><strong>lxiona</strong></span> <span class='ocrx_word' id='word_1_849' title='bbox 3252 5472 3449 5527; x_wconf 65' lang='lat' dir='ltr'><strong>fabulae</strong></span> <span class='ocrx_word' id='word_1_850' title='bbox 3477 5474 3562 5529; x_wconf 87' lang='lat' dir='ltr'><strong>de-</strong></span> 
     </span>
    </p>
   </div>
   <div class='ocr_carea' id='block_1_115' title="bbox 2000 5565 3573 5639">
    <p class='ocr_par' dir='ltr' id='par_1_115' title="bbox 2000 5565 3573 5639">
     <span class='ocr_line' id='line_1_116' title="bbox 2000 5565 3573 5639; baseline 0.001 -17"><span class='ocrx_word' id='word_1_851' title='bbox 2000 5568 2234 5639; x_wconf 78' lang='lat' dir='ltr'><strong>pingunt</strong></span> <span class='ocrx_word' id='word_1_852' title='bbox 2272 5568 2328 5621; x_wconf 90' lang='lat' dir='ltr'><strong>in</strong></span> <span class='ocrx_word' id='word_1_853' title='bbox 2380 5566 2552 5623; x_wconf 87' lang='lat' dir='ltr'><strong>Deum</strong></span> <span class='ocrx_word' id='word_1_854' title='bbox 2602 5582 2726 5622; x_wconf 90' lang='lat' dir='ltr'><strong>cum</strong></span> <span class='ocrx_word' id='word_1_855' title='bbox 2791 5567 3174 5637; x_wconf 69' lang='lat' dir='ltr'><strong>peccavisset,</strong></span> <span class='ocrx_word' id='word_1_856' title='bbox 3259 5565 3325 5620; x_wconf 85' lang='lat' dir='ltr'><strong>ad</strong></span> <span class='ocrx_word' id='word_1_857' title='bbox 3397 5572 3573 5623; x_wconf 89' lang='lat' dir='ltr'><strong>rotam</strong></span> 
     </span>
    </p>
   </div>
   <div class='ocr_carea' id='block_1_116' title="bbox 2066 5744 3572 5824">
    <p class='ocr_par' dir='ltr' id='par_1_116' title="bbox 2066 5744 3572 5824">
     <span class='ocr_line' id='line_1_117' title="bbox 2066 5744 3572 5824; baseline -0.007 -15"><span class='ocrx_word' id='word_1_858' title='bbox 2066 5745 2143 5817; x_wconf 76' lang='lat'><strong>(7‘)</strong></span> <span class='ocrx_word' id='word_1_859' title='bbox 2221 5744 2480 5814; x_wconf 76' lang='grc' dir='ltr'><strong>Ἀενάως.</strong></span> <span class='ocrx_word' id='word_1_860' title='bbox 2534 5745 2656 5805; x_wconf 78' lang='lat' dir='ltr'><strong>Non</strong></span> <span class='ocrx_word' id='word_1_861' title='bbox 2704 5749 2886 5805; x_wconf 86' lang='lat' dir='ltr'><strong>omnia</strong></span> <span class='ocrx_word' id='word_1_862' title='bbox 2929 5763 3067 5824; x_wconf 34' lang='lat' dir='ltr'><strong>.vera</strong></span> <span class='ocrx_word' id='word_1_863' title='bbox 3131 5754 3257 5805; x_wconf 87' lang='lat' dir='ltr'><strong>sunt</strong></span> <span class='ocrx_word' id='word_1_864' title='bbox 3312 5763 3432 5819; x_wconf 81' lang='lat' dir='ltr'><strong>quae</strong></span> <span class='ocrx_word' id='word_1_865' title='bbox 3503 5747 3572 5801; x_wconf 88' lang='lat' dir='ltr'><strong>dc</strong></span> 
     </span>
    </p>
   </div>
  </div>
