4056 6238
518 304 616 358 691

516 427 795 499 alligatum
837 439 894 485 et
926 429 1133 500 jugiter
1191 431 1247 485 in
1291 429 1502 486 circulo
1568 431 1816 487 volutum
1875 437 2084 505 puniri;

517 520 668 574 sicut
711 521 876 576 etiam
935 521 1230 577 Tantalum
1274 525 1388 580 alio
1436 524 1604 579 modo
1660 525 1891 595 impium
1938 528 2098 584 aliter

518 613 586 667 ad
628 613 873 669 numinis
915 615 1176 684 placitum
1219 630 1411 686 pmnas
1451 615 1697 682 dantem,
1756 616 1841 673 sic
1884 626 1940 673 et
2005 619 2098 673 isti

517 703 779 757 miseram
808 705 1046 758 animam
1078 720 1226 760 nunc
1278 707 1349 760 ab
1400 705 1623 762 homine
1678 705 1736 760 in
1785 707 2097 773 hominem,

518 807 665 846 nunc
697 802 752 847 et
785 795 841 848 in
877 795 1068 850 bellua:
1103 803 1198 850 aut
1239 796 1391 850 canis
1416 804 1509 850 aut
1531 795 1808 866 serpentis
1835 803 1930 850 aut
1959 797 2096 862 avis,

490 883 718 938 'deinde
761 885 819 938 in
865 886 1034 955 piscis
1071 895 1166 940 aut
1204 886 1418 940 arboris
1461 902 1663 958 corpus
1716 886 2097 952 immittentes,

519 976 820 1030 secundum
849 977 1094 1045 ipsorum
1117 978 1543 1034 arbitrariam'et
1564 983 1697 1048 jugo
1725 978 2099 1048 impatientem

518 1073 757 1120 mentem
817 1082 1040 1122 rursum
1094 1069 1150 1122 in
1205 1069 1483 1124 hominem
1536 1069 1934 1141 redintegrant.
1988 1068 2100 1124 Nec

517 1155 687 1209 semel
726 1156 973 1212 eamdem
1005 1157 1060 1211 in
1107 1159 1321 1228 singula
1357 1158 1627 1213 dictorum
1663 1159 1982 1214 animalium
2018 1159 2102 1214 in-

516 1246 723 1300 ducunt
771 1249 1045 1315 animam,
1097 1251 1192 1305 sed
1232 1250 1532 1317 multoties,
1587 1251 1830 1321 quandiu
1875 1259 2101 1306 metem-

516 1337 808 1407 psychosis
833 1340 991 1410 jubet
1027 1340 1201 1397 orbis.
1223 1342 1521 1412 Quousque
1544 1341 1848 1398 delirabitis
1873 1352 1929 1397 et
1961 1357 2100 1398 vana

519 1429 862 1498 loquemini?
907 1430 1208 1502 Quousque
1230 1431 1554 1502 judicabitis
1583 1440 1637 1489 et
1665 1433 2102 1489 condemnabitis

519 1518 784 1585 animam,
832 1521 887 1574 in
931 1523 1139 1578 bestias
1178 1532 1233 1578 et
1280 1523 1509 1580 arbores
1545 1529 1601 1578 et
1647 1537 1777 1580 aves
1818 1531 1873 1579 et
1921 1523 2102 1594 pisces

518 1607 798 1677 ejicientes
835 1613 994 1667 eam?
1041 1612 1152 1685 Ego
1190 1629 1338 1682 vero,
1390 1615 1467 1670 ait
1499 1616 1614 1671 veri
1644 1619 1857 1672 amicus
1897 1632 2098 1686 sermo,

518 1714 800 1771 nunquam
839 1703 950 1757 vidi
995 1703 1232 1760 belluam
1279 1704 1579 1774 sapientem
1625 1707 1790 1762 verba
1821 1707 2102 1778 proferen-

519 1797 650 1853 tem,
709 1807 812 1848 nec
851 1793 1105 1849 arborem
1163 1795 1479 1865 loquentem
1540 1795 1759 1866 audivi;
1819 1799 2098 1869 garrulam

520 1876 795 1934 cornicem
849 1881 1283 1938 cornicu-lantem
1307 1883 1421 1939 vidi
1456 1900 1567 1941 non
1600 1886 2097 1960 philosophantem,

521 1982 845 2042 semperque
903 1973 1086 2043 pisces
1142 1971 1322 2032 mutos
1375 1985 1789 2036 transnatantes
1850 1980 2100 2038 videmus

519 2059 742 2113 undam.
1329 2123 1339 2131 ,

519 2150 588 2203 μ
623 2150 776 2215 Quod
813 2154 860 2206 si
887 2163 1150 2224 postrema
1189 2166 1268 2212 est
1293 2158 1484 2212 animo:
1519 2175 1692 2229 paena,
1723 2169 1833 2216 etc.

589 2241 862 2299 Absurdis
895 2247 962 2301 de
1002 2248 1182 2302 anima
1223 2247 1388 2304 dictis
1419 2249 1466 2306 si
1499 2249 1738 2304 addatur
1771 2251 1952 2307 adhuc
1981 2267 2099 2323 poe-

519 2343 647 2384 nam
683 2332 753 2386 ad
789 2343 1096 2391 extremum
1142 2338 1308 2408 impie
1356 2338 1602 2396 viventes
1649 2357 1906 2411 manere,
1956 2344 2100 2398 sicut

518 2422 614 2477 isti
646 2424 860 2493 dicunt,
893 2427 1087 2484 insana
1132 2429 1325 2486 horum
1356 2432 1672 2504 iniustaque
1726 2443 1856 2492 sunt
1885 2436 2098 2507 vitupe-

441 2563 450 2572 .
518 2514 660 2569 ratio
693 2525 749 2570 et
780 2515 1084 2588 judicium;
1119 2522 1321 2577 etenim
1346 2524 1401 2577 in
1427 2525 1808 2595 incorpoream
1842 2527 2097 2582 animad-

517 2611 766 2661 vertatur
795 2607 1060 2676 animam,
1113 2613 1315 2668 mirum
1357 2614 1603 2684 profecto
1636 2617 1955 2688 :quomodo
1978 2634 2099 2689 qua!

516 2709 643 2750 cum
677 2711 911 2769 corpore
935 2700 1100 2773 impie
1127 2704 1238 2776 egit
1271 2705 1418 2760 nuda
1448 2721 1640 2776 poenas
1673 2708 1825 2770 luet?
1882 2708 1938 2766 Si
1973 2726 2100 2766 vero

517 2801 644 2842 cum
665 2803 855 2856 carne,
875 2807 998 2848 cum
1029 2810 1160 2864 qua,
1191 2797 1450 2861 hominis,
1475 2798 1687 2864 bellum,
1714 2799 1961 2869 pecudis,
1986 2818 2103 2857 ser-

517 2880 698 2946 pentis
745 2889 840 2934 aut
886 2884 1004 2940 avis
1047 2893 1142 2939 aut
1183 2886 1374 2956 piscis,
1423 2898 1518 2943 aut
1563 2891 1781 2947 arboris
1833 2901 1927 2948 aut
1966 2894 2100 2966 ligni

517 2969 770 3024 tradetur
804 2972 928 3042 igne
948 2975 1258 3043 punienda?
1291 2976 1506 3032 Insania
1527 2980 1540 3031 !
1564 2981 1625 3032 Et
1647 2981 1793 3035 aliud
1822 2983 1954 3036 citat
1987 2999 2102 3038 ma-

519 3058 671 3113 xime
705 3061 1019 3115 mirandum
1049 3063 1103 3116 in
1129 3063 1299 3119 dictis
1338 3084 1351 3119 :
1399 3082 1598 3138 nempe
1623 3071 1768 3139 quod
1813 3080 1893 3125 tot
1939 3074 2102 3145 ligata

521 3146 652 3230 fatis
682 3147 819 3204 dicit
847 3151 1030 3205 anima
1071 3170 1084 3206 :
1117 3153 1186 3209 ab
1221 3154 1506 3211 hominum
1539 3161 1865 3230 corporibus
1897 3164 1953 3218 in
1991 3167 2098 3221 alia

517 3226 765 3282 virorum
796 3245 894 3285 seu
923 3231 1238 3298 mulierum,
1269 3243 1322 3290 et
1351 3251 1547 3294 rursus
1579 3253 1610 3294 ιι
1639 3226 1947 3300 mulierum
1974 3262 2097 3304 eor-

517 3319 745 3389 poribus
782 3324 837 3378 in
877 3327 1006 3390 alia,
1033 3333 1086 3382 et
1126 3326 1254 3383 inde
1283 3329 1340 3384 in
1370 3331 1646 3388 variorum
1692 3336 2009 3393 animalium
2045 3346 2098 3394 et

521 3414 835 3483 plantarum
860 3433 948 3474 me
971 3417 1157 3490 ligasti
1177 3437 1430 3492 corpora,
1450 3424 1522 3479 ita
1543 3435 1601 3480 ut
1619 3427 1788 3482 multa
1808 3444 1896 3486 me
1917 3431 2094 3486 scien-

537 3513 645 3559 tem
673 3514 726 3561 et
741 3509 793 3562 in
812 3523 874 3564 ex
884 3511 1148 3578 perientia
1167 3515 1525 3571 constitutam
1543 3519 1905 3575 mutationum
1923 3531 1977 3577 et
2000 3537 2092 3578 ca-

527 3603 779 3651 tenarum
817 3599 960 3654 serie
1001 3602 1272 3672 involvas,
1316 3606 1511 3675 miror,
1555 3609 1753 3679 inquit,
1799 3611 2090 3676 vehemen-

518 3691 630 3739 ter.
685 3685 978 3752 Quomodo
1031 3705 1064 3745 e
1113 3707 1234 3748 mea
1281 3695 1485 3750 excidit
1536 3701 1797 3756 memoria
1841 3702 1976 3760 illud
2005 3723 2100 3762 so-

521 3777 656 3843 lum,
701 3778 920 3835 scilicet
956 3795 1124 3839 nosse
1173 3799 1203 3839 e
1262 3800 1368 3855 qua
1419 3787 1560 3857 pelle
1618 3801 1714 3845 aut
1767 3808 2001 3865 corpore
2043 3798 2098 3854 in

520 3869 574 3924 id
607 3869 662 3925 in
701 3887 811 3941 quo
847 3889 993 3929 nunc
1035 3875 1196 3945 jaceo
1232 3877 1466 3933 deveni?
1524 3880 1578 3934 in
1614 3883 1814 3953 quibus
1860 3888 2096 3957 primum

521 3970 739 4017 mortua
773 3979 916 4031 sum,
949 3975 1003 4022 et
1029 3984 1148 4038 qua:
1177 3970 1300 4023 {iam
1342 3981 1466 4042 post
1498 3973 1612 4028 haec
1641 3975 1855 4032 discere
1877 3988 2096 4050 exopto.

521 4050 734 4119 Etenim
771 4062 830 4110 ut
858 4057 1074 4112 videtur
1098 4066 1151 4115 et
1177 4059 1645 4129 jocosiusdicam,
1693 4081 1847 4123 meus
1882 4069 2100 4127 vinctor

520 4150 574 4198 ct
613 4143 910 4201 fabricator
953 4149 1008 4203 in
1044 4150 1335 4208 animabus
1381 4153 1532 4210 dives
1572 4169 1682 4209 non
1722 4164 1807 4212 est
1852 4159 2001 4215 sicut
2041 4161 2098 4216 in

522 4233 724 4300 saccis,
770 4235 893 4292 ideo
934 4248 1156 4309 propter
1185 4256 1476 4310 corporum
1518 4245 1805 4314 penuriam
1842 4248 2092 4307 diverso-

521 4339 644 4376 rum
675 4324 731 4378 in
773 4327 975 4396 figuras
1005 4331 1325 4388 animalium
1360 4335 1734 4393 transfundor.
1791 4337 2092 4399 Delirium!

520 4413 711 4469 Eheu!
747 4418 1032 4475 Aberratio
1057 4422 1239 4494 longa,
1274 4425 1550 4495 propriam
1578 4427 1744 4482 vitam
1768 4445 1876 4486 non
1901 4447 2102 4504 cogno-

520 4508 705 4564 scere!
756 4508 900 4566 Sane
941 4512 1284 4571 incredibilis
1330 4516 1448 4571 haec
1496 4516 1789 4575 oblivionis
1838 4523 2095 4594 abyssus,

520 4614 645 4654 cum
675 4598 742 4657 de
766 4602 943 4674 prima
983 4603 1038 4658 in
1083 4606 1290 4662 mundo
1335 4607 1673 4666 habitatione
1709 4628 1872 4683 quam
1910 4615 2101 4672 habuit

519 4693 735 4747 nullum
764 4696 1043 4750 memoriae
1084 4698 1374 4770 vestigium
1413 4701 1756 4772 relinquatur
1802 4704 1856 4758 in
1893 4707 2098 4764 anima.

525 4803 544 4834 ι
575 4783 834 4839 Nostrum
880 4786 1155 4860 intelligas
1189 4809 1208 4841 ι
1246 4799 1299 4845 et
1333 4805 1449 4861 seq.
1483 4790 1756 4851 Refutatis
1796 4799 2098 4867 pseudosa-

519 4874 782 4943 picntium
818 4877 1061 4948 ineptiis,
1098 4879 1277 4952 inquit
1309 4881 1492 4938 divine
1545 4885 1786 4957 sapiens,
1825 4891 2100 4950 excellens

522 4962 590 5016 de
619 4965 798 5019 anima
830 4968 1153 5039 aggrediens
1183 4971 1599 5038 documentum,
1635 4984 1886 5031 nostrum
1917 4989 1971 5034 et
2010 4995 2099 5035 ve-

523 5066 644 5106 rum
690 5053 746 5109 in
793 5071 953 5115 aures
1013 5069 1136 5118 tuas
1191 5063 1418 5136 excipe,
1462 5074 1515 5120 et
1570 5069 2096 5144 parvum'lcporcm

521 5143 956 5215 suavitatemque
987 5151 1231 5208 miscebo
1253 5153 1309 5208 iu
1347 5155 1605 5226 prasenti
1641 5159 1903 5216 carmine.
1943 5159 2007 5216 Et
2030 5163 2097 5220 de

517 5335 573 5377 ν.
594 5321 810 5402 ἀέναος,
825 5321 1285 5402 άένναος,ριείνο›ς
1298 5346 1470 5402 nuper
1486 5341 1881 5391 commentatus
1899 5346 1981 5393 est
2002 5337 2097 5393 Fix

519 5407 575 5448 ν.
683 5395 747 5473 in
787 5393 1029 5473 editione
1075 5395 1252 5473 Paris.
1301 5393 1558 5473 Th'emuri
1590 5403 1800 5472 Stepb.,
1839 5406 1971 5464 fasc.
2011 5425 2096 5473 ιιι,

522 5479 574 5530 p.
609 5463 730 5528 746,
768 5465 862 5535 sed
914 5466 1027 5520 sola
1074 5465 1250 5521 forma
1289 5469 1484 5535 ἀέναος
1518 5488 1646 5527 vera
1686 5463 1798 5530 est.
1849 5475 1915 5531 V.
1963 5463 2100 5533 Her;

523 5535 704 5586 manui
756 5533 951 5616 Opusc.
1005 5537 1112 5592 vol.
1149 5535 1239 5602 Vl,
1365 5533 1476 5596 287‘
1503 5544 1673 5611 prima
1713 5546 1921 5626 syllaba
1968 5563 2097 5616 pro-

523 5599 683 5655 ducta
710 5619 762 5658 v.
803 5605 1011 5662 Smtzn.
1068 5608 1136 5662 de
1168 5625 1220 5662 ν.
1295 5608 1426 5662 lom.
1464 5629 1517 5662 n.
1563 5613 1651 5662 '75.
1679 5625 1731 5662 et
1776 5626 1846 5662 nm
1887 5632 2097 5662 smnnnr

522 5599 762 5686 ductast.
803 5599 1011 5686 $pitzn.
1068 5608 1136 5664 de
1168 5599 1426 5686 v._'_llom.
1464 5599 1517 5686 p;
1563 5613 1651 5677 '75,
1679 5599 2098 5686 etditaﬂscn'iper

523 5671 784 5727 scribitur
812 5671 866 5730 in
905 5688 1091 5735 nostro
1132 5679 1321 5736 codice
1358 5671 1572 5751 quoties
1616 5671 1774 5739 redit.
1827 5671 2100 5742 Locis'ab

1858 313 2154 375 NlCETAS
2214 321 2423 378 DAVlD

3671 316 3782 374 69?.

2197 441 2382 512 κύκλῳ
2415 439 2941 511 περιστροϐούμενον
2970 439 3294 504 κολάζεσθαι
3313 455 3328 471 ·
3365 439 3554 511 ὥσπερ
3585 440 3649 512 δὴ
3680 443 3781 496 καὶ

2199 534 2292 588 τὸν
2333 534 2605 588 Τάνταλον
2643 533 2801 587 ἄλλον
2831 532 3138 604 ἠσεϐηκότα
3181 533 3385 604 τρόπον
3405 572 3420 598 ,
3463 533 3637 597 ἄλλως
3678 534 3782 604 τὴν

2201 624 2460 696 θεήλατον
2488 623 2728 678 τιννύναι
2755 623 2912 695 δίκην
2931 640 2946 656 ο
2976 623 3119 676 οὕτω
3147 624 3242 678 καὶ
3269 617 3415 677 οὗτοι
3460 623 3559 694 τὴν
3585 623 3784 678 ἀθλίαν

2199 715 2376 787 ψυχὴν
2407 716 2465 782 ἐξ
2498 715 2786 788 ἀνθρώπου
2820 715 2937 768 ἔστι
2967 714 3068 783 μὲν
3097 716 3186 768 ὅτε
3213 715 3294 777 εἰς
3322 715 3627 786 ἄνθρωπον,
3661 714 3785 767 ἔστι

2199 808 2244 862 δ’
2269 809 2359 862 ὅτε
2387 809 2482 862 καὶ
2512 809 2593 870 εἰς
2633 807 2774 878 θῆρα
2803 808 2898 860 καὶ
2926 805 3066 862 κύνα
3106 807 3200 859 καλ⁵
3230 805 3354 876 ὅφιν
3379 807 3474 859 καὶ⁵
3501 807 3580 868 εἰς
3602 805 3780 876 ὄρνιν,

2199 901 2389 955 ἔπειτα
2409 900 2504 954 καὶ
2527 900 2677 969 ἰχθὺν
2698 899 2793 952 καὶ
2819 898 3022 969 θάμνον
3048 897 3608 968 μετενσωματοῦντες,
3632 897 3788 950 κατὰ

2199 994 2292 1048 τὸν
2333 992 2628 1062 αὐτόνομον
2682 989 2862 1045 αὐτῶν
2896 991 2991 1043 καὶ
3041 988 3408 1059 κακοδαίμονα
3437 988 3583 1053 νοῦν,
3619 984 3788 1051 αὖθις

2201 1087 2281 1148 εἰς
2315 1083 2599 1155 ἄνθρωπον
2641 1082 2941 1153 μετάγουσι
2969 1097 2980 1110 ’
3026 1081 3122 1136 καὶ
3155 1080 3253 1150 οὐχ
3301 1079 3450 1144 ἅπαξ
3476 1081 3574 1152 τὴν
3604 1080 3787 1149 αὐτὴν

2201 1178 2282 1239 εἰς
2307 1175 2535 1229 ἕκαστον
2553 1173 2662 1228 τῶν
2689 1171 2994 1245 εἰρημένων
3021 1169 3197 1238 ζώων,
3217 1168 3359 1226 ἀλλὰ
3381 1170 3475 1224 καὶ
3494 1168 3785 1233 πολλάκις,

2203 1265 2605 1336 ὲπεισκρίνουσι
2633 1263 2833 1333 ψυχὴν,
2873 1260 3092 1316 ἐπειδὰν
3119 1262 3147 1314 ὁ
3175 1262 3275 1332 τῆς
3304 1258 3789 1330 μετεμψυχώσεως

2202 1354 2400 1427 κελεύῃ
2431 1352 2649 1417 κύκλος.
2684 1353 2865 1423 Μέχρι
2905 1351 3052 1414 τινος
3079 1349 3348 1421 ληρήσετε
3393 1350 3488 1403 καὶ
3530 1348 3792 1418 βαττολο-

2202 1448 2436 1518 γήσετες
2483 1447 2644 1517 μέχρι
2673 1444 2817 1508 τινος
2849 1443 3240 1499 καταδικάσετε
3269 1442 3363 1496 καὶ
3395 1443 3789 1511 κατακρινεῖτε

2201 1541 2301 1612 τὴν
2326 1539 2526 1612 ψυχὴν,
2574 1541 2654 1603 εἰς
2703 1538 2877 1610 θῆρας
2922 1537 3017 1590 καὶ
3065 1536 3306 1606 θάμνους
3343 1535 3436 1589 καὶ
3479 1534 3654 1605 ὖρνεις
3682 1535 3791 1586 καὶ

2205 1630 2357 1702 ἰχθῦς
2388 1629 2786 1700 μεταφέροντες
2825 1627 3031 1699 αὑτήνς
3084 1625 3226 1696 Ἐγὼ
3252 1626 3330 1691 δὲ,
3363 1625 3524 1696 φησὶν
3553 1626 3581 1677 ὁ
3613 1624 3787 1692 φιλα-

2202 1722 2371 1793 λήθης
2409 1721 2587 1790 λόγος,
2634 1719 2918 1773 οὐπώποτε
2962 1715 3099 1772 εἶδον
3141 1717 3306 1788 θηρὸς
3339 1716 3509 1785 σοφοῦ
3536 1715 3786 1784 φθεγγο-

2206 1813 2369 1883 μένου
2391 1812 2570 1880 λόγον,
2593 1811 2655 1864 οὐ
2677 1811 2881 1882 θάμνου
2901 1808 3168 1880 λαλούσης
3192 1808 3475 1877 ὲπακήκοα
3491 1823 3505 1837 ι
3528 1805 3788 1876 κορώνην

2200 1904 2258 1958 δὲ
2284 1902 2707 1974 λακερύζουσαν,
2735 1901 3049 1973 κρώζουσαν
3078 1895 3237 1963 εἶδον,
3267 1899 3326 1952 οὐ
3356 1895 3781 1967 φιλοσοφοῦσαν·

2201 1995 2289 2049 ἀεὶ
2314 1994 2369 2048 δὲ
2394 1994 2632 2057 καὶτοὺς
2657 1992 2807 2064 ῑχθῦς
2835 1991 3086 2064 ἀφώνους
3110 1992 3210 2062 τὴν
3233 1989 3405 2062 ὑγρὰν
3428 1988 3783 2052 διαπλέοντας

2200 2085 2438 2158 ὁρῶμεν.

2201 2177 2269 2232 44
2304 2179 2369 2230 El
2395 2175 2463 2229 δὲ
2492 2175 2592 2230 καὶ
2619 2176 2873 2242 ὐστα-τίη
2902 2175 3111 2245 ψυχῆς
3135 2174 3314 2240 τίσις,
3349 2173 3469 2228 κτλ.

2269 2269 2333 2324 Εἰ
2366 2269 2504 2340 πρὸς
2536 2269 2648 2333 τοῖς
2683 2268 2994 2339 εἰρημένοις
3037 2266 3166 2336 περὶ
3203 2265 3384 2335 ψυχῆς
3427 2263 3650 2326 ἀτόποις
3694 2261 3781 2315 ἔτι

2199 2361 2292 2413 καὶ
2316 2359 2536 2422 κόλασις
2562 2357 2790 2428 ὕστερον
2816 2359 2927 2421 τοῖς
2956 2355 3167 2418 ἀσεϐῶς
3197 2353 3534 2424 βιοτεύσασιν
3561 2351 3782 2406 ἀπόκει-

2199 2469 2309 2517 ται,
2337 2449 2412 2515 ὡς
2446 2448 2641 2503 ἐκεῖνοί
2692 2465 2878 2518 φασιν,
2916 2447 3146 2517 μάταιος
3177 2444 3381 2498 τούτων
3414 2445 3508 2499 καὶ
3539 2443 3721 2507 ἄδικος
3747 2445 3781 2496 ὁ

2199 2541 2430 2612 ὲλεγμὸς
2469 2541 2564 2594 καὶ
2592 2541 2626 2610 ἡ
2659 2539 2982 2610 κατάκρισις
3002 2555 3015 2568 ·
3062 2539 3113 2592 εἱ
3151 2537 3248 2608 μὲν
3277 2536 3388 2606 γὰρ
3427 2534 3499 2598 ὡς
3530 2535 3776 2606 ἁσάρκου

2201 2632 2536 2703 καταδράμοι
2585 2630 2686 2701 τῆς
2739 2629 2918 2701 ψυχῆς
2943 2670 2957 2693 ,
3010 2628 3321 2700 θαυμαστὸν
3366 2627 3431 2681 ἂν
3465 2626 3549 2697 εἴη
3578 2625 3736 2679 τοῦτο
3760 2642 3774 2656 ·

2202 2723 2318 2789 πῶς
2373 2721 2510 2794 μετὰ
2563 2719 2812 2791 σώματος
2857 2719 2996 2791 αὐτὴ
3030 2719 3371 2791 ἀσεϐήσασα,
3406 2718 3585 2788 γυμνὴ
3621 2716 3779 2780 δίκας

2200 2812 2577 2876 ἀποτίννυσινς
2625 2813 2674 2866 εἰ
2717 2809 2776 2864 δὲ
2817 2808 2954 2881 μετὰ
3003 2806 3236 2880 σαρκὸς,
3287 2809 3386 2878 τῆς
3433 2808 3628 2871 ποίας;
3678 2806 3778 2875 τῆς

2203 2905 2585 2975 άνθρωπίνης;
2640 2903 2739 2974 τῆς
2771 2900 3112 2972 θηριώδους;
3163 2899 3265 2969 τῆς
3293 2897 3632 2970 κτηνώδους;
3680 2898 3778 2967 τῆς

2202 2994 2464 3064 ὀφιώδους
2501 2994 2534 3064 ἢ
2575 2995 2675 3066 τῆς
2705 2991 3001 3064 ὀρνεὼδους
3037 2991 3132 3044 καὶ
3167 2990 3445 3061 ἱχθ·.›ῖκῆς;
3483 2990 3515 3061 ἢ
3551 2991 3648 3059 τῆς
3684 2988 3780 3042 θα-

2207 3085 2448 3156 μνὼδους
2489 3085 2584 3139 καὶ
2632 3082 2898 3150 ξυλώδους
2948 3081 3380 3153 παραδοθήσεται
3421 3078 3780 3150 τιμωρεῖσθαι

2203 3176 2282 3248 τῷ
2314 3175 2484 3249 napi;
2529 3176 2629 3246 τῆς
2663 3175 3046 3246 ματαιότητος.
3090 3174 3201 3228 Καὶ
3229 3173 3357 3229 ἄλλο
3395 3172 3450 3225 δέ
3493 3187 3624 3242 φησι
3674 3170 3781 3240 μέ-

2204 3283 2388 3336 γιστον
2439 3267 2625 3338 θαῦμα
2680 3267 2816 3338 πρὸς
2869 3269 2978 3330 τοῖς
3025 3265 3348 3338 εἰρημένοις.
3407 3263 3521 3314 Ὅτι
3578 3259 3687 3331 γὰρ
3739 3261 3775 3330 ἡ

2205 3359 2494 3423 πολύδετος
2534 3358 2717 3430 ψυχὴ,
2757 3359 2928 3428 λέγει,
2975 3358 3036 3424 ἐξ
3075 3355 3320 3429 ἀνδρῴων
3369 3353 3631 3422 σωμάτων
3687 3352 3774 3414 εἰς

2205 3450 2418 3522 ἀνδρῷα
2447 3451 2481 3521 ἧ
2505 3451 2598 3504 καλ
2624 3453 2933 3520 γυναικεῖα,
2965 3450 3060 3504 καὶ
3083 3444 3234 3512 αὖθις
3266 3448 3328 3500 ἐκ
3351 3443 3674 3513 γυναικείων
3697 3443 3782 3505 εἰς

2205 3543 2462 3614 ἑκάτερα,
2499 3542 2593 3596 καὶ
2631 3545 2695 3595 ὲκ
2722 3541 2928 3595 τούτων
2957 3542 3037 3603 εἰς
3066 3539 3339 3610 διαφόρων
3370 3534 3521 3601 ζώων
3557 3535 3656 3587 καὶ
3684 3550 3784 3601 ’,ςυ-

2204 3633 2312 3686 τῶν
2341 3633 2636 3704 συνέδησας
2671 3631 2901 3703 σώματα
2925 3670 2939 3695 ,
2990 3630 3131 3683 ὥστε
3172 3629 3380 3684 πολλῶν
3428 3645 3494 3700 με
3532 3627 3783 3696 γνώστην

2207 3726 2548 3796 πραγμάτων
2582 3725 2676 3779 καὶ
2721 3725 3059 3796 ἐπιστήμονα
3087 3723 3426 3792 καταστῆσαι
3464 3723 3583 3782 ταῖς
3619 3735 3784 3789 μετα-ο

2207 3815 2387 3878 ϐολαῖς
2419 3815 2515 3868 καὶ
2543 3817 2654 3875 τοῖς
2681 3814 2918 3885 δεσμοῖς,
2949 3813 3184 3883 ἄγαμαι,
3217 3811 3374 3880 φησὶ,
3410 3810 3635 3878 σφόδρα,
3665 3808 3784 3870 πῶς

2204 3905 2363 3960 τοῦτο
2386 3907 2544 3977 μόνον
2563 3906 2662 3970 τὰς
2686 3907 2827 3978 ἐμὰς
2848 3905 3214 3979 παρεληλύθει
3246 3903 3469 3974 φρένας,
3500 3903 3560 3955 τὸ
3583 3902 3785 3955 εἰδέναι

2205 3994 2277 4062 ἐξ,
2297 3995 2488 4058 ὁποίας
2516 3995 2696 4066 δορᾶς,
2729 3996 2847 4064 ἦτοι
2881 3994 3151 4064 σώματος,
3183 3996 3263 4056 εἰς
3292 3993 3430 4057 τόδε,
3457 3993 3484 4045 ὃ
3511 3991 3604 4045 νῦν
3635 3990 3790 4060 περί-

2206 4103 2396 4156 κειμαι
2422 4124 2438 4151 ,
2487 4068 2750 4158 μετῆλθον
2773 4101 2788 4116 ⁸
2841 4087 2901 4139 ὲν
2933 4086 3124 4149 πόσοις
3169 4084 3223 4138 δὲ
3265 4085 3529 4156 πρότερον
3563 4099 3791 4153 προετε-

2207 4177 2446 4249 θνήκειν,
2483 4177 2579 4230 καὶ
2624 4177 2707 4240 τίς
2754 4175 2819 4230 ἂν
2864 4175 3122 4247 γενοίμην
3173 4175 3313 4247 μετὰ
3361 4173 3551 4237 ταῦτα,
3590 4172 3792 4242 μαθεῖν

2205 4269 2422 4338 ἐδίψων.
2464 4270 2552 4334 Ὠς
2579 4269 2686 4343 γὰρ
2715 4269 2911 4338 ἔοικεν,
2941 4270 3008 4323 ἵν’
3029 4270 3168 4323 εῐπω
3196 4269 3290 4323 καὶ
3318 4267 3559 4336 γελοίως,
3591 4267 3618 4320 ὁ
3653 4264 3792 4335 ἐμὸς

2205 4357 2365 4430 δέτης
2387 4359 2483 4413 καὶ
2509 4360 2774 4432 πλάστης,
2803 4361 2900 4432 οὐχ
2931 4359 3119 4432 ὥσπερ
3156 4363 3267 4425 τοῖς
3293 4359 3564 4420 θυλάκοις,
3606 4355 3791 4418 οετως

2208 4450 2458 4505 ἐπλούτει
2485 4452 2579 4505 καὶ
2609 4453 2826 4521 ψυχαῖς,
2853 4452 2920 4505 δι’
2954 4452 2984 4504 ὃ
3021 4451 3129 4505 τῶν
3161 4450 3432 4522 σωμάτων
3468 4447 3662 4503 σπάνει
3702 4448 3790 4509 εἰς

2207 4543 2511 4596 ἀλλοκότων
2536 4543 2692 4606 ζώων
2725 4543 3126 4614 μεταγγίζομαι
3155 4542 3368 4614 μορφάς
3387 4559 3400 4572 ·
3431 4542 3529 4612 τῆς
3563 4538 3790 4610 μανίας.

2207 4630 2355 4706 ’Δρα
2391 4634 2549 4688 τοῦτο
2615 4638 2819 4708 μικρᾶς
2854 4635 3063 4706 πλάνης
3089 4679 3106 4704 ,
3157 4635 3221 4688 τὸ
3270 4634 3369 4705 τὴν
3412 4635 3548 4687 ἰδίαν
3593 4633 3794 4703 βίωσίν

2205 4724 2456 4794 ἀγνοεῖν;
2498 4726 2667 4790 ὄντως
2706 4727 3068 4798 ὑπερϐολικῆς
3103 4727 3261 4781 τοῦτο
3303 4726 3473 4798 λήθης
3504 4725 3687 4795 βυθὸς,
3727 4727 3797 4779 τδ

2206 4825 2309 4895 τῆς
2347 4823 2621 4895 προτέρας
2650 4827 2709 4879 ἐν
2738 4825 2928 4896 κόσμῳ
2960 4825 3253 4889 πολιτείας,
3280 4819 3348 4896 ἧς
3381 4822 3795 4889 ἐπολιτεύσατο,

2212 4915 2346 4987 μηδὲ
2373 4917 2434 4970 τὸ
2459 4917 2622 4986 τυχὸν
2645 4916 2789 4987 ἴχνος
2814 4917 3035 4988 μνήμης
3061 4915 3502 4985 ὲναπολελεῒφθαι
3529 4917 3594 4985 τῇ
3615 4914 3797 4985 ψυχῇ.

2214 5027 2232 5060 ι
2274 5007 2571 5078 Ἦμέτερον
2613 5007 2659 5062 δ’
2688 5008 2847 5072 ἀτοις,
2884 5027 2904 5060 ι
2953 5025 3008 5062 κ.
3037 5008 3116 5074 ἐξ.
3165 5007 3574 5079 Ἀπορῥαπίσας
3601 5009 3630 5060 ὁ
3677 5007 3802 5062 θεά-

2208 5115 2369 5166 σοφος
2409 5097 2510 5162 τὰς
2560 5098 2668 5153 τῶν
2712 5098 3058 5168 ψευδοσόφων
3101 5099 3428 5170 φληναφίας·
3487 5098 3804 5165 Ἐντεῦθεν,

2205 5189 2359 5258 φησὶ,
2391 5189 2490 5260 τὴν
2519 5189 2647 5260 περὶ
2673 5190 2852 5262 ψυχῆς
2879 5191 3107 5265 ἀρίστην
3129 5191 3350 5262 διδαχὴν
3371 5191 3469 5260 τὴν
3495 5190 3672 5262 ἀληθῆ
3703 5197 3808 5247 καὶ

2205 5344 2327 5415 aliis
2347 5343 2586 5401 laudatis
2611 5345 2747 5400 adde
2777 5346 3089 5415 Manethon.
3125 5347 3329 5415 Apotel.
3352 5362 3388 5405 I,
3415 5346 3542 5404 207.
3572 5346 3804 5401 Ant/ml.

2209 5414 2388 5467 Palat.
2415 5431 2450 5478 ι,
2474 5416 2524 5477 l,
2558 5415 2643 5486 l9,
2673 5418 2723 5469 1.
2755 5414 2947 5471 Forma
2981 5414 3264 5472 contracta
3293 5416 3485 5476 ἀείνως
3517 5432 3806 5486 nusquam

2207 5487 2511 5553 reperitur;
2550 5484 2780 5540 formam
2838 5486 3066 5552 ἀένναος
3098 5489 3260 5541 etiam
3331 5502 3432 5555 ego
3464 5495 3595 5554 puto
3622 5484 3808 5540 libra-

2207 5555 2554 5626 riisdebcri;
2594 5556 2790 5626 legitur
2817 5556 2981 5610 etiam
3016 5558 3156 5626 apud
3185 5556 3598 5625 XenOphontem
3643 5557 3691 5626 Ι,
3718 5555 3809 5612 De

2210 5622 2390 5688 ν·ρν(1ὶι.,
2444 5641 2516 5683 tv.
2558 5622 2670 5687 l7,-
2698 5627 2816 5681 loco
2863 5640 2891 5678 a
2931 5622 3264 5683 Schneidcro
3307 5622 3550 5693 laudato,
3601 5625 3698 5682 sed
3739 5628 3802 5683 in

2217 5693 2482 5750 Thesauro
2510 5695 2700 5766 Steph.
2729 5696 3118 5766 prmtcrmisso.
