4044 6210
291 277 294 280 ’
353 313 458 369 693

361 424 636 497 ἡμετέραν
663 428 969 498 ἀναλαϐὼν,
1005 434 1119 497 ταῖς
1159 436 1277 500 σαῖς
1304 437 1565 493 ἐναπόθου
1597 440 1808 507 ἀκοαῖς,
1845 460 1938 513 μι-

359 519 501 587 κράν
528 517 586 570 δὲ
615 519 807 591 τέρψιν
839 524 932 577 καὶ
970 523 1206 595 reuma
1230 529 1297 601 τῇ
1327 528 1576 600 παρούσῃ
1607 533 1943 604 προσαναμί-

1339 322 1410 379 ιΝ
1443 325 1755 383 ΕΑΒΜΙΝΑ
1785 328 2069 391 ARCANA
2135 331 2192 386 3.
2267 327 2622 388 CREGORII’.

3443 295 3450 303 ’
3522 329 3625 386 σοι

2048 444 2232 500 anima
2280 444 2544 517 hymnum
2583 448 2679 502 aut
2730 442 3063 514 theologiam
3108 456 3219 500 non
3266 440 3623 512 iniucundam

2052 533 2120 590 iis
2155 535 2247 606 qui
2271 535 2567 606 prudenter
2597 532 2907 604 intelligere
2941 532 3153 593 volunt,
3188 544 3546 600 exponemus.

350 606 513 677 ξομεν
535 606 645 682 ᾠδῇ
669 628 681 641 ⁸
715 614 811 668 καὶ
838 615 938 684 τὴν
972 618 1098 688 περὶ
1153 615 1331 690 ψυχῆς
1366 620 1691 692 ὑμνολογίαν
1746 624 1780 694 ἢ
1833 623 2116 694 θεολογίαν
2174 627 2274 680 οὐκ
2306 626 2448 696 ἀηδῆ
2478 629 2589 688 τοῖς
2628 623 2864 688 συνετῶς
2895 624 3110 678 ἐπαΐειν
3145 620 3388 680 ἐθέλουσι
3441 637 3620 692 παρα-

349 701 656 772 θησόμεθα.

352 880 421 936 55
449 875 560 937 τῌν
592 895 758 945 ποτε,
787 874 866 952 ἦν
889 880 988 940 ὅτε
1024 883 1258 954 κόσμον
1303 885 1568 1020 ἐπήξιῖτη
1613 890 1724 976 θςοῦ
1746 850 1931 1012 .10va

1507 976 1544 1012 α
1570 972 1708 1020 πυς,
1743 977 1807 1013 κτ
1847 999 1860 1013 .

1476 972 1708 1031 μικτος,
1743 972 1860 1013 κτλ.

428 1084 668 1140 Ἀνωθεν
709 1086 802 1140 τὸν
837 1087 964 1158 περὶ
992 1086 1172 1159 ψυχῆς
1202 1087 1360 1158 λόγον
1393 1090 1489 1146 ἀπ’
1519 1091 1693 1162 ἀρχῆς
1721 1094 1818 1163 τῆς
1844 1092 1936 1146 τοῦ

355 1179 562 1248 κόσμου
599 1178 868 1246 γενέσεως
906 1180 936 1232 6
990 1179 1132 1245 θεῖος
1155 1182 1557 1252 ἀναλαϐόμενος
1594 1184 1937 1254 ἱεροφάντης,

353 1263 422 1338 ἦν
449 1284 610 1331 ποτε,
659 1263 730 1339 ἦν
768 1269 880 1333 ὅτε,
911 1271 1107 1340 φησὶν,
1142 1272 1170 1325 6
1209 1271 1431 1341 ὕψιστος
1463 1273 1556 1328 τοῦ
1601 1273 1819 1346 πρώτου
1846 1274 1936 1327 νοῦ

355 1358 538 1430 λόγος,
565 1359 644 1430 τῷ
672 1361 922 1432 πατρικῷ
958 1360 1258 1433 βουλήματι
1285 1363 1378 1418 τὸν
1425 1364 1545 1419 ὅλον
1593 1365 1804 1419 τουτονὶ
1847 1367 1936 1419 xo-

356 1467 491 1521 σμον
531 1451 838 1523 ὑπέστησεν
864 1456 928 1508 ἐκ
955 1453 1030 1526 μὴ
1060 1455 1228 1510 ὅντων
1251 1457 1333 1521 είς
1356 1456 1416 1510 τὸ
1443 1453 1602 1511 εἶναι·
1623 1455 1776 1512 εἶπεν
1803 1458 1933 1529 γάρ,

354 1546 450 1599 καὶ
476 1547 577 1603 ὅσα
608 1546 702 1600 καὶ
729 1544 819 1601 οἷα
861 1547 1132 1619 ἠθέλησεν
1162 1551 1439 1622 παρήχθη.
1480 1553 1568 1617 Ὡς
1607 1549 1700 1607 οὖν
1721 1554 1938 1609 ἅπαντα

353 1638 590 1709 πρῶτον,
612 1638 860 1710 οὐρανὸς,
887 1639 980 1709 γῆ,
1008 1639 1252 1694 Θάλασσα
1285 1641 1381 1695 καὶ
1404 1643 1474 1698 τὰ
1501 1644 1559 1697 ἐν
1593 1644 1774 1707 αὐτοῖς
1803 1645 1936 1697 ὑπο-

357 1731 556 1786 στάντα
581 1733 662 1794 είς
699 1732 794 1786 ἕνα
826 1732 1031 1803 κόσμον
1057 1735 1430 1804 συνεκέκριτο,
1465 1735 1713 1806 ἐζητεῖτο
1739 1737 1794 1790 δὲ
1827 1733 1939 1790 οἷόν

352 1841 438 1888 τις
473 1823 676 1894 κόσμος
713 1823 993 1896 δεύτερος,
1040 1827 1141 1897 τῆς
1187 1843 1249 1879 τε
1287 1825 1494 1898 μητρὸς
1533 1827 1642 1881 τῶν
1682 1828 1938 1883 ἁπάντων

359 1914 946 1986 σοφίας,ἐπιστήμων,
993 1917 1088 1970 καὶ
1132 1915 1240 1971 τῶν
1281 1918 1494 1988 ὁρατῶν
1540 1918 1634 1972 καὶ
1680 1919 1944 1987 ἐπιγείων

357 2006 612 2059 ἁπάντων
645 2005 768 2058 κατ’
801 2007 986 2062 εἰκόνα
1011 2007 1106 2060 τοῦ
1134 2007 1354 2062 κτίστου
1386 2007 1628 2080 θεοειδὴς
1651 2009 1934 2079 βασιλεύς·

353 2098 426 2152 δι’
451 2098 479 2154 ὃ
502 2097 648 2165 λέγει
674 2135 689 2160 ,
736 2115 755 2148 ι
802 2098 942 2168 Ἤδη
982 2099 1082 2169 μὲν
1112 2099 1365 2170 καθαροὶ,
1388 2117 1407 2150 ι
1461 2101 1556 2154 καὶ
1584 2100 1653 2154 τά
1683 2101 1810 2172 ἑξῆς
1833 2144 1846 2157 .
1872 2103 1940 2154 Ol.

358 2190 459 2260 μὲν
483 2189 712 2260 καθαροὶ
741 2191 835 2243 καὶ
869 2189 1128 2244 ἀθάνατοι
1155 2189 1264 2244 τῶν
1293 2190 1514 2261 ἀγαθῶν
1545 2192 1798 2262 ἀγγέλων
1821 2193 1939 2247 διά-

356 2298 546 2350 κοσμοι
565 2321 581 2346 ,
624 2281 716 2335 τδν
746 2282 998 2353 οὐράνιον
1029 2281 1376 2353 διαλαχόντες
1411 2283 1620 2354 χῶρον,
1679 2284 1770 2356 τὴν
1800 2285 1940 2356 ἐμὴν

353 2372 511 2438 δόξαν
545 2373 834 2437 διαιωνίως
885 2373 1178 2443 μέλποντες
1217 2373 1504 2445 ὑμνοῦσιν·
1560 2377 1630 2446 γῆ
1679 2375 1738 2429 δὲ
1787 2377 1882 2430 καὶ
1911 2379 1940 2430 6

354 2465 680 2535 φαινόμενος
725 2465 847 2528 ὅλος
885 2464 1068 2518 οὑτοσὶ
1102 2466 1306 2535 κόσμος
1355 2467 1468 2529 τοῖς
1496 2466 1726 2535 -ἀλόγοις
1773 2467 1939 2531 ζώοις

356 2555 448 2607 καὶ
474 2556 594 2617 ταῖς
619 2555 877 2622 φυσικαῖς
903 2553 1091 2624 χάρισι
1125 2552 1232 2606 τῶν
1258 2554 1470 2624 ὁρατῶν
1504 2555 1764 2626 ἡδόμενος
1797 2557 1937 2610 καθ-

354 2642 668 2713 ωραῖξεται,
710 2642 770 2708 ἐξ
803 2644 1008 2714 ἀμφοῖν
1041 2643 1097 2696 δέ
1127 2645 1240 2695 τοῖν
1274 2645 1474 2710 γενοίν,
1511 2643 1796 2698 ἀθανάτων
1835 2662 1939 2714 φη-

361 2734 420 2803 μὶ
445 2735 541 2786 καὶ
566 2733 778 2804 θνητῶν
799 2773 814 2797 ,
870 2735 989 2804 ἦτοι
1031 2732 1267 2802 λογικῶν
1311 2735 1405 2786 καὶ
1437 2734 1669 2802 ἀλόγων,
1704 2737 1942 2806 νοήμονα

362 2825 590 2896 μέτοχον
632 2827 838 2896 κόσμου
880 2825 975 2880 τοῦ
1019 2825 1210 2896 νοητοῦ
1241 2826 1335 2879 καὶ
1368 2826 1629 2897 αἰσθητοῦ
1660 2829 1823 2898 ἤρεσέ
1851 2846 1939 2899 μοι

358 2916 669 2986 συμπήξαι·
703 2915 890 2970 τοῦτον
921 2917 980 2970 δὲ
1006 2911 1148 2970 εἶναι
1167 2917 1453 2988 ἄνθρωπον
1479 2917 1642 2988 μέσον
1670 2918 1941 2990 οὐρανίων

359 3008 624 3078 μεγέθους
664 3008 758 3062 καὶ
798 3007 1024 3078 χθονίων
1055 3009 1476 3080 ταπεινότητος,
1522 3011 1588 3080 τῇ
1618 3009 1806 3081 ὁράσει
1838 3011 1939 3079 μὲν

352 3097 467 3160 τοῖς
491 3099 730 3168 ὁρατοῖς,
752 3097 829 3168 τῷ
857 3097 939 3152 νοῒ
977 3097 1033 3151 δὲ
1062 3099 1173 3161 τοῖς
1200 3100 1409 3171 νοητοῖς
1433 3098 1813 3166 ἐπιϐάλλοντα,
1845 3099 1940 3154 καὶ

353 3190 474 3250 ταῖς
508 3189 722 3259 νοεραῖς
755 3187 1009 3260 θεωρίαις
1050 3189 1580 3260 μυσταγωγούμενον
1612 3190 1706 3244 καὶ
1741 3190 1940 3260 τερπό-

354 3294 538 3347 μενον,
559 3278 787 3347 ἄγγελον
820 3278 999 3355 ἀλλον,
1030 3279 1138 3333 ἀπὸ
1154 3279 1258 3350 γῆς
1307 3281 1472 3352 ἤρεσε
1511 3281 1935 3349 κατασκευάσαι,

350 3367 462 3423 τῶν
489 3369 644 3439 ἐμῶν
682 3371 1002 3442 ποιημάτων
1046 3388 1108 3428 τε
1155 3372 1249 3425 καὶ
1293 3370 1676 3442 βουλευμάτων
1725 3369 1936 3443 μύστην

355 3459 451 3511 καὶ
483 3459 768 3532 δοξαστήν.

2051 889 2122 947 55
2151 886 2413 943 Mundam
2447 885 2575 942 olim
2641 884 2880 942 condidit
2907 899 3131 942 summa
3167 885 3355 944 mentis
3399 883 3624 940 sublime

3217 952 3476 1019 (verbum,
3507 962 3618 1011 etc.

2111 1099 2154 1153 A
2190 1094 2461 1168 principio
2485 1107 2794 1151 sermonem
2826 1091 2895 1148 de
2922 1091 3131 1157 anima,
3169 1091 3240 1146 ab
3266 1090 3428 1145 initio
3458 1105 3623 1160 gene-

2042 1188 2275 1244 rationis
2306 1185 2496 1240 mundi
2539 1184 2759 1241 divinus
2783 1191 3052 1255 repetens
3088 1196 3373 1237 sacrorum
3419 1182 3623 1236 revela-

2043 1287 2133 1334 tor
2167 1295 2182 1333 :
2213 1277 2342 1334 Erat
2365 1278 2418 1332 iu
2441 1276 2735 1348 principio.
2757 1276 2956 1346 inquit,
2979 1281 3246 1330 eratcum
3287 1273 3619 1328 altissimum

2043 1372 2232 1442 primae
2275 1368 2652 1440 intelligentia:
2704 1366 2939 1423 Verbum
2988 1365 3057 1420 ad
3098 1371 3385 1436 paternam
3428 1361 3620 1417 volun-

2040 1470 2207 1520 tatem
2254 1462 2573 1517 universum
2627 1460 2776 1514 hunc
2826 1456 3091 1512 mundum
3142 1455 3268 1511 fecit
3327 1455 3398 1508 de
3449 1451 3622 1507 nihilo

2044 1568 2400 1624 prorumpere
2427 1552 2486 1607 in
2511 1551 2930 1618 exsistentiam;
2973 1548 3115 1604 dixit
3153 1546 3379 1613 enim,et
3410 1551 3544 1616 quot
3567 1552 3622 1600 et

2041 1653 2248 1715 quanta
2309 1644 2480 1699 voluit
2544 1648 2939 1714 apparuerunt.
3043 1637 3144 1694 Ubi
3195 1637 3430 1708 primum
3489 1651 3622 1704 ergo

2040 1737 2249 1803 omnia,
2282 1735 2505 1802 coelum,
2541 1743 2709 1800 terra,
2736 1749 2887 1790 mare
2919 1740 2976 1789 et
3003 1731 3056 1786 in
3087 1731 3176 1785 his
3203 1729 3524 1784 exsistentia
3565 1727 3620 1780 in

2043 1843 2212 1884 unum
2259 1828 2524 1883 mundum
2561 1826 2727 1881 simul
2765 1825 2942 1880 divisa
2987 1830 3140 1887 sunt,
3177 1819 3457 1892 quaerebat
3490 1832 3623 1889 quo-

2039 1919 2334 1975 dammodo
2360 1918 2486 1990 quis
2519 1917 2757 1972 mundus
2787 1916 2927 1971 alter
2952 1914 3008 1969 in
3041 1921 3218 1967 matre
3249 1910 3499 1966 omnium
3533 1923 3620 1964 sa-

2040 2011 2246 2082 pientia
2272 2012 2505 2082 peritus,
2530 2017 2588 2066 et
2619 2008 2922 2065 visibilium
2939 2014 2995 2062 et
3012 2004 3354 2061 terrestrium
3377 2001 3622 2058 omnium

2041 2116 2136 2155 rex
2167 2107 2316 2156 esset
2354 2101 2410 2154 in
2459 2097 2819 2154 similitudine
2855 2096 2950 2152 Dei
2992 2095 3288 2158 exsistens,
3331 2093 3386 2147 in
3429 2089 3624 2147 simili-

2043 2193 2229 2249 tudine
2255 2192 2558 2248 Creatoris.
2607 2190 2734 2246 ldeo
2775 2189 2954 2246 dicit:
2989 2207 3008 2240 ι
3062 2186 3296 2257 Jamjam
3341 2185 3462 2256 puri
3501 2203 3520 2238 ι
3567 2192 3624 2240 et

2042 2297 2158 2352 seq.
2192 2280 2260 2335 Et
2293 2281 2514 2352 quidem
2553 2281 2678 2351 puri
2723 2295 2786 2335 ac
2832 2277 3177 2334 immortales
3206 2276 3481 2332 bonorum
3526 2290 3625 2329 οη-

2042 2373 2290 2444 gelorum
2327 2372 2481 2427 chori
2526 2370 2806 2426 caelestem
2849 2367 3032 2424 sortiti
3064 2367 3244 2422 locum
3287 2380 3464 2421 meam
3504 2365 3624 2436 glo-

2042 2464 2178 2518 riam
2199 2471 2516 2518 constanter
2539 2460 2927 2516 concelebrant
2953 2475 2966 2512 :
2993 2465 3141 2512 terra
3165 2471 3293 2512 vero
3313 2463 3368 2508 et
3394 2453 3626 2509 visibilis

2041 2553 2336 2609 universus
2371 2552 2525 2607 hicee
2544 2548 2783 2613 mundus
2819 2561 3038 2607 amoeno
3064 2545 3133 2600 de
3171 2544 3487 2614 spectaculo
3508 2542 3626 2597 ani-

2041 2643 2311 2708 mantium
2361 2639 2819 2697 irrationabilium
2859 2644 2914 2693 et
2953 2643 3307 2692 venustatum
3366 2634 3624 2705 physica-

2043 2749 2165 2790 rum
2206 2733 2406 2805 gaudet
2447 2741 2501 2787 et
2535 2731 2803 2802 superbit.
2843 2729 2922 2784 Ex
2951 2728 3171 2784 duobus
3198 2737 3378 2782 autem
3407 2725 3622 2796 generi—

2041 2828 2168 2891 bus,
2195 2824 2581 2879 immortalium
2626 2823 2836 2879 scilicet
2865 2828 2921 2878 et
2957 2819 3297 2885 mortalium,
3321 2817 3626 2872 irrationa-

2042 2913 2236 2968 bilium
2285 2919 2341 2966 et
2410 2910 2852 2974 rationabilium,
2914 2907 3238 2978 prudentem
3298 2905 3620 2976 participem

2043 3001 2234 3057 mundi
2265 3001 2382 3056 sive
2419 2997 2724 3070 spiritualis
2755 2999 2872 3054 sive
2916 2995 3174 3053 sensibus
3207 2995 3490 3067 corporeis
3526 2993 3624 3050 ob-

2045 3093 2197 3149 noxii
2220 3093 2424 3162 lingere
2449 3091 2582 3146 mihi
2607 3090 2782 3161 placet
2811 3108 2823 3144 :
2851 3087 3067 3144 scilicet
3088 3088 3364 3143 hominem
3388 3086 3627 3142 medium

2045 3184 2510 3256 magniﬁcentiam
2539 3183 2682 3238 inter
2713 3180 3020 3238 cmlestium
3059 3189 3111 3240 et
3149 3179 3496 3236 terrestrium
3535 3177 3630 3234 ab-

2038 3275 2357 3346 jectionem,
2409 3274 2562 3330 vultu
2601 3272 2824 3344 quidem
2868 3271 3201 3335 visibilibus,
3260 3270 3456 3341 spiritu
3505 3283 3632 3325 vero

2044 3367 2423 3439 spiritualibus
2452 3365 2799 3436 adiunctum,
2829 3365 3011 3434 ipsum
3042 3375 3262 3442 quoque
3289 3362 3632 3416 intellectua-

2044 3462 2188 3517 libus
2212 3459 2768 3530 contemplationibus
2792 3459 3070 3513 initiatum
3093 3467 3146 3514 et
3169 3458 3629 3528 complacentem,

355 3551 610 3621 angelum
654 3553 886 3608 alterum
916 3551 1011 3624 qui
1055 3567 1224 3623 super
1260 3560 1465 3610 terram
1495 3552 1754 3626 gaudium
1791 3553 2092 3609 arbitretur
2122 3551 2236 3606 ﬁeri
2276 3564 2503 3620 operum
2533 3550 2988 3619 voluntatumque
3008 3562 3254 3608 mearum
3272 3546 3623 3604 sacerdotem

358 3656 415 3702 et
445 3644 880 3700 celebratorem.

361 3804 429 3859 70
456 3794 572 3869 "Dc
603 3801 696 3871 ἄρ’
729 3801 868 3870 ἔφη,
905 3802 1027 3856 κτλ.

429 3955 618 4012 Ταῦτα
651 3955 749 4024 μέν
781 3956 810 4008 ὁ
858 3955 1189 4025 δημιουργὸς
1216 3954 1415 4023 Λόγος,
1449 3954 1509 4008 οὐ
1544 3954 1724 4021 λόγοις
1751 3970 1940 4007 ταπει-

361 4050 468 4111 νοῖς
497 4047 672 4109 οὕτως
719 4046 822 4116 ἔφη
866 4046 958 4099 καὶ
1008 4048 1313 4116 μεριστοῖς,
1361 4046 1595 4118 νοήμασι
1633 4045 1690 4097 δὲ
1720 4043 1940 4108 ἐνιαίοις

365 4139 456 4191 καὶ
485 4138 868 4210 θεοπρεπέσιν,
891 4136 1026 4208 ὁμοῦ
1055 4155 1114 4190 τε
1150 4136 1301 4190 ταῦθ’
1335 4136 1475 4190 οὕτω
1503 4137 1635 4210 δρᾷν
1667 4136 1938 4206 ἐνενόησε,

364 4234 457 4286 καὶ
492 4233 656 4303 ἔργον
698 4230 944 4302 παρέστη
985 4231 1046 4283 τὸ
1085 4229 1350 4301 ἐννόημαο
1417 4231 1509 4282 καὶ
1542 4228 1691 4300 παρὰ
1720 4229 1816 4299 μὲν
1842 4227 1942 4298 τῆς

364 4324 556 4376 νεωστὶ
582 4322 880 4392 γενομένης
924 4321 1056 4391 ὕλης
1086 4323 1196 4385 τοῖς
1225 4321 1514 4383 ἀθανάτοις
1555 4319 1718 4373 αὑτοῦ
1747 4319 1943 4373 δακτύ-

365 4414 472 4479 λοις
513 4413 704 4486 μερίδα
739 4413 895 4484 χοὸς,
947 4412 1022 4474 ὡς
1051 4411 1212 4474 αὐτὸς
1245 4406 1407 4478 οἶδεν,
1453 4411 1790 4482 ἀνειληφὼς,
1843 4412 1944 4482 τὴν

365 4501 500 4571 ἐμὴν
526 4499 854 4552 διεπλάσατο
883 4497 1116 4568 μορφὴν,
1140 4499 1197 4550 ἐν
1222 4499 1358 4570 αὑτῇ
1385 4498 1441 4551 δέ
1465 4501 1658 4569 μοῖραν
1681 4499 1782 4570 τῆς
1809 4500 1943 4564 ίδίας

366 4591 690 4663 ἀποῤῥήτως
743 4589 966 4660 ἐνέθηκε
1022 4589 1168 4658 ζωῆς
1214 4589 1402 4659 (τοῦτο
1441 4590 1550 4663 γάρ
1599 4591 1693 4658 τὸ,
1733 4594 1942 4662 μοιρη-

359 4688 542 4751 σατο)
570 4700 582 4712 ·
632 4683 924 4735 ἐνέπνευσε
951 4681 1059 4750 γάρ
1096 4681 1342 4752 πνεῦμα,
1380 4683 1409 4735 ὃ
1435 4682 1500 4753 δὴ
1550 4684 1820 4756 ἀπόρροιά
1855 4686 1938 4748 τίς

356 4775 477 4826 ἐστι
505 4774 603 4843 τῆς
633 4773 924 4843 ἀσωμάτου
953 4773 1206 4842 θεότητος
1237 4773 1328 4826 καὶ
1357 4773 1609 4828 άθεάτου.
1637 4776 1739 4828 Ἕκ
1762 4793 1820 4827 τε
1845 4771 1938 4830 οὖν

359 4863 454 4916 τοῦ
478 4863 601 4934 χοὸς
621 4864 722 4933 τῆς
745 4864 945 4941 σαρκὸς
968 4865 1090 4934 ἐμοὶ
1113 4864 1596 4934 σχηματισθείσης,
1620 4865 1829 4935 καὶτῆς
1844 4866 1940 4936 ψυ-

363 4955 461 5026 χῆς
484 4954 542 5008 δέ
584 4972 675 5025 μοι
701 4955 787 5007 διὰ
812 4955 909 5025 τῆς
939 4955 1376 5027 παντοκράτορος
1410 4956 1723 5027 κτισθείσης
1746 4957 1935 5028 πνοῆς,

364 5047 439 5108 εἰς
469 5047 775 5118 ἄνθρωπον,
814 5047 967 5116 φησὶ,
1001 5047 1097 5099 ἓνα
1127 5047 1459 5117 συνεπάγην,
1494 5047 1656 5100 εἰκὼν
1680 5048 1774 5101 τοῦ
1805 5047 1937 5103 ἀθα-

368 5136 520 5189 νάτου
549 5137 839 5208 γενόμενος
851 5137 1008 5201 Θεοῦ,
1025 5138 1102 5208 τῷ
1131 5137 1458 5210 αὑτεξουσίῳ
1485 5139 1561 5210 νῷ
1577 5140 1670 5192 καὶ
1689 5140 1901 5213 ἀρχικῷ
1919 5158 1932 5172 ο

368 5227 570 5291 τούτοις
612 5228 722 5298 γάρ
756 5231 788 5298 ἠ
829 5228 964 5299 πρὸς
995 5229 1085 5282 τὸν
1133 5229 1383 5300 Πλάστην
1431 5230 1686 5300 ὁμοίωσις
1717 5233 1934 5303 ὁρᾶται,

369 5321 456 5374 καὶ
487 5322 517 5373 ὁ
546 5323 605 5375 ἐν
635 5320 910 5391 ἀνθρώπῳ
931 5321 1056 5384 νοῦς
1084 5321 1408 5391 ἀμφοτέρων
1439 5323 1536 5391 τῆς
1559 5341 1617 5376 τε
1644 5323 1821 5395 ψυχῆς
1849 5323 1938 5395 βα-

369 5413 561 5467 σιλεύει
591 5415 686 5468 καὶ
716 5413 809 5467 τοῦ
840 5413 1112 5484 σώματος,
1158 5414 1225 5467 δι’
1256 5414 1285 5466 ὅ
1329 5413 1422 5468 καὶ
1447 5417 1805 5488 αὐτοκράτωρ
1829 5418 1938 5471 τῶν

367 5503 426 5555 ἐν
444 5507 575 5578 ἡμῖν
597 5506 956 5580 ἀνηγόρευται
981 5504 1167 5558 παθῶν
1185 5521 1198 5536 ·
1227 5503 1474 5564 ἐντεῦθεν
1498 5507 1592 5560 καὶ
1614 5507 1749 5578 πρὸς
1771 5509 1938 5581 ἄμφω

366 5598 485 5661 τοὺς
500 5597 649 5667 βίους
671 5597 850 5668 γήϊνον
869 5597 960 5650 καὶ
978 5598 1227 5668 οὐράνιον
1250 5597 1491 5668 φυσικῶς
1511 5600 1827 5670 ἐπιῤῥέπειν
1846 5619 1935 5672 μοι

363 5682 524 5749 δοκῶ,
544 5688 635 5742 τὸν
654 5687 751 5756 μὲν
769 5687 856 5741 διὰ
879 5687 940 5742 τὸ
971 5687 1146 5758 σῶμα,
1163 5689 1254 5742 τὸν
1275 5689 1330 5743 δὲ
1350 5688 1438 5742 διὰ
1466 5689 1526 5743 τὸ
1542 5689 1754 5760 πνεῦμα
1780 5691 1935 5763 στέρ-

363 5791 496 5851 των,
529 5781 624 5837 καὶ
644 5782 778 5854 πρὸς
814 5783 1049 5856 ἑκάτερα
1084 5786 1202 5850 ταῖς
1231 5783 1542 5856 ἐπιθυμίαις
1573 5785 1937 5859 διελκόμενος.

2051 3821 2118 3877 70
2149 3819 2239 3876 Sic
2262 3818 2421 3888 dixit,
2454 3830 2560 3875 etc.
2615 3839 2627 3848 ·

2115 3953 2239 4009 llaec
2262 3953 2402 4009 dixit
2435 3954 2622 4009 mundi
2654 3953 2954 4009 fabricator
2986 3952 3229 4008 Verbum
3259 3967 3370 4006 non
3404 3950 3631 4008 vocibus

2046 4047 2248 4102 vilibus
2288 4055 2344 4101 et
2384 4045 2609 4111 divisis,
2671 4047 2769 4104 sed
2807 4046 3142 4116 cogitatione
3203 4046 3366 4099 unica
3414 4043 3633 4113 Deoque

2047 4136 2233 4207 digna,
2253 4137 2418 4192 simul
2448 4145 2614 4205 atque
2642 4136 2724 4191 sic
2757 4136 2939 4192 facere
2968 4135 3250 4207 Cogitavit,
3283 4145 3337 4189 et
3375 4149 3514 4204 Opus
3539 4148 3632 4189 co-

2047 4228 2216 4297 gitata
2257 4226 2646 4296 manifestavit,
2668 4235 2723 4283 et
2759 4227 2828 4282 de
2863 4242 3053 4282 recens
3083 4227 3226 4281 facta
3271 4224 3500 4279 materia
3531 4223 3633 4278 im-

2049 4320 2374 4376 mortalibus
2411 4319 2616 4391 digitis,
2662 4327 2874 4389 partem
2904 4329 3086 4383 terra},
3124 4317 3265 4374 sicut
3296 4318 3415 4388 ipse
3456 4317 3627 4384 novit,

2051 4426 2297 4477 sumens,
2331 4426 2505 4466 meam
2531 4410 2824 4478 plasmavit
2861 4409 3094 4468 formam
3117 4409 3173 4464 in
3195 4423 3370 4481 eaque
3397 4410 3632 4480 propria:

2050 4503 2174 4557 vitae
2226 4510 2437 4572 partem
2488 4487 2690 4557 arcane
2743 4501 2962 4572 posuit;
3009 4500 3114 4555 hoc
3155 4502 3302 4555 enim
3346 4519 3359 4554 :
3398 4502 3628 4570 partitus

2053 4600 2163 4659 est;
2196 4608 2434 4664 namque
2457 4593 2746 4664 inspiravit
2773 4593 3048 4664 spiritum,
3079 4593 3176 4664 qui
3201 4592 3335 4647 inde
3360 4592 3631 4647 emanatio

2043 4685 2290 4753 quaedam
2319 4693 2403 4740 est
2430 4685 2768 4755 incorporea:
2816 4685 3220 4756 invisibilisque
3268 4682 3514 4739 deitatis.
3553 4681 3630 4738 De

2045 4784 2192 4830 terra
2236 4791 2367 4847 ergo
2413 4791 2581 4832 carne
2621 4791 2741 4832 mea
2789 4775 2965 4854 ellicta
3017 4785 3072 4832 et
3132 4776 3314 4830 anima
3355 4775 3488 4829 mihi
3534 4790 3630 4845 per

2045 4867 2478 4938 omnipotentem
2516 4867 2774 4937 spiritum
2797 4866 3112 4932 constituta,
3137 4867 3300 4922 homo
3341 4881 3503 4930 unus,
3545 4864 3630 4918 in-

2044 4959 2182 5029 quit,
2225 4961 2564 5028 compositus
2585 4975 2709 5016 sum
2743 5000 2760 5027 ,
2807 4960 2986 5030 imago
3039 4958 3369 5014 immortalis
3411 4956 3505 5012 Dei
3549 4956 3628 5010 l'a-

2044 5055 2187 5114 ctus,
2223 5048 2395 5103 libera
2415 5056 2469 5104 et
2513 5049 2876 5105 dominatrice
2922 5048 3302 5120 intelligentia.
3327 5047 3450 5104 Istis
3482 5047 3627 5102 enim

2047 5141 2350 5197 similitudo
2375 5155 2500 5196 cum
2521 5142 2782 5197 Creatore
2799 5141 3138 5212 conspicitur
3156 5140 3304 5212 quod
3331 5143 3386 5194 in
3407 5139 3629 5194 homine

2043 5231 2397 5304 intelligentia
2427 5233 2485 5288 in
2503 5233 2693 5288 ambos
2713 5241 2924 5304 regnet,
2946 5248 3138 5304 nempe
3164 5234 3402 5288 animam
3426 5240 3479 5287 et
3502 5247 3626 5286 cor-

2044 5339 2148 5396 pus
2175 5344 2187 5380 :
2213 5325 2396 5395 itaque
2418 5325 2486 5380 de
2515 5326 2695 5395 seipsa
2726 5325 3020 5382 dominans
3055 5325 3357 5382 innostros
3394 5322 3624 5378 aﬂ'eclus

2043 5417 2418 5473 denuntiatur.
2437 5415 2571 5472 Inde
2589 5416 2660 5471 ad
2686 5424 2977 5488 utramque
2995 5417 3164 5471 vitam
3189 5399 3354 5487 quam
3390 5415 3619 5469 sortitus

2044 5523 2189 5574 sum,
2248 5515 2564 5563 terrestrem
2599 5514 2653 5563 et
2686 5508 2965 5564 cmlestem
3001 5522 3209 5578 pronus
3240 5505 3370 5559 mihi
3405 5505 3610 5572 videor,

2045 5615 2190 5655 nunc
2241 5599 2514 5669 corporis,
2557 5614 2704 5654 nunc
2735 5600 2964 5670 spiritus
3002 5598 3165 5654 vitam
3210 5599 3397 5658 fovens
3439 5609 3492 5658 ct
3553 5601 3625 5658 ad

2042 5693 2356 5749 alterutram
2385 5693 2661 5765 voluptate
2685 5699 2913 5750 tractus.
