4056 6238
444 297 551 353 695

448 425 518 481 78
554 423 702 479 Talis
743 423 846 491 fuit
880 421 1210 493 primageniti
1235 425 1463 482 hominis
1488 428 1758 498 coiligatio
1780 470 1794 495 ,
1823 438 1935 483 etc.

517 517 578 570 In
624 515 893 586 principio
920 515 1079 586 primi
1114 519 1283 586 patris
1325 519 1727 590 coagmentatio
1758 535 1856 575 seu
1880 520 2026 590 plas-

453 605 619 660 matio
644 612 700 659 et
725 606 990 661 animatio
1006 608 1162 677 juxta
1185 607 1391 664 dictum
1408 610 1612 668 eﬁectm
1634 619 1763 665 sunt
1783 611 2024 678 modum;

450 704 503 750 et
535 696 604 749 ab
641 695 853 766 origine
891 696 995 751 ista
1027 712 1205 766 usque
1251 697 1317 751 ad
1352 697 1534 762 ﬁnem,
1565 713 1698 754 caro
1736 715 1803 754 cx
1841 714 2025 763 carne,

452 786 633 838 anima
661 800 724 839 ex
755 784 935 838 anima
975 785 1174 848 oritur,
1213 800 1415 855 corpus
1445 785 1661 855 quidem
1700 800 1732 840 e
1765 799 2028 855 corporea

450 875 743 929 visibiliter
759 877 1104 931 emanatione
1120 874 1203 940 ﬁt,
1230 877 1413 930 anima
1430 892 1557 931 vero
1574 875 1735 930 modo
1753 876 2030 946 incognito

451 975 505 1022 et
529 968 792 1022 invisibili
819 968 871 1022 in
895 970 1145 1039 corporis
1173 969 1488 1039 ﬁgmentum
1512 970 1725 1024 incidit.
1748 968 2032 1035 Quomodo

452 1059 558 1113 hoc
587 1059 669 1113 vel
693 1059 868 1113 illud?
910 1059 1061 1115 Sicut
1094 1061 1245 1116 solus
1278 1063 1429 1116 novit
1461 1062 1555 1133 qui
1596 1062 1830 1133 pri-mum
1867 1063 2034 1121 aliith

455 1148 689 1219 ﬁguram
724 1158 884 1206 terrae
930 1159 987 1207 et
1024 1153 1277 1221 spiritum
1314 1153 1465 1208 dedit
1493 1154 1670 1208 carni.
1708 1153 1823 1207 Nisi
1853 1165 2032 1209 tamen

456 1242 605 1310 quis,
636 1241 837 1312 inquit,
879 1244 1230 1300 sermonibus
1269 1244 1625 1300 consentiens
1661 1245 1819 1310 meis,
1861 1243 2035 1299 conﬁ‘

458 1333 648 1388 denter
697 1334 843 1389 hunc
879 1335 1043 1389 addat
1084 1352 1413 1400 sermonem,
1458 1337 1645 1391 multis
1676 1338 1755 1392 sic
1793 1337 2037 1391 docenti-

460 1422 563 1475 bus
589 1422 921 1492 obsequens,
955 1423 1201 1478 scilicet:
1226 1422 1368 1494 Ergo
1386 1435 1438 1479 et
1469 1439 1670 1494 corpus
1691 1423 1834 1494 quod
1862 1424 2038 1493 primo

462 1511 791 1579 plasmatum
816 1510 882 1566 de
912 1520 1055 1567 terra
1096 1519 1202 1577 est,
1239 1528 1336 1581 per
1366 1527 1557 1567 omnes
1579 1527 1643 1567 ex
1672 1512 1862 1566 ordine
1894 1525 2039 1564 mor-

462 1603 600 1659 tales
628 1602 929 1656 immistum
963 1610 1223 1673 tanquam
1254 1604 1490 1657 humana
1525 1602 1580 1655 ﬁt
1612 1602 1857 1666 ﬁuxio,et
1898 1602 2040 1655 sicut

462 1709 529 1747 ex
558 1695 662 1748 ista
690 1693 869 1763 primo
894 1694 1162 1764 plasmata
1190 1695 1375 1749 radice
1408 1709 1473 1750 ex
1506 1694 1615 1747 alio
1647 1693 1814 1746 alium
1841 1692 2042 1747 habere

464 1783 743 1838 hominem
782 1799 849 1839 ex
880 1783 1104 1839 homine
1124 1800 1232 1839 non
1265 1793 1467 1841 cessat.
1513 1783 1775 1839 Similiter
1796 1790 1850 1838 et
1882 1796 1913 1836 a
1934 1782 2043 1839 Deo

466 1875 729 1945 inspirata
754 1876 939 1928 anima
963 1875 1018 1929 in
1051 1890 1282 1945 corpora
1324 1876 1601 1931 hominum
1629 1881 1834 1937 creata,
1874 1889 2047 1943 nuper

468 1965 613 2019 facta
640 1972 693 2019 et
717 1966 834 2035 ipsa
870 1965 1063 2021 incidit
1090 1974 1143 2021 et
1165 1965 1433 2036 ingeritur
1454 1974 1507 2020 et
1529 1973 1786 2035 tanquam
1811 1980 1841 2020 e
1865 1964 2047 2019 radice

468 2056 655 2124 primae
698 2056 995 2112 creationis
1034 2056 1201 2126 hujus
1247 2056 1301 2109 in
1337 2055 1533 2111 multas
1568 2065 1620 2111 et
1661 2070 1831 2111 novas
1864 2054 2047 2108 multi-

471 2147 705 2216 plicatur
726 2158 779 2202 et
814 2148 868 2201 in
907 2148 1159 2203 mortalia
1198 2154 1252 2203 et
1287 2147 1487 2202 similis
1518 2155 1778 2216 aspectus
1817 2159 2048 2214 corpora

471 2239 737 2293 dividitur
768 2241 1069 2295 secundum
1111 2240 1445 2295 voluntatem
1475 2248 1528 2294 et
1558 2238 1859 2293 efﬁcaciam
1886 2237 2052 2292 bene-

471 2331 703 2388 dicentis
735 2342 789 2387 et
820 2333 1064 2403 jubentis
1111 2341 1170 2387 ut
1214 2341 1488 2398 crescant,
1533 2340 1588 2386 et
1621 2331 2055 2401 multiplicentur

471 2432 527 2477 et
550 2424 797 2493 repleant
828 2426 1140 2481 universam
1166 2424 1358 2480 faciem
1392 2432 1571 2480 terrae.

1812 308 2109 365 NICETAS
2137 306 2343 363 DAVID

3598 291 3701 347 696

2050 455 2052 477 ς
2130 424 2203 479 78
2232 425 2369 480 Ἤδε
2394 422 2511 493 μὲν
2542 422 2888 492 ἀρχεγόνοιο
2914 418 3142 487 βροτοῦ
3171 416 3364 483 δέσις,
3398 417 3515 472 κτλ.

2203 518 2291 569 'H'
2302 516 2400 587 μὲν
2430 518 2488 570 ὲν
2520 516 2717 586 ἀρχαῖς
2738 511 2829 565 τοῦ
2856 512 3199 583 προπάτορος
3222 510 3388 572 δέσις,
3414 509 3532 579 ῆτοι
3568 506 3711 565 πλά-

2129 627 2211 673 σις
2238 610 2333 663 καὶ
2364 608 2681 679 ἔμπνευσις,
2729 605 2821 659 τὸν
2863 604 3155 675 εἰρημένον
3188 602 3546 672 διεσκευάσθη
3587 602 3713 673 τρό-

2129 716 2230 751 πον
2254 715 2266 726 °
2299 698 2358 764 ἐξ
2383 697 2599 766 ἐκείνης
2626 698 2683 749 δὲ
2705 696 2805 765 τῆς
2837 694 3015 765 ἀρχῆς
3061 695 3188 765 ἄχρι
3219 694 3407 757 τέλους
3440 692 3576 763 σὰρξ
3613 691 3713 762 μὲν

2130 792 2194 843 ὲκ
2228 790 2448 859 σαρκὸς,
2472 788 2617 859 ψυχὴ
2634 789 2689 841 δὲ
2720 787 3022 858 βλαστοῦσα
3044 788 3108 839 ὲκ
3135 786 3316 857 ψυχῆς
3333 785 3431 857 (8),
3459 786 3519 838 τὸ
3553 784 3715 855 σῶμα

2134 880 2232 950 μὲν
2282 881 2346 931 ὲκ
2371 878 2472 948 τῆς
2508 878 2825 948 σωματικῆς
2866 876 3076 948 ῥύσεως
3120 876 3357 947 ὁρατῶς,
3393 876 3425 945 ἡ
3469 874 3616 944 ψυχὴ
3658 874 3714 925 δὲ

2132 970 2426 1038 ἀγνώστως
2473 969 2569 1021 καὶ
2600 969 2849 1040 ἀοράτως
2894 970 2960 1037 τῇ
2995 967 3090 1020 τοῦ
3135 966 3386 1036 σώματος
3428 963 3719 1018 διαπλάσει

2136 1060 2508 1115 συνεισπίπτει
2526 1074 2540 1088 ο
2574 1059 2689 1122 πῶς
2713 1058 2871 1111 τοῦτο
2897 1058 2930 1129 ἢ
2967 1058 3083 1121 πῶς
3114 1060 3321 1124 ὲκεῖνο;
3349 1056 3424 1119 ὡς
3450 1057 3610 1126 μόνος
3637 1051 3719 1109 οἶ-

2132 1153 2219 1206 δεν
2239 1154 2267 1204 ὁ
2294 1150 2508 1222 πρῶτον
2532 1150 2804 1221 συνδήσας
2828 1150 2927 1220 τὴν
2946 1149 3131 1202 εἰκόνα
3150 1148 3229 1219 τῷ
3258 1148 3345 1219 χοῖ
3374 1150 3467 1202 καὶ
3498 1149 3721 1218 πνεῦμα

2137 1238 2469 1310 συνδεδηκὼς
2512 1241 2576 1309 τῇ
2630 1239 2830 1309 σαρκί·
2893 1240 2941 1291 εί
2975 1240 3048 1311 μή
3082 1256 3185 1303 τις,
3223 1240 3380 1308 φησι,
3422 1241 3535 1302 τοῖς
3570 1242 3721 1308 ἐμοῖς

2137 1328 2453 1402 συνηγορῶν
2483 1327 2663 1397 λόγοις
2695 1329 2790 1381 καὶ
2821 1328 3009 1384 τοῦτον
3057 1324 3374 1399 θαρραλέως
3423 1330 3724 1399 προσθήσει

2135 1422 2228 1474 τὸν
2278 1421 2467 1487 λόγον,
2520 1419 2734 1483 πολλοῖς
2762 1418 2905 1473 οὕτω
2935 1419 3352 1489 δογματίζουσιν
3400 1420 3725 1491 ἑσπόμενος,

2138 1513 2214 1575 ὡς
2239 1512 2347 1583 ἄρα
2379 1513 2474 1565 καὶ
2500 1512 2562 1564 τὸ
2604 1511 2783 1581 σῶμα,
2813 1496 2889 1562 ’τὸ
2935 1510 3150 1580 πρῶτον
3196 1510 3440 1563 πλασθὲν
3464 1512 3575 1564 ἀπὸ
3600 1513 3726 1582 γῆς,

2141 1605 2282 1675 πρὸς
2306 1605 2433 1666 τοὺς
2458 1603 2695 1673 καθεξῆς
2737 1602 2962 1673 βροτοὺς
3008 1602 3218 1664 πάντας
3258 1603 3726 1674 συγκιρνώμενον,

2141 1696 2330 1766 ὥσπερ
2359 1696 2631 1768 ἀνδρομέα
2658 1696 2871 1765 γίνεται
2899 1694 3078 1765 ῥύσις,
3096 1695 3190 1746 καὶ
3210 1693 3285 1756 ὡς
3314 1694 3421 1746 ἀπὸ
3448 1695 3550 1765 τῆς
3579 1712 3731 1765 πρωο

2143 1790 2446 1843 τοπλάστου
2501 1789 2658 1860 ῥίζης
2708 1787 2923 1857 ἐκείνης
2951 1786 3137 1841 ἄλλοτε
3180 1786 3339 1839 ἄλλον
3368 1786 3567 1856 ἔχουσα
3602 1787 3731 1856 βρο-

2145 1880 2235 1934 τὸν
2275 1882 2340 1933 ἐκ
2388 1878 2582 1950 βροτοῦ
2628 1878 2729 1931 οὐκ
2774 1878 3058 1949 ἀπολήγει.
3106 1877 3409 1945 Ἀναλόγως
3454 1878 3512 1930 δὲ
3555 1879 3732 1946 τούτῳ

2147 1972 2239 2023 καὶ
2263 1973 2295 2040 ή
2331 1970 2481 2041 παρὰ
2521 1968 2656 2024 Θεοῦ
2687 1969 3012 2023 πνευσθεῖσα
3033 1970 3202 2041 ψυχὴ,
3231 1972 3348 2033 τοῖς
3382 1968 3495 2021 τῶν
3517 1968 3730 2040 ἀνθρώ-

2149 2079 2266 2115 πων
2303 2061 2519 2132 σώμασι
2572 2061 2991 2131 πλαττομένοις,
3049 2056 3138 2115 οἷα
3182 2060 3607 2130 ἀρτιγέννητος,
3642 2060 3733 2111 καὶ

2150 2151 2289 2222 αὐτὴ
2340 2152 2716 2206 συνεισπίπτει
2765 2153 2859 2206 καὶ
2906 2151 3249 2217 συνεξανθεῖ,
3302 2150 3398 2204 καὶ
3448 2150 3636 2221 ὥσπερ
3671 2152 3735 2203 ἐκ

2151 2242 2468 2313 σπέρματος
2497 2243 2595 2313 τῆς
2628 2242 2926 2313 ἁρχεγόνου
2969 2241 3149 2311 ψυχῆς
3179 2241 3397 2311 ἐκείνης
3431 2241 3512 2303 εἰς
3539 2239 3736 2303 πολλὰς

2153 2334 2245 2386 καὶ
2289 2333 2549 2404 ἀπείρους
2597 2332 2920 2403 πληθύεται,
2977 2333 3072 2386 καὶ
3123 2332 3180 2385 ὲν
3223 2334 3337 2394 τοῖς
3385 2331 3599 2401 θνητοῖς
3643 2331 3736 2383 καὶ

2152 2424 2420 2495 ὁμοειδέσι
2482 2426 2700 2496 σώμασι
2755 2424 3222 2495 καταμερίζεται,
3280 2422 3423 2477 κατὰ
3492 2422 3737 2491 βούλημα

472 2518 565 2571 καὶ
590 2518 774 2581 σθένος
820 2518 915 2572 τοῦ
955 2519 1299 2589 εύλογοῦντος
1328 2519 1424 2574 καὶ
1462 2520 1884 2591 προστάττοντος
1930 2519 2181 2584 αὐξάνειν
2219 2538 2279 2575 τε
2316 2523 2409 2575 καὶ
2437 2521 2696 2594 πληθύειν
2726 2521 2820 2575 καὶ
2862 2519 3103 2591 πληροῦν
3149 2519 3289 2573 ᾶπαν
3344 2518 3407 2571 τὸ
3448 2518 3739 2587 πρόσωπον

472 2628 573 2682 της
606 2629 729 2682 γης.

475 2703 539 2757 οι
626 2703 917 2774 Propterea
1008 2707 1366 2776 principatum
1445 2706 1800 2761 intellectilem
1897 2716 2055 2759 nacta

1780 2798 1793 2868 Ι
1818 2809 1917 2862 est,
1949 2806 2055 2852 etc.

548 2888 683 2941 Cum
718 2904 749 2942 e
779 2889 1045 2958 plasmate
1081 2890 1137 2942 in
1165 2890 1437 2959 principio
1468 2905 1498 2943 a
1533 2904 1697 2942 manu
1729 2888 1821 2943 Dei
1860 2897 2058 2943 cuncta

482 2997 544 3035 ex
586 2980 778 3034 ordine
810 2981 1089 3033 hominum
1125 2994 1381 3047 corpora,
1410 2978 1687 3033 communi
1726 2976 1971 3048 germine
2007 2982 2063 3029 et

483 3075 678 3121 natura
708 3068 974 3137 originem
1010 3068 1235 3129 ducant,
1268 3082 1392 3120 cum
1438 3082 1503 3120 ex
1546 3066 1801 3135 primitus
1838 3066 1983 3119 facta
2009 3070 2063 3119 et

483 3158 669 3228 genita
768 3157 931 3228 primi
990 3157 1234 3226 parentis
1283 3156 1465 3210 anima
1520 3172 1615 3226 per
1660 3156 1963 3227 analogiam
2010 3163 2065 3209 et

484 3263 675 3305 omnes
717 3248 1028 3303 mortalium
1054 3247 1251 3303 anima:
1278 3247 1547 3319 originem
1577 3248 1780 3304 ducant
1805 3248 1964 3304 modo
1990 3248 2065 3304 si-

486 3339 626 3401 mili,
663 3346 1065 3415 consequenter
1087 3346 1142 3394 et
1169 3339 1560 3411 intelligentem
1587 3341 1786 3396 mentis
1812 3348 2068 3409 prasstan-

486 3430 614 3483 tiam
649 3429 957 3485 sortiuntur
987 3438 1220 3485 cunctae.
1252 3430 1553 3501 Postquam
1594 3432 1956 3502 objectionem
1988 3433 2069 3486 vi-

487 3521 566 3576 dit
600 3521 703 3576 sub
752 3522 838 3577 his
876 3522 1344 3592 propositionibus
1388 3530 1649 3577 reteetam
1691 3521 1907 3578 divinus
1934 3523 2071 3578 scri-

490 3622 630 3681 ptor,
666 3627 860 3681 nempe
894 3612 959 3666 de
990 3611 1232 3669 motibus
1260 3613 1736 3668 irrationabilibus
1775 3619 1830 3668 et
1873 3615 2071 3684 ineptis

491 3701 805 3755 lactentium
835 3709 889 3756 et
922 3701 1234 3766 infantium,
1268 3704 1484 3757 victrici
1516 3702 1679 3757 modo
1712 3702 1853 3757 hanc
1886 3705 2073 3774 expla—

490 3800 585 3846 nat
610 3793 858 3863 exemplo
882 3794 1067 3847 allato.
1095 3792 1229 3848 Nam
1264 3795 1411 3849 sicut
1441 3794 1495 3847 in
1522 3795 1849 3851 minusculis
1875 3796 2072 3853 ﬁstulis

492 3893 547 3943 et
578 3886 926 3955 perangustis
962 3886 1201 3940 validum
1251 3886 1447 3941 flamen
1486 3902 1778 3943 remanens
1818 3888 2069 3958 exiguam

492 3986 546 4032 et
578 3977 761 4033 minus
793 3991 949 4049 aequo
981 3978 1197 4047 plenam
1233 3977 1611 4047 discrepanter
1646 3979 1846 4033 emittit
1874 3993 2068 4033 sonum

492 4079 918 4143 quantacunque
964 4070 1158 4139 peritia
1197 4076 1419 4139 praestet
1451 4069 1676 4124 tibicen.
1713 4069 1945 4137 Quando
1974 4085 2074 4125 au-

494 4170 601 4214 tem
634 4159 754 4213 latae
781 4160 975 4214 ﬁstula:
1005 4166 1059 4214 et
1093 4160 1414 4214 harmonice
1438 4158 1627 4214 foratae
1663 4161 1719 4214 in
1750 4177 1945 4217 manus
1986 4176 2078 4232 pe-

496 4251 586 4308 riti
619 4251 719 4305 viri
753 4251 1068 4317 traduntur,
1093 4262 1223 4305 tunc
1248 4251 1544 4323 perfectam
1580 4259 1635 4306 et
1660 4267 1919 4307 canoram
1944 4253 2077 4307 daut

498 4356 706 4396 vocem.
763 4342 855 4398 Sic
887 4351 941 4399 et
966 4344 1208 4400 hominis
1228 4343 1408 4398 anima
1445 4343 1501 4396 in
1535 4341 1881 4401 infautilibus
1910 4344 2077 4398 imbe-

498 4430 641 4486 cillis
680 4433 939 4489 membris
979 4433 1261 4489 intellectu
1294 4434 1500 4504 deﬁcit,
1535 4437 1632 4494 sed
1674 4435 1912 4505 perfecta
1946 4430 2082 4489 ﬁant

498 4529 551 4575 et
584 4522 703 4591 ipsa
738 4522 1045 4579 illustratur
1085 4523 1303 4595 energia
1344 4525 1504 4595 plene
1544 4527 1754 4597 pollens
1789 4535 1844 4581 et
1888 4525 2082 4581 innato

500 4613 827 4687 preprioquc
854 4614 1092 4686 ingenio.

500 4706 571 4759 97
615 4706 905 4779 Postquam
955 4718 1131 4762 autem
1171 4725 1325 4763 suum
1376 4707 1615 4762 condidit
1672 4707 1935 4761 hominem
1983 4706 2083 4758 im-

1436 4800 1707 4874 [mortalis
1741 4797 1937 4862 Filius,
1971 4806 2077 4852 etc.

578 4892 781 4948 Deinde
822 4893 1070 4948 diviniJm
1107 4891 1369 4956 Verbum,
1409 4892 1735 4946 immortalis
1760 4889 2082 4959 Unigenitus

506 4982 686 5037 Patris
718 4999 841 5037 cum
888 4985 955 5037 ad
991 4984 1282 5055 imaginem
1325 4998 1481 5039 suam
1525 4982 1800 5037 hominem
1851 4979 2082 5047 creavit,

509 5080 733 5146 propter
767 5072 897 5144 quid
931 5075 1176 5129 creavit?
1223 5072 1294 5129 Ut
1330 5075 1575 5137 haberet,
1610 5072 1808 5143 inquit,
1845 5071 1993 5124 hunc
2031 5070 2085 5125 in

510 5164 827 5221 novissimis
870 5164 1064 5221 diebus
1109 5166 1296 5235 gloriae
1332 5165 1562 5236 propriae
1607 5162 1810 5218 fontem
1853 5176 1990 5215 nova
2033 5168 2087 5216 et

510 5257 731 5317 sublimi
778 5256 1203 5313 adiuventionc:
1260 5257 1522 5311 nimirum
1562 5264 1777 5311 creator
1806 5254 1863 5307 ﬁt
1901 5254 2086 5316 homo,

579 5396 657 5466 (8)
698 5393 857 5462 Σὰρξ
876 5393 1064 5466 μὲν...
1092 5392 1160 5466 ἐκ
1183 5389 1928 5466 g’vzﬁcucxpunxi‘tllillius,
1960 5387 2087 5457 quia

511 5459 753 5536 pugnent
779 5459 919 5519 cum
958 5464 1143 5536 verbis
1176 5459 1420 5536 Gregorii
1462 5459 1607 5536 ψυχὴ
1649 5460 1695 5512 δ’
1738 5459 2086 5536 ἐπιμίσγεται

514 5527 733 5602 ἇῖςῖτως,
772 5536 973 5604 quibus
998 5534 1180 5590 verbis
1206 5527 1730 5602 signiﬁcat—animam
1764 5527 1980 5596 corpori
2007 5527 2087 5581 di-

512 5606 716 5659 vinitus
756 5606 990 5666 infundi.

584 5674 1069 5747 (9_)__Lau_dathuinc
1094 5676 1281 5747 locum
1303 5671 1466 5747 hlieh.
1505 5670 1701 5747 ϐινοίη
1734 5666 1925 5747 Anna].
1966 5682 2016 5747 ρ.
2050 5683 2087 5727 ι,

516 5758 568 5816 p.
592 5735 724 5812 ⁷159,
760 5744 845 5813 15,
865 5744 952 5802 ed.
980 5746 1152 5803 Bonn.
1178 5763 1193 5801 :
1240 5742 1506 5811 Καθάπερ
1548 5735 1656 5811 γὰρ
1680 5735 1932 5811 μουσικὸς
1972 5736 2090 5809 ἄριμ

2161 2701 2223 2756 9|
2251 2702 2536 2755 Τοῦνεκεν
2561 2700 2819 2769 ήγεσίην
2841 2696 3060 2766 νοερὴν
3082 2696 3274 2763 λάχεν
3297 2695 3396 2765 (9),
3424 2695 3544 2748 κτλ.

2245 2793 2461 2863 Ἐπειδὴ
2494 2791 2572 2863 τῷ
2614 2792 2735 2845 κατ’
2780 2789 2955 2861 ἀρχὰς
3002 2789 3147 2861 χειρὶ⁸
3176 2788 3312 2841 Θεοῦ
3362 2787 3740 2856 πλαστουργηο

2168 2884 2312 2937 οέντι
2341 2884 2517 2938 πάντα
2549 2884 2783 2954 καθεξῆς
2804 2882 2872 2936 τὰ
2900 2882 3007 2935 τῶν
3029 2880 3332 2950 ἀνθρώπων
3360 2878 3588 2950 σώματα
3605 2895 3739 2946 συμ-

2168 2978 2279 3045 φυᾶ
2317 2978 2411 3029 καὶ
2431 2976 2712 3046 ὀμοούσια,
2742 2977 2807 3045 τῇ
2844 2972 3233 3045 πρωτοκτίστῳ
3263 2971 3320 3024 δὲ
3352 2971 3385 3041 ἢ
3419 2970 3743 3041 πρωτογόνῳ

2167 3069 2261 3121 τοῦ
2293 3069 2639 3140 προπάτορος
2664 3068 2833 3138 ψυχῇ,
2864 3065 3143 3133 ἀναλόγως
3165 3064 3261 3117 καὶ
3287 3065 3457 3116 πᾶσαι
3488 3062 3595 3114 τῶν
3626 3060 3744 3130 βρο-

2168 3159 2277 3213 τῶν
2313 3159 2524 3213 ἐκεῖθεν
2554 3159 2910 3229 βλαστάνουσι
2944 3157 3066 3211 καθ’
3098 3156 3389 3227 ὁμοιότητα
3409 3170 3422 3182 ·
3468 3151 3557 3203 διὰ
3587 3151 3745 3203 τοῦτο

2170 3251 2264 3304 καὶ
2293 3249 2390 3320 τὴν
2407 3250 2598 3321 νοερὰν
2629 3250 2722 3303 τοῦ
2750 3250 2868 3313 νοὸς
2894 3248 3189 3320 ἡγεμονίαν
3216 3247 3413 3300 ἅπασαι
3444 3241 3739 3310 διαλαγχάο

2170 3358 2372 3395 νουσιν.
2419 3342 2633 3412 Ἐπειδὴ
2671 3341 2726 3394 δὲ
2751 3341 3023 3394 ἀντίθεσιν
3045 3337 3153 3393 εἶδε
3182 3337 3311 3407 τῷδε
3335 3334 3412 3403 τῷ
3442 3333 3586 3402 λόγῳ
3610 3334 3740 3385 ἀνα-

2173 3434 2483 3489 κύπτουσαν
2508 3434 2536 3486 ὁ
2572 3435 2853 3504 θεηγόρος,
2878 3433 2979 3505 τὴν
3007 3432 3231 3502 ἀνόητον
3269 3427 3360 3481 καὶ
3385 3426 3579 3493 ἄλογον
3601 3424 3747 3493 λέγω

2172 3528 2386 3598 κίνησιν
2414 3526 2520 3580 τῶν
2552 3526 2762 3595 νηπίων
2788 3524 2882 3579 καὶ
2919 3523 3158 3596 βρεφῶν,
3194 3520 3601 3594 παραδείγματι
3633 3515 3750 3569 ταύ·

2172 3637 2270 3689 την
2298 3618 2537 3682 πιθανῶς
2562 3620 2699 3685 ἄγαν
2726 3616 3025 3671 ἐπιλύεται.
3057 3616 3143 3678 Ὦς
3170 3615 3279 3683 γὰρ
3314 3614 3372 3665 ὲν
3407 3611 3750 3682 μικροτάτοις

2174 3713 2355 3775 αὐλοῖς
2388 3711 2482 3765 καὶ
2528 3700 2873 3779 στενοπόροις
2902 3707 3123 3779 πνεῦμα
3158 3705 3300 3777 μέγα
3345 3701 3747 3769 ὲναπολειφθὲν,

2179 3804 2370 3873 στενήν
2406 3819 2464 3855 τε
2492 3801 2586 3855 καὶ
2614 3800 2911 3871 ἔκτροπον,
2971 3799 3001 3851 ὃ
3029 3801 3142 3851 ἐστι
3172 3796 3436 3866 δύσηχον,
3467 3791 3753 3845 ἀναϐάλλει

2179 3896 2276 3966 τὴν
2304 3894 2466 3965 ἠχὴν,
2498 3895 2547 3946 εί
2578 3894 2671 3946 καὶ
2704 3892 2845 3945 πάνυ
2876 3893 2904 3944 ό
2932 3889 3167 3959 αὐλητὴς
3196 3888 3517 3957 ἐπιστήμων
3549 3884 3627 3936 ὣν
3662 3881 3752 3933 τύ-

2179 4004 2289 4058 χοι·
2320 3985 2482 4056 ήνίκα
2506 3985 2550 4038 δ’
2573 3985 2639 4038 ἂν
2674 3983 2973 4045 πλατεῖς.οί
2997 3982 3148 4035 αὐλοὶ
3178 3980 3272 4034 καὶ
3311 3976 3638 4047 συμμέτρως
3665 3972 3755 4025 εύ-

2182 4081 2411 4152 ρύποροι
2449 4078 2529 4141 είς
2565 4079 2754 4148 χεῖρας
2804 4074 2996 4146 ἀνδρὸς
3040 4073 3285 4144 τεχνίτου
3335 4066 3755 4140 περιενεχθείεν,

2178 4172 2299 4225 τότε
2333 4169 2397 4240 δὴ
2430 4168 2641 4221 τελείαν
2669 4166 2763 4219 καὶ
2790 4164 3064 4236 εὔρυθμον
3098 4164 3293 4232 ἀφιᾶσι
3333 4160 3432 4231 τὴν
3478 4158 3754 4227 φθογγήν·

2179 4260 2322 4314 οὕτω
2353 4260 2448 4312 καὶ
2487 4260 2521 4329 ή
2559 4257 2652 4310 τοῦ
2682 4255 2971 4327 ἀνθρώπου
2999 4252 3147 4327 ψυχὴ
3172 4294 3186 4317 ,
3237 4253 3297 4303 ἐν
3332 4248 3627 4321 νηπιὼδεσι
3659 4247 3758 4317 μὲν

2181 4350 2483 4406 ἀσθενοῦσα
2520 4348 2739 4419 μέλεσιν
2782 4346 3085 4415 ἀνοηταίνει
3107 4383 3122 4407 ,
3151 4342 3549 4411 τελειουμένοις
3580 4339 3637 4391 δὲ
3669 4338 3760 4389 καὶ
3812 4392 3819 4399 ,

2181 4442 2321 4513 αὐτὴ
2349 4440 2563 4501 τελείας
2605 4439 2705 4503 τὰς
2732 4437 3012 4509 ἐνεργείας
3067 4436 3163 4489 καὶ
3210 4434 3388 4490 πάντα
3436 4433 3528 4487 τὸν
3562 4430 3762 4484 οἰκεῖον

2186 4532 2595 4603 συναναλάμπει
2621 4530 2897 4600 σύμφυτον
2926 4527 3071 4581 νοῦν.

2187 4728 2256 4784 97
2302 4724 2498 4791 Αὐτὰρ
2556 4719 2764 4787 ἐπειδὴ
2824 4717 3037 4782 τεῦξεν
3102 4715 3205 4768 ἑὸν
3241 4711 3769 4855 ,βροῖἳ-ἴόςᾶὶιὲἱτος

2273 4884 2492 4954 Ἐπειδὴ
2535 4885 2563 4936 ὀ
2619 4882 2762 4943 θεῖος
2794 4878 2999 4946 Λόγος,
3055 4876 3084 4927 ὁ
3120 4873 3391 4936 ἀθάνατος
3420 4870 3515 4924 τοῦ
3554 4870 3775 4941 ῐῖατρδς

2191 4977 2521 5046 Μονογενὴς,
2546 4975 2663 5028 κατ’
2691 4971 2874 5025 είκόνα
2897 4968 3029 5021 ἰδίαν
3057 4967 3148 5019 τὸν
3174 4965 3460 5036 ἄνθρωπον
3480 4963 3572 5031 ὲδη
3584 4960 3775 5031 μιούρ·

2188 5087 2356 5141 γησε,
2398 5068 2545 5129 τίνος
2573 5066 2792 5129 ’ἑνεκεν;
2858 5062 2946 5123 Ὠς
2981 5060 3077 5124 ἂν,
3124 5058 3307 5126 φησὶν,
3330 5055 3442 5126 ἔχοι
3477 5052 3673 5107 τοῦτον
3717 5053 3774 5103 ἐν

2189 5162 2424 5233 ἡμέραις
2454 5158 2711 5228 ἐσχάταις
2735 5153 2891 5221 δόξης
2927 5152 3064 5213 ἰδίας
3085 5148 3340 5219 ἀφορμὴν
3368 5148 3776 5215 καινοπρεποῦς

2192 5252 2286 5306 καὶ
2317 5246 2789 5321 μεγαλοπρεποῦς,
2843 5244 2933 5296 ὅτε
2960 5242 3023 5311 δὴ
3051 5240 3144 5293 τοῦ
3181 5239 3466 5300 κτίσαντος
3495 5234 3778 5304 ἀνθρωπισ

2192 5402 2316 5446 στος
2351 5387 2407 5437 ἐν
2453 5384 2551 5453 μὲν
2602 5380 2818 5453 μικροῖς
2848 5374 3251 5453 αὐλοῖς-στενόν
3286 5391 3347 5425 τε
3382 5371 3476 5453 καὶ
3503 5369 3779 5453 ἕκτροπον

2195 5439 2351 5537 μέλος
2372 5439 2962 5537 ρτξήχηςίενκῆνίκαρὲ
3004 5445 3342 5537 ερὺρρὲπόρους
3385 5441 3519 5526 εύρῃ

2192 5508 2311 5577 τότε
2332 5508 2430 5593 τὴν
2458 5508 2621 5575 οἶδ’τοῦ
2641 5508 2840 5589 τέχνην
2867 5516 2993 5593 ὅλην
3019 5508 3300 5593 ὑπέδειξεν
3318 5529 3332 5542 ·
3384 5508 3525 5593 opto
3554 5508 3783 5593 mitigo:

2194 5594 2281 5664 χή,
2310 5580 2438 5655 ὡς’ὀ
2467 5580 3032 5664 θεολόγοςῪρηγόρίος
3062 5587 3118 5639 ὲν
3149 5587 3259 5648 τοῖς
3286 5580 3579 5654 ἐμμέτροις
3606 5580 3780 5631 αὐτοῦ

2192 5655 2441 5728 διέξεισιν
2468 5655 2644 5728 ἔπεσι,
2680 5678 2732 5713 κ.
2763 5655 2812 5711 τ.
2851 5655 2927 5720 ἐξ.
