4056 6238
281 300 393 359 697

281 424 507 491 σθέντοέ
534 424 628 479 καὶ
654 423 959 494 νέουἋδέιμ
983 422 1374 494 γεγενημένου,
1402 424 1433 476 ό
1456 423 1684 488 παλαιὸς
1698 424 1871 495 Ἀδάμ

278 516 375 573 διὰ
402 517 642 580 πίστεως
670 515 792 569 ὅλον
817 513 877 567 τὸ
907 515 1095 585 γήϊνον
1119 513 1380 585 ἀμείψας,
1402 515 1495 570 καὶ
1520 514 1601 585 τῷ
1634 514 1874 587 οὐρανίῳ

277 607 404 679 Θεῷ
438 604 889 677 προσκολληθεὶς,
916 604 1050 667 Θεὸς
1070 603 1220 675 αῦτῷ
1259 604 1569 659 συνοδεύσει
1600 605 1739 677 πρὸς
1779 604 1873 658 τὸν

278 699 532 773 οὐρανόν.
571 696 793 767 Ταύτην
839 696 1041 767 μεταξὺ
1075 694 1169 748 τοῦ
1222 695 1382 765 λόγου
1432 698 1532 769 τὴν
1566 698 1747 751 αἰτίαν
1774 698 1874 769 τῆς

282 790 540 853 πλάσεως
588 787 1019 858 ύπαινιξάμενος
1062 787 1294 855 ἐπάγειο
1345 807 1364 839 ι
1397 788 1535 842 Ούτε
1581 807 1707 861 μιν,
1760 789 1873 843 οὔτ’

282 882 522 952 ἀνέηκεν
567 879 873 952 ἐλεύθερον,
898 897 918 932 ι
956 880 1052 934 καὶ
1094 878 1256 951 ἑξῆς·
1308 880 1336 933 ὃ
1391 880 1449 933 δὲ
1481 879 1667 950 λέγει,
1718 879 1875 935 τοῦτὸ

284 977 444 1029 ἐστιν
475 990 491 1006 ·
546 972 636 1034 Ὧς
662 969 787 1024 οῦτε
820 970 1166 1025 παντάπασιν
1198 970 1484 1043 ἐλεύθερον
1530 972 1745 1043 ἀφῆκεν
1781 971 1874 1026 τὸν

282 1064 575 1135 ἄνθρωπον
609 1061 703 1115 καὶ
736 1060 1131 1116 αῦτοδέσποτον
1174 1060 1316 1131 (πῶς
1361 1061 1471 1133 γάρ
1497 1063 1592 1116 καὶ
1624 1059 1694 1135 ἦν
1724 1062 1873 1128 ἀξιον

281 1151 392 1220 ἔξω
417 1153 518 1222 τῆς
564 1148 1007 1221 παντοκράτορος
1052 1147 1265 1219 κεῖσθαι
1306 1149 1627 1216 δεσποτείας
1649 1156 1711 1219 ;),
1746 1151 1872 1205 οῦτε

279 1242 342 1300 δὲ
362 1241 642 1306 παντελῶς
666 1240 855 1295 τοῦτον
878 1242 1078 1312 τρόπον
1100 1241 1310 1312 ἀλόγων
1335 1243 1584 1315 ἀνάγκης
1609 1243 1873 1309 ὑπέζευξε

283 1335 474 1407 ζυγοῖς
493 1352 510 1368 .
542 1334 636 1389 τὸν
666 1334 903 1404 φυσικὸν
922 1333 979 1388 δὲ
1006 1333 1170 1405 νόμον
1191 1337 1289 1389 καὶ
1313 1336 1526 1405 ἀγαθὰς
1558 1336 1769 1401 ἐννοίας
1801 1340 1867 1409 τῇ

286 1425 453 1480 αὑτοῦ
503 1424 705 1496 καρδία
744 1424 1199 1496 ἑγγραψάμενος,
1257 1427 1317 1479 ἐν
1365 1428 1479 1490 τοῖς
1526 1425 1871 1498 μεσαιτάτοις

282 1516 376 1571 τοῦ
404 1502 694 1579 ἀειθαλοῦς
736 1515 1068 1587 παραδείσου
1103 1516 1513 1586 ἀμφιτάλαντον
1549 1516 1733 1589 τίθησι
1762 1534 1870 1586 χω-

283 1603 458 1674 ρίοις,
485 1602 584 1656 καὶ
612 1604 942 1676 ἀμφιρρεπῆ
998 1604 1098 1676 μὲν
1133 1605 1209 1668 ὡς
1233 1605 1589 1677 αὐτοκίνητον
1615 1606 1712 1660 καὶ
1738 1606 1871 1659 αύτ-

280 1692 546 1760 εξούσιον,
563 1693 770 1765 γυμνὸν
797 1695 856 1748 δὲ
880 1695 955 1759 ὡς
976 1695 1185 1750 ἁπλοῦν
1210 1698 1305 1749 καὶ
1328 1697 1622 1769 ἀπόνηρον,
1648 1697 1871 1767 διπλόης

278 1804 341 1842 τε
370 1787 555 1859 πάσης
584 1786 870 1859 ἐλεύθερον
899 1787 995 1841 καὶ
1034 1788 1379 1860 ὑποκρίσεως
1400 1804 1416 1818 ’
1455 1789 1549 1843 καὶ
1586 1790 1693 1862 γὰρ
1723 1788 1872 1860 ἔμοι-

280 1895 345 1948 γε
373 1876 540 1951 κριτῇ
590 1880 624 1950 ὴ
664 1877 1028 1949 θεόφθεγκτος
1059 1880 1375 1952 ἀπεφήνατο
1412 1882 1563 1953 φωνή
1584 1898 1599 1913 ·
1630 1884 1659 1935 ὁ
1690 1882 1871 1953 παρά-

279 1968 457 2031 δεισος
503 1959 661 2031 οὗτος
711 1967 939 2039 ούρανία
989 1968 1319 2040 χρηματίζει
1375 1971 1711 2035 κατάστασις
1778 1970 1873 2025 καὶ

278 2054 463 2110 δίαιτα
492 2055 663 2125 ἁγίων
700 2056 859 2122 νοῶν,
889 2052 951 2112 οῦ
1000 2057 1065 2129 δὴ
1100 2059 1194 2112 τὸν
1222 2059 1508 2132 ἄνθρωπον
1535 2063 1593 2114 ὲν
1626 2062 1823 2134 ἀρχαῖς
1842 2062 1872 2115 ὁ

281 2147 766 2311 ἒιέῗσαςαεωργδν
793 2148 1011 2204 ἐννοιῶν
1036 2148 1198 2205 θείων
1228 2152 1323 2205 καὶ
1346 2151 1521 2220 λόγων
1542 2151 1871 2225 δραστήριον

386 2256 545 2294 κατο.

386 2256 545 2294 κατο.

287 2350 383 2407 1οἹ
423 2351 569 2406 οἵου
602 2369 711 2421 μιν
733 2352 988 2425 ἀπέεργε
1021 2354 1407 2424 τελειοτέροιο
1435 2355 1809 2425 φυτοῖοριτλ.

360 2441 512 2505 Ένδς
544 2441 714 2511 φυτοῦ
750 2444 912 2515 μόνου
955 2444 1054 2517 τὴν
1104 2444 1294 2514 γεῦσιν
1339 2445 1616 2500 ἐκώλυσεν
1659 2448 1687 2501 ό
1723 2444 1868 2500 Πλα-

285 2528 567 2600 στουργός.
604 2530 668 2584 Ei
699 2532 798 2602 μέν
825 2550 876 2586 τι
911 2533 1005 2587 καὶ
1034 2532 1190 2598 ξύλου
1226 2529 1363 2598 εἶδός
1392 2551 1446 2587 τι
1470 2530 1540 2604 ἦν
1566 2535 1685 2587 ἐκεῖ
1710 2532 1771 2586 τὸ
1794 2530 1873 2605 τῷ

283 2619 693 2692 πρωτοπλάστῳ
714 2621 1187 2694 ἀπηγορευμένον,
1232 2625 1346 2687 τοῖς
1372 2621 1619 2677 εἰποῦσιν
1644 2623 1705 2676 ού
1739 2622 1871 2675 διοί-

286 2728 493 2783 σομαι·
555 2711 790 2784 θεωρίας
843 2714 903 2768 δὲ
948 2713 1250 2786 μετάληψιν
1293 2714 1603 2785 κρείττονος
1646 2713 1681 2780 ἢ
1730 2712 1873 2767 κατά

284 2805 387 2876 τὴν
418 2803 531 2870 ἕξιν
573 2803 745 2876 Ἀδὰμ
780 2805 841 2860 τὸ
882 2806 1047 2875 φυτὸν
1076 2806 1255 2859 ἐκεῖνο
1288 2808 1429 2860 νοεῖν
1456 2807 1549 2860 καὶ
1578 2806 1720 2859 πάνυ
1748 2822 1872 2859 συν-

288 2896 524 2968 θήσομαι
555 2895 635 2968 τῷ
658 2896 984 2968 διδασκάλῳ.
1032 2896 1185 2969 Δῦτη
1215 2896 1345 2969 γὰρ,
1379 2898 1537 2969 φησὶ,
1566 2896 1783 2951 τελείαν
1814 2899 1873 2951 ἐν

289 2987 457 3057 ἑαυτῇ
486 2986 763 3057 διάκρισιν
789 2984 885 3039 τοῦ
929 2984 1137 3055 ἀγαθοῦ
1180 3002 1240 3039 τε
1269 2986 1383 3057 ἔχει
1417 2987 1514 3040 καὶ
1544 2985 1639 3039 τοῦ
1674 2984 1870 3052 κακοῦ,

291 3076 430 3131 κατὰ
450 3077 543 3131 τὸν
584 3078 753 3149 αὐτῆς
798 3076 1324 3148 μεταλαμϐανομένη
1351 3076 1543 3148 καιρόν
1568 3093 1582 3109 ’
1634 3075 1701 3130 δι’
1741 3075 1771 3129 δ
1809 3076 1871 3129 ού

289 3171 401 3231 τοῖς
428 3170 568 3242 πρὸς
597 3170 732 3224 Θεὸν
758 3168 963 3223 ὁδεύειν
1001 3169 1357 3242 ἀρχομένοις,
1384 3170 1504 3241 ητοι
1531 3168 1749 3240 νηπίοις
1777 3167 1871 3222 καὶ

290 3259 537 3314 ἀτελέσιν
566 3262 626 3313 ἐν
663 3258 908 3331 Χριστῷ,
927 3259 1229 3331 λυσιτελὴς,
1255 3259 1392 3314 ἀλλά
1411 3262 1523 3324 τοῖς
1537 3255 1644 3330 ’τὴν
1676 3258 1871 3330 νοεράν

293 3351 685 3421 προκεκοφόσιν
718 3350 957 3422 ἡλικίαν,
997 3350 1092 3404 καὶ
1127 3352 1208 3414 είς
1252 3349 1451 3421 μέτρον
1490 3350 1873 3422 πνευματικῆς

293 3442 608 3505 ἀναϐάσεως
633 3440 692 3494 ὲν
721 3440 925 3515 θεωρία
963 3439 1060 3494 καὶ⁸
1091 3438 1290 3511 πράξει
1332 3438 1569 3511 Χριστοῦ
1600 3455 1874 3511 κατηντη-

295 3533 463 3597 κόσιν,
498 3532 750 3587 τοσοῦτον
789 3531 1097 3604 βαρύνουσα
1121 3530 1247 3595 τοῦς
1278 3531 1512 3595 ἀτελεῖς,
1547 3532 1672 3586 ὅσον
1697 3532 1794 3586 καὶ
1838 3531 1873 3601 ή

298 3627 491 3699 στερεά
524 3627 701 3698 τροφὴ
742 3627 870 3690 τοὺς
924 3624 1193 3694 γάλακτος
1243 3623 1324 3678 ἔτι
1364 3624 1668 3695 δεομένους.
1731 3624 1874 3678 Ἀλλ’

299 3716 479 3786 ἐπειδὴ
504 3714 600 3769 τοῦ
631 3713 892 3786 φθονεροῦ
926 3714 1181 3784 δαίμονος
1211 3712 1535 3777 ἐπιϐουλαῖς
1565 3712 1660 3767 καὶ
1687 3729 1877 3781 γυναι-

298 3808 387 3872 κὸς
415 3806 805 3879 παραινέσεσιν
828 3806 1103 3878 ἡττηθεὶς,
1130 3805 1229 3874 τῆς
1253 3805 1632 3877 ἀπειρημένης
1663 3803 1876 3877 ἐκείνης

298 3897 536 3966 γεύσεως
582 3897 691 3969 πρὸ
728 3896 877 3968 ῶρας
925 3898 1021 3951 καὶ
1050 3896 1202 3968 παρά
1233 3895 1332 3967 τὴν
1360 3895 1581 3967 ἐντολὴν
1617 3894 1874 3965 μετέσχε,

298 3989 418 4053 τοὺς
445 3988 799 4060 δερματίνους
829 3988 928 4059 μὲν
960 3985 1214 4059 χιτῶνας,
1247 3988 1370 4058 ἦτοι
1392 3987 1493 4055 τὴν
1524 3986 1750 4057 βαρεῖαν
1779 3984 1878 4039 καὶ

301 4079 496 4152 θνητὴν
544 4080 747 4153 σάρκα,
792 4079 915 4134 ἀντὶ
949 4079 1045 4133 τοῦ
1068 4079 1509 4149 ,διαφανεστάτου
1558 4076 1651 4132 καὶ
1686 4077 1880 4131 λεπτο-

301 4172 460 4227 τάτου
495 4172 747 4243 σώματος
770 4172 1101 4244 νεκροφόρος
1135 4171 1452 4241 ἀμφιάσατο
1484 4167 1743 4239 γεγονώς.
1786 4167 1878 4238 Τῷ

302 4265 487 4337 θνητὸν
507 4264 566 4319 δὲ
594 4264 783 4318 τοῦτον
822 4262 1097 4333 γενέσθαι,
1130 4262 1485 4317 διακέκοπται
1516 4261 1614 4331 μὲν
1638 4261 1672 4331 ἡ
1694 4260 1878 4331 ἀμαρυ-

302 4356 386 4410 τία
410 4353 488 4427 τῷ
512 4355 754 4426 θανάτῳ,
772 4354 848 4419 ὡς
869 4355 944 4426 μὴ
963 4353 1289 4418 διαιωνίζειν
1304 4353 1365 4406 τὸ
1396 4352 1585 4418 κακὸν,
1612 4352 1708 4405 καὶ
1723 4350 1879 4405 τοῦτο

303 4445 355 4501 δὲ
383 4446 542 4516 ἔργον
570 4446 905 4516 άγαθότητος
935 4445 1069 4500 Θεοῦ
1086 4460 1099 4473 ’
1127 4444 1292 4508 αὐτὸς
1320 4445 1379 4498 δὲ

314 4560 402 4613 ll'l
449 4555 638 4615 Ἦλθε
689 4558 809 4630 μὲν
866 4557 1092 4623 ἄλσεος
1139 4556 1312 4630 ἐκτὸς
1366 4556 1466 4630 ἐπὶ
1502 4554 1713 4630 χρόνω,
1754 4553 1877 4630 τῆς

1291 4621 1513 4699 [γένος’
1526 4621 1661 4695 ἦεν,
1686 4622 1806 4677 κτλ.

370 4740 541 4796 Τοῦτο
575 4742 675 4812 τῆς
699 4740 1014 4812 παραϐολῆς
1034 4739 1097 4793 τὸ
1125 4738 1339 4810 κέρδος,
1371 4737 1467 4792 καὶ⁸
1501 4735 1706 4806 ταύτην
1735 4736 1763 4788 ό
1788 4734 1880 4789 άν-

306 4830 518 4905 θρωπος
559 4831 813 4886 ἀπώνατο
846 4831 948 4902 τῆς
996 4829 1362 4902 παραϐάσεως
1408 4827 1735 4898 ἀντάμειψιν
1760 4866 1777 4892 ,
1821 4828 1884 4882 τὸ

305 4927 407 4994 ἔξω
424 4928 615 4981 πεσεῖν
628 4925 720 4978 τοῦ
744 4924 1093 4996 παραδείσου,
1112 4923 1208 4977 καὶ
1236 4923 1316 4985 είς
1334 4922 1458 4992 γῆν,
1478 4920 1538 4985 ἐξ
1553 4914 1621 4993 ἦς
1646 4919 1879 4993 ἐλήφθη,

308 5019 633 5091 στραφῆναι,
655 5019 747 5072 καὶ
767 5017 912 5089 ζωὴν
939 5016 1211 5071 ἐπώδυνον
1237 5015 1330 5069 καὶ
1357 5012 1695 5085 πολύμοχθον
1716 5029 1882 5067 κατα-

307 5110 556 5184 κριθῆναι
579 5124 598 5142 ’
624 5109 703 5180 τῷ
732 5108 963 5181 ὲριτίμῳ
985 5108 1043 5185 δὲ.
1074 5108 1176 5180 τῆς
1206 5106 1351 5179 ζωῆς
1377 5105 1516 5175 ξύλῳ
1539 5105 1619 5177 τῷ
1648 5107 1705 5159 ἐν
1730 5103 1883 5178 μέσῳ

308 5202 398 5256 τοῦ
430 5200 761 5274 παραδείσου
789 5199 1082 5271 νοουμένῳ,
1132 5199 1161 5253 ὃ
1203 5199 1268 5271 δὴ
1306 5198 1468 5269 τυχδν
1515 5200 1549 5269 ἡ
1579 5199 1877 5270 ἀκραιφνε-

312 5295 480 5364 στάτη
514 5291 651 5346 Θεοῦ
680 5290 885 5362 θεωρία
912 5292 1008 5343 καὶ
1060 5292 1336 5362 ἀκροτάτη
1382 5290 1478 5343 τοῦ
1503 5288 1888 5361 άκαταλήπτου

310 5385 506 5455 γνῶσίς
536 5385 690 5457 ἔστι,
731 5382 906 5452 τούτῳ
946 5382 1012 5453 δὴ
1034 5382 1111 5453 τῷ
1146 5382 1296 5453 φυτῷ
1341 5382 1433 5435 τὸν
1459 5380 1681 5453 πύρινον
1719 5380 1886 5434 αὐτοῦ

314 5478 493 5548 ζῆλον,
516 5477 577 5531 δν
597 5476 695 5530 καὶ
719 5474 979 5545 φλογίνην
1010 5476 1279 5545 ῥομφαίαν
1305 5476 1339 5546 ἡ
1373 5474 1493 5527 θεία
1520 5472 1667 5540 λέγει
1694 5471 1883 5545 Γραφὴ

315 5569 407 5624 καὶ
430 5568 742 5639 Χερουϐιὶμ
766 5566 879 5637 (10)
906 5564 1286 5637 κατονομάζει,
1304 5563 1597 5638 ἁγγελικάς
1626 5563 1883 5634 δυνάμεις

386 5745 498 5818 (l0)
521 5746 861 5816 Χερουϐείμ.
904 5744 995 5800 Sic
1026 5743 1214 5801 codex.

1218 300 1284 356 ΙΝ
1322 301 1634 358 CARMINA
1675 304 1955 362 ARCANA
1996 304 2055 360 S.
2097 301 2454 361 GREGORII.

3456 306 3564 363 698

1973 425 2031 479 fit
2060 441 2235 481 novus
2266 423 2479 490 Adam;
2529 422 2659 478 hinc
2686 430 2845 479 vetus
2869 423 3041 479 Adam
3070 439 3169 495 per
3203 421 3363 480 fidem
3394 440 3561 484 omne

1978 525 2256 570 terrenum
2302 516 2554 570 immutat
2603 522 2658 571 et
2697 514 2841 570 Deus
2890 515 3262 586 agglutinatus
3304 514 3414 571 Deo
3445 529 3562 572 cm-

1976 607 2119 671 lesti,
2166 621 2293 661 cum
2338 607 2458 676 ipso
2506 621 2741 676 pergens
2786 605 2890 660 iter
2934 606 3197 662 ascendet
3245 606 3301 661 in
3334 608 3558 664 caelum.

1976 698 2130 753 "auc
2171 699 2229 753 in
2280 697 2565 753 tractando
2604 712 2829 752 causam
2873 697 3254 767 plasmationis
3310 698 3561 756 revelans

1973 789 2192 859 pergit:
2224 805 2243 839 ι
2280 786 2389 843 Nec
2426 802 2552 843 eum
2576 786 2814 842 libenter
2842 786 2971 841 sivit
3002 786 3261 853 liberum,
3293 806 3313 837 ι
3347 796 3403 843 et
3438 803 3557 858 seq.

1974 877 2031 934 ω
2055 888 2159 944 est,
2213 878 2359 934 sicut
2387 892 2498 932 non
2532 878 2849 933 omnimode
2890 877 3124 934 liberum
3158 878 3415 948 permisit
3462 879 3561 934 ho-

1974 970 2177 1025 minem
2201 978 2256 1027 et
2278 973 2362 1028 sui
2393 973 2561 1043 juris,
2588 1003 2661 1015 —
2684 976 2961 1046 quomodo
2995 977 3140 1032 enim
3168 975 3392 1047 dignum
3417 975 3558 1032 fuis-

1975 1069 2057 1146 set
2084 1061 2363 1119 hominem
2391 1064 2782 1123 dominationis
2806 1066 3210 1137 Omnipotentis
3236 1073 3559 1136 exemptum

1974 1159 2123 1208 stare
2140 1153 2245 1208 l—
2263 1170 2366 1211 nec
2395 1155 2620 1212 omnino
2643 1155 2793 1212 illum
2819 1155 2951 1228 jugo
2970 1155 3315 1212 necessitatis
3334 1154 3560 1209 irratio-

1974 1242 2236 1298 nabilium
2267 1260 2422 1303 more
2448 1247 2713 1313 revinxit;
2745 1245 2842 1302 sed
2884 1246 3003 1318 lege
3030 1245 3269 1300 naturali
3301 1255 3355 1300 et
3390 1245 3559 1299 rectis

1972 1334 2399 1406 cogitationibus
2437 1337 2493 1391 in
2521 1337 2687 1392 corde
2721 1336 2895 1406 ipsius
2920 1336 3231 1406 inscriptis,
3268 1335 3323 1390 in
3364 1333 3560 1388 mediis

1973 1428 2212 1497 paradisi
2241 1428 2534 1485 viridantis
2559 1429 2652 1483 'ad
2696 1438 2931 1497 utraque
2969 1435 3155 1499 aptum
3193 1426 3351 1497 ponit
3379 1426 3561 1493 regio-

1971 1520 2157 1586 nibus,
2188 1520 2255 1576 ad
2285 1528 2517 1591 utraque
2571 1521 2727 1590 quasi
2776 1519 3069 1590 proclivem
3091 1557 3107 1582 ,
3139 1522 3232 1589 qui
3267 1515 3558 1570 affectuum

1970 1618 2119 1667 esset
2148 1626 2397 1682 compos,
2443 1612 2707 1682 suiipsius
2748 1610 2986 1669 arbitrii.
3029 1608 3182 1679 ponit
3223 1614 3278 1663 et
3325 1605 3557 1669 nudum,

1972 1702 2063 1772 qui
2105 1702 2330 1772 simplex
2358 1708 2413 1757 et
2447 1702 2655 1771 absque
2688 1701 2920 1765 malitia,
2950 1700 3090 1753 liber
3118 1705 3268 1754 esset
3310 1698 3378 1750 ah
3408 1695 3559 1750 omni

1973 1791 2304 1870 duplicitate
2335 1796 2393 1844 et
2433 1789 2736 1860 hypocrisi.
2795 1788 2923 1845 Mihi
2968 1787 3112 1843 enim
3159 1785 3334 1856 judici
3379 1799 3481 1840 vox
3528 1799 3561 1839 a

1973 1882 2084 1938 Deo
2123 1888 2274 1937 certe
2304 1881 2551 1936 insonuit
2586 1900 2598 1935 :
2635 1881 2935 1937 Paradisus
2969 1880 3072 1935 iste
3115 1879 3340 1934 cmleste
3378 1875 3560 1930 firma-

1972 1980 2217 2029 mentum
2274 1979 2539 2037 vocatur,
2616 1980 2672 2027 et
2714 1979 3035 2026 sanctorum
3075 1968 3367 2037 spirituum
3414 1966 3562 2030 vita,

1971 2065 2131 2134 cujus
2157 2064 2211 2119 in
2248 2062 2519 2135 principio
2554 2063 2835 2118 hominem
2861 2060 3094 2118 Creator
3124 2060 3392 2115 cultorem
3423 2073 3560 2114 con-

1971 2154 2174 2217 stituit,
2232 2153 2599 2225 cogitationes
2634 2165 3031 2222 sermonesque
3068 2148 3288 2205 divinos
3325 2162 3564 2219 operose

1970 2247 2380 2303 observantem.

1973 2356 2075 2412 107
2113 2355 2231 2411 Una
2264 2357 2314 2411 ei
2339 2355 2617 2411 interdixit
2648 2353 2959 2425 perfectiora
2988 2350 3198 2417 arbore,
3239 2358 3349 2406 etc.

2040 2444 2219 2502 Unius
2253 2453 2467 2501 tantum
2504 2444 2721 2501 fructus
2751 2451 2972 2514 gustum
3008 2442 3183 2497 vetuit
3224 2439 3557 2495 Plasmator.

1970 2533 2127 2600 Quod
2160 2534 2325 2590 fuerit
2353 2532 2560 2604 aliquid
2601 2532 2893 2602 pulchrum
2939 2531 2995 2586 in
3036 2530 3187 2601 ligno
3227 2529 3329 2584 hoc
3368 2535 3560 2598 proto-

1972 2627 2187 2696 patenti
2224 2626 2563 2698 prohibitum
2592 2622 2780 2678 dicant
2801 2623 2916 2688 alii,
2945 2636 3055 2677 non
3086 2626 3280 2677 contra
3312 2618 3559 2683 invehar,

1971 2717 2068 2773 sed
2098 2716 2564 2775 considerationis
2605 2715 2922 2786 allegoriam
2971 2712 3217 2768 melioris
3255 2724 3421 2782 quam
3472 2726 3562 2767 sc-

1972 2809 2215 2865 cundum
2241 2824 2403 2864 usum
2438 2807 2612 2862 Adam
2637 2807 2789 2862 illum
2823 2805 3126 2877 intelligere
3152 2804 3413 2868 fructum,
3440 2817 3564 2873 pro-

1974 2900 2119 2957 fecto
2150 2900 2494 2957 consentiam
2530 2898 2836 2969 magistro:
2870 2896 3002 2964 Quae
3040 2894 3317 2968 allegoria,
3354 2894 3556 2965 inquit,

1973 2991 2279 3062 perfectum
2306 2990 2362 3044 in
2387 3004 2450 3044 se
2481 2988 2601 3058 ipsa
2634 2986 2905 3057 judicium
2938 2985 3008 3041 de
3041 2987 3185 3041 bono
3210 2993 3264 3041 et
3295 2986 3438 3040 malo
3462 2984 3560 3039 ha-

1976 3082 2093 3145 bet,
2126 3090 2349 3151 accepta
2390 3082 2446 3134 in
2478 3078 2654 3149 ipsius
2690 3086 2939 3148 tempore
2972 3083 3306 3147 opportuno.
3353 3074 3564 3130 Idcirco

1972 3170 2237 3226 act-edere
2263 3167 2332 3223 ad
2363 3167 2531 3224 Deum
2565 3166 2983 3234 incipientibus,
3017 3164 3322 3220 infantibus
3351 3163 3565 3218 scilicet

1970 3269 2028 3319 et
2053 3258 2391 3331 imperfectis
2419 3258 2475 3312 in
2501 3255 2723 3312 Christo
2750 3270 2861 3311 non
2887 3247 3130 3325 expedit,
3172 3253 3268 3309 sed
3299 3263 3459 3308 aetate
3484 3252 3564 3306 iu-

1974 3350 2236 3423 telligenti
2279 3348 2556 3421 provectis
2588 3354 2644 3402 et
2680 3346 2748 3402 iis
2783 3346 2878 3417 qui
2921 3345 2990 3400 ad
3038 3344 3292 3401 altiorem
3326 3343 3560 3413 spiritus

1972 3455 2287 3497 mensuram
2310 3441 2364 3495 in
2385 3438 2827 3495 consideratione
2852 3443 2908 3492 et
2932 3436 3190 3506 operibus
3210 3433 3416 3490 Christi
3444 3448 3563 3503 per-

1974 3539 2265 3591 vcnerunt.
2310 3530 2438 3586 Haec
2485 3543 2614 3586 vero
2668 3536 2880 3582 tantum
2928 3541 3163 3597 gravatis
3207 3524 3563 3595 imperfectos

1976 3633 2246 3695 quantum
2279 3621 2440 3679 solidi
2471 3620 2579 3675 cibi
2617 3633 2714 3674 eos
2745 3618 2842 3689 qui
2887 3618 3030 3673 lacte
3069 3615 3251 3671 adhuc
3292 3613 3559 3683 indigent.

1979 3712 2085 3770 Sed
2121 3722 2406 3783 postquam
2432 3707 2604 3765 invidi
2628 3708 2984 3764 suasionibus
3004 3705 3211 3762 diaboli
3234 3710 3289 3759 et
3310 3703 3564 3759 mulieris

1977 3802 2393 3860 invitationibus
2425 3800 2626 3863 victus,
2655 3798 2883 3853 vetitum
2918 3796 3158 3852 fructum
3183 3803 3314 3850 ante
3345 3803 3565 3865 tempus

1977 3904 2034 3952 et
2066 3902 2264 3966 praeter
2298 3889 2617 3947 mandatum
2643 3890 2904 3960 gustavit,
2930 3887 3175 3959 pelliceis
3201 3887 3408 3942 tunicis
3433 3902 3562 3956 gra-

1978 4004 2098 4044 vem
2134 3994 2190 4043 et
2228 3983 2517 4040 mortalem
2557 3996 2780 4036 carnem
2825 3995 2948 4051 quae
2976 3979 3253 4035 successit
3289 3976 3468 4032 nitido
3508 3983 3564 4031 et

1979 4077 2193 4150 fulgido
2217 4074 2440 4144 corpori
2469 4072 2648 4128 letifer
2669 4071 2911 4136 vestivit,
2938 4072 3057 4141 ipse
3082 4069 3189 4125 sub
3214 4068 3302 4123 his
3322 4068 3390 4122 ad
3415 4082 3565 4122 mor-

1980 4182 2088 4226 tem
2108 4168 2449 4239 designatus.
2473 4164 2767 4237 Frangitur
2788 4174 2968 4220 autem
2997 4168 3281 4233 peccatum
3305 4173 3401 4229 per
3425 4171 3567 4213 mor—

1980 4270 2089 4316 tem
2133 4260 2206 4314 ita
2235 4269 2294 4313 ut
2323 4273 2431 4313 non
2459 4257 2533 4314 sit
2553 4265 2820 4311 aeternum
2843 4254 3077 4320 malum,
3107 4257 3334 4306 auctore
3357 4248 3564 4321 optimo

1984 4352 2097 4409 Deo
2123 4371 2138 4408 :
2172 4350 2348 4406 Homo
2378 4364 2505 4405 vero
2535 4349 2683 4433 ipse.

1987 4556 2087 4610 ll‘l
2130 4552 2346 4624 Ejectus
2389 4568 2419 4608 ε
2444 4553 2701 4623 paradiso
2731 4551 2869 4606 venit
2892 4551 2947 4605 in
2984 4560 3183 4605 terram
3198 4563 3249 4624 ,ε
3272 4562 3377 4615 qua
3417 4555 3565 4600 ortus

3198 4615 3361 4691 [erat,
3386 4624 3495 4672 etc.
3553 4678 3558 4683 ,

2059 4738 2162 4795 llic
2214 4738 2320 4794 fuit
2369 4736 2661 4794 divisionis
2710 4735 2966 4804 fructus,
3036 4731 3173 4789 illud
3227 4730 3571 4801 comparavit

1987 4830 2155 4886 homo
2186 4828 2630 4900 transgressione
2655 4842 2755 4882 sua
2780 4825 2929 4897 quod
2974 4821 3242 4881 exciderit
3285 4821 3354 4877 de
3407 4835 3571 4893 para-

1986 4924 2110 4980 diso
2131 4923 2189 4979 in
2222 4929 2427 4977 terram
2456 4935 2488 4976 e
2531 4935 2641 4990 qua
2684 4925 2939 4988 sumptus
2985 4923 3072 4972 est
3108 4928 3457 4979 reversurus,
3501 4912 3572 4967 ad

1987 5017 2156 5070 vitam
2186 5010 2470 5068 doloribus
2506 5010 2884 5079 aerumnisque
2925 5006 3185 5063 refertam
3237 5003 3571 5069 damnatus,
3608 5024 3621 5071 ι

1988 5106 2146 5176 quin,
2194 5103 2345 5159 circa
2391 5100 2851 5173 pretiosissimum
2885 5098 3010 5154 vita:
3052 5098 3257 5169 lignum
3304 5096 3360 5151 in
3390 5094 3575 5151 medio

1990 5196 2250 5269 paradiso
2286 5194 2624 5249 intellectum
2670 5190 2818 5262 quod
2858 5205 2984 5248 esse
3044 5196 3227 5260 potest
3272 5187 3571 5258 purissima

1990 5290 2085 5345 Dei
2124 5284 2520 5356 contemplatio
2572 5292 2629 5340 et
2674 5282 2930 5340 sublimis
2995 5274 3571 5352 incomprehensibilis

1990 5380 2084 5436 Dei
2118 5378 2386 5451 cognitio,
2425 5376 2575 5433 circa
2604 5375 2712 5431 hoc
2740 5374 2974 5445 lignum,
3020 5372 3240 5445 igneum
3265 5367 3441 5438 ipsius
3477 5381 3567 5420 ιο·
3604 5360 3614 5425 t

1986 5473 2118 5538 lum,
2141 5486 2301 5541 quem
2327 5470 2639 5525 ﬂammeum
2660 5468 2901 5539 gladium
2923 5464 3109 5521 divina
3125 5461 3257 5516 dicit
3278 5459 3563 5527 Scriptura

1990 5572 2043 5620 et
2070 5562 2362 5622 Cherubim
2392 5566 2568 5628 vocat,
2603 5559 2876 5631 angelicas
2909 5556 3146 5611 virtutes
3178 5550 3304 5607 dico
3353 5558 3408 5606 et
3449 5562 3565 5606 cm-
