4044 6210
523 242 626 298 639

523 361 692 418 lestes
716 374 836 431 qua:
872 358 1126 430 indignos
1163 357 1411 414 dividant
1444 364 1498 414 et
1542 365 1786 419 arceant,
1825 356 2099 427 disposuit

523 453 695 519 Deus,
733 469 801 507 ne
829 452 955 521 quis
986 466 1367 522 prmproperus
1389 449 1562 505 Adam
1596 457 1650 503 et
1674 448 1891 518 spiritui
1916 455 2096 517 aptam

523 546 714 598 horam
749 543 1109 613 praeveniens,
1137 557 1207 597 ne
1253 541 1379 611 quis
1423 538 1690 612 profanus
1749 545 1842 596 aut
1896 539 2096 603 malus,

521 647 637 688 non
659 630 888 702 abjectis
918 640 1078 686 antea
1118 631 1412 700 saporibus
1455 642 1615 698 ptena
1663 627 1843 700 dignis
1887 627 2101 681 arboris

527 721 985 792 concupiscentiae
1035 721 1320 786 carnalis,
1365 721 1490 774 vita:
1541 719 1746 789 lignum
1805 717 2102 787 appropin-

527 828 698 884 quare
726 811 944 867 audeat.
983 831 1000 865 ι
1035 809 1220 882 Itaque
1271 825 1302 865 a
1342 809 1783 872 vehementibus,
1835 825 1853 859 ι
1890 815 1944 862 et
1983 822 2100 880 seq.

528 903 684 960 Unde
722 903 779 959 fit
836 911 898 958 ut
945 901 1273 956 hiemalibus
1306 899 1828 970 vehementibusque
1870 897 2102 954 furenti-

527 994 630 1050 bus
670 993 927 1064 procellis
976 993 1032 1046 in
1067 991 1206 1045 mari
1247 992 1513 1061 navigans
1539 988 1700 1045 homo
1747 996 1802 1045 et
1849 990 1918 1044 ab
1965 997 2102 1045 aastu

527 1092 792 1153 exsputus
827 1083 880 1137 in
913 1083 1082 1138 altum
1115 1081 1445 1152 volutusque
1475 1090 1621 1138 retro
1667 1079 1936 1136 dedecore
1965 1080 2102 1135 avia

527 1176 865 1241 deducatur;
907 1173 1106 1230 deinde
1141 1172 1673 1232 lenioribus.ventis
1722 1172 1838 1229 vela
1887 1172 2102 1244 scaphae

527 1267 854 1337 permittens
915 1275 1011 1324 aut
1077 1265 1380 1336 remigibus
1432 1273 1594 1322 utens
1637 1256 2103 1321 convenientibus

526 1357 704 1411 multo
767 1356 956 1411 labore
1007 1355 1242 1425 spatium
1287 1355 1578 1427 denavigat
1622 1371 1805 1412 suum.
1852 1355 1920 1410 Et
1977 1372 2100 1421 nos,

527 1449 722 1517 inquit,
754 1449 942 1504 eodem
979 1449 1176 1514 modo,
1204 1463 1234 1503 a
1274 1447 1383 1505 Deo
1414 1449 1736 1520 elongamur
1774 1464 1872 1519 per
1916 1449 2104 1506 inobe-

527 1537 792 1594 dientiam
849 1538 952 1593 sub
1020 1540 1313 1608 spirituum
1373 1540 1643 1594 malorum
1699 1540 1998 1610 impetibus
2048 1549 2104 1596 et

528 1636 751 1700 peccato
787 1629 1178 1684 contundimur
1203 1636 1257 1684 et
1293 1637 1504 1696 morte;
1558 1628 1655 1684 sed
1681 1644 1899 1684 rursum
1944 1629 2104 1684 Chri-

535 1723 648 1775 stus
676 1717 836 1774 Jcsus
865 1718 1070 1791 dirigit,
1103 1719 1260 1790 cujus
1283 1719 1439 1775 bonis
1469 1719 1679 1789 angelis
1711 1719 2102 1776 auxiliantibus

526 1815 579 1860 et
613 1806 999 1875 adjuvantibus
1041 1807 1107 1862 ad
1157 1808 1496 1863 destinatum
1552 1818 1966 1880 persequentes,
2014 1812 2106 1866 vix

528 1895 708 1955 adhuc
736 1905 792 1953 et
826 1897 1104 1967 adiunctis
1149 1914 1259 1954 non
1302 1900 1514 1970 ignavis
1557 1901 1847 1957 conatibus
1901 1901 2108 1956 nostris

526 2003 626 2058 pro
651 1989 873 2058 pietate,
910 1989 1054 2044 viam
1085 1987 1153 2042 ad
1186 1988 1281 2044 Dei
1333 1989 1654 2060 paradisum
1693 2006 1917 2046 sursum
1968 1991 2106 2046 diri-

527 2077 727 2148 gimus.
780 2076 908 2134 "me
945 2077 1048 2132 fuit
1103 2093 1132 2131 a
1165 2078 1342 2148 primo
1391 2089 1616 2150 parente
1661 2079 2103 2150 superseminata

526 2168 585 2221 in
615 2183 786 2239 genus
815 2168 1116 2222 humanum
1147 2185 1268 2240 quae
1296 2170 1622 2239 germinavit
1667 2170 1864 2240 culpa;
1896 2186 2005 2225 non
2042 2171 2098 2224 in

526 2258 802 2330 principio
848 2260 1147 2326 exsistens,
1208 2277 1330 2331 qua:
1400 2277 1466 2316 ex
1510 2262 1705 2317 ordine
1758 2262 1815 2315 in
1864 2268 2101 2332 segetem

527 2346 895 2407 abundantem
951 2349 1195 2406 letiferos
1247 2351 1398 2406 dedit
1458 2351 1698 2418 fructus,
1743 2351 1949 2422 quibus
2001 2367 2104 2407 nos

526 2438 686 2505 plene
718 2439 1042 2508 puriﬁcans,
1068 2454 1102 2494 ο
1132 2439 1365 2507 ,ϐιιι-ἰειο
1409 2438 1573 2505 Deus,
1598 2455 1696 2511 per
1739 2448 1886 2498 tuam
1935 2441 2104 2498 bene-

525 2527 844 2597 dictionem,
871 2531 1088 2602 justitia
1122 2539 1215 2586 tua
1246 2539 1299 2586 et
1331 2546 1462 2601 pace
1487 2540 1540 2586 et
1574 2533 1752 2602 gratia
1784 2533 1934 2602 reple
1966 2549 2096 2599 nos,

525 2621 621 2690 qui
651 2624 804 2680 solus
829 2623 1153 2682 benedictus
1196 2638 1256 2680 cs
1302 2631 1356 2678 et
1399 2624 1737 2694 glorilicatus
1777 2624 1834 2680 in
1877 2626 2097 2682 saecula.

525 2715 719 2772 Amen.

526 2895 948 2969 Commentarius
986 2913 1312 2969 _arr_.anorum
1347 2897 1550 2969 Magni
1573 2897 1815 2965 Gregorii
1851 2897 2099 2969 Theolugi

594 2968 928 3047 carminum;
963 2966 1025 3018 de
1055 2966 1406 3019 Testamentis
1437 2965 1931 3034 etdianifestatianc
1950 2965 2102 3022 Chri-

597 3043 689 3098 stt',
715 3051 887 3086 sermo
918 3043 1154 3088 octavus.

595 3122 825 3177 Peracto
881 3123 1187 3193 dogmatico
1221 3123 1288 3179 de
1327 3125 1510 3182 anima
1557 3141 1812 3181 sermone
1865 3129 2098 3198 septimo

525 3214 856 3270 excellenter
885 3229 914 3268 a
969 3213 1080 3270 Deo
1129 3216 1326 3272 ductus
1380 3215 1676 3288 Gregorius
1721 3219 1846 3272 inde
1874 3221 1941 3275 ad
1991 3221 2100 3275 duo

525 3311 874 3368 testamenta,
909 3313 1063 3361 vetus
1119 3315 1175 3361 et
1235 3322 1456 3375 novum,
1505 3317 1601 3362 aut
1663 3311 1731 3364 ad
1779 3311 1950 3381 legem
2004 3310 2098 3366 Dei

527 3394 748 3450 transit.
835 3395 1046 3452 Etenim
1111 3398 1168 3452 in
1234 3397 1518 3468 Scriptura
1573 3400 1659 3456 lex
1716 3416 1813 3471 per
1861 3400 2100 3472 Moysem

525 3488 782 3559 primitus
809 3489 955 3557 data,
983 3499 1146 3561 atque
1177 3493 1352 3560 gratia
1377 3499 1432 3547 et
1458 3495 1659 3550 veritas
1696 3493 1974 3565 Evangelii
2015 3511 2102 3550 se-

524 3579 707 3634 cundo
739 3595 833 3648 per
879 3576 1066 3634 Jesum
1121 3579 1401 3636 Christum
1459 3581 1624 3648 facta,
1667 3599 1777 3637 una
1836 3584 1926 3639 lex
1972 3592 2103 3640 sunt

525 3667 751 3735 Spiritus
785 3669 910 3722 vitae
943 3669 1034 3738 qui
1077 3669 1131 3724 in
1173 3667 1304 3724 Jesu
1365 3670 1588 3726 Christo
1641 3688 1728 3728 me
1775 3674 2030 3730 liberavit
2072 3692 2101 3730 a

527 3759 644 3828 lege
678 3760 887 3827 peccati
921 3770 975 3815 et
997 3762 1213 3815 mortis.
1244 3761 1360 3816 Duo
1402 3769 1728 3820 testamenta
1777 3765 1928 3820 dicta
1974 3776 2104 3823 sunt

523 3867 590 3908 eo
614 3854 757 3922 quod
794 3853 1010 3908 duobus
1043 3855 1404 3924 temporibus,
1440 3857 1569 3910 olim
1601 3865 1657 3912 et
1683 3874 1853 3926 nunc,
1881 3870 1935 3915 et
1959 3860 2102 3931 apud

525 3950 664 3999 duos
692 3944 882 4009 Israel,
935 3955 1171 4000 veterem
1217 3955 1272 3999 et
1321 3961 1522 4000 novum
1591 3949 1801 4016 prolata
1869 3951 1940 4004 sit
1993 3950 2100 4005 lex.

523 4036 660 4092 Aliis
695 4036 914 4105 quidem
945 4037 1188 4106 potentia
1214 4036 1335 4106 ejus
1372 4037 1426 4090 in
1479 4038 1759 4108 parabolis
1803 4046 1858 4095 et
1915 4039 2103 4110 ﬁguris

527 4128 856 4184 adumbrata
911 4137 1017 4196 est,
1072 4137 1262 4199 utpote
1313 4128 1407 4200 qui
1462 4129 1718 4186 tardioris
1772 4131 1999 4201 spiritus
2048 4140 2104 4188 et

525 4217 860 4288 imperfecti;
896 4234 1040 4274 novo
1077 4235 1207 4274 vero
1265 4220 1462 4289 populo
1510 4221 1719 4276 clarius
1771 4229 1826 4276 et
1881 4222 1994 4277 Deo
2026 4222 2104 4278 di-

525 4310 709 4379 gnius,
740 4310 899 4378 quasi
935 4318 1082 4366 esset
1111 4312 1413 4366 eruditiore
1451 4313 1614 4368 oculo
1677 4321 1731 4368 et
1757 4313 2095 4383 perfectiori,

525 4401 886 4471 evangelizati
911 4411 1042 4457 sunt
1091 4403 1147 4457 in
1177 4401 1400 4457 Christo
1443 4402 1572 4459 Jesu
1627 4405 1782 4474 regni
1830 4407 2098 4460 cmlorum

524 4495 866 4565 splendores.
908 4496 1200 4553 Videamus
1230 4513 1299 4552 ne
1329 4498 1454 4556 vilis
1483 4498 1555 4554 sit
1576 4513 1780 4563 sermo,
1813 4507 1869 4554 et
1909 4499 2093 4554 heroi-

529 4603 725 4643 corum
776 4589 1086 4644 carminum
1137 4599 1302 4658 atque
1343 4589 1627 4659 elegantia:
1675 4588 1878 4645 Graacaa
1929 4591 2098 4646 ardua

521 4679 770 4748 plurimis
813 4679 1073 4751 ingeniis,
1113 4695 1214 4751 pro
1245 4694 1406 4750 posse
1445 4689 1656 4746 nostro,
1694 4681 1979 4752 theologia:
2014 4683 2097 4737 di-

526 4771 635 4826 vini
668 4772 1094 4832 sermocinantis
1128 4787 1292 4844 quam
1323 4771 1611 4829 minimum
1664 4772 1902 4844 impares
1974 4773 2100 4829 illu-

524 4867 786 4920 stremus.

525 5035 549 5090 1
598 5035 701 5092 Eia
746 5054 841 5108 age
876 5049 924 5094 et
960 5042 1233 5112 utriusque
1257 5039 1386 5110 legis
1420 5042 1680 5097 rationem
1699 5041 1955 5112 expende,
1987 5051 2093 5099 etc.

598 5198 731 5270 Age,
772 5197 929 5267 quasi
962 5213 1084 5252 cum
1121 5199 1294 5254 altero
1320 5199 1640 5271 colloquens
1667 5198 1852 5263 divus,
1886 5214 2096 5256 sermo-

525 5308 648 5347 nem
677 5289 745 5345 de
767 5288 972 5361 duplici
1017 5290 1133 5359 lege
1190 5293 1468 5361 perquire,
1518 5291 1700 5361 inquit
1741 5292 1860 5360 ipse
1900 5291 2097 5345 anima:

525 5398 642 5437 suae
683 5403 697 5438 :
737 5379 937 5453 duplex
964 5380 1112 5436 enim
1149 5387 1235 5436 est
1261 5388 1417 5438 vetus
1455 5390 1510 5438 et
1545 5396 1708 5448 nova,
1749 5375 2096 5432 manifestata

597 5520 712 5599 (lt)
749 5521 1030 5599 ’ἔζη-ἶσοι.
1092 5520 1150 5575 1η
1193 5519 1384 5599 codice
1431 5521 1695 5599 scriptum
1735 5530 1820 5599 est
1856 5519 2088 5599 ίγγίρει,

527 5589 753 5660 ρυιιςιο
793 5592 988 5646 littera:
1024 5610 1040 5644 ι
1094 5589 1572 5660 superimposito,
1619 5589 1778 5660 quod,
1823 5589 2094 5659 signiﬁcat

531 5656 922 5716 dubitationem
948 5670 1041 5716 aut
1060 5656 1486 5731 corruptionem.
1532 5659 1596 5716 ν.
1617 5656 1783 5714 Bastii
1803 5656 2092 5715 Comment.

1853 243 2153 302 NICETAS
2225 241 2436 298 DAVID

2206 354 2349 425 φημὶ
2377 354 2441 424 δὴ
2476 353 2591 428 mi..-
2603 351 2858 424 οὐρανίας
2878 392 2892 414 ,
2940 353 3066 416 τοὺς
3102 350 3355 418 ἀναξίους
3387 351 3776 424 ἀποκλειούσας

2203 444 2296 496 καὶ
2324 441 2843 505 ἀποδιαστελλούσας
2871 441 3114 506 διέταξεν
3159 444 3189 495 ὁ
3231 441 3383 506 Θεὸς,
3416 444 3564 508 ὅπως
3591 447 3772 518 μηδεὶς

2204 528 2470 605 προίὒριος
2498 533 2667 604 Ἀδὰμ
2690 533 2783 586 καὶ
2807 533 2904 603 τὴν
2929 533 3305 604 πνευματικὴν
3336 534 3554 605 ἡλικίαν
3580 537 3770 610 ἄωρος,

2207 626 2390 696 μηδεὶς
2416 623 2639 694 βέϐηλος
2671 625 2765 677 καὶ
2795 623 2983 689 κακὸς,
3009 624 3140 695 πρὶν
3166 623 3314 696 ἢτοῦ
3339 625 3437 696 τῆς
3466 628 3775 697 σαρκὼδους

2203 717 2498 788 ἐπιθυμίας
2528 714 2696 786 φυτοῦ
2731 715 2828 787 τὴν
2861 715 3218 786 κολαστήριον
3241 715 3429 784 γεῦσιν
3458 722 3672 787 φυγεῖν,
3703 721 3777 791 τῷ

2202 813 2301 882 τῆς
2333 809 2478 880 ζωῆς
2513 808 2721 882 ἐγγίσει
2749 809 2860 876 (il)
2901 808 3075 879 φυτῷ.
3121 826 3142 862 ‹
3200 809 3287 872 Ὠς
3311 809 3356 862 δ’
3387 810 3479 863 ὐπ’
3504 811 3722 882 ἀήταις,
3752 833 3770 865 ι

2205 917 2258 953 κ.
2289 916 2340 954 τ.
2373 899 2670 970 ὲξ.Ὢσπερ
2702 898 2806 951 ὑπὸ
2829 900 3156 970 χειμερινοῖς
3179 899 3274 952 καὶ
3299 899 3496 971 βιαίοις
3534 903 3777 972 πνεύμα-

2206 1009 2290 1045 σιν
2323 990 2612 1061 ἄνθρωπος
2651 990 2835 1045 πλέων
2863 989 2960 1061 τὴν
2991 989 3286 1054 θάλασσαν,
3332 992 3428 1046 καὶ
3469 992 3571 1062 τῆς
3607 995 3690 1058 εἰς
3720 994 3788 1048 τὸ

2205 1081 2394 1154 πρόσω
2439 1081 2612 1152 φορᾶς
2641 1079 3016 1150 ἐκκρουσθεὶς,
3047 1080 3140 1132 καὶ
3170 1079 3570 1147 κλυδωνισθεὶς,
3601 1085 3682 1148 είς
3714 1084 3776 1138 τά

2204 1173 2377 1226 ὀπίσω
2417 1172 2738 1244 παλίνορσος
2773 1173 2887 1243 μετ’
2916 1172 3176 1244 αἰσχύνης
3209 1173 3556 1245 ἀπεστράφη,
3591 1174 3777 1232 ἔπειτα

2205 1265 2366 1318 πάλιν
2397 1264 2432 1334 ἦ
2474 1263 2801 1336 πραϋτέροις
2836 1264 3112 1335 πνεύμασι
3148 1264 3219 1329 τὰ
3259 1266 3404 1320 ἱστία
3447 1267 3542 1322 τοῦ
3593 1269 3776 1322 πλοίου

2203 1356 2394 1422 διῖεὶς,
2432 1354 2705 1428 ἣὲρέταις
2756 1356 3102 1432 χρησάμενος
3135 1357 3412 1430 δοκίμοις,
3459 1359 3555 1413 σὺν
3602 1360 3785 1430 πολλῷ

2206 1445 2352 1516 πόνῳ
2379 1443 2468 1497 τὸν
2497 1444 2693 1501 οἰκεῖον
2719 1442 3011 1516 ἐξεπέρανε
3042 1445 3206 1498 πλοῦν
3223 1462 3236 1476 ·
3259 1445 3468 1512 τοῦτον,
3501 1449 3658 1518 φησὶ,
3688 1451 3778 1502 καὶ

2205 1537 2366 1607 ἡμεῖς
2394 1533 2485 1586 τὸν
2507 1533 2707 1604 τρόπον
2733 1533 2825 1586 τοῦ
2847 1533 2982 1586 Θεοῦ
3015 1534 3113 1605 μὲν
3143 1536 3467 1601 ἐκπεσόντες
3495 1537 3585 1591 διὰ
3606 1557 3778 1611 παρα-

2207 1626 2436 1690 ϐάσεως,
2453 1624 2776 1695 πνευμάτων
2793 1624 2848 1678 δὲ
2867 1626 3116 1696 πονηρῶν
3138 1627 3411 1681 ἑπιθέσεσι
3426 1631 3491 1699 τῇ
3515 1646 3576 1682 τε
3601 1630 3776 1702 ἀμαρρ

2207 1719 2298 1790 τίᾳ
2326 1716 2774 1792 κατατριϐόμενοι
2806 1715 2902 1770 καὶ
2923 1715 3001 1787 τῷ
3029 1715 3262 1787 θανάτῳ,
3289 1713 3444 1782 αὖθις
3467 1719 3521 1771 δὲ
3541 1719 3776 1790 Χριστοῦ

2221 1806 2398 1879 Ἰησοῦ
2433 1807 2788 1878 κυϐερνήτου,
2831 1805 2940 1859 τῶν
2969 1803 3185 1873 ἀγαθῶν
3215 1805 3272 1857 δὲ
3311 1805 3501 1859 τούτου
3530 1807 3777 1875 ἀγγέλων

2207 1898 2585 1970 εὐστοχοῦντες
2635 1897 2843 1968 βοηθῶν
2907 1897 3001 1950 καὶ
3064 1896 3374 1965 συνεργῶν.
3438 1896 3588 1968 μόλις
3641 1898 3780 1951 οὕτω

2209 1993 2306 2045 σὺν
2333 1991 2432 2043 οὐκ
2457 1989 2703 2060 ἀγεννέσι
2731 1989 2844 2052 τοῖς
2877 1988 3165 2060 ἡμετέροις
3197 1987 3338 2059 ὑπὲρ
3368 1988 3654 2052 εὐσεϐείας
3683 1989 3768 2042 που

2207 2097 2319 2143 νοις
2344 2078 2434 2133 τὸν
2463 2077 2600 2150 πρὸς
2637 2075 2750 2131 ἄνω
2789 2075 2882 2132 τοῦ
2934 2076 3070 2129 Θεοῦ
3105 2077 3431 2148 παράδεισον
3459 2078 3773 2132 κατευθυνό-

2211 2171 2350 2242 μεθα
2377 2171 2561 2225 πλοῦν.
2597 2169 2831 2241 Τοιαύτη
2865 2170 2961 2240 μὲν
2989 2171 3097 2224 ἀπὸ
3123 2171 3216 2224 τοῦ
3248 2171 3675 2241 πρωτοπλάστου
3700 2171 3770 2241 τῷ

2206 2262 2527 2332 ἀνθρωπίνῳ
2567 2260 2712 2329 γένει
2754 2260 3105 2330 νεόσποροςὴ
3139 2259 3383 2330 ἁμαρτία
3427 2263 3648 2327 φυείσα,
3678 2261 3768 2314 οὐκ

2205 2353 2456 2425 ἀνάρχως
2481 2348 2638 2418 οὖσα,
2659 2351 2745 2404 διὰ
2771 2349 2879 2405 τῶν
2901 2348 3156 2420 καθεξῆς.
3180 2351 3259 2413 είς
3288 2350 3488 2420 στάχυν
3515 2350 3770 2421 πολύχουν

2205 2444 2296 2498 τὸν
2327 2443 2673 2515 ὀλεθροτόκον
2703 2441 2874 2510 αὐτῆς
2903 2441 3139 2494 ἀνέδωκε
3171 2440 3401 2512 καρπὸν,
3426 2435 3486 2494 οῦ
3512 2441 3609 2494 καὶ
3637 2443 3771 2511 ἡμᾶς

2205 2536 2550 2591 παντάπασιν
2598 2533 3084 2604 ἀνακαθηράμενος
3108 2572 3122 2596 ,
3179 2533 3380 2604 Χριστὲ
3412 2533 3439 2585 ὁ
3474 2532 3636 2599 Θεὸς,
3682 2534 3769 2601 τῆς

2205 2628 2303 2698 σῆς
2327 2625 2592 2695 εὐλογίας,
2625 2625 2727 2693 τῆς
2783 2623 2882 2694 σῆς
2921 2623 3262 2695 δικαιοσύνης
3295 2623 3389 2676 καὶ
3429 2625 3653 2696 εἰρήνης
3687 2623 3770 2676 καὶ

2203 2716 2563 2790 χρηστότητος
2609 2715 2914 2786 πλήρωσον,
2966 2714 3046 2768 ὅτι
3087 2715 3246 2784 μόνος
3287 2715 3575 2787 εὐλογητὸς
3618 2711 3772 2768 εἶκαὶ

2201 2805 2584 2876 δεδοξασμένος
2615 2806 2690 2868 είς
2720 2805 2846 2867 τούς
2875 2804 3094 2867 αἰῶνας.
3147 2805 3339 2875 Ἀμήν.

2215 2897 2538 2968 Ἐξήγησις
2572 2897 2688 2950 τῶν
2720 2895 3072 2968 ἀποῤῥιὶίτωγ
3123 2895 3225 2949 τοῦ
3253 2896 3520 2968 μεγάλου
3567 2900 3770 2967 Γρηγο-

2263 2964 2401 3036 plot;
2424 2964 2543 3020 ’τοῦ
2591 2968 2882 3034 Θεολόγου
2932 2964 3128 3019 ἐπῶν·
3165 2966 3298 3034 περὶ
3334 2967 3635 3036 Aradum?»-
3672 2964 3764 3023 καὶ

2268 3037 2616 3105 ἐπιφανείας
2640 3036 2919 3104 Χριστοῦ,
2945 3037 3123 3104 λόγος
3151 3042 3203 3102 η’
3232 3036 3369 3107 (12).

2271 3127 2603 3190 Συντελέσας
2629 3128 2755 3190 τούς
2789 3124 3150 3197 δογματικοὺς
3193 3127 3326 3198 περὶ
3365 3127 3543 3198 ψυχῆς
3587 3129 3770 3195 λόγους

2202 3221 2268 3285 ζ’,
2295 3221 2324 3272 ὁ
2355 3217 2834 3289 θεωρητικώτατος
2868 3216 3163 3288 Γρηγὸριος
3187 3257 3202 3281 ,
3239 3215 3480 3269 ἐντεῦθεν
3513 3217 3628 3287 περὶ
3661 3216 3768 3270 τῶν

2199 3311 2293 3365 δύο
2330 3309 2634 3380 Διαθηκῶν,
2673 3307 2918 3371 Παλαιᾶς
2969 3325 3029 3360 τε
3079 3308 3172 3361 καὶ
3219 3308 3438 3378 Καινῆς,
3485 3309 3599 3379 ἦτοι
3638 3308 3768 3379 περῖ

2202 3401 2367 3473 νόμου
2399 3400 2534 3454 Θεοῦ
2556 3439 2570 3464 ,
2630 3399 3007 3470 διαλαμϐάνει.
3039 3399 3108 3452 Ὅ
3156 3417 3216 3453 τε
3262 3399 3367 3471 γὰρ
3403 3402 3458 3452 ὲν
3489 3401 3768 3472 γράμματι

2201 3493 2364 3564 νόμος
2394 3494 2482 3547 διὰ
2508 3493 2782 3556 Μωῦσέως
2814 3492 3030 3564 πρῶτον
3081 3492 3382 3562 δεδομένος,
3440 3494 3472 3563 ἢ
3515 3511 3573 3545 τε
3621 3494 3771 3563 χάρις

2203 3583 2297 3635 καὶ
2331 3584 2363 3652 ή
2395 3581 2622 3653 ἀλήθεια
2658 3580 2750 3634 τοῦ
2791 3580 3121 3648 Εὐαγγελίου
3155 3581 3216 3637 τὸ
3255 3581 3508 3652 δεύτερον
3554 3581 3637 3634 διὰ
3678 3583 3772 3651 ’1η-

2204 3674 2298 3727 σοῦ
2344 3673 2578 3745 Χριστοῦ
2626 3672 2986 3745 γεγενημένη,
3020 3665 3102 3734 εἷς
3129 3671 3289 3741 νόμος
3331 3673 3449 3726 ἐστὶ
3492 3672 3584 3726 τοῦ
3617 3672 3773 3726 Ilvati-

2207 3782 2371 3836 ματος
2407 3765 2507 3834 τῆς
2540 3764 2705 3834 ζωῆς,
2750 3763 2809 3827 ὃς
2861 3766 2918 3818 ἐν
2951 3763 3167 3834 Χριστῷ
3212 3762 3389 3834 Ἰησοῦ
3456 3763 3772 3834 ὲλευθέρωσέ

2206 3871 2273 3924 με
2315 3854 2421 3906 ἀπὸ
2462 3852 2554 3904 τοῦ
2605 3852 2770 3923 νόμου
2808 3853 2907 3922 τῆς
2953 3853 3228 3923 ἁμαρτίας
3265 3853 3359 3906 καὶ
3395 3853 3490 3906 τοῦ
3525 3853 3772 3908 θανάτου·

2201 3942 2294 3996 δύο
2325 3943 2382 3995 δὲ
2413 3942 2675 4012 Διαθῆκαι
2709 3942 2956 4012 εἴρηνται
2993 3942 3070 4010 τῷ
3095 3943 3175 3994 -ὲν
3227 3941 3373 3996 δυοῖν
3403 3943 3636 4013 χρόνοις,
3681 3941 3778 3995 ti-

2202 4035 2290 4088 λαι
2335 4035 2428 4088 καῖ¹
2454 4033 2568 4098 νῦν,
2617 4033 2709 4087 καὶ
2753 4035 2897 4088 δυοῖν
2953 4033 3168 4106 Ἰσραὴλ
3205 4034 3282 4105 τῷ
3327 4035 3540 4104 παλαιῷ
3571 4051 3779 4103 νενομο-

2203 4124 2461 4197 θετῆσθαι
2490 4126 2585 4179 καὶ
2614 4124 2690 4196 τῷ
2723 4125 2913 4196 καινῷ,
2946 4125 3041 4178 καὶ
3073 4125 3148 4195 τῷ
3183 4127 3280 4196 μὲν
3312 4126 3410 4196 τὴν
3445 4127 3613 4181 αὐτοῦ
3635 4126 3777 4179 δύνα-

2208 4237 2299 4290 μιν
2327 4219 2401 4283 ὼς
2427 4220 2486 4272 ὲν
2513 4218 2847 4290 παραϐολαῖς
2876 4219 2969 4272 καὶ
3002 4222 3180 4282 σκιαῖς
3212 4219 3380 4274 ὐποτυ
3391 4219 3570 4273 πῶσαι
3616 4237 3776 4289 παχυ-

2203 4305 2349 4377 τέρῳ
2373 4306 2463 4359 τὸν
2487 4305 2611 4360 νοῦν
2643 4306 2756 4359 δντι
2791 4305 2885 4359 καὶ
2909 4306 3105 4373 ἀτελεῖ,
3141 4306 3220 4377 τῷ
3259 4307 3428 4378 καινῷ
3454 4308 3511 4361 δὲ
3554 4309 3666 4378 λαῷ
3694 4310 3780 4376 ἑμ-

2207 4397 2534 4467 φανέστερον
2566 4396 2658 4450 καὶ
2685 4396 3146 4467 θεοπρεπέστερον
3174 4398 3248 4461 ὡς
3271 4397 3666 4470 ὀξυωπεστέρῳ
3698 4397 3781 4450 καὶ

2205 4490 2521 4561 τελειοτέρῳ
2550 4488 2647 4552 τὰς
2674 4489 2776 4558 τῆς
2804 4488 3079 4560 βασιλείας
3118 4490 3225 4543 τῶν
3265 4489 3534 4562 οὐρανίων
3567 4493 3781 4558 εὐαγγε-

2205 4582 2454 4638 λίσασθαι
2487 4583 2544 4636 ἐν
2586 4581 2806 4652 Χριστῷ
2844 4581 3020 4652 Ἰησοῦ
3049 4582 3436 4653 μαρμαρυγὰς.
3468 4584 3700 4654 Ἰδωμεν
3731 4581 3781 4634 δὲ

2207 4679 2300 4732 καὶ
2336 4677 2433 4748 τὴν
2465 4673 2796 4744 ἱσχνολογίαν
2835 4673 2934 4742 τῆς
2975 4674 3245 4745 φράσεως,
3281 4673 3375 4726 καὶ
3397 4673 3508 4726 τῶν
3542 4672 3783 4746 ἡρωϊκῶν

2211 4765 2423 4838 μέτρων
2470 4763 2564 4816 καὶ
2611 4761 2808 4825 λέξεων
2849 4761 3176 4833 Ἑλληνικῶν
3226 4761 3288 4815 τὸ
3333 4760 3641 4830 δύσληπτον
3685 4760 3784 4820 τοῖς

2210 4856 2422 4918 πολλοῖς
2469 4854 2542 4917 ὡς
2582 4849 2684 4905 οἷοί
2727 4851 2790 4905 τέ
2831 4853 2998 4922 ἐσμεν
3043 4850 3416 4921 ὁμαλίσαντες,
3445 4854 3513 4922 τῇ
3551 4849 3784 4918 θεολογίᾳ
3861 4881 3868 4888 -

2205 4947 2298 5002 τοῦ
2333 4945 2689 5016 θεοφὰντορος
2718 4941 3223 5012 καταλαμπώμεθα.

2211 5039 2232 5093 ι
2269 5037 2431 5108 Δεῦρ’
2474 5036 2581 5105 ἄγε
2621 5033 2720 5088 καὶ
2757 5033 2994 5086 δισσοῖο
3043 5034 3232 5102 νόμου
3262 5034 3448 5101 λόγον
3477 5033 3782 5156 ἐξερέεὶνε,

3606 5120 3670 5156 κτ
3707 5141 3720 5155 .

2376 5105 2385 5108 ⁷
3606 5105 3720 5156 κτλ.

2275 5199 2410 5266 Ἀγε
2438 5195 2520 5266 δὴ,
2553 5194 2738 5266 φησὶν,
2780 5193 2856 5256 ὡς
2897 5191 3033 5261 πρὸς
3077 5192 3262 5262 ἕτερον
3293 5193 3321 5244 ὁ
3361 5105 3637 5254 θειότατὲς
3663 5194 3783 5244 ἀπο·

2203 5289 2527 5358 τεινόμενος,
2554 5285 2648 5338 τὸν
2681 5284 2811 5356 περὶ
2838 5284 2929 5337 τοῦ
2960 5283 3148 5337 διπλοῦ
3176 5287 3340 5353 νόμου
3391 5281 3546 5350 λόγον
3580 5279 3785 5351 ἐξερεύσ

2202 5396 2290 5443 να,
2319 5381 2386 5449 τῇ
2424 5374 2614 5430 ἑαυτοῦ
2648 5374 2954 5445 διαλέγεται
2995 5374 3142 5445 ψυχῇ
3163 5389 3177 5403 ο
3223 5372 3441 5436 διπλοῦς
3468 5371 3580 5443 γὰρ
3617 5366 3778 5431 οὗτος,

2197 5522 2475 5590 palaogr._,
2504 5533 2557 5590 p.
2577 5515 2914 5590 853_.-!taque
2940 5513 3104 5590 etiam
3146 5512 3313 5590 scribi
3333 5519 3524 5590 potest
3561 5508 3768 5590 ἐγγίσει.

2273 5580 2392 5659 (ιὲῖ
2432 5580 2636 5659 Arcam
2678 5580 2924 5659 Vlllf‘p.
2983 5584 3211 5659 I_7_.'5-ed.
3251 5580 3443 5640 Colon.
3492 5580 3606 5653 [ed.
3655 5580 3774 5635 nov;

2201 5652 2376 5716 carm.
2403 5659 2437 5716 9
2466 5658 2559 5715 lib.
2595 5672 2633 5723 ι,
2671 5663 2804 5713 sect.
2839 5652 2889 5723 Ι,
2915 5668 2972 5724 p.
2995 5652 3110 5726 σε]
