4044 6210
327 286 427 343 ’Μ

320 407 400 471 ὡς
441 405 671 469 παλαιὸς
717 403 812 459 καὶ
847 404 967 468 νέος
1016 403 1294 474 ἐκφανεὶς,
1344 403 1439 456 καὶ
1459 400 1919 476 ⁸σκιαγρατρὴσας

329 496 430 569 μὲν
456 496 624 550 αὐτοῦ
654 496 755 567 τὴν
795 492 1023 563 δύναμιν
1051 494 1110 548 ὲν
1141 493 1369 563 Μωῦσῇ,
1402 488 1833 560 τηλαυγέστερον
1858 485 1916 538 δὲ

327 588 430 662 τὴν
470 585 639 641 αὐτοῦ
667 585 830 652 δόξαν
874 584 990 639 διὰ⁸
1012 583 1190 656 Ἰησοῦ
1242 580 1597 650 ἀνακαλύψας
1645 578 1914 651 Χριστοῦ·

332 679 427 735 καὶ
454 678 641 747 ἐπειδὴ
673 678 794 731 κατ’
818 676 992 748 ἀρχάς
1028 675 1269 746 ⁹Εὸραῖοι
1296 673 1364 727 δι’
1404 672 1657 742 ’Δΰραὰμ
1684 671 1778 726 ttat
1808 670 1919 723 τῶν

326 769 584 839 πατέρων
627 768 722 821 τὸν
768 766 1119 838 παμϐασιλέα
1159 766 1365 838 πρῶτοι
1410 765 1726 834 ἐπέγνωσαν
1762 762 1919 826 Θεδν,

330 860 560 922 εἰκότως
606 858 704 912 καὶ
754 857 959 929 πρῶτοι
996 856 1090 911 τὸν
1115 857 1279 928 νόμον
1323 855 1675 923 ὑπεδέχοντο·
1710 852 1921 924 καιροῖς

324 950 389 1005 δὲ
416 950 564 1013 ἰδίοις
591 948 680 1003 διὰ
722 947 820 1002 τοῦ
865 948 1204 1017 Μονογενοῦς
1236 949 1317 1011 είς
1350 946 1420 1000 τὰ
1457 945 1603 1016 ἄκρα
1632 942 1921 1012 εὐαγγελί-

330 1044 484 1109 ζεται
513 1041 617 1112 τῆς
642 1041 765 1112 γῆς.
799 1038 923 1096 ’Ότι
958 1038 1017 1094 δὲ
1059 1034 1140 1098 εἷς
1170 1033 1326 1101 οὗτός
1352 1039 1501 1091 ἐστιν
1538 1038 1566 1090 6
1596 1034 1778 1106 νόμος,
1811 1033 1922 1087 ὣσ-

335 1152 446 1207 περ
471 1135 567 1187 καὶ
589 1136 618 1187 6
646 1130 968 1204 νομοθέτης,
1000 1129 1058 1183 ἐν
1080 1148 1141 1184 τε
1170 1132 1235 1201 τῇ
1263 1129 1478 1199 Παλαιᾷ
1501 1127 1596 1181 καλ⁵
1623 1128 1690 1197 τῇ
1717 1126 1919 1196 Καινῇ,

329 1228 482 1292 ἄξιον
508 1224 729 1287 είδέναι,
756 1223 832 1286 ὡς
860 1222 959 1276 οὐκ
995 1220 1426 1291 ἐναντιουμένοις
1459 1219 1722 1287 δόγμασιν
1755 1216 1788 1287 ἢ
1820 1232 1922 1267 πα-

331 1316 664 1387 λιμὸούλοις,
716 1315 810 1368 καὶ
866 1311 1040 1379 ἁλλοθ
1076 1310 1262 1373 ἄλλαις
1309 1308 1675 1370 διδασκαλίαις
1715 1308 1744 1361 ὁ
1791 1304 1926 1368 Θεὸς

329 1403 445 1457 τῶν
490 1398 746 1470 γνώσεων
790 1399 883 1453 τὸν
935 1399 1220 1470 ἄνθρωπον
1265 1397 1397 1466 ἄγειν
1426 1395 1561 1467 πρὸς
1605 1395 1923 1463 ἐπίγνωσιν,

334 1492 526 1563 ὥσπερ
568 1509 654 1554 τις
703 1490 995 1555 άσύνθετος
1046 1491 1138 1543 καὶ
1185 1487 1552 1560 παλίμόουλος
1579 1487 1720 1556 ἀνὴρ
1751 1484 1927 1555 ἑαυτῷ

336 1584 669 1655 μαχόμενος,
738 1582 773 1653 ἢ
829 1581 920 1635 ἐπὶ
974 1582 1085 1643 τοῖς
1149 1578 1437 1651 προτέροις
1484 1577 1620 1634 ἄλλα
1666 1574 1959 1649 προσ-επις

332 1674 473 1729 νοῶν
494 1691 508 1703 ’
548 1673 729 1741 ἄπαγε
779 1671 879 1744 τὴν
925 1667 1262 1742 χαμαίζηλον
1295 1668 1561 1740 ὑπόληψιν
1587 1667 1695 1723 ἀπὸ
1728 1666 1823 1721 τοῦ
1858 1668 1928 1723 τά

333 1766 516 1821 πάντα
552 1765 660 1835 πρὸ
689 1767 787 1836 τῆς
819 1764 997 1817 αὐτῶν
1030 1762 1297 1832 γενέσεως
1326 1762 1645 1834 ὡρισμένως
1664 1760 1758 1815 καὶ
1786 1760 1929 1814 ἀπα-

336 1857 654 1930 ραποιητως
704 1855 1147 1924 ὲξεπισταμένου.
1209 1853 1380 1906 Τοῦτο
1429 1852 1539 1923 γὰρ
1578 1851 1674 1908 καὶ
1717 1849 1930 1921 ἀνθρώ-

338 1962 463 2008 ποις
496 1948 671 1998 ποιεῖν
701 1943 735 2014 ἢ
766 1943 995 2013 πάσχειν
1027 1941 1410 1996 ἐπονείδιστον.

336 2038 374 2094 8
424 2037 579 2092 Ἀλλ’
600 2036 688 2090 ὅδ’
718 2036 861 2106 ἐμὸς
889 2037 1089 2104 λόγος,
1116 2051 1171 2089 κ,
1207 2052 1258 2087 τ.
1284 2034 1364 2099 ἐξ.

410 2129 570 2183 Τοῦτ’
602 2128 777 2182 ἔστιν’
805 2120 974 2190 Οὗτος
1007 2127 1035 2178 6
1072 2124 1204 2195 ὲμδς
1236 2124 1393 2192 λόγος
1418 2123 1512 2178 καὶ
1539 2122 1677 2195 αὕτη
1715 2123 1864 2176 ἐστὶν
1897 2125 1930 2193 ἡ

339 2221 473 2293 παρ’
522 2219 657 2291 ἐμοῦ
699 2219 828 2291 περὶ
871 2217 974 2288 τῆς
1004 2217 1082 2279 εἰς
1112 2215 1202 2270 τὸν
1244 2214 1528 2286 ἄνθρωπον
1587 2213 1682 2267 τοῦ
1732 2212 1933 2281 φιλαν-

343 2311 565 2384 θρώπου
599 2309 923 2381 κηδεμονίας
953 2309 1047 2361 κα)⁸
1081 2306 1330 2378 βοηθείας
1358 2305 1672 2360 διδασκαλία
1700 2306 1795 2359 καὶ
1827 2304 1934 2359 διά-

343 2418 524 2474 κρισις
547 2402 644 2453 καὶ
681 2401 710 2453 6
748 2397 844 2451 τοῦ
870 2398 1029 2466 λόγου
1075 2397 1295 2459 σκοπὸς,
1329 2398 1411 2450 ὅτι
1449 2394 1509 2460 ἐξ
1551 2393 1726 2464 ἀρχῆς
1765 2396 1794 2448 6
1838 2393 1933 2446 τοῦ

345 2495 668 2566 γράμματος
707 2490 935 2562 εἰσήχθη
979 2488 1161 2559 νόμος,
1192 2488 1290 2552 τὰς
1334 2485 1773 2555 εἰδωλολατρείας
1802 2501 1934 2538 κατ-

346 2587 554 2657 αργῶν,
586 2584 679 2637 καὶ
703 2584 893 2652 ὅτιπερ
924 2582 982 2633 ὲν
1003 2578 1178 2649 τούτῳ
1214 2578 1338 2648 μηδ’
1366 2575 1531 2629 αὑτοῦ
1559 2575 1653 2628 τοῦ
1680 2574 1933 2640 παλαιοῦ,

346 2676 564 2747 Ἰσραὴλ
606 2675 739 2746 πρὸς
784 2672 875 2726 τὸν
914 2668 1212 2743 νομοθέτην
1253 2668 1414 2721 αὑτὸν
1448 2665 1743 2721 ἀνανεῦσαι
1774 2665 1935 2719 δυναο

350 2770 536 2838 μένου,
565 2767 724 2833 αὐτὸς
752 2768 956 2830 ἐκεῖνος
984 2762 1375 2836 ἁνδρούμενος,
1409 2760 1503 2813 καὶ
1525 2759 1617 2813 τὸν
1649 2757 1742 2812 τοῦ
1774 2755 1939 2812 πνεύ-

351 2877 521 2933 ματος
549 2860 713 2931 νόμον
746 2854 834 2911 οἷα
875 2857 1025 2929 ῥόδον
1066 2857 1125 2909 ὲν
1177 2854 1376 2909 κάλυκι
1408 2851 1487 2922 τῷ
1516 2851 1804 2923 γράμματι
1843 2866 1931 2903 κε-

350 2951 664 3022 κρυμμένον
697 2945 1048 3016 ὲξεκάλυψεν,
1080 2944 1172 2998 καὶ
1198 2938 1288 2997 τδν
1318 2940 1683 3012 πνευματικὸν
1724 2936 1939 3010 Ἰσραὴλ

347 3043 443 3097 τοῦ
492 3039 757 3113 σαρκικοῦ
811 3040 879 3110 τῇ
943 3036 1232 3108 θεανδρικῇ
1289 3032 1520 3104 ἐνδημίᾳ
1577 3030 1935 3101 διημείψατοο

349 3129 503 3197 οὗτος
534 3127 649 3196 οὖν,
687 3128 872 3202 φησὶν,
901 3129 930 3181 6
957 3125 1088 3198 ἐμὸς
1113 3126 1207 3178 ἀπ’
1240 3124 1414 3196 ἀρχῆς
1435 3123 1566 3194 ἄχρι
1590 3121 1776 3185 τέλους
1805 3120 1935 3194 περὶ

349 3226 447 3295 τῆς
464 3220 776 3290 οἰκονομίας
798 3216 892 3271 τοῦ
918 3214 1062 3270 θείου
1088 3213 1260 3282 Λόγου
1282 3213 1461 3283 λόγος,
1486 3212 1546 3266 ὃν
1570 3210 1664 3264 ἐπὶ
1689 3210 1749 3265 τὸ
1774 3211 1934 3282 ἀκρι-

349 3316 609 3371 ϐέστατον
640 3314 753 3374 τοῖς
783 3309 938 3363 ἔπεσι
966 3306 1174 3369 τούτοις
1206 3305 1536 3374 πειράσομαι
1565 3302 1918 3374 διασαφῆσαι.

354 3432 389 3489 9
421 3428 735 3498 Λυσσιῖεις
785 3425 883 3479 ὅτε
924 3421 1159 3493 πρῶτον
1190 3420 1365 3498 Ἀδὰμ
1640 3418 1711 3472 ἐκ
1745 3429 1938 3498 παρα-

1305 3438 1868 3562 ἶίὲεῆξέΐλῗνκῗῖ.πὲ¹έῗ

422 3597 558 3649 Ὅτε
592 3593 686 3647 ἀπ’
713 3588 892 3663 ἀρχῆς
921 3583 1200 3656 λυσσώδης
1228 3582 1322 3637 καὶ
1356 3579 1797 3652 ἀνθρωποκτόνος
1819 3579 1941 3648 licet;

355 3688 443 3742 διὰ
469 3687 570 3756 τῆς
607 3680 981 3755 ἅπειρημὲνης
1013 3675 1109 3732 τοῦ
1153 3672 1512 3745 ὀλεθροφόρου
1539 3670 1778 3740 γεύσεως
1806 3685 1942 3741 καρο

357 3779 461 3834 πιοῦ
498 3778 591 3831 τὸν
634 3773 848 3846 πρῶτον
892 3768 1181 3840 ἄνθρωπον
1229 3764 1514 3836 ἀπατήσας
1561 3761 1801 3833 ὲξὼθησε
1847 3759 1941 3814 τοῦ

360 3867 713 3941 παραδείσου,
763 3861 1032 3933 καθάπερ,
1074 3860 1258 3932 φησιν,
1304 3856 1398 3911 ἐπὶ
1452 3854 1723 3926 πολεμίων
1766 3870 1944 3925 παρα-

358 3959 585 4026 τάξεως,
614 3955 706 4011 τοῦ
734 3953 1060 4026 στρατηγεῖν
1095 3948 1431 4018 τεταγμένου
1458 3945 1829 4010 πεπτωκότος,
1853 3943 1945 3998 τὸν

360 4052 791 4125 ἀνηγεμόνευτον
824 4045 1042 4100 τύπτων
1081 4041 1311 4112 στρατὸν
1335 4040 1365 4093 6
1390 4035 1656 4109 δυσμενὴς
1691 4037 1784 4090 καὶ
1820 4051 1946 4089 κον·

359 4151 471 4210 τοῖς
502 4145 596 4199 καὶ
622 4140 797 4213 βέλεσι
825 4136 919 4192 καὶ
939 4136 1103 4189 πᾶσιν
1130 4131 1333 4195 ὅπλοις,
1361 4125 1783 4198 κατευμεγεθεῖν
1802 4125 1947 4194 ἀγω-

362 4239 570 4304 νίζεται
594 4234 704 4289 τῶν
731 4228 1079 4304 ἡττωμένων,
1108 4225 1200 4279 τὸν
1230 4224 1412 4294 ὅμοιον
1449 4220 1646 4291 τρόπον
1670 4219 1764 4273 καὶ
1787 4217 1949 4281 αὐτὸς

361 4331 393 4384 6
438 4326 707 4390 Σατανᾶς,
752 4321 844 4376 τὸν
895 4318 1112 4392 πρῶτον
1156 4314 1331 4386 ’Δδὰμ
1381 4312 1805 4384 τροπωσάμενος
1857 4308 1950 4363 καὶ

366 4416 785 4489 ὑπαγαγόμενος
828 4413 895 4484 τῇ
935 4408 1179 4482 ἁμαρτίᾳ
1219 4407 1315 4461 καὶ
1358 4407 1493 4460 πᾶσι
1536 4407 1649 4467 τοῖς
1676 4402 1736 4469 ἐξ
1781 4400 1949 4454 αὐτοῦ

366 4510 511 4566 κατά
536 4508 717 4570 πάσας
740 4500 1130 4576 βεϐλαστηκόσι
1156 4497 1371 4568 γενεὰς,
1406 4498 1621 4569 μηχανῇ
1656 4496 1808 4568 πάσῃ
1838 4510 1956 4548 συν-

367 4600 736 4675 εργαζόμενος
760 4596 859 4668 τὴν
888 4591 1181 4666 ἁμαρτίαν,
1205 4589 1282 4661 τῷ
1319 4589 1419 4660 ἴσῳ
1463 4587 1749 4660 προστίμῳ
1784 4602 1954 4641 κατα-

366 4690 578 4755 δικάζει
607 4684 701 4741 τοῦ
741 4683 973 4738 θανάτου
993 4697 1006 4710 ⁸
1053 4677 1219 4734 αὐτοῦ
1255 4676 1365 4749 γάρ
1415 4675 1509 4730 τοῦ
1548 4675 1802 4744 Ὑψίστου
1835 4676 1955 4739 ταῖς

368 4779 687 4841 ὲπικλόποις
712 4772 875 4830 αὑτοῦ
914 4772 1010 4827 καὶ
1046 4768 1453 4841 κακομηχάνοις
1484 4765 1801 4837 ἀπορρήξας
1832 4765 1957 4836 βου-

370 4874 509 4937 λαῖς,
548 4869 763 4941 πρῶτον
799 4865 899 4938 μὲν
934 4863 1061 4927 τοὺς
1090 4858 1253 4916 αὐτοῦ
1275 4855 1586 4929 διέπρεψεν
1625 4854 1954 4927 ὀφθαλμοὺς,

372 4967 509 5038 πρὸς
536 4962 609 5017 τά
635 4959 807 5032 κάλλη
841 4957 936 5011 rei
967 4952 1198 5026 οὐρανοῦ
1226 4952 1321 5009 καὶ
1352 4951 1452 5016 τὰς
1505 4949 1806 5020 φανοτάτας
1841 4948 1954 5022 (15)

375 5056 481 5111 τῶν
505 5055 725 5125 ἄστρων
765 5049 997 5120 ἀγλαΐας
1043 5045 1377 5110 ἀτενίζοντα,
1404 5041 1617 5105 τούτοις
1648 5040 1710 5094 τὸ
1747 5040 1956 5111 ὀφειλό-

381 5166 538 5221 μενον
560 5147 638 5219 τῷ
669 5145 879 5218 κτίστῃ
907 5140 1338 5214 προσαναφέρειν
1363 5136 1525 5201 σέϐας
1544 5152 1558 5166 ·
1588 5135 1778 5190 ἔπειτα
1817 5134 1954 5207 πρὸς

379 5243 473 5306 τὰς
494 5241 604 5294 τῶν
630 5236 1004 5294 ἀποθανόντων
1041 5232 1252 5306 μορφὰς
1288 5230 1611 5285 ἀποϐλέπειν
1647 5229 1742 5284 καὶ
1785 5228 1853 5283 τά
1879 5229 1958 5282 εῖ-

380 5331 540 5397 δωλα,
587 5330 626 5386 ἃ
661 5329 936 5400 συγγενῶν
982 5326 1144 5389 πόθος
1190 5324 1374 5398 χρυσῷ
1421 5323 1455 5395 ἢ
1506 5321 1732 5394 ἀργύρῳ
1756 5322 1790 5393 ἡ
1817 5338 1957 5376 τισιν

382 5420 534 5487 ὕλαις
573 5420 761 5485 ἄλλαις
807 5417 1092 5487 εὐκόσμως
1127 5414 1496 5486 διεμόρφωσεν
1518 5429 1533 5444 ·
1579 5411 1746 5483 μῦθος
1776 5412 1836 5467 δὲ
1863 5412 1955 5468 καὶ

383 5510 555 5582 λόγος,
584 5511 784 5583 ψευδὴς
810 5510 930 5582 μὲν,
972 5507 1354 5575 ἀνεξέλεγκτος
1386 5505 1444 5560 δὲ
1476 5504 1570 5558 καὶ
1607 5504 1695 5558 ἀεὶ
1717 5506 1829 5568 τοῖς
1856 5504 1955 5557 ἐπ-

383 5604 689 5678 ερχομένοις
716 5603 890 5658 ἔτεσιν
913 5603 1033 5666 ταῖς
1053 5598 1423 5671 ψευδοεπείαις
1452 5596 1835 5669 ὲπαυξόμενος,
1863 5597 1956 5652 καὶ

450 5780 562 5855 (15)
596 5780 739 5839 Edit.
771 5786 1111 5857 φανωτὰτας.

1319 280 1386 337 IN
1425 279 1735 338 CARMINA
1773 274 2057 336 ARCANA
2127 277 2185 334 Β.
2244 276 2595 335 οιιεοοιιιι.

3492 273 3601 334 702

2019 404 2077 453 et
2103 395 2443 454 adumbrans
2480 394 2783 467 potentiam
2809 407 2968 450 suam
2990 391 3341 449 ministrante
3387 389 3596 461 Moyse.

2022 490 2299 546 illustrius
2332 505 2468 546 vero
2498 489 2733 560 gloriam
2783 501 2942 544 suam
2968 485 3226 542 revelans
3270 498 3368 553 per
3410 479 3601 537 Iesum

2021 579 2327 635 Christum.
2360 578 2428 634 Et
2459 587 2754 650 postquam
2809 578 2870 632 in
2928 575 3207 648 principio
3236 571 3451 626 Hebraei
3504 584 3601 640 per

2022 672 2302 726 Abraham
2332 679 2388 726 et
2416 670 2610 727 Patres
2654 670 2903 726 omnium
2946 682 3131 739 regem
3179 666 3341 738 primi
3388 662 3602 720 didice-

2022 771 2155 816 runt
2181 760 2376 829 Deum,
2408 761 2663 817 similiter
2683 769 2741 817 et
2786 760 2952 832 primi
3004 759 3179 827 legem
3233 761 3600 824 acceperunt:

2024 858 2273 919 tempore
2303 863 2437 906 vero
2467 854 2778 918 opportuno
2809 863 2907 919 per
2925 844 3283 916 Unigenitum
3324 839 3603 910 evangeli—

2025 950 2186 997 zatur
2212 939 2482 1011 usquead
2532 938 2896 995 novissimum
2941 943 3125 991 terrae.
3167 932 3326 1000 Quod
3372 931 3444 985 sit
3493 942 3603 983 una

2024 1037 2142 1092 haec
2177 1036 2263 1092 lex
2294 1036 2439 1091 sicut
2467 1049 2612 1090 unus
2631 1041 2687 1089 et
2708 1032 2992 1105 legislalor
3016 1031 3072 1085 in
3100 1027 3283 1085 Veteri
3301 1034 3355 1082 et
3378 1026 3436 1080 in
3451 1023 3603 1079 Novo

2025 1128 2405 1192 Testamento,
2435 1126 2582 1182 scire
2619 1124 2844 1196 dignum
2874 1130 2980 1189 est,
3008 1121 3154 1176 unde
3190 1134 3301 1173 non
3342 1132 3437 1187 per
3470 1116 3598 1184 dog-

2024 1227 2174 1274 mata
2206 1219 2350 1273 inter
2393 1232 2454 1273 se
2494 1215 2859 1287 repugnantia
2902 1222 3000 1268 aut
3043 1210 3341 1275 variantia,
3378 1222 3480 1263 nec
3505 1222 3606 1276 per

2026 1311 2136 1365 alia
2164 1318 2221 1367 et
2248 1310 2355 1363 alia
2387 1307 2640 1364 instituta
2675 1307 2830 1363 ducit
2853 1305 2999 1362 Deus
3030 1302 3312 1359 hominem
3353 1299 3420 1354 ad
3448 1299 3606 1369 agni-

2026 1405 2231 1458 tionem
2282 1402 2622 1481 veritatum,
2692 1400 2801 1456 viri
2853 1398 3033 1455 instar
3079 1394 3241 1465 cujus
3286 1392 3606 1447 intellectus

2027 1494 2249 1551 mobilis
2289 1509 2391 1550 nec
2440 1501 2643 1548 cuncta
2691 1490 3087 1561 complectens,
3141 1486 3351 1557 quique
3398 1487 3607 1555 pugnat

2028 1600 2214 1641 secum
2280 1592 2377 1641 aut
2438 1583 2720 1656 prioribus
2790 1582 2900 1639 alia
2955 1576 3351 1648 supercogitat.
3407 1570 3608 1627 Procul

2029 1686 2256 1748 reptans
2279 1691 2437 1733 mens
2460 1678 2516 1732 in
2542 1683 2714 1741 terra,
2747 1673 2818 1728 ab
2851 1672 2946 1727 illo
2981 1670 3076 1742 qui
3116 1668 3355 1725 scienter
3389 1671 3444 1720 et
3480 1673 3609 1718 ante

2028 1766 2408 1822 exsistentiam
2443 1764 2628 1820 omnia
2663 1762 2885 1833 praeﬁxe
2914 1769 2967 1819 et
3016 1760 3131 1815 ullo
3167 1757 3378 1825 absque
3421 1766 3610 1808 errore

2031 1858 2319 1933 perspicit.
2354 1854 2513 1915 Talia
2538 1853 2724 1913 facere
2743 1864 2799 1913 et
2832 1851 2946 1924 pati
2976 1848 3221 1913 hominis
3246 1853 3357 1910 est,
3390 1842 3611 1916 ipsique

2032 1948 2355 2022 ignominia.

2031 2046 2064 2101 8
2099 2040 2217 2098 Sed.
2251 2054 2397 2096 meus
2456 2037 2541 2091 hic
2600 2050 2795 2099 sermo,
2850 2038 2905 2089 et
2955 2045 3073 2101 seq.

2107 2133 2318 2188 Sensus
2337 2135 2424 2186 est
2445 2145 2459 2181 :
2483 2125 2640 2182 Meus
2661 2124 2753 2179 hic
2783 2134 2989 2184 sermo,
3010 2126 3065 2175 et
3084 2132 3114 2170 a
3134 2130 3221 2172 me
3247 2113 3420 2168 hocce
3443 2110 3613 2166 docti-

2036 2233 2276 2279 mentum
2292 2230 2346 2277 et
2354 2218 2623 2290 judicium
2640 2215 2709 2272 de
2723 2214 2843 2271 zelo
2857 2220 2911 2269 et
2930 2209 3138 2267 auxilio
3152 2206 3436 2261 hominum
3457 2215 3615 2255 ama-

2035 2317 2170 2371 toris
2199 2322 2253 2370 et
2287 2309 2561 2369 sermonis
2594 2307 2718 2363 ﬁnis
2734 2302 3025 2361 enuntiare
3051 2300 3194 2370 quod
3219 2297 3289 2351 ab
3318 2295 3475 2350 initio
3506 2293 3613 2346 lata

2036 2408 2108 2464 sit
2154 2404 2455 2475 Scriptura:
2472 2401 2557 2455 lex
2591 2397 2659 2452 ad
2687 2393 2976 2451 delendam
2998 2386 3444 2449 idololatriam,et
3466 2378 3614 2451 quod

2036 2498 2142 2555 sub
2172 2474 2291 2566 lege
2313 2494 2464 2549 nullo
2493 2489 2638 2563 apud
2668 2494 2913 2545 veterem
2941 2479 3112 2537 Israel
3146 2476 3214 2531 ad
3248 2474 3616 2544 legislatorem

2035 2602 2195 2644 suum
2220 2585 2435 2656 erigere
2464 2559 2935 2645 se'valentc,ipse
2992 2570 3160 2624 homo
3203 2565 3383 2621 factus
3426 2568 3481 2616 et
3534 2559 3615 2614 le-

2037 2692 2158 2749 gem
2215 2650 2446 2744 spiritus
2481 2664 2744 2737 patefecit
2792 2663 2848 2717 in
2895 2658 3187 2730 Scriptura
3235 2650 3610 2707 obnubilatam

2038 2768 2183 2822 sicut
2211 2741 2393 2818 rosam
2425 2757 2482 2813 in
2514 2754 2690 2811 calice
2737 2751 3010 2812 clausam,
3042 2754 3098 2803 et
3138 2741 3478 2799 habitatione
3519 2752 3618 2793 sua

2039 2860 2095 2914 in
2128 2854 2289 2910 nobis
2319 2852 2486 2907 homo
2512 2846 2681 2911 Deus,
2721 2842 2890 2898 lsrael
2943 2837 3226 2894 carnalem
3276 2830 3513 2886 mutavit
3562 2828 3620 2883 in

2040 2946 2405 3021 spiritualem.
2458 2940 2600 3013 Ergo
2649 2938 2720 3004 is,
2778 2933 2980 3004 inquit,
3040 2930 3111 2985 ab
3146 2926 3308 2983 initio
3337 2923 3406 2980 ad
3458 2921 3626 2978 ﬁnem

2041 3053 2223 3097 sermo
2255 3048 2419 3091 meus
2437 3031 2504 3087 de
2534 3027 2923 3086 Incarnatione
2944 3020 3118 3081 divini
3159 3015 3347 3081 Verbi,
3395 3013 3611 3085 ipsum-

2035 3145 2145 3203 que
2172 3140 2340 3198 quam
2375 3118 2793 3178 accuratissime
2815 3109 3166 3172 carminibus
3195 3105 3320 3163 istis
3343 3102 3625 3160 delineare

2039 3218 2361 3294 aggrediar.

2037 3423 2072 3479 9
2111 3380 2405 3489 Postquam
2434 3411 2654 3469 rabidus
2690 3406 2859 3464 hostis
2911 3390 3625 3489 primymﬁhomlinemfiecit

3062 3470 3114 3542 [ε
3139 3467 3414 3537 paradiso,
3442 3470 3553 3518 etc.

2114 3583 2254 3639 Cum
2286 3578 2357 3632 ab
2386 3573 2543 3631 initio
2573 3570 2784 3627 habens
2803 3567 2939 3624 iram
2976 3573 3233 3632 magnam
3265 3564 3321 3612 et
3351 3550 3627 3610 homicida

2042 3684 2271 3741 serpens
2300 3680 2396 3736 per
2418 3662 2643 3719 vetitam
2658 3656 2860 3719 letiferi
2880 3651 3248 3726 gustationem
3271 3644 3486 3699 [ructus
3514 3640 3629 3711 pri-

2042 3774 2192 3818 mum
2237 3753 2547 3825 decepisset
2592 3748 2869 3805 hominem
2899 3741 3359 3809 exturbassetqne
3406 3748 3438 3787 a
3465 3745 3627 3803 para-

2044 3854 2189 3918 disc,
2216 3822 2682 3922 quemadmodum
2732 3847 2955 3895 mortuo
3005 3835 3063 3891 in
3113 3844 3298 3905 pugna
3345 3827 3486 3883 duce
3531 3822 3626 3894 qui

2046 3916 2387 4015 imperabat,
2444 3934 2711 4008 prmlians
2772 3929 2952 3989 hostis
3022 3926 3080 3982 in
3141 3920 3443 3981 exercitum
3489 3916 3632 3972 duce

2047 4001 2242 4093 orbum
2277 4069 2294 4096 ,
2352 4001 2573 4090 contis,
2617 4019 2819 4092 jaculis
2876 4023 2932 4072 et
2977 4011 3313 4085 quibuslibet
3355 4003 3526 4061 armis
3571 4001 3629 4056 in

2052 4128 2224 4183 victos
2251 4094 2516 4195 praestare
2542 4120 2742 4179 certat,
2778 4108 2943 4169 simili
2982 4107 3187 4178 impetu
3220 4109 3279 4158 et
3319 4100 3438 4170 ipse
3470 4094 3633 4150 Sata-

2048 4232 2150 4275 nas
2182 4183 2429 4286 l‘ugatum
2495 4207 2736 4279 primum
2788 4200 2961 4256 Adam
3031 4209 3158 4250 cum
3209 4188 3523 4248 induxisset
3570 4183 3628 4239 in

2054 4273 2342 4379 peccatum
2370 4306 2427 4356 et
2459 4297 2516 4353 in
2543 4292 2730 4350 omnia
2765 4303 2888 4362 quae
2927 4287 2998 4342 ab
3041 4298 3108 4341 eo
3148 4281 3429 4344 oriuntur,
3477 4273 3630 4330 omni

2056 4375 2225 4470 opera
2246 4392 2353 4466 ipsi
2392 4388 2701 4460 adiutorem
2726 4399 2785 4440 se
2805 4381 3014 4454 praebet
3042 4376 3392 4439 delictorum,
3417 4375 3472 4426 et
3498 4381 3633 4423 con-

2054 4491 2191 4550 socii
2241 4488 2296 4545 in
2329 4490 2555 4557 peccato
2583 4479 2641 4535 iit
2667 4483 2955 4533 accusator
2978 4469 3047 4526 ad
3072 4474 3325 4524 mortem.
3366 4461 3502 4517 Nam
3540 4473 3633 4517 as—

2056 4583 2193 4641 tutis
2214 4586 2271 4635 et
2309 4548 2534 4633 nefariis
2567 4568 2821 4629 consiliis
2842 4565 2912 4620 ab
2940 4560 3229 4618 Altissimo
3273 4552 3433 4637 divisi
3484 4548 3634 4606 illius

2056 4673 2247 4731 oculos
2276 4668 2453 4740 primo
2483 4644 2758 4720 convertit
2787 4657 2854 4713 ad
2876 4653 3000 4712 caeli
3026 4643 3529 4740 pulchritudinem,
3559 4645 3635 4695 at-

2056 4781 2165 4839 que
2185 4765 2242 4819 in
2270 4724 2702 4832 fulgentissimas
2729 4758 3003 4807 astrorum
3024 4742 3309 4803 claritates
3360 4724 3634 4792 intentum

2058 4824 2225 4917 astris
2252 4824 2469 4912 deferre
2497 4847 2737 4906 debitam
2768 4837 3016 4903 Creatori
3067 4829 3434 4891 reverentiam
3477 4824 3629 4882 fecit.

2059 4951 2184 5009 Mox
2215 4948 2283 5005 ad
2309 4937 2769 5012 contemplandos
2798 4928 3153 4990 morientium
3200 4921 3423 4995 impulit
3446 4918 3634 4977 vultus

2060 5054 2113 5102 et
2139 5040 2408 5111 imagines
2441 5048 2563 5106 qua:
2595 5044 2730 5086 auro
2761 5034 2856 5083 aut
2882 5028 3112 5097 argento
3164 5026 3260 5073 aut
3297 5013 3425 5070 aliis
3461 5016 3636 5069 mate-

2064 5100 2162 5192 riis
2187 5100 2476 5204 eleganter
2484 5124 2691 5183 eliinxit
2715 5118 3027 5193 parentium
3050 5111 3410 5170 desiderium.
3433 5100 3638 5159 Deinde

2065 5229 2438 5284 commentum
2465 5224 2522 5275 et
2545 5227 2748 5277 sermo,
2806 5207 3041 5267 mendax
3078 5203 3324 5277 quidem.
3376 5197 3474 5255 sed
3525 5207 3637 5247 non

2066 5317 2409 5390 improbatus
2463 5317 2521 5367 et
2596 5319 2812 5377 semper
2873 5300 3036 5358 annis
3119 5283 3639 5365 supervenientibus

2066 5405 2391 5468 commentis
2416 5406 2613 5457 auctus
2641 5406 2696 5453 et
2723 5397 2778 5451 in
2803 5395 3108 5451 amicorum
3135 5381 3486 5444 sermonibus
3519 5386 3633 5430 non

2063 5497 2226 5552 malis
2277 5496 2588 5552 illustratus
2617 5487 2775 5560 quasi
2811 5486 2919 5542 ﬁde
2945 5482 3166 5553 dignus,
3196 5477 3451 5531 insanam
3481 5468 3639 5524 addi-

2067 5590 2146 5648 dit
2181 5587 2579 5645 adorationcm.
2615 5581 2708 5638 Sic
2740 5580 2809 5638 ab
2831 5576 2991 5635 initio
3023 5565 3341 5630 idololatria
3373 5564 3430 5621 in
3462 5561 3635 5621 vitam
