4056 6238
429 246 534 302 705

426 359 707 414 Laminum
735 359 971 430 pessime
1000 359 1212 415 invecta
1243 367 1349 416 est.
1369 357 1479 416 Nec
1507 358 1684 414 solum
1711 356 1905 414 alienis
1948 356 2005 411 in

426 453 682 523 gentibus
716 452 880 507 dictis
930 452 1108 506 modis
1140 451 1426 522 corruptio
1476 450 1744 515 manavit,
1787 448 1899 521 imo
1944 455 2001 502 et

428 541 776 595 Hebraeorum
832 541 1104 609 populus,
1157 548 1385 595 sanctus
1454 545 1680 608 prepter
1725 536 2004 591 Abraham

432 640 741 701 reputatus,
779 633 999 701 periens
1028 642 1123 687 aut
1157 649 1322 688 sensu
1359 626 1553 690 carens
1577 645 1688 684 non
1717 628 1868 684 stetit
1903 626 2006 680 ob-

423 733 739 793 temperans
783 725 987 779 divinis
1019 725 1301 795 prephetis
1331 723 1756 778 lamentantibus
1803 729 1857 775 et
1895 721 2004 774 irar-

427 824 546 868 tum
590 815 644 869 in
696 814 844 883 ipsos
883 815 1228 884 placantibus
1260 814 1428 869 Deum
1463 830 1478 867 :
1527 814 1595 867 de
1641 812 1848 882 quibus
1892 826 2002 865 non

429 906 599 959 semel
635 916 795 960 antea
825 908 897 960 ob
925 907 1292 960 idololatriam
1329 905 1512 976 populi
1548 904 1768 959 fuerunt
1803 905 1894 974 qui
1925 904 1996 960 si-

433 1006 529 1052 cut
558 995 776 1069 Moyses
802 1006 857 1052 et
884 997 1033 1054 Elias
1063 999 1225 1055 morti
1258 997 1530 1055 dederunt
1554 1005 1892 1068 peccatores.

438 1377 510 1430 22
550 1374 632 1431 Ne
653 1377 916 1448 principes
937 1375 1147 1446 quidem
1175 1375 1341 1430 Deum
1373 1376 1651 1442 timebant,
1677 1384 1784 1432 etc.

510 1489 630 1544 Non
656 1490 854 1560 vulgus
886 1498 1098 1543 tantum
1138 1489 1191 1542 in
1216 1489 1406 1557 lsrael,
1442 1504 1552 1544 non
1581 1490 1832 1560 popellus
1851 1497 1906 1544 et
1935 1489 2021 1542 in-

440 1578 700 1634 conditus
739 1580 977 1649 quisque
1014 1578 1179 1632 dictis
1226 1580 1607 1650 impietatibus
1645 1579 2020 1634 commacula-

443 1679 534 1726 tus
574 1679 682 1734 est,
721 1671 815 1725 sed
851 1685 1027 1739 neque
1058 1671 1162 1740 ipsi
1195 1686 1373 1742 reges,
1399 1671 1602 1740 inquit,
1645 1678 1700 1726 et
1741 1669 2023 1740 principes

441 1777 572 1832 erga
604 1761 771 1816 Deum
797 1770 1013 1831 patrum
1031 1777 1256 1818 suorum
1272 1762 1360 1831 pie
1375 1777 1435 1816 se
1471 1761 1772 1831 gerebant:
1805 1761 2024 1817 illorum

443 1869 640 1923 nempe
666 1855 887 1923 plurimi
908 1869 1073 1924 quam
1091 1855 1314 1924 pessimi
1332 1868 1432 1908 nec
1455 1853 1594 1908 lucis
1610 1867 1710 1907 nec
1735 1853 2029 1908 viridario-

445 1959 569 1997 rum
607 1944 883 1999 umbrosis
909 1961 1012 2000 nec
1040 1944 1306 1998 montium
1331 1943 1716 1999 cacuminibus
1733 1958 1834 1998 nec
1853 1943 2029 2014 regio—

447 2049 576 2100 num
595 2035 828 2088 amoenis
853 2035 1871 2106 renuntiaverunt.lpsijconvenientes,
1888 2036 2029 2089 alta-

445 2125 528 2178 ria
565 2125 915 2180 daemonibus
955 2141 984 2179 a
1011 2142 1071 2183 se
1117 2127 1363 2182 adoratis
1412 2127 1720 2196 erigebant,
1776 2127 2032 2196 ﬁliosque

444 2222 500 2268 et
537 2214 678 2269 ﬁlias
711 2231 842 2270 suas
876 2217 1257 2272 immolabant.
1292 2217 1387 2271 His
1443 2218 1807 2272 contaminati
1847 2221 2030 2287 magni

447 2304 540 2359 Dei
581 2307 1015 2370 indignationem
1053 2309 1108 2362 in
1140 2310 1358 2380 seipsos
1387 2308 1750 2363 incendebant
1779 2316 1835 2362 et
1864 2308 2028 2364 iram.

451 2397 666 2451 Idcirco
689 2398 928 2455 diversis
983 2401 1269 2458 servitutis
1311 2409 1367 2457 et
1405 2402 1758 2457 abductionis
1795 2402 2033 2456 infortu-

445 2487 554 2543 niis
582 2489 768 2543 traditi
798 2497 850 2544 et
879 2491 1087 2560 pluries
1123 2493 1326 2563 captivi
1359 2492 1509 2549 ducti
1535 2501 1590 2548 et
1631 2493 1794 2562 ejecti
1833 2494 2031 2548 iterum

447 2586 612 2647 atque
644 2579 841 2633 iterum
875 2583 1325 2638 exterminationi
1356 2585 1624 2640 absoluta:
1682 2584 1750 2638 ab
1783 2585 2033 2654 ipsorum

456 2669 688 2724 urbibus
722 2669 982 2739 eiectioni
1005 2672 1174 2728 dediti
1205 2684 1335 2730 sunt
1388 2676 1691 2731 multorum
1725 2677 2038 2732 calamitate

451 2759 682 2814 dierum.
728 2759 873 2831 Ergo
927 2775 1084 2819 vetus
1124 2763 1292 2820 lsrael
1333 2776 1388 2821 et
1424 2774 1699 2838 quotquot
1731 2767 2037 2822 secundum

447 2865 673 2904 carnem
715 2852 1140 2921 praztermittent
1187 2854 1397 2909 dictum
1436 2858 1695 2913 reducem
1743 2860 1813 2914 ad
1867 2861 2037 2915 Deum

448 2943 764 3007 tramitem,
828 2943 1045 2998 scilicet
1093 2942 1302 3000 Christi
1336 2956 1606 3015 mortem,
1650 2949 2037 3006 incredulitate

448 3047 547 3085 sua
581 3032 742 3086 fracti
770 3041 900 3087 sunt
923 3044 976 3088 et
1007 3049 1038 3088 a
1073 3036 1158 3088 via
1188 3036 1490 3090 deturbati.

516 3187 588 3242 26
632 3186 878 3256 Ipsorum
907 3187 1019 3244 loco
1049 3190 1244 3244 intravi
1276 3207 1391 3262 ego,
1425 3199 1479 3247 et
1501 3206 1618 3263 seq.

523 3279 621 3335 llis
640 3280 1005 3345 carminibus,
1039 3281 1318 3354 theologia
1354 3285 1408 3338 in
1437 3284 1788 3355 Apostolicas
1825 3295 2038 3346 mentes

451 3387 552 3427 nos
572 3371 811 3427 inducit:
831 3388 1067 3445 namque
1089 3374 1237 3429 sicut
1263 3374 1446 3445 primo
1469 3378 1714 3445 gentium
1738 3380 2041 3435 increduli-

451 3470 564 3515 tate
605 3461 1046 3518 miserieordiam
1082 3463 1255 3520 lsrael
1290 3476 1626 3524 consecutus
1656 3478 1740 3525 est
1773 3470 1950 3526 ﬁdens
1983 3474 2040 3525 in

455 3553 648 3620 Deum,
672 3555 753 3610 sic
783 3570 982 3611 rursus
1014 3556 1303 3613 incredulo
1339 3559 1509 3615 lsrael
1540 3569 1731 3631 gentes
1753 3563 2042 3620 credentes

454 3645 818 3700 salvabuntur
849 3647 906 3701 in
944 3647 1202 3714 Christo;
1234 3665 1360 3706 cum
1387 3663 1570 3707 autem
1603 3653 1898 3710 intraverit
1926 3655 2042 3726 ple-

453 3737 650 3791 nitudo
670 3739 938 3810 gentium,
961 3746 1077 3795 tum
1116 3756 1313 3800 rursus
1342 3745 1523 3800 omnis
1546 3743 1711 3800 lsrael
1735 3745 1913 3800 zelum
1943 3746 2039 3801 lia-

453 3825 592 3883 bens
613 3829 800 3885 credet
829 3839 882 3886 et
903 3832 1092 3888 salvus
1127 3833 1255 3900 ﬁet;
1286 3835 1367 3890 sic
1395 3837 1540 3890 enim
1573 3836 1712 3891 alter
1741 3853 1842 3907 pro
1869 3839 2043 3893 altero

456 3918 661 3974 bonum
689 3921 866 3976 zelum
888 3923 1155 3981 habentes
1180 3927 1343 3982 ambo
1375 3927 1562 3996 populi
1593 3941 1660 3982 ac
1676 3927 1968 3984 credentes
1987 3928 2044 3983 in

455 4010 726 4079 sapientia
748 4012 844 4068 Dei
867 4014 922 4068 in
943 4009 1134 4071 eadem
1159 4017 1539 4073 misericordia
1555 4017 1622 4072 ad
1644 4018 1806 4074 ﬁnem
1823 4021 2046 4074 conclu-

455 4102 675 4158 dentur.
701 4102 843 4158 Dicit
865 4120 996 4177 ergo
1017 4108 1283 4178 magister
1301 4124 1331 4163 a
1354 4108 1495 4164 l‘acie
1518 4109 1788 4178 gentium,
1813 4124 2046 4179 quomo-

454 4192 527 4246 do
547 4191 723 4248 fracto
744 4193 935 4262 lsrael,
977 4204 1239 4267 tanquam
1265 4211 1418 4252 ramo
1447 4205 1670 4267 propter
1691 4197 2046 4268 incredulita-

455 4292 589 4344 tem,
628 4283 773 4338 viam
805 4285 928 4339 ﬁdei
957 4302 1057 4358 ego
1087 4288 1374 4356 ingressus
1405 4287 1533 4354 sim,
1565 4302 1689 4358 qum
1717 4287 1808 4341 via
1840 4290 1935 4359 est:
1961 4303 2046 4344 ze-

456 4372 571 4426 lum
602 4390 830 4445 gressus
859 4385 914 4432 et
951 4387 1108 4434 actus
1142 4388 1322 4435 rectos
1345 4379 1614 4450 dirigens,
1665 4379 1769 4434 ﬁde
1811 4380 2044 4436 salutari

457 4467 563 4521 iter
583 4468 827 4536 pandens
854 4471 922 4526 ad
945 4471 1222 4528 Christum
1242 4473 1296 4527 in
1327 4489 1492 4544 quem
1518 4473 1741 4528 tandem
1763 4473 2049 4529 credentes

458 4568 824 4628 revertentur,
888 4578 1128 4634 eumque
1176 4564 1337 4634 juxta
1385 4565 1772 4636 primordiales
1809 4565 2049 4634 prophe-

459 4651 567 4705 tias
601 4654 905 4728 requirent,
932 4659 1225 4725 postquam
1267 4655 1544 4711 fructibus
1594 4655 1790 4725 repleti
1844 4655 2051 4710 fuerint

459 4740 864 4800 incredulitatis
895 4754 948 4801 et
972 4744 1235 4802 ferventis
1258 4761 1368 4816 pra:
1397 4746 1515 4800 zelo
1539 4755 1593 4801 et
1624 4746 1831 4800 invidia
1866 4747 2051 4802 insec-

458 4831 687 4889 tationis
717 4834 1000 4903 Gentium,
1047 4839 1251 4909 quibus
1301 4837 1536 4892 mutatio
1579 4838 1810 4910 contigit
1854 4837 2050 4905 ejectis

458 4920 570 4976 illis
599 4933 824 4995 propter
855 4930 1296 4988 incredulitatem
1329 4946 1566 5002 quorum
1598 4931 1720 4986 loco
1744 4945 1841 5001 per
1864 4929 2022 4985 ﬁdem

460 5014 517 5069 lii
540 5014 913 5076 intraverunt.

1776 241 2076 302 NICE'IAS
2117 242 2332 300 DAVID:

3599 241 3697 298 701

2111 362 2168 413 ὲν
2192 361 2304 422 τοῖς
2335 356 2444 410 τῶν
2482 357 2662 426 φίλων
2685 355 2746 410 ού
2788 353 2975 410 κακοῖς
3002 353 3188 418 πιστὸς
3219 353 3696 425 ἀποδεικνύμενος,

2108 449 2390 517 ἀλόγιστον
2421 425 2686 518 περιῆψεν
2719 446 2829 517 (1.1)
2865 445 2964 514 τὴν
2997 445 3367 516 προσκύνησιν
3389 461 3401 475 ⁸
3425 443 3598 509 οὕτως
3622 445 3701 498 ει-

2107 538 2464 610 δωλολατρεία
2503 538 2582 607 τῷ
2632 539 2734 591 τῶν
2779 535 3081 608 ἀνθρώπων
3121 535 3216 590 ἀπ’
3250 536 3423 607 ἀρχῆς
3467 551 3701 608 παρεισ-

2110 628 2321 699 εφθάρη
2354 627 2472 698 βίῳ.
2513 626 2624 679 Καὶ
2670 626 2728 678 ού
2781 625 2938 695 μόνον
2970 625 3020 676 οἱ
3063 625 3129 676 ὲκ
3159 624 3270 678 τῶν
3309 624 3483 676 ἄλλων
3531 621 3704 676 ἐθνῶν

2108 722 2223 783 τοῖς
2275 717 2584 788 εἰρημένοις
2627 716 2850 788 τρόποις
2893 715 3328 787 κατεφθείροντο,
3371 715 3471 784 ἤδη
3514 715 3572 768 δὲ
3609 714 3706 768 καὶ

2124 811 2387 881 Ἐϐραίων
2409 810 2553 880 ἱερὸν
2584 809 2734 872 ἔθνος
2756 809 2844 861 διὰ
2879 808 2970 861 τὸν
3002 808 3250 879 Ἀϐραάμ
3275 806 3527 876 νομισθὲν
3554 805 3705 859 ὀλοὸν

2111 896 2145 966 ἢ
2191 893 2532 956 ἀπολωλεκὸς
2579 892 2773 962 βουλήν
2813 893 2960 944 ἐστιν
3006 893 3119 961 (15)
3152 893 3251 961 οὐχ
3290 890 3510 943 ὑπεῖκον
3540 890 3708 953 θείοις

2113 986 2422 1057 προφήταις
2447 982 2794 1054 ὀδυρομένοις
2826 983 2920 1036 καὶ
2944 983 3378 1052 ὲξιλασκομένοις
3406 980 3504 1052 τὴν
3538 982 3708 1052 ὀργὴν

2113 1075 2206 1128 τοῦ
2234 1075 2368 1128 Θεοῦ
2401 1073 2543 1146 ὑπὲρ
2568 1074 2768 1138 αὐτῶν,
2804 1072 2853 1126 οἲ
2899 1073 3159 1136 πολλάκις
3196 1072 3459 1143 πρότερον
3489 1070 3581 1124 διὰ
3608 1073 3707 1136 τὰς

2117 1167 2555 1239 εἰδωλολατρείας
2591 1167 2788 1232 αὐτῶν,
2813 1166 2886 1231 ὡς
2917 1167 3156 1237 Μωῦσῆς
3207 1164 3303 1219 καὶ
3333 1164 3539 1232 Ἠλίας,
3579 1181 3712 1219 κατ

2118 1263 2440 1315 εκτέννυσαν
2463 1261 2572 1332 (16)
2599 1261 2820 1324 αὐτούς.

2121 1378 2194 1431 22
2216 1377 2370 1431 Οὐδὲ
2403 1378 2521 1447 μὲν
2547 1378 2619 1430 οὐ
2642 1374 2948 1444 βασιλῆες
2979 1374 3279 1443 ἐτάρϐεον,
3309 1375 3426 1429 κτλ.

2193 1495 2267 1548 Ού
2291 1495 2350 1548 τὸ
2372 1495 2587 1564 χυδαῖον
2608 1493 2702 1546 τοῦ
2747 1491 2961 1564 Ἰσραὴλ
2987 1491 3190 1562 πλῆθος
3216 1491 3374 1562 μόνον
3417 1492 3510 1546 κα).
3530 1491 3717 1562 δῃώ-

2122 1585 2210 1648 δες
2257 1585 2350 1638 καὶ
2393 1583 2684 1637 ἀσύνθετον
2716 1586 2837 1646 ταῖς
2871 1582 3190 1654 εἰρημέναις
3217 1581 3539 1653 ὲ6ε6ηλοῦτο
3587 1583 3718 1636 ἀθε-

2127 1679 2288 1742 σίαις,
2316 1677 2432 1730 ἀλλ’
2458 1677 2566 1729 οὐδ’
2590 1676 2763 1736 αὐτοὶ,
2794 1675 2979 1746 φησὶν,
3005 1676 3052 1726 οἱ
3080 1673 3316 1744 βασιλεῖς
3341 1674 3433 1726 καὶ
3457 1673 3722 1743 ἄρχοντες

2127 1768 2218 1820 τὸν
2248 1766 2379 1820 Θεὸν
2403 1765 2510 1819 τῶν
2545 1765 2795 1836 πατέρων
2821 1762 3186 1834 ηὑλαϐοῦντο·
3216 1763 3308 1816 καὶ
3350 1761 3552 1816 τούτων
3584 1762 3642 1815 δὲ
3670 1764 3721 1815 οἱ

2130 1857 2345 1920 πλείους
2399 1857 2475 1910 ὅτι
2525 1856 2759 1927 μάλιστα
2793 1855 2951 1907 κακοὶ
2990 1852 3112 1907 οὕτε
3166 1853 3236 1906 τὰ
3278 1851 3415 1921 ἄλση
3453 1851 3547 1905 καὶ
3591 1854 3722 1914 τοὺς

2132 1948 2455 2017 συνηρεφεῖς
2503 1945 2700 2007 τόπους
2751 1946 2810 1995 ἐν
2863 1943 3245 2015 παραδεισίοις,
3303 1941 3421 1996 οὔτε
3466 1941 3564 2005 τὰς
3608 1942 3725 1992 τῶν

2133 2037 2303 2108 ὀρέων
2328 2035 2572 2108 κορυφὰς
2593 2035 2686 2088 κα).
2715 2035 2822 2088 τῶν
2844 2035 3056 2105 χωρίων
3085 2034 3450 2104 τερπνότητας
3473 2033 3655 2087 κατελι
3664 2051 3723 2101 μ-

2133 2128 2376 2181 πάνοσαν
2417 2127 2528 2198 (17)
2550 2143 2562 2156 ·
2595 2127 2644 2179 οἳ
2676 2125 2740 2196 δὴ
2770 2127 3058 2190 συνιόντες,
3098 2125 3192 2179 καὶ
3219 2125 3577 2195 θυσιαστήρια
3610 2128 3724 2188 τοῖς

2134 2219 2226 2272 ὑπ’
2273 2216 2450 2272 αὐτῶν
2486 2217 2797 2288 σεϐομένοις
2832 2217 3078 2287 δαίμοσιν
3125 2216 3415 2288 ἱδρύοντες,
3461 2215 3610 2280 υἱούς
3663 2233 3724 2268 τε

2135 2311 2314 2363 αὐτῶν
2339 2309 2630 2362 ὲπεθύοντο
2656 2309 2747 2361 καὶ
2787 2308 3105 2379 θυγατέρας,
3139 2309 3196 2360 ἐν
3223 2301 3303 2370 οἷς
3333 2308 3487 2360 αὐτοὶ
3518 2308 3726 2378 μιαινός

2140 2419 2288 2472 μενοι
2319 2400 2417 2471 τὴν
2441 2399 2535 2452 τοῦ
2575 2400 2812 2470 μεγάλου
2842 2399 2975 2452 Θεοῦ
3000 2399 3369 2468 ἀγανάκτησιν
3399 2399 3482 2467 ἐφ’
3504 2399 3728 2462 ἑαυτοῠς

2137 2491 2484 2557 ἐξεκαλοῦντο
2516 2491 2607 2542 καὶ
2634 2490 2734 2561 τὴν
2754 2491 2924 2560 ὀργήν
2943 2506 2958 2521 ·
2989 2491 3082 2543 κα).
3122 2489 3209 2542 διὰ
3248 2488 3420 2543 ταῦτα
3451 2489 3730 2560 διαφόροις

2141 2583 2514 2654 αἰχμαλωσίας
2542 2581 2633 2634 καὶ
2662 2581 2965 2652 ἀπαγωγῆς
2993 2580 3216 2653 τρόποις
3247 2581 3600 2651 ὲκδιδόμενοι,
3632 2580 3730 2636 καὶ

2141 2676 2398 2740 ποικίλως
2462 2675 2966 2746 προνομευόμενοι,ι
2995 2676 3088 2727 καὶ
3151 2675 3435 2745 ἀφιέμενοι
3503 2673 3731 2744 ὕστερον

2143 2766 2484 2836 πανωλεθρίᾳ
2510 2766 2601 2819 καὶ
2621 2767 2685 2836 τῇ
2713 2765 3170 2838 συντετελεσμένῃ
3192 2768 3291 2836 τῆς
3323 2764 3525 2828 πόλεως
3550 2764 3729 2816 αὐτῶν

2143 2857 2440 2929 ἐρημώσει,
2469 2855 2798 2928 πολυημέρῳ
2822 2857 3197 2927 παρεδόθησαν
3229 2859 3500 2928 συμφορᾷ.
3539 2858 3598 2911 Ὀ
3631 2857 3731 2927 μὲν

2143 2946 2234 3003 οὖν
2264 2948 2490 3011 παλαιὸς
2525 2947 2741 3018 Ἰσραὴλ
2771 2947 2861 3000 κα).
2899 2946 3042 3000 κατά
3082 2947 3280 3015 σάρκα,
3325 2948 3414 3000 τὸν
3443 2946 3732 3017 εἰρημένον

2137 3041 2340 3110 τρόπον
2387 3037 2725 3101 ἀθετοῦντες,
2766 3039 2833 3109 τῇ
2875 3037 3102 3109 ἀπιστίᾳ⁵
3132 3039 3244 3109 (18)
3270 3037 3501 3109 Χριστοῦ
3545 3037 3606 3091 τὸ
3642 3054 3731 3090 τε·

2137 3129 2382 3185 λευταῖον
2409 3129 2812 3200 ἐξεκλάσθησαν
2840 3146 2898 3194 τε
2927 3130 3022 3182 κα).
3051 3127 3483 3200 ἐξετινάχθησαν.

2145 3243 2215 3297 26
2677 3307 2689 3311 _
2837 3243 2890 3295 Ὀ
2921 3241 2974 3296 δ’
2997 3240 3394 3311 ἀντεισ-ῆλθον
3413 3241 3613 3309 ἔγωγε,

2137 3357 2205 3412 27
2248 3355 2597 3425 Ἀτραπιτὸν
2630 3357 2831 3424 ζήλοιο
2857 3357 3209 3428 ποδηγεσίῃ,
3241 3374 3293 3410 κ.
3320 3373 3370 3409 τ.
3411 3354 3488 3421 ἐξ.

2210 3450 2309 3503 Διά
2343 3450 2452 3502 τῶν
2490 3449 2637 3502 ἐπῶν
2681 3449 2738 3503 δὲ
2778 3450 2983 3504 τούτων
3017 3451 3050 3519 ὴ
3081 3449 3324 3517 θεολογία
3365 3448 3442 3511 εὶς
3469 3446 3566 3518 τὴν
3591 3446 3733 3500 ἀπο-

2142 3541 2390 3612 στολικὴν
2433 3543 2580 3613 ἡμᾶς
2629 3542 2835 3595 ἔννοιαν
2877 3542 3136 3613 προάγει·
3173 3543 3269 3596 καὶ
3302 3540 3410 3612 γὰρ
3441 3538 3632 3611 ὥσπερ
3665 3542 3733 3611 τῇ

2141 3633 2248 3687 τῶν
2291 3633 2461 3687 ἐθνῶν
2511 3633 2734 3703 ἀπιθεία
2780 3633 3042 3704 πρότερον
3083 3634 3112 3685 ὁ
3149 3631 3367 3704 Ἰσραὴλ
3397 3632 3604 3701 ἠλεεῖτο
3643 3649 3733 3684 πι-

2143 3724 2348 3778 στεύων
2375 3725 2456 3795 eq)
2484 3725 2625 3794 Θεῷ,
2651 3724 2792 3778 οὕτω
2837 3726 2997 3779 πάλιν
3029 3727 3093 3796 τῇ
3127 3724 3221 3778 τοῦ
3265 3723 3479 3796 Ἰσραὴλ
3507 3723 3737 3795 ἀπιστίᾳ

2142 3819 2211 3870 τὰ
2257 3816 2383 3886 ἔθνη
2431 3817 2801 3871 πιστεύσαντα
2833 3816 3063 3880 σώζεται
3105 3815 3269 3886 ἐντῷ
3313 3815 3559 3888 Χριστῷ*
3607 3817 3738 3867 ὅταν

2141 3907 2199 3961 δὲ
2238 3907 2298 3960 τὸ
2340 3908 2612 3979 πλήρωμα
2657 3908 2770 3977 (19)
2826 3907 2934 3961 τῶν
2978 3908 3144 3961 ἐθνῶν
3170 3907 3405 3980 εἰσέλθῃ,
3429 3907 3549 3960 τότε
3575 3905 3739 3958 πάλιν

2144 3999 2254 4061 πᾶς
2313 3999 2534 4070 Ἰσραὴλ
2588 3999 2837 4070 ζηλώσας
2897 3999 3178 4053 πιστεύσει
3242 4001 3337 4053 καὶ
3400 3999 3735 4068 σωθήσεται·

2144 4090 2288 4144 οὓτω
2317 4091 2427 4162 γὰρ
2455 4091 2719 4162 ἀλλήλους
2755 4093 2805 4146 οἱ
2846 4091 2940 4145 δύο
2967 4093 3086 4146 λαοὶ
3121 4091 3298 4156 καλῶς
3327 4090 3614 4162 ζηλοῦντες
3643 4091 3741 4144 καὶ

2147 4182 2490 4246 πιστεύοντες
2539 4183 2596 4237 ὲν
2648 4186 2714 4254 τῇ
2764 4184 2856 4237 τοῦ
2905 4184 3040 4238 Θεοῦ
3088 4185 3270 4254 σοφίᾳ,
3316 4186 3395 4246 εἰς
3438 4183 3526 4235 τὸν
3569 4181 3740 4236 αὐτοῦ

2147 4280 2295 4334 ἔλεον
2329 4281 2421 4333 ἐπὶ
2465 4281 2608 4334 τέλει
2650 4281 3190 4354 συγκλεισθήσονται.
3245 4279 3413 4351 Φησὶν
3457 4274 3548 4332 οὖν
3593 4279 3620 4330 ὁ
3662 4275 3742 4328 δι-

2147 4371 2412 4435 δάσκαλος
2451 4373 2516 4424 ὲκ
2554 4370 2844 4445 προσώπου
2888 4372 2996 4425 τῶν
3036 4371 3228 4436 ἐθνῶν,
3263 4371 3338 4433 ὼς
3383 4367 3476 4420 τοῦ
3526 4363 3738 4434 Ἰσραὴλ

2148 4467 2542 4530 ὲκκλασθέντος
2581 4467 2649 4520 δι’
2687 4466 2941 4520 άπίθειαν
2974 4465 3148 4535 ἔγωγε
3189 4465 3288 4535 τὴν
3337 4463 3454 4518 ὁδὸν
3499 4461 3598 4530 τῆς
3647 4456 3738 4510 πί-

2149 4573 2318 4619 στεως
2343 4555 2783 4627 άντεισελήλυθα,
2815 4557 2937 4626 ἥτις
2977 4555 3161 4618 αὐτοῖς
3195 4555 3311 4606 ἐστι
3362 4551 3523 4620 ζήλου
3567 4547 3738 4616 ποδη-

2147 4646 2261 4714 γία,
2318 4645 2412 4700 καὶ
2462 4647 2820 4717 χειραγωγία.
2873 4645 3008 4715 πρὸς
3063 4645 3162 4713 τὴν
3233 4643 3497 4712 σωτήριον
3557 4637 3742 4690 πίστιν

2145 4737 2463 4792 ὁδοποιοῦσα
2518 4736 2614 4790 τοῦ
2662 4735 2934 4807 Χριστοῦ*
2986 4729 3032 4804 ᾧ
3078 4736 3171 4790 καὶ
3221 4733 3610 4792 πιστεύσαντες
3641 4727 3746 4796 ὀψέ

2148 4851 2280 4886 ποτε
2303 4835 2441 4903 πρὸς
2469 4832 2630 4886 αὑτὸν
2655 4833 3178 4903 ἐπιστραφήσονται,
3198 4829 3289 4884 καὶ
3317 4827 3456 4883 κατά
3487 4825 3552 4877 τά
3576 4825 3745 4892 θεαρ·

2150 4916 2282 4995 χικᾶι
2337 4924 2464 4992 (20)
2509 4923 2663 4992 λόγια
2717 4922 3164 4994 ὲπιζητήσουσιν,
3222 4920 3365 4992 ἡνίκ’
3397 4919 3462 4972 ἂν
3485 4915 3593 4969 τῶν
3641 4912 3747 4982 τῆς

2149 5013 2401 5075 amona;
2432 5012 2658 5082 καρπῶν
2689 5012 2784 5065 καὶ
2814 5012 2922 5068 τῶν
2963 5013 3071 5066 ἀπὸ
3103 5011 3196 5066 τοῦ
3226 5010 3388 5082 ζήλου
3421 5009 3514 5062 καὶ
3542 5005 3746 5075 φθόνου

459 5111 554 5164 τοῦ
585 5112 720 5182 πρὸς
746 5113 814 5167 τὰ
855 5113 978 5185 ἔθνη
1025 5115 1320 5187 πυρώσεων
1357 5116 1448 5169 καὶ
1484 5114 1779 5168 κακώσεων
1802 5108 2242 5183 ἀναπλησθῶσιν,
2277 5099 2352 5161 ὧν
2402 5107 2495 5159 καὶ
2538 5105 2959 5179 διημείφθησαν,
3020 5106 3178 5161 αὐτοὶ
3239 5105 3337 5177 μὲν
3385 5098 3746 5169 ὲκὸληθέντες

462 5204 530 5258 δι’
559 5204 839 5292 ἀπιστίαν,
874 5205 923 5259 οἱ
958 5207 1014 5260 δὲ
1050 5209 1139 5262 διὰ
1169 5211 1352 5263 πίστιν
1379 5207 1783 5278 εἰσεληλυθότες
1809 5206 1926 5261 ἀντ’
1960 5201 2159 5260 αὐτῶν.

534 5385 651 5460 ﬂ!)
683 5385 820 5460 (τοᾷ.
853 5388 1135 5460 περιῆψεν.

535 5458 649 5526 (15)
679 5458 822 5526 Ἤδη
863 5458 1014 5515 δὲ“...“
1039 5460 1287 5527 ,βουλήν
1320 5461 1509 5518 ἐστιν.
1557 5463 1701 5516 Ilaec
1742 5462 1907 5515 verba
1944 5461 2050 5516 sibi

467 5541 659 5602 parum
691 5530 938 5602 arridere
969 5531 1199 5602 aﬁirmat
1252 5532 1465 5588 Billius.
1494 5565 1560 5573 —
1587 5534 1723 5589 Cod.
1761 5532 1940 5602 ἱερῶν.

538 5595 651 5662 (16)
680 5597 815 5653 Cod.
845 5601 1286 5656 κατεκτέννοσαν.

674 5664 822 5745 adit.
850 5673 1356 5745 xarehtpzévwaay.

541 5734 656 5807 (18)
685 5735 762 5806 Τῇ
791 5734 1058 5809 ἀπιστίᾳ,
1087 5759 1140 5797 κ.
1163 5760 1208 5798 τ.
1231 5744 1280 5799 λ.
1305 5743 1364 5798 ν.
1394 5742 1563 5812 Epist.
1589 5743 1654 5798 ad
1679 5741 1836 5798 llum.
1860 5740 2042 5805 “.20.

2213 5391 2553 5476 ,(19)Ὄταν
2596 5388 2665 5441 δὲ
2702 5385 2769 5440 τὸ
2821 5385 3124 5453 πλήρωμα.
3169 5399 3223 5434 κ.
3266 5399 3314 5434 τ.
3364 5379 3411 5430 λ.
3450 5374 3512 5428 ν.
3556 5375 3633 5429 ib.
3666 5390 3748 5436 ιι,

2152 5465 2339 5601 2ἑόξ2ῗί)
2370 5530 2681 5600 Θεαρχικά.
2711 5528 2843 5583 Cod.
2878 5527 3126 5601 θεάρχια.
3263 5514 3747 5601 ΤΙςσδοαν.“ξῑοιςῑι.

2154 5584 2449 5658 οάἷβέιτίε.
2478 5584 2612 5656 εἶ’ν.
2646 5597 2956 5670 θεαρχικὸς,
2982 5584 3093 5650 '{nn
3148 5593 3288 5647 alius
3325 5591 3480 5645 locus
3523 5584 3732 5640 Nicen:

2156 5673 2522 5748 Paphlagonis
2553 5671 2873 5741 corrigitur.
