4044 6210
295 316 410 373 705

1223 318 1292 373 IN
1329 318 1636 374 CARMINA
1668 314 1951 372 ARCANA
1990 316 2049 372 S.
2081 314 2435 375 GREGORII.

3462 330 3567 385 τοο

304 437 368 492 3|
423 432 696 490 Ἅλλὰτὰ
728 432 844 502 μὲν
868 432 1176 502 μετόπισθ’
1208 428 1263 488 τι
1302 434 1356 486 δ’
1385 435 1471 507 ᾡς
1497 433 1684 501 νόμον
1715 427 1870 507 εἶχον

1988 431 2050 485 51
2118 429 2306 486 Verum
2344 432 2455 488 lucc
2503 443 2704 502 postea.
2763 434 2913 507 Cum
2942 438 3105 507 igitur
3166 439 3374 497 Hebraei
3415 443 3567 499 vilem

1392 502 1644 574 [ἅτιμον,
1685 502 1803 556 κτλ.

374 596 458 650 Τά
488 596 589 667 μὲν
636 594 919 667 εἰρημένα,
958 594 1124 666 φησὶν
1150 594 1180 647 ὁ
1210 593 1310 665 τῆς
1350 594 1636 663 θεοσοφίας
1666 593 1878 663 λύχνος,

301 691 339 760 ἢ
370 705 433 742 τε
474 689 586 741 τῶν
631 687 802 741 ἐθνῶν
830 687 1095 741 ἁπάντων.
1116 686 1319 749 εἴσοδος
1349 688 1430 749 είς
1475 684 1734 757 Χριστὸν,
1760 686 1796 756 ἦ
1819 700 1878 736 τε

298 778 398 833 τοῦ
442 773 888 849 καταλείμμτος
926 777 1140 849 Ἰσραὴλ
1181 776 1269 831 διά
1299 776 1463 848 ζήλου
1497 777 1593 829 καὶ
1627 778 1879 846 ἐπιστρο-

297 871 410 943 φῆς
446 871 586 944 πρὸς
619 870 752 925 Θεὸν
777 871 1038 943 σωτηρία,
1061 869 1235 923 ταῦτα
1257 870 1355 941 μὲν
1380 871 1439 924 ὲν
1467 869 1715 940 ὑστέροις
1742 869 1879 922 ἀπο-

300 942 712 1032 καλυφθήσεται
742 964 982 1033 καιροίςο
1011 960 1155 1016 κατὰ
1195 960 1378 1032 μέντοι
1404 960 1497 1014 τὸν
1534 961 1746 1032 πρῶτον
1776 962 1876 1030 τῆς

296 1052 622 1122 ἐπιφανείας
665 1051 763 1105 τοῦ
813 1052 1066 1124 Σωτῆρος
1126 1051 1640 1123 ὲνανθρωπήσαντος
1684 1051 1875 1123 καιρὸν

293 1145 407 1200 τῶν
437 1144 608 1199 ἐθνῶν
639 1143 737 1214 μὲν
756 1145 877 1207 ταῖς
898 1123 1158 1214 ἀθέσμοις
1184 1142 1649 1214 είδωλολατρείαις
1671 1141 1876 1212 σφόδρα

293 1236 546 1308 σφοδρῶς
578 1234 1006 1305 ὲϐδελυγμένων,
1042 1234 1151 1288 τῶν
1175 1234 1236 1301 ἐξ
1280 1233 1495 1305 Ἰσραὴλ
1530 1234 1587 1288 δὲ
1630 1237 1752 1296 ταῖς
1776 1232 1872 1287 τοῦ

289 1329 463 1399 νόμου
493 1325 769 1389 ποικίλαις
803 1324 1180 1397 παραϐάσεσιν
1210 1323 1548 1396 ἀτιμούντων
1588 1324 1679 1378 τὸν
1716 1324 1869 1388 Θεὸν,

285 1421 415 1476 τότε
446 1419 511 1491 δὴ
540 1419 683 1484 τότε,
705 1418 793 1471 ἵνα
818 1418 854 1488 ἡ
894 1416 1167 1489 ὑπερϐολὴ
1193 1417 1291 1488 τῆς
1319 1415 1550 1487 ἀπείρου
1572 1415 1872 1487 χρηστότη-

282 1527 385 1574 τος
406 1510 683 1579 ἀναφανῇ,
715 1506 973 1576 τοιαύτης
1007 1507 1040 1576 ἡ
1072 1504 1388 1578 ἀνθρωπίνη
1424 1505 1586 1575 φύσις
1611 1504 1869 1576 διειλὴχει

282 1602 488 1673 τιμῆςο
535 1598 756 1669 εὐδοκία
793 1597 892 1669 μὲν
914 1596 1008 1651 τοῦ
1038 1596 1306 1651 ἀθανάτου
1333 1596 1566 1669 Πατρὸς,
1595 1595 1689 1648 τοῦ
1712 1596 1866 1664 ἁγίου

280 1693 344 1746 δὲ
382 1690 644 1763 συνεργίᾳ
676 1690 991 1761 Πνεύματος
1017 1688 1046 1740 ὁ
1072 1688 1366 1760 μονογενὴς
1392 1687 1485 1741 τοῦ
1510 1686 1645 1741 Θεοῦ
1670 1688 1865 1755 Λόγος,

281 1784 412 1838 ὅσον
465 1782 569 1852 τῆς
623 1780 809 1851 θεῖκῆς
857 1779 1050 1852 μοίρας
1107 1778 1307 1843 κτίζων
1343 1778 1434 1831 τὸν
1480 1778 1765 1851 ἄνθρωπον
1811 1776 1871 1841 ἐξ

281 1874 467 1946 ἀρχῆς
497 1872 578 1944 τῷ
608 1871 774 1927 αὑτοῦ
810 1871 1022 1942 σώματι
1051 1870 1333 1936 κατέθετο,
1366 1870 1522 1925 τοῦτο
1547 1872 1668 1934 ταῖς
1702 1869 1871 1941 ψυχο-

284 1967 511 2039 φθόροις
550 1965 847 2037 ἁμαρτίαις
892 1962 1299 2034 λελυμασμένον
1336 1961 1499 2034 ὁρῶν,
1528 1979 1870 2035 κατατυραν-

282 2058 482 2113 νοῦντα
539 2057 597 2111 δὲ
646 2057 757 2111 τῶν
806 2054 1024 2110 πάντων
1069 2054 1276 2127 βροτῶν
1325 2054 1418 2109 τὸν
1462 2055 1732 2127 δράκοντα
1777 2056 1869 2110 τὸν

284 2151 601 2221 ἀποστάτην
627 2149 771 2212 ἰδὼν,
804 2146 1190 2220 καὶεὴλεηκὼς,
1215 2146 1398 2201 ούκέτι
1430 2147 1611 2211 ἀλλοις
1642 2148 1740 2218 τὴν
1768 2148 1869 2219 ἀῤ-

284 2243 526 2316 (ιωστίαν
576 2242 779 2310 ταύτην
817 2239 1004 2309 ἐφίησι
1055 2238 1302 2310 βοηθεῖν
1338 2238 1399 2291 ού
1453 2238 1556 2310 γάρ
1595 2237 1866 2310 αὔταρκες

284 2336 367 2399 εἰς
399 2332 654 2404 μεγάλων
694 2328 883 2384 παθῶν
916 2328 1211 2400 θεραπείαν
1245 2328 1382 2399 ίαμα
1422 2328 1645 2401 μικρὸν
1685 2329 1761 2393 ώς
1801 2329 1867 2383 ἂν

285 2422 341 2475 δὲ
377 2418 742 2491 κληρονομίαν
775 2417 910 2471 ίδίαν
941 2415 1119 2487 ἑαυτῷ
1152 2416 1213 2482 ἐξ
1253 2416 1557 2489 ἀνθρώπων
1586 2418 1615 2470 ὁ
1658 2420 1721 2472 ὲκ
1754 2420 1865 2472 Πα-

287 2512 411 2581 τρὶς
436 2510 565 2573 Tib;
593 2509 828 2579 ἀμήτωρ
858 2507 1251 2578 ἀναστήσηται,
1287 2507 1383 2562 καὶ
1404 2508 1501 2579 τὴν
1534 2508 1715 2563 εἰκόνα
1736 2510 1864 2563 ἑαυο

188 2632 203 2643 ο
286 2601 378 2655 τοῦ
411 2602 512 2671 τῆς
535 2600 869 2673 τυραννικῆς
897 2596 1349 2669 ἀπολυτρώσηται
1382 2599 1639 2670 κατοχῆς,
1664 2599 1864 2653 ἐκένω-

287 2710 378 2746 σεν
407 2691 602 2745 ἑαυτὸν
636 2690 764 2753 Υἱὸς
801 2686 1086 2760 ἀνθρώπου
1127 2688 1252 2759 δίχα
1289 2689 1491 2760 πατρὸς
1529 2688 1866 2759 γεννώμενος

286 2785 415 2854 ἡμῖν
450 2781 841 2853 καινοπρεπῶς
885 2783 981 2852 μὲν
1020 2784 1115 2836 καὶ
1146 2782 1332 2849 ξένως,
1361 2784 1442 2837 ὅτι
1486 2784 1620 2856 ἀτερ
1649 2783 1863 2856 ἀνδρὸς,

288 2876 345 2930 ού
371 2875 541 2938 ξένως
567 2873 625 2927 δὲ
653 2873 1025 2935 παντάπασιν,
1052 2874 1134 2927 ὅτι
1162 2874 1222 2939 ἐξ
1248 2873 1406 2946 ἐμοῦ,
1428 2869 1582 2939 οὗτος
1610 2875 1699 2930 διὰ
1727 2894 1869 2948 παρ-

288 2963 505 3034 θενικῆς
534 2962 630 3016 καὶ
654 2962 816 3032 ἁγίας
850 2961 1042 3034 βροτού
1051 2980 1210 3034 μενος
1241 2964 1469 3034 μητρὸς,
1495 2965 1615 3030 ὅλος
1632 2965 1754 3019 ὅλον
1775 2965 1865 3018 τὸν

287 3055 353 3109 δι’
386 3056 666 3126 ἁμαρτίας
711 3054 952 3107 πεσόντα
995 3053 1364 3125 προσείληφεν
1407 3054 1599 3126 Ἀδάμ,
1644 3055 1711 3110 ἶν’
1756 3056 1866 3127 ὅλῳ

288 3149 711 3221 περιποιήσηται
743 3147 844 3219 τὴν
874 3147 1167 3218 σοπηρίαν.
1200 3146 1307 3200 Τοῦ
1342 3145 1406 3218 δὴ
1448 3146 1609 3218 χάριν
1655 3147 1865 3220 ἀνθρω-

291 3242 461 3304 πίνοις
495 3238 593 3292 καὶ
644 3238 746 3291 οὐκ
783 3237 1147 3308 ἀνθρωπίνοις
1192 3236 1377 3309 νόμοις
1426 3237 1487 3303 ἐξ
1542 3238 1723 3307 ἁγνῶν
1772 3239 1868 3292 καὶ

289 3328 634 3402 παρθενικῶν
664 3327 986 3398 σπλάγχνων
1017 3323 1087 3399 (ῶ
1120 3324 1307 3398 θαῦμα
1344 3328 1571 3382 ἄπιστον
1622 3326 1868 3399 βεϐήλοις

292 3421 559 3493 βροτοῖςί)
581 3423 611 3475 ὁ
636 3418 909 3491 ἄμϐροτος
943 3416 1235 3490 βροτωθεὶς
1281 3416 1519 3489 προῆλθε
1559 3417 1692 3482 Θεὸς
1729 3416 1867 3489 ὁμοῦ

289 3515 382 3566 καὶ
409 3511 723 3582 ἄνθρωπος,
746 3508 842 3562 δύο
867 3507 1058 3578 φύσεις
1089 3508 1169 3571 είς
1198 3506 1256 3561 ἓν
1283 3508 1573 3578 πρόσωπον
1596 3506 1866 3576 συνάγων,

289 3605 384 3675 τὴν
413 3605 513 3674 μὲν
537 3601 928 3675 κρυπτομένην
959 3599 1053 3655 καὶ
1086 3599 1335 3665 ἀθέατον,
1364 3598 1462 3670 τὴν
1493 3599 1538 3651 δ’
1560 3599 1869 3669 ἀναφανδὸν

289 3695 596 3768 ἀνθρώποις
623 3694 909 3767 ὁρωμένην
930 3710 945 3723 ·
974 3685 1049 3748 ὧν
1074 3694 1108 3765 ἠ
1144 3692 1242 3764 μὲν
1262 3690 1404 3767 Θεὸς
1429 3685 1497 3762 ἦν
1516 3689 1595 3762 τῷ
1617 3690 1870 3759 ἀνάρχως

289 3789 547 3858 γεννῶντι
593 3787 964 3859 ὀμοούσιος,ή
1004 3785 1060 3838 δὲ
1092 3785 1379 3856 ἄνθρωπος
1422 3783 1665 3838 ἔκτισται
1704 3784 1772 3854 τῇ
1813 3782 1870 3835 ἐν

286 3880 463 3952 χρόνῳ
487 3878 722 3951 τεκούσῃ
751 3877 848 3932 καὶ
875 3878 1006 3948 ἡμῖν
1039 3878 1305 3949 ὀμοφυής.

288 4063 353 4118 51
394 4063 506 4135 (21)
539 4059 644 4128 Εἷς
674 4061 819 4128 Θεὸς
842 4060 1277 4132 ἀμφοτέρωθεν,
1301 4060 1429 4114 ἐπεί
1452 4059 1872 4202 θεότιῖιέθῖῗςρα-

286 4204 362 4260 52
395 4201 507 4259 Καὶ
556 4202 779 4272 ,ϐροτὸς
828 4203 897 4257 ὲκ
951 4199 1228 4268 θεότητος
1265 4200 1421 4272 ἄναξ
1472 4199 1574 4272 καὶ
1614 4199 1873 4272 Χριστὸς

1374 4269 1655 4343 [ὑπέσττμ
1679 4270 1798 4325 κτλ.

363 4367 614 4433 Εἷςθεδς
660 4365 1113 4438 ὁμολογουμένως
1136 4365 1201 4419 ἐκ
1236 4365 1383 4418 δυοῖν
1409 4364 1624 4435 φύσεων
1660 4364 1869 4437 ὑπέστη

289 4463 327 4516 ὁ
348 4461 576 4535 Χριστός
595 4478 608 4491 ⁸
629 4461 664 4532 ἡ
692 4458 804 4529 γάρ
826 4459 884 4511 ὲν
907 4456 1056 4528 αύτῷ
1095 4455 1316 4528 βροτεία
1342 4455 1526 4526 φύσις,
1557 4459 1623 4528 τῇ
1654 4455 1871 4528 θεότητι

290 4555 411 4608 καθ’
428 4554 729 4607 ὑπόστασιν
755 4549 1139 4620 συνενουμένη,
1161 4548 1255 4601 καὶ
1277 4548 1310 4618 ὴ
1337 4547 1529 4618 θεότης
1554 4547 1873 4620 παραδόξως

285 4646 357 4715 τῇ
390 4643 772 4715 ἀνθρωπότητι
802 4638 1231 4710 συγκιρναμένη,
1250 4639 1281 4691 ὁ
1305 4636 1475 4702 αὐτὸς
1503 4636 1755 4708 βασιλεὺς
1781 4639 1873 4691 καὶ

284 4734 424 4800 Θεὸς
454 4735 550 4789 καὶ
599 4732 758 4795 ἄλλος
788 4731 907 4795 νέος
953 4729 1124 4800 ’Δδάμ
1163 4728 1255 4782 τὸν
1303 4728 1532 4783 παλαιὸν
1579 4727 1874 4799 ἐξιώμενος

286 4826 630 4890 πιστεύεται,
658 4823 733 4887 ὡς
752 4823 859 4876 ὑπὸ
879 4819 1343 4892 παραπετάσματι
1368 4818 1425 4873 δὲ
1444 4818 1523 4891 τῷ
1548 4819 1873 4890 ἀνθρωπίνῳ

287 4918 642 4991 προϐλήματι
670 4914 1001 4980 κεκάλυπτο,
1030 4910 1245 4983 πρῶτον
1281 4910 1380 4981 μὲν
1405 4911 1487 4964 ὃτι
1519 4911 1594 4981 μὴ
1626 4909 1873 4982 καθαρὰν

284 5011 454 5065 αὐτοῦ
476 5010 577 5083 τὴν
603 5008 833 5078 θεότητα
857 5008 1043 5077 φέρειν
1069 4999 1180 5058 οἷόν
1200 5020 1285 5071 τες
1310 5003 1446 5077 μηδὲ
1469 5002 1716 5074 χωρητὸν
1735 4997 1875 5057 εἶναι

285 5101 481 5155 τοῦτον
510 5103 624 5163 τοῖς
652 5097 923 5170 ὲμπαθέσι
954 5098 1137 5168 γυμνῇ
1160 5093 1526 5167 προσεγγίσαι
1545 5096 1615 5166 τῇ
1638 5093 1873 5167 θεότητι·

285 5194 480 5246 ἔπειτα
519 5192 595 5256 ὡς
620 5190 687 5245 ἀν
713 5190 806 5244 τὸν
828 5188 1133 5261 ἀρχέκακον
1154 5186 1275 5256 ὅφιν
1300 5183 1712 5257 φρονιμώτατον
1734 5180 1875 5240 εἶναι

281 5282 406 5337 τῶν
435 5284 689 5338 ἁπάντων
718 5280 923 5353 θηρίων
955 5277 1164 5349 νοητῶν
1197 5277 1565 5349 κατοιὸμενον,
1592 5277 1672 5349 τῷ
1697 5295 1876 5349 φαινο-

286 5372 446 5446 μένῳ
475 5374 756 5439 δελεάσας,
790 5374 854 5445 τῇ
902 5371 1080 5442 οἰκείᾳ
1125 5369 1337 5442 θεότητι
1374 5368 1448 5434 ὡς
1493 5370 1550 5423 ἐν
1595 5369 1876 5441 ἀγκίστρῳ

286 5466 614 5539 περιπείρῃ,
645 5465 739 5518 καὶ¹
766 5464 841 5528 ὠς
882 5461 1053 5534 ’Δδάμ
1082 5461 1183 5531 μὲν
1215 5459 1362 5532 αύτῷ
1392 5457 1874 5531 προσπηδήσαντα,

281 5556 385 5619 ὅμως
415 5558 530 5630 Θεῷ
558 5559 614 5612 δὲ
653 5556 1102 5629 ἀντιϐολήσαντα,
1141 5554 1331 5609 τοῦτον
1364 5552 1737 5624 κατανικήσας
1784 5553 1878 5607 καὶ

285 5646 471 5722 ﬁdis;
494 5650 680 5722 ἰκτίλῃ
695 5648 794 5719 τῆς
811 5646 1009 5720 ἀρχῆς.
1035 5666 1054 5699 ι
1077 5645 1169 5718 Τῷ
1197 5645 1324 5717 πέρι
1347 5645 1568 5714 κάρτος,
1594 5661 1614 5693 ι
1637 5660 1690 5700 κ.
1712 5660 1763 5696 τ.
1795 5642 1876 5710 ἐξ.

2905 506 3233 579 [habuissent
3254 513 3436 581 legem,
3458 526 3565 568 etc.

2053 589 2187 657 Quae
2216 604 2475 650 enarrata
2503 604 2652 663 sunt,
2683 596 2760 652 ait
2781 598 3069 668 sapientiae
3103 597 3196 655 Dei
3237 600 3483 667 lucerna,
3501 605 3571 657 si-

1980 699 2048 738 ve
2089 686 2416 754 populorum
2468 690 2714 744 omnium
2755 691 3022 748 transitus
3047 692 3113 747 ad
3154 691 3457 758 Christum,
3490 696 3568 750 si-

1979 787 2045 831 ve
2079 775 2436 846 reliquiarum
2461 776 2627 834 Israel
2662 780 2894 836 salvatio
2926 797 3023 852 per
3048 781 3223 839 'zelum
3260 792 3315 840 et
3349 800 3571 842 conver-

1979 865 2189 922 sionem
2224 868 2290 922 ad
2324 868 2517 936 Deum,
2553 870 2760 926 ultimis
2790 858 3128 943 temporibus
3157 876 3566 933 revelabuntur.

1977 957 2229 1015 Attamen
2259 960 2454 1031 primis
2495 962 2959 1021 manifestationis
3002 966 3275 1022 incarnati
3317 967 3568 1025 Salvato-

1976 1048 2056 1105 ris
2085 1052 2448 1122 temporibus,
2482 1068 2607 1109 cum
2638 1055 2767 1111 hinc
2806 1065 2997 1127 gentes
3027 1058 3155 1114 odio
3198 1060 3354 1116 valde
3382 1065 3577 1117 essent

1975 1156 2093 1212 prae
2131 1142 2322 1199 illicita
2351 1144 2683 1213 idololatria,
2710 1146 2837 1204 inde
2870 1164 2998 1204 vero
3036 1149 3200 1206 Israel
3229 1151 3396 1208 variis
3431 1152 3570 1222 legis

1974 1235 2509 1305 transgressionibus
2546 1236 2715 1292 Deum
2757 1239 3137 1306 iuhonoraret,
3185 1250 3313 1296 tunc
3363 1250 3421 1297 ut
3449 1242 3570 1297 the-

1973 1340 2173 1384 saurus
2201 1328 2482 1385 immensa:
2510 1330 2769 1386 bonitatis
2803 1333 3190 1399 illustraretur,
3221 1343 3431 1389 tantum
3464 1335 3567 1390 hu-

1972 1432 2134 1472 mana
2200 1427 2394 1474 natura
2454 1421 2647 1477 sortita
2695 1431 2781 1477 est
2833 1423 3142 1479 honorem:
3190 1424 3346 1494 juxta
3375 1425 3568 1480 aeterni

1970 1504 2148 1563 Patris
2205 1507 2627 1579 heucplacitum,
2688 1520 3020 1579 cooperante
3088 1509 3296 1583 Spiritu
3347 1520 3563 1578 sancto,

1970 1596 2229 1662 Verbum,
2267 1598 2583 1669 unigenitus
2616 1598 2709 1656 Dei
2745 1599 2935 1666 Filius,
2981 1617 3143 1672 quam
3183 1601 3381 1659 divina:
3406 1602 3563 1658 intel-

1968 1688 2203 1762 ligentiae
2232 1691 2525 1747 scintillam
2571 1693 2640 1747 ab
2671 1692 2828 1748 initio
2867 1708 3066 1749 creans
3092 1693 3367 1750 hominem
3403 1696 3458 1750 in
3492 1697 3567 1766 ip-

1970 1782 2088 1836 sius
2115 1795 2346 1851 corpore
2386 1783 2772 1846 constituerat,
2819 1798 2941 1838 eam
2982 1783 3233 1840 letalibus
3279 1785 3566 1843 erroribus

1973 1879 2290 1927 evacuatam
2329 1885 2581 1936 cernens,
2613 1872 2808 1927 videns
2838 1882 2891 1928 et
2923 1873 3210 1944 tyrannice
3251 1874 3567 1945 opprimen-

1974 1972 2082 2020 tem
2117 1979 2309 2019 omnes
2350 1972 2615 2037 quotquot
2662 1965 2854 2021 vivunt
2900 1966 3194 2021 draconem
3225 1975 3559 2038 apostatam,

1969 2056 2346 2114 misericOrdia
2390 2065 2573 2113 motus
2599 2057 2735 2115 alios
2767 2073 2878 2114 non
2927 2058 3059 2114 sinit
3092 2060 3148 2114 in
3201 2066 3354 2114 tanta
3405 2061 3564 2115 auxi-

1968 2149 2088 2205 liari
2133 2149 2451 2207 inﬁrmitate
2481 2150 2761 2207 destitutis
2793 2168 2809 2205 :
2842 2166 2952 2205 non
2986 2150 3342 2207 sullicitenim
3366 2152 3433 2206 ad
3457 2166 3568 2206 ma-

1968 2253 2197 2308 gnorum
2227 2240 2494 2295 malorum
2520 2255 2707 2296 curam
2749 2240 2864 2296 leve
2893 2241 3196 2296 remedium
3226 2259 3242 2309 ;
3276 2240 3563 2305 nimirum.

1968 2335 2027 2381 ut
2058 2342 2125 2383 ex
2167 2327 2484 2387 hominibus
2504 2331 2797 2387 suscitaret
2829 2330 2930 2386 sibi
2977 2337 3166 2403 gentes
3193 2330 3375 2387 haered
3400 2337 3566 2388 ttern

1968 2434 2147 2475 suam.
2196 2419 2371 2477 Filius
2409 2419 2595 2477 Patris
2624 2421 2744 2477 sine
2776 2429 2974 2486 matre,
2997 2430 3056 2475 ut
3089 2421 3379 2492 imaginem
3410 2436 3566 2476 suam

1966 2509 2258 2566 redimeret
2280 2526 2311 2565 a
2332 2513 2615 2583 tyrannica
2645 2511 3333 2581 possessione,exinanivit
3365 2517 3568 2567 semet-

1968 2601 2148 2672 ipsum
2201 2600 2373 2657 Filius
2414 2602 2653 2658 hominis
2675 2602 2795 2657 sine
2828 2611 2985 2673 patre
3019 2610 3182 2657 natus
3235 2602 3414 2664 nobis,
3467 2616 3567 2656 no-
3612 2628 3615 2631 -

1967 2706 2093 2746 vum
2126 2704 2291 2763 super
2311 2699 2537 2759 terram,
2583 2692 2885 2764 alienigena
2909 2694 3036 2765 quia
3062 2694 3183 2749 sine
3213 2695 3350 2758 viro,
3381 2704 3435 2749 ct
3456 2710 3567 2749 non

1968 2784 2297 2856 alienigena,
2325 2786 2450 2856 quia
2493 2793 2688 2840 natura
2718 2786 2853 2841 mihi
2898 2786 3119 2854 similis,
3147 2787 3265 2858 ipse
3310 2804 3407 2858 per
3439 2784 3566 2843 Vir-

1966 2874 2147 2947 ginem
2213 2870 2459 2932 sanctam
2500 2883 2730 2931 matrem
2769 2877 2946 2934 lactus
2987 2878 3259 2945 mortalis,
3294 2887 3442 2934 totus
3484 2887 3568 2934 to-

1968 2976 2082 3021 tum
2109 2965 2280 3021 Adam
2322 2980 2420 3036 per
2451 2977 2734 3036 peccatum
2767 2966 2982 3037 lapsqu
3014 2969 3337 3039 assumpsit,
3380 2969 3454 3022 ita
3508 2975 3568 3023 ut

1970 3058 2122 3115 omni
2151 3057 2357 3113 homini
2395 3057 2626 3113 salutem
2661 3059 2991 3128 acquireret.
3026 3057 3567 3129 Quamobremjuxta

1973 3152 2119 3223 leges
2153 3149 2379 3205 humani
2418 3150 2656 3220 generis,
2690 3158 2745 3206 et
2773 3149 3013 3205 humano
3041 3150 3226 3222 generi
3277 3151 3505 3217 alienas,
3536 3166 3571 3206 e

1969 3243 2093 3300 sinu
2126 3253 2280 3298 casto
2318 3251 2371 3297 et
2402 3241 2680 3312 virginali,
2741 3256 2775 3296 ο
2808 3241 3009 3297 mirum
3050 3258 3216 3315 supra
3266 3243 3423 3299 ﬁdem
3468 3258 3569 3314 pro

1969 3331 2212 3404 profanis
2295 3332 2658 3389 mortalibus!
2756 3341 3000 3390 internus
3053 3336 3303 3392 mortalis
3388 3334 3567 3394 lactus

1970 3438 2228 3493 egressus
2254 3430 2340 3479 est
2372 3422 2515 3479 Deus
2553 3423 2716 3479 simul
2751 3432 2806 3479 et
2845 3425 3028 3490 homo.
3055 3426 3193 3481 duas
3235 3437 3462 3484 naturas
3512 3430 3568 3483 in

1971 3530 2138 3568 unam
2174 3529 2465 3583 personam
2509 3513 2810 3581 adducens,
2844 3531 3074 3587 quarum
3098 3518 3268 3573 altera
3301 3522 3479 3574 velata
3512 3528 3567 3574 et

1972 3602 2287 3669 invisibilis,
2319 3604 2492 3657 altera
2517 3604 2696 3675 palam
2738 3614 3063 3661 cerneretur
3118 3607 3186 3661 ab
3229 3606 3566 3672 hominibus,

1969 3694 2062 3750 illa
2097 3692 2243 3749 Deus
2283 3702 2432 3749 esset
2464 3693 2698 3764 genitori
2731 3703 2859 3750 ante
2882 3709 3044 3749 omne
3073 3695 3404 3767 principium
3428 3712 3565 3752 con-

1971 3784 2373 3849 substantialis,
2407 3783 2523 3838 haec
2559 3784 2721 3839 homo
2752 3798 2849 3854 per
2875 3785 3214 3840 creationem
3245 3793 3412 3851 esset,
3444 3803 3567 3844 eam

1973 3883 2223 3931 naturam
2249 3889 2374 3930 cum
2405 3881 2597 3939 matre,
2625 3889 2748 3945 qua:
2783 3874 3022 3931 divinam
3051 3876 3259 3947 prolem
3291 3881 3476 3950 genuit
3510 3880 3566 3933 in

1972 3977 2215 4038 tempore
2252 3966 2650 4037 nobiscumque
2689 3966 2947 4024 sortiens.

1971 4061 2037 4117 51
2078 4057 2225 4115 Unus
2251 4058 2390 4115 Deus
2412 4060 2677 4130 utrinque,
2716 4060 2973 4131 siquidem
3006 4062 3193 4117 deitati
3213 4065 3423 4119 mixtus.

1974 4199 2044 4255 52
2085 4195 2152 4253 Et
2172 4196 2327 4251 homo
2356 4210 2448 4265 per
2479 4195 2727 4251 deitatem
2755 4212 2849 4251 rex
2877 4205 2926 4251 et
2949 4193 3194 4253 Christus
3213 4198 3435 4265 exstitit,
3459 4207 3564 4253 etc.

2047 4358 2203 4415 Unus
2231 4357 2397 4424 Deus,
2421 4356 2633 4413 duabus
2656 4363 2918 4413 constans
2970 4356 3184 4414 naturis
3216 4356 3286 4413 ab
3328 4356 3567 4413 homini-

1974 4453 2078 4509 bus
2105 4450 2434 4522 prmdicatur
2482 4448 2760 4505 Christus.
2816 4447 3062 4520 Namque
3101 4450 3156 4504 in
3207 4452 3327 4522 ipso
3372 4459 3568 4506 natura

1977 4543 2225 4598 mortalis
2290 4540 2559 4596 divinitati
2622 4540 2922 4598 secundum
2965 4541 3302 4613 hypostasim
3334 4542 3483 4597 unita
3511 4549 3568 4597 et

1978 4635 2237 4691 divinitas
2262 4633 2586 4688 mirabiliter
2604 4630 2928 4687 humanitati
2952 4632 3268 4702 conjuncta,
3288 4646 3417 4689 ecce
3448 4647 3568 4696 rex,

1979 4724 2146 4792 Deus,
2181 4739 2356 4780 novus
2384 4723 2553 4778 Adam
2606 4725 2764 4788 alter,
2802 4722 3031 4778 alterum
3069 4731 3301 4777 veterem
3364 4726 3568 4777 sanans

1979 4818 2242 4875 creditur.
2284 4815 2376 4871 Sic
2412 4815 2515 4871 sub
2541 4814 2811 4871 velamine
2878 4814 3116 4869 hominis
3153 4813 3326 4869 forma
3368 4826 3571 4885 myste-

1980 4910 2063 4966 rio
2118 4910 2277 4979 plena
2315 4905 2537 4970 latebat,
2568 4906 2745 4977 primo
2774 4905 3017 4975 quidem,
3044 4905 3171 4975 quia
3200 4920 3391 4974 puram
3449 4904 3569 4973 ejus

1980 5000 2319 5059 divinitatem
2379 4998 2520 5052 ferre
2589 4996 2765 5062 nefas,
2812 5009 2989 5065 neque
3032 5009 3155 5050 cum
3193 4994 3570 5052 alfectionihus

1980 5093 2189 5150 nostris
2237 5089 2559 5161 simpliciter
2604 5087 2952 5143 manifestata
2983 5086 3244 5146 divinitas
3279 5091 3609 5174 appropin-

1982 5186 2137 5258 quari
2173 5189 2370 5254 potest.
2401 5179 2608 5235 Deinde
2637 5186 2698 5234 ut
2726 5194 3001 5235 summum
3048 5178 3105 5234 in
3126 5180 3332 5236 malitia
3349 5196 3572 5251 serpen-

1983 5286 2113 5345 tem,
2161 5275 2254 5347 qui
2302 5273 2597 5345 putabatur
2624 5271 3015 5330 callidissimus
3039 5275 3281 5330 omnium
3320 5274 3570 5329 animan-

1983 5370 2117 5424 tium
2150 5365 2502 5437 intelligentia
2534 5364 2906 5436 praeditorum,
2946 5366 3126 5436 specie
3153 5365 3402 5421 delusum
3438 5379 3568 5434 pro-

1982 5460 2102 5531 prio
2174 5458 2395 5513 numine
2454 5456 2612 5527 quasi
2640 5456 2801 5537 hamo
2835 5456 3197 5527 transﬁgeret.
3238 5464 3293 5508 et
3318 5454 3568 5511 eumdem

1985 5554 2280 5608 irruentem
2319 5549 2375 5605 in
2406 5548 2686 5605 Christum
2724 5556 2984 5620 tanquam
3018 5548 3074 5601 in
3115 5545 3408 5615 Adamum,
3449 5554 3573 5601 tan.

1986 5658 2150 5715 quam
2192 5641 2302 5700 Deo
2344 5652 2526 5701 autem
2557 5656 2683 5700 cum
2741 5639 3215 5699 obsecrationibus
3257 5638 3569 5695 obviantem

387 5806 489 5881 (2|)
522 5808 691 5869 Iidem
720 5826 913 5873 versus
957 5815 1282 5885 repetuntur
1320 5821 1493 5868 carm.
1523 5805 1559 5863 2
1591 5804 1694 5881 [1],
1729 5819 1870 5863 vers.

1976 5804 2044 5876 εδ,
2077 5804 2197 5861 ist.
2510 5806 2571 5885 ές,
2592 5834 2645 5873 ςι.
2722 5805 2754 5861 ,’
2856 5838 2903 5860 μ.

2506 5865 2563 5895 ρ.
