4056 6238
446 293 546 349 707

455 413 658 470 victum
695 419 750 467 et
791 408 1021 466 fraetum
1059 410 1315 468 evelleret
1340 425 1408 466 ex
1445 407 1695 480 imperio.
1734 407 1915 465 αἰτοῖιί
1955 425 2046 464 ar—

445 513 592 560 mato
618 519 641 555 ι
675 511 731 559 et
773 517 892 573 seq.
921 502 1060 557 Ante
1079 502 1330 558 eumdem
1369 503 1516 558 enim
1559 501 1833 557 hominem
1865 499 2036 556 Deum

443 595 724 652 Christum
753 595 931 650 victus
969 593 1138 649 draco
1179 595 1453 664 pessimus
1499 595 1850 664 praevalidam
1881 609 2038 649 suam

446 689 715 743 malitiam
747 695 915 758 atque
957 687 1306 758 tyrannidem
1329 688 1466 742 vidit
1518 688 1749 740 fractam
1779 693 1834 741 et
1883 702 2042 742 com-

447 778 738 844 min'utam,
777 779 922 834 sicut
961 778 1133 834 maris
1168 777 1368 832 ﬂuctus
1409 784 1606 832 contra
1659 790 1909 847 aSperam
1948 793 2042 832 ru-

445 887 571 944 pem
597 871 950 927 immobiliter
967 878 1204 926 stantem
1225 870 1615 926 inconcussam
1651 877 1875 926 ruentes
1909 885 2039 925 vor-

449 964 613 1019 ticosi
645 964 980 1034 franguntur
1006 975 1060 1018 ct
1085 962 1388 1018 eliduntur.
1435 971 1442 979 ‘

448 1055 534 1126 60;
567 1039 702 1109 Cum
752 1055 952 1125 prodiit
987 1053 1257 1123 Christus,
1291 1064 1434 1110 terra
1464 1062 1512 1108 et
1536 1053 1730 1109 calum
1757 1054 1830 1108 ad
1861 1062 2039 1138 ortum

1921 1139 2042 1194 ejus

447 1193 513 1250 6|
557 1193 922 1260 Morabantur,
950 1203 1061 1250 etc.

523 1288 789 1343 Altissimi
817 1287 909 1342 Dei
934 1286 1276 1357 unigenitum
1302 1284 1543 1341 Verbum
1577 1285 1724 1349 dicto
1764 1284 1926 1340 modo
1958 1284 2043 1338 fa-

452 1386 604 1434 ctum
643 1386 727 1434 est
759 1379 944 1443 homo,
979 1390 1034 1434 et
1067 1394 1244 1434 novus
1278 1377 1450 1432 Adam
1473 1392 1538 1432 ex
1575 1383 1730 1432 casta
1759 1383 1814 1431 et
1862 1375 2042 1430 virum

453 1471 732 1529 nesciente
764 1469 986 1541 Virgine
1023 1481 1207 1537 natus,
1246 1468 1389 1526 Deus
1435 1477 1488 1524 et
1518 1469 1703 1534 homo,
1737 1468 1806 1523 de
1834 1483 1894 1523 se
1925 1469 2046 1537 ipso

453 1562 630 1620 ﬂuens
672 1570 726 1619 et
774 1562 1049 1618 exsistens
1110 1561 1494 1616 manifestatus
1537 1570 1622 1616 est
1669 1559 1864 1627 nobis;
1902 1559 2046 1614 Deus

453 1653 731 1723 perlectus
753 1662 808 1707 et
835 1651 1114 1722 perfectus
1142 1651 1306 1706 homo
1354 1651 1526 1721 prima
1559 1649 1676 1704 lucc
1731 1647 2044 1704 testimonia

453 1745 568 1800 Deo
605 1744 767 1815 digna
799 1743 997 1798 dabat:
1038 1742 1300 1798 nimirum
1343 1743 1436 1797 ubi
1479 1742 1714 1812 primum
1773 1756 1871 1810 per
1901 1739 2046 1794 nati-

453 1831 680 1885 vitatem
722 1830 1000 1900 apparuit,
1031 1830 1215 1886 statim
1241 1829 1365 1884 caeli
1391 1835 1446 1883 et
1490 1835 1638 1882 terra
1690 1834 2043 1882 contremue-

452 1925 621 1972 runt:
653 1919 779 1974 caeli
823 1918 1028 1972 militia:
1074 1917 1316 1973 cmlestis
1359 1916 1765 1972 multitudinem
1804 1916 1858 1970 in
1928 1915 2045 1986 glo-

453 2008 588 2062 riam
612 2016 669 2064 et
713 2007 931 2063 laudem
970 2016 1102 2063 nato
1125 2007 1432 2073 miserunt;
1463 2015 1607 2062 terra
1637 2021 1769 2062 vero
1799 2021 2043 2062 commo-

453 2107 508 2153 ta
537 2108 623 2155 est
638 2107 896 2170 surgente
927 2099 1088 2155 stella
1108 2106 1163 2153 et
1185 2097 1369 2171 Magos
1385 2097 1681 2154 Persarum
1710 2114 1868 2170 rcges
1901 2099 2043 2152 dona

454 2188 694 2244 ferentes
729 2189 782 2244 in
803 2186 1046 2244 Iudaeam
1070 2187 1307 2244 ducente
1330 2196 1383 2242 et
1409 2188 1464 2242 in
1487 2186 1787 2253 Bethleem,
1807 2185 2043 2242 Parvulo

455 2281 549 2349 qui
588 2287 755 2336 natus
789 2289 873 2336 est
909 2294 1004 2335 rex
1037 2280 1299 2334 honorem
1335 2285 1389 2335 et
1413 2279 1794 2334 adorationem
1826 2278 2045 2333 habitu-

455 2387 570 2428 ros.
615 2370 716 2426 llic
744 2386 878 2444 ergo
913 2387 1067 2427 novae
1095 2378 1149 2428 et
1179 2371 1436 2428 secunda:
1459 2370 1663 2428 Christi
1693 2371 1798 2426 mei
1820 2386 2047 2441 genera-

455 2463 624 2518 tionis
649 2478 854 2530 sermo,
888 2464 1024 2519 adeo
1061 2477 1256 2533 purus,
1289 2463 1520 2517 illustris
1553 2461 1771 2533 Deoque
1824 2462 2043 2531 dignus.

455 2550 606 2607 Nihil
651 2553 707 2607 in
734 2551 839 2608 hoc
875 2553 1155 2608 invenitur
1189 2551 1562 2607 verecundum
1591 2557 1684 2605 aut
1727 2550 2045 2606 indecorum

455 2651 551 2698 aut
591 2642 738 2713 quod
766 2643 1046 2698 sanctitati
1079 2641 1201 2712 ejus
1223 2656 1334 2696 non
1366 2641 1579 2698 deceat.
1640 2639 1876 2696 Peccato
1929 2641 2049 2698 solo

453 2733 733 2790 adllaareat
781 2731 1018 2788 dedecus
1051 2738 1104 2786 et
1133 2731 1451 2803 turpitudo;
1496 2729 1592 2788 sed
1653 2747 1777 2786 cum
1807 2729 2047 2786 Verbum

460 2824 557 2880 Dei
593 2825 827 2881 mortale
863 2823 1066 2880 factum
1093 2832 1205 2891 est,
1255 2833 1367 2884 n‘on
1403 2823 1626 2878 humani
1662 2823 1916 2894 corporis
1968 2824 2050 2878 in-

457 2915 640 2971 Duxus
689 2913 817 2982 fuit,
876 2916 1016 2970 bene
1051 2930 1184 2970 vero
1241 2915 1582 2970 sanctiﬁcata
1645 2931 1744 2985 per
1783 2913 2048 2984 Spiritum

459 3019 627 3061 carne
659 3004 853 3058 matris
899 3012 1105 3058 sanctae
1145 3011 1200 3058 et
1226 3004 1456 3072 virginis
1510 3018 1711 3073 corpus
1738 3004 1924 3058 anima
1956 3019 2047 3058 ra-

459 3093 651 3147 tionali
692 3101 747 3148 et
794 3093 1124 3162 intelligenti
1167 3093 1454 3162 przeditum
1487 3093 1593 3148 sibi
1633 3091 1964 3148 cirumdedit
1994 3102 2048 3148 et

459 3185 586 3240 inde
613 3183 889 3255 processit
916 3202 928 3236 :
960 3199 1124 3253 porro
1173 3185 1278 3254 ipsi
1309 3183 1441 3255 quid
1469 3184 1658 3255 probri
1693 3193 1789 3240 aut
1826 3184 2051 3241 dedeco-

459 3275 540 3328 ris
579 3280 724 3330 esset
749 3274 1073 3345 .secundum
1113 3291 1332 3332 carnem
1371 3278 1522 3332 nasci
1547 3278 1666 3348 lege
1706 3284 1918 3333 natura:
1947 3293 2048 3334 cu-

467 3367 568 3438 jus
601 3365 719 3436 ipse
761 3375 977 3422 creator
1014 3375 1157 3433 erat,
1200 3375 1253 3424 et
1303 3369 1611 3439 piaculares
1641 3385 1741 3441 pro
1781 3385 1869 3426 me
1915 3371 2049 3426 tole-

460 3473 586 3512 rare
605 3471 797 3527 poenas
827 3457 984 3528 juxta
1015 3459 1186 3530 legem
1217 3460 1376 3530 cujus
1401 3471 1516 3516 erat
1571 3461 1689 3532 ipse
1736 3462 2050 3532 legislalor?

461 3548 677 3606 Etenim
727 3550 1188 3620 quemadmodum
1221 3553 1406 3607 omnia
1458 3563 1668 3609 naturae
1709 3553 1908 3610 honori
1953 3555 2049 3611 ha-

462 3641 629 3708 bens,
685 3650 938 3696 naturam
1001 3649 1249 3698 nostram
1295 3645 1502 3714 absque
1543 3653 1771 3716 peccato
1832 3663 2048 3704 assum-

464 3742 670 3803 pserat,
695 3733 766 3787 ita
785 3742 840 3790 et
868 3741 1074 3789 statuta
1091 3735 1277 3805 inlege
1306 3735 1488 3791 omnia
1515 3739 1746 3809 accepit,
1769 3738 1884 3795 sive
1912 3755 2048 3810 qua-

463 3825 510 3880 si
557 3825 882 3896 pacdagogus
934 3825 1052 3896 ipse
1105 3825 1574 3882 sanctificatorum
1621 3843 1652 3882 a
1699 3828 1884 3900 seipso
1936 3829 2047 3886 sol-

461 3933 595 3973 vens
635 3917 837 3982 debita,
868 3917 985 3972 sive
1017 3917 1378 3988 expiatoriam
1431 3919 1607 3990 legem
1637 3918 1959 3988 adimplens,
1993 3931 2048 3976 et

465 4009 587 4064 ideo
629 4023 755 4063 cum
799 4009 886 4064 lex
940 4009 1011 4064 ob
1043 4009 1416 4064 inﬁrmitatem
1462 4011 1691 4068 cedebat
1725 4009 2044 4084 perfectioni

462 4102 652 4174 gratia:
679 4116 842 4173 quam
873 4101 1053 4156 attulit
1079 4099 1432 4172 Evangelium
1469 4117 1726 4173 suprema
1789 4104 1876 4176 pia
1936 4105 2046 4161 sol~

466 4210 620 4260 vens,
649 4203 708 4248 ut
729 4194 972 4264 loquitur
991 4192 1213 4249 divinus
1241 4192 1501 4264 scriptor.

467 4368 540 4423 72
644 4367 926 4438 Pastquam
1003 4367 1184 4440 magni
1265 4370 1480 4424 luminis
1558 4371 1902 4442 prwfulgcnte
1962 4373 2045 4426 ιιι-

1628 4442 1834 4514 [εεηια.
1862 4450 1972 4498 ctc.

535 4551 675 4608 Ante
709 4551 922 4624 fulgens
948 4552 1083 4608 solis
1101 4553 1308 4617 lumen,
1329 4561 1456 4610 ante
1478 4553 1642 4611 Verbi
1665 4571 1880 4624 vocem,
1911 4557 2049 4612 ami-

465 4658 565 4699 cus
587 4644 776 4716 sponsi
809 4658 1156 4714 prmcurrens
1191 4643 1494 4699 secundum
1535 4647 1874 4704 nativitatem
1906 4665 2045 4720 prae-

464 4734 712 4790 cucurrit
755 4741 812 4788 et
861 4733 1176 4805 evangelica
1227 4735 1610 4805 praedicatione
1637 4746 1691 4793 ct
1752 4741 1901 4810 regni
1939 4755 2052 4795 ca:-

467 4827 640 4880 lorum
683 4824 1119 4892 annuntiatione,
1153 4840 1258 4879 vox
1283 4826 1574 4884 clamantis
1598 4828 1653 4882 in
1671 4829 1890 4886 deserto
1916 4846 2048 4902 pro-

463 4929 531 4985 pe
569 4930 692 4968 esse
711 4914 879 4970 Deum
913 4923 968 4970 et
992 4916 1272 4973 Christum
1305 4934 1508 4987 meum,
1561 4921 1630 4975 ad
1686 4937 1846 4978 aures
1878 4937 2051 4994 popu-

462 5004 643 5058 lorum
674 5009 1143 5085 concurrentium,
1166 5016 1220 5063 et
1248 5010 1383 5067 istos
1415 5011 1698 5083 baptizans
1730 5014 1782 5068 in
1811 5012 2051 5071 Jordane

462 5092 532 5146 ad
562 5097 867 5167 parandum
917 5100 1206 5157 adventum
1249 5104 1371 5175 ejus
1417 5104 1750 5175 puriﬁeavit,
1812 5115 1866 5163 et
1929 5107 2052 5178 Ipse

463 5186 651 5244 statim
680 5200 812 5242 voce
839 5193 1200 5259 praecursoris
1239 5197 1524 5252 nuntiatus
1574 5207 1628 5252 et
1673 5199 2049 5254 testimonium

461 5277 742 5348 accipiens
772 5278 990 5333 obviam
1018 5283 1166 5337 venit
1196 5283 1456 5356 Baptistae
1475 5295 1528 5343 et
1559 5287 1628 5342 ab
1659 5290 2051 5360 eobaptizatus

463 5377 575 5434 est,
618 5369 799 5441 majus
867 5385 1031 5441 quam
1097 5373 1338 5434 Joannes
1409 5393 1439 5432 a
1480 5376 1688 5449 Spiritu
1749 5380 1931 5439 Patris
1972 5393 2054 5440 te-

460 5462 788 5518 stimonium
823 5463 1035 5519 habuit.
1066 5463 1187 5535 ipse
1226 5469 1436 5527 medius
1461 5456 1603 5526 viam
1635 5474 1882 5528 cucurrit
1913 5476 2052 5534 duos

459 5562 605 5609 inter
635 5558 889 5628 populos,
943 5559 1095 5614 illum
1130 5561 1222 5631 qui
1260 5578 1429 5634 prope
1472 5581 1534 5620 ex
1572 5565 1759 5630 Israel,
1810 5575 1864 5622 et
1886 5567 2050 5623 istum

461 5642 557 5711 qui
597 5643 810 5718 alonge
837 5657 956 5704 erat
984 5665 1049 5706 ex
1079 5652 1358 5722 gentibus.
1427 5653 1752 5711 Communis
1796 5657 1940 5710 enim
1998 5665 2053 5712 et

462 5733 744 5805 angularia
769 5736 1145 5822 laniielectus
1183 5751 1236 5798 et
1276 5743 1551 5814 pretiosus
1595 5744 1754 5802 Iesus
1788 5745 2042 5806 Christus

1769 351 1772 354 .
1805 291 2103 351 NICETAS
2137 291 2345 349 DAVID

3627 295 3734 353 708

2152 409 2289 481 Περὶ
2319 411 2478 465 αὐτὸν
2508 412 2614 483 γὰρ
2642 412 2731 467 τόν
2761 412 3107 486 θεόινθρωπον
3125 415 3363 486 Χριστὸν
3383 416 3443 470 τὸ
3465 415 3563 487 τῆς
3593 416 3732 473 ἰδίας

2144 503 2342 566 κακίας
2373 503 2572 572 κράτος
2596 505 2690 557 καὶ
2718 504 2815 576 τὴν
2858 505 3147 576 τυραννίδα
3174 507 3203 558 ό
3243 506 3499 578 πανώλης
3531 507 3730 576 ἔμελλε

2141 593 2357 663 δράκων
2380 594 2634 659 ἑαλωκὼς
2656 596 2906 662 κατάξειν
2925 615 2985 649 τε
3008 599 3101 651 καὶ
3122 599 3513 669 καταῤῥάξειν,
3535 598 3732 670 ὥσπερ

2141 685 2206 756 δὴ
2249 686 2345 738 καὶ
2387 685 2631 740 θάλασσα
2667 688 2796 757 περὶ
2829 689 3085 759 τραχεῖαν
3119 689 3326 765 πέτραν
3359 691 3455 743 καὶ
3501 691 3732 762 ἰσχυρὰν

2143 777 2241 830 καὶ
2283 775 2560 830 ἀνένδοτον
2585 778 2647 831 τὺ
2677 780 2848 850 αὐτῆς
2873 779 3041 852 -κῦμα
3075 779 3498 853 προσρήσσουσα
3533 783 3732 853 περιά-

2142 884 2334 936 γνυται
2361 870 2458 923 καὶ
2489 868 2661 924 καταθ
2671 869 2913 942 ραύεται.

2145 1046 2216 1102 60
2265 1047 2363 1113 Ὦς
2387 1045 2603 1116 ἐφάνη,
2635 1045 2771 1116 γαῖα
2788 1045 2859 1100 δὲ
2882 1045 2991 1118 καὶ⁸
3012 1046 3270 1115 οὐρανός
3289 1047 3439 1116 ἀμφὶ
3469 1046 3733 1118 γενέθλη

2146 1179 2208 1233 61
2253 1176 2472 1242 Σείετο,
2505 1177 2626 1232 κτλ.

2226 1266 2289 1322 '0
2317 1269 2413 1339 μὲν
2445 1266 2538 1319 τοῦ
2566 1265 2789 1333 ὑψίστου
2833 1265 2967 1321 Θεοῦ
3001 1258 3295 1339 μονογενὴς
3328 1269 3497 1338 Λόγος
3525 1270 3615 1324 τὸν
3648 1273 3736 1326 εί-

2149 1378 2216 1433 ρη
2225 1360 2382 1432 μένον
2406 1359 2701 1430 ἀνδρωθεὶς
2723 1357 2943 1430 τρόπον,
2979 1360 3073 1413 καὶ
3102 1361 3218 1425 νέος
3258 1360 3426 1432 Ἀδὰμ
3455 1361 3514 1425 ἐξ
3559 1362 3733 1433 ἁγνῆς

2148 1454 2242 1506 καὶ
2275 1452 2622 1522 ἀνυμφεύτου
2658 1451 2829 1522 κόρης
2850 1449 3112 1519 γεγονὼς,
3141 1449 3275 1514 Θεὸς
3300 1453 3395 1505 καὶ
3421 1452 3732 1524 ἄνθρωπος,

2149 1543 2464 1614 αὐτοπαγὴς
2489 1541 2523 1614 ἢ
2569 1541 2978 1606 αὐθυπόστατος
3020 1541 3288 1611 ὲπέφανεν
3327 1544 3453 1614 ἡμῖν
3473 1560 3486 1573 °
3512 1544 3594 1597 ὅτι
3626 1545 3670 1596 δ’
3698 1547 3736 1598 ὁ

2150 1634 2311 1696 αὐτὸς
2363 1635 2457 1687 καὶ
2501 1633 2636 1697 Θεὸς
2679 1631 2883 1695 τέλειος
2929 1632 3023 1685 καὶ
3064 1632 3268 1697 τέλειος
3311 1633 3595 1704 ἄνθρωπος
3636 1631 3734 1707 ἦν,

2151 1728 2346 1798 πρῶτα
2371 1727 2646 1798 τεκμήρια
2675 1725 2848 1779 ταῦτα
2878 1724 3245 1789 ἀξιοθεώτατα
3270 1725 3592 1799 παρέσχετο.
3619 1727 3737 1781 Καὶ

2148 1814 2257 1884 γὰρ
2283 1812 2401 1883 ἅμα
2443 1812 2659 1883 πρῶτον
2688 1812 2775 1865 διά
2817 1812 3124 1881 γεννήσεως
3154 1811 3410 1882 ὲπέφανε,
3443 1817 3538 1868 καὶ
3575 1816 3606 1869 ό
3636 1816 3735 1870 οὗ-

2150 1904 2318 1977 ρανδςι
2335 1903 2498 1966 εῦθὺς
2525 1900 2814 1973 ἀνεσείσθη
2849 1901 2945 1955 καὶ
2967 1903 2999 1973 ἠ
3024 1903 3124 1972 γῆ·
3153 1903 3212 1956 οὐ
3223 1904 3380 1974 ρανδς
3404 1905 3500 1976 μὲν
3524 1905 3734 1976 πλῆθος

2149 1995 2408 2065 στρατιᾶς
2438 1993 2698 2066 οὐρανίας
2739 1994 2819 2057 εἷς
2851 1992 3158 2062 δοξολογίαν
3201 1997 3296 2048 καὶ
3324 1995 3528 2050 αἴνεσιν
3562 1997 3735 2068 προῦο

2149 2103 2336 2156 πεμπε
2382 2085 2460 2156 τῷ
2494 2084 2839 2156 γεννωμένῳ,
2878 2087 2912 2155 ἡ
2948 2086 3018 2155 γῆ
3059 2085 3114 2138 δὲ
3150 2086 3458 2150 σεσάλευτο,
3502 2088 3734 2159 ἀστέρος

2147 2176 2207 2240 ἐξ
2237 2175 2503 2245 ἀνατολῆς
2531 2176 2875 2246 ἀνασχόντος,
2908 2177 3000 2230 καὶ
3029 2177 3222 2247 μάγοις
3247 2177 3354 2229 τῶν
3384 2177 3608 2248 Περσῶν
3641 2179 3734 2248 βα-

2149 2267 2356 2321 σιλεῦσι
2385 2267 2713 2338 δωροφόροις
2737 2267 2816 2332 είς
2844 2268 2942 2339 τὴν
2980 2268 3241 2322 Ἰουδαίαν
3273 2269 3378 2338 γῆν
3412 2269 3729 2341 καθηγησα-

2152 2359 2312 2429 μένου
2337 2357 2432 2412 καὶ
2469 2357 2568 2428 τὴν
2610 2358 2860 2430 Βηθλεὲμ
2883 2360 2963 2422 είς
2993 2359 3093 2432 τὴν
3133 2357 3226 2413 τοῦ
3266 2362 3542 2430 νεογενοῦς
3575 2361 3732 2432 βασι-

2147 2451 2285 2516 λέως
2329 2451 2702 2524 προσκύνησιν
2752 2449 2848 2506 καὶ
2875 2453 3058 2523 τιμήν.
3102 2452 3162 2505 '0
3196 2452 3293 2523 μὲν
3331 2450 3425 2506 οὖν
3462 2454 3559 2524 τῆς
3600 2455 3730 2518 νέας

2149 2539 2244 2593 καὶ
2273 2540 2531 2610 δευτέρας
2556 2539 2651 2593 τοῦ
2683 2541 2816 2611 ἐμοῦ
2847 2541 3084 2611 Χριστοῦ
3112 2543 3417 2613 γεννήσεως
3449 2543 3605 2612 λόγος
3635 2538 3727 2598 οὗ·
3818 2613 3836 2616 ν-

2149 2647 2240 2694 τος
2267 2629 2362 2683 καὶ
2385 2629 2527 2682 οὕτω
2551 2629 2791 2701 καθαρὸς
2816 2632 2911 2685 καὶ
2930 2630 3071 2686 οὕτω
3103 2632 3352 2704 λαμπρὸς
3380 2635 3474 2688 καὶ
3507 2636 3729 2707 θεοπρε-
3817 2615 3822 2618 ⁸

2151 2724 2288 2794 πής⁶
2319 2723 2565 2793 ἄσχημον
2597 2721 2652 2774 δὲ
2697 2721 2732 2792 ἢ
2779 2721 3026 2794 ἀπρεπὲς
3059 2723 3152 2776 καὶ
3193 2723 3292 2794 τῆς
3341 2727 3729 2796 ἁγιοπρεπείας

2150 2812 2318 2866 αὐτοῦ
2353 2813 2568 2877 ἀνάξιον
2610 2813 2796 2865 οὐδέν·
2831 2813 2966 2884 μόνη
2991 2813 3100 2885 γὰρ
3140 2815 3495 2887 ἀσχημοσύνη
3529 2818 3621 2870 καὶ
3649 2820 3734 2870 αἱ·

2154 2907 2388 2978 σχρότης
2410 2908 2444 2977 ἡ
2479 2906 2722 2977 ἁμαρτία
2749 2905 2986 2976 ὑπάρχει
3014 2906 3215 2978 δηλαδή
3234 2923 3250 2938 ’
3280 2907 3358 2978 τῷ
3379 2909 3534 2979 Λόγῳ
3552 2909 3607 2964 δὲ
3633 2908 3728 2962 τοῦ

2153 2995 2288 3049 Θεοῦ
2311 2998 2412 3052 οὐκ
2435 2995 2752 3068 ἀνθρωπίνῃ
2775 2995 3025 3066 σώματος
3049 2997 3201 3067 ῥύσει
3236 2999 3576 3072 βροτουμένῳ
3595 3018 3609 3031 ο
3639 3002 3730 3054 αὑ-

2153 3087 2243 3151 τὸς
2280 3087 2390 3158 γάρ
2421 3086 2626 3150 ἐκεῖνος
2652 3089 2717 3140 ὲκ
2748 3087 2949 3158 σαρκὸς
2977 3089 3310 3161 ἡγνισμένης
3338 3091 3415 3161 τῷ
3449 3093 3730 3163 Πνεύματι

2155 3178 2250 3231 καὶ
2273 3176 2508 3248 μητέρος
2541 3175 2700 3245 ἁγίας
2721 3178 2814 3230 καὶ
2843 3178 3176 3250 παρθενικῆς
3197 3181 3368 3251 ἑαυτῷ
3401 3182 3554 3252 σῶμα
3577 3185 3726 3257 ψυχῇ

2153 3268 2344 3340 λογικῇ
2372 3268 2465 3321 καὶ
2485 3284 2570 3321 vos
2581 3269 2646 3339 ρᾷ
2670 3267 2950 3339 χρώμενον
2973 3270 3405 3342 πεμπηξάμενος
3429 3271 3723 3342 προῆλθεν·

2157 3361 2333 3432 τούτῳ
2368 3359 2421 3430 γ’
2448 3354 2540 3414 οὖν
2570 3361 2722 3423 ποῖος
2752 3361 2940 3432 μῶμος
2966 3363 2998 3432 ἢ
3030 3357 3210 3433 αἷσχος
3235 3362 3372 3417 κατὰ
3397 3364 3572 3433 σάρκα
3595 3382 3727 3433 γεν.

2153 3451 2380 3523 νωμένῳ
2401 3452 2551 3522 νόμῳ
2577 3451 2676 3523 τῆς
2716 3452 2952 3522 φύσεως,
2980 3449 3048 3525 ἧς
3075 3453 3232 3516 αὐτὸς
3272 3453 3600 3527 δημιουργὸς
3630 3452 3731 3530 ἦν,

2154 3543 2248 3596 καὶ
2282 3543 2595 3614 καθαρσίων
2646 3544 2787 3615 ὑπὲρ
2826 3544 2960 3614 ἐμοῦ
3008 3545 3316 3617 ἀνεχομένῳ
3367 3546 3508 3600 κατὰ
3544 3551 3733 3620 νόμον,

2153 3628 2213 3688 οῦ
2242 3633 2540 3706 νομοθέτης
2567 3633 2726 3699 αὐτὸς
2751 3631 2848 3704 ἦνς
2881 3635 2992 3688 Καὶ
3018 3635 3128 3707 γὰρ
3167 3634 3353 3709 ὥσπερ
3387 3638 3457 3692 τὰ
3495 3639 3594 3711 τῆς
3625 3640 3734 3710 φύ-

2155 3744 2293 3790 σεως
2320 3727 2498 3780 πάντα
2533 3726 2730 3797 τιμῶν,
2765 3727 2863 3798 τὴν
2894 3728 3052 3799 ἡμῶν
3078 3730 3239 3800 φύσιν
3261 3733 3428 3802 χωρὶς
3457 3733 3734 3805 ἁμαρτίας

2154 3817 2517 3871 καταδέδεκτο
2539 3834 2553 3849 ·
2585 3817 2726 3871 οὕτω
2755 3819 2850 3872 καὶ
2887 3819 2957 3873 τὰ
3001 3824 3447 3894 προστεταγμένα
3472 3824 3550 3895 τῷ
3582 3824 3736 3896 νόμῳ

2152 3908 2331 3962 πάντα
2362 3907 2704 3973 κατεδέξατο,
2741 3908 2774 3980 ἦ
2805 3909 2882 3973 ὡς
2919 3912 3252 3983 παιδαγωγῷ
3286 3913 3398 3968 ὄντι
3441 3914 3548 3967 τῶν
3575 3916 3740 3984 ἡγια-

2155 3997 2366 4068 σμένων
2401 3998 2492 4052 ὑπ’
2517 3997 2664 4069 αὐτῷ
2685 3999 2752 4052 τὰ
2781 3999 3086 4072 θρεπτήρια
3122 4003 3623 4075 ἀποτιννόμενος,ἢ
3657 4005 3739 4067 ὡς

2153 4091 2524 4161 ὑποχωροῦντι
2574 4089 2662 4144 διὰ
2703 4092 2804 4161 τὴν
2851 4092 3099 4147 ἀτέλειαν
3144 4097 3211 4166 τῇ
3242 4096 3341 4166 τῆς
3381 4097 3603 4166 χάριτος
3641 4094 3739 4149 τοῦ

2151 4179 2484 4249 Εὐαγγελίου
2513 4181 2810 4251 τελειότητι
2841 4182 2909 4236 τὰ
2946 4186 3401 4257 προπεμπτήρια,
3441 4185 3517 4249 ὣς
3568 4203 3742 4256 φησιν

2152 4269 2179 4322 ὁ
2205 4268 2580 4335 θεόπνευστος,
2608 4271 3019 4342 ἀφοσιούμενος.

2155 4375 2222 4430 72
2255 4378 2452 4447 Αὐτὰρ
2502 4377 2631 4433 ἐπεὶ
2677 4379 2962 4451 μεγάλοιο
3014 4381 3207 4452 φάους
3249 4384 3568 4525 ἐριῐιαμπέτ
3606 4388 3740 4510 iw-

3359 4472 3501 4522 χνῳ,
3537 4473 3606 4508 κτ
3646 4495 3662 4510 .

3359 4472 3501 4522 χνῳ,
3537 4472 3662 4510 κτλ.

2231 4561 2385 4613 Ἐπεὶ
2415 4560 2492 4624 δὲ,
2519 4562 2684 4633 φησὶν
2720 4563 2748 4616 ό
2781 4563 3253 4634 θεολογικὼτατος,
3293 4566 3370 4638 τῷ
3396 4570 3744 4642 φαεινοτάτῳ

2149 4652 2328 4723 λύχνῳ
2363 4653 2457 4706 τοῦ
2482 4653 2654 4724 ἡλίου,
2701 4657 2768 4725 τῇ
2797 4659 2946 4727 φωνῇ
2998 4658 3090 4710 τοῦ
3123 4659 3317 4726 Λόγου,
3344 4660 3422 4730 τῷ
3463 4661 3606 4730 φίλῳ
3639 4662 3744 4715 τοῦ
3776 4641 3784 4648 κ

2149 4749 2403 4819 νυμφίου,
2427 4747 2782 4818 προτρέχοντι
2804 4750 2945 4803 κατὰ
2962 4749 3059 4819 τὴν
3082 4751 3351 4823 γέννησιν,
3376 4753 3748 4824 προτρέχοντι

2152 4839 2293 4894 κατά
2331 4841 2428 4911 τὴν
2462 4839 2821 4912 εὐαγγελικὴν
2847 4839 3067 4911 διδαχὴν
3097 4841 3190 4894 κοιλ¹
3223 4843 3320 4912 τῆς
3354 4844 3461 4895 τῶν
3487 4844 3751 4914 οὐρανῶν

2152 4930 2428 5001 βασιλείας
2464 4929 2817 5002 ἀνακήρυξιν,
2847 4931 2946 4984 καὶ
2977 4933 3034 4985 ὲν
3064 4933 3255 5004 ἐρήμῳ
3305 4933 3444 5005 μέσῃ
3476 4934 3567 4986 τὸν
3602 4937 3750 5005 ἐμὸν

2150 5023 2282 5076 Θεὸν
2312 5023 2404 5075 καὶ
2438 5022 2670 5091 Χριστὸν
2701 5021 2940 5090 ἐγγίζειν
2977 5022 3167 5092 βοῶντι
3196 5024 3334 5095 πρὸς
3362 5025 3488 5088 τοὺς
3520 5027 3609 5078 ἐπ’
3636 5031 3750 5082 αὺ-

2149 5114 2240 5167 τὸν
2270 5113 2655 5185 συντρέχοντας
2679 5113 2863 5177 λαοὺς,
2885 5114 2978 5177 οὓς
2995 5116 3092 5196 καὶ
3116 5116 3393 5185 βαπτίζων
3416 5119 3473 5169 ὲν
3493 5117 3572 5188 τῷ
3612 5121 3754 5192 τωρ.

2151 5207 2283 5278 δάνῃ
2333 5206 2468 5276 πρὸς
2510 5207 2609 5277 τὴν
2655 5205 2922 5278 ὑποδοχὴν
2961 5208 3169 5260 ἐκείνου
3218 5209 3615 5282 προεκάθαιρε,
3646 5216 3754 5268 καὶ

2149 5295 2311 5358 αὐτὸς
2336 5294 2536 5372 εὐθέως
2552 5295 2739 5349 λοιπὸν
2763 5298 2790 5349 ό
2812 5298 3210 5370 κηρυττόμενος
3231 5300 3326 5352 καὶ
3351 5303 3758 5374 μαρτυρούμε-

2153 5401 2242 5449 νος
2269 5385 2346 5456 τῷ
2381 5385 2694 5456 βαπτίζοντι
2721 5389 3027 5458 παραστὰς,
3057 5390 3150 5443 καὶ
3174 5391 3488 5461 βαπτισθεὶς
3516 5395 3611 5446 ὑπ’
3644 5399 3753 5450 αὑ-

2153 5475 2268 5542 τοῦ,
2305 5476 2475 5547 μείζω
2526 5478 2580 5531 δὲ
2615 5479 2714 5548 τῆς
2755 5481 3002 5534 Ίωάννου
3042 5482 3137 5554 τὴν
3183 5484 3452 5554 πατρόθεν
3503 5485 3613 5538 ὑπὸ
3647 5490 3756 5543 τοῦ

2154 5569 2471 5640 Πνεῦματος
2493 5573 2946 5645 καταδεδεγμένος
2973 5577 3296 5648 μαρτυρίαν,
3321 5579 3483 5642 αὐτὸς
3505 5579 3608 5648 μὲν
3629 5583 3757 5636 τῶν

2154 5661 2247 5715 δύο
2265 5663 2426 5733 μέσος
2448 5666 2780 5738 πεπόρευται
2801 5668 2966 5734 λαῶν,
2986 5667 3080 5722 τοῦ
3097 5687 3154 5723 τε
3173 5669 3405 5740 πλησίον
3430 5670 3488 5738 ἐξ
3518 5672 3760 5750 Ἰσραὴλ

2153 5752 2366 5810 καὶτοῦ
2398 5755 2678 5829 πόρρωθεν
2700 5759 2925 5828 ἥκοντος
2955 5761 3017 5816 ὲκ
3046 5761 3154 5817 τῶν
3183 5762 3372 5817 ἐθνῶν.
3403 5761 3598 5828 Keue;
3624 5763 3757 5833 γὰρ
