4056 6238
227 276 337 334 709

234 399 332 450 ναὶ
381 389 774 463 ἀκρογωνιαῖος
817 388 959 452 λίθος
1011 388 1262 452 ἐκλεκτὸς
1306 390 1400 443 καὶ
1450 389 1665 461 ἔντιμος
1701 390 1806 460 ’1η-

238 484 366 548 σοῦς
393 485 422 536 ὁ
449 483 490 534 Χ
500 481 682 552 ρι’στὸς
712 483 770 532 ἐν
801 483 866 550 τῇ
901 479 1036 532 Σιὼν
1067 479 1250 550 ἐτέθη,
1278 481 1363 549 ἐφ’
1402 481 1592 534 ἑαυτὸν
1621 482 1810 534 ἑκατέ-

234 591 364 648 ρους
392 574 471 636 είς
511 572 568 624 ἒν
601 571 832 625 συνδέων
859 572 983 634 τοὺς
1026 571 1221 635 λαούςο
1263 571 1449 641 ὥσπερ
1490 573 1548 625 δὲ
1587 571 1811 643 πνεῦμα

227 662 300 738 ἦν
337 667 366 717 ὁ
393 664 556 726 αὐτὸς
587 662 681 715 καὶ
703 662 857 732 σὰρξ,
881 662 1023 714 οῦτω
1055 662 1149 716 καὶ
1168 661 1434 732 κάθαρσιν
1464 665 1576 726 τοῖς
1600 663 1809 734 ἀνθρώ-

229 774 358 820 ποις
398 755 696 826 παρέχεται
737 753 942 824 διττὴν,
971 754 1068 824 τήν
1095 770 1156 805 τε
1192 751 1287 805 τοῦ
1326 752 1528 817 ζῶντος
1557 752 1809 824 Πνεύμα-

225 865 345 910 τος,
379 839 423 914 ᾧ
446 846 538 899 καὶ
563 845 622 898 τὸ
652 844 793 915 ὕδωρ
820 842 913 897 τοῦ
946 843 1318 916 βαπτίσματος
1358 844 1600 899 κάτωθεν
1635 843 1808 916 παρέ-

228 956 413 1001 πεται,
435 934 536 1004 τήν
559 953 619 990 τε
646 935 737 988 τοῦ
762 935 992 1005 αἵματος
1007 934 1242 1006 Χριστοῦ
1264 934 1356 988 τοῦ
1380 935 1634 1005 χυθὲντος
1663 936 1805 1008 ὑπὲρ

217 1032 264 1098 ,ἡ
273 1029 389 1098 μῶν
414 1030 473 1081 ἐν
497 1027 575 1098 τῷ
593 1025 808 1099 σταυρῷ
833 1041 847 1054 ⁸
865 1025 1021 1080 τοῦτό
1048 1027 1165 1079 ὲστι
1191 1026 1252 1080 τὸ
1272 1020 1408 1098 αἷμα
1427 1028 1461 1098 ἡ
1490 1027 1588 1096 τῆς
1613 1027 1804 1099 διαθή-

226 1138 337 1190 κης
367 1121 467 1190 τῆς
491 1119 682 1190 καινῆς
705 1119 960 1189 σφραγὶς,
985 1119 1014 1172 ὂ
1037 1119 1101 1190 δὴ
1131 1119 1313 1190 ρύσιὸν
1347 1137 1404 1172 τε
1436 1120 1526 1173 καὶ
1557 1119 1804 1191 λυτήριον

222 1213 341 1268 τῶν
361 1212 453 1266 τοῦ
485 1211 824 1282 προπάτορός
869 1211 1018 1264 ἐστιν
1054 1211 1364 1282 ἀρχεγόνων
1394 1212 1605 1278 παθῶν,
1650 1212 1806 1266 τοῦτο

221 1343 306 1399 εε
338 1343 406 1395 El
431 1340 549 1410 μὲν
575 1339 652 1409 δὴ
675 1339 762 1411 μὴ
797 1341 1046 1408 τρεπτός
1085 1341 1197 1408 ἔην
1233 1341 1473 1409 βροτὸς,
1503 1342 1638 1396 ἀλλ’
1663 1342 1804 1396 ἀδά-

799 1420 801 1422 ’
1305 1411 1576 1482 [μαστος,
1608 1412 1726 1467 κτλ.

303 1524 370 1579 Et
397 1523 612 1596 ἀληθῶς
633 1523 739 1594 ἄρα
764 1523 825 1576 ού
850 1523 1080 1595 τρεπτδς
1105 1523 1242 1577 ἀλλὰ
1266 1524 1534 1596 ἄτρεπτος
1557 1525 1650 1578 καὶ
1675 1527 1804 1596 ἀμε-

221 1615 488 1686 τακλινὴς
521 1614 612 1668 ἐπὶ
649 1614 709 1667 τὸ
738 1616 916 1685 χεῖρον
945 1615 1118 1683 ἔγωγε
1150 1615 1562 1685 πὲπ).ασμαι,ὲκ
1589 1615 1804 1686 προσώ-

227 1725 339 1761 που
362 1707 462 1777 τῆς
495 1692 912 1778 ἀνθρωπότητος
969 1709 1002 1776 ἡ
1037 1707 1356 1778 θεορρἠων
1385 1706 1606 1775 γλῶσσά
1647 1725 1799 1777 φησι,

227 1797 399 1869 μόνος
422 1798 487 1852 ἂν
514 1798 740 1870 ἐδεόμην
763 1797 863 1868 τῆς
886 1792 1261 1865 σωτηριώδους
1279 1796 1372 1849 τοῦ
1405 1797 1538 1850 Θεοῦ
1563 1799 1800 1868 ἐντολῆςο

229 1892 268 1962 ἢ
297 1890 736 1962 περιφρουροῦσα
752 1889 843 1943 κα)⁸
863 1880 1107 1952 σώζουσα
1122 1891 1202 1952 είς
1222 1890 1362 1959 μέγα
1382 1889 1447 1943 ἀν
1471 1908 1538 1960 με
1567 1892 1805 1964 προῆγεν

230 1981 446 2052 ῦψοῦσα
474 1981 632 2049 δόξης
672 1997 731 2033 τε
777 1979 868 2032 καὶ
906 1981 1104 2050 τιμῆςο
1142 1980 1236 2032 νῦν
1268 1979 1323 2032 δὲ
1354 1981 1538 2054 ἐπειδὴ
1592 1984 1688 2052 ούχ
1730 1984 1805 2047 ὡς

229 2070 368 2123 Θεὸν
403 2069 752 2140 ἀμετάθετον,
795 2069 909 2123 ἀλλ’
937 2069 1012 2132 ὡς
1062 2067 1198 2132 ζῶον
1248 2069 1462 2125 ἔκτισεν
1506 2073 1805 2142 εύμετάϐο-

230 2162 348 2222 λον,
372 2162 658 2233 ἀμφιρεπῆ
685 2178 744 2213 τε
765 2160 944 2214 κλιτόν
965 2177 1044 2223 τε,
1076 2161 1162 2214 ἐπ’
1180 2161 1381 2231 ἀρετήν
1406 2179 1465 2214 τε
1491 2162 1584 2215 καὶ
1609 2163 1806 2218 κακίαν

232 2255 437 2322 ὁμοίως
465 2253 650 2325 ῥέπειν
686 2252 777 2306 καὶ
812 2250 1204 2314 ἐπικλίνεσθαι,
1232 2253 1538 2324 ὁποτέρωσε
1581 2254 1802 2321 νεύσειε,

231 2342 546 2411 δυνάμενον,
574 2341 662 2395 διὰ
691 2340 847 2396 τοῦτο
867 2343 959 2396 καὶ
989 2342 1197 2395 πλείοσι
1229 2342 1564 2414 βοηθήμασιν
1587 2344 1663 2408 ὡς
1693 2346 1808 2414 φιλ-

231 2434 437 2500 ἁγαθος
474 2433 825 2504 ύποστηρίζει
846 2451 859 2464 ⁸
893 2434 1001 2487 τῶν
1051 2433 1409 2505 βοηθημάτων
1437 2435 1492 2488 δὲ
1523 2436 1580 2490 ἓν
1610 2436 1703 2491 καὶ
1745 2437 1806 2490 τὸ

234 2524 522 2578 κάλλιστον
565 2526 602 2595 ἡ
655 2525 744 2578 διὰ
793 2524 1017 2596 λουτροῦ
1075 2526 1168 2578 καὶ
1219 2526 1592 2598 βαπτίσματος
1647 2531 1805 2600 χάρις

231 2615 408 2669 ἐστίν.
429 2616 534 2668 Καὶ
557 2617 660 2688 γάρ
685 2615 743 2669 ὃν
765 2616 966 2686 τρόπον
987 2615 1254 2687 Ἐϐραίων
1276 2601 1462 2680 mist;
1485 2635 1612 2670 ποτε
1631 2620 1804 2690 ἀμνοῦ

232 2705 434 2774 ἀλόγου
466 2706 542 2776 τῷ
568 2707 758 2777 αἵματι
779 2706 877 2770 τὰς
901 2707 1010 2760 τῶν
1039 2706 1224 2760 οίκιῶν
1261 2707 1572 2778 ἀλείφοντες
1604 2710 1662 2762 ὲν
1692 2728 1807 2764 συν·

232 2797 478 2866 τάγματι
494 2796 699 2868 Κυρίου
726 2797 908 2866 φλιὰς,
937 2798 1025 2850 ὅτε
1043 2799 1151 2851 πᾶν
1183 2798 1522 2868 πρωτογενὲς
1554 2800 1610 2851 ἐν
1641 2799 1809 2868 Αίγύο

237 2907 362 2960 πτῳ
388 2891 493 2943 ἀπὸ
525 2888 808 2960 ἀνθρώπου
837 2890 941 2952 ἕως
971 2892 1200 2961 κτήνους
1229 2891 1287 2943 ὲν
1327 2894 1426 2962 μιᾷ
1451 2891 1810 2966 ὲξανῃροῦντο

236 2981 419 3046 νυκτὶ,
435 2983 553 3035 τότε
575 2977 720 3036 οῦτοι
751 2981 828 3052 τῷ
850 2982 1061 3052 τυπικῷ
1085 2981 1342 3052 χρίσματι
1365 2982 1556 3053 ἐκείνῳ
1575 2983 1672 3054 τὴν
1702 2984 1809 3037 ἀπὸ

237 3075 336 3128 τοῦ
373 3075 691 3147 ὀλοθρευτοῦ
716 3075 894 3146 λύμην
925 3075 1288 3146 διεδίδρασκον
1311 3092 1325 3106 ο
1354 3074 1496 3128 οῦτω
1517 3076 1685 3146 κάμοὶ
1713 3075 1807 3128 τοῦ

237 3165 413 3237 ἀμνοῦ
440 3165 534 3219 τοῦ
563 3166 697 3219 Θεοῦ
725 3165 817 3219 τοῦ
847 3165 946 3236 τὴν
990 3166 1261 3236 ἁμαρτίαν
1295 3165 1540 3236 αἴροντος
1580 3166 1674 3219 τοῦ
1714 3166 1807 3219 κό-

242 3272 377 3326 σμου
413 3255 475 3308 τὸ
497 3254 712 3324 πνεῦμα
737 3254 831 3307 καὶ
854 3257 916 3306 τὸ
935 3247 1073 3324 αἷμα
1106 3251 1362 3322 Χριστοῦ,
1395 3253 1630 3324 σφραγὶς
1656 3254 1809 3326 6εὸρο

243 3349 399 3416 ρυτος
422 3347 513 3399 καὶ
537 3345 674 3416 ῐαμα
704 3343 1044 3409 ἀλεξίκακον,
1077 3343 1155 3415 τῷ
1181 3362 1240 3397 τε
1267 3345 1342 3416 νῷ
1374 3347 1468 3399 κοιλ⁵
1493 3346 1570 3416 τῷ
1599 3345 1808 3416 σώματι

241 3437 315 3499 ὼς
356 3436 510 3489 οἴκου
559 3435 738 3504 φλιαῖς
780 3432 970 3506 νοητοῦ
1015 3434 1308 3506 χριομένῳ,
1342 3435 1666 3508 χρηματίζει
1717 3438 1811 3490 καὶ

243 3529 508 3582 παντοίων
569 3527 935 3599 ἀποτρόπαιον
983 3527 1359 3582 ἀποδείκνυται
1422 3528 1628 3581 κακῶν.
1687 3525 1810 3590 Τοῖς

247 3620 342 3691 μὲν
395 3616 484 3674 οῦν
544 3619 620 3683 ὡς
679 3617 891 3672 ἀτελέσι
949 3617 1040 3672 καὶ
1102 3618 1313 3688 νηπίοις
1366 3619 1427 3671 τὸ
1476 3617 1720 3680 τυπικῶς
1776 3616 1810 3688 ἢ

244 3710 488 3774 σκιωδῶς
550 3713 667 3765 ἐκεῖ
723 3709 1168 3782 παρειλημμένον
1211 3709 1420 3780 χρίσμα
1463 3709 1699 3780 τυπικήν
1751 3724 1812 3760 τε

247 3803 338 3855 καὶ⁵
389 3801 725 3873 πρόσκαιρον
775 3801 950 3854 είτουν
1008 3801 1326 3871 σωματικὴν
1380 3797 1650 3871 σωτηρίαν
1699 3801 1814 3862 τοῖς

245 3891 553 3964 χριομένοις
585 3891 931 3944 ύπετείνατο’
986 3889 1236 3944 ἐνταυθοῖ
1281 3890 1337 3944 δὲ
1384 3892 1417 3961 ἡ
1463 3890 1552 3945 διὰ
1589 3889 1812 3963 λουτροῦ

245 3982 662 4052 παλιγγενεσίας
694 3982 944 4053 διδομένη
987 3983 1146 4052 χάρις
1175 3982 1267 4035 τοῦ
1298 3981 1610 4052 Πνεύματος
1636 3982 1731 4038 καὶ
1755 3982 1816 4037 τὺ

246 4074 332 4128 τοῦ
365 4073 665 4143 φωτοδότου
697 4067 835 4143 αἷμα
879 4071 1053 4144 Ἰησοῦ
1087 4073 1287 4143 ἀρίστη
1327 4071 1533 4139 γίνεται
1581 4072 1817 4143 σφραγὶς

248 4167 336 4219 καὶ
361 4165 636 4235 ἀσφάλεια
669 4163 902 4235 μυστικὴ
933 4165 1050 4228 νοὸς
1078 4167 1172 4218 καὶ
1213 4164 1390 4236 ψυχῆς
1419 4165 1513 4218 καὶ
1541 4162 1813 4234 σώματος,

248 4253 352 4312 οἷόν
382 4276 468 4322 τις
496 4256 754 4329 ἀρραϐὼν
789 4256 935 4326 ζωῆς
967 4256 1185 4311 αἰωνίου
1215 4258 1309 4310 καὶ
1349 4255 1691 4311 ἀκαταλύτου
1722 4256 1818 4326 βα-

253 4349 484 4414 σιλείας,
533 4349 646 4412 τοῖς
694 4347 867 4413 ἀξίοις
913 4347 1278 4419 λαμϐάνουσιν
1327 4347 1719 4420 βραϐευομένηο
1753 4349 1816 4403 ἐν

252 4441 390 4512 αὐτῷ
417 4441 528 4512 γὰρ
553 4441 630 4512 τῷ
653 4441 746 4494 τοῦ
783 4440 956 4511 ἀμνοῦ
980 4440 1072 4494 τοῦ
1101 4439 1234 4494 Θεοῦ
1264 4439 1547 4511 χρίσματι,
1586 4438 1680 4493 τοῦ
1713 4439 1805 4509 βά-

254 4527 370 4594 θους
396 4531 497 4601 τῆς
536 4529 711 4600 λύπης
750 4529 845 4582 καὶ
886 4527 987 4598 τῆς
1030 4527 1412 4596 ἀπογνώσεως,
1467 4526 1563 4582 καὶ
1603 4527 1668 4598 δὴ
1720 4529 1816 4581 καὶ

252 4619 340 4674 τοῦ
382 4624 480 4693 τῆς
512 4620 786 4692 ἁμαρτίας
817 4619 1015 4690 βάρους
1062 4619 1204 4672 κατά
1237 4618 1431 4689 μικρὸν
1458 4617 1815 4687 ἀνακουφιξῷ

258 4727 419 4781 μενοι,
457 4712 552 4764 καὶ
577 4712 670 4765 τὸν
700 4710 902 4781 αὐχένα
928 4709 1297 4772 ἀνατείνοντες
1313 4708 1412 4779 τῆς
1438 4709 1638 4779 ψυχῆς,
1675 4709 1818 4780 πρὸς

252 4805 348 4875 τὴν
377 4805 622 4876 οὐράνιον
656 4804 800 4874 ζωὴν
830 4803 930 4866 τὰς
971 4803 1196 4875 πορείας
1235 4801 1677 4872 κατευθυνόμεθα
1719 4799 1814 4854 τοῦ

254 4893 366 4948 νοῦ.
397 4896 505 4948 Καὶ
535 4894 643 4966 γάρ
671 4893 860 4962 ὥσπερ
903 4893 1202 4963 ὁδοιπόρος,
1236 4889 1540 4960 ἐπιτηδείου
1583 4887 1821 4942 καταλύ-

258 4999 418 5051 ματος
472 4982 856 5054 εύμοιρηκὼς,
906 4981 1001 5034 καὶ
1045 4979 1154 5033 τῶν
1215 4979 1398 5034 κόπων
1449 4977 1816 5044 ἀναπνεύσας,

257 5069 417 5142 νεαρᾷ
445 5069 722 5141 προθυμίᾳ
751 5069 844 5122 xci.
887 5067 1257 5139 συντονωτέρᾳ
1293 5067 1428 5138 πρὸς
1463 5067 1526 5120 τὸ
1567 5065 1696 5137 ἑξῆς
1723 5066 1822 5138 τῆς

257 5162 472 5229 πορείας
515 5160 869 5221 διανίσταται,
909 5158 1051 5211 οὕτω
1097 5159 1191 5212 καὶ⁸
1238 5158 1269 5211 ὸ
1309 5158 1408 5228 τῆς
1458 5157 1678 5229 χάριτος
1724 5157 1821 5210 τοῦ

257 5251 410 5318 ἁγίου
457 5251 770 5322 Πνεύματος
800 5252 893 5304 καὶ
937 5252 1166 5321 αἵματος
1211 5249 1269 5304 ἐν
1315 5248 1564 5320 αἰσθήσει
1594 5249 1822 5320 καρδίας

255 5341 354 5394 καὶ
400 5343 574 5395 πίστει
623 5339 816 5413 βεϐαίᾳ.
853 5339 1259 5412 κατηξιωμένος
1286 5337 1380 5391 τοῦ
1419 5337 1678 5410 Χριστοῦ,
1709 5337 1820 5391 τῶν

254 5447 317 5485 τε
363 5431 663 5488 λυπούντων
708 5434 980 5496 ἁπάντων,
1016 5432 1124 5485 τῶν
1154 5449 1216 5484 τε
1244 5429 1580 5502 βαρυνόντων
1612 5429 1819 5501 veneti);

257 5522 295 5593 ἦ
324 5525 410 5576 καὶ
432 5527 724 5598 ὁρωμένως
756 5528 816 5580 τὸ
840 5525 1002 5596 ἄχθος
1026 5526 1122 5580 καὶ
1156 5526 1254 5594 τῆς
1282 5523 1511 5594 ἀκηδίας
1543 5523 1634 5577 τὸν
1659 5524 1824 5592 ὄγκον

261 5614 758 5690 ἀποσκευαζόμενος
781 5618 876 5670 καὶ
903 5616 1314 5687 ἀνανεούμενος,
1344 5614 1616 5680 εὐσταλῶς
1643 5633 1701 5669 τε
1731 5617 1822 5670 καὶ

263 5709 647 5778 κεπονημένως
696 5709 831 5780 πρὸς
874 5709 974 5773 τὰς
1011 5708 1300 5780 ἀγαπητάς
1346 5707 1440 5762 τοῦ
1479 5706 1595 5785 τῶν.
1629 5709 1821 5778 φώτων

1263 269 1327 326 IN
1363 271 1672 329 CARMINA
1704 272 1986 332 ARCANA
2026 273 2084 330 8.
2114 275 2465 333 GBEGORII.

3383 285 3489 342 7l0

1911 393 1962 445 in
1997 389 2126 446 Sion
2144 393 2353 462 positus
2385 391 2552 458 est,in
2576 391 2759 462 seipse
2788 401 3083 466 utrumque
3116 395 3364 452 adunans
3393 413 3490 469 po-

1919 484 2154 553 pulum;
2217 494 2270 538 et
2308 489 2453 540 sicut
2491 493 2610 540 erat
2665 485 2783 555 ipse
2835 483 3075 555 Spiritus
3118 495 3174 542 et
3207 492 3375 554 'caro,
3411 493 3493 546 sic

1918 574 2232 629 hominibus
2248 575 2520 646 duplicem
2544 576 2978 645 puriﬁcationem
3013 577 3238 648 praebet,
3263 579 3491 635 alteram

1915 664 2144 734 spiritus
2193 666 2318 720 vitae
2362 681 2522 737 quem
2562 668 2813 738 sequitur
2851 684 2883 722 a
2946 677 3092 724 terra
3149 670 3495 740 baptismatis

1911 769 2076 824 aqua,
2117 756 2344 812 alteram
2381 758 2666 829 sanguinis
2689 759 2896 814 Christi
2919 775 3084 830 super
3108 777 3210 817 nos
3245 763 3300 817 in
3328 775 3492 818 cruce

1911 846 2070 903 effusi
2103 865 2120 904 :
2149 848 2239 904 hic
2261 851 2508 920 sanguis,
2547 851 2672 905 novi
2704 853 3012 907 testamenti
3055 851 3253 919 fmdus,
3305 854 3494 925 piacuo

1912 939 2024 992 lum
2051 947 2106 994 et
2136 940 2440 1011 redemptio
2465 940 2815 1011 originalium
2841 943 3178 998 macularum
3205 945 3365 1014 primi
3395 959 3494 1015 pa-

1913 1029 2016 1084 tris
2070 1029 2174 1085 hoc
2238 1033 2473 1101 pretium
2540 1032 2792 1087 funditur
2845 1030 3249 1103 puriﬁcationis
3317 1037 3490 1092 totius

1913 1119 2124 1175 mundi.

1843 1214 1937 1266 καὶ
1952 1213 2145 1284 λύτρον
2167 1213 2308 1283 ὑπὲρ
2324 1213 2446 1266 ὅλου
2483 1213 2803 1285 καθάρσεως
2834 1215 3056 1285 κέχυται
3079 1211 3172 1269 τοῦ
3194 1216 3419 1288 κόσμου.

1909 1343 1980 1396 82
2031 1342 2293 1413 Equidem
2350 1345 2398 1398 si
2447 1361 2549 1398 non
2591 1359 2758 1399 essent
2824 1345 2978 1400 homo
3023 1347 3349 1414 inconstans,
3399 1352 3490 1405 sed

2979 1417 3344 1485 immutabilis,
3380 1431 3484 1475 etc.

1981 1523 2262 1595 Siquidem
2290 1543 2418 1584 vere
2440 1529 2722 1586 versatilis
2754 1529 2847 1585 sed
2867 1539 2920 1585 et
2949 1546 3058 1586 non
3083 1532 3354 1588 versatilis
3388 1548 3490 1588 nec

1909 1631 2132 1672 cessans
2177 1618 2244 1672 ad
2286 1621 2473 1689 pejora
2510 1636 2716 1691 pronus
2755 1637 2881 1676 esse
2921 1622 3224 1692 plasmatus
3274 1638 3394 1679 sum
3430 1633 3490 1678 ut

1910 1705 2093 1772 homo,
2119 1707 2299 1775 lingua
2332 1707 2566 1778 theologi
2598 1710 2880 1778 praedicat,
2912 1711 3082 1764 solius
3103 1713 3323 1781 egebant
3352 1729 3490 1783 prte-

1908 1795 2048 1866 cepti
2079 1796 2146 1849 de
2180 1794 2287 1850 Deo
2322 1799 2588 1851 crttciiixo
2625 1817 2638 1853 :
2670 1800 2813 1868 quod
2851 1800 3251 1872 eircumtegens
3281 1813 3334 1858 et
3381 1805 3493 1858 sal-
3551 1865 3557 1871 ,

1906 1900 2040 1940 vans
2070 1900 2155 1939 me
2186 1886 2389 1940 cxaltat
2425 1897 2478 1941 et
2512 1887 2662 1941 ducit
2691 1888 2757 1942 ad
2794 1889 2981 1958 gloria:
2995 1899 3048 1944 et
3083 1891 3308 1948 honoris
3339 1909 3491 1948 sum-

1909 1988 2075 2027 mum.
2119 1973 2226 2029 Sed
2269 1990 2415 2029 nunc
2467 1975 2558 2046 qui
2613 1991 2700 2031 me
2728 1979 2935 2031 creavit
2979 1994 3088 2034 non
3129 1980 3272 2036 sicut
3322 1981 3491 2036 Deum

1907 2063 2323 2130 immutabilem;
2342 2066 2486 2122 bene
2505 2083 2632 2123 vero
2657 2068 2801 2124 sicut
2821 2071 3056 2123 animam
3075 2071 3346 2126 viventem
3371 2089 3491 2127 mu-

1908 2155 2096 2208 tationi
2129 2156 2446 2222 obnoxium,
2496 2166 2787 2228 utramque
2806 2158 2871 2212 ad
2921 2167 3131 2229 partem
3157 2176 3488 2232 propensum

1906 2251 1959 2298 et
2000 2245 2317 2299 inclinatum
2343 2263 2358 2311 ;
2385 2256 2438 2302 et
2470 2249 2722 2304 similiter
2751 2249 3126 2308 inclinatiouis
3145 2261 3200 2307 et
3221 2255 3489 2310 trahentis

1907 2330 2199 2407 voluptatis
2233 2339 2299 2393 ad
2345 2341 2604 2396 virtutem
2647 2356 2802 2412 aeque
2837 2357 2901 2398 ac
2933 2343 3299 2400 ad'maiitiam
3346 2363 3488 2417 quo-

1906 2443 2117 2496 cunque
2145 2443 2268 2482 sors
2295 2437 2458 2493 esset,
2496 2445 2774 2500 capacem,
2814 2431 3024 2486 idcirco
3051 2432 3308 2487 virtutum
3338 2449 3490 2488 ama-

1908 2522 1992 2568 tor
2011 2517 2259 2586 pluribus
2291 2518 2512 2571 auxiliis
2533 2517 2862 2572 conﬁrmat:
2891 2534 3124 2587 quorum
3161 2522 3488 2576 auxiliorum

1909 2625 2073 2663 unum
2098 2610 2502 2678 pulchritudine
2539 2619 2758 2680 prrestat
2791 2611 2976 2665 Gratia
3007 2628 3102 2682 per
3130 2613 3404 2668 lavacrum
3433 2623 3492 2671 et

1909 2701 2198 2770 baptisma.
2235 2699 2299 2755 Et
2319 2701 2779 2771 quemadmodum
2807 2705 2961 2772 pueri
2982 2703 3333 2760 Hebraeorum
3357 2709 3489 2762 olim

1908 2793 2029 2864 agni
2055 2795 2262 2848 ratione
2295 2793 2534 2862 expertis
2565 2794 2830 2864 sanguine
2867 2795 3156 2850 domorum
3204 2809 3388 2866 postes
3420 2799 3489 2852 li-

1909 2885 2124 2940 nientcs
2144 2884 2210 2938 ad
2225 2883 2436 2938 Domini
2455 2885 2782 2954 jussionem,
2801 2887 3018 2955 quando
3042 2902 3204 2943 omne
3221 2891 3490 2962 primoge-

1911 2978 2084 3030 nitum
2120 2977 2174 3030 in
2199 2975 2436 3047 Egyth
2465 2978 2534 3032 ab
2586 2977 2804 3032 homine
2832 2992 3010 3048 usque
3059 2978 3130 3034 ad
3169 2996 3339 3050 pecus
3379 2997 3490 3036 una

1915 3075 2074 3121 nocte
2110 3067 2513 3122 exterminatus
2544 3075 2650 3131 est,
2699 3074 2832 3122 tunc
2865 3067 2972 3137 ipsi
3012 3070 3114 3122 hac
3139 3069 3394 3124 iinitione
3420 3071 3489 3125 li-

1917 3155 2164 3226 gurativa
2192 3154 2404 3224 plagam
2447 3155 2759 3226 effugerunt
2803 3157 3268 3223 exterminatoris;
3315 3160 3400 3216 sic
3438 3168 3494 3215 et

1908 3245 2042 3300 mihi
2069 3245 2209 3315 Agni
2254 3244 2345 3300 Dei
2381 3246 2472 3315 qui
2531 3248 2670 3300 tollit
2714 3256 3004 3316 peccatum
3031 3251 3220 3304 mundi
3251 3250 3488 3320 spiritus

1909 3343 1962 3390 ct
1991 3335 2217 3404 sanguis
2253 3333 2480 3402 Christi,
2535 3333 2878 3404 signaculum
2925 3352 2955 3392 a
2986 3338 3102 3394 Deo
3151 3340 3396 3394 obtutum
3439 3351 3494 3396 et

1911 3427 2210 3495 remedium
2262 3427 2405 3480 mala
2438 3426 2744 3497 corrigens,
2775 3443 2940 3499 super
2982 3430 3393 3502 intelligentiam
3439 3442 3494 3487 et

1911 3532 2109 3588 corpus
2135 3519 2292 3587 quasi
2326 3519 2524 3572 domus
2555 3519 2857 3589 spiritualis
2889 3523 3312 3589 posteslinitur,
3330 3523 3492 3578 valde

1913 3609 2286 3678 proﬁciens,et
2322 3609 2379 3662 lit
2406 3609 2576 3662 tutela
2604 3617 2797 3663 contra
2826 3612 3135 3666 omnimoda
3159 3613 3298 3666 mala
3333 3632 3347 3668 :
3374 3613 3486 3669 illis

1912 3713 2042 3770 ergo
2083 3705 2270 3767 utpote
2293 3698 2629 3768 imperfectis
2658 3701 3035 3758 etinl’antibus
3072 3703 3346 3773 ﬁguratim
3390 3715 3488 3762 aut

1913 3803 2008 3859 per
2049 3788 2296 3844 umbram
2331 3788 2420 3842 hic
2453 3787 2657 3841 tradita
2705 3790 2908 3855 linitio,
2941 3791 3232 3861 ﬁguratam
3268 3801 3324 3848 et
3371 3809 3492 3850 mo-

1915 3887 2256 3936 mentaneam
2276 3888 2334 3936 et
2366 3879 2491 3935 ideo
2522 3894 2842 3951 corpoream
2886 3881 3247 3938 salvationem
3319 3885 3492 3941 linitis

1917 3971 2209 4027 tribuebat.
2255 3970 2410 4042 Apud
2443 3986 2546 4027 nos
2576 3986 2706 4027 vero
2739 3987 2837 4043 per
2871 3972 3154 4028 lavacrum
3187 3990 3483 4046 regenera-

1915 4061 2080 4116 tionis
2107 4060 2236 4116 data
2271 4060 2508 4132 Spiritus
2535 4063 2712 4134 gratia
2736 4072 2790 4118 et
2825 4063 3216 4120 illuminatoris
3258 4067 3485 4136 sanguis

1915 4149 2044 4206 Jesu
2072 4149 2130 4206 οι
2153 4151 2416 4220 optimum
2445 4152 2784 4223 signaculum
2811 4160 2865 4209 et
2897 4153 3066 4208 tutela
3095 4153 3326 4224 mystica
3369 4154 3483 4224 spi-

1917 4245 2078 4310 ritus,
2145 4242 2340 4298 anima:
2391 4253 2446 4299 ct
2488 4245 2760 4314 corporis,
2808 4243 3009 4315 pignus
3053 4245 3328 4314 quoddam
3367 4245 3492 4300 vitae

1919 4343 2136 4390 aeternas
2165 4333 2392 4405 etregni
2431 4335 2578 4406 quod
2613 4337 2764 4392 nulla
2795 4336 3097 4392 afﬂictione
3136 4334 3354 4407 ﬁneque
3398 4336 3494 4392 de-

1918 4425 2146 4491 solatur,
2196 4425 2378 4496 dignis
2415 4424 2734 4482 decernitur
2792 4428 2888 4498 qui
2929 4428 3222 4500 recipiant.
3275 4427 3489 4484 Etenim

1921 4514 2014 4569 ubi
2054 4513 2295 4585 primum
2326 4529 2496 4584 super
2540 4530 2642 4571 nos
2686 4525 2870 4571 manat
2894 4517 3016 4588 ipse
3055 4517 3196 4587 Agni
3241 4517 3335 4572 Dei
3365 4532 3493 4573 san-

1919 4607 2062 4676 g‘uis,
2095 4606 2163 4662 de
2187 4607 2479 4676 profundis
2504 4608 2732 4678 angoris
2764 4617 2816 4664 et
2839 4608 3244 4680 desperationis
3266 4617 3320 4664 et
3358 4624 3492 4680 prae-

1919 4700 2105 4757 sertim
2133 4699 2199 4756 de
2225 4701 2434 4772 peccati
2453 4716 2621 4757 onere
2647 4701 2920 4772 erigentes
2958 4718 3082 4769 nos,
3137 4704 3488 4774 gubernacu-

1920 4792 2034 4846 lum
2069 4794 2414 4849 sustollimus
2444 4794 2641 4848 anima:
2683 4802 2851 4864 atque
2894 4793 2962 4848 ad
3005 4793 3283 4850 cmlestem
3323 4793 3490 4848 vitam

1917 4884 2143 4952 spiritus
2179 4899 2401 4954 gressus
2425 4882 2729 4954 dirigimus.
2754 4883 3008 4940 Profecto
3031 4884 3177 4939 sicut
3200 4884 3379 4939 viator
3402 4883 3486 4939 di-

1921 4975 2228 5031 versorium
2248 4982 2443 5030 nactus
2474 4983 2844 5045 opportunum
2867 4990 2896 5029 a
2919 4974 3245 5032 lassitudine
3265 4975 3492 5047 acquie-

1930 5067 2057 5132 scit,
2081 5081 2318 5137 moxque
2353 5081 2498 5122 novo
2518 5067 2959 5122 ardorealaerior
2981 5065 3048 5121 ad
3082 5066 3188 5122 iter
3209 5069 3490 5123 residuum

1933 5164 2213 5226 assurget;
2243 5158 2324 5212 sic
2358 5165 2414 5214 et
2441 5157 2618 5228 gratia
2648 5158 2822 5212 sancti
2853 5156 3093 5228 Spiritus
3137 5165 3192 5214 et
3227 5159 3492 5230 sanguine

1930 5248 2136 5305 Christi
2167 5248 2422 5320 dignatus
2443 5248 2537 5319 qui
2568 5248 2735 5304 corde
2762 5249 3019 5321 intelligit
3064 5260 3120 5306 et
3154 5249 3261 5305 ﬁde
3298 5250 3489 5303 ﬁrmus

1926 5348 2012 5394 est
2031 5346 2312 5395 recreatus
2335 5347 2391 5393 et
2411 5347 2708 5395 renovatus
2747 5338 2816 5394 ab
2845 5340 3205 5411 oppressione
3249 5338 3494 5406 aﬂiigeno

1925 5433 2062 5487 tium
2091 5431 2334 5486 omnium
2365 5439 2422 5487 et
2449 5432 2792 5488 onerantium
2831 5432 2948 5488 sive
2979 5429 3338 5503 spirituaiiter
3376 5428 3492 5484 sive

1925 5522 2241 5587 visibiliter,
2294 5537 2508 5577 necnon
2552 5535 2584 5575 a
2627 5530 2835 5578 tumore
2878 5522 3098 5585 acediae,
3139 5519 3392 5575 alacriter
3437 5525 3491 5574 et

1925 5611 2200 5667 laboriose
2227 5609 2372 5665 sicut
2397 5623 2594 5668 cervus
2619 5609 2895 5668 desiderat
2911 5609 2980 5666 ad
2991 5610 3228 5666 dilectas
3249 5608 3494 5664 mansio-

1926 5720 2026 5764 nes
2057 5703 2198 5774 apud
2219 5701 2436 5760 Patrem
2457 5703 2750 5761 luminum.
2801 5703 2868 5763 Et
2917 5714 2986 5771 ne
3018 5700 3144 5774 quis
3183 5686 3489 5760 murmuret
