4056 6238
512 294 608 351 7H

515 410 630 462 haec
648 402 791 459 dona
814 380 1275 469 supereminentia
1306 397 1526 465 assequi
1561 392 1902 464 impossibile
1925 391 2085 461 quasi

515 512 625 552 non
656 493 911 548 omnibus
943 496 1153 559 pateret
1174 487 1355 542 aditus
1385 486 1450 540 ad
1484 486 1628 539 hanc
1661 484 1935 552 duplicem
1956 496 2085 535 san-

516 586 902 645 ctiﬁcationem
933 593 987 639 et
1015 584 1080 637 ad
1121 581 1330 636 Christi
1368 578 1860 650 magniﬁcentiam,
1904 575 2086 629 statim

513 679 730 736 excelsa
790 691 891 731 vox
949 674 1210 743 prasvenit
1266 670 1611 743 respondens
1664 688 1677 722 :

521 874 587 929 07
631 870 936 927 Communis
1005 866 1242 923 omnibus
1290 882 1417 931 aer,
1478 862 1863 1001 communis[e:
1911 857 2087 922 tel-lus,

1809 947 1837 985 c
1900 944 2017 997 seq.

1809 944 1863 985 et
1900 944 2017 997 seq.

588 1032 866 1102 Siquidem
901 1028 1141 1084 omnium
1163 1041 1438 1082 consensu
1476 1021 1787 1077 communis
1831 1020 2091 1073 omnibus

519 1122 890 1177 animantibus
929 1128 1088 1173 terrae
1117 1126 1171 1171 et
1208 1114 1525 1169 volucribus
1570 1113 1635 1165 ad
1667 1126 1827 1165 usum
1859 1108 2082 1162 vitalem

518 1231 614 1271 aer
634 1214 936 1283 explicatus
960 1209 1025 1263 ad
1050 1206 1437 1278 aspirationem
1462 1212 1515 1257 et
1533 1203 1763 1257 halitum
1787 1200 2090 1255 secundum

522 1314 771 1357 naturam
798 1320 812 1360 :
844 1300 1149 1357 communis
1177 1305 1230 1352 et
1261 1296 1423 1349 tellus
1462 1294 1605 1347 viam
1644 1302 1699 1346 ct
1728 1292 1895 1345 vitam
1940 1289 2093 1343 habi-

525 1394 769 1448 tantibus
804 1392 1060 1444 omnibus
1091 1386 1450 1457 suppeditans
1484 1399 1623 1453 quos
1671 1382 1879 1451 pariter
1908 1379 2093 1450 digna-

523 1495 611 1538 tur
648 1482 918 1536 l‘ructibus
952 1481 1090 1542 suis,
1138 1491 1353 1532 necnon
1403 1484 1549 1546 patet
1595 1489 1746 1526 mare
1784 1471 2095 1546 natantibus

523 1578 577 1632 in
613 1592 675 1631 ea
718 1577 850 1628 licet
897 1574 1020 1642 plus
1068 1570 1268 1624 habere
1312 1577 1541 1621 conetur
1600 1565 1786 1618 nativa
1821 1563 2091 1626 .ambitio;

522 1666 834 1723 communis
853 1673 905 1718 et
926 1664 1049 1715 aliis
1073 1660 1361 1715 clementis
1380 1670 1433 1713 et
1458 1657 1621 1711 rebus
1642 1663 2092 1723 supcrextcnsum

525 1761 902 1813 universorum
945 1755 1167 1819 coelum,
1200 1760 1253 1805 et
1289 1751 1371 1805 sol
1407 1757 1461 1804 et
1499 1750 1626 1801 luna
1662 1757 1713 1801 et
1738 1754 1935 1800 cuncta
1970 1760 2099 1799 eon-

525 1850 799 1905 venientia
829 1847 1006 1900 adhuc
1035 1854 1089 1900 et
1117 1845 1247 1897 anni
1278 1850 1631 1913 tempestates
1684 1848 1739 1893 et
1787 1839 1931 1891 hora:
1979 1851 2101 1905 qum.

526 1948 797 1995 vertentes
834 1938 1115 2004 aequaliter
1142 1950 1358 2004 semper
1409 1933 1693 1986 hominum
1738 1932 1862 1985 vita:
1902 1937 2100 1997 praesto

525 2040 683 2095 sunt;
741 2040 795 2084 ct
865 2042 1153 2083 commune
1197 2026 1469 2096 pracbetur
1529 2023 1767 2077 salutare
1817 2020 2097 2073 lavacrum

524 2140 678 2190 aquae
716 2120 1062 2190 baptismatis
1123 2133 1243 2188 qua:
1283 2115 1532 2169 funditur
1569 2122 1621 2168 et
1647 2126 1815 2181 super
1858 2110 2099 2165 infantes

523 2228 717 2267 omnes
752 2212 865 2265 fere
892 2208 1214 2280 splendores
1263 2208 1442 2260 locum
1476 2204 1681 2258 habent
1713 2202 1769 2255 in
1812 2201 2096 2271 mysterio.

525 2306 764 2376 Spiritus
788 2311 966 2357 autem
989 2309 1044 2356 et
1077 2294 1536 2368 sanguinis,quod
1552 2293 1733 2348 minus
1754 2293 2098 2364 appretiatur

522 2405 577 2449 et
610 2391 892 2448 confusius
919 2392 1161 2445 cernitur
1180 2388 1248 2443 ab
1284 2387 1350 2441 iis
1373 2389 1464 2456 qui
1495 2385 1599 2441 tide
1629 2385 1950 2455 imperfecta
2001 2399 2094 2439 ac-

522 2482 799 2537 ceduntet
831 2481 997 2535 corde
1048 2480 1264 2549 ignavo,
1320 2477 1493 2546 magis
1534 2490 1563 2530 c
1608 2484 1800 2529 contra
1841 2474 2009 2545 fulget
2045 2481 2101 2529 ct

524 2573 668 2628 lucet
693 2572 843 2642 puris
863 2580 916 2625 et
954 2570 1148 2632 tirmis,
1186 2568 1413 2637 spiritus
1444 2575 1497 2619 ct
1517 2566 1824 2635 sanguinis,
1846 2567 2096 2635 inquam,

524 2666 592 2719 ad
626 2644 927 2734 perfecium
972 2663 1156 2724 tinem,
1195 2674 1334 2729 opus
1368 2673 1503 2728 pure
1540 2657 1838 2727 perfectum
1881 2668 1935 2713 ct
1961 2658 2102 2711 divi-

526 2774 655 2812 num
683 2758 737 2811 in
791 2756 925 2826 ipsis
971 2766 1171 2825 prwsw
1209 2753 1315 2807 erit
1360 2751 1414 2804 in
1445 2750 1666 2804 Christo
1704 2749 1859 2805 Jcsu.
1906 2752 2097 2805 Amen.

598 3129 1023 3184 Commentariua
1061 3143 1379 3181 arcanorum
1406 3124 1465 3181 S.
1503 3126 1744 3197 Gregorii
1781 3126 2031 3197 Theologi

706 3200 1007 3252 carminum
1038 3214 1057 3252 :
1091 3198 1169 3251 De
1188 3199 1378 3252 virtute
1405 3198 1657 3251 humana.
1690 3196 1876 3252 Sermo
1903 3199 1957 3253 9.

600 3352 768 3407 Valde
795 3351 1279 3422 contemplativum
1298 3360 1353 3407 et
1383 3351 1823 3422 philosophicum
1839 3361 1893 3407 et
1920 3352 2105 3407 divina

528 3443 775 3512 Gregorii
822 3442 1185 3511 inspiratione
1228 3442 1452 3512 dignum
1500 3457 1596 3511 per
1629 3443 1872 3496 carmina
1908 3457 2105 3512 propo-

531 3536 637 3588 sita
676 3534 745 3587 de
776 3533 980 3587 virtute
997 3533 1238 3587 humana
1289 3533 1507 3587 ordinat
1531 3534 1691 3587 divus
1722 3532 1961 3602 scriptor
1991 3547 2102 3587 ser-

533 3640 772 3688 nionem,
807 3626 861 3678 in
890 3639 999 3694 quo
1028 3639 1246 3679 omnem
1277 3624 1508 3693 spiritus
1536 3624 1828 3679 elationem
1876 3632 1931 3679 et
1970 3639 2106 3678 con-

534 3716 809 3771 ﬁdentiam
842 3716 1037 3771 anima:
1072 3716 1125 3769 in
1166 3716 1403 3785 seipsam
1445 3716 1698 3787 castigat,
1744 3730 1961 3771 necnon
1987 3715 2107 3784 pla-

533 3808 693 3862 cendi
722 3807 1042 3862 hominibus
1094 3807 1566 3873 sollicitudinem,‘
1590 3823 1621 3863 e
1659 3817 1850 3862 contra
1887 3806 2111 3861 humili-

534 3906 698 3950 tatem
728 3905 781 3952 et
808 3896 1199 3967 cogitationum
1230 3896 1555 3953 modestiam
1597 3897 1945 3953 commendat
1984 3897 2111 3952 dili-

534 3990 785 4058 gentibus
818 3990 1123 4043 veritatem.
1162 3988 1230 4042 Et
1259 3989 1341 4044 sic
1384 3989 1666 4058 loquitur:

536 4102 561 4154 1
601 4100 855 4155 Virtutem
878 4101 1089 4171 quidem
1110 4100 1372 4165 desidero,
1390 4117 1568 4154 verum
1585 4100 1680 4154 hoc
1694 4117 1799 4155 non
1812 4116 1892 4155 me
1908 4100 2106 4165 docuit,

532 4235 569 4289 2
595 4234 848 4301 Quanam
880 4233 974 4286 illa
1000 4234 1069 4288 sit
1097 4242 1143 4287 et
1174 4232 1310 4288 unde
1338 4234 1613 4303 contigerit
1639 4235 1792 4297 mihi,
1813 4242 1919 4290 etc.

606 4326 801 4381 Omnia
848 4329 994 4382 entia
1027 4329 1093 4384 ad
1142 4329 1270 4383 boni
1306 4330 1510 4400 prOprii
1561 4328 1948 4399 perfectionem
1996 4339 2114 4385 tcu-

536 4416 1104 4474 duntzconl'ormitcr
1154 4419 1402 4489 ipsorum
1458 4422 1714 4476 essentia:
1763 4430 1857 4476 aut
1905 4430 2114 4477 natura:

537 4509 686 4564 enitia
718 4525 839 4579 quae
871 4510 1195 4580 simpliciter
1226 4520 1355 4565 sunt
1382 4526 1506 4568 esse
1541 4521 1826 4583 appetunt,
1873 4514 2113 4570 viventia

538 4604 740 4668 vivere,
774 4603 1136 4673 germinantia
1170 4604 1506 4673 germinare,
1534 4620 1655 4659 sese
1688 4604 1963 4659 moventia
1996 4620 2115 4658 mo-

539 4696 675 4761 vcri,
705 4695 985 4749 scnsihilia
1018 4694 1245 4760 sentire,
1299 4695 1683 4749 ratiocinantia
1715 4703 1899 4751 autem
1940 4696 2113 4750 ratio-

539 4784 712 4838 cinari
743 4791 796 4839 et
818 4785 1173 4855 intelligentia
1205 4784 1423 4839 tandem
1454 4784 1755 4840 secundum
1781 4786 1874 4840 illa
1907 4802 2028 4856 quae
2045 4787 2113 4842 ad

543 4874 785 4942 ipsorum
846 4889 1200 4945 progressum
1254 4873 1532 4951 pertinent
1576 4875 1880 4946 intelligere
1945 4891 2113 4947 appe-

543 4971 686 5018 tunt.
718 4964 850 5027 Quae
882 4965 1024 5019 inter
1057 4964 1221 5019 homo
1259 4963 1489 5020 istorum
1530 4967 1775 5019 omnium
1816 4968 2111 5040 particeps,

543 5054 590 5108 si
622 5062 799 5107 tamen
832 5056 973 5110 ultra
1006 5059 1231 5112 tendens
1262 5056 1651 5127 perfectiorem
1679 5057 1774 5113 Dei
1807 5059 2111 5130 imaginem

543 5153 597 5199 et
620 5145 1031 5202 similitudinem
1090 5157 1392 5219 appeteret,
1442 5158 1642 5220 przetcr
1682 5150 1786 5204 alia
1840 5150 2116 5209 desiderio

546 5235 859 5291 incenditur
904 5239 1127 5295 virtutis
1181 5257 1280 5311 per
1312 5258 1476 5313 quam
1522 5258 1794 5298 summum
1846 5244 2115 5301 bonorum

544 5337 729 5399 sperat
759 5329 998 5399 assequi.
1049 5329 1238 5387 Virtus
1275 5349 1405 5405 ergo
1447 5335 1684 5389 maxime
1723 5337 1999 5405 egregium
2029 5338 2120 5393 bo-

543 5435 739 5477 norum
765 5438 780 5488 ;
816 5421 947 5491 quid
977 5422 1125 5477 enim
1166 5423 1382 5487 melius,
1416 5440 1711 5496 amoreque
1740 5427 1963 5495 dignius
1994 5429 2116 5499 ipsa

543 5514 775 5585 cogitari
806 5522 1011 5585 potest,
1062 5530 1161 5586 per
1207 5530 1370 5587 quam
1412 5518 2119 5591 initiatus,conglutinatur

568 5624 728 5705 "(22)
756 5626 949 5705 Carm;
964 5630 1054 5693 58,
1074 5630 1267 5705 p.135
1298 5632 1590 5690 ed.Colon.
1629 5632 1796 5705 [nunc
1818 5632 1999 5690 Carm.
2024 5635 2111 5703 15,

547 5690 642 5750 lib.
676 5690 720 5760 ι,
752 5706 888 5751 scct.
919 5699 972 5763 ‘2,
1006 5690 1240 5772 p.105.)

1875 276 2170 336 NICETAS
2194 275 2401 331 DAVID

3662 273 3779 330 712

2195 391 2408 461 Πατρὸς
2442 389 2837 461 ἀναπτεροῦται
2882 390 3047 460 μονάς
3069 406 3081 420 ·
3125 392 3221 445 καὶ
3250 391 3337 445 ἶνα
3375 392 3536 461 μήτις
3568 392 3773 446 ἀδύνα-

2194 498 2285 533 τον
2334 477 2471 533 εἶναι
2512 482 2825 552 ὑποκρούσῃ
2870 482 2938 534 τὰ
2975 482 3240 553 θεαρχικά
3285 483 3435 553 δῶρα
3467 483 3640 537 ταῦτα
3672 486 3778 538 λα·-

2196 570 2329 631 6εἴν,
2363 572 2496 639 μήτε
2541 574 2647 641 γὰρ
2674 572 3192 640 πᾶσινιπροκεῖσθαι
3222 572 3319 643 τὴν
3346 573 3539 643 διπλῆν
3567 575 3777 644 ταύτην

2199 660 2463 731 κάθαρσιν
2508 661 2599 713 καὶ
2642 661 2735 713 τοῦ
2774 661 3013 732 Χριστοῦ
3049 662 3486 734 μεγαλώωρεάν,
3531 665 3693 728 εὐθὺς
3734 668 3771 737 ἡ

2202 751 2582 820 μεγαλόφωνος
2606 751 3008 822 ἀποκρινομένη
3039 752 3189 819 λέγει
3228 752 3424 823 βροντή
3449 768 3463 781 ⁸

2200 862 2269 915 97
2294 862 2489 929 Ξυνὸς
2524 862 2641 932 μὲν
2675 863 3012 918 πάντεσσιν
3045 864 3192 932 ἀὴρ,
3234 865 3391 933 ξυνὴ
3422 866 3489 1007 bis
3521 883 3585 920 τε
3616 868 3776 990 ζειῖα,

3460 954 3515 990 κ.
3538 955 3590 992 τ.
3653 958 3698 1001 ς.

3460 954 3515 990 κ.
3538 955 3590 992 τ.
3620 939 3698 1001 ἐξ.

2198 1023 2390 1087 Κοινδς
2420 1024 2519 1094 μὲν
2551 1024 2996 1095 ὁμολογουμένως
3033 1028 3167 1080 πᾶσι
3205 1028 3484 1097 χερσαίοις
3518 1029 3612 1080 καὶ
3644 1046 3777 1080 mr-

2198 1115 2307 1176 νοῖς
2337 1111 2496 1175 ζώοις
2528 1114 2605 1174 εἰς
2632 1111 2916 1184 διατριϐὴν
2937 1114 2965 1165 ὁ
2990 1112 3098 1182 ἀὴρ
3135 1114 3335 1183 ὁμοίως
3362 1112 3787 1183 ὑφαπλούμενος

2200 1206 2278 1266 εἰς
2311 1205 2477 1272 πνοήν
2512 1220 2570 1254 τε
2602 1203 2700 1273 τὴν
2728 1206 2869 1257 κατά
2901 1204 3061 1273 φύσιν
3097 1204 3193 1257 καὶ
3233 1205 3498 1275 ἐκπνοήν·
3533 1204 3685 1275 κοινὴ
3716 1205 3778 1256 δὲ

2200 1294 2294 1347 καὶ
2321 1296 2352 1363 ή
2381 1297 2451 1365 γῆ
2487 1294 2668 1363 ὄχημα
2700 1297 2864 1348 πᾶσιν
2896 1297 2929 1365 ἢ
2967 1296 3145 1348 δίαιτα
3171 1298 3283 1359 τοῖς
3307 1295 3544 1349 οἰκοῦσιν
3577 1296 3778 1349 ὑποϐε-

2201 1384 2472 1455 ϐλημένη,
2502 1386 2598 1437 καὶ
2625 1388 2737 1449 τοῖς
2787 1387 2919 1456 παρ’
2953 1386 3122 1455 αὐτῆς
3160 1386 3421 1449 ὡσαύτως
3459 1386 3779 1457 δεξιουμένη

2204 1479 2455 1546 καρποῖς,
2492 1476 2681 1546 ὥσπερ
2711 1477 2806 1530 καὶ
2834 1478 2865 1543 ἡ
2900 1476 3144 1530 Θάλασσα
3171 1478 3285 1539 τοῖς
3328 1477 3578 1540 πλωτοῖς,
3602 1479 3652 1531 εἰ
3683 1481 3785 1531 καὶ

2201 1565 2261 1616 τὸ
2291 1564 2449 1616 πλέον
2482 1565 2660 1617 αὐτῶν
2697 1566 2838 1635 ἐχειν
2871 1567 2903 1635 ἡ
2936 1567 3034 1637 τῆς
3064 1568 3434 1637 προαιρέσεως
3466 1568 3784 1632 ἐκϐιάζεται

2204 1655 2483 1719 πλεονεξία
2502 1672 2516 1684 ’
2550 1655 2728 1719 κοινὸς
2758 1656 2813 1709 δὲ
2844 1657 2982 1725 πρὸς
3011 1660 3122 1720 τοῖς
3160 1658 3339 1720 ἄλλοις
3367 1659 3651 1728 στοιχείοις
3685 1663 3785 1714 καὶ

2198 1748 2225 1799 ὁ
2260 1746 2697 1816 ύπερτεταμένος
2745 1746 2854 1799 τῶν
2904 1747 3038 1799 ὅλων
3091 1748 3336 1819 οὐρανὸς,
3380 1750 3531 1817 ἥλιός
3576 1768 3635 1803 τε
3684 1752 3785 1804 καὶ

2202 1837 2396 1907 σελήνη
2447 1838 2542 1890 καὶ
2587 1839 2687 1890 ὅσα
2732 1836 2893 1908 ὥρια,
2948 1838 3125 1892 είτουν
3182 1841 3235 1894 αἱ
3286 1839 3380 1892 τοῦ
3426 1840 3579 1903 ἔτους
3611 1836 3781 1913 ὧραι,

2200 1928 2472 1991 κυκλικῶς
2529 1930 2623 1980 καὶ
2682 1930 2940 1999 ἰσοτίμως
2990 1932 3077 1984 ἀεὶ
3129 1932 3218 1984 τὸν
3268 1931 3607 2002 ἀνθρώπινον
3664 1934 3783 2004 βίον

2200 2018 2704 2090 περιελισσόμεναι·
2746 2020 2921 2073 κοινὸν
2962 2020 3020 2073 δέ
3080 2024 3189 2083 τοῖς
3228 2022 3551 2092 ἀνθρώποις·
3584 2026 3678 2077 καὶ
3716 2027 3781 2078 τὸ

2203 2111 2545 2182 σωτηριῶδες
2598 2112 2833 2183 ὑπάρχει
2885 2113 3127 2184 λουτρὸν,
3175 2115 3266 2167 τοῦ
3314 2117 3409 2185 μὲν
3451 2113 3544 2169 οῦν
3583 2118 3780 2179 ὓδατος

2198 2202 2292 2254 τοῦ
2321 2205 2377 2255 ἐν
2410 2203 2485 2273 τῷ
2525 2202 2860 2275 βαπτίσματι
2897 2207 2990 2258 καὶ
3032 2207 3215 2269 αὐτοῖς
3245 2207 3520 2277 διδομένου
3549 2211 3660 2271 τοῖς
3688 2227 3785 2279 νη-

2200 2292 2365 2361 πίοις,
2414 2294 2611 2357 πάντες
2659 2297 2941 2366 μονονουχὶ
2985 2298 3152 2364 φάναι
3208 2299 3451 2368 χωροῦσι
3480 2299 3540 2352 τὸ
3575 2302 3781 2371 μυστήσ

2204 2403 2337 2457 ριον,
2372 2388 2467 2439 τοῦ
2503 2386 2823 2457 Πνεύματος
2851 2389 2906 2440 δὲ
2950 2389 3044 2441 καὶ
3075 2389 3166 2442 τοῦ
3192 2392 3444 2460 αἳματος,
3480 2392 3783 2461 ἀμυδρότε-

2206 2498 2295 2549 ρον
2334 2480 2431 2551 μὲν
2460 2481 2553 2533 καὶ
2584 2480 2972 2552 σκιωδέστερον
3012 2485 3123 2545 τοῖς
3161 2482 3258 2553 τὴν
3286 2483 3468 2537 πίστιν
3497 2484 3782 2537 ἀτελεστέ-

2206 2571 2380 2643 ροιςῆ
2430 2571 2519 2624 τὸν
2568 2571 2681 2642 βίον
2734 2572 3111 2643 νωθροτὲροις,
3164 2573 3542 2645 λαμπρότερον
3576 2574 3631 2627 δὲ
3683 2578 3779 2627 καὶ

2204 2664 2682 2735 φωτοφανέστερον
2713 2667 2827 2729 τοῖς
2866 2664 3231 2736 βεϐαιοτέροις
3256 2668 3353 2719 καὶ
3379 2666 3784 2739 καθαρωτέροις

2202 2756 2570 2825 ἐλλάμποντος
2618 2757 2713 2808 καὶ
2760 2755 3168 2826 θεουργοῦντος,
3220 2759 3298 2819 εἰς
3348 2758 3405 2810 τὸ
3449 2758 3598 2821 τέλος
3643 2759 3783 2825 αὐτὴ

2204 2847 2460 2917 καθαρῶς
2498 2849 2531 2916 ἡ
2577 2846 2948 2918 τελεσιουργία
2977 2847 3010 2915 ἢ
3062 2847 3323 2918 θεουργία
3348 2849 3557 2913 τούτοις
3604 2866 3787 2921 παρα-

2206 2941 2461 3008 στήσεται
2482 2940 2540 2991 ἐν
2566 2938 2787 3009 Χριστῷ
2830 2939 3027 3009 Ἰησοῦ.
3079 2940 3270 3011 ’Λμήν.

2217 3142 2541 3211 Ἐξήγησις
2564 3142 2681 3195 τῶν
2711 3144 3067 3213 ἁπορῤήτων
3101 3145 3207 3198 τοῦ
3240 3144 3410 3213 ἁγίου
3454 3145 3791 3211 ΓρηγορΙου

2278 3214 2383 3267 τοῦ
2418 3214 2713 3280 Θεολόγου
2746 3212 2909 3267 ἐπῶν
2933 3212 2948 3243 ⁴
2990 3215 3129 3282 Περί
3167 3212 3376 3282 ἀρετῆς
3411 3214 3794 3279 ἀνθρωπείας

2240 3285 2419 3350 λόγος
2452 3286 2499 3337 θ’
2536 3282 2672 3353 (22).

2276 3372 2768 3443 Θεωρητικώτατον
2803 3374 2961 3442 λόγον
2990 3375 3083 3427 καὶ
3113 3371 3537 3442 φιλοσοφώτατον
3562 3373 3658 3426 καὶ
3678 3374 3796 3443 τῆς

2206 3463 2509 3534 Γρηγορίου
2556 3463 2635 3535 τῷ
2692 3465 2805 3519 ὄντι
2847 3464 3288 3537 θεορρημοσύνης
3340 3464 3487 3530 ἀξιον
3538 3465 3628 3517 διὰ
3680 3466 3795 3519 τῶν

2208 3554 2585 3624 προκειμένων
2615 3555 2820 3609 τούτων
2867 3556 3014 3609 ἐπῶν
3058 3557 3188 3626 περί
3235 3556 3633 3627 ἀνθρωπίνηςὸ
3674 3556 3796 3609 θεό-

2208 3645 2411 3717 ληπτος
2439 3646 2854 3711 διασκευάζεται
2903 3648 3125 3719 ἀρετῆς,
3172 3650 3229 3701 ἐν
3268 3642 3313 3716 ᾧ
3357 3651 3539 3702 πᾶσαν
3580 3649 3680 3720 μὲν
3710 3649 3791 3701 οτ-

2206 3753 2333 3806 ησιν
2359 3736 2478 3800 νοὸς
2508 3737 2601 3789 καὶ
2632 3737 3024 3808 αὐταρέσκειαν
3052 3739 3084 3808 ἢ
3117 3738 3639 3810 ἀνθρωπαρέσκειαν
3688 3758 3788 3792 κο-

2209 3826 2361 3890 λάζει
2408 3826 2606 3896 ψυχῆς,
2658 3828 3160 3901 ταπεινοφροσύνην
3208 3830 3265 3882 δὲ
3314 3831 3409 3883 καὶ
3448 3832 3795 3902 φρονήματος

2214 3917 2541 3987 μετριότητα
2573 3919 2685 3981 τοῖς
2721 3918 2979 3989 ἐρασταῖς
3012 3920 3179 3991 αὐτῆς
3214 3924 3522 3991 περιποιεῖ·
3558 3921 3707 3988 λέξει
3737 3921 3794 3973 δὲ

2211 4006 2387 4067 οὕτως
2408 4020 2423 4036 ·

2214 4118 2238 4169 1
2290 4116 2409 4185 Τὴν
2430 4116 2654 4185 ἀρετὴν
2695 4118 2887 4173 ποθέω
2920 4119 3057 4187 μὲν,
3094 4120 3242 4188 ἀταρ
3274 4121 3404 4175 τόδε
3434 4122 3495 4191 μ’
3527 4123 3637 4175 οὐκ
3674 4121 3795 4174 ἐδί-

2212 4257 2247 4310 2
2287 4258 2457 4321 "Hac
2486 4255 2562 4324 δὴ
2592 4254 2814 4310 τελέθει
2840 4257 2937 4309 καὶ
2966 4259 3233 4312 ὁππόθεν
3262 4259 3404 4323 ἵξετ’
3432 4190 3796 4329 elegia.

2287 4348 2473 4401 Πάντα
2517 4347 2585 4400 τὰ
2629 4346 2759 4399 ὄντα.
2788 4347 2882 4400 τοῦ
2931 4348 3050 4401 κατ’
3095 4349 3234 4402 αὐτά
3280 4351 3490 4418 ἐφίεται
3543 4353 3797 4421 παναγά-

2218 4440 2311 4493 θου
2344 4440 2452 4510 (23)
2473 4455 2490 4471 ⁶
2524 4439 2800 4506 ἀναλόγως
2833 4439 2941 4511 γὰρ
2968 4440 3070 4509 τῆς
3106 4442 3286 4493 αὐτῶν
3312 4442 3553 4512 ούσίαςῆ
3582 4442 3799 4509 φύσεως

2218 4530 2286 4583 τὰ
2312 4529 2501 4593 ἁπλῶς
2532 4530 2629 4600 μὲν
2666 4530 2795 4583 ὅντα
2826 4531 2919 4584 τοῦ
2967 4526 3128 4597 εἶναι,
3160 4534 3226 4585 τὰ
3253 4532 3430 4596 ζῶντα
3455 4533 3510 4585 δὲ
3536 4532 3631 4585 τοῦ
3675 4532 3794 4604 ζῇν,

2217 4622 2287 4675 τὰ
2318 4622 2518 4691 φυτικά
2550 4621 2606 4673 δὲ
2643 4622 2736 4674 τοῦ
2767 4622 3018 4690 φύεσθαι,
3046 4624 3113 4676 τά
3148 4626 3399 4693 κινητικά
3423 4625 3478 4677 δὲ
3502 4625 3597 4677 τοῦ
3630 4628 3801 4678 κινεῖο

2220 4714 2364 4779 σθαι,
2402 4715 2497 4766 καὶ
2542 4713 2610 4765 τὰ
2637 4714 2933 4783 αἰσθητικὰ
2971 4716 3069 4783 μὲν
3092 4715 3184 4768 τοῦ
3214 4716 3585 4781 αἰσθάνεσθαι,
3620 4718 3690 4771 τὰ
3715 4718 3803 4770 λος

2218 4804 2350 4873 γικά
2384 4803 2439 4856 δὲ
2467 4803 2560 4857 τοῦ
2588 4801 2917 4871 λογίζεσθαι,
2950 4806 3044 4858 καὶ
3070 4805 3138 4859 τὰ
3178 4807 3405 4877 νοητικά
3441 4807 3643 4879 δηλαδὴ
3680 4810 3804 4862 κατ’

2221 4893 2508 4961 ἀναλογίαν
2540 4893 2638 4962 τῆς
2669 4894 2847 4947 αὐτῶν
2891 4896 3177 4966 προκοπῆς
3203 4897 3453 4968 ὀρέγεται
3488 4897 3583 4951 τοῦ
3624 4902 3767 4952 νοεῖν
3786 4914 3799 4927 ·

2220 4986 2248 5038 ὁ
2285 4984 2569 5055 ἄνθρωπος
2607 4984 2664 5036 δὲ
2706 4985 2814 5038 τῶν
2847 4974 3150 5057 εἰρημένων
3196 4989 3411 5043 πάντων
3449 4991 3676 5061 μέτοχος
3704 4992 3803 5055 ὢν,

2221 5075 2337 5144 εἴγε
2379 5074 2515 5145 πρὸς
2560 5074 2620 5127 τὸ
2662 5076 2780 5127 κατ’
2811 5077 2994 5131 εἰκόνα
3039 5078 3174 5131 Θεοῦ
3205 5081 3299 5132 καὶ
3336 5082 3593 5150 ὁμοίωσιν
3635 5084 3809 5152 ὑπερ-

2221 5160 2529 5227 εκτείνοιτο,
2558 5163 2694 5232 πρὸς
2722 5167 2833 5227 τοῖς
2858 5165 3037 5229 ἄλλοις
3069 5166 3148 5220 ἔτι
3178 5169 3271 5222 καὶ
3300 5169 3396 5239 τὴν
3422 5170 3608 5239 ἔφεσιν
3632 5188 3809 5241 apo:-

2218 5251 2484 5322 λαμϐάνει
2511 5254 2607 5323 τῆς
2640 5255 2863 5325 ἀρετῆς,
2899 5256 2964 5309 δι’
2986 5252 3054 5328 ἦς
3073 5258 3172 5311 τοῦ
3195 5260 3497 5331 ἀκροτάτου
3529 5260 3637 5313 τῶν
3666 5263 3811 5329 ἀγα-

2220 5343 2327 5396 θῶν
2548 5346 2756 5410 ἐλπίζει
2802 5354 3203 5421 κατευστοχεῖν.
3281 5350 3346 5405 Ἠ
3401 5354 3581 5406 τοίνυν
3636 5355 3812 5426 ἀρετὴ

2223 5434 2333 5487 τῶν
2356 5437 2574 5490 πάντων
2594 5437 2815 5506 ἀγαθῶν
2844 5436 2979 5494 οὖσα
3006 5442 3065 5494 τὸ
3078 5442 3386 5495 κάλλιστον’
3417 5446 3469 5499 τί
3486 5445 3591 5515 γὰρ
3620 5447 3687 5498 ἂν
3708 5449 3814 5500 καὶ

2225 5527 2535 5597 ἐπινοηθείη
2582 5530 2829 5600 κρεῖττον
2874 5531 2906 5602 ἢ
2939 5532 3384 5606 ἀξιεραστότερον
3406 5538 3595 5607 αὐτῆς,
3636 5537 3702 5591 δι’
3732 5534 3813 5611 ἧς

2295 5641 2409 5783 (25;
2446 5641 2583 5696 Cod.
2612 5646 2719 5697 πᾶν
2749 5644 2973 5715 ἀγαθοῦ.

2299 5712 2385 5782 (24
2449 5710 2554 5769 Pro
2578 5713 2796 5783 ἀγαθῶν
2828 5733 2900 5771 tn.
2930 5733 2973 5771 οι

2299 5710 2409 5783 (24)
2449 5710 2554 5769 Pro
2578 5710 2806 5783 ἀγαθῶν
2828 5733 2900 5771 ιιι.
2930 5719 3049 5774 cod.
3083 5719 3344 5791 scriptum
3380 5721 3608 5791 ἀρετῶν.
