4044 6210
307 307 416 367 Ήῧ

307 425 340 479 ὁ
365 424 747 487 τελισκόμενος
791 423 1047 478 κολλᾶται
1083 423 1225 494 Θεῷ,
1261 425 1358 511 καί
1381 423 1439 476 ἒν
1477 423 1720 495 πνεῦμα,
1750 424 1890 478 κατά

308 514 404 571 τὸν
441 517 784 577 ’Δπόστολον,
813 513 961 586 αὐτῷ
995 516 1236 584 γίνεται;
1271 515 1407 570 Καθ’
1449 516 1573 570 ὅσον
1598 515 1889 588 τοιγαροῦν

312 610 518 683 ὑψηλόν
551 627 608 663 τε
643 610 737 663 καὶ
779 608 965 681 νοερὸν
989 609 1083 663 καὶ
1108 608 1206 679 τῆς
1230 607 1454 679 πρώτης
1491 610 1889 680 μακαριότητος

310 701 572 772 πρόξενον
615 700 677 753 τὸ
714 700 905 771 χρῆμα
953 699 1309 754 πεπίστευται
1352 700 1454 771 τῆς
1501 699 1725 772 ἀρετῆς,
1747 700 1890 753 κατά

306 793 566 848 τοσοῦτον
612 792 706 845 καὶ
742 790 912 846 πολλά
961 791 1073 863 ἔχει
1116 791 1186 845 τά
1229 791 1367 864 πρὸς
1407 791 1506 862 τὴν
1550 791 1890 863 κατόρθωσιν

304 885 514 959 ταύτης
538 885 742 954 ἀνάντη
770 886 863 938 καὶ
883 884 1137 956 δυσχερῆ.
1168 882 1423 955 Ἴναγάρ
1447 885 1540 939 τὸν
1560 885 1655 938 τοῦ
1682 872 1887 958 δυσμε-

303 978 436 1042 νοῦς
464 977 658 1047 φθόνον
703 977 860 1049 παρῶ
895 979 1211 1031 ἐπισκοπεῖν
1257 978 1344 1031 ἀεὶ¹
1370 978 1469 1048 τὴν
1512 977 1767 1049 πρόθεσιν
1792 977 1886 1032 τοῦ

305 1069 449 1140 πρὸς
480 1068 650 1138 αὐτὴν
668 1066 907 1130 ἀνιόντος
930 1067 1298 1140 πειρωμένου,
1325 1069 1462 1140 αὐτὴ
1495 1070 1529 1140 ή
1558 1068 1677 1123 κατ’
1702 1069 1888 1141 αἴσθη-

306 1176 399 1213 σιν
430 1157 564 1230 ζωὴ,
591 1160 621 1212 ὅ
660 1176 720 1212 τε
750 1160 1030 1231 σύμφυτος
1061 1161 1161 1231 τῆς
1187 1162 1365 1233 ψυχῆς
1387 1160 1556 1234 θυμὸς
1582 1164 1678 1217 καὶ
1706 1165 1741 1234 ἡ
1767 1163 1888 1216 ἐπι-

302 1251 515 1323 θυμία,
566 1252 615 1305 εἰ
663 1252 739 1323 μὴ
787 1252 1143 1322 πνευματικῷ
1188 1254 1338 1324 νόμῳ
1390 1253 1747 1308 παιδευθέντα
1793 1254 1888 1308 καὶ

299 1343 595 1416 ταχθέντα,
632 1343 908 1413 καταπιθῆ
942 1345 1035 1397 καὶ
1058 1345 1246 1415 εὐήνια
1270 1345 1480 1415 γένοιτο
1507 1346 1586 1417 τῷ
1617 1346 1884 1418 λογισμῷ,

296 1434 492 1498 οὔπως
520 1435 587 1488 ἂν
625 1437 654 1488 ό
687 1435 879 1507 ἐχθρὸς
905 1436 1306 1508 άποστραφείη,
1333 1437 1445 1491 οὐδ’
1479 1437 1775 1510 είλικρινὴς
1796 1440 1887 1491 ἀν-

299 1523 515 1594 Θρώπῳ
558 1523 931 1596 κατορθωθείη
980 1525 1182 1596 ἀρετή·
1224 1525 1290 1579 δι’
1329 1524 1359 1578 ὃ
1403 1526 1495 1580 καὶ
1536 1529 1565 1580 ό
1614 1527 1693 1598 τῷ
1724 1527 1888 1600 ἔρωτι

296 1616 481 1687 αὐτῆς
523 1616 751 1687 κάτοχος
800 1617 1103 1687 φιλοσόφως
1133 1619 1214 1696 είς
1250 1617 1439 1672 ἑαυτὸν
1480 1619 1570 1673 τὸν
1600 1619 1759 1689 λόγον
1789 1638 1887 1692 με-

294 1708 752 1779 τασχηματίζων,
804 1708 915 1779 Τὴν
958 1709 1181 1781 ἀρετὴν,
1241 1712 1398 1782 φησι,
1450 1711 1599 1765 ποθῶ
1647 1714 1766 1783 μὲν,
1792 1714 1888 1768 καὶ

293 1798 410 1854 οὐκ
438 1800 740 1872 ἀρνήσομαι
760 1818 774 1831 -
818 1800 976 1854 τοῦτο
1000 1800 1109 1873 γὰρ
1148 1802 1242 1855 καὶ
1282 1803 1482 1869 πάντες
1510 1807 1559 1859 οί
1595 1804 1689 1859 τοῦ
1720 1806 1887 1870 ὅντως

294 1892 538 1963 ἐρασταὶ
571 1891 738 1945 καλοῦ
760 1909 773 1922 °
807 1892 943 1946 ἀλλά
973 1892 1131 1946 τοῦτό
1163 1912 1230 1964 με
1255 1896 1356 1949 οὐκ
1384 1897 1610 1963 ἐδίδαξε,
1647 1900 1732 1963 τίς
1756 1916 1887 1954 ποτε

294 1982 470 2055 αὕτη,
502 1983 598 2037 καὶ
638 1983 761 2037 ὅθεν
810 1984 875 2038 ἄν
924 2003 1015 2056 μοι
1064 1986 1411 2058 προστεθείη,
1450 1991 1645 2062 κομιδῇ
1686 1992 1886 2064 ταύτης

296 2074 484 2145 ἔχοντι
533 2075 631 2146 τὴν
682 2075 895 2148 ὄρεξιν*
946 2075 1030 2143 οἷς
1072 2080 1166 2132 καὶ
1213 2079 1452 2153 ἀνιῶμαι
1501 2086 1568 2155 τῇ
1606 2085 1888 2155 ἀτελότητι

296 2167 509 2237 ταύτης
560 2167 922 2238 ἀλγυνόμενος
944 2187 957 2199 ο
1025 2172 1135 2235 πᾶς
1187 2170 1297 2243 γὰρ
1361 2174 1524 2239 πόθος
1582 2176 1886 2242 ἀτέλεστος,

296 2257 466 2330 ὀδύνη
496 2258 575 2329 τῷ
612 2262 936 2332 κεκτημένῳ
972 2261 1160 2318 τοῦτον
1207 2265 1558 2336 χρηματίζει.

589 2352 660 2406 Et
685 2351 805 2421 μὲν
832 2352 910 2421 δὴ
936 2355 1217 2425 καθαρὸς,
1250 2374 1306 2413 κ.
1335 2374 1384 2412 τ.
1418 2359 1466 2413 ὲ.

393 2439 457 2494 Ἥ
483 2443 799 2515 μὲνάληθὴς
843 2444 1011 2517 ἀρετὴ
1054 2447 1151 2501 καὶ
1206 2448 1285 2519 τῷ
1328 2447 1441 2503 ὖντι
1503 2450 1753 2524 καθαρὰ,
1811 2455 1892 2528 τῷ

301 2534 494 2603 πάσης
527 2536 727 2598 κακίας
769 2536 863 2589 καὶ
903 2537 1175 2609 ῥυπαρίας
1223 2539 1425 2612 σαρκὸς
1455 2542 1548 2594 καὶ
1580 2543 1892 2615 πνεύματος

301 2626 546 2696 πάμπαν
572 2626 940 2698 ἀπηλλάχθαι,
975 2628 1131 2684 ὕδατι
1169 2631 1458 2703 προσέοικε
1496 2633 1887 2709 καθαρωτάτῳ,

300 2720 409 2773 καὶ
435 2718 665 2791 ῥεύματι
684 2720 895 2792 κρήνης
920 2719 1263 2793 ὲξαλλομένῳ
1289 2721 1491 2795 ζώσης,
1531 2724 1591 2792 ἐξ
1635 2725 1893 2798 οὐδεμιᾶς

302 2810 610 2881 χειμερίων
666 2811 896 2874 ὑδάτων,
940 2812 1059 2883 ἦτοι
1105 2814 1454 2886 χειμάρρων,
1504 2817 1787 2889 ἐπιμιξίας
1831 2820 1894 2873 τὸ

302 2900 408 2957 τοῦ
445 2903 682 2974 νάματος
724 2901 1032 2974 θολουμένῳ
1058 2904 1439 2960 διειδέστατον.
1478 2907 1649 2980 Εἴπερ
1690 2905 1782 2964 οὖν
1808 2929 1894 2976 τις

302 2991 462 3047 οὕτω
495 2991 733 3065 καθαρός
779 2994 947 3057 ἐστιν,
986 2993 1063 3058 ὡς
1111 2995 1286 3067 ἀμιγῆ
1332 2997 1512 3067 πάσης
1558 2999 1755 3063 κακίας
1798 3002 1896 3055 καὶ

297 3084 586 3157 ἁμαρτίας
632 3084 892 3156 ἀμίαντον
924 3086 1024 3159 τὴν
1075 3087 1244 3141 αὑτοῦ
1296 3090 1540 3160 τηρήσας
1576 3089 1757 3164 ψυχὴν
1800 3095 1895 3147 καὶ

298 3180 404 3234 τὸν
460 3179 620 3244 νοῦν,
674 3178 946 3234 ἀθόλωτον
999 3180 1056 3234 δὲ
1100 3182 1199 3253 τὴν
1248 3182 1424 3255 σάρκα
1477 3184 1572 3236 καὶ
1625 3185 1893 3256 άρῤυπον,

258 3324 271 3327 _
299 3270 462 3342 ζητῶ
500 3271 588 3335 τίς
630 3270 697 3326 ἂν
741 3266 895 3336 οὗτος
935 3274 1058 3344 εἴης
1113 3276 1162 3326 εί
1204 3273 1314 3345 γὰρ
1346 3277 1520 3345 ἀστρα
1564 3277 1626 3328 οὐ
1681 3278 1898 3349 καθαρά

299 3363 554 3418 ἐναντίον
579 3364 765 3430 αὐτοῦ,
795 3364 938 3419 κατά
957 3364 1019 3418 τὸ
1047 3364 1246 3435 λόγιον,
1274 3367 1337 3420 ἔα
1359 3367 1417 3420 δὲ
1445 3369 1495 3421 oi
1519 3369 1898 3434 κατοικοῦντες

302 3455 494 3520 οἰκίας
525 3456 792 3528 πηλίναςο
827 3459 861 3529 ἢ
905 3457 1015 3528 γάρ
1062 3460 1129 3512 ὲκ
1178 3459 1405 3530 καρδίας
1456 3461 1591 3525 ἰδίας
1638 3461 1899 3533 βόρϐορον

310 3549 529 3602 ἀτόπων
548 3549 810 3620 ἀναφέρει
837 3549 1121 3622 ἄνθρωπος
1141 3550 1417 3622 λογισμῶν
1434 3569 1448 3582 ·
1470 3551 1607 3624 αὕτη
1628 3551 1725 3624 μία
1750 3552 1900 3607 αίτία

306 3639 414 3711 τῆς
436 3641 674 3704 κακίας*
709 3641 903 3697 ἔπειτα
926 3643 1105 3716 σάρκα
1146 3644 1371 3716 βαρεῖαν
1402 3630 1499 3699 καὶ
1536 3644 1732 3716 ίλυὼδη
1764 3646 1900 3717 πρὸς

304 3734 374 3786 τὸ
418 3731 627 3801 γεῶδες
663 3732 956 3804 βρίθουσαν
993 3736 1251 3808 φρόνημα
1297 3736 1758 3807 συνεφελκόμενος
1802 3741 1901 3810 ρυ-

304 3823 609 3878 παίνεταιο
638 3827 776 3898 πρὸς
803 3826 859 3880 δὲ
894 3828 991 3882 καὶ
1029 3827 1109 3900 τῷ
1153 3830 1373 3901 ἄρχοντι
1424 3829 1518 3883 τοῦ
1568 3830 1794 3895 σκότους
1822 3829 1903 3903 τῷ

305 3919 415 3988 τῆς
441 3917 721 3989 ἡμετέρας
749 3918 931 3991 ἐχθρῷ
959 3921 1234 3993 σωτηρίας
1270 3920 1471 3989 ἔξωθεν
1500 3922 1905 3995 παροτρυνόμε-

307 4025 430 4073 νος,
465 4010 565 4062 καὶ
600 4012 738 4080 πρὸς
790 4013 1063 4085 ἁμαρτίαν
1104 4014 1512 4087 ὐφαπτόμενος,
1558 4013 1677 4078 πῶς
1713 4015 1779 4069 ἂν
1821 4015 1908 4069 δυ-

309 4099 523 4171 ναίμην
546 4099 826 4172 ἀκραιφνῆ
863 4102 1146 4174 προϊσχειν
1175 4103 1274 4175 τὴν
1301 4105 1541 4175 ἀρετήνς

547 4193 780 4260 Ἐπειδὴ
813 4189 929 4249 οὖν
950 4195 1134 4263 ῥύσις
1158 4196 1275 4264 εἰμὶ
1302 4196 1580 4266 πατεῖσα.

389 4281 470 4339 Ἦ
485 4282 783 4356 οὑχῶσπρ
797 4285 937 4354 γάλα
949 4305 1015 4358 με
1046 4286 1304 4359 ἧμελξας,
1335 4290 1499 4359 φησὶν
1540 4291 1571 4343 ό
1618 4287 1758 4354 Ἰὼϐ,
1782 4287 1902 4341 ἐτύ-

314 4390 506 4445 ρωσας
541 4373 600 4427 δέ
636 4391 704 4446 με
744 4375 833 4430 ἴσα
863 4377 1013 4448 τυρῷ
1032 4420 1046 4443 ,
1095 4378 1185 4432 διὰ
1220 4378 1335 4449 βίου
1366 4396 1425 4433 τε
1455 4379 1669 4451 ῥέοντος
1700 4379 1792 4435 καὶ
1822 4379 1905 4432 εὐ-

317 4462 625 4535 μεταϐόλου
671 4466 1010 4539 διατρέχω;
1052 4470 1154 4523 οὐκ
1198 4464 1263 4541 ἦν
1340 4472 1513 4534 ἐοικὸς
1574 4472 1726 4543 (Ἇῦ),
1783 4472 1905 4543 ἤτοι

313 4557 633 4630 προσφυὲς,
673 4558 972 4632 άρρευςτόν
1023 4578 1091 4632 με
1112 4560 1233 4633 Θεῷ
1280 4561 1393 4634 βίον
1436 4565 1528 4617 καὶ
1555 4564 1905 4618 παντάπασιν

313 4652 710 4724 ἀναμάρτητον
736 4653 912 4723 βιοῦν.
1576 4725 1588 4735 ν

309 4743 381 4796 El
411 4741 467 4794 δ’
500 4744 615 4797 οὐκ
643 4743 932 4813 ἀργύρεος
963 4744 1159 4813 πάντη
1193 4747 1356 4814 νόος,
1392 4747 1533 4801 ἀλλ’
1571 4746 1904 4816 ἐπίμικτος.

392 4834 458 4888 Εί
486 4834 547 4889 δὲ
583 4835 761 4900 τοῦτο,
792 4838 980 4908 φησὶν,
1009 4838 1227 4910 ἀληθὲς,
1255 4840 1348 4893 καὶ
1379 4842 1408 4893 ό
1438 4838 1716 4911 τροπικῶς
1744 4854 1909 4911 προσ-

318 4927 617 4999 ειρημένος
650 4928 808 4999 ῥοῦς,
836 4930 955 5002 ἢτοι
996 4930 1137 5001 βίος,
1171 4932 1271 4985 οὐκ
1304 4930 1571 5004 ἀργύρεος
1603 4931 1724 4985 οὐδὲ
1754 4930 1903 4985 δόκι-

320 5037 426 5088 μος
466 5020 749 5087 παντελῶς
777 5024 871 5075 καὶ
901 5023 1158 5096 καθαρὸς,
1199 5023 1448 5097 ἐπιμιξίᾳ
1476 5024 1534 5079 δὲ
1561 5025 1662 5096 τῆς
1704 5024 1902 5088 κακίας

1292 306 1357 360 IN
1393 304 1699 359 CARMINA
1736 303 2014 360 ARCANA
2041 303 2099 359 S.
2127 302 2481 361 οιιεϐοιιιι.

3459 317 3564 373 τη

1995 423 2105 478 Deo
2134 438 2372 493 quocum
2404 439 2549 479 unus
2582 423 2812 494 spiritus
2840 424 2997 493 juxta
3044 426 3364 497 Apnstolum
3402 432 3569 487 elﬁci-

1989 512 2115 566 tur?
2153 511 2433 579 Quantum
2480 528 2611 585 ergo
2659 515 3078 584 supereminens
3100 525 3154 571 et
3179 519 3483 590 spiritualis
3514 534 3571 578 et

1989 604 2181 674 prima:
2202 603 2564 660 beatitudinis
2600 607 3023 677 promissionem
3068 609 3277 665 habens
3327 620 3572 681 quaestus

1989 695 2216 751 virtutis
2250 696 2516 760 creditur,
2565 705 2677 750 tam
2708 699 2881 753 multa
2909 699 2976 754 ad
3014 699 3136 770 ejus
3166 703 3570 760 assccutionem

1991 787 2164 842 ardua
2196 788 2492 843 admodum
2549 798 2605 845 et
2653 790 2891 845 difﬁcilia
2944 793 3166 862 praebet.
3221 792 3471 865 Namque
3513 806 3576 851 ut

1987 879 2301 934 Adversarii
2353 881 2762 950 praetermittam
2801 882 3059 938 invidiam
3115 884 3448 956 pedetentim
3489 886 3577 941 in-

1988 969 2142 1038 sequi
2176 970 2521 1041 pmpositum
2554 972 2867 1028 anhelantis
2894 973 2961 1027 ad
2990 973 3247 1030 virtutem
3284 976 3571 1041 conantis,

1989 1063 2106 1133 ipsa
2166 1062 2275 1116 vita
2312 1078 2419 1133 qua
2464 1062 2722 1119 sensibus
2764 1064 3103 1136 indulgetur,
3144 1077 3199 1123 et
3232 1068 3419 1123 innata
3455 1071 3575 1124 ani-

1990 1170 2092 1210 ma:
2124 1152 2301 1210 fervor
2332 1165 2389 1212 et
2427 1157 2907 1227 concupiscentia,
2965 1160 3075 1214 nisi
3100 1176 3130 1214 a
3179 1160 3298 1231 lege
3339 1161 3573 1233 Spiritus

1988 1248 2204 1301 erudita
2233 1254 2288 1302 et
2333 1248 2548 1311 edocta,
2605 1249 2903 1306 suadibilia
2964 1263 3021 1306 et
3063 1253 3319 1308 docibilia
3373 1255 3575 1308 rationi

1991 1338 2143 1404 ﬁant,
2162 1341 2311 1395 nullo
2333 1342 2495 1397 modo
2525 1340 2711 1399 Hostis
2736 1342 3037 1414 fugabitur,
3068 1346 3379 1402 nullatenus
3401 1347 3576 1402 electa

1989 1432 2165 1487 virtus
2187 1432 2464 1488 hominem
2495 1434 2823 1490 moderabit.
2862 1436 2990 1491 Ideo
3025 1437 3201 1508 ipsius
3235 1453 3424 1493 amore
3453 1438 3575 1509 phi—

1991 1525 2276 1595 losophice
2324 1525 2587 1597 ﬂagrans,
2631 1541 2775 1582 novo
2822 1528 3017 1584 ordine
3057 1529 3298 1600 seipsum
3342 1531 3576 1602 alloqui-

1991 1624 2151 1671 tur...
2176 1616 2468 1684 Virtutem,
2519 1619 2721 1688 inquit,
2764 1619 2928 1688 cupio
2963 1636 3064 1675 nec
3104 1621 3407 1676 aversabor
3441 1641 3454 1676 :
3494 1622 3579 1677 sic

1993 1707 2141 1760 enim
2183 1708 2367 1761 cuncti
2399 1709 2583 1778 reipsa
2629 1709 2759 1763 boni
2806 1718 3112 1773 amatores;
3159 1710 3252 1765 sed
3293 1726 3405 1766 non
3453 1728 3580 1766 eru-

1995 1797 2144 1854 ditus
2187 1814 2308 1854 sum
2354 1815 2477 1870 qua:
2522 1801 2593 1854 sit
2627 1808 2681 1855 et
2714 1800 2859 1855 unde
2895 1801 3029 1855 mihi
3076 1802 3241 1871 hujus
3283 1803 3580 1858 vehemens

1995 1891 2329 1947 desiderium
2361 1892 2583 1947 babenti
2626 1892 2937 1961 adjiciatur.
2985 1893 3081 1949 llis
3128 1894 3289 1950 doleo
3337 1910 3581 1952 maerens

1995 1983 2064 2039 de
2093 1986 2313 2040 virtutis
2338 1985 2753 2055 imperfectione
2779 2003 2794 2051 ;
2825 1986 3025 2041 etenim
3061 1987 3395 2043 desiderium
3418 2004 3583 2047 omne

1995 2093 2107 2149 quo
2139 2092 2248 2131 non
2279 2078 2459 2147 potior
2491 2078 2697 2133 doloris
2724 2077 2998 2133 rationem
3057 2079 3226 2135 habet
3264 2081 3319 2135 in
3360 2080 3579 2136 deside-

1996 2171 2161 2225 ranti.
2195 2189 2214 2222 ι
2241 2169 2298 2225 Si
2322 2181 2501 2227 autem
2534 2186 2729 2240 purus,
2754 2189 2771 2223 ι
2792 2180 2847 2226 et
2871 2182 2987 2242 seq.
3016 2170 3157 2229 Vera
3180 2174 3355 2230 virtus
3375 2183 3430 2230 et
3454 2188 3585 2231 vere

1997 2279 2134 2335 pura
2168 2263 2238 2318 ab
2270 2264 2420 2318 omni
2451 2264 2657 2318 malitia
2687 2273 2741 2318 et
2765 2262 3014 2318 fmilitate
3036 2266 3219 2321 carnis
3243 2274 3297 2321 et
3327 2264 3580 2336 spiritus,

1997 2356 2365 2427 aequiparatur
2399 2355 2712 2427 purissimis
2765 2357 2929 2412 undis
2962 2364 3019 2412 et
3065 2358 3392 2414 salientibus
3429 2375 3585 2429 aqua:

1998 2451 2135 2503 viva:
2164 2448 2378 2511 rivulis,
2403 2464 2640 2518 quorum
2666 2448 2815 2502 nulla
2831 2464 3097 2519 aquarum
3121 2450 3380 2504 imbrium
3401 2451 3585 2505 mistiu

2000 2558 2069 2594 ne
2124 2540 2469 2609 superﬁciem
2520 2539 2741 2609 quidem
2794 2539 2989 2594 inlicit.
3055 2541 3140 2595 Sit
3191 2555 3325 2611 ergo
3381 2541 3587 2612 aliquis

2000 2632 2137 2687 adeo
2166 2646 2338 2702 purus
2361 2631 2454 2701 qui
2486 2644 2695 2685 meram
2729 2631 2800 2685 ab
2829 2631 2978 2685 omni
3014 2632 3223 2687 malitia
3263 2642 3318 2687 et
3358 2643 3586 2704 peccato

2000 2725 2301 2783 servaverit
2345 2723 2588 2777 animam
2646 2730 2813 2794 atque
2865 2732 3127 2792 mentem,
3175 2725 3269 2796 qui
3321 2726 3583 2781 mundam

2000 2815 2327 2873 custodierit
2386 2829 2611 2869 carnem
2667 2821 2723 2869 et
2803 2815 3240 2883 immaculatam,
3294 2817 3421 2887 quis
3480 2819 3597 2873 crit.

2002 2913 2146 2968 iste?
2188 2910 2412 2981 quando
2458 2917 2610 2965 astra
2653 2924 2765 2964 non
2808 2916 2939 2965 sunt
2988 2909 3194 2965 munda
3224 2926 3254 2965 a
3289 2909 3432 2966 faeie
3465 2910 3585 2976 Dei,

1995 3006 2153 3075 juxta
2179 3004 2426 3058 divinum
2454 3001 2683 3066 librum,
2717 3000 2851 3073 quid
2878 3001 2947 3057 de
2972 3000 3354 3059 habitantibus
3388 3003 3587 3059 domos

2000 3095 2216 3152 luteas?
2259 3092 2387 3149 Sive
2410 3108 2477 3147 ex
2507 3093 2671 3148 corde
2713 3108 2816 3148 suo
2857 3093 3376 3165 intempestivorum
3423 3097 3590 3152 ratio-

1996 3187 2271 3243 ciniorum
2319 3184 2483 3239 homo
2516 3182 2762 3254 proferat
2797 3197 3039 3249 caenum,
3069 3185 3183 3240 haec
3217 3201 3327 3240 una
3366 3187 3590 3242 malitiae

1998 3292 2164 3333 causa
2188 3294 2205 3344 ;
2238 3276 2509 3347 siquidem
2534 3289 2703 3330 carne
2730 3275 2884 3345 gravi
2912 3283 2969 3328 et
3002 3276 3180 3331 lutosa
3196 3276 3264 3329 ad
3287 3282 3580 3358 terrestres

2000 3376 2289 3424 attractata
2316 3365 2676 3437 cogitationes
2699 3363 2977 3435 impulsus
2999 3367 3325 3422 maculatur.
3353 3365 3590 3424 Praeter-

1999 3473 2065 3513 ea
2119 3457 2188 3513 ab
2230 3464 2387 3511 extra
2417 3471 2448 3509 a
2499 3456 2749 3526 principe
2786 3456 3140 3511 tenebrarum
3180 3468 3385 3513 nostra:
3420 3460 3586 3515 saluti

2002 3550 2220 3605 infenso
2246 3548 2566 3604 stimulatus
2613 3559 2668 3603 et
2700 3547 2769 3602 ad
2816 3556 3100 3618 peccatum
3144 3551 3405 3607 incensus
3444 3568 3587 3621 quu—

2002 3640 2164 3696 modo
2194 3654 2388 3712 puram
2426 3640 2685 3695 virtutem
2709 3642 2952 3711 praebere
2982 3644 3239 3711 possem?
3283 3663 3302 3695 ι
3328 3642 3463 3698 Cum
3483 3646 3590 3700 sint

2000 3732 2124 3787 fons
2140 3730 2510 3799 obrigescens.
2537 3748 2556 3781 ι
2581 3728 2726 3793 Sive,
2748 3728 2939 3785 Nonne
2958 3732 3201 3785 sicutlac
3224 3733 3462 3789 mulsisti
3477 3750 3585 3799 me,

2004 3824 2184 3895 inquit
2210 3821 2334 3888 Job,
2362 3828 2418 3876 et
2449 3822 2595 3876 sicut
2641 3836 2861 3876 caseum
2891 3837 2977 3877 me
3004 3823 3350 3893 coagulasti?
3408 3824 3586 3879 Vitam

2002 3922 2379 3973 transeuntem
2404 3920 2461 3969 et
2488 3912 2776 3968 mutationi
2807 3914 3100 3969 obnoxiam
3132 3929 3319 3981 curro,
3362 3933 3473 3972 non
3494 3918 3592 3973 de-

2002 4010 2161 4065 cebat
2190 4022 2321 4063 sane
2353 4021 2420 4061 ex
2453 4015 2649 4061 natura
2678 4005 3078 4061 immutabilem
3114 4022 3203 4062 me
3242 4008 3385 4064 sicut
3415 4008 3585 4064 Deum

2003 4100 2173 4155 vitam
2204 4104 2261 4152 et
2285 4095 2597 4152 omnimode
2624 4094 3037 4164 impeccabilcm
3072 4094 3295 4151 ducere.
3336 4115 3355 4146 ι
3387 4096 3442 4149 Si
3475 4111 3586 4150 non

2006 4203 2090 4248 est
2125 4191 2348 4245 omnino
2375 4188 2582 4243 nitidus
2624 4187 2885 4259 spiritus,
2915 4186 3010 4242 sed
3051 4195 3108 4242 et
3152 4186 3524 4255 intermistus;
3565 4209 3585 4241 ο

2009 4282 2066 4338 Si
2101 4281 2154 4336 id
2189 4294 2374 4335 verum
2405 4287 2510 4342 est,
2546 4277 2745 4348 inquit,
2778 4277 2824 4332 si
2852 4275 3141 4348 allegorice
3178 4293 3345 4348 supra
3390 4279 3591 4335 allatus

2009 4376 2199 4438 vivus,
2248 4373 2459 4428 scilicet
2507 4371 2617 4425 vita
2664 4384 2767 4425 nec
2817 4368 2991 4424 nitida
3043 4384 3143 4425 nec
3196 4370 3421 4426 omnino
3467 4386 3590 4442 pro-

2011 4470 2138 4523 bata
2169 4473 2224 4521 et
2259 4481 2417 4535 pura,
2449 4463 2547 4519 sed
2582 4462 2787 4516 malitia
2817 4461 3082 4518 miscetur
3123 4471 3180 4519 et
3225 4463 3486 4530 inficitur,
3537 4472 3593 4519 et

2014 4556 2324 4614 inordinate
2369 4554 2631 4619 ftedatur,
2672 4551 2806 4608 illud
2853 4553 3132 4624 quomodo
3178 4562 3328 4610 esset
3369 4556 3547 4609 virtus
3567 4558 3590 4607 1'

2009 4647 2252 4720 Agedum
2288 4646 2379 4701 dic
2428 4643 2586 4709 mibi,
2634 4643 2817 4715 inquit
2856 4644 3099 4717 sapiens,
3156 4648 3439 4716 justumne
3507 4656 3593 4703 est

2010 4742 2171 4798 istius
2199 4740 2348 4795 modi
2377 4739 2625 4795 habitum
2652 4753 2847 4794 vocare
2903 4740 3205 4819 virtutem?
3248 4740 3461 4797 Etenim
3508 4744 3591 4797 sic

2010 4851 2112 4907 ego
2146 4835 2346 4907 spiritu
2386 4848 2503 4889 rem
2532 4833 2791 4899 volvens,
2833 4848 3027 4905 puram
3078 4841 3135 4890 et
3178 4834 3590 4890 immaculatam

2009 4930 2180 4984 vitam
2222 4928 2277 4982 in
2304 4927 2527 4982 homine
2546 4925 2733 4982 videre
2757 4926 2853 4997 qui
2898 4940 3135 4997 nequeo,
3162 4927 3309 4983 unde
3326 4927 3589 4982 virtutem

2010 5023 2351 5077 nominarem
2378 5035 2500 5090 qua;
2521 5018 2729 5074 malitia
2766 5020 3029 5076 miscetur
3052 5020 3077 5074 ?

317 5114 648 5186 θολούμενος
710 5114 993 5186 μολύνεται
1044 5119 1138 5171 καὶ
1184 5117 1443 5188 ἀκόσμως
1500 5116 1946 5189 καταχραίνεται,
1999 5113 2116 5175 πῶς
2164 5112 2229 5167 ἂν
2279 5111 2366 5183 είη
2416 5110 2575 5165 τοῦτο
2620 5113 2821 5184 ἀρετή;
2859 5113 3071 5184 Φράσον
3103 5112 3167 5185 δή
3205 5130 3316 5184 μοι,
3358 5115 3524 5184 φησὶν
3562 5112 3592 5165 ό

321 5214 661 5281 σοφάπατος,
709 5213 759 5265 εί
795 5212 943 5277 ἀξιον
978 5212 1077 5284 τὴν
1111 5212 1255 5267 οὕτω
1284 5212 1632 5285 διακειμένην
1664 5213 1775 5281 ἕξιν
1813 5212 1998 5266 καλεῖν
2034 5211 2268 5282 ἀρετήν’
2298 5208 2393 5261 καὶ
2429 5208 2538 5279 γὰρ
2568 5206 2723 5275 κάγὼ
2756 5200 2859 5261 ὧδε
2888 5210 3050 5263 κάκεῖ
3069 5207 3168 5262 τοῦ
3197 5208 3289 5262 νοῦ
3321 5207 3589 5279 περιελίσο

319 5319 457 5364 οων,
490 5303 738 5375 καθαράν
767 5306 829 5358 τέ
863 5322 985 5359 τινα
1017 5306 1112 5360 καὶ
1147 5307 1625 5379 ἀκραιφνεστάτην
1666 5306 1852 5376 βίωσιν
1901 5307 1957 5358 ὲν
1996 5300 2266 5374 ἀνθρώπῳ
2309 5301 2382 5372 μὴ
2432 5299 2730 5371 δυνάμενος
2777 5302 2924 5365 ἰδεῖν,
2980 5301 3193 5374 ἀπορῶ,
3244 5300 3360 5363 πῶς
3393 5301 3591 5369 ἀρετην

316 5398 425 5468 τὴν
461 5397 749 5468 ἐπίμικτον
783 5398 919 5472 πρὸς
949 5401 1144 5454 κακίαν
1170 5400 1519 5473 όνομάσαιμι.

324 5507 400 5565 16
450 5508 664 5579 Ψυχρὴ
716 5511 834 5580 μὲν
881 5513 1087 5581 χιόνος
1137 5513 1323 5582 φύσις
1637 5510 1905 5634 ὰργιέφέη

1082 5614 1091 5635 ι
1384 5599 1445 5637 τε
1598 5623 1612 5648 ,
1639 5600 1763 5638 κ.τ.
1801 5620 1832 5635 ι.

1082 5614 1091 5635 .
1360 5599 1445 5648 [τε
1477 5599 1612 5648 (ιο),
1639 5600 1763 5638 κ.τ.
1784 5599 1832 5635 Α.

404 5668 557 5739 οἶδα,
589 5678 753 5749 φησὶν
797 5680 825 5732 ό
874 5678 1016 5744 θεῖος
1054 5678 1164 5733 τῶν
1202 5677 1382 5751 ὲργῶν
1431 5678 1569 5735 Θεοῦ
1614 5678 1907 5751 ἐξηγητὴς,

403 5805 514 5879 (25)
552 5809 689 5864 Cod.
725 5811 916 5876 ἐοικιῇ
948 5820 1003 5868 et
1038 5812 1207 5885 μεθῶ.

615 5927 887 5988 Ρηιιοι..
926 5930 1017 5989 Gn
1084 5927 1404 5990 XXXVIII.

2086 5507 2154 5563 I6
2174 5505 2398 5578 Frigida
2427 5469 2637 5578 quidem
2663 5519 2741 5563 est
2768 5511 2902 5566 nivis
2922 5519 3120 5564 natura
3139 5518 3189 5564 et
3210 5506 3590 5570 candidamtc.

2095 5671 2208 5739 Sic,
2255 5673 2335 5728 ait
2383 5673 2543 5728 divus
2589 5689 2816 5745 operum
2863 5673 2955 5730 Dei
2997 5673 3292 5744 interpres,
3340 5671 3593 5746 frigidam

2086 5812 2200 5885 (9.6)
2238 5811 2428 5869 Billius
2459 5813 2700 5889 ἀργυρέη
2738 5831 2820 5868 τε.
2852 5811 2953 5871 Sed
2982 5814 3236 5886 ἀργυφέη
3265 5812 3588 5868 vocabulum

3199 5924 3274 5986 ‘23
