4056 6238
501 274 607 330 715

500 397 640 453 nivis
673 402 924 450 naturam
947 405 1000 450 et
1034 394 1234 456 albam,
1271 394 1413 463 ignis
1451 407 1579 447 vero
1619 392 1984 447 rubicunda‘n'i
2027 403 2080 447 et

497 490 802 549 ardentem,
847 501 1080 556 quorum
1111 486 1378 555 oppositae
1421 485 1715 554 qualitates
1737 485 1818 538 sic
1855 484 2080 536 omnino

498 581 664 633 mistu
718 578 1106 647 impossibiles,
1157 585 1216 629 ut
1263 576 1356 645 qui
1399 582 1695 630 conaretur
1740 575 1919 644 ignem
1957 575 2081 628 nive

498 669 845 739 refrigerare,
871 675 964 720 aut
989 668 1168 720 nivem
1198 665 1322 736 igne
1351 665 1671 728 calefacere,
1693 666 1804 718 haec
1832 665 1983 734 prius
1997 664 2084 718 de-

499 769 738 816 strueret
772 776 933 831 quam
958 760 1224 814 misceret
1257 778 1269 813 :
1304 759 1578 829 quomodo
1595 767 1777 812 autem
1805 759 1858 812 in
1878 760 2080 828 Optima

489 852 786 923 turpitudo
818 852 1168 922 penetravit?
1220 851 1502 921 quomodo
1532 865 1698 918 super
1734 850 1932 903 virtute
1962 865 2082 903 cre-

499 945 578 998 vit
611 941 856 997 malitia?
884 940 1161 1012 quomodo
1194 939 1250 995 in
1281 939 1578 1010 imaginem
1609 938 1792 1008 magni
1837 937 1928 992 Dei
1973 955 2081 991 nm-

498 1039 588 1093 lus
622 1039 750 1092 boni
791 1037 1034 1091 imitator
1069 1050 1234 1090 error
1266 1033 1574 1088 infunditur
1605 1041 1664 1088 et
1700 1032 1934 1087 dedecus
1975 1033 2079 1086 im-

499 1131 698 1184 miscet
745 1135 909 1197 atque
952 1125 1302 1180 fmditatem?
1348 1123 1488 1178 Vere
1533 1140 1627 1193 per
1677 1125 1930 1178 virtutem
1980 1138 2080 1192 ego

488 1220 642 1274 .Deus
667 1234 792 1274 esse
819 1217 1004 1287 cupio,
1029 1224 1083 1270 et
1106 1229 1234 1284 pars
1251 1221 1345 1267 tua
1367 1221 1420 1268 et
1455 1213 1749 1267 haereditas
1769 1225 1880 1271 tua,
1913 1210 2076 1266 Deus.

499 1311 688 1365 Multis
731 1311 795 1364 de
827 1309 929 1363 hoc
969 1307 1377 1362 disserentibus
1429 1321 1614 1376 quaero
1653 1313 1707 1359 et
1757 1304 1956 1357 audio:
1985 1305 2080 1357 Al-

497 1404 692 1472 phaeus
734 1401 824 1454 ille
856 1416 919 1454 ex
958 1398 1194 1451 Arcadia
1255 1398 1307 1450 in
1364 1396 1607 1450 Siciliam
1649 1404 1828 1448 manat
1877 1395 2077 1448 ﬂumen

497 1511 595 1566 per
629 1509 845 1548 amaros
878 1491 1044 1546 maris
1071 1491 1269 1545 fluctus
1309 1497 1658 1544 transmeans
1684 1489 1870 1542 dulces
1907 1503 2077 1557 aquas

498 1603 650 1650 suas,
683 1586 885 1656 quibus
931 1583 985 1637 in
1017 1583 1252 1636 transitu
1302 1582 1384 1636 sal
1425 1582 1593 1634 maris
1626 1595 1734 1633 non
1783 1581 2072 1644 miseetur;

496 1689 553 1733 et
584 1679 686 1731 hoc
717 1675 1024 1730 mirandum
1058 1675 1234 1739 valde,
1266 1673 1464 1743 inquit,
1488 1683 1540 1726 et
1564 1672 2074 1740 stupendum,quod

495 1786 607 1824 non
626 1770 907 1822 alteratam
925 1782 1024 1821 nec
1048 1775 1363 1835 corruptam
1394 1765 1735 1819 dulcedinem
1755 1780 1907 1818 suam
1925 1764 2080 1834 traji-

496 1863 626 1916 ciat.
669 1859 840 1914 Porro
876 1860 1022 1928 quod
1067 1859 1206 1912 salis
1254 1873 1418 1927 sapor
1457 1858 1522 1912 ad
1567 1858 1749 1912 dulcia
1785 1873 2074 1927 aquarum,

495 1953 639 2023 quod
679 1952 790 2007 aeri
820 1951 1079 2006 nebula-a
1106 1957 1252 2004 terra
1286 1965 1345 2004 se
1371 1949 1646 2012 attollens,
1677 1948 1824 2018 quod
1851 1959 1934 2004 est
1954 1965 2078 2003 cor-

493 2046 721 2116 poribus
755 2044 1001 2105 morbus,
1036 2042 1138 2095 hoc
1173 2043 1360 2095 virtuti
1396 2058 1502 2094 nox
1528 2043 1780 2112 peccati;
1827 2041 2070 2095 dedecus

491 2151 690 2205 nempe
736 2143 788 2188 et
843 2133 1140 2204 ignominia
1186 2140 1290 2186 est.
1344 2132 1500 2204 Step0
1535 2149 1730 2187 manus
1781 2133 2070 2186 tendebam

492 2243 713 2282 sursum
746 2227 1021 2298 supplices
1047 2226 1100 2278 in
1138 2227 1387 2281 oratione
1423 2227 1506 2281 vel
1537 2227 1705 2281 animi
1747 2239 1926 2281 motus
1961 2229 2076 2279 ela-

485 2329 578 2374 ‘tos
603 2319 670 2372 ad
705 2320 907 2372 cmlum
939 2327 991 2372 et
1020 2318 1088 2372 ad
1119 2319 1482 2383 Altissimum,
1511 2329 1565 2373 et
1593 2319 1952 2372 humanarum
1984 2335 2070 2372 re-

491 2427 615 2465 rum
645 2411 907 2481 cogitatio
931 2411 1332 2480 superveniens
1372 2410 1606 2463 retraxit
1647 2417 1700 2461 et
1747 2409 1902 2462 humi
1949 2424 2076 2478 pro-

489 2502 642 2569 jecit.
675 2500 848 2552 Aliter
895 2515 1116 2553 rursum
1163 2499 1348 2552 divina
1384 2497 1578 2553 videns
1624 2497 1939 2551 Divinitatis
1983 2513 2077 2552 su-

485 2593 871 2662 per-fulgentis,
925 2607 1116 2660 puram
1184 2591 1478 2644 scintillam
1523 2589 2076 2656 mihi,dixit,illumi-

495 2695 717 2739 nantem
752 2685 952 2738 nubem
995 2699 1117 2754 quaz
1157 2683 1379 2738 aliunde
1421 2682 1764 2753 supervenit,
1805 2689 1859 2735 et
1903 2681 2080 2751 pessi-

494 2794 596 2832 ma:
625 2778 863 2832 tenebrae
893 2775 1268 2846 splendentem
1307 2776 1482 2852 lucem
1520 2775 1832 2842 rejecerunt
1866 2781 1920 2826 et
1945 2789 2078 2826 con-

478 2869 774 2938 templatio
807 2868 932 2921 boni
967 2884 1032 2921 ex
1063 2868 1240 2920 oculis
1263 2865 1595 2936 aufugit,sic
1621 2881 1689 2918 ex
1721 2863 1954 2918 adverso
1981 2879 2076 2917 ve-

481 2964 730 3015 nientem
788 2961 971 3014 subito
1005 2958 1231 3012 avolans
1281 2973 1366 3010 me
1409 2957 1642 3009 deficere
1665 2955 1791 3008 fecit
1828 2963 1882 3008 et
1922 2970 2068 3006 com-

491 3054 676 3122 primi,
711 3068 833 3104 nam
874 3053 976 3102 hoc
1008 3047 1284 3118 significat
1310 3045 1537 3109 ὲδάῖξεν,
1559 3046 1873 3115 discerpsit.
1901 3065 1919 3095 ‹
1942 3045 2073 3112 Qua:

490 3142 832 3206 summano,»
856 3155 976 3207 qua:
1010 3152 1179 3191 causa
1225 3136 1392 3203 hujus
1433 3136 1710 3189 contrarii
1751 3147 1982 3192 eventus
2018 3145 2072 3190 et

490 3233 766 3286 discessus
797 3229 960 3284 boni?
1003 3247 1019 3278 ι
1048 3228 1144 3281 νει
1182 3226 1480 3280 desiderari
1519 3241 1733 3296 semper
1759 3225 1957 3285 mihi,»
2018 3235 2074 3279 et

491 3341 608 3394 seq.
645 3325 994 3392 interrogans
1029 3337 1149 3389 quae
1180 3335 1346 3373 causa
1379 3319 1658 3373 discessus
1691 3317 1818 3372 boni
1858 3325 1912 3371 et
1943 3317 2072 3371 diffi-

491 3418 714 3473 cultatis
741 3413 1065 3485 assequendi
1096 3415 1265 3484 ipsius
1289 3413 1562 3466 notionem
1595 3411 1825 3481 primum
1853 3409 2072 3480 quidem

492 3509 699 3564 induxit
735 3508 879 3578 quod
907 3508 976 3562 ob
1008 3522 1316 3578 supremam
1348 3505 1634 3559 utilitatem
1653 3503 1899 3560 Divinum
1925 3519 2069 3558 sem-

487 3618 592 3673 per
625 3601 928 3656 desiderari
957 3599 1254 3662 desiderat,
1279 3598 1470 3652 sitiens
1515 3595 1663 3650 sitim
1693 3610 1990 3665 provocare
2018 3604 2073 3648 ct

489 3704 676 3766 potum
713 3693 960 3763 praebens
1010 3693 1092 3746 his
1127 3691 1220 3762 qui
1255 3689 1322 3744 ad
1368 3688 1662 3743 bibendum
1709 3697 1960 3743 currunt.
2005 3686 2072 3741 Et

490 3782 628 3836 illud
652 3780 798 3850 ἐμοί,
845 3780 1134 3842 mihi,loco
1165 3777 1332 3843 illius,
1376 3776 1680 3831 secundum
1715 3792 1889 3832 meam
1938 3792 2068 3832 sen-

491 3875 714 3929 tentiam
765 3873 1002 3943 explicat
1037 3868 1201 3928 :liaec
1253 3880 1356 3937 est,
1411 3871 1607 3940 inquit,
1662 3871 1744 3925 lex
1791 3869 2066 3925 hominis:

490 3967 950 4036 quemadmodum
977 3974 1129 4036 pater
1161 3980 1376 4034 semper
1415 3964 1570 4034 diligi
1624 3972 1677 4018 et
1709 3966 1981 4018 amantius
2040 3979 2070 4016 a

486 4060 618 4114 .liliis
638 4059 756 4114 suis
785 4059 991 4128 requiri
1015 4057 1288 4113 desiderat
1318 4064 1372 4110 et
1404 4065 1647 4126 exoptat,
1696 4056 1778 4110 sic
1811 4065 1863 4109 et
1887 4055 2070 4110 excel-
2113 4073 2118 4079 ·

489 4153 692 4206 lentius
736 4152 1014 4208 hominum
1045 4159 1255 4204 amator
1281 4148 1467 4214 Deus;
1512 4149 1646 4218 quin
1675 4155 1728 4202 et
1754 4147 1866 4217 jam
1909 4148 2070 4204 nobis

490 4245 663 4314 magis
697 4243 917 4314 expedit
945 4252 998 4296 et
1030 4243 1226 4297 melius
1241 4241 1319 4306 fit,
1344 4240 1388 4296 si
1414 4256 1514 4294 nec
1535 4240 1639 4295 sub
1668 4241 1921 4294 manibus
1943 4256 2070 4295 suc-

489 4336 708 4399 cedens,
769 4350 870 4390 nec
927 4335 1106 4389 facilis
1155 4335 1228 4388 sit
1283 4332 1854 4402 incomprehensibilis
1903 4334 2067 4388 visio.

485 4427 624 4481 Nam
656 4428 735 4481 sic
763 4427 831 4481 ab
861 4426 1097 4480 alumnis
1143 4441 1252 4479 non
1278 4424 1443 4495 digne
1472 4439 1571 4478 nec
1620 4439 1715 4493 per
1755 4424 1956 4479 multas
2011 4424 2069 4478 in

487 4524 708 4580 virtutis
729 4521 1075 4578 assecutione
1116 4519 1465 4589 fatigationes
1496 4520 1661 4576 nimis
1704 4518 1937 4576 faciliter
1984 4521 2074 4576 iu-

487 4622 733 4687 structis,
769 4629 1024 4690 tanquam
1049 4618 1117 4672 ab
1141 4616 1381 4684 indignis
1406 4615 1584 4687 gratia
1605 4623 1916 4687 contempta
1943 4632 2075 4671 avo-

485 4721 642 4775 labit.

1866 269 2162 326 NICETAS
2201 269 2403 324 DAVID

3658 272 3764 329 7‘6

2183 393 2399 463 ψυχράν
2430 409 2488 445 τε
2535 387 2699 445 οὖσαν
2745 393 2843 461 τὴν
2872 392 2968 462 τῆς
3003 392 3176 460 χιόνος
3206 391 3364 460 φύσιν
3407 395 3500 445 καὶ
3541 395 3760 465 λευκὴν,

2185 486 2382 556 ξανθὴν
2415 486 2472 538 δὲ
2500 486 2597 557 τὴν
2622 485 2715 538 τοῦ
2746 486 2916 554 πυρὸς
2954 487 3045 537 καὶ
3078 485 3304 555 θερμὴν,
3353 489 3443 539 καὶ
3473 489 3571 550 τὰς
3605 502 3759 541 εναν-

2183 580 2303 642 τίας
2340 582 2398 632 ἐν
2431 578 2640 642 τούτοις
2675 579 2964 647 ποιότητας
3010 579 3151 631 οὕτω
3196 579 3472 642 παντελῶς
3520 581 3758 650 ἀμιγεις,

2183 670 2258 732 ὼς
2291 669 2451 733 εἴτις
2499 669 2745 740 βιάσαιτο
2796 669 3067 740 ψυχράναι
3114 671 3212 740 μὲν
3263 671 3320 722 τὸ
3365 672 3475 742 πῦρ
3502 676 3566 744 τῇ
3598 675 3758 743 χιόνι,

2183 762 2451 835 θερμάναι
2483 763 2538 815 δὲ
2585 763 2683 833 τὴν
2731 764 2883 833 χιόνα
2915 763 2993 832 τῷ
3036 763 3188 834 πυρὶ,
3226 764 3452 834 λυθῆναι
3496 770 3765 837 πρότερον

2181 853 2397 924 ταῦταῆ
2428 855 2652 924 μιγῆναι
2672 872 2686 886 ο
2719 855 2835 917 πῶς
2861 855 2917 907 δὲ
2946 854 3024 924 τῷ
3055 855 3316 909 κάλλειτὸ
3351 853 3539 927 αἶσχος
3569 859 3763 911 ἐπεισ-

2181 944 2376 1015 ῆλθεν;
2426 945 2543 1008 πῶς
2587 948 2650 1015 τῇ
2681 945 2846 1015 ἀρετῇ
2883 947 2914 1015 ή
2949 945 3115 997 κακία
3160 945 3404 1015 ὲπεφύης
3449 946 3566 1009 πῶς
3604 949 3661 1000 δὲ
3693 950 3760 1018 τῇ

2180 1035 2273 1088 τοῦ
2335 1037 2570 1105 μεγάλου
2640 1036 2774 1088 Θεοῦ
2841 1037 3008 1089 εἰκόνι
3065 1037 3098 1106 ή
3153 1037 3454 1107 κακόζηλος
3507 1040 3762 1109 ἁμαρτὰς

2181 1129 2616 1182 ὲπεισπίπτουσα
2637 1130 2820 1197 ἀτιμοῖ
2847 1130 2940 1181 καὶ
2972 1130 3336 1198 καταισχύνει,
3366 1131 3523 1202 εἴπερ
3545 1131 3762 1200 ἀληθῶς

2179 1219 2247 1271 δι’
2279 1218 2479 1288 ἀρετῆς
2508 1219 2680 1287 ἔγωγε
2709 1218 2841 1281 Θεὸς
2870 1220 2962 1272 καὶ
2994 1220 3083 1284 σὸς
3111 1221 3312 1290 κλῆρος
3344 1221 3574 1291 εὔχομαι
3620 1220 3758 1276 εἶναι

2180 1312 2273 1362 καὶ
2312 1309 2675 1380 κληρονομία;
2732 1310 3075 1381 Πυνθὰνομαι
3123 1313 3332 1365 πολλῶν
3376 1313 3758 1384 ἐξηγουμένων

2180 1399 2411 1461 ἀκούων,
2441 1401 2515 1462 ὡς
2545 1400 2651 1470 ἄρα
2689 1400 2932 1468 Ἀλφειὸς
2972 1403 3176 1465 ἐκεῖνος
3201 1404 3228 1455 ὁ
3258 1403 3317 1467 ἐξ
3354 1405 3642 1473 Ἀρκαδίας
3665 1407 3760 1456 ἐπὶ

2177 1490 2278 1559 τὴν
2306 1489 2553 1542 Σικελίαν
2584 1490 2720 1559 ῥέων
2751 1490 2992 1559 ποταμὸς
3025 1491 3114 1543 ἐπὶ
3151 1491 3286 1544 πολὺ
3312 1492 3409 1562 τῆς
3437 1495 3642 1563 πικρᾶς
3665 1493 3761 1546 θα-

2179 1579 2383 1649 λάσσης
2435 1580 2493 1632 τὸ
2536 1579 2706 1648 γλυκὺ
2752 1579 2929 1652 ῥεῦμα
2973 1578 3066 1633 τοῦ
3115 1581 3355 1651 νάματος
3401 1583 3760 1651 ἀνεπίμικτον

2180 1675 2278 1744 τῆς
2321 1674 2608 1737 θαλαττίας
2639 1674 2817 1744 ἆλμης
2847 1657 3182 1728 δῖεκϐἀλλειο
3215 1677 3308 1728 καὶ
3350 1676 3505 1728 τοῦτο
3549 1675 3758 1746 θαῦμα,

2179 1768 2332 1838 φησὶ,
2365 1767 2505 1836 μέγα
2540 1767 2633 1819 καὶ
2666 1765 2946 1835 ἔκπληξις,
2976 1767 3133 1837 εἴπερ
3161 1766 3437 1836 ἀλώϐητον
3463 1766 3630 1819 αὐτοῦ
3660 1770 3762 1837 τὴν

2178 1859 2486 1930 γλυκύτητα
2514 1859 2607 1912 καὶ
2636 1859 2958 1929 ἀνύϐριστον
2985 1859 3282 1929 διεκπερᾷ·
3313 1861 3389 1922 ὡς
3413 1859 3520 1930 γὰρ
3548 1863 3581 1929 ἡ
3611 1860 3761 1933 ἅλμη

2177 1951 2326 2022 λώϐη
2372 1954 2487 2004 ἐστὶ
2541 1953 2638 2022 τῆς
2688 1951 2782 2004 τοῦ
2831 1950 3020 2014 ὕδατος
3068 1952 3423 2022 γλυκύτητος,
3467 1952 3612 2005 οὓτω
3665 1953 3762 2006 τοῦ

2177 2044 2337 2110 ἀέρος
2387 2042 2484 2114 μὲν
2525 2045 2559 2114 ἠ
2605 2041 2849 2096 κάτωθεν
2882 2042 2989 2095 ἀπὸ
3028 2042 3131 2112 γῆς
3166 2043 3388 2096 ἀνιοῦσα
3427 2042 3616 2113 ἀχλὺς,
3654 2045 3757 2096 τῶν

2181 2134 2446 2205 σωμάτων
2499 2132 2554 2186 δὲ
2590 2135 2622 2204 ἡ
2665 2133 2837 2196 νόσος,
2887 2132 2987 2201 τῆς
3029 2133 3228 2204 ἀρετῆς
3267 2134 3321 2186 δὲ
3352 2134 3519 2205 αὐτῆς
3572 2137 3607 2203 ή
3664 2137 3755 2203 τῆς

2151 2225 2488 2296 -ἀμαρτάδος
2535 2226 2631 2292 νὺξ
2687 2227 2877 2297 ἀτιμία
2931 2227 3025 2280 καὶ
3084 2226 3242 2296 ὕϐρις
3297 2229 3464 2279 ἐστίν.
3520 2227 3762 2281 Πολλάκι

2176 2319 2370 2388 ταρσὸν
2411 2320 2571 2391 ἄειρα
2616 2320 2752 2389 πρὸς
2800 2319 2991 2390 αίθέρα
3025 2319 3057 2390 ἢ
3087 2319 3185 2389 τῆς
3230 2320 3408 2390 χειρὸς
3437 2321 3764 2384 ὲκπετάζων

2175 2411 2233 2462 ὲν
2253 2412 2319 2481 τῇ
2353 2415 2628 2482 προσευχῇ
2675 2413 2708 2482 ἢ
2756 2412 2821 2466 τά
2865 2413 2958 2465 τοῦ
2988 2412 3079 2465 νοῦ
3115 2413 3388 2480 κινήματα
3425 2412 3562 2482 πρὸς
3593 2413 3763 2482 ούρα-

2175 2501 2264 2553 νὸν
2310 2501 2545 2570 ὑψοῦντα
2592 2503 2686 2556 καὶ
2730 2503 2820 2556 τὸν
2853 2503 3146 2572 ’Υψιστον,
3192 2504 3414 2575 φροντὶς
3460 2521 3760 2574 παρεμπε-

2177 2594 2341 2648 σοῦσα
2369 2594 2477 2650 τῶν
2515 2595 2891 2667 ἀνθρωπίνων,
2924 2596 3280 2650 καθείλκυσεν
3325 2598 3418 2649 καὶ
3459 2597 3758 2650 κατέϐαλεν

2175 2687 2366 2758 χαμαί.
2421 2689 2641 2740 Ἄλλο-τε
2688 2688 2849 2742 πάλιν
2897 2691 2925 2741 ὁ
2971 2687 3402 2752 θεοπτικώτατος
3448 2689 3551 2759 τῆς
3586 2692 3757 2761 ὑπερ-

2176 2780 2344 2849 φαοῦς
2391 2780 2641 2851 θεότητος
2685 2781 2927 2852 καθαράν
2986 2799 3097 2852 μοι,
3147 2782 3282 2852 ἔφη,
3330 2786 3757 2855 καταυγασάστις

2174 2871 2512 2942 λαμπηδόνα,
2547 2874 2706 2942 νέφος
2743 2873 3114 2945 ὲπεισφρῆσάν
3148 2874 3311 2928 ποθεν
3357 2876 3452 2928 καὶ
3496 2876 3758 2940 κάκιστος

2179 2961 2338 3030 ζόφος
2365 2962 2579 3030 διέκοψε
2614 2963 2714 3034 τὴν
2758 2962 3020 3034 ελλαμψιν
3045 2980 3060 2993 ·
3100 2964 3193 3016 καὶ
3221 2967 3254 3034 ἡ
3294 2964 3392 3034 μὲν
3426 2965 3518 3017 τοῦ
3546 2967 3754 3034 ἀγαθοῦ

2177 3056 2375 3126 θεωρία
2413 3056 2471 3122 ἐξ
2513 3056 2805 3126 ὀφθαλμῶν
2847 3057 3111 3128 ἀπῆλθεν,
3145 3051 3245 3111 ὧδε
3295 3059 3404 3129 (‘27)
3459 3061 3757 3128 προσιόντα

2174 3147 2356 3216 διέδρα
2386 3148 2540 3216 ἄφνω
2568 3148 2861 3202 ἀποπτᾶσα
2890 3149 3187 3204 ἀπέκναισέ
3219 3168 3305 3220 με,
3329 3149 3619 3218 κατέθλιψέ
3649 3169 3751 3219 με·

2173 3238 2332 3291 τοῦτο
2359 3239 2465 3312 γὰρ
2494 3240 2574 3302 τὸ,
2611 3239 2837 3306 ὲδάῖξεν.

2888 3331 2988 3399 Τίς
3018 3336 3050 3387 ό
3083 3334 3298 3403 φθόνος
3319 3349 3337 3396 ;

2247 3401 2343 3464 Τίς
2361 3402 2395 3471 ἡ
2431 3401 2578 3454 αἰτία
2609 3401 2707 3472 τῆς
2735 3401 2827 3454 τοῦ
2856 3404 3021 3457 καλοῦ
3056 3401 3298 3468 ἀτευξίας
3330 3402 3420 3455 καὶ
3441 3401 3747 3473 ἀπολισθή-

2177 3488 2316 3535 σεως
2338 3490 2352 3538 ;

2668 3546 2739 3598 ’Ἡ
2767 3543 3083 3599 ποθέεσθαι

2245 3613 2387 3668 Αὶὲν
2417 3616 2568 3683 ἐμοί,
2601 3633 2656 3672 κ.
2690 3633 2741 3669 τ.
2777 3615 2855 3680 ἐξ.

2245 3707 2554 3778 Πυθόμενος
2599 3707 2682 3772 τίς
2723 3709 2756 3779 ἡ
2795 3707 2940 3760 αἰτία
2967 3707 3066 3776 τῆς
3096 3706 3189 3760 τοῦ
3224 3705 3429 3775 ἀγαθοῦ
3471 3705 3753 3773 ἀποφυγῆς

2173 3800 2268 3852 καὶ
2305 3799 2398 3852 τοῦ
2442 3801 2742 3870 δύσληπτον
2777 3800 2874 3870 τὴν
2920 3799 3087 3854 αὑτοῦ
3137 3799 3470 3853 καθεστάναι
3502 3797 3754 3869 θεωρίαν,

2173 3892 2387 3963 πρῶτον
2424 3894 2523 3964 μὲν
2555 3894 2832 3963 ἐπήγαγεν
2863 3893 2939 3956 ὡς
2983 3891 3250 3964 ὑπερϐολῇ
3303 3891 3674 3962 χρηστότητος
3700 3889 3758 3939 τὸ

2173 3981 2349 4044 Θείον,
2379 3983 2466 4036 ἀεὶ
2511 3983 2791 4036 ποθεῖσθαι
2838 3984 3012 4047 ποθεῖ,
3063 3981 3232 4051 διψῶν
3269 3982 3329 4033 τὸ
3367 3980 3629 4048 διψᾶσθαι
3664 3979 3759 4031 καὶ

2175 4073 2393 4138 ποτίζον
2452 4077 2578 4140 τοὺς
2631 4079 2773 4129 πιεῖν
2823 4076 3295 4148 προστρέχοντας·
3353 4075 3414 4127 τὺ
3460 4074 3549 4134 δὲ,
3604 4073 3759 4142 ἐμοὶ,

2175 4165 2294 4218 ἀντὶ
2321 4163 2436 4228 τοῦ,
2470 4166 2610 4219 κατά
2633 4166 2729 4236 τὴν
2753 4167 2889 4238 ἐμὴν
2913 4165 3114 4238 κρίσιν,
3151 4165 3320 4236 δηλοῖ·
3336 4163 3506 4216 Τοῦτο
3517 4163 3593 4221 δὲ,
3611 4163 3768 4233 φησὶ,

2177 4256 2272 4310 καὶ
2316 4255 2603 4328 ἀνθρώπου
2632 4257 2792 4328 νόμος
2820 4256 2965 4310 ἐστίν
2987 4273 3000 4287 ο
3034 4256 3111 4319 ὼς
3148 4256 3256 4325 γὰρ
3291 4255 3473 4325 πατὴρ
3506 4253 3593 4306 ἀεὶ
3623 4254 3767 4318 ἀγα⁸

2178 4348 2382 4402 πᾶσθαι
2412 4349 2507 4402 καὶ
2540 4348 2817 4421 ζητεῖσθαι
2846 4349 2983 4420 πρὸς
3010 4347 3119 4402 τῶν
3143 4346 3306 4400 αὐτοῦ
3333 4347 3575 4413 ἐκγόνων
3609 4343 3770 4396 ποθεί

2179 4440 2275 4494 καὶ
2321 4440 2564 4506 ἀπαιτεῖ,
2591 4440 2734 4494 οὕτω
2782 4442 2875 4494 καὶ
2913 4442 2940 4493 ό
2981 4439 3345 4511 διαφερόντως
3379 4436 3769 4505 φιλάνθρωπος

2182 4533 2345 4597 Θεός·
2397 4534 2528 4587 αὐτὸ
2574 4535 2631 4587 δὲ
2677 4533 2835 4586 τοῦτο
2886 4533 2979 4586 καὶ
3013 4533 3142 4603 ἡμῖν
3194 4529 3635 4597 λυσιτελέστερον
3669 4529 3770 4579 καὶ

2183 4628 2428 4697 κρεῖττον
2469 4621 2627 4690 εἶναι,
2659 4627 2733 4697 μὴ
2766 4625 3073 4696 προχείρως
3103 4624 3236 4693 μηδὲ
3269 4625 3441 4694 ῥᾷστα
3480 4617 3773 4673 καταθεω-

2189 4719 2298 4788 ρεῖν
2318 4716 2408 4771 τὸν
2435 4719 2813 4789 ἀκατάληπτον
2835 4735 2846 4747 ·
2881 4716 3024 4770 οὕτω
3055 4716 3164 4786 γάρ
3193 4715 3300 4768 τῶν
3333 4712 3406 4785 μὴ
3427 4711 3594 4777 ἀξίως
3627 4711 3772 4781 μηδὲ

485 4814 573 4866 διὰ
631 4813 840 4866 πολλῶν
894 4811 1000 4864 τῶν
1055 4810 1192 4880 ὑπὲρ
1249 4779 1449 4882 ἀρετῆς
1508 4810 1684 4865 πόνων
1735 4779 2389 4884 προπεπαιδευ[ο]μένων,
2436 4815 2563 4885 ῥᾷον
2612 4779 2688 4877 ὼς
2733 4813 2967 4878 ἀναξίων
3006 4813 3040 4882 ἡ
3068 4779 3246 4883 ’χάρις
3288 4779 3774 4877 καταφρονηθεῖσα

487 4908 878 4976 ἀποστήσεται.

487 5018 556 5071 33
645 5015 762 5070 Hoc
814 5033 1037 5088 namque
1063 5016 1251 5071 stabile
1275 5026 1374 5080 est,
1407 5017 1460 5069 in
1489 5034 1590 5087 quo
1623 5033 1765 5071 mens
1795 5017 2020 5070 multum

1070 5088 1348 5151 laboravit,
1377 5096 1484 5141 etc.

553 5194 714 5251 Dicto
742 5194 890 5265 quod
937 5196 1058 5250 viro
1099 5197 1292 5252 melius
1348 5197 1440 5260 sit,
1493 5197 1540 5249 si
1570 5197 1740 5250 multo
1785 5196 1967 5250 labore
2001 5195 2068 5249 ad

485 5289 617 5344 boni
646 5285 1168 5352 considerationem,
1186 5289 1356 5340 multo
1381 5287 1572 5342 labore
1606 5288 1671 5340 ad
1693 5287 2071 5343 conservatio-

489 5397 610 5439 nem
665 5380 938 5447 deveniat,
981 5394 1203 5433 causam
1259 5380 1444 5434 statim
1499 5381 1772 5450 exposuit,
1823 5380 2064 5436 dicens:

490 5638 575 5684 est
629 5627 1014 5698 Homericum;
1059 5643 1200 5698 saepe
1246 5625 1576 5698 autem_h:ec
1624 5625 1789 5698 verba
1810 5622 2064 5698 congiu-

490 5709 714 5762 nuntur,
749 5717 800 5751 v.
831 5697 1049 5762 Jacobs,
1085 5692 1150 5752 ad
1179 5695 1389 5752 Ant/tot.
1427 5694 1613 5749 Palat.
1645 5697 1697 5757 5,
1731 5695 1872 5754 609;
1907 5692 2063 5747 Wer-

491 5768 638 5825 nick.
679 5769 744 5824 ad
780 5767 1079 5838 Tryphiod.
1111 5769 1196 5833 75,
1234 5767 1329 5838 qui
1375 5765 1542 5820 alium
1594 5765 1772 5821 locum
1805 5763 2059 5834 Gregorii

2183 5020 2252 5073 55
2293 5017 2471 5071 Τοῦτο
2501 5015 2610 5086 γὰρ
2639 5014 2900 5085 ἔμπεδόν
2932 5014 3122 5077 ἐστιν,
3152 5012 3184 5065 ὂ
3209 5010 3356 5078 νοῦς
3387 5009 3553 5080 κάμε,
3576 5027 3703 5063 κ.τ.
3721 5011 3772 5064 λ.

2250 5194 2433 5247 Εἰπὼν
2465 5195 2546 5248 ὅτι
2583 5191 2793 5264 βέλτιόν
2832 5197 2978 5248 ἐστιν
3006 5193 3160 5263 ἀνδρὶ
3188 5192 3340 5261 κόπῳ
3379 5189 3477 5260 μὲν
3497 5188 3599 5258 τὴν
3624 5187 3772 5242 θεω-

2181 5287 2301 5356 ρίαν
2334 5285 2517 5339 λαϐεῖν
2563 5286 2656 5339 τοῦ
2694 5285 2923 5354 ἀγαθοῦ,
2965 5285 3118 5355 κόπῳ
3153 5283 3210 5337 δὲ
3243 5281 3494 5352 φυλάξαι,
3530 5283 3630 5350 τὴν
3678 5283 3772 5332 αἰ-

2175 5378 2295 5432 τίαν
2327 5379 2603 5450 ἐπήγαγεν
2626 5379 2808 5442 εύθὺς,
2831 5378 2987 5432 τοῦτο
3018 5378 3213 5446 λέγων,
3232 5379 3506 5455 Ἔμπεδόν
3519 5380 3656 5438 ἐστι,
3677 5372 3769 5445 βέ-

2181 5617 2507 5673 Nazianzeni
2547 5617 2875 5678 emendavit,
2931 5624 2987 5674 et
3031 5614 3328 5673 Wellauer.
3383 5613 3452 5668 ad
3501 5612 3767 5682 Apollon.

2171 5689 2349 5745 Rhod.
2384 5704 2465 5753 tu,
2500 5689 2638 5753 855;
2674 5704 2746 5757 tv,
2776 5688 2904 5743 474.

2237 5761 2350 5833 (~27)
2386 5759 2521 5816 Cod.
2569 5759 2694 5815 ὼδέ.
