4044 6210
447 258 548 314 ῚΠ

1453 253 1516 308 ΙΝ
1540 251 1845 308 αλιυιιδιιι
1876 250 2162 307 ΔΒΟΑΝΛ
2200 250 2258 305 S.
2297 250 2642 309 GREGORIL

3566 245 3670 302 7f8

445 383 599 434 ϐαιον
641 377 737 432 καὶ
773 378 973 450 ἀραρὸς
1015 378 1108 432 καὶ
1151 379 1374 449 μόνιμον
1422 378 1482 431 τὸ
1533 378 1669 447 μετά
1711 377 1870 429 πόνου
1917 376 2007 429 καὶ

2118 375 2333 434 firmum
2350 382 2456 438 est,
2476 373 2670 431 stabile
2698 376 2853 428 decet
2882 379 2937 427 et
2963 379 3230 442 perstans.
3260 371 3402 441 quod
3441 386 3565 427 cum
3594 371 3671 422 Ia-

447 472 616 526 κόπου
654 469 992 541 προσκτηθὲν
1023 468 1099 539 τῷ
1137 468 1212 538 νῷ
1261 470 1355 521 καὶ
1399 466 1686 536 φυλαχθὲν.
1715 465 1903 536 ὥσπερ
1947 465 2008 516 τὸ

448 562 749 632 προχείρως
781 560 981 630 ληφθὲν
1008 559 1476 631 εὐκαταφρόνητον
1503 559 1646 613 ἆπαν
1675 561 1769 612 καὶ
1807 558 2005 611 εύαπό-

444 654 641 724 ϐλητον
667 651 1007 706 καθίσταται.

923 748 1197 803 {Iollam
1222 747 1273 800 δ’
1306 743 1451 802 αὖτε

564 818 837 883 Ἐσθλοῦ,
872 838 925 874 κ.
955 836 1005 872 τ.
1042 817 1115 883 ἐξ.

515 914 774 984 (Ξὸὶφασὶ
789 915 877 967 τὸν
894 915 1100 976 λέοντα,
1118 916 1174 966 ὲν
1189 913 1307 985 ὥρα
1330 912 1606 983 βαδίζοντα
1620 914 1901 985 χειμῶνος,
1919 914 2010 966 καὶ

444 1006 549 1068 τὰς
586 1004 695 1058 τῶν
738 1006 1013 1077 θηρευτῶν
1062 1006 1333 1069 ἐπιθέσεις
1365 1007 1719 1077 διαφεύγοντα
1745 1048 1760 1072 ,
1787 1011 1869 1083 τῷ
1914 1009 2008 1061 ού-

449 1099 588 1170 ραίῳ
623 1097 691 1152 τά
734 1098 851 1168 ῐχνη
885 1097 993 1150 τῶν
1023 1086 1235 1152 οἰκείων
1287 1098 1458 1152 ποδῶν
1512 1099 1896 1153 ὲπικαλύπτειν
1941 1103 2006 1171 τῇ

448 1189 585 1259 χιόνι
617 1206 631 1219 °
661 1188 873 1242 τοιοῦτό
901 1206 954 1242 τι
984 1189 1260 1243 κάνταῦθα
1298 1191 1387 1242 τὴν
1431 1189 1673 1243 διάϐολον
1703 1190 1834 1261 δρᾷν
1865 1192 1893 1243 6
1927 1189 2009 1242 δι-

445 1280 710 1345 δάσκαλός
730 1298 916 1351 φησιν,
942 1282 1024 1334 ὅτι
1057 1282 1315 1345 πολλάκις
1345 1282 1550 1350 ἀγαθοῦ
1577 1284 1670 1336 καὶ
1696 1281 1865 1336 κακοῦ
1894 1282 2012 1337 διά-

448 1388 630 1441 κρισιν
682 1371 739 1424 ὲν
793 1370 998 1442 διανοίᾳ
1051 1370 1239 1442 ἀνδρὸς
1288 1370 1543 1435 εὐσεϐοῦς
1590 1374 1955 1441 ύποφανεῖσαν
1984 1374 2013 1425 ό

460 1460 685 1531 Ἐχθρὸς
716 1461 1069 1532 πανουργίαις
1099 1462 1219 1531 ἴχνη
1251 1461 1454 1531 βάλλων
1480 1464 1566 1514 ἐπ’
1605 1463 1808 1531 ἴχνεσιν
1834 1461 2012 1533 ἠμαύ-

452 1566 613 1621 ρωσε,
661 1551 755 1604 καὶ
799 1549 1075 1622 λογισμοῖς
1129 1552 1402 1623 σαρκίνοις
1434 1552 1557 1616 τοὺς
1608 1555 2013 1624 πνευματικοὺς

449 1643 752 1714 κακουργίᾳ
781 1643 1359 1714 παρακαλυπτόμενος,
1399 1645 1489 1697 τὸν
1520 1643 1613 1697 τοῦ
1650 1645 1853 1713 ἀγαθοῦ
1878 1645 2010 1699 θεω-

448 1733 543 1803 ρὸν
581 1733 866 1804 ἀποπλανᾷ
899 1750 912 1763 ⁸
932 1734 1025 1787 καὶ
1055 1735 1087 1805 ή
1119 1734 1217 1803 μὲν
1244 1733 1377 1805 σὰρξ
1409 1735 1531 1805 ἐμοὶ
1562 1735 1702 1790 κατὰ
1721 1736 1819 1806 τὴν
1844 1737 2014 1807 αὐτῆς

448 1823 609 1892 φύσιν
634 1825 702 1876 τὰ
719 1824 818 1894 τῆς
839 1823 1042 1895 σαρκὸς
1064 1823 1337 1895 ἐπιθυμεῖ,
1360 1826 1393 1895 ἡ
1420 1825 1604 1895 ἐντολὴ
1629 1825 1686 1878 δὲ
1714 1842 2010 1897 πνευματι-

445 1915 519 1988 κὴ
558 1912 689 1970 οὖσα
713 1915 782 1970 τὰ
823 1915 916 1969 τοῦ
953 1915 1256 1987 πνεύματος
1294 1904 1653 1986 ὑπαγορεύει,
1676 1919 1768 1971 καὶ
1808 1918 1869 1970 τὸ
1915 1919 2011 1972 τοῦ

444 2005 581 2059 Θεοῦ
612 2004 819 2076 θέλημα
870 2004 1296 2077 παρακελεύεται
1337 2022 1351 2036 ο
1376 2005 1502 2060 ἄλλο
1528 2005 1572 2057 δ’
1606 2007 1634 2058 ό
1662 2006 1852 2075 φθόνος
1882 2008 2014 2062 ὑπο-

444 2098 653 2153 τίθεται
675 2099 766 2154 τοῦ
793 2099 1199 2169 Πονηροῦ,ἄλλο
1224 2098 1268 2151 δ’
1285 2096 1366 2149 ἔτι
1392 2096 1527 2168 πρὸς
1555 2101 1665 2162 τοῖς
1704 2099 2013 2169 εἰρημένοις

443 2191 592 2261 τρισὶ
623 2190 808 2260 νόμοις
841 2193 869 2243 ὁ
896 2189 1028 2243 αἰὼν
1058 2191 1204 2259 καὶή
1236 2187 1501 2259 πρόληψις
1529 2188 1621 2241 τοῦ
1669 2188 2011 2261 ἀνθρωπίνου

446 2281 739 2335 ὑποϐάλλει
776 2281 1058 2352 λογισμοῦ.
1099 2300 1119 2332 ι
1158 2281 1336 2353 Ἔρδω
1375 2280 1420 2333 δ’
1463 2283 1493 2336 ὃ
1533 2281 1777 2348 στυγέω⁸
1824 2301 1842 2332 ι
1873 2281 2015 2336 καθά

446 2392 610 2444 φησιν
639 2376 668 2427 ὁ
705 2373 1022 2436 Ἀπόστολος
1039 2390 1051 2403 ”
1073 2375 1153 2426 Οὐ
1180 2374 1288 2441 γὰρ
1308 2372 1339 2425 ὃ
1358 2373 1508 2426 θέλω
1540 2373 1714 2427 τοῦτο
1740 2373 2011 2440 πράσσω,

445 2467 581 2521 ἀλλ’
617 2465 649 2520 ὃ
676 2466 834 2535 μισῶ
872 2464 1045 2519 τοῦτο
1084 2464 1380 2530 πολλάκις
1412 2464 1511 2518 καὶ
1536 2465 1682 2518 ποιῶ
1712 2483 1725 2495 ·
1750 2467 1840 2519 καὶ
1872 2467 1900 2519 ὃ
1940 2467 2015 2528 ὡς

445 2560 702 2630 ἀθέμιτον
750 2559 783 2629 ἢ
833 2558 1013 2612 ἄδικον
1066 2556 1360 2624 ἀποστυγῶ
1388 2595 1402 2620 ,
1442 2559 1508 2629 τῇ
1562 2557 1836 2628 φιληδονίᾳ
1872 2557 1905 2627 ἢ
1936 2557 2015 2626 τῷ

448 2650 627 2721 φθόνῳ
660 2649 752 2703 τοῦ
783 2647 1025 2719 Πονηροῦ
1055 2648 1459 2719 κατεργάζομαι
1494 2648 1885 2718 κλεπτόμενος,
1924 2651 2017 2701 καὶ

447 2742 769 2814 ὲνηδύνομαι
797 2744 908 2804 τοῖς
932 2743 1122 2804 κακοῖς
1151 2741 1243 2793 καὶ
1263 2740 1405 2808 γελῶ
1432 2739 1522 2793 τὸν
1548 2740 1679 2809 ἐμὸν
1709 2740 1873 2810 μόρον
1903 2743 2018 2803 τοῖς

451 2836 635 2906 μέλεσι
677 2838 788 2896 τοῖς
827 2835 979 2904 ὲμοίς
1013 2832 1355 2902 ἐνιδρυμένον
1375 2871 1389 2893 ,
1421 2830 1563 2899 γελῶ
1594 2831 1803 2899 γέλωτα
1842 2832 2015 2902 κακῆς

450 2926 881 2998 πεπληρωμένον
922 2926 1093 2997 χαρᾶς
1123 2924 1216 2976 καὶ
1256 2919 1366 2976 οἷον
1399 2925 1431 2994 ὴ
1465 2923 1731 2994 παροιμία
1751 2923 1897 2992 λέγει
1925 2923 2016 2977 τὸν

452 3021 733 3094 σαρδάνιον
768 3036 783 3051 ο
817 3020 930 3072 ἐστι
962 3017 1067 3090 γὰρ
1113 3017 1207 3070 καὶ¹
1240 3015 1466 3078 θάνατος
1496 3015 1626 3086 ἡδὺς
1673 3016 1706 3086 ἡ
1752 3016 2014 3086 ἁμαρτία.

449 3120 514 3171 υί
531 3116 657 3186 γοῦν
683 3119 783 3187 τῆς
812 3114 1003 3183 στενῆς
1031 3110 1150 3165 ὁδοῦ
1173 3111 1266 3164 καὶ
1288 3110 1423 3182 πρὸς
1459 3108 1630 3179 βραχὺ
1653 3108 2016 3179 τεθλιμμένης

446 3208 788 3269 ἐκκλίνοντες
827 3205 886 3258 τὸ
926 3204 1105 3276 ἀηδὲς,
1147 3202 1245 3272 τὴν
1283 3201 1542 3254 πλατεῖαν
1575 3199 1632 3251 δὲ
1660 3199 1751 3252 καὶ
1780 3198 2017 3270 εύρύχω·

448 3318 545 3373 ρον
596 3297 936 3368 ἀνθελόμενοι
984 3294 1083 3363 τῆς
1112 3292 1322 3363 ἡδονῆς,
1352 3293 1449 3361 τῆς
1494 3289 1661 3352 ὄντως
1696 3290 1794 3359 μὲν
1843 3288 1987 3359 ζωῆς

447 3390 834 3461 ὠλισθηκότες,
871 3387 1005 3459 πρὸς
1033 3386 1130 3457 τὴν
1158 3383 1429 3438 ἀπώλειαν
1459 3380 1517 3435 δὲ
1551 3379 1757 3436 ἑαυτῶν
1788 3381 2019 3450 αὐτομο-

447 3483 691 3545 λοῦντες,
736 3479 1073 3550 κακόχαρτον
1094 3476 1303 3545 γέλωτα
1330 3475 1548 3544 γελῶσι,
1581 3474 1673 3526 καὶ
1708 3471 1786 3543 τῷ
1811 3472 2019 3525 ἑαυτῶν

449 3574 666 3645 θανάτῳ
710 3571 1093 3643 ἐφηδυνόμενοι
1125 3565 1555 3636 ἀναισθητοῦσιν.
1595 3584 1612 3615 ι
1644 3562 1758 3616 Νῦν
1808 3562 2020 3633 χθαμα-

449 3667 562 3731 λὸς,
577 3686 596 3718 ι
614 3684 668 3720 κ.
700 3683 750 3718 τ.
783 3663 859 3729 ἐξ.
889 3661 985 3715 Διά
1016 3660 1221 3715 τούτων
1240 3659 1297 3712 δὲ
1320 3658 1647 3727 σαφέστερον
1669 3655 1776 3709 τῶν
1795 3655 2021 3724 ὑποκρι-

450 3757 564 3811 τῶν
587 3757 649 3810 τὸ
678 3755 930 3808 ἀϐέϐαιον
956 3751 1323 3823 ἐπιμέμφεται
1360 3749 1453 3802 καὶ
1487 3743 2022 3810 ἀκατάστατον,Νῦν,

2105 464 2235 518 bore
2264 471 2319 519 et
2342 463 2654 535 fatigatione
2678 461 2916 533 possedit
2943 462 3171 532 spiritus
3205 470 3258 515 et
3285 460 3500 519 tutavit.
3539 459 3670 512 dum

2105 568 2265 607 omne
2315 555 2459 623 quod
2528 552 2762 607 faciliter
2812 549 3203 619 consequimur
3264 543 3672 615 contemptibile

2104 644 2403 699 :rstimatur
2444 654 2497 699 et
2519 642 2940 714 dedignandum.
2989 659 3008 692 ι
3039 638 3192 709 Saepe
3226 637 3424 691 iterum
3457 636 3609 699 boni,
3645 654 3665 686 ι

2108 744 2160 789 et
2184 752 2298 807 seq.
2322 734 2556 790 Narrant
2585 737 2793 791 leonem
2827 735 3004 789 hieme
3043 732 3411 786 ambulantem
3434 737 3488 783 et
3513 742 3674 782 vena-

2108 836 2285 882 torum
2308 827 2682 897 aggressiones
2729 825 3023 897 fugientem
3058 823 3232 879 cauda
3265 821 3465 892 pedum
3501 820 3672 875 vesti-

2108 920 2194 989 gia
2223 933 2445 975 suorum
2475 918 2595 974 nive
2629 918 3013 987 supervestire,
3055 915 3235 970 simile
3262 913 3465 983 aliquid
3505 923 3559 968 et
3598 912 3673 966 ibi

2109 1026 2270 1080 agere
2296 1009 2569 1065 diabolum
2594 1009 2728 1064 dicit
2759 1008 3056 1079 magister;
3116 1021 3257 1076 saepe
3286 1006 3413 1060 boni
3453 1014 3508 1060 et
3545 1005 3674 1059 mali

2108 1101 2582 1156 distinctionemin
2607 1100 2680 1171 pii
2711 1100 2811 1153 viri
2841 1109 3020 1152 mente
3052 1098 3254 1151 claram
3294 1095 3555 1151 inimicus
3577 1096 3677 1149 fal-

2112 1191 2264 1247 laciis
2286 1191 2511 1261 vestigia
2544 1191 2787 1261 vestigiis
2810 1190 3065 1258 operiens
3085 1186 3393 1243 obscuravit
3425 1194 3480 1240 et
3510 1186 3682 1239 ratio-

2109 1283 2270 1338 ciniis
2290 1282 2602 1337 carnalibus
2620 1280 2923 1352 spiritualia
2940 1279 3211 1333 malitiose
3231 1276 3571 1347 conperiens,
3586 1290 3678 1329 co-

2110 1375 2403 1445 gnitionem
2431 1373 2558 1428 boni
2582 1373 2908 1439 conturbat;
2946 1370 3234 1442 etquidem
3256 1383 3383 1422 caro
3407 1370 3460 1422 in
3485 1383 3572 1421 me
3598 1382 3680 1422 se-

2110 1464 2352 1519 cundum
2385 1465 2559 1536 ipsius
2592 1472 2841 1518 naturam
2872 1479 2993 1533 quae
3037 1470 3167 1519 sunt
3193 1461 3377 1516 carnis
3412 1461 3677 1530 concupi-

2112 1557 2246 1621 scit;
2276 1565 2603 1627 pmceptum
2633 1561 2813 1608 autem
2842 1553 3040 1624 quippe
3069 1552 3214 1623 quod
3244 1551 3526 1622 spirituale
3557 1565 3679 1621 quae

2113 1647 2412 1716 spiritualia
2436 1649 2754 1715 suntjubet,
2776 1658 2830 1701 et
2857 1645 2923 1701 ad
2944 1646 3276 1699 voluntatem
3296 1643 3391 1700 Dei
3419 1644 3678 1721 impellit;

2112 1738 2257 1792 aliud
2277 1738 2477 1792 invidia
2512 1740 2702 1794 suadet
2735 1738 2864 1792 mali
2912 1747 2969 1792 et
3005 1738 3147 1791 ultra
3172 1744 3286 1791 tres
3317 1735 3491 1791 dictas
3535 1736 3681 1806 leges

2112 1830 2412 1891 aeternitas,
2456 1838 2509 1883 et
2539 1830 2914 1899 praejudicium
2966 1828 3192 1882 humani
3249 1828 3519 1882 ratiocimi
3550 1844 3681 1896 διερ-

2114 1921 2286 1990 ponit.
2334 1937 2353 1970 ι
2382 1920 2537 1986 Quod
2572 1921 2684 1983 odi,
2726 1920 2893 1985 facio,
2921 1938 2939 1969 ι
2977 1928 3141 1988 prout
3186 1919 3319 1973 dicit
3347 1919 3678 1989 Apostolus;

2132 2012 2277 2067 «Non
2291 2014 2590 2087 eiiimquod
2605 2011 2894 2077 volojllud
2928 2010 3087 2075 facio,
3118 2011 3210 2066 scd
3235 2012 3379 2081 quod
3410 2011 3520 2076 odi,
3547 2010 3681 2066 illud

2114 2118 2258 2173 szepe
2291 2101 2551 2165 fa«:io,»et
2584 2102 3007 2173 quodtanquam
3045 2102 3310 2172 injustum
3344 2111 3399 2158 et
3434 2102 3680 2172 iniquum

2114 2190 2378 2254 detestor,
2409 2191 2688 2261 voluptate
2732 2199 2826 2247 aut
2866 2190 3070 2245 invidia
3107 2190 3234 2245 Mali
3257 2192 3519 2262 deceptus
3541 2192 3683 2247 facio

2115 2291 2168 2338 et
2205 2283 2259 2337 in
2292 2283 2448 2338 malis
2479 2284 2740 2347 delector,
2772 2290 2828 2335 et
2856 2281 3007 2336 rideo
3036 2282 3103 2336 de
3141 2292 3316 2337 morte
3355 2298 3473 2337 mea
3508 2298 3683 2338 mem-

2115 2377 2229 2431 bris
2262 2376 2400 2430 meis
2430 2375 2619 2436 insita,
2657 2373 2812 2429 rideo
2858 2374 3031 2429 risum
3080 2375 3331 2444 pessimae
3370 2374 3683 2429 redundan-

2116 2477 2223 2522 tem
2249 2468 2470 2533 lzetitiee,
2507 2468 2723 2537 qualem
2753 2468 3104 2536 proverbium
3142 2466 3275 2520 dicit
3318 2465 3680 2533 sardonium;

2118 2574 2241 2612 nam
2272 2566 2556 2630 peccatum
2592 2572 2740 2612 mors
2772 2565 2856 2612 est
2884 2557 3132 2625 quaedam
3159 2557 3424 2626 jucunda.
3451 2555 3514 2609 lli
3554 2572 3685 2626 ergo

2116 2649 2209 2720 qui
2245 2650 2314 2705 ab
2341 2658 2583 2720 angustae
2631 2650 2733 2705 viae
2763 2657 2817 2703 et
2867 2650 3268 2720 aliquantisper
3316 2658 3484 2703 arcta:
3538 2650 3683 2719 inju-

2116 2740 2296 2796 cnndo
2322 2757 2382 2797 se
2417 2741 2725 2808 retrahunt,
2758 2742 3061 2811 spatiosam
3103 2742 3400 2811 voluptatis
3434 2751 3486 2797 et
3514 2742 3683 2796 latam

2119 2836 2261 2888 viam
2288 2842 2707 2903 anteponentes,
2763 2833 2943 2903 reipsa
2971 2849 3000 2886 a
3035 2833 3145 2886 vita
3178 2833 3438 2888 cadentes
3474 2833 3543 2889 de
3588 2850 3685 2888 sua

2124 2931 2365 2998 ipsorum
2395 2926 2636 2995 pernicie
2664 2924 2964 2995 transfuga:
3007 2925 3243 2980 infelicis
3283 2925 3465 2997 gaudii
3514 2926 3685 2981 riSum

2122 3015 2303 3070 rident
2331 3021 2385 3069 et
2414 3015 2467 3066 in
2494 3013 2713 3083 prepria
2744 3023 2919 3067 morte
2963 3028 3062 3067 sua
3096 3015 3348 3068 laetantur
3389 3031 3551 3070 sensu
3596 3029 3689 3068 ca-

2122 3113 2325 3163 rentes.
2362 3124 2381 3157 ι
2414 3104 2551 3159 Tum
2587 3106 2736 3159 bumi
2781 3104 3051 3174 abiectus.
3093 3126 3112 3157 ι
3140 3115 3192 3160 et
3217 3122 3333 3176 seq.
3359 3105 3457 3161 His
3509 3109 3690 3162 verbis

2126 3199 2385 3263 lucidius,
2416 3200 2571 3269 quasi
2605 3197 2976 3252 commdorum
3038 3197 3289 3253 instabile
3328 3207 3383 3254 et
3411 3199 3693 3255 inordina-

2127 3300 2237 3344 tum
2265 3289 2473 3361 arguit;
2498 3289 2656 3347 Tum.
2687 3288 2784 3352 ait,
2826 3286 2977 3342 hutni
3018 3288 3263 3358 abjectus
3292 3299 3345 3345 et
3371 3291 3520 3356 vilis,
3575 3299 3693 3346 tum

2124 3383 2322 3437 iterum
2354 3389 2572 3436 erectus
2604 3391 2657 3435 et
2698 3380 2903 3444 celsus,
2942 3381 3103 3436 hodie
3131 3383 3497 3453 arrogantiam
3521 3393 3574 3439 et
3603 3399 3694 3438 ar-

2124 3479 2380 3543 rogantes
2410 3482 2767 3526 contemnens
2788 3481 2843 3525 et
2871 3470 3199 3541 deprimens,
3226 3488 3350 3528 cras
3380 3473 3494 3541 ipse
3532 3489 3690 3528 arro-

2125 3578 2258 3631 gans
2273 3569 2326 3615 et
2359 3560 2759 3625 venditator,et
2787 3560 2928 3615 alius
2962 3562 3085 3616 aliis
3132 3562 3186 3614 in
3230 3564 3566 3631 temporibus
3596 3582 3692 3635 ap.

2128 3661 2346 3717 parens,
2380 3646 2703 3715 polyporum
2735 3653 2985 3698 naturam
3018 3644 3222 3705 imitor,
3259 3647 3353 3714 qui
3381 3645 3449 3699 ad
3481 3655 3689 3716 petram

2085 3773 2089 3778 ε
2129 3738 2219 3791 cui
2258 3735 2537 3792 adhaerent
2573 3737 2812 3790 colorem
2853 3736 3334 3794 accommodantes
3374 3740 3696 3808 perquireno

453 3844 647 3914 λέγων,
672 3841 946 3914 χθαμαλός
992 3858 1074 3904 τις
1115 3837 1477 3909 ὑποκρίνομαι
1505 3837 1599 3891 καὶ
1636 3835 1906 3900 ταπεινὸς,
1932 3833 2015 3888 νῦι

2134 3840 2241 3886 tem
2272 3828 2577 3898 decipiunt.

452 3936 514 3992 δὲ
562 3936 719 3991 πάλιν
755 3936 1027 4007 μετέωρος
1062 3935 1155 3988 καὶ
1183 3931 1411 4003 ὑψηλὸς,
1447 3933 1685 4003 σήμερον
1716 3931 1815 4001 τὴν
1865 3928 2021 4000 ὓϐριν
2058 3926 2152 3980 καὶ
2187 3926 2312 3987 τοὺς
2333 3922 2591 3995 ὑϐριστὰς
2628 3921 2838 3993 ἀτιμῶν
2868 3922 2962 3975 καὶ
2993 3922 3282 3994 διασύρων,
3324 3923 3508 3996 αύριον
3535 3925 3697 3990 αὐτὸς

456 4030 714 4101 ὑϐριστὴς
739 4028 1084 4099 δεικνύμενος
1116 4027 1207 4081 καὶ
1231 4022 1463 4087 ἀλαζὼν,
1495 4025 1588 4077 καὶ
1624 4023 1781 4085 ἀλλος
1808 4024 1866 4075 ὲν
1897 4021 2074 4083 ἄλλοις
2111 4017 2383 4091 ὁρώμενος
2419 4018 2629 4087 καιροῖς
2659 4014 2800 4070 κατά
2827 4015 2924 4086 τὴν
2954 4015 3063 4070 τῶν
3090 4016 3401 4071 πολυπόδων
3437 4017 3694 4089 ἰδιότητα,

454 4122 505 4174 o2
534 4122 667 4194 πρὸς
695 4122 793 4193 τὴν
823 4121 1232 4192 παρακειμένην
1264 4118 1447 4180 αὐτοῖς
1486 4117 1688 4189 πέτραν
1706 4115 1815 4186 ’τὴν
1847 4113 2033 4186 χροιὰν
2067 4110 2486 4183 μεταϐάλλοντες
2502 4108 2563 4162 τὸ
2589 4108 2818 4179 θηρεῦον
2844 4107 3242 4176 διαφεύγουσιν.

456 4248 530 4304 45
561 4248 795 4319 Δάκρυα
841 4247 1021 4318 θερμὰ
1070 4247 1253 4318 χέων·
1305 4247 1343 4313 ἡ
1400 4246 1464 4319 δ’-
1497 4246 1570 4299 οὐ
1615 4243 1990 4319 οςυνέρευιζεν

1409 4313 1713 4388 [ἀμαρτάς,
1740 4331 1792 4366 κ.
1819 4330 1869 4365 τ.
1899 4312 1948 4365 λ.

530 4450 651 4503 Ἔτι
687 4450 783 4502 καὶ
819 4448 907 4503 διὰ
948 4447 1055 4501 τῶν
1092 4445 1465 4517 προκειμένων
1521 4444 1725 4497 τούτων
1752 4477 1761 4485 ς
1784 4441 1934 4495 ἐπῶν
1964 4442 2027 4494 τὸ

457 4543 789 4615 παλίμϐολον
816 4541 907 4594 καὶ
957 4540 1237 4611 ἀνίδρυτον
1262 4536 1527 4606 διελέγχει
1549 4535 1657 4588 τῶν
1691 4533 2023 4605 ὑποκριτῶν.

458 4639 571 4691 Καὶ
614 4638 721 4705 γάρ
764 4651 893 4687 ποτε
939 4633 1036 4702 μὲν
1082 4631 1313 4700 δάκρυον
1363 4628 1513 4699 ἐχεον
1554 4626 1615 4692 ἐξ
1645 4624 1957 4695 ὀφθαλμῶν,
1990 4625 2025 4693 ή

455 4728 710 4800 ἁμαρτὰς
722 4728 780 4781 δὲ
804 4724 953 4796 αύτῷ
965 4726 1025 4779 οὐ
1050 4723 1487 4795 ωνεξέρῤευσεν,
1505 4720 1692 4782 ἄλλαις
1719 4717 1777 4772 δὲ
1811 4717 2029 4788 ἀμπλα-

455 4825 608 4887 κίαις
631 4820 863 4892 συνεχῶς
891 4816 1306 4889 ὲνεργουμέναις
1326 4814 1458 4869 ἄλλα
1490 4812 1702 4883 δάκρυα
1720 4808 1866 4862 ἔνδον
1901 4825 2028 4860 συν-

456 4914 666 4985 αγείρω
703 4929 718 4942 ·
742 4912 840 4981 τῆς
877 4910 984 4980 γὰρ
1013 4908 1276 4978 συνήθους
1329 4902 1651 4976 προλήψεως
1688 4900 1797 4953 τῶν
1843 4899 2029 4953 κακῶν

453 5007 558 5059 οὐκ
586 5003 970 5073 ἀφιστάμενος.
996 5001 1116 5071 είκῆ
1143 4999 1212 5052 τὰ
1255 4998 1522 5068 φάρμακα
1557 4993 1657 5061 τῆς
1687 4991 1879 5054 ἰάσεως
1906 4989 2029 5043 ἐκέ-

454 5114 607 5153 νωσα
636 5113 652 5129 ’
679 5096 838 5150 πάλιν
857 5112 871 5126 ’
902 5095 981 5165 Τῇ
1015 5092 1178 5164 σαρκὶ
1223 5091 1321 5161 μὲν
1351 5085 1704 5158 παρθενεύειν
1743 5100 1831 5154 μοι
1865 5081 2025 5145 δοκῶ,

455 5189 732 5259 γυναικῶν
765 5186 1044 5247 συνουσίας
1083 5182 1435 5252 ἀπεχόμενος,
1457 5178 1518 5230 οὐ
1552 5175 1698 5246 μάλα
1734 5175 1810 5239 δὲ,
1842 5173 2026 5244 φησὶν,

457 5280 598 5346 οἶδα,
630 5284 680 5336 εἰ
708 5282 802 5335 καὶ
826 5280 962 5349 αὐτῇ
993 5279 1059 5347 τῇ
1096 5274 1332 5344 διανοίᾳ·
1367 5271 1561 5324 πάλιν
1591 5265 1761 5329 Αἰδὼς
1793 5264 2028 5335 ὑποδρα-

462 5376 638 5448 μοῦσα
666 5374 905 5435 εὐλαϐῶς
932 5372 1076 5424 ἐστιν
1103 5369 1190 5421 ὅτε
1237 5364 1392 5437 μύειν
1422 5362 1673 5417 ἀνέπεισε
1696 5359 1793 5430 τὴν
1816 5358 2026 5428 ὅρασιν,

461 5468 583 5532 νοῦς
614 5467 669 5520 δὲ
709 5465 983 5519 ἀνανεύων
1024 5460 1161 5533 μετά
1203 5457 1394 5530 μικρὸν
1432 5453 1718 5509 ἀνένευσεν
1757 5448 1987 5510 ἀναιδῶς
2010 5463 2024 5477 ·

458 5561 558 5617 καὶ
590 5560 723 5630 πρὸς
752 5558 848 5628 τὴν
871 5557 978 5610 τῶν
1015 5551 1306 5623 ἀλλοτρίων
1342 5549 1438 5620 μὲν
1468 5542 1793 5617 ἁμαρτάδων
1824 5538 2027 5610 ἀκρόα-

534 5698 644 5767 (ﬁtfit
684 5700 725 5751 Α
749 5714 856 5767 quo
887 5695 1151 5765 scriptore
1184 5692 1296 5745 lure
1322 5687 1517 5744 tradita
1549 5686 1658 5740 sint
1694 5680 1896 5737 nescio.

2129 4239 2198 4294 45
2224 4236 2426 4293 Calida:
2474 4237 2647 4305 ﬂuunt
2693 4252 2760 4290 ea:
2804 4236 2972 4291 oculis
3020 4239 3301 4305 lacrymw,
3342 4252 3458 4377 [non
3518 4252 3702 4304 pecca-

3367 4317 3496 4370 tum,
3521 4319 3626 4361 etc.

3367 4317 3496 4370 (tam,
3521 4319 3626 4361 etc.

2197 4435 2279 4489 Ad
2316 4435 2420 4488 hoc
2458 4441 2512 4489 et
2552 4449 2650 4504 per
2684 4450 2847 4504 supra
2878 4434 3054 4504 posita
3092 4432 3338 4487 carmina
3377 4434 3481 4488 ista
3527 4435 3700 4488 insta-

2128 4527 2239 4582 bile
2266 4535 2321 4583 et
2359 4526 2685 4582 inconstans
2711 4525 2895 4596 arguit
2938 4524 3218 4578 hominum
3248 4524 3514 4579 comoedis
3546 4525 3704 4580 sitni—

2128 4618 2264 4673 lium
2295 4630 2310 4667 :
2344 4632 2470 4672 nam
2510 4616 2807 4687 aliquando
2834 4617 3102 4686 lacrymas
3141 4614 3433 4670 fundebant
3477 4630 3541 4670 ex
3573 4630 3704 4670 ocu-

2130 4712 2225 4778 lis,
2275 4725 2379 4766 nec
2427 4725 2537 4765 una
2586 4725 2712 4764 cum
2761 4709 2880 4764 istis
2927 4718 3210 4778 peccatum
3259 4706 3630 4773 auferebatur,
3671 4723 3704 4763 e

2129 4810 2322 4857 contra
2349 4800 2473 4857 aliis
2497 4799 2763 4855 continuo
2790 4799 3105 4854 commissis
3145 4798 3321 4867 culpis
3351 4799 3581 4853 aliarum
3625 4800 3705 4853 la-

2129 4905 2441 4962 crymarum
2486 4889 2634 4944 intus
2658 4903 2853 4944 causas
2882 4902 3189 4943 coacervo:
3233 4889 3326 4959 qui
3358 4889 3519 4945 solita
3565 4903 3707 4960 prec

2128 4982 2440 5054 sumptione
2482 4982 2749 5035 malorum
2796 4993 2904 5035 non
2963 4979 3267 5041 abstinens,
3290 4997 3412 5052 quae
3461 4982 3703 5037 remedia

2127 5074 2398 5129 sanationi
2435 5088 2559 5129 esse
2588 5072 2882 5136 debebant,
2911 5071 3119 5127 nullius
3166 5087 3291 5128 esse
3321 5070 3423 5128 feci
3449 5072 3698 5128 effectus.

2128 5164 2561 5223 lterumztiarne
2600 5161 2835 5230 virginis
2885 5161 3058 5218 instar
3082 5161 3269 5216 vivere
3310 5160 3445 5216 mihi
3489 5162 3695 5223 videor.

2127 5258 2414 5311 continens
2466 5238 2744 5310 mulieres"
2771 5269 2881 5309 non
2923 5269 3217 5325 cognosco.
3264 5255 3357 5324 qui
3404 5268 3512 5308 non
3567 5253 3688 5307 ideo

2128 5348 2301 5419 magis
2325 5346 2471 5413 novi,
2504 5345 2702 5415 inquit,
2736 5346 2780 5401 si
2811 5350 2866 5402 et
2891 5347 3009 5417 ipso
3034 5346 3199 5403 corde
3224 5347 3306 5401 sic
3333 5344 3554 5415 gloriari
3590 5359 3698 5400 me

2125 5442 2234 5496 rito
2258 5439 2486 5510 possim.
2518 5438 2714 5497 lterum
2743 5457 2758 5493 :
2786 5438 3049 5495 Modestis
3081 5439 3167 5508 pie
3194 5452 3487 5493 accurrens
3508 5437 3687 5493 locum

2129 5535 2291 5590 liabet
2330 5532 2632 5602 suadetque
2678 5533 2868 5588 oculos
2905 5531 3142 5600 dejicere
3179 5539 3233 5584 et
3286 5536 3408 5599 post
3448 5529 3706 5600 pusillum
