4044 6210
416 253 529 307 ’ῖῒθ

423 372 643 427 animus
668 386 834 442 supra
859 370 1087 443 erigitur
1116 382 1169 428 et
1205 373 1549 444 impudenter
1580 374 1635 427 in
1666 374 1833 427 altum
1860 375 1999 443 aspi-

423 464 523 517 cit.
578 464 642 519 Et
690 464 922 518 aliorum
970 465 1263 519 auditurus
1312 467 1503 534 culpas
1542 466 1732 520 solerti
1775 464 2000 529 auditu,

425 556 715 611 emissitiis
766 558 943 611 oculis
986 572 1111 609 cum
1138 556 1265 618 sim,
1289 556 1357 609 ad
1398 572 1642 610 mearum
1688 557 2006 612 considera-

428 650 628 701 tionem
659 647 945 701 immemor
973 664 1094 703 sum
1123 658 1177 701 et
1206 650 1553 704 tenebrosus.
1593 648 1658 701 Et
1700 648 1879 701 adhuc
1914 649 2007 703 ite-

420 754 549 792 rum
592 757 605 793 :
647 738 898 795 Caelestis
942 741 995 793 in
1046 742 1394 796 sermonibus
1431 752 1485 795 et
1543 741 1839 811 grandibus
1884 758 2005 796 ver-

398 824 533 897 ‘bis,
567 845 746 887 meme
774 842 827 887 et
852 836 1281 904 cegitationibus
1320 843 1475 905 repto
1503 844 1775 889 terrenus.
1815 855 1833 885 ι
1870 834 2002 888 Sum

423 924 648 981 sedatus
669 934 722 980 et
741 941 1000 990 serenus;
1029 946 1047 978 ι
1077 943 1308 982 serenus
1330 944 1429 997 ego
1451 930 1672 997 quando
1690 925 2004 980 moderatus

424 1024 480 1069 et
502 1017 689 1073 suavis
724 1018 1040 1071 hominibus
1070 1034 1328 1087 appareo,
1362 1018 1525 1070 ﬂante
1556 1027 1735 1071 autem
1778 1018 1863 1069 vel
1910 1031 2005 1084 pa-

426 1122 548 1160 rum
582 1123 748 1177 parva
788 1108 855 1162 de
892 1124 1061 1164 causa
1113 1110 1217 1172 ira,
1250 1110 1392 1165 sicut
1442 1124 1590 1163 mare
1634 1108 1892 1163 ﬂuctibus
1922 1110 2006 1161 in-

426 1196 673 1259 ﬂatus,et
710 1198 1032 1268 amigentem
1064 1208 1278 1255 tumore
1316 1210 1409 1254 aut
1438 1202 1600 1254 etiam
1637 1201 1891 1255 manilius
1921 1200 2005 1253 al-

424 1300 586 1346 terna
615 1290 735 1346 vice
775 1292 1012 1363 afﬂigere
1049 1302 1200 1362 opto,
1238 1310 1339 1346 nec
1370 1294 1521 1363 prius
1553 1293 1786 1347 sedahor
1826 1310 1854 1346 a
1892 1309 2007 1347 mo-

430 1385 579 1439 tibus
611 1384 744 1453 quin
786 1384 867 1438 ira
900 1385 1089 1439 sedata
1119 1386 1191 1440 sit
1229 1395 1284 1439 et
1323 1387 1642 1447 cessaverit,
1678 1385 1898 1455 quando
1922 1395 2007 1439 tu-

426 1490 579 1529 more
609 1491 728 1544 qua:
759 1475 1026 1529 azstuabat
1060 1485 1463 1541 consummato,
1500 1477 1633 1530 nihil
1670 1478 1867 1530 mirum
1894 1478 1999 1531 erit

423 1566 471 1619 si
501 1567 881 1637 exstinguatur
908 1566 1284 1621 inflammatio.

426 1660 494 1711 56
528 1658 677 1729 Sa'pe
704 1661 865 1712 etiam
890 1669 1027 1712 recte
1040 1668 1339 1711 currentem
1358 1675 1482 1729 cum
1505 1675 1593 1727 spe
1626 1661 1823 1728 optima

423 1730 490 1782 5'7
525 1729 590 1783 Et
618 1728 731 1796 iam
758 1730 905 1782 ultra
936 1728 1165 1781 mediam
1202 1728 1572 1799 vulgaremque
1600 1732 1844 1812 virtutem
1878 1745 2002 1798 pcr-

1695 1813 1974 1851 tumentem

409 1870 490 1923 58
510 1868 699 1923 Subito
729 1870 1051 1938 praecipitem
1069 1870 1137 1921 ad
1162 1871 1269 1922 ima
1290 1869 1478 1939 dejecit
1494 1799 1999 1939 ρεδιίίέέιίίὲῗιῗίέἔέῖ

493 2025 668 2097 Saepe,
725 2027 902 2097 inquit
948 2027 1168 2082 divinus
1200 2027 1494 2098 interpres,
1552 2044 1676 2082 cum
1727 2027 1870 2081 bona
1905 2041 2002 2097 spe

408 2129 571 2174 recta
595 2129 909 2172 currentem
936 2126 990 2171 et
1016 2118 1083 2171 ad
1119 2116 1287 2171 Deum
1322 2118 1461 2172 bene
1490 2119 1837 2172 accedentem
1863 2125 1916 2171 et
1945 2115 2001 2169 in

420 2208 598 2263 media
656 2209 860 2261 virtute
900 2207 1246 2271 tendentem,
1289 2207 1402 2275 jam
1451 2207 1764 2276 proximum
1819 2205 1999 2275 perfe-

404 2300 589 2353 ctioni
654 2299 833 2351 virum
873 2298 1057 2351 subito
1096 2297 1475 2351 subintroiens
1518 2296 1723 2349 malitia
1754 2304 1999 2350 retroce-

417 2392 746 2461 dentemqne
773 2398 1025 2444 evertens
1057 2388 1124 2442 ad
1167 2388 1384 2444 infimos
1423 2388 1640 2443 virtutis
1679 2390 1880 2458 gradus
1911 2403 1999 2441 re-

412 2481 547 2551 jecit
586 2489 637 2533 et
684 2481 748 2532 ad
785 2480 1124 2532 noviriorum
1181 2486 1418 2543 statum;
1474 2494 1710 2547 namque
1756 2478 1899 2532 sicut
1944 2476 1998 2531 hi

410 2575 513 2642 .qui
549 2581 738 2625 contra
776 2586 957 2625 arena:
998 2571 1170 2625 maris
1203 2585 1429 2625 acervos
1475 2571 1799 2632 ascendunt,
1836 2570 2000 2625 simul

422 2683 488 2722 ac
528 2668 823 2722 mobilibus
874 2665 1056 2720 arenis
1103 2673 1159 2718 et
1209 2674 1356 2719 retro
1412 2663 1749 2734 fugientibus
1808 2663 1999 2734 pedem

419 2759 734 2825 admovent,
768 2759 999 2828 vestigio
1041 2758 1254 2812 incerto
1294 2756 1554 2821 titubant,
1598 2764 1761 2825 atque
1812 2755 1857 2810 si
1899 2771 1991 2809 rc-

408 2861 572 2923 ptare
586 2860 640 2907 et
660 2866 920 2921 superare
936 2850 1117 2905 conati
1141 2850 1271 2913 sint,
1286 2849 1422 2903 nihil
1443 2848 1702 2918 amplius,
1727 2848 1833 2902 nisi
1849 2848 1997 2918 quod

411 2946 471 3001 in
494 2960 693 2999 vanum
724 2945 941 2999 labores
960 2951 1014 2997 et
1035 2943 1384 3012 fatigationes
1418 2949 1778 3007 consumunt,
1812 2940 1997 3011 profe-

417 3046 611 3091 cerunt
644 3054 660 3091 :
692 3036 801 3097 ita,
834 3033 1034 3103 inquit,
1067 3043 1121 3087 et
1160 3048 1262 3088 nos
1308 3032 1377 3087 ad
1413 3032 1621 3085 lethnm
1662 3047 1999 3101 persequens

407 3125 695 3186 Inimicus,
718 3124 809 3177 ubi
844 3124 1080 3192 primum
1116 3130 1305 3177 contra
1337 3123 1590 3177 sabulum
1617 3123 1999 3178 inconstantia:

413 3214 811 3284 cogitationum
848 3213 1085 3266 infertur
1114 3226 1267 3266 mens
1301 3220 1489 3265 nostra
1523 3220 1577 3269 et
1599 3214 1665 3266 ad
1691 3212 1818 3267 boni
1846 3227 1999 3268 asse-

416 3306 693 3360 cutionem
745 3302 1067 3360 desiderans
1106 3305 1324 3358 advolat
1355 3312 1409 3359 et
1448 3305 1736 3374 accingere
1779 3320 1839 3360 se
1879 3313 1999 3359 ten-

411 3406 496 3451 tat
524 3397 579 3451 in
612 3396 834 3452 virtutis
857 3395 966 3462 via,
1002 3396 1206 3449 nullam
1239 3410 1361 3449 esse
1398 3395 1860 3465 progressionem,
1896 3411 1994 3448 va-

415 3506 544 3545 num
584 3506 707 3545 esse
754 3488 1005 3545 ardorem
1054 3488 1318 3543 ostendit.
1371 3488 1527 3542 Unde
1573 3489 1797 3558 inquit:
1856 3486 1995 3542 Hinc

413 3583 672 3645 ascendo,
712 3583 931 3652 pietatis
969 3582 1196 3652 gradum
1245 3597 1414 3634 unum
1467 3582 1700 3636 feliciter
1729 3596 1996 3636 consecu—

414 3683 527 3729 tum
558 3674 729 3729 fuisse
763 3675 1067 3736 conﬁdens,
1104 3673 1229 3729 inde
1261 3689 1389 3728 vero
1414 3674 1613 3728 iterum
1641 3674 1994 3729 retrocedens

412 3766 589 3835 magis
617 3781 782 3835 quam
822 3766 997 3835 pridie
1028 3782 1058 3819 a
1087 3766 1425 3835 perfectione
1463 3766 1670 3833 cecidi;
1707 3782 1877 3835 quare
1910 3781 1995 3819 re.-

414 3856 623 3925 liquum
659 3868 744 3910 est
774 3866 831 3911 ut
854 3871 1065 3927 gemam
1100 3856 1484 3927 desperatione
1517 3864 1572 3911 et
1617 3857 1878 3911 maestitia
1913 3865 1994 3910 ta-

412 3960 536 4005 ctus
570 3962 622 4003 et
656 3948 908 4013 afﬂictus,
944 3964 1137 4018 meque
1165 3948 1438 4002 miserans
1467 3947 1740 4002 infelicem
1770 3958 1824 4001 et
1848 3949 1993 4001 cala-

409 4043 589 4096 mitati
615 4042 1067 4097 succumbentem
1102 4042 1303 4106 dicam,
1323 4042 1415 4111 qui
1441 4055 1656 4110 semper
1685 4042 1740 4095 in
1772 4040 1992 4098 virtutis

412 4137 517 4192 viis
543 4150 768 4190 currere
787 4134 1026 4201 confido,
1063 4150 1163 4188 nec
1203 4148 1442 4203 unquam
1485 4134 1554 4187 ad
1581 4135 1754 4204 ipsius
1786 4143 1985 4190 metam

408 4228 691 4298 pervenio,
743 4242 957 4295 semper
1020 4238 1166 4281 metu
1219 4227 1627 4295 circumseptus
1669 4240 1869 4298 magno
1922 4243 1991 4281 ne

408 4320 617 4375 bonum
653 4334 761 4372 non
788 4320 1087 4389 attingam;
1129 4335 1225 4389 per
1255 4329 1484 4375 conatus
1510 4329 1564 4375 et
1596 4321 1788 4392 longos
1833 4322 1989 4375 laho-

411 4428 499 4469 res
529 4414 619 4467 vix
667 4413 907 4481 quidem,
950 4414 1045 4467 sed
1078 4412 1294 4467 tandem
1324 4413 1659 4468 destinatum
1692 4422 1985 4469 assecutu-

411 4520 533 4560 rum
565 4520 649 4559 me
687 4505 893 4574 putavi,
936 4505 1027 4574 qui
1067 4504 1323 4560 facillime
1361 4519 1602 4575 praeceps
1636 4507 1692 4559 in
1726 4508 1987 4560 malitiam

402 4595 609 4651 cecidi.
640 4594 846 4651 lterum
882 4610 1025 4664 saepe
1050 4595 1409 4666 prolongatur
1445 4597 1580 4650 mihi
1612 4597 1722 4651 vita
1765 4598 1988 4653 virtutis

413 4690 665 4753 amatrix,
694 4688 891 4758 inquit,
920 4688 1251 4741 solutionem
1292 4703 1322 4741 a
1351 4688 1463 4743 vita
1511 4689 1639 4743 nolo
1671 4690 1990 4745 conversio-

402 4780 500 4836 nis
551 4796 665 4850 spe,
712 4781 1054 4836 sanationem
1096 4780 1322 4849 cupiens
1371 4782 1605 4851 peccati,
1649 4789 1706 4836 et
1740 4782 1984 4851 permul-

412 4885 495 4929 tos
552 4875 724 4944 longa:
770 4874 894 4928 vita:
940 4872 1083 4937 dies,
1134 4888 1244 4928 non
1293 4873 1476 4929 minus
1537 4875 1742 4927 malitia
1788 4890 1987 4944 super-

410 4962 664 5029 abundo,
700 4966 901 5020 nedum
946 4966 1366 5020 conversionem
1405 4966 1864 5036 sanationemque
1901 4966 1986 5021 in-

408 5053 628 5110 veniam
685 5067 714 5106 a
767 5054 932 5107 malo.
986 5052 1136 5109 Talis
1196 5063 1282 5110 est
1329 5054 1609 5109 hominum
1667 5056 1844 5111 virtus
1895 5056 1987 5112 cui

413 5144 714 5200 secundum
763 5146 1045 5215 proprium
1091 5161 1315 5202 sensum
1366 5156 1421 5202 et
1456 5146 1697 5202 studium
1735 5164 1794 5204 se
1821 5165 1984 5204 exer-

414 5249 538 5295 cent
575 5249 629 5296 et
677 5256 794 5294 non
845 5240 900 5295 in
955 5240 1234 5308 adiutorio
1263 5239 1310 5295 ὅ.
1359 5242 1589 5297 Christi.
1651 5261 1670 5295 ι
1716 5242 1839 5299 Ideo
1888 5261 1986 5315 ge.

404 5331 530 5384 ueri
564 5337 775 5392 nostro,
814 5348 836 5382 ι
889 5339 941 5384 et
991 5344 1108 5397 seq.
1155 5330 1316 5389 Cum,
1356 5331 1555 5401 inquit,
1590 5332 1670 5386 sic
1712 5332 1983 5387 instabilis

413 5429 469 5475 et
504 5419 857 5476 fundamento
896 5434 1112 5484 carens,
1155 5420 1236 5474 sic
1268 5420 1504 5477 infectus
1544 5432 1597 5476 et
1628 5424 1981 5495 imperfectus

485 5599 596 5668 (29)
635 5600 755 5674 Bill.
784 5618 851 5674 ex
896 5601 1017 5655 eod.
1054 5601 1234 5657 Sirleti
1277 5600 1431 5655 affert
1459 5603 1881 5674 ὲπιδεδασμένου
1927 5614 1981 5659 et

402 5684 539 5743 eum
579 5670 738 5722 verba
775 5670 961 5743 Grmra
992 5682 1253 5743 corrupta
1292 5688 1413 5728 esse
1460 5670 1756 5738 existimet,
1795 5675 1979 5743 legen-

415 5740 541 5794 dum
570 5746 755 5793 censet
777 5740 1227 5814 ἀποαιεδᾶισαιμι.

1798 253 2094 309 NICETAS
2140 252 2346 310 DAVID

3578 251 3685 308 τευ

2109 392 2190 427 σιν
2227 372 2468 443 όξυφαὴς
2502 372 2721 442 γίνομαι
2772 374 2871 426 καὶ
2920 371 3215 441 όξυήκοος,
3246 368 3384 439 πρὸς
3425 371 3525 439 τὴν
3561 368 3686 423 ἐπί-

2109 465 2300 534 σκεψιν
2331 464 2389 517 δὲ
2420 462 2530 517 τῶν
2590 463 2732 516 ἰδίων
2785 463 3033 533 ἀφεγγὴς
3076 461 3169 513 καὶ
3200 460 3554 529 ἐπιλήσμωνο
3589 462 3685 513 καὶ

2104 553 2172 611 αὖ
2229 556 2390 611 πάλιν
2427 573 2443 588 ⁸
2476 555 2739 625 Οὐράνιος
2779 554 2879 624 μέν
2934 556 2993 606 ἐν
3047 553 3226 620 λόγοις
3278 552 3375 604 καὶ
3414 551 3683 623 μεγαλοῤ-

2107 650 2479 722 ρημοσύναις,
2530 650 2588 701 ἐν
2640 648 2802 718 φρεσὶ
2848 647 2913 715 δὲι
2962 646 3056 698 καὶ
3110 646 3347 714 νοήμασι
3395 642 3689 713 χαμερπὴς

2105 746 2200 799 καὶ
2251 744 2573 814 ἐπιχθόνιος.
2611 762 2629 793 ι
2665 742 2795 812 Εἰμὶ
2847 739 3148 810 γαληνιόων
3180 756 3237 791 τε
3285 740 3380 790 καὶ
3426 736 3619 800 εὔδιος.
3661 756 3683 787 ι

2105 837 2367 907 Γαλήνιος
2415 836 2561 889 ἐστιν
2608 837 2695 887 ὅτε
2749 836 2841 888 καὶ
2902 833 3150 901 ἐπιεικὴς
3210 831 3301 885 καὶ
3349 830 3531 900 πραῢς
3576 833 3687 893 τοῖς

2105 912 2410 1000 ἀνθρώποις
2455 924 2835 997 καθορώμενος
2878 942 2893 956 ·
2940 928 2987 978 εἰ
3034 924 3091 977 δέ
3146 941 3277 978 ποτε
3328 923 3546 992 πνεῦμα
3597 924 3689 992 ὀρ-

2105 1018 2210 1088 γῆς
2259 1020 2353 1071 καὶ
2421 1017 2617 1087 μικρὸν
2665 1020 2730 1070 ὲκ
2792 1018 2993 1087 μικρᾶς
3055 1016 3233 1078 αἰτίας
3296 1013 3685 1075 ἀντιπνεύσει,

2106 1104 2303 1181 οἷάπερ
2336 1108 2580 1163 θάλασσα
2617 1108 2825 1179 κύμασι
2850 1108 3209 1179 φυσιούμενος
3242 1108 3335 1161 καὶ
3370 1107 3559 1177 ὓϐρεσι
3594 1106 3688 1159 τὸν

2107 1200 2384 1255 λυποῦντα
2417 1201 2449 1271 ἢ
2496 1202 2589 1254 καὶ
2644 1202 2830 1271 χερσὶν
2865 1200 3174 1254 ἀντιλυπεῖν
3231 1200 3555 1271 ὀρεγόμενος
3578 1242 3591 1263 ,
3622 1199 3683 1252 ού

2108 1294 2238 1364 πρὶν
2283 1294 2647 1365 κατεστόρεσα
2696 1294 2756 1347 τὸ
2798 1293 3025 1364 φύσημα
3074 1293 3202 1363 πρὶν
3234 1292 3266 1362 ἢ
3302 1293 3559 1362 νηνεμίαν
3592 1292 3687 1344 καὶ

2107 1383 2449 1437 κατάπαυσιν
2468 1384 2748 1451 γεγονέναι
2777 1383 2872 1436 τοῦ
2903 1383 3099 1453 θυμοῦ,
3140 1384 3299 1454 ἡνίκα
3331 1384 3395 1453 δὴ
3427 1384 3525 1454 τὴν
3555 1386 3687 1437 ἀτα-

2109 1476 2226 1542 ξίαν
2255 1476 2698 1546 ἐπιδεδειγμένου
2732 1476 2840 1548 (9.9)
2869 1476 2962 1529 τοῦ
3008 1476 3340 1546 θυμοειδοῦς,
3370 1477 3519 1528 οὐδὲν
3550 1476 3684 1529 θαυο

2113 1560 2314 1629 μαστὸν
2342 1560 2441 1628 τὴν
2465 1558 2628 1612 αὑτοῦ
2659 1560 2848 1627 ἔξαψιν
2875 1559 3187 1627 σϐεσθῆναι.

2107 1652 2177 1707 56
2213 1650 2481 1706 Πολλὰκι
2522 1652 2575 1704 δ’
2600 1652 2996 1722 εὐδρομέοντα
3041 1652 3162 1705 σὺν
3193 1650 3538 1722 ἐλπωρῇσιν
3562 1653 3691 1718 ἀρί-

2106 1791 2173 1845 57
2215 1792 2367 1859 Ἤδη
2400 1793 2501 1846 καὶ
2541 1790 2813 1861 μεσὰτης
2855 1791 3073 1859 ἀρετῆς
3102 1721 3616 1859 inspexi-£53533:

2098 1862 2172 1917 58
2223 1861 2540 1930 Ἐξαπίνης
2567 1863 2944 1930 παλίνορσον
2981 1862 3098 1916 ὑπὸ
3123 1862 3532 2003 προίττόδεονσιν
3554 1862 3693 1943 €017-

3254 1949 3376 1994 κεν,
3411 1952 3463 1985 κ.
3489 1950 3537 1984 τ.
3566 1950 3614 1984 Α.

2176 2023 2463 2089 Πολλάκις,
2490 2024 2653 2095 φησὶν
2684 2026 2712 2077 ό
2742 2023 2897 2094 θεόλη
2910 2042 3061 2087 πτος,
3089 2026 3184 2077 σὺν
3225 2023 3454 2092 ἀγαθαῖς
3475 2024 3688 2076 ἐλπίσιν

2102 2113 2271 2185 ἄνδρα
2317 2114 2775 2185 εύθυδρομοῦντα,
2811 2116 2906 2167 καὶ
2960 2115 3095 2184 πρὸς
3128 2115 3259 2167 Θεὸν
3312 2115 3683 2184 εύοδούμενον,

2103 2204 2197 2258 καὶ
2234 2206 2291 2255 ἐν
2328 2205 2584 2275 μεσότητι
2609 2204 2708 2273 τῆς
2749 2203 2951 2274 ἀρετῆς
2987 2205 3378 2274 ἐκτεινόμενον,
3410 2205 3503 2257 καὶ
3534 2205 3687 2273 ἐγγί-

2103 2294 2263 2361 ζοντα
2294 2296 2429 2367 πρὸς
2462 2297 2525 2349 τὸ
2575 2297 2802 2359 τέλειον,
2836 2297 3167 2362 ἐξαπιναίως
3215 2295 3687 2367 παρεισφθαρεῖσα

2102 2391 2270 2443 κακία
2294 2429 2308 2453 ,
2341 2391 2434 2442 καὶ
2479 2388 2881 2459 ὀπισθόρμητον
2943 2390 3104 2443 αὐτὸν
3155 2388 3503 2459 ἀνατρέψασα
3530 2428 3545 2451 ,
3581 2389 3689 2441 ὑπὸ

2100 2483 2226 2545 τοὺς
2250 2481 2524 2553 πρόποδας
2547 2483 2646 2553 τῆς
2668 2482 2876 2552 ἀρετῆς
2917 2483 3012 2534 καὶ
3042 2483 3141 2551 τὴν
3168 2482 3274 2533 τῶν
3316 2481 3687 2552 εἰσαγομένων

2102 2574 2431 2628 κατάστασιν
2455 2573 2708 2645 ἐθήκατο.
2733 2574 2843 2627 Καὶ
2866 2574 2973 2646 γὰρ
3000 2575 3189 2645 ὥσπερ
3216 2577 3264 2627 οἰ
3287 2574 3429 2627 κατὰ
3457 2574 3685 2646 ψάμμον

2102 2666 2395 2729 θαλασσίας
2447 2666 2613 2719 τόπον
2668 2666 2868 2737 ἀνάντη
2930 2666 3387 2737 προσϐαίνοντες,
3436 2667 3550 2737 ἅμα
3606 2668 3685 2736 τῷ

2103 2757 2475 2829 προσπελάσαι
2526 2757 2605 2828 τῷ
2650 2757 2794 2822 ποδὶ,
2847 2757 3204 2829 διαρρεούσης
3256 2760 3429 2829 αὐτῆς
3463 2760 3555 2813 καὶ
3606 2762 3687 2820 εἰς

2100 2849 2338 2901 τούπίσω
2381 2850 2707 2921 φερομένης,
2745 2849 3039 2903 ἀστατούσι
3069 2851 3166 2920 μὲν
3205 2848 3415 2913 τούτοις
3435 2850 3500 2902 τὰ
3536 2850 3679 2921 ἴχνη,

2100 2940 2497 3011 ἁναρῤιχᾶσθαι
2528 2941 2639 3012 (50)
2661 2942 2718 2994 δὲ
2751 2942 2842 2995 καὶ
2883 2941 3195 3013 προϐαίνειν
3238 2941 3561 3014 πειρώμενοι
3591 2945 3680 2995 ού·

2099 3032 2186 3085 δὲν
2208 3034 2369 3086 πλέον
2394 3033 2487 3087 τοῦ
2519 3034 2720 3098 κόπους
2747 3037 2959 3097 ἑαυτοῖς
2986 3035 3246 3107 παρέχειν
3275 3036 3510 3099 εἰκαίους
3527 3035 3683 3088 ἁ.πώ-

2099 3141 2290 3177 ναντοο
2321 3124 2490 3189 οὕτω,
2522 3128 2685 3197 φησί,
2724 3128 2818 3180 καὶ
2850 3130 2877 3181 ό
2907 3127 3149 3198 ὀλέθριος
3183 3127 3342 3199 ἡμῶν
3378 3129 3679 3198 Δυσμενὴς,

2098 3216 2173 3280 ὼς
2201 3216 2342 3269 κατὰ
2384 3216 2612 3288 ψάμμου
2646 3220 2749 3291 τῆς
2797 3220 2907 3272 τῶν
2950 3220 3229 3291 λογισμῶν
3278 3222 3539 3281 ἀστασίας
3572 3221 3674 3283 τῆς

2096 3308 2254 3378 ἡμῶν
2281 3309 2518 3373 διανοίας
2551 3311 2879 3381 φερομένης,
2917 3312 3011 3365 καὶ
3051 3316 3116 3384 τῇ
3154 3311 3408 3384 ἐπιθυμίᾳ
3437 3311 3531 3365 τοῦ
3572 3330 3677 3366 κα·-

2098 3401 2192 3454 λοῦ
2223 3403 2625 3474 πτερουμένης,
2680 3404 2773 3456 καὶ
2804 3405 3008 3457 ἀνιέναι
3035 3406 3374 3477 πειρωμένης
3404 3404 3494 3458 τὸν
3518 3400 3685 3474 οἷμον

2095 3494 2198 3563 τῆς
2220 3494 2445 3565 ἀρετῆς,
2472 3497 2784 3568 ἁπρόκοπον
2816 3497 3162 3551 ἀποδείκνυσι
3190 3499 3288 3569 τὴν
3329 3497 3645 3569 προθυμίαν
3669 3515 3684 3529 ’

2095 3586 2163 3639 δι’
2208 3588 2263 3651 ὃ,
2307 3588 2460 3659 φησι,
2512 3588 2587 3658 πὴ
2624 3588 2723 3658 μὲν
2788 3589 3111 3660 ἀνέρχομαι,
3170 3590 3336 3661 μέρος
3400 3589 3683 3654 εὐσεϐείας

2096 3680 2343 3751 οἰόμενος
2390 3680 2713 3752 κατορθοῦν,
2762 3682 2838 3753 πὴ
2886 3682 2943 3735 δέ
2991 3682 3225 3753 ἔμπαλιν
3274 3684 3676 3755 ὀπισθόρμητος

2096 3773 2480 3837 ἁπολισθαίνω,
2519 3773 2716 3844 μᾶλλον
2764 3773 3023 3845 ἢπρώην
3073 3773 3165 3827 τοῦ
3210 3776 3418 3827 τελείου
3476 3776 3682 3829 ἀποπε-

2097 3864 2328 3928 πτωκὼς
2344 3881 2360 3897 ο
2398 3865 2464 3917 δι’
2488 3865 2516 3918 ὃ
2542 3867 2636 3919 καὶ
2658 3866 2910 3936 ἀσχάλλω
2948 3866 3134 3919 λοιπὸν
3171 3867 3265 3919 καὶ
3293 3866 3563 3937 ἀδημονίᾳ
3587 3868 3683 3919 καὶ

2095 3957 2403 4027 ἀπογνώσει
2437 3957 2836 4029 ψηλαφώμενος
2870 3960 2965 4013 καὶ
2988 3958 3449 4030 κατοδυνὼμενος,
3483 3960 3683 4012 δυσθα-

2095 4069 2251 4105 νατον
2273 4052 2509 4123 ἐμαυτὸν
2540 4052 2633 4105 καὶ
2665 4051 2846 4106 ἄθλιον
2876 4051 3251 4122 οἰκτιζόμενος
3289 4051 3570 4113 ἀποκαλιῖλ
3599 4052 3680 4114 ὡς

2097 4147 2185 4198 ἀεὶ
2211 4147 2311 4213 μὲν
2358 4145 2565 4199 ὁδεύειν
2592 4146 2766 4200 δοκῶν
2805 4147 2896 4200 τὸν
2915 4147 3112 4219 δρόμον
3142 4146 3243 4216 τῆς
3280 4148 3503 4217 ἀρετῆς,
3528 4148 3681 4201 ούδέ-

2097 4256 2185 4291 πω
2228 4240 2285 4292 δὲ
2326 4239 2388 4292 τὸ
2416 4240 2569 4303 τέλος
2612 4240 2783 4311 αὐτῆς
2816 4240 3127 4309 πεφθακὼς,
3156 4243 3241 4295 ἀεὶ
3284 4241 3433 4312 φόϐῳ
3457 4241 3680 4312 μεγάλῳ

2096 4331 2194 4401 τῆς
2228 4330 2321 4382 τοῦ
2374 4329 2580 4399 ἀγαθοῦ
2626 4330 2880 4395 ἀτευξίας
2936 4333 3473 4403 περιστοιχιζόμενος
3501 4347 3514 4359 ·
3554 4330 3680 4401 βίαν

2101 4422 2199 4491 μὲν
2221 4423 2316 4475 καὶ
2348 4423 2529 4485 πόνοις
2559 4425 2790 4494 μακροῖς
2814 4424 2967 4494 μόλις
2994 4441 3047 4476 τι
3069 4424 3367 4496 κατορθοῦν
3396 4424 3677 4495 νενόμικα,

2096 4516 2269 4584 ῥᾷστα
2296 4515 2350 4567 δὲ
2374 4515 2449 4578 ὡς
2486 4515 2870 4587 καταπρανοῦς
2898 4516 3035 4587 πρὸς
3064 4517 3267 4569 κακίαν
3293 4516 3677 4582 ἀπωλίσθησα*

2095 4606 2255 4658 πάλιν
2291 4604 2590 4676 μηκύνεταί
2645 4624 2733 4677 μοι
2777 4606 3097 4670 πολλάκις-,ὁ
3135 4606 3425 4677 φιλάρετός
3486 4608 3680 4677 φησὶν,

2093 4696 2203 4766 ἐγὼ
2227 4697 2284 4750 δέ
2311 4697 2409 4768 τὴν
2438 4698 2589 4750 λύσιν
2618 4699 2715 4767 τῆς
2737 4697 2883 4769 ζωῆς
2903 4700 2963 4752 οὺ
2985 4699 3124 4753 θέλω
3154 4698 3328 4752 ἐλπίδι
3359 4699 3674 4768 μετανοίας,

2091 4791 2154 4843 τὸ
2186 4792 2284 4860 τῆς
2312 4792 2581 4862 ἁμαρτίας
2615 4791 2749 4861 ἴαμα
2772 4790 2972 4853 ποθῶν,
2992 4794 3112 4855 ταῖς
3130 4791 3352 4855 πολλαῖς
3366 4791 3423 4845 δὲ
3444 4792 3543 4859 τῆς
3568 4809 3675 4862 μα-

2094 4882 2443 4951 κροϐιόητος
2467 4883 2699 4953 ἡμέραις
2720 4882 2819 4953 τὴν
2847 4884 3043 4935 κακίαν
3077 4883 3228 4936 οὐδὲν
3248 4878 3409 4955 ἧττον
3444 4884 3672 4937 πλεονά-

2094 4972 2223 5036 ζων,
2266 4974 2389 5026 οὒτε
2424 4974 2713 5043 μετάνοιαν
2739 5015 2753 5035 .
2789 4974 2901 5027 οὔτ’
2940 4971 3032 5028 οὖν
3087 4975 3385 5047 θεραπείαν
3436 4978 3673 5047 εὑρίσκω

2091 5063 2186 5116 τοῦ
2224 5064 2396 5117 κακοῦ
2438 5082 2452 5096 ο
2500 5066 2592 5118 καὶ
2648 5069 2681 5137 ἡ
2717 5067 2815 5137 μὲν
2847 5067 2956 5119 τῶν
3004 5066 3306 5139 ἀνθρώπων
3352 5066 3577 5140 ἀρετὴῆ
3611 5086 3674 5137 γε

2091 5154 2232 5208 κατὰ
2264 5154 2360 5226 τὴν
2398 5155 2534 5209 ἰδίαν
2572 5156 2751 5209 αὐτῶν
2784 5156 3050 5227 ὑπόληψιν
3080 5158 3173 5210 καί
3213 5157 3447 5227 σπουδὴν
3485 5160 3674 5227 ἐπιτη-

2093 5246 2377 5318 δευομένη,
2406 5249 2498 5302 καὶ
2528 5250 2629 5301 οὐκ
2663 5252 2719 5302 ἐν
2746 5249 2973 5320 δυνάμει
3012 5248 3459 5320 Ἰησοῦ,τοιαύτη.

2355 5339 2645 5393 Τοῦνεκεν
2676 5340 2930 5411 ἡμετέρῃ
2980 5341 3177 5411 γενεῇ,
3207 5361 3264 5398 κ.
3290 5360 3337 5397 τ.
3373 5344 3418 5397 ἐ.

2176 5430 2413 5504 Ἐπειδὴ,
2467 5436 2663 5505 φησιν,
2698 5433 2870 5498 οὕτως
2920 5434 3174 5498 ἀϐέϐαιος
3225 5435 3320 5489 καὶ
3364 5435 3671 5506 ἀνίδρυτος,

2093 5693 2140 5731 xl
2328 5609 2909 5680 Ἀναρῤιχᾶσθαι.8ἱς
2929 5611 3101 5667 codex
3126 5608 3450 5679 Bekker.;v.
3472 5612 3672 5667 Aliud.
