4044 6210
408 363 503 421 7‘2!

392 481 565 544 οὕτως
591 485 852 566 ἀνήνυτος
889 492 984 544 καὶ
1008 492 1291 560 ἀτέλεστος
1319 499 1347 550 ό
1374 498 1514 571 ὑπὲρ
1548 503 1750 574 ἀρετῆς
1785 507 1966 573 πόνος,

392 577 483 628 καὶ
511 576 678 639 κόπος
703 577 836 633 Θεοῦ
865 580 1146 655 δυνάμεως
1170 586 1290 659 δίχα
1313 592 1425 654 τοῖς
1446 593 1754 665 ἁνθρώποκ
1778 601 1967 671 ἐπιτη-

386 666 693 737 δευόμενος,
711 672 897 727 τούτου
911 691 975 742 γε
991 676 1053 747 δὴ
1069 677 1227 748 χάριν
1246 684 1310 752 τῇ
1335 683 1458 737 καθ’
1473 687 1618 756 ἡμᾶς
1637 666 1973 763 ταλαιπώρω

368 762 550 831 ⁸γενεᾷ
578 761 753 837 ταύτῃ
791 765 949 820 τοῦτο
994 768 1053 823 τό
1083 770 1260 844 δόγμα
1298 776 1826 853 προδιωμολογήσθω
1870 761 1969 839 καὶ

386 856 809 925 προῦποκείσθω
833 858 913 929 τῷ
933 860 1028 932 νῷ.

382 944 452 999 68
491 947 696 1015 Πρώτη
720 949 838 1019 μὲν
869 955 1108 1024 Τριάδος
1143 960 1371 1031 καθαρὴ
1400 964 1605 1033 φύσις,
1638 970 1830 1025 κ.ητ.λ.

449 1038 622 1092 Τοῦτο
668 1040 843 1113 δόγμα
894 1046 994 1116 τῆς
1043 1049 1503 1128 θεολογικωτάτης
1545 1059 1623 1130 τῷ
1666 1062 1778 1115 δντι
1806 1062 1963 1130 ἄξιονι

378 1130 594 1227 φρενδς,
630 1129 852 1227 πρώτην
877 1135 1125 1209 καθαρὰν
1152 1141 1314 1211 φύσιν
1364 1148 1457 1201 καὶ
1483 1150 1684 1222 ἀρετῆς
1729 1152 1951 1227 ἁπάσης

377 1214 618 1284 πηγαίαν
644 1219 819 1290 ἀρχὴν
850 1222 1070 1290 ειδέναι,
1100 1230 1199 1300 τὴν
1224 1214 1944 1313 τρισυπόστατονθεότηταῖί

375 1302 539 1402 εὐθὺς
657 1310 779 1402 μετ’
802 1311 972 1384 αὐτὴν
1020 1316 1118 1387 τὴν
1170 1302 1464 1396 ἀγγελικὴν
1504 1329 1595 1382 καὶ
1640 1302 1896 1402 οὐρανίαν
1926 1352 1951 1368 α

369 1390 529 1463 τρίτη
559 1393 614 1446 δὲ
649 1395 754 1467 ἄρα
784 1400 943 1469 φύσις
989 1405 1213 1478 μέτοχος
1235 1411 1327 1465 τοῦ
1363 1390 1529 1469 καλοῦ
1564 1419 1658 1471 καὶ
1680 1390 1781 1491 τῆς
1809 1423 1941 1494 ἁρε-

367 1484 469 1554 τῆς
501 1487 532 1538 ό
571 1485 872 1561 ἄνθρωπος,
917 1494 975 1558 ὃς
1011 1498 1409 1569 ἀμφιτάλαντος
1448 1508 1543 1561 καὶ
1585 1484 1941 1586 ἀμφιρρεπὴς

368 1576 592 1648 ἐκτίσθη
630 1582 751 1633 κατ’
804 1584 1009 1656 ἀρχάς’
1045 1594 1247 1660 μεταξὺ
1304 1596 1404 1666 τῆς
1455 1616 1514 1652 τε
1567 1576 1692 1656 mir"
1732 1576 1942 1678 άρετῦίν

366 1665 516 1737 ζωῆς
545 1672 636 1724 καὶ
669 1672 764 1726 τοῦ
799 1677 939 1730 κατὰ
966 1679 1064 1750 τὴν
1097 1665 1371 1755 ἁμαρτίαν
1405 1689 1633 1746 θανάτου
1668 1665 1933 1768 ἑστιῖλκὼς,

366 1758 463 1810 καὶ
509 1762 921 1837 μεγαλοπρεπὲς
962 1771 1060 1842 μὲν
1106 1775 1257 1840 τέλος
1289 1778 1429 1850 ἔχων
1456 1783 1551 1836 τοῦ
1591 1758 1934 1863 κατ’ἁρετῆν

361 1848 510 1918 βίου,
550 1851 610 1904 τὸ
654 1855 769 1908 υίὸν
813 1860 1065 1927 γενέσθαι
1101 1864 1236 1921 Θεοῦ
1275 1848 1496 1946 δηλαδὴ,
1536 1848 1831 1949 ἐπίμοχθον
1872 1848 1937 1938 δὲ

356 1945 455 1996 καὶ
491 1944 746 2000 ἐπίπονον
797 1952 990 2026 κομιδῇ
1024 1956 1167 2026 (31),
1195 1960 1353 2034 εἴπερ
1382 1944 1486 2018 κᾶν
1507 1968 1600 2021 ἐπὶ
1627 1944 1801 2042 βραχὺ
1833 1975 1931 2041 τὰς

363 2036 457 2105 τῆς
498 2040 697 2105 κακίας
737 2042 908 2108 πύλας
954 2052 1331 2121 παρανοίξειεν
1361 2070 1374 2086 ·
1409 2060 1565 2114 τοῦτο
1614 2036 1943 2136 χάρηᾶθλον

350 2127 454 2197 τῆς
469 2130 607 2201 ἐμῆς
641 2131 877 2201 διανοίας
909 2140 1178 2213 ὲναρέτως
1210 2145 1432 2221 βιούσης
1458 2153 1488 2205 ό
1511 2127 1773 2225 ’Υψιστος
1790 2177 1932 2233 παρ»

348 2218 556 2288 ἔχεται.

585 2314 795 2384 Ife-Frag
828 2319 883 2372 δ’
923 2322 1096 2379 ἐστὶν
1130 2327 1395 2399 ἄριστος,
1439 2353 1494 2389 κ.
1524 2353 1573 2390 τ.
1612 2338 1699 2405 ἐξ.

418 2394 587 2465 Οὗτος
614 2404 1022 2479 ἄριστος,οὖτος
1050 2394 1288 2492 ἐργάτης
1316 2394 1517 2490 τέλειος
1538 2394 1833 2502 aps-Eme;
1866 2439 1925 2490 ὲν

538 2499 730 2563 γενεᾶς
780 2502 999 2569 σκολιᾶς
1048 2510 1138 2562 καὶ
1171 2490 1347 2585 κακῆς
1399 2490 1596 2589 μέτριά
1637 2490 1757 2577 τινα
1800 2490 1919 2601 {xw}

344 2584 547 2649 κακίας
570 2589 860 2658 ἐπιφαίνει,
887 2593 1072 2670 θερμῷ
1105 2600 1163 2654 δὲ
1192 2603 1284 2657 τοῦ
1304 2584 1577 2677 Ῠ⁹Υῴίστου
1596 2612 1757 2684 ἔρωτι

339 2675 570 2747 οὐρανὸν
595 2681 890 2748 ἀνανεύων,
912 2693 1316 2762 συντεταμένως
1342 2700 1548 2771 τρέχει,
1580 2704 1721 2758 κατὰ
1747 2711 1921 2763 νώτου

332 2767 400 2821 δὲ
431 2769 529 2841 τὴν
561 2774 756 2830 κακίαν
801 2777 1008 2834 διώκων
1046 2782 1268 2851 ἐξωθεῖ,
1530 2812 1615 2860 τις
1655 2803 1917 2871 ποτάμιος

337 2859 472 2959 pati;
506 2862 663 2918 ἄλλον
685 2869 807 2921 τινὰ
847 2871 977 2941 ῥοῦν
1006 2877 1212 2947 τραχύν
1241 2897 1301 2935 τε
1354 2859 1669 2959 καὶ-ἄγριον
1700 2859 1914 2948 natea:

330 2948 496 3021 iapr
534 2955 1111 3033 ἀποδιοπομπούμενος
1140 2969 1235 3021 καὶ
1277 2948 1719 3049 ἀποτρεπόμενος
1741 2998 1755 3012 ·
1785 2984 1834 3036 εί
1857 2984 1913 3040 δέ

329 3056 470 3097 ποτε
497 3046 588 3099 καὶ
617 3051 1021 3120 παραμίγνυται
1039 3074 1086 3112 τι
1115 3061 1332 3128 κακίας,
1360 3046 1659 3141 ὦσπεργτῷ
1688 3074 1913 3149 καθαρῷ

327 3135 571 3202 ῥεύματι
618 3139 714 3192 τοῦ
756 3140 944 3207 ὓδατος
982 3147 1045 3199 ἐκ
1082 3149 1177 3203 τοῦ
1217 3151 1435 3226 θολεροῦ
1462 3159 1521 3212 τὸ
1559 3162 1654 3216 τοῦ
1685 3163 1910 3234 διειδοῦς

324 3227 723 3299 ὑπερϐάλλοντι
758 3234 1020 3305 νάματος,
1051 3240 1109 3293 τὸ
1141 3240 1358 3309 ἰλυῶδες
1387 3248 1773 3320 ἀποκλύζεται,
1810 3227 1904 3313 καί

319 3319 431 3372 οὐκ
464 3322 713 3394 ἐπίδηλον
762 3327 860 3398 τὴν
908 3329 1006 3400 τῆς
1053 3332 1231 3405 ψυχῆς
1263 3337 1547 3408 ὑποφαίνει
1581 3347 1853 3419 ῥυπαρίαν
1883 3367 1906 3381 ⁶

319 3408 470 3481 αὕτη
534 3411 632 3482 μὲν
690 3414 784 3469 τοῦ
837 3419 1091 3475 συνθέτου
1139 3425 1427 3498 ἀνθρώπου
1477 3408 1645 3507 ἁρετὴ
1688 3408 1870 3494 τελεία

316 3501 824 3572 νενοήσθω-τούτου
840 3507 896 3563 δὲ
914 3513 974 3564 τὸ
1004 3513 1166 3568 πλέον
1206 3519 1264 3571 ἐν
1297 3523 1409 3583 τοῖς
1447 3501 1719 3594 οὐρανίοις
1760 3531 1901 3597 νόοις

317 3592 696 3648 πιστευέσθω’
722 3600 772 3650 εἰ
799 3599 855 3653 δέ
885 3618 967 3664 τις
1004 3604 1237 3660 ἐνταῦθα
1270 3613 1389 3679 μετ’
1414 3592 1717 3683 ἀνθρώπων
1750 3592 1897 3690 βιοὺς

313 3683 457 3736 Θεὸν
509 3686 636 3741 ἰδεῖν
674 3693 1018 3767 κατηξιώθη,
1050 3698 1127 3762 ὡς
1166 3701 1409 3774 Μωῦσῆς
1440 3708 1533 3761 καὶ
1572 3683 1817 3781 Ἡσαΐας,

313 3778 502 3850 σάρκα
532 3781 755 3855 βαρεῖαν
795 3790 1108 3856 κουφισθεὶς
1140 3794 1221 3858 είς
1266 3797 1493 3869 οὐρανὸν
1522 3778 1892 3879 ἀναδεδραμήί

312 3890 410 3926 κει
435 3875 566 3945 πρὸς
607 3876 737 3931 Θεὸν
753 3918 767 3942 ,
793 3879 869 3945 ὠς
910 3882 1079 3956 Ἑνώχ
1106 3902 1166 3938 τε
1193 3887 1354 3953 αὐτὸς
1381 3891 1474 3945 καὶ
1507 3893 1689 3960 Ἦλίας

1421 381 1484 435 ΙΝ
1506 382 1817 445 CARMINA
1853 388 2137 447 ARCA-NA
2173 388 2234 447 ὃ.
2271 389 2629 451 GREGONL

3537 407 3645 461 72:!

2074 531 2232 587 labor
2270 533 2339 589 ad
2373 536 2766 606 acquirendam
2807 542 3067 597 virtut'em
3106 544 3312 615 absque
3354 544 3447 602 Dei
3488 548 3645 617 adju-

2051 622 2216 676 -torio
2242 621 2313 679 ab
2350 623 2670 685 hominibus
2695 642 3040 699 exerceatur,
3072 633 3197 691 ideo
3222 644 3414 692 nostro
3454 643 3642 710 generi

2069 715 2139 770 ad
2167 715 2219 771 id
2252 733 2430 790 usque
2467 721 2673 777 misero
2699 723 2831 779 illud
2866 726 3060 798 dogma
3088 727 3146 783 in
3170 730 3351 786 animo
3378 730 3642 803 deligatur

2062 813 2121 860 et
2161 819 2288 865 ante
2315 810 2422 865 alia
2460 812 2827 884 imprimatur.

2060 984 2130 1041 68
2159 985 2347 1042 Prima
2379 991 2589 1060 quidem
2626 994 2908 1050 Trinitatis
2942 1014 3083 1066 pum
3112 1011 3332 1067 natura,
3366 1013 3474 1060 etc.

2127 1075 2327 1147 Reipsa
2376 1081 2665 1153 tlieologici
2725 1085 2927 1156 ingenii
2978 1089 3202 1158 dignum
3258 1093 3389 1147 illud
3435 1094 3631 1165 dogma

2051 1178 2236 1231 nosse,
2264 1183 2460 1240 nempe
2489 1173 2719 1242 primam
2746 1191 2934 1244 puram
2962 1188 3210 1234 naturam
3241 1190 3294 1236 et
3319 1185 3500 1241 omnis
3519 1187 3629 1242 vir-

2052 1257 2186 1314 tutis
2232 1260 2561 1334 principium
2608 1273 2665 1320 et
2710 1266 2910 1324 fontem
2961 1286 3085 1327 esse
3126 1273 3329 1328 trinum
3376 1280 3631 1346 personis

2047 1347 2241 1418 Deum;
2258 1368 2419 1423 quem
2439 1356 2748 1415 immediate
2759 1362 3007 1431 sequitur
3019 1365 3262 1435 angelica
3284 1377 3336 1422 et
3356 1369 3631 1439 caelestis;

2047 1442 2207 1496 tertia
2229 1453 2433 1501 natura
2456 1446 2586 1503 boni
2610 1460 2665 1504 et
2685 1451 2905 1508 virtutis
2928 1456 3203 1527 particeps
3243 1458 3405 1513 homo
3433 1463 3524 1532 qui
3554 1463 3626 1518 ab

2042 1530 2201 1587 initio
2230 1536 2299 1591 ad
2330 1537 2440 1592 duo
2470 1556 2774 1611 suspensus
2803 1551 2858 1597 et
2878 1560 3084 1615 pronus
3115 1556 3333 1607 creatus
3359 1560 3481 1608 est:
3513 1569 3634 1610 me.

2041 1621 2167 1677 dius
2198 1624 2580 1686 intervirtutis
2597 1632 2762 1686 vitam
2779 1642 2834 1689 et
2864 1637 3072 1704 peccati
3095 1649 3350 1706 mortem,
3382 1652 3438 1698 et
3457 1643 3627 1700 subli-

2039 1725 2181 1766 mem
2214 1716 2508 1772 terminum
2543 1720 2753 1777 habens
2779 1722 2904 1778 vita:
2929 1725 3133 1782 virtute
3162 1728 3413 1802 insignis,
3447 1732 3619 1790 ﬁlium

2038 1798 2133 1856 Dei
2176 1806 2396 1862 realiter
2437 1809 2580 1875 fieri,
2627 1827 3000 1871 aerumnosum
3047 1834 3176 1874 vero
3219 1830 3274 1876 et
3323 1825 3616 1880 molestum

2033 1893 2193 1950 valde
2217 1896 2263 1951 si
2296 1898 2377 1953 vel
2404 1900 2690 1957 minimum
2730 1906 2953 1962 malitiae
2983 1919 3171 1979 portas
3212 1914 3440 1983 aperiat.
3477 1914 3613 1972 Illud

2033 1986 2178 2041 enim
2203 1989 2476 2059 bravium,
2500 1994 2853 2069 intelligentia
2884 2015 3010 2055 cum
3040 2003 3240 2059 virtute
3270 2008 3485 2064 vivente
3523 2026 3612 2067 me

2032 2077 2103 2132 ab
2132 2080 2416 2137 Altissimo
2454 2095 2660 2142 manet.
2722 2107 2743 2141 ι
2768 2088 2876 2148 Iste
2916 2101 3002 2148 est
3051 2096 3311 2165 Optimus.
3347 2119 3366 2153 ι
3401 2110 3455 2157 et
3491 2118 3608 2174 seq.

2030 2169 2282 2241 Optimus
2329 2178 2438 2241 ille.
2488 2180 2579 2237 ille
2609 2184 2827 2239 virtutis
2852 2187 3126 2255 perfectus
3176 2193 3374 2258 cultor,
3427 2197 3520 2265 qui
3552 2169 3607 2253 in

2027 2271 2226 2318 natura
2256 2281 2515 2337 perversa
2541 2280 2595 2327 et
2626 2275 2766 2329 mala
2810 2278 2956 2333 tevia
2986 2282 3234 2351 quaedam
3278 2286 3498 2342 malitia:
3516 2304 3616 2344 ve-

2026 2353 2185 2424 stigia
2213 2357 2489 2424 praebens,
2518 2359 2730 2418 fervido
2773 2365 3043 2424 Altissimi
3088 2387 3277 2428 amore
3304 2374 3371 2429 ad
3402 2378 3615 2432 caelum

2024 2444 2218 2508 tendit,
2249 2445 2622 2506 indesinenter
2646 2454 2814 2519 volat,
2840 2466 2965 2526 post
2988 2467 3200 2531 tergum
3230 2472 3409 2518 autem
3441 2468 3602 2521 mali-

2022 2531 2156 2588 tiam
2195 2534 2375 2603 rejicit
2409 2547 2464 2593 et
2513 2539 2700 2611 fugat;
2727 2548 3190 2615 quemadmodum
3222 2567 3453 2612 currens
3497 2556 3600 2612 llu-

2020 2638 2144 2678 men
2194 2626 2361 2681 alium
2414 2638 2716 2689 torrentem
2775 2636 3056 2708 fragosum
3094 2649 3149 2697 et
3200 2647 3608 2705 tumultuosum

2017 2716 2273 2786 propellit
2306 2728 2361 2775 et
2390 2721 2609 2791 rejicit;
2641 2734 2695 2781 et
2724 2728 2771 2782 si
2810 2730 2941 2799 quid
2964 2733 3095 2787 mali
3116 2734 3605 2806 intermisceretur,

2016 2806 2165 2861 velut
2192 2825 2314 2864 cum
2344 2827 2541 2881 purum
2578 2815 2779 2874 flumen
2816 2837 2913 2891 per
2932 2824 3138 2880 turbidi
3162 2827 3391 2885 alterius
3419 2846 3607 2902 aquas

2015 2898 2216 2967 trajicit
2244 2901 2497 2973 limpidas
2535 2911 2619 2961 sui
2646 2910 2820 2980 ipsius
2850 2915 3048 2980 undas,
3087 2927 3217 2973 tunc
3245 2923 3389 2989 quod
3421 2898 3592 2978 limo-

2012 3004 2132 3046 sum
2162 2998 2283 3046 erat
2311 3007 2673 3067 expurgatur,
2700 3009 2754 3057 et
2801 3006 3004 3060 revelat
3047 3010 3200 3078 prius
3228 3010 3444 3082 ignotas
3472 3018 3593 3071 ani-

1998 3064 2118 3134 ma:
2166 3064 2391 3140 sordes.
2418 3085 2671 3145 Hominis
2728 3096 3021 3164 compositi
3077 3099 3191 3155 haec
3239 3101 3412 3159 virtus
3459 3121 3601 3176 per--~

2011 3172 2156 3225 tecta
2182 3174 2551 3247 intelligatur;
2584 3181 2701 3249 ipse
2730 3193 2911 3241 autem
2945 3190 3117 3259 magis
3164 3191 3220 3246 in
3264 3172 3582 3256 cmlestibus

2010 3263 2298 3333 spiritibus
2321 3270 2573 3327 confidat.
2603 3273 2659 3328 Si
2692 3278 2817 3345 quis
2854 3290 3035 3335 autem
3069 3282 3159 3338 hic
3190 3299 3317 3340 cum
3343 3286 3582 3347 homini-

2008 3356 2113 3414 bus
2153 3360 2344 3418 vivens
2400 3364 2565 3423 Deum
2612 3369 2799 3426 videre
2856 3374 3118 3446 dignatus
3166 3378 3370 3450 fuerit,
3430 3387 3586 3445 velut

2008 3446 2224 3523 Moyses
2256 3463 2312 3509 et
2334 3453 2542 3525 Isaias,
2575 3461 2690 3516 sive
2717 3463 2770 3516 in
2802 3479 2970 3521 carne
3006 3471 3156 3539 gravi
3190 3472 3363 3531 levior
3400 3479 3581 3540 factus

2006 3541 2062 3596 in
2095 3544 2295 3599 caelum
2346 3548 2413 3601 ad
2460 3547 2628 3605 Deum
2662 3553 2837 3609 instar
2866 3555 3053 3614 Eneclt
3092 3572 3147 3617 et
3176 3562 3303 3621 Elia:
3326 3573 3581 3630 avolave-

2004 3634 2096 3699 rit,
2138 3636 2309 3706 gloria
2344 3646 2401 3692 et
2434 3641 2611 3696 honor
2641 3642 2750 3700 Deo
2781 3647 2921 3715 soli,
2954 3650 3205 3713 homines
3241 3670 3420 3715 autem
3458 3682 3577 3723 [ηοω

2006 3724 2183 3781 destia
2214 3728 2267 3782 in
2294 3728 2494 3785 virtute
2514 3741 2569 3786 et
2598 3735 2833 3792 elatione
2866 3742 3103 3800 maxime
3134 3751 3355 3819 expedit
3386 3768 3575 3827 snper-

2001 3817 2216 3881 vestiri,
2244 3817 2407 3889 idque
2444 3822 2689 3879 salutare
2715 3840 2959 3885 constat.

1719 3898 1853 3971 (32),
1886 3903 2042 3958 τοῦτο
2073 3902 2201 3968 δόξα
2224 3903 2361 3958 Θεοῦ
2390 3907 2485 3960 καὶ
2504 3910 2638 3981 τιμὴ
2663 3910 2893 3985 δηλαδή·
2915 3915 3114 3989 μέτρον
3141 3918 3199 3973 δὲ
3219 3924 3333 3987 τοῖς
3364 3922 3572 3997 ἀνθρὼ-

313 3981 447 4029 mi;
476 3970 571 4038 τῆς
607 3969 803 4042 ἀρετῆς
835 3974 927 4028 καὶ
970 3976 1069 4047 τῆς
1103 3978 1362 4048 ὑψώσεως
1390 3969 1829 4048 λυσιτελέστατον
1864 3996 2249 4069 ἐπιϐεϐλῆσθαι
2275 4001 2371 4054 καὶ
2396 3969 2757 4075 σωτηριιῦδες.

311 4078 391 4172 ἕξ
403 4079 647 4172 ξἰδᾶγε
660 4098 746 4135 τοι
752 4083 855 4163 zeal
868 4086 1205 4172 τοῦτρνέηὼ
1217 4094 1409 4172 λόγως
1421 4096 1493 4172 ἐκ
1508 4100 1685 4172 φρεσὶ
1702 4102 1888 4171 θήσω,

310 4149 535 4217 8611ὧς
571 4168 678 4205 κεν
705 4151 816 4222 τῆς
839 4157 1106 4226 μεγάλης
1130 4149 1353 4231 Ἀρετῆς
1383 4164 1489 4309 ἐπὶ
1508 4149 1891 4295 ἲέλᾶὸῖ-’ξιῆί

1491 4256 1583 4305 αι,
1614 4257 1664 4293 κ.
1689 4258 1740 4296 τ.
1801 4283 1815 4298 .

1491 4256 1583 4305 αι,
1614 4257 1664 4293 κ.
1689 4258 1740 4296 τ.
1768 4256 1815 4298 λ.

383 4327 507 4385 Εἶεν
533 4333 596 4404 δὴ
639 4328 732 4387 οῦν
768 4337 862 4389 καὶ
918 4337 1105 4393 τοῦτον
1158 4341 1270 4410 ἐγὼ
1310 4344 1400 4399 τὸν
1438 4347 1592 4418 λόγον
1628 4354 1747 4417 ταῖς
1772 4356 1891 4419 σαῖς

306 4423 695 4495 παραθήσομαι
726 4427 936 4497 φρεσὶν,
976 4432 1007 4501 ἡ
1045 4430 1291 4503 θεολόγος
1320 4437 1566 4503 σαλπίζει
1596 4446 1767 4516 φωνή.
1792 4447 1889 4511 Τίς

304 4512 366 4567 δὲ
394 4515 422 4566 ὁ
448 4512 631 4582 λόγοςς
657 4516 781 4580 Πῶς
807 4516 874 4572 ἂν
906 4522 986 4584 εἰς
1014 4522 1324 4596 τελειότητα
1347 4530 1448 4601 τῆς
1487 4512 1884 4607 μεγάλης-ἀφί-

304 4625 426 4661 κοιο
480 4610 701 4682 ἀρετῆς,
738 4614 860 4685 ἥτις
901 4616 1033 4688 μόνη
1069 4619 1283 4692 καθαρὰ
1315 4623 1474 4680 θυσία
1502 4627 1580 4697 τῷ
1611 4630 1754 4701 μόνῳ
1786 4633 1885 4702 τὴν

300 4699 469 4767 φύσιν
523 4700 756 4772 ὑπάρχει
804 4705 1051 4779 καθαρῷ.
1097 4709 1212 4763 Οὐκ
1242 4706 1394 4782 οἶμαι
1442 4714 1520 4781 δὲ,
1561 4699 1884 4786 φησὶξκατὰ

296 4790 396 4843 τδν
426 4793 668 4862 παρόντα
692 4792 804 4864 βίον
824 4796 916 4850 τοῦ
938 4799 1238 4871 ἀκροτάτου
1252 4805 1883 4877 καταδράξασθαιτέλους

297 4883 472 4954 αὐτῆς
491 4899 505 4913 ’
539 4885 706 4949 πολὺς
728 4886 836 4959 γὰρ
857 4891 885 4942 ό
902 4891 1128 4956 καπνὸς,
1161 4895 1327 4959 πολὺς
1359 4899 1387 4948 ὁ
1414 4898 1574 4966 ζόφος
1604 4900 1633 4952 ό
1650 4901 1758 4955 ἀπὺ
1782 4903 1882 4971 τῆς

295 4974 391 5028 τοῦ
420 4974 669 5045 σώματος
709 4978 906 5048 ἀχλύος
954 4984 1065 5045 τοῖς
1097 4982 1337 5054 ὄμμασιν
1370 4988 1760 5061 ὲπικεχυμένος
1783 4992 1878 5046 τοῦ

295 5065 391 5120 νοῦ
415 5085 429 5096 ·
458 5070 739 5141 ἀγαπητὸν
774 5070 832 5124 δέ
865 5090 952 5142 μοι
982 5074 1110 5144 ἄρα,
1142 5076 1191 5128 εί
1222 5079 1312 5131 καὶ
1341 5081 1478 5150 μετὰ
1501 5083 1597 5155 τὴν
1620 5084 1875 5144 λύσιντοῦ

294 5159 753 5231 ἰπιπροσθοῦντος
793 5163 983 5233 νέφους
1014 5167 1457 5242 ἁποσμηξαμένῳ
1497 5178 1566 5229 τὰ
1594 5179 1875 5257 δακρυώδη

294 5254 438 5306 κακὰ
458 5254 638 5308 πάντα
673 5256 821 5319 ἐντὸς
844 5258 937 5310 τοῦ
967 5258 1103 5311 Θεοῦ
1139 5263 1232 5315 καὶ
1256 5266 1352 5334 τῆς
1390 5266 1711 5342 εἰλικρινοῦς
1741 5254 1871 5348 άρεέ

294 5343 395 5413 τῆς
412 5346 844 5418 καταληφθῆναι.
864 5349 1023 5403 Ἀλλὰ
1038 5352 1121 5412 τίς
1139 5354 1170 5424 ἡ
1192 5354 1337 5408 αἰτία
1363 5359 1461 5430 τῆς
1483 5343 1872 5436 κατορθώσεως

293 5435 498 5506 αὐτῆςς
534 5435 654 5491 οὔτε
680 5440 786 5510 γὰρ
818 5440 979 5511 μόνου
1026 5443 1120 5496 τοῦ
1167 5445 1300 5500 Θεοῦ
1339 5450 1496 5505 τοῦτο
1518 5435 1688 5527 δῶρον
1704 5460 1883 5533 ὑπάρ-

291 5542 400 5597 χει,
448 5528 549 5599 τὴν
606 5529 795 5583 ἑαυτοῦ
845 5533 1198 5603 σεμνύνοντος
1246 5541 1429 5596 εἰκόνα
1456 5560 1469 5573 ο
1501 5549 1634 5602 πᾶσι
1663 5555 1771 5625 γὰρ
1801 5555 1869 5609 ἂν

290 5616 436 5670 κατὰ
468 5618 630 5687 φύσιν
658 5621 962 5693 ἀνθρώποις
990 5626 1216 5698 προσῆν,
1242 5628 1317 5694 ὼς
1337 5632 1397 5685 τὸ
1434 5635 1647 5705 λογικὸν
1674 5616 1779 5699 καὶ
1806 5648 1867 5701 τὸ

290 5705 507 5778 θνητὸν,
533 5710 627 5762 καὶ
671 5711 834 5765 λύοιτ’
866 5712 933 5766 ἂν
968 5713 1141 5781 οῦτως
1184 5719 1244 5771 τὸ
1274 5721 1559 5792 αὐτοθελὲς
1601 5734 1690 5788 καὶ
1741 5738 1864 5792 αὐτ.

362 5821 474 5892 (5|)
513 5823 646 5879 Cod.
686 5824 903 5897 κομιδή,
933 5834 987 5881 ct
1029 5826 1108 5883 sic
1139 5828 1278 5886 infra
1313 5849 1543 5904 semper.

1992 4110 2064 4196 ἐξ
2082 4111 2127 4196 ,1
2132 4126 2193 4180 ge
2207 4126 2325 4196 verq
2339 4120 2388 4165 et
2406 4112 2543 4196 [tunc
2560 4131 2654 4184 ego
2684 4134 2973 4196 sermonem
2991 4133 3096 4196 tua,
3110 4124 3274 4177 menti
3285 4142 3562 4196 apponam.

1992 4180 2061 4236 86
2085 4180 2358 4246 Quomodo
2375 4182 2445 4236 ad
2466 4180 2686 4239 summa?
2710 4187 2918 4244 virtutis
2939 4191 3142 4247 culmen
3157 4180 3577 4266 ρενυείιῖιιιέξοιξ,

2060 4360 2301 4432 Agedum
2335 4373 2390 4419 et
2422 4364 2565 4422 hunc
2595 4382 2898 4426 sermonem
2921 4374 3192 4431 mentibus
3225 4377 3334 4433 tuis
3363 4394 3563 4451 propo-

1991 4464 2141 4515 nam,
2180 4451 2438 4507 buccinat
2468 4456 2773 4528 theologica
2809 4474 2951 4515 vox:
2990 4465 3115 4532 quis
3147 4468 3370 4520 sermo?
3416 4471 3562 4536 Otio-

1989 4540 2154 4595 modo
2199 4542 2267 4598 ad
2307 4543 2697 4613 perfectionem
2735 4564 2945 4620 magna:
2991 4558 3275 4624 pervenies
3322 4559 3557 4622 virtutis.

1987 4646 2107 4701 quae
2138 4633 2253 4689 sola
2291 4636 2497 4692 oblatio
2532 4641 2755 4705 munda,
2807 4644 2907 4700 soli
2938 4662 3077 4716 puro
3107 4664 3172 4703 ex
3220 4661 3413 4705 natura
3458 4668 3563 4710 sua

1984 4734 2117 4781 Stat.
2181 4725 2301 4782 Non
2348 4730 2620 4796 arbitror,
2670 4733 2882 4805 inquit,
2937 4753 3024 4794 me
3074 4743 3559 4813 comprehendisse

1983 4816 2159 4889 ipsius
2204 4836 2514 4891 summum,
2560 4828 2805 4897 quandiu
2855 4830 2911 4885 in
2953 4838 3206 4901 ιιι-ωεξηιί
3246 4853 3366 4892 sum
3400 4842 3549 4907 vita;

1981 4927 2107 4966 nam
2143 4914 2349 4969 multus
2379 4915 2581 4981 fumus,
2614 4923 2851 4977 tenebrae
2870 4926 3077 4992 multa,
3103 4943 3225 4999 qua:
3248 4946 3279 4985 e
3303 4935 3557 5003 corporis

1979 5005 2198 5061 nebulis
2229 5009 2599 5065 extenduntur
2636 5014 2828 5070 oculos
2878 5020 3078 5073 mentis
3124 5020 3553 5093 circumsepien-

1976 5103 2094 5164 tes;
2131 5099 2334 5155 bonum
2367 5103 2415 5157 si
2459 5111 2747 5174 postquam
2777 5111 3060 5164 evanuerit
3106 5115 3305 5170 nebula
3350 5117 3546 5182 olfusa.

1976 5189 2228 5259 lugendis
2267 5207 2299 5246 a
2329 5196 2488 5251 malis
2517 5197 2774 5255 omnibus
2817 5203 3069 5272 expedito
3100 5207 3231 5261 mihi
3264 5211 3548 5279 contingat

1974 5280 2029 5335 in
2057 5279 2225 5337 Deum
2256 5292 2307 5339 et
2336 5286 2391 5340 in
2426 5289 2713 5357 probatam
2747 5292 3007 5349 virtutem
3042 5297 3249 5354 induci.
3285 5300 3390 5355 Sed
3425 5317 3553 5372 qua

1972 5373 2041 5427 ad
2068 5374 2324 5431 virtutem
2359 5377 2679 5438 directionis
2706 5386 2911 5441 causa?
2938 5402 3046 5442 non
3080 5391 3225 5444 enim
3254 5392 3425 5448 solius
3450 5392 3550 5451 Dei

1970 5465 2173 5520 donum
2206 5478 2292 5524 est
2318 5470 2492 5540 ipsius
2530 5473 2821 5545 imaginem
2851 5480 3248 5549 glorilicantis:
3286 5486 3545 5544 omnibus

1969 5558 2269 5613 secundum
2306 5569 2559 5617 naturam
2600 5565 2913 5625 hominibus
2949 5571 3155 5637 aderat,
3187 5574 3334 5631 sicut
3362 5584 3418 5634 et
3452 5595 3541 5635 ra-

1970 5648 2134 5703 tionis
2174 5649 2406 5708 facultas
2445 5663 2502 5710 et
2554 5660 2717 5713 morti
2752 5659 3109 5731 obnoxietas;
3161 5664 3542 5727 destrueretur

1968 5735 2072 5791 hoc
2091 5738 2256 5792 verbo
2277 5740 2641 5799 voluntarium
2667 5755 2720 5803 ct
2754 5746 2983 5806 liberum
3008 5751 3332 5817 arbitrium:
3359 5774 3543 5830 neque

2036 5850 2149 5922 (52)
2179 5854 2312 5911 Cod.
2366 5855 2569 5914 Ἠλίου.
