4056 6238
407 381 518 438 7223
1758 391 1981 449 NICETi

2098 389 2306 446 DAVlD
3581 383 3693 438 7‘34

407 506 571 559 etiam
602 504 860 560 desiderii
903 511 1075 564 nostri
1117 510 1291 564 solius
1331 529 1470 582 opus
1513 525 1600 569 aut
1651 516 1981 572 electionis:

408 598 502 652 sed
525 590 808 653 amborum
839 602 1001 656 simul
1024 605 1366 673 agnoscenda
1396 609 1696 664 necessitas
1718 618 1772 663 et
1802 610 1990 663 volun-

412 691 541 746 tatis
581 700 783 747 nostrae
816 705 872 747 et
902 694 1379 764 omnipotentioris
1416 699 1508 754 Dei
1538 717 1754 758 manus.
1785 701 1988 768 Quem-

407 784 702 840 admodum
754 788 899 841 enim
947 790 1248 845 secundum
1311 802 1565 848 naturam
1632 811 1786 850 suam
1837 798 1988 851 visus

409 879 689 948 proposita
715 895 825 934 non
847 879 996 934 videt
1015 882 1221 952 absque
1249 884 1364 939 sole
1388 885 1755 953 illuminante,
1788 889 1989 959 quippe

406 970 498 1040 qui
531 972 706 1024 visum
737 971 1006 1026 illuminat
1044 981 1097 1028 et
1130 975 1342 1044 primus
1375 976 1446 1032 ab
1474 978 1568 1032 illo
1601 980 1876 1035 cernitur:
1909 982 1989 1035 sic

409 1076 562 1116 mens
590 1062 932 1118 rationabilis
963 1070 1016 1116 et
1043 1080 1139 1133 per
1163 1065 1402 1134 seipsam
1452 1083 1639 1136 agens,
1669 1068 1736 1122 ad
1773 1070 1988 1125 virtutis

407 1153 734 1206 exercitium
802 1153 1150 1210 confortante
1205 1156 1312 1211 Deo
1381 1175 1542 1228 supra
1611 1175 1671 1215 se
1733 1161 1984 1230 erigitur.

412 1263 431 1294 ‹
474 1243 587 1298 Duo
618 1245 838 1313 quidem
872 1263 901 1300 a
933 1263 1128 1317 magno
1157 1249 1289 1315 Deo,
1323 1271 1340 1301 ο
1377 1260 1430 1305 et
1470 1268 1589 1322 seq.
1626 1252 1756 1307 Duae
1784 1262 1986 1323 partes,

410 1339 585 1406 prima
615 1348 668 1393 et
695 1340 934 1394 secunda
967 1357 996 1395 a
1032 1341 1139 1396 Deo
1169 1345 1220 1398 in
1260 1346 1512 1401 viitutem
1547 1348 1810 1403 ducentes
1841 1363 1989 1402 enla-

407 1440 560 1496 uant,
596 1448 760 1486 unam
792 1449 922 1488 vero
951 1450 980 1487 a
1016 1436 1172 1490 nobis
1205 1438 1255 1490 in
1291 1439 1460 1508 ipSam
1497 1439 1759 1495 inducere
1790 1440 1988 1496 intelli—

406 1525 640 1594 gendum
667 1534 771 1581 est.

405 1709 475 1765 98
509 1709 604 1764 Ule
626 1730 711 1768 me
742 1729 983 1770 canerem
1019 1716 1170 1782 cﬂicit
1200 1717 1320 1769 boui
1347 1727 1395 1769 et
1428 1718 1560 1772 vires
1591 1720 1911 1788 suppeditat.

476 1883 744 1954 Capacem
799 1887 1016 1943 virtutis
1049 1897 1102 1942 et
1151 1887 1274 1942 honi
1328 1888 1456 1944 iecit
1503 1889 1647 1945 Dens
1706 1891 1982 1946 hominem

405 1974 494 2029 cui
554 1976 678 2031 honi
729 1979 938 2034 semina
991 1980 1340 2050 impertivit:
1403 1982 1576 2051 prima
1636 1985 1987 2054 secundaque

408 2085 533 2138 pars
565 2071 632 2123 ah
673 2071 765 2126 illo
793 2090 806 2125 :
857 2073 1156 2141 potentiam
1186 2083 1240 2127 ct
1276 2075 1420 2128 vires
1449 2075 1514 2127 ad
1565 2076 1900 2145 operandam
1931 2086 1986 2131 et

407 2179 580 2232 usque
600 2163 666 2217 ad
703 2167 862 2219 linem
892 2167 1354 2234 perseverantiam
1380 2167 1584 2220 donat:
1615 2177 1865 2222 nostrum
1896 2185 1984 2222 au-

405 2265 514 2311 tem
547 2256 775 2311 viriliter
798 2258 999 2310 bonum
1026 2259 1246 2330 eligere.
1277 2258 1462 2329 Itaque
1490 2270 1750 2328 tanquam
1782 2261 1984 2315 athleta

403 2347 650 2416 «nudam,
681 2362 778 2403 nec
804 2351 1092 2417 expeditus
1119 2349 1361 2419 quidem,
1390 2352 1551 2406 nimis
1579 2353 1984 2409 retardantibus

402 2442 652 2508 rorporis
681 2443 1060 2510 cmnpedihus.
1092 2459 1192 2513 ego
1221 2460 1314 2514 per
1365 2446 1600 2499 medium
1650 2447 1884 2501 stadium
1917 2447 1983 2502 ad

404 2542 606 2586 metam
633 2546 817 2592 Clll‘l‘tl.
853 2549 951 2588 "(‘C
983 2539 1202 2604 prannio
1235 2553 1330 2590 lICC
1356 2553 1555 2590 corona
1582 2553 1796 2600 CRI‘CIIS.
1819 2555 1985 2594 1110111-

405 2625 498 2678 bra
524 2627 774 2695 Corporis
809 2629 1098 2685 conatibus
1136 2631 1410 2701 lactisque
1443 2647 1747 2694 consumo;
1787 2634 1986 2703 illaque

402 2732 505 2774 nec
538 2721 737 2774 virium
775 2737 1018 2776 mearum
1053 2737 1151 2778 nec
1181 2726 1416 2795 encrgiae
1455 2741 1585 2780 uncae
1617 2740 1775 2796 Opus,
1823 2726 1983 2780 Chri-

400 2821 522 2865 stus
573 2813 704 2866 Inihi
757 2813 956 2868 halitus
998 2825 1053 2869 et
1100 2816 1232 2874 vita,
1269 2817 1526 2871 Christus
1561 2817 1822 2874 fortitudo
1863 2835 1980 2874 mea

399 2915 456 2960 et
499 2907 672 2978 gloria
717 2920 766 2963 ct
805 2911 1008 2963 divitia!
1059 2923 1114 2966 et
1165 2913 1298 2964 mira
1339 2913 1639 2968 hcatitudo.
1693 2933 1710 2965 ι
1754 2914 1855 2980 Qui
1899 2931 1984 2969 me

401 3000 841 3055 consideranteni
869 3013 920 3056 ct
959 3005 1092 3057 bene
1128 3014 1460 3059 currentem.
1507 3025 1525 3056 ι
1563 3005 1759 3062 ldesl:
1799 3009 1982 3060 consi-

403 3093 744 3148 derationem
798 3106 850 3147 ct
902 3095 1356 3148 exercitationem
1407 3097 1667 3166 exponit;
1715 3108 1983 3168 quotquot.

401 3201 532 3256 ergo
560 3185 812 3254 spiritum
849 3197 901 3240 et
935 3187 1310 3241 fortitudinem
1343 3191 1649 3244 sortiuntur
1675 3207 1828 3245 suam
1861 3207 1982 3246 esse

400 3280 704 3343 Christum,
743 3282 793 3335 hi
830 3282 895 3335 ad
927 3282 1143 3339 virtutis
1171 3301 1311 3354 opus
1341 3287 1683 3357 diriguntur;
1715 3297 1981 3357 quotquot

399 3387 529 3427 vero
579 3375 698 3429 sine
734 3375 829 3427 illo
861 3390 888 3426 a
920 3373 1118 3444 seipsis
1151 3392 1312 3446 agerc
1357 3390 1649 3439 conantur,
1693 3381 1844 3434 stulti
1893 3381 1979 3434 isti

403 3465 651 3522 homines
687 3477 736 3520 ct
786 3485 978 3524 (illiilCS
1017 3480 1148 3523 sunt
1190 3471 1489 3539 crepundia
1532 3472 1730 3525 debilia
1777 3485 1827 3527 et
1855 3489 1979 3527 eor-

400 3565 585 3626 rupta,
628 3557 1015 3614 incredulitate
1061 3568 1117 3615 et
1164 3562 1408 3630 peccatis
1458 3565 1660 3617 mortui
1709 3562 1980 3628 finientes,

403 3651 718 3720 frustraque
770 3652 952 3707 vivere
992 3668 1050 3708 sc
1085 3655 1444 3710 a'stimantcs.
1493 3657 1547 3710 Si
1597 3657 1756 3720 forte,
1807 3658 1985 3728 inquit

401 3739 780 3810 ΤΙιροεονΙιιιε,
809 3758 961 3796 avem
998 3743 1208 3812 ahSque
1239 3759 1363 3799 acre
1390 3746 1685 3812 volantem,
1733 3758 1827 3801 aut
1863 3748 1983 3803 sine

401 3845 541 3896 aqua
566 3841 845 3887 natantem
872 3844 924 3888 ct
959 3835 1292 3888 volutantem
1326 3851 1384 3890 se
1413 3836 1614 3892 videris
1637 3837 1978 3908 delphinum,

399 3935 454 3981 et
492 3925 764 3979 hominem
811 3926 1020 3981 videbis
1059 3929 1178 3982 sine
1210 3927 1436 3984 Christo
1473 3931 1524 3984 in
1570 3930 1654 3982 via
1687 3932 1904 3986 virtutis
1928 3944 1982 3986 ct

399 4018 466 4075 ad
505 4017 786 4074 Christum
833 4019 969 4074 hcne
1001 4030 1310 4075 currentem
1358 4030 1411 4076 ct
1446 4030 1640 4075 metam
1679 4038 1981 4092 assequen-

398 4120 530 4167 tem.
577 4129 597 4163 ι
635 4112 823 4182 Itaque
857 4130 922 4168 ne
949 4127 1134 4167 coram
1162 4129 1245 4167 me
1279 4113 1507 4167 multum
1553 4112 1826 4184 glorieris,
1871 4132 1890 4164 ι
1926 4122 1980 4168 et

397 4218 514 4274 seq.
553 4204 711 4268 Cum,
747 4206 944 4275 inquit,
974 4205 1093 4261 sine
1115 4202 1244 4260 Jesu
1269 4205 1471 4260 Christi
1501 4206 1740 4275 potentia
1767 4214 1820 4260 et
1850 4222 1981 4276 ope-

397 4299 612 4352 ratione
641 4298 779 4351 nihil
807 4298 986 4368 possis
1019 4297 1232 4360 facere.
1267 4314 1334 4352 ne
1369 4299 1582 4368 loquela
1617 4297 1851 4368 superba
1874 4299 1980 4352 eri-

399 4393 568 4462 garis,
604 4406 780 4460 neque
817 4392 1016 4447 elatius
1047 4392 1102 4446 in
1134 4392 1562 4461 cogitationibus
1591 4391 1701 4446 tuis
1737 4399 1791 4447 te
1820 4406 1981 4462 geras

397 4489 556 4556 quasi
596 4486 1061 4558 prmlentissimus
1099 4495 1155 4540 et
1185 4485 1628 4556 sapientissimus
1667 4486 1766 4549 sis,
1798 4501 1980 4556 neque

397 4580 604 4634 virtute
645 4577 959 4634 inferiorem
1007 4578 1198 4632 videns
1245 4575 1452 4631 tumide
1482 4585 1534 4631 te
1579 4577 1976 4648 magnipendas

399 4673 556 4742 quasi
597 4680 827 4728 cunctos
875 4685 1102 4740 superes
1154 4667 1376 4739 propior
1417 4669 1642 4724 virtutis
1669 4669 1974 4736 accedens;

398 4785 523 4826 nam
562 4785 789 4825 summa:
827 4781 1086 4839 suprema
1126 4765 1383 4827 virtutis,
1436 4763 1570 4818 illud
1617 4765 1762 4818 enim
1805 4763 1974 4835 signi-

399 4863 526 4917 ﬁcat
558 4861 768 4933 τέρμα,
803 4869 975 4926 meta,
1000 4876 1109 4914 non
1143 4869 1228 4914 est
1268 4855 1361 4928 qui
1401 4871 1663 4926 prospere
1699 4856 1974 4925 attingens

399 4956 517 5014 ﬂat,
555 4969 660 5006 non
685 4961 769 5007 est
800 4955 892 5022 qui
923 4952 1312 5022 perfectionem
1341 4958 1690 5020 asseqnatur,
1733 4949 1828 5019 qui
1865 4964 1974 5003 non

399 5039 701 5096 secundum
751 5038 1032 5094 Christum
1077 5040 1270 5107 agonis
1316 5040 1477 5094 linem
1526 5048 1580 5094 et
1623 5039 1766 5093 viam
1817 5055 1971 5093 suam

400 5133 599 5204 ροςιιίι.
651 5130 842 5184 Adhuc
872 5148 1002 5201 ergo
1044 5133 1096 5186 in
1125 5149 1290 5188 carne
1334 5133 1545 5197 vivens,
1598 5133 1740 5186 intra
1777 5142 1974 5186 metam

397 5242 628 5281 manens
677 5240 853 5294 neque
903 5224 1142 5278 stadium
1189 5242 1507 5287 emensum,
1564 5241 1740 5295 neque
1793 5226 1975 5295 reipsa

396 5324 562 5374 vitam
605 5326 916 5376 assecutum
952 5333 1076 5374 esse
1107 5325 1159 5371 te
1201 5318 1455 5386 superbis
1480 5319 1663 5373 verbis
1693 5318 1972 5388 gloriaris.

402 5495 501 5550 115
529 5494 708 5565 Neque
741 5495 961 5549 nimium
990 5493 1197 5552 timeas,
1223 5509 1312 5545 nec
1340 5495 1559 5548 nimium
1585 5495 1845 5563 conﬁdas,
1865 5502 1974 5548 etc.

474 5647 638 5701 Dt’lllll
672 5650 939 5704 viventem
983 5651 1176 5705 timere
1209 5659 1263 5704 et
1296 5648 1534 5703 revereri
1576 5650 1804 5703 multum
1838 5651 1978 5703 valet

472 5780 580 5848 (55)
615 5782 668 5836 In
712 5785 1164 5844 scholiisBillius.
1208 5786 1490 5840 codicibus
1509 5786 1623 5840 suis
1655 5802 1966 5855 repugnan-

400 5853 566 5916 tibus,
594 5871 689 5923 pro
724 5855 974 5925 τρομέειν
1004 5872 1279 5926 reponere
1319 5855 1482 5909 voluit
1531 5853 1810 5926 φρονέειν(
1843 5860 1969 5924 quia

398 5939 593 5982 versus
611 5929 682 5982 ita
700 5927 968 5981 scribatur
990 5927 1238 5982 carm.56
1266 5925 1432 5984 [nunc
1459 5925 1729 5998 581,7vcrs.
1750 5927 1811 5983 61
1833 5928 1967 6000 Λίην

2091 511 2360 580 εξοὺσιονο
2381 509 2494 564 οὔτ’
2524 503 2618 564 οῦν
2641 507 2802 581 ἔργον
2816 508 2912 579 τῆς
2931 506 3206 578 ἡμετέρας
3228 507 3479 577 μενοινῆς
3499 505 3688 576 μόνης,

2091 605 2209 676 ἦτοι
2239 604 2615 676 προαιρέσεως
2640 618 2652 630 '
2688 603 2890 671 ἀμφοῖν
2926 601 2982 654 δὲ
3011 599 3456 671 ὁμολογουμένως
3487 597 3689 672 χρεὼν,

2093 699 2188 768 τῆς
2213 715 2273 750 τε
2305 696 2616 765 προθέσεως
2653 694 2751 765 τῆς
2797 692 2938 763 ἐμῆς
2975 693 3070 746 καὶ
3117 691 3513 764 κραταιοτέρας
3553 688 3691 744 θεοῦ

2091 790 2293 858 δεξιᾶς.
2334 791 2547 860 Ὥσπερ
2580 788 2688 859 γάρ
2719 789 2751 857 ἠ
2779 787 2968 856 ὅρασις
2989 785 3172 848 οὑπως
3198 787 3264 839 ἂν
3284 784 3425 838 κατά
3453 783 3552 856 τὴν
3575 781 3694 847 ἕξιν

2090 885 2259 954 αὐτῆς
2290 882 2546 956 καθορῴη
2572 881 2640 934 τὰ
2664 879 2836 952 ὁρατὰ
2857 879 2949 932 τοῦ
2980 878 3307 948 φωτίζοντος
3337 877 3489 948 ἡλίου
3521 875 3693 946 χωρὶς

2091 977 2275 1052 (αὑτὸς
2318 976 2427 1045 γὰρ
2479 973 2708 1043 φωτίζει
2737 971 2834 1042 τὴν
2857 970 2979 1041 ὄψιν
3025 971 3120 1024 καὶ
3158 969 3372 1040 πρῶτος
3393 968 3482 1020 ὑπ’
3517 967 3692 1037 αὑτῆς

2088 1069 2328 1139 ὁρᾶται),
2371 1067 2543 1129 οὑτως
2598 1067 2631 1135 ἡ
2676 1063 2868 1133 λογικὴ
2895 1060 3045 1132 ψυχὴ
3083 1061 3177 1114 καὶ⁸
3207 1059 3555 1127 αὑτοκίνητος
3580 1059 3694 1112 ἀπὸ

2088 1160 2222 1213 θεοῦ
2261 1160 2603 1233 ῥωννυμένη,
2642 1157 2779 1229 πρὸς
2813 1155 2915 1226 τὴν
2940 1155 3038 1226 τῆς
3065 1154 3268 1226 ἀρετῆς
3300 1153 3497 1224 πρᾶξιν
3521 1151 3685 1204 διανί-

2091 1269 2282 1305 σταται
2320 1250 2378 1316 ἐξ
2417 1253 2641 1316 ἑαυτῆς.

2089 1344 2250 1398 Δοιαὶ
2275 1343 2392 1413 μὲν
2411 1341 2694 1412 μεγάλοιο
2720 1341 2889 1404 Θεοῦ,
2920 1357 2972 1392 κ.
2999 1357 3049 1392 τ.
3079 1337 3157 1402 ἐξ.

2161 1435 2263 1488 Δύο
2314 1435 2412 1505 μὲν
2441 1433 2657 1504 μοίρας,
2694 1431 2922 1503 πρώτην
2949 1431 3042 1482 καὶ
3073 1428 3325 1500 ὑστέραν,
3366 1427 3441 1490 ὡς
3463 1427 3568 1480 ἀπὸ
3593 1425 3690 1479 τοῦ

2089 1527 2224 1580 Θεοῦ
2256 1527 2392 1597 πρὸς
2421 1525 2758 1597 κατόρθωσιν
2801 1524 2901 1594 τῆς
2932 1520 3155 1592 ἀρετῆς,
3193 1521 3321 1590 μίαν
3348 1519 3403 1572 δὲ
3441 1518 3692 1588 εἰσφέρε-

2093 1618 2215 1672 σθαι
2247 1619 2462 1688 νοητέον
2499 1617 2627 1689 παρ’
2658 1615 2834 1687 ἡμῶν.

2093 1720 2162 1774 98
2200 1719 2412 1786 Κεῖινός
2450 1719 2664 1773 δεκτόν
2699 1717 2879 1784 ἔθηκε
2919 1715 3110 1769 καλοῦ
3150 1712 3504 1854 καὶῐζξίάρτος

3299 1800 3370 1847 ει,
3402 1801 3456 1836 κ,
3483 1801 3531 1835 τ.
3586 1821 3615 1836 ..

3333 1803 3370 1847 ι,
3402 1801 3456 1836 κ.
3483 1801 3531 1835 τ.
3568 1801 3615 1836 Α.

2170 1891 2228 1943 '0
2253 1892 2351 1961 μὲν
2380 1889 2512 1953 θεὸς
2532 1888 2779 1942 δεκτικὸν
2801 1886 3002 1958 ἀρετῆς
3033 1887 3127 1938 καὶ
3159 1885 3251 1937 τοῦ
3279 1883 3444 1937 καλοῦ
3467 1885 3560 1937 τὸν
3593 1885 3695 1938 ἄν-

2088 1983 2302 2053 θρωπον
2333 1986 2585 2054 ποιήσας,
2621 1981 2690 2034 τὰ
2719 1980 3006 2050 σπέρματα
3037 1978 3278 2050 παρέσχε
3311 1976 3406 2029 τοῦ
3431 1975 3644 2044 ἀγαθοῦ
3671 1996 3684 2007 ·

2086 2075 2223 2147 αὕτη
2268 2075 2459 2146 πρώτη
2483 2090 2498 2103 ’
2550 2074 2778 2145 δευτέρα
2815 2072 2870 2125 δὲ
2914 2075 3078 2143 μοῖρα
3106 2072 3234 2141 παρ’
3264 2069 3452 2133 αὐτοῦ,
3490 2071 3693 2141 κράτος

2088 2175 2180 2222 καὶ
2205 2170 2357 2238 ἰσχὺν
2390 2168 2527 2240 πρὸς
2547 2167 2647 2237 τὴν
2682 2165 2943 2237 ἐργασίαν
2971 2164 3064 2218 καὶ
3106 2163 3233 2234 ἄχρι
3267 2161 3455 2226 τέλους
3482 2163 3692 2234 ὑπομο-

2087 2263 2180 2333 νὴν
2205 2262 2454 2333 δωρεῖται
2474 2279 2488 2292 ο
2525 2261 2790 2330 ἡμέτερον
2819 2259 2873 2313 δὲ
2893 2256 3189 2327 προθύμως
3220 2253 3491 2326 αἱρεῖσθαι
3516 2258 3697 2323 τάγα-

2088 2356 2196 2410 θόν.
2233 2356 2343 2407 Καὶ
2372 2355 2550 2407 τοίνυν
2585 2352 2693 2421 ἐγὼ
2722 2352 2814 2405 τοῦ
2863 2351 3078 2404 σταδίου
3115 2349 3278 2420 μέσον
3300 2343 3388 2401 οἷά
3419 2366 3504 2411 τις
3545 2351 3696 2416 ἀγω⁴

2089 2445 2290 2518 νιςτὴς,
2320 2447 2415 2500 καὶ
2447 2447 2555 2499 οὐδ’
2590 2444 2831 2518 ἐλαφρὸς
2866 2449 3026 2516 ἄγαν,
3069 2447 3188 2509 ταῖς
3223 2445 3316 2497 τοῦ
3353 2444 3606 2514 σώματος
3635 2446 3691 2497 δὲ

2088 2540 2277 2604 πέδαις
2325 2539 2714 2610 βαρυνόμενος,
2768 2539 2862 2593 καὶ
2922 2540 3127 2611 τρέχων
3169 2540 3312 2592 κατὰ
3354 2539 3559 2592 σκοπὸν
3592 2540 3692 2592 οὑκ

2086 2633 2546 2704 ἁγέραστος,οὑδὲ
2577 2634 2857 2700 στεφάνων
2874 2633 3028 2702 ἄτερ,
3059 2631 3126 2684 τὰ
3159 2632 3294 2703 μέλη
3318 2632 3412 2685 τοῦ
3438 2632 3688 2702 σώματος

2086 2727 2194 2787 τοῖς
2225 2724 2458 2795 ἆλματιν
2508 2723 2746 2795 ἐκτρίϐω
2780 2725 2874 2778 καὶ
2903 2728 3021 2788 ταῖς
3055 2727 3320 2793 ἀγωνίαις
3343 2742 3358 2756 '
3394 2728 3488 2778 καὶ
3518 2727 3690 2778 ταῦτα

2085 2817 2145 2868 οὖ
2177 2816 2273 2886 τῆς
2297 2817 2436 2888 ἐμῆς
2482 2816 2661 2886 ἰσχύος
2704 2816 2736 2888 ἢ
2781 2818 3042 2880 συνέσεως
3075 2818 3309 2888 περάναι
3333 2837 3344 2850 ·
3373 2819 3604 2890 Χριστὸς
3629 2818 3687 2871 δέ

2088 2926 2178 2974 μοι
2212 2908 2455 2977 ἀναπνοὴ
2490 2909 2584 2962 καὶ
2619 2909 2754 2980 ζωὴ,
2802 2910 3034 2981 Χριστός
3079 2928 3170 2980 μοι
3199 2910 3427 2982 δύναμίς
3451 2914 3565 2963 ἐστι
3589 2913 3685 2966 καὶ

2084 2997 2210 3062 δόξα
2248 2999 2340 3052 καὶ
2369 3000 2594 3064 πλοῦτος
2631 3002 2725 3052 καὶ
2759 3001 3098 3073 μακαριότης
3123 3000 3433 3072 θαυμαστή.
3457 3004 3584 3064 ι”υς
3613 3019 3680 3071 με

2090 3094 2181 3144 καὶ
2203 3091 2456 3159 ὡπήεντα
2481 3091 2576 3144 καὶ
2600 3091 3013 3162 εὑδρομέοντα,»
3042 3092 3185 3144 τοῦτ’
3206 3092 3318 3144 ἔστι
3349 3092 3679 3161 θεωρητικὸν

2089 3183 2436 3237 ἀποδείκνυσι
2478 3185 2570 3236 καὶ
2608 3184 2932 3254 πρακτικόν.
2968 3185 3122 3238 Ὅσοι
3158 3186 3252 3255 μὲν
3279 3181 3370 3236 οὖν
3401 3185 3676 3250 ἀναπνοὴν

2090 3278 2186 3330 καὶ
2234 3275 2548 3328 εὑσθένειαν
2585 3275 2902 3346 εὑμοιροῦσι
2937 3277 3026 3330 τὸν
3070 3278 3317 3350 Χριστὸν,
3351 3271 3491 3329 οὗτοι
3532 3278 3669 3344 πρὸς

2087 3367 2147 3419 τὸ
2203 3369 2360 3438 ἔργον
2405 3366 2794 3440 κατορθοῦνται
2836 3369 2933 3439 τῆς
2989 3368 3215 3440 ἀρετῆς·
3257 3368 3367 3419 ὅσοι
3393 3367 3434 3418 δ’
3460 3368 3670 3418 ἐκείνου

2085 3456 2253 3527 χωρὶς
2283 3455 2342 3521 ἐξ
2366 3457 2573 3510 ἑαυτῶν
2599 3458 2959 3529 ἐπιχειροῦσι,
2992 3461 3206 3529 μάταιοι
3232 3452 3372 3511 οῦτοι
3398 3457 3492 3510 ἄνθ
3505 3475 3679 3529 ρωποι

2085 3546 2176 3599 καὶ
2205 3547 2427 3613 παίγνια
2453 3547 2654 3610 πάντες
2680 3549 2816 3600 εἰσιν
2841 3550 3078 3619 ἐπίκηρα
3107 3549 3202 3602 καὶ
3225 3547 3460 3618 φθαρτὰ,
3489 3548 3681 3618 νεκροὶ

2087 3638 2268 3707 μὲντῇ
2302 3637 2528 3710 ἀπιστία
2578 3639 2673 3691 καὶ
2708 3642 2827 3702 ταῖς
2861 3641 3160 3712 ἁμαρτίαις
3202 3640 3477 3704 ὀδωδότες,
3503 3639 3680 3710 μάτην

2081 3731 2136 3784 δὲ
2167 3729 2266 3802 ζῇν
2312 3730 2806 3802 ὑπολαμϐάνοντες.
2844 3733 2910 3785 Εἴ
2938 3751 3064 3786 ποτε
3104 3734 3235 3804 ἄρα,
3256 3734 3423 3803 φησὶν
3451 3735 3479 3786 ὁ
3502 3733 3684 3786 θεύσο-

2083 3821 2366 3892 φος,ὅρνιν
2391 3822 2547 3894 ἀέρος
2585 3822 2891 3876 ἀπάνευθεν
2939 3824 3260 3895 πετόμενον,
3297 3823 3328 3894 ἧ
3365 3823 3537 3893 χωρὶς
3560 3823 3688 3876 ὑδα-

2077 3910 2171 3978 ’τος
2200 3914 2482 3986 ἀλίδρομον
2503 3917 2739 3988 έρποντα
2764 3916 3112 3987 τεθειῦρηκας
3126 3917 3368 3985 δελφῖνα,
3403 3918 3499 3969 καὶ
3515 3917 3687 3988 ἄνδρα

2081 4007 2346 4078 ὅψειᾶνευ
2385 4007 2621 4079 Χριστοῦ
2651 4009 2786 4080 πρὸς
2821 4011 3020 4081 ἀρετὴν
3063 4009 3432 4082 εὐδρομοῦντα
3468 4012 3563 4064 καὶ
3591 4010 3688 4063 τὸν

2081 4100 2336 4173 Χριστόν.

2086 4195 2170 4261 Τῷ
2191 4194 2275 4263 μή
2292 4211 2392 4263 μοι
2410 4195 2552 4262 λίην
2571 4194 2904 4264 μεγαλίζεο,
2930 4212 2982 4247 κ.
3012 4212 3065 4248 τ.
3102 4195 3181 4260 ἐξ.

2165 4285 2403 4357 Ἐπειδὴ,
2458 4287 2612 4356 φησὶ,
2665 4288 2837 4357 χωρὶς
2873 4287 3048 4358 Ἰησοῦ
3106 4289 3345 4359 Χριστοῦ
3391 4290 3490 4360 τῆς
3519 4290 3696 4344 δυνά-

2084 4396 2230 4450 μεως
2249 4380 2343 4433 καὶ
2357 4379 2646 4451 συνεργίας
2674 4379 2734 4432 οὑ
2753 4379 2976 4434 δύνασαι
2995 4384 3165 4434 ποιεῖν
3179 4382 3350 4446 οὐδὲν,
3393 4383 3469 4454 μὴ
3503 4401 3694 4452 μεγα-

2080 4471 2426 4543 λορρημόνει,
2461 4471 2582 4542 μηδ’
2622 4472 2712 4526 ἐπὶ
2757 4474 2876 4534 ταῖς
2909 4475 3030 4536 σαῖς
3056 4473 3415 4545 ὑψηλοφρονει
3459 4478 3696 4545 φρεσὶν,

2080 4564 2156 4627 ὼς
2189 4563 2596 4635 φρονιμώτατος
2648 4565 2742 4620 καὶ
2794 4566 3070 4633 πάνσοφος
3115 4565 3211 4627 ὢν,
3249 4566 3386 4638 μηδὲ
3415 4567 3556 4638 πρὸς
3599 4569 3702 4622 τὸν

2083 4655 2203 4708 κατ’
2227 4655 2426 4728 ἀρετὴν
2476 4657 2862 4728 ἐλαττούμενον
2894 4658 3058 4730 ὁρῶν,
3097 4660 3176 4722 είς
3207 4658 3340 4729 ὕψος
3369 4659 3570 4730 ἁρθῇς,
3618 4663 3703 4726 ὡς

2083 4748 2299 4802 πάντων
2345 4749 2628 4822 ὑπερέχων
2658 4750 2750 4803 καὶ
2791 4750 2885 4803 τοῦ
2914 4749 3118 4803 τελείου
3160 4752 3310 4822 ἥκων
3351 4751 3544 4819 ἐγγύς.
3585 4753 3704 4806 Καὶ

2081 4839 2190 4911 γὰρ
2231 4841 2323 4894 τοῦ
2361 4841 2663 4912 ἀκροτάτου
2723 4841 2910 4907 τέλους
2967 4843 3066 4912 τῆς
3112 4844 3314 4914 ἀρετῆς
3349 4843 3534 4913 (τοῦτο
3577 4847 3704 4917 γὰρ

2083 4933 2336 5005 σημαίνει
2363 4934 2425 4987 τὸ
2452 4934 2650 5006 τέρμα)
2683 4935 2784 4989 οὐκ
2815 4934 2960 4988 ἔστιν
2998 4935 3228 5005 ἐπιτυχῆ
3266 4936 3547 5004 γενέσθαι.
3587 4940 3704 4992 οὐκ

2079 5025 2226 5079 ἐστιν
2251 5026 2508 5097 ἐπιϐῆναι
2555 5027 2654 5098 τῆς
2679 5027 3012 5098 τελειότητος
3045 5028 3134 5082 τὸν
3164 5027 3238 5098 μὴ
3263 5028 3326 5080 τὸ
3343 5027 3439 5081 τοῦ
3463 5029 3702 5096 ἀγῶνος

2079 5121 2228 5184 τέλος
2286 5123 2379 5174 καὶ
2423 5125 2520 5194 τῆς
2544 5120 2688 5175 κατά
2730 5123 2964 5195 Χριστὸν
3015 5121 3342 5192 τεθεαμένον
3375 5121 3520 5175 ὁδοῦ.
3561 5125 3700 5177 Ἔτι

2080 5209 2173 5265 οῦν
2199 5215 2255 5266 ὲν
2279 5214 2439 5285 σαρκὶ
2459 5213 2717 5278 διαϐιοὺς,
2740 5215 2888 5278 ὲντὸς
2925 5213 3107 5284 μένειν
3135 5214 3229 5267 τοῦ
3260 5214 3561 5285 τέρματος,
3593 5219 3703 5271 καὶ

2087 5309 2251 5376 μήπω
2274 5306 2364 5359 τὸν
2387 5306 2584 5378 δρόμον
2604 5307 2965 5367 τετελεκέναι,
2999 5307 3132 5380 μηδὲ
3155 5307 3252 5378 τῆς
3278 5305 3451 5368 ὅντως
3479 5309 3699 5362 ἐπιλιπε-

2084 5398 2273 5453 6έσθαι
2309 5398 2699 5472 μεγαλοφρόνει
2718 5402 2883 5473 ζωῆς.

2083 5493 2184 5546 H5
2212 5493 2365 5560 Λίην
2418 5491 2529 5557 μέν
2549 5493 2814 5564 τρομέειν
2839 5494 2974 5565 (55).
3027 5493 3170 5559 λίην
3207 5493 3272 5545 δέ
3302 5511 3366 5547 τε
3408 5492 3498 5560 μὴ
3522 5495 3695 5556 ,ϐλε-

3060 5563 3368 5634 Ιμείιίνειι-δ,
3395 5582 3450 5617 κ.
3471 5581 3521 5617 τ.
3549 5565 3609 5619 λ.

3081 5582 3368 5632 perorem,
3395 5582 3450 5617 κ.
3471 5581 3521 5617 τ.
3551 5581 3609 5619 Α.

2147 5653 2220 5706 Τὸ
2251 5653 2348 5724 μὲν
2381 5657 2606 5742 τρέμειν
2647 5656 2777 5710 Θεὸν
2830 5655 3008 5721 ζῶντα
3060 5657 3154 5710 καὶ
3197 5656 3500 5727 ιξοϐεῖςθαι,
3548 5657 3696 5714 λίαν

2081 5786 2472 5874 μένςρρονέειν,
2499 5788 2617 5861 λίην
2638 5789 2694 5843 δέ
2721 5807 2780 5844 τε
2811 5788 2885 5861 μὴ
2918 5787 3278 5861 βλεμεαίνειν.
3324 5818 3367 5828 -
3392 5786 3524 5843 Cod.
3557 5786 3692 5858 βλι·

2080 5876 2327 5931 μεαινην.
