4044 6210
354 329 466 389 ω

358 451 727 525 συμϐάλλεται
754 453 829 525 τῷ
867 457 1251 533 ἀγωνιζομένῳ
1271 478 1286 492 ’
1303 461 1445 519 οὕτω
1456 465 1565 536 γὰρ
1588 467 1789 533 παντὸς
1800 468 1940 539 φαύ-

353 541 451 599 λου
507 544 830 615 πράγματος
875 545 1164 619 ἀφέξεταιο
1212 554 1331 609 λίαν
1360 556 1418 610 δὲ
1474 558 1815 630 βλεμεαίνειν
1848 563 1942 616 καὶ

352 642 494 708 πρὸς
542 637 641 708 τὴν
691 638 785 692 τοῦ
814 640 947 695 Θεοῦ
979 642 1211 716 θεωρίαν
1243 648 1555 715 ἀνευλαὸὦς
1589 653 1940 726 ὲξεστηκέναι

350 730 452 782 οὐκ
481 730 739 799 ἀσφαλές.
775 733 885 787 Καὶ
927 735 1032 808 γὰρ
1068 738 1227 792 τοῦτο
1268 741 1528 810 ὑψοῦντος
1571 747 1762 799 ἑαυτόν
1793 749 1940 802 ἐστιν

350 826 430 889 ὡς
463 825 752 893 ἠγγικότος
779 828 897 899 Θεῷ
922 846 935 860 ’
964 831 1025 895 ἐξ
1072 827 1132 887 οὗ
1184 835 1279 888 καὶ
1324 837 1404 899 είς
1433 839 1675 909 αἱρέσεις
1703 840 1939 906 ἀτόπους

349 915 454 968 οὐκ
485 916 655 984 ὀλίγοι
684 917 1085 991 ἐξετράπησαν,
1118 924 1201 978 ὅτι
1246 926 1665 1001 ὑψηλοφροσύνη
1712 933 1939 1004 πτώμα-

349 1024 445 1101 τος
476 1009 657 1062 αἰτία·
693 1010 881 1084 ὥσπερ
914 1020 1009 1069 καὶ
1059 1017 1214 1082 ἐλπὶς
1260 1022 1398 1091 μετά
1438 1026 1938 1101 ταπεινοφροσύνης

348 1099 545 1171 ἀνυψοί
566 1118 579 1131 ·
613 1102 700 1154 ἀεὶ
730 1103 786 1156 δὲ
809 1108 928 1170 ταῖς
959 1109 1227 1177 μεγάλαις
1257 1113 1659 1185 ὑπερηφανίαις
1684 1099 1937 1174 ἀντιτάσ-

352 1208 500 1245 σεται
534 1194 628 1246 καὶ
653 1194 930 1265 ὀργίζεται
953 1202 981 1253 ὀ
1013 1200 1235 1274 Κύριος.

491 1286 733 1354 Μίίρπτε
763 1290 829 1342 τὸ
845 1290 981 1357 μὲν,
1008 1309 1064 1348 κ.
1096 1311 1145 1347 τ.
1185 1296 1266 1361 ἐξ.

426 1377 492 1429 Ὀ
518 1377 574 1429 δὲ
596 1379 683 1432 διὰ
711 1380 918 1435 τούτων
941 1383 1109 1463 δηλοῖ,
1132 1386 1278 1440 τοῦτ’
1299 1385 1438 1444 εἶναι
1466 1392 1752 1464 πείθομαι·
1772 1396 1935 1452 ’Λλλο

350 1466 452 1534 μὲν
477 1466 582 1566 τῶν
604 1468 763 1523 θείων
784 1476 1138 1566 χαρισμάτων
1166 1480 1260 1533 τοῦ
1280 1482 1594 1553 Πνεύματος
1615 1489 1802 1558 κράτει
1819 1491 1929 1561 (54)

344 1560 505 1652 χερσὶ
554 1565 772 1633 νοηταῖς
811 1560 1331 1641 περιδρασσόμενος,
1364 1575 1490 1629 ἄλλο
1519 1577 1575 1631 δὲ
1616 1560 1929 1652 προσδοκῶν

341 1650 410 1743 τῇ
444 1650 618 1743 ἑλπίδι
673 1656 941 1726 ταμιεύου
961 1676 976 1689 ·
1027 1659 1107 1729 τῷ
1134 1662 1411 1735 ἀνεφίκτῳ
1441 1666 1498 1721 δὲ
1544 1670 1638 1723 καὶ
1661 1650 1802 1743 ὑπὲρ
1829 1673 1928 1743 τὴν

342 1738 445 1810 σὴν
467 1741 621 1832 ἀξίαν
654 1742 925 1818 ὑποχώρει
956 1748 1184 1803 εὐλαὸού
1193 1769 1351 1822 μενος
1369 1772 1382 1786 ·
1402 1755 1560 1810 τοῦτο
1587 1759 1696 1831 γὰρ
1714 1738 1925 1832 σωφρο-

338 1848 433 1894 νος
480 1831 574 1885 νοῦ
624 1836 718 1889 καὶ
760 1840 1094 1911 φρονήσεως,
1142 1844 1243 1914 τῆς
1288 1846 1424 1911 ἰδίας
1458 1848 1696 1918 βιώσεως
1749 1831 1927 1919 ἐξεπί-

343 1921 573 1975 στασθαι
622 1925 691 1977 τὰ
754 1927 951 1999 μέτρα.
1000 1932 1112 1986 Καὶ
1160 1934 1268 2006 γάρ
1322 1936 1435 1989 ἴσον
1481 1939 1652 1993 κακόν
1691 1942 1926 1999 ἐστικαὶ

336 2014 544 2084 ὁμοίως
602 2017 943 2077 ἐπικίνδυνον
998 2023 1323 2092 ἀπελπίζειν
1351 2046 1410 2083 τε
1443 2030 1510 2083 τὰ
1554 2031 1734 2101 ἁγαθά
1763 2035 1923 2101 (ἀπό-

339 2122 542 2171 γνωσις
577 2108 736 2164 τοῦτο
762 2112 918 2184 γὰρ),
950 2116 1046 2170 καὶ
1075 2116 1296 2190 θαρρεῖν
1320 2124 1618 2192 περισσῶς,
1658 2126 1734 2190 ὡς
1763 2128 1925 2181 εὐπε-

338 2198 429 2290 τὲς
458 2199 679 2270 ἄριστον
741 2200 882 2259 εἶναι
932 2208 1028 2261 καὶ
1084 2209 1289 2265 τέλειον
1322 2213 1515 2286 (θρασὺ
1546 2218 1675 2289 γάρ)
1701 2235 1715 2249 ν
1747 2221 1925 2290 ἀμφα-

336 2289 511 2361 τέρως
560 2292 616 2346 δὲ
683 2295 777 2347 τοῦ
835 2297 1002 2352 καλοῦ
1039 2300 1443 2375 διαμαρτάνων,
1490 2308 1584 2361 τοῦ
1624 2289 1799 2365 κακοῢῗ
1824 2314 1922 2384 τὴν

339 2383 545 2454 ἵδρυσιν
578 2385 909 2454 βεϐαιώσαις
935 2393 1187 2466 σεαυτῷ.,

479 2476 609 2530 Ala!
626 2493 726 2532 σοι
749 2479 815 2533 τὸ
841 2480 1170 2553 βέλειινον,
1206 2504 1261 2541 κ.
1285 2505 1333 2541 τ.
1369 2488 1448 2553 ἐξ.

417 2568 478 2620 Ὀ
535 2569 765 2642 δόκιμος
811 2574 1036 2645 τοξότης
1068 2580 1209 2633 κατὰ
1259 2582 1459 2635 σκοπὸν
1502 2584 1590 2636 ἀεὶ
1623 2584 1834 2654 βάλλειν
1859 2588 1921 2641 τὸ

336 2657 491 2750 βέλος
514 2662 839 2729 ἀγωνίζεται
860 2684 875 2698 ο
914 2667 1176 2734 ὡσαύτως
1204 2673 1295 2725 καὶ
1326 2673 1404 2744 τῷ
1432 2676 1707 2748 ἀγωνιστῇ
1744 2696 1918 2750 προσ--

333 2749 463 2818 ήκει
515 2753 791 2824 εὐστόχως
846 2758 933 2811 ἀεὶ
975 2761 1069 2813 τὸν
1107 2761 1305 2832 εὐσεϐῆ
1337 2763 1595 2836 λογισμὸν
1622 2771 1688 2839 τῇ
1722 2749 1918 2840 πράξει

333 2843 687 2898 κατευθύνειν
735 2848 835 2918 τῆς
873 2851 1097 2921 ἀρετῆς,
1147 2852 1224 2916 ὡς
1264 2854 1393 2925 μήθ’
1423 2856 1784 2928 ὑπερόάλλειν
1814 2862 1918 2932 τῆς

334 2937 713 3007 σωτηριώδους
771 2942 992 3013 ἐντολῆς
1024 2945 1321 3013 (κενόδοξον
1356 2947 1509 3020 γὰρ),
1552 2952 1677 3022 μήτ’
1710 2949 1804 3006 οὖν
1827 2960 1914 3012 ὲλ-

327 3024 505 3092 λιπῶς
531 3032 858 3102 ἐργάξεσθαι
899 3036 1111 3090 δοκεῖν-·
1145 3038 1387 3110 ῥᾴθυμον
1436 3041 1565 3112 γάρ.
1609 3044 1912 3118 ’Υπερὸολὴ

327 3119 444 3190 γὰρ
468 3125 563 3176 καὶ
594 3123 831 3195 ἔλλειψις
858 3128 1061 3182 ἐπίπαν
1083 3130 1354 3196 ἀπευκτὰ,
1380 3134 1515 3205 πρὸς
1535 3136 1913 3210 ἀσυμμετρίαν

1374 345 1440 400 ΙΝ
1479 346 1783 405 CARMINA
1831 350 2112 408 ARCANA
2156 353 2213 409 S.
2247 353 2600 412 GREGORII.

3513 362 3619 423 726

2040 485 2146 541 pro
2177 471 2477 535 militante;
2515 471 2598 527 sic
2630 471 2776 528 enim
2823 472 2892 526 ab
2927 471 3074 527 omni
3109 486 3273 542 opere
3306 474 3528 548 indigno
3562 498 3622 536 se

2043 564 2362 619 abstinebit.
2392 564 2620 620 Multum
2645 565 2837 621 extolli
2861 574 2914 620 ct
2938 567 2999 619 ἰη·
3017 564 3108 620 Dei
3139 566 3390 621 notitiam
3414 570 3622 640 absque

2042 660 2348 713 reverentia
2381 665 2671 727 penetrare
2696 700 2710 724 ,
2758 674 2866 713 non
2915 666 3124 723 totum;
3164 668 3250 714 est
3291 662 3436 714 enim
3485 663 3618 718 illud

2042 751 2413 821 superbientis
2441 751 2496 804 in
2532 752 2845 806 aceedendo
2878 752 2942 805 ad
2980 750 3186 820 Deum;
3236 752 3363 807 inde
3407 756 3464 808 in
3508 754 3623 809 hm-

2041 858 2189 898 reses
2223 843 2449 898 insanas
2492 859 2600 897 non
2634 845 2791 914 pauci
2816 852 3164 911 erraverunt,
3193 846 3323 916 quia
3364 847 3623 917 superbia

2039 951 2203 991 casus
2232 951 2423 1001 causa,
2460 937 2603 992 sicut
2636 946 2690 992 et
2727 953 2852 1007 spes
2881 954 3005 993 cum
3043 938 3354 996 humilitate
3379 942 3618 996 exaltat:

2040 1043 2256 1098 semper
2300 1036 2354 1085 et
2394 1030 2591 1084 audaci
2624 1031 2893 1100 superbiae
2937 1033 3236 1103 Opponitur
3265 1042 3319 1086 et
3358 1037 3623 1089 irascitur

2039 1121 2323 1176 Dominus.
2365 1142 2383 1174 ι
2421 1121 2536 1178 Hoc
2570 1139 2725 1193 cape,
2753 1143 2773 1175 ι
2814 1134 2867 1179 et
2890 1141 3006 1192 seq.
3048 1124 3204 1191 Quod
3238 1128 3323 1181 his
3357 1128 3618 1191 ostendit,

2037 1215 2117 1269 sic
2156 1215 2351 1284 Opinor
2387 1211 2575 1269 :Aliud
2609 1215 2919 1270 divinorum
2948 1214 3191 1286 Spiritus
3221 1219 3615 1273 charismatum

2035 1322 2172 1376 cape
2211 1302 2464 1362 manibus
2500 1308 2966 1362 intellectualibus
2990 1310 3285 1381 arripiens,
3326 1310 3472 1364 aliud
3519 1326 3617 1364 ex-

2035 1407 2290 1468 spectans
2334 1399 2388 1453 in
2437 1415 2589 1469 spem
2625 1400 2720 1453 tibi
2756 1415 2951 1470 ponas,
2980 1400 3162 1470 quoad
3209 1400 3615 1459 inaccessibilia

2033 1503 2087 1546 et
2120 1492 2371 1546 meritum
2403 1501 2554 1546 tuum
2589 1493 2925 1563 superantia,
2960 1494 3046 1562 pie
3066 1493 3312 1549 sentiens
3337 1494 3452 1548 haec
3480 1494 3617 1549 mis-

2034 1600 2094 1640 sa
2126 1583 2243 1650 fac;
2298 1584 2566 1654 sapientis
2600 1585 2744 1640 enim
2795 1592 2880 1639 est
2943 1584 3142 1639 mentis
3195 1594 3251 1640 et
3311 1585 3616 1656 prudentiae

2038 1675 2342 1746 appretiate
2372 1690 2536 1731 nosse
2565 1675 2802 1746 propriae
2828 1677 2953 1730 vita:
2983 1674 3311 1731 mediocrem
3341 1676 3615 1746 pondera-

2031 1771 2261 1825 tionem.
2287 1766 2500 1823 Etenim
2523 1769 2703 1824 simile
2726 1769 2931 1823 malum
2955 1777 3009 1823 et
3031 1768 3333 1839 periculum
3358 1782 3456 1838 par
3473 1769 3617 1823 inest

2025 1862 2079 1916 in
2102 1861 2446 1932 desperando
2467 1861 2533 1916 de
2562 1861 2743 1924 bonis,
2779 1863 2981 1932 quippe
3015 1860 3162 1931 quod
3188 1876 3389 1930 exspes
3428 1867 3536 1922 est.
3563 1870 3617 1915 et

2025 1954 2079 2007 in
2114 1952 2378 2007 audacter
2404 1950 2748 2018 confidendo,
2778 1952 2935 2021 quasi
2972 1952 3135 2007 facile
3167 1961 3315 2008 esset
3345 1953 3613 2022 optimum

2026 2046 2142 2101 fieri
2171 2055 2224 2101 et
2253 2045 2583 2117 perfectum,
2618 2043 2764 2114 quod
2807 2044 3157 2099 temerarium
3198 2051 3314 2101 est:
3354 2045 3614 2116 utrinque

2025 2139 2184 2207 longe
2215 2152 2245 2191 a
2284 2138 2429 2191 bono
2466 2145 2742 2190 errantem
2790 2136 2844 2190 in
2886 2142 2941 2190 te
2974 2134 3339 2190 invalesceret
3380 2137 3607 2192 malum.

2030 2250 2048 2281 ι
2083 2228 2311 2299 Semper
2337 2228 2433 2282 tibi
2468 2227 2689 2299 sagitta,
2725 2248 2742 2277 ι
2771 2236 2823 2282 et
2853 2244 2969 2299 seq.
3000 2226 3274 2281 Probatos
3292 2228 3613 2296 sagittarios

2024 2318 2078 2372 in
2111 2318 2325 2387 signum
2347 2332 2562 2387 semper
2595 2316 2851 2385 sagittam
2875 2317 3127 2371 emittere
3154 2323 3391 2370 conatur
3417 2333 3429 2368 :
3458 2316 3617 2369 simi—

2024 2407 2153 2463 liter
2184 2417 2237 2461 et
2260 2407 2315 2461 in
2345 2405 2730 2476 spiritualibus
2766 2406 3055 2461 militantis
3079 2404 3248 2460 refert
3276 2420 3553 2472 nunquam
3580 2420 3613 2456 ιι

2026 2499 2312 2568 proposito
2343 2498 2709 2551 declinantem
2742 2512 2957 2566 semper
2989 2498 3108 2565 pias
3140 2494 3504 2564 cogitationes
3542 2493 3621 2545 ad'

2024 2590 2248 2644 virtutis
2274 2589 2489 2660 praxim
2517 2588 2802 2652 reducere,
2837 2589 2909 2640 ita
2949 2597 3007 2640 ut
3040 2595 3311 2657 praacepta
3342 2585 3607 2641 salutaria

2023 2697 2134 2736 non
2176 2681 2414 2736 elatione
2448 2679 2708 2741 excedas,
2746 2694 2942 2733 vanam
3005 2678 3152 2732 enim
3213 2677 3444 2747 gloriam
3481 2673 3609 2731 οιτον

2020 2780 2224 2836 ctares,
2253 2785 2432 2839 neque
2453 2768 2707 2823 acediose
2738 2768 2952 2837 operari
2980 2769 3203 2838 probes,
3230 2769 3442 2838 pigrum
3461 2767 3605 2820 enim

2019 2872 2168 2919 esset
2203 2878 2216 2913 :
2262 2860 2654 2931 exsuperantia
2695 2868 2750 2914 et
2797 2859 2984 2915 acedia
3030 2861 3255 2914 omnino
3295 2860 3516 2913 vitanda
3552 2859 3608 2913 in

2026 2949 2500 3006 immoderantiam
2529 2951 2751 3014 abeunt,
2776 2950 3047 3019 siquidem
3074 2952 3156 3004 vel
3191 2966 3356 3020 supra
3387 2952 3606 3017 signum

2023 3043 2218 3114 sagitta
2260 3043 2344 3097 vel
2384 3042 2527 3096 infra
2556 3043 2740 3107 cadat,
2776 3044 2981 3112 pariter
3013 3051 3161 3097 errat
3203 3044 3528 3113 sagittarius
3576 3058 3609 3097 ιι

2021 3136 2204 3190 debito
2240 3135 2390 3189 loco:
2417 3135 2490 3188 ita
2515 3145 2600 3191 est
2624 3133 2692 3188 de
2723 3134 3193 3196 consideratione,
3218 3135 3291 3188 ita
3324 3134 3391 3190 de
3423 3135 3599 3205 praxi.

322 3214 718 3271 διεκπίπτοντα
740 3236 753 3249 ·
802 3220 990 3293 ὥσπερ
1043 3224 1135 3276 καὶ
1182 3224 1245 3278 τὸ
1289 3226 1461 3296 βέλος,
1510 3228 1542 3300 ἢ
1572 3231 1664 3285 τὸν
1704 3231 1906 3285 σκοπὸν
1936 3231 2252 3300 ὑπερτεῖνον
2278 3227 2388 3294 (55)
2416 3227 2509 3281 τοῦ
2558 3227 2890 3293 τοξεύοντος,
2927 3227 2961 3297 ἢ
2998 3227 3148 3292 ὲντδς
3188 3226 3352 3281 αὑτοῦ
3387 3228 3605 3293 πίπτον,

326 3309 534 3377 ὁμοίως
565 3310 658 3362 τοῦ
677 3310 885 3375 δέοντος
910 3311 1299 3385 διαμαρτάνει·
1328 3314 1470 3371 οὕτω
1491 3320 1631 3373 κατά
1652 3320 1907 3394 θεωρίαν,
1932 3321 2074 3376 οὕτω
2107 3320 2248 3373 κατά
2276 3318 2496 3392 πρᾶξιν.

331 3399 439 3454 126
465 3400 581 3454 Ἦν
594 3406 1223 3478 μεγαλοφρονέῃςβϋ),
1240 3410 1657 3553 Μμῖῃῖἐὸθεν
1681 3413 1746 3478 ἐς
1768 3413 1916 3496 ,βίον

1394 3501 1429 3551 η
1511 3499 1595 3547 ες,
1632 3500 1686 3536 κ.
1719 3501 1768 3537 τ.
1792 3498 1840 3538 Α.

1394 3498 1595 3551 ηνισες,
1632 3500 1686 3536 κ.
1719 3501 1768 3537 τ.
1792 3498 1840 3538 Α.

415 3568 633 3641 Ἐπειδὴ
658 3568 799 3637 μέγα
822 3586 876 3622 τι
902 3569 1086 3639 κτῆμα
1114 3569 1210 3622 καὶ
1249 3571 1429 3640 τίμιον
1458 3575 1487 3626 ὁ
1514 3573 1802 3644 ἅνθρωπος
1828 3574 1916 3629 διὰ

324 3660 433 3733 τὴν
456 3662 640 3715 εἰκόνα
659 3660 754 3716 καὶ
780 3661 879 3732 τὴν
900 3662 1121 3733 ἀρετὴν.
1171 3662 1397 3732 μάταιον
1428 3664 1483 3717 δὲ
1531 3667 1622 3718 καὶ
1646 3666 1798 3719 οὐδὲν
1826 3666 1915 3721 διὰ

325 3755 395 3806 τὸ
424 3754 587 3823 σῶμα
643 3753 737 3806 καί
768 3754 870 3824 τὴν
896 3754 1093 3807 κακίαν
1140 3759 1517 3827 μαρτυρεῖται,
1548 3758 1663 3825 ἐὰν,
1695 3762 1860 3831 φησὶν
1887 3762 1916 3814 ό

328 3844 545 3908 κλεινὸς
575 3845 730 3916 ἡμῶν
755 3845 891 3913 μετά
924 3846 1014 3899 τὸν
1040 3847 1274 3918 Χριστὸν
1309 3848 1644 3921 καθηγητὴς,
1675 3852 1775 3923 τῆς
1795 3854 1917 3924 γηΐ-

326 3953 433 4007 νης
466 3936 679 4005 φύσεως
739 3936 1129 4007 ἐπιλαθόμενος
1169 3941 1266 3993 καὶ
1298 3942 1551 4012 ῥευστῆς,
1578 3944 1916 4017 μεγαλοφρο-

327 4029 506 4101 νήσῃς
540 4029 629 4082 διὰ
686 4029 783 4101 τὴν
831 4030 1035 4093 εἰκόνα,
1071 4031 1183 4099 ἐγώ
1213 4050 1272 4086 σε
1312 4033 1413 4104 τῆς
1457 4036 1561 4105 γῆς
1590 4038 1911 4109 ὑπομνήσω,

327 4121 457 4175 ὅθεν
485 4120 757 4191 παρῆλθες
787 4123 844 4185 ὲς
874 4122 966 4175 τὸν
994 4123 1127 4193 βίον,
1160 4126 1254 4177 καὶ
1275 4124 1327 4178 τί
1361 4126 1461 4196 μὲν
1501 4128 1605 4197 πρὸ
1636 4127 1730 4181 τοῦ
1760 4130 1913 4199 γενέ-

331 4210 483 4275 σθαι,
510 4213 592 4264 ὅτι
621 4210 795 4272 οὐδὲν,
834 4210 887 4264 τί
936 4211 994 4263 δὲ
1048 4207 1194 4282 ἦσθα
1225 4214 1341 4277 τοῖς
1373 4213 1646 4285 μητρῲοις
1693 4216 1913 4287 χωρίοις

329 4304 415 4358 ἔτι
455 4303 860 4374 ὲγγεννὼμενος
880 4318 893 4332 ’
933 4303 1089 4370 ῥύσις
1136 4302 1246 4376 γὰρ
1279 4307 1400 4358 κατ’
1426 4305 1605 4375 ὀλίγον
1631 4308 1710 4370 είς
1735 4308 1914 4380 σάρκα

328 4399 677 4469 πηγνυμένη.
720 4400 1050 4469 Ὑπομνήσω
1080 4400 1175 4454 καὶ
1211 4400 1263 4454 τί
1295 4400 1392 4473 ἔσῃ
1435 4402 1573 4472 μετά
1594 4403 1791 4458 ταῦτα·
1820 4406 1912 4460 κό-

330 4505 416 4551 νις
441 4486 553 4558 γὰρ
575 4488 789 4552 πάντως
816 4490 910 4542 καὶ⁹
935 4487 1217 4559 σκώληκος
1240 4489 1477 4559 δαπάνη,
1502 4489 1610 4543 τῶν
1632 4491 1911 4545 ταλαιπω-

330 4582 578 4652 ροτάτων
614 4583 672 4636 ὲν
699 4584 911 4652 νεκροῖς
945 4581 1105 4634 πλέον
1130 4581 1269 4652 ἔχων
1302 4582 1470 4636 οὐδέν.
1501 4581 1626 4636 Ἐἀν
1647 4582 1723 4648 δὲ,
1752 4585 1908 4656 φησὶ,

325 4676 392 4729 τὸ
420 4674 557 4744 ὕψος
601 4674 759 4741 ἀφεὶς
811 4673 1127 4745 περιαθρεῖν
1172 4675 1327 4746 (ὅπερ
1366 4675 1487 4746 οὐχὶ
1516 4675 1626 4737 σὺν,
1649 4676 1784 4730 ἀλλά
1810 4676 1904 4731 τοῦ

328 4768 583 4822 Πλάστου
624 4767 741 4820 ἐστὶ
772 4765 867 4819 τοῦ
917 4764 1068 4835 σοῦ),
1103 4766 1180 4831 ὼς
1222 4768 1408 4837 γήϊνος
1452 4765 1710 4836 πεφυκὼς
1752 4766 1905 4832 ἐξευ-

326 4860 563 4924 τελίζεις
584 4858 779 4912 σαυτὸν
812 4859 905 4911 καὶ
958 4860 1257 4922 ταπεινοῖς,
1291 4857 1403 4927 ἐγώ
1442 4875 1502 4911 σε
1554 4858 1770 4931 ποίημα
1814 4860 1911 4914 ἀν-

327 4952 618 5022 αγορεύσω
671 4950 836 5004 Θεοῦ’
893 4950 1102 5005 ἐκεῖθεν
1151 4951 1390 5021 ὲπάγης,
1413 4951 1662 5023 οὐράνιος
1714 4952 1805 5008 διὰ
1848 4954 1909 5008 τὸ

329 5044 573 5114 πνεῦμα,
620 5043 831 5114 χθόνιος
871 5041 928 5096 δὲ
958 5041 1047 5095 διὰ
1085 5041 1182 5113 τὴν
1210 5042 1420 5114 σάρκα⁶
1460 5040 1581 5107 θεὸς
1619 5045 1718 5098 οὐκ
1750 5044 1906 5099 ἀκτι-

330 5153 481 5199 στος.
511 5134 648 5189 ἀλλά
676 5134 926 5197 κτιστός’
962 5133 1126 5204 ἔργον
1160 5133 1489 5205 ἀείμνηστον
1526 5133 1620 5187 καὶ
1648 5134 1907 5205 ἀνεπίλη-

331 5244 478 5287 στον.
510 5228 622 5290 τοῖς
653 5225 749 5278 τοῦ
771 5223 1008 5296 Χριστοῦ
1044 5224 1272 5279 πάθεσιν
1298 5223 1785 5296 ἀφθαρτιζόμενον,
1811 5227 1908 5280 καλ⁵

272 5352 289 5365 κ
328 5319 412 5380 εἰς
437 5315 594 5381 δόξαν
623 5314 840 5369 αἰώνιον
865 5311 1146 5366 καταντῶν
1174 5312 1268 5365 καὶ
1294 5310 1458 5383 ζωήν.

481 5405 737 5459 Τοῦνεκα
759 5404 844 5474 μὴ
870 5403 1170 5472 σάρκεσσι
1193 5402 1503 5473 χαρίζεο,κ.
1532 5421 1584 5458 τ.
1612 5403 1690 5472 ἐξ.

401 5498 656 5551 Τοιοῦτον
677 5497 1093 5569 γεγεννημένον,
1107 5496 1354 5568 οὐράνιον
1383 5494 1500 5568 ἅμα
1521 5497 1616 5550 καὶ
1642 5496 1901 5566 ἐπίγειον,

322 5594 390 5647 οὐ
424 5590 685 5664 βούλομαί
719 5607 799 5655 σε,
835 5584 881 5645 ὧ
919 5588 1195 5660 ἄνθρωπε,
1236 5589 1416 5643 πάντα
1466 5588 1783 5660 χαρίζεσθαι
1834 5590 1902 5660 τῇ

328 5685 499 5760 σαρκί
522 5703 536 5717 ·
564 5684 626 5738 τὸ
657 5684 840 5738 πλεῖον
876 5683 933 5737 δὲ
983 5682 1166 5754 νέμειν
1201 5681 1277 5747 ὡς
1326 5680 1592 5753 κρείττονι
1622 5680 1700 5752 τῷ
1746 5681 1906 5735 πνεύ-

406 5796 517 5860 (54)
708 5796 926 5866 κραταῖ.

404 5866 521 5937 (35)
547 5865 682 5923 Cod.
712 5865 1063 5940 ύπερτείνων.

2021 3412 2124 3466 126
2153 3410 2215 3468 Si
2263 3412 2606 3481 superbinis,
2674 3413 2729 3465 in
2787 3411 3098 3481 memoriam
3135 3427 3319 3464 revoca
3366 3412 3503 3466 unde
3544 3413 3611 3467 t'n‘

2939 3479 3124 3552 [vitam
3155 3482 3357 3536 veneris
3376 3522 3390 3545 ,
3423 3494 3532 3537 etc.

2087 3573 2221 3629 Cum
2265 3588 2460 3643 magna
2509 3573 2581 3640 sit
2607 3572 2882 3644 possessio
2918 3580 2975 3625 et
2997 3572 3181 3641 magni
3227 3572 3387 3642 pretii
3436 3574 3603 3629 homo

2015 3664 2195 3738 quoad
2218 3666 2507 3736 imaginem
2539 3664 2631 3720 Dei
2659 3672 2708 3720 et
2734 3665 3017 3728 virtutem,
3042 3666 3222 3734 quoad
3247 3680 3451 3734 corpus
3472 3682 3615 3720 vero

2015 3769 2070 3813 et
2109 3755 2375 3811 malitiam
2428 3755 2686 3810 insanum
2733 3755 2983 3825 nihilque
3026 3771 3155 3810 esse
3186 3756 3484 3826 probetur,
3531 3760 3606 3812 ob

2016 3847 2309 3918 imaginem
2353 3844 2451 3900 Dei
2487 3845 2530 3901 si
2570 3845 2883 3916 superbias,
2927 3845 3106 3914 inquit
3137 3845 3373 3901 illustris
3411 3855 3603 3902 noster

2015 3940 2072 3995 in
2113 3937 2340 3995 Christo
2379 3938 2773 4003 concionator,
2824 3945 3056 3993 terrena:
3117 3948 3333 3995 naturae
3388 3940 3590 3995 imme-

2013 4044 2222 4086 morem
2238 4037 2293 4085 et
2311 4029 2531 4085 caducae
2552 4036 2605 4084 te
2624 4028 2905 4084 recordari
2924 4028 3146 4097 faciam;
3176 4039 3380 4086 terram
3402 4031 3471 4087 de
3489 4048 3598 4102 qua

2013 4122 2241 4178 veniens
2271 4123 2324 4177 in
2357 4122 2524 4177 vitam
2558 4132 2811 4193 sumptus
2841 4136 2923 4186 es,
2954 4129 3009 4176 et
3044 4123 3174 4191 quid
3210 4130 3337 4178 ante
3364 4126 3608 4194 genera-'

2014 4215 2219 4269 tionem
2263 4212 2448 4278 fuisti,
2500 4212 2607 4268 nisi
2647 4212 2916 4277 nihilum,
2963 4211 3098 4283 quid
3144 4213 3311 4268 etiam
3364 4229 3490 4270 eras
3537 4214 3595 4268 in

2013 4314 2189 4360 matre
2224 4313 2547 4375 conceptus,
2584 4305 2690 4360 vile
2716 4302 2991 4375 quoddam
3026 4303 3081 4358 in
3120 4318 3346 4359 carnem
3385 4319 3594 4376 coagu-

2013 4395 2204 4449 latum.
2255 4393 2548 4449 Recordari
2596 4392 2797 4449 faciam
2843 4402 2900 4449 et
2950 4392 3082 4465 quid
3134 4394 3245 4450 eris
3284 4404 3410 4465 post
3455 4397 3593 4459 hac.

2013 4488 2192 4559 pulvis
2219 4495 2274 4543 et
2301 4488 2566 4543 vermium
2594 4501 2744 4553 esca,
2768 4486 2906 4541 nihil
2934 4486 3170 4557 amplius
3198 4487 3408 4543 habens
3428 4505 3595 4559 quam

2014 4590 2354 4636 mortuorum
2381 4582 2694 4637 miserrimi.
2725 4579 2783 4635 Si
2817 4581 3218 4651 praestantiam,
3236 4582 3434 4651 inquit,
3459 4597 3595 4637 con-

2011 4672 2255 4728 siderare
2299 4671 2581 4735 desinens,
2629 4687 2751 4742 qua:
2794 4678 2887 4726 tua
2933 4688 3044 4728 non
3081 4680 3186 4739 est,
3234 4674 3330 4728 sed
3364 4674 3591 4728 Creato-

2014 4763 2091 4818 ris
2112 4762 2190 4816 tui
2220 4777 2308 4818 res
2326 4771 2431 4826 est,
2458 4770 2512 4818 te
2540 4768 2818 4818 terrenum
2846 4769 3157 4817 exstantem
3180 4769 3506 4818 contemnas
3537 4771 3591 4817 et

2012 4855 2324 4926 despicias,
2374 4870 2476 4926 ego
2523 4863 2576 4910 te
2628 4852 2725 4910 Dei
2768 4869 2909 4925 opus
2951 4852 3294 4924 praedicabo:
3353 4854 3423 4908 ab
3467 4855 3590 4925 ipso

2009 4951 2298 5015 oriundus,
2330 4951 2573 5006 caelestis
2597 4966 2658 5006 es
2686 4950 2881 5021 spiritu
2901 4989 2918 5015 ,
2953 4965 3124 5005 carne
3155 4965 3284 5005 vero
3313 4959 3586 5014 terrenus,

2009 5042 2146 5098 deus
2219 5058 2326 5097 non
2391 5043 2669 5097 increatus
2722 5043 2816 5099 sed
2875 5050 3131 5107 creatus,
3180 5058 3322 5114 opus
3371 5058 3588 5114 semper
3684 5068 3688 5073 -

2014 5134 2405 5201 memorabile,
2452 5135 2713 5205 nulloque
2762 5133 2926 5189 modo
2965 5135 3421 5200 oblitterandum,
3459 5150 3585 5205 pas«

2014 5227 2229 5280 sionum
2265 5224 2472 5281 Christi
2514 5225 2690 5296 gratia
2738 5240 2767 5279 a
2803 5226 3159 5296 corruptione
3201 5226 3490 5282 liberatum
3530 5237 3585 5279 et

2012 5316 2078 5370 ad
2124 5317 2354 5388 gloriam
2401 5325 2661 5373 aeternam
2703 5316 2964 5373 incedens
2995 5329 3049 5373 et
3090 5323 3295 5373 vitam.~
3336 5336 3355 5369 ι
3396 5315 3582 5385 itaque

2012 5425 2080 5464 ne
2112 5411 2264 5465 carni
2311 5409 2615 5480 indulgeas,
2655 5425 2677 5459 ›
2714 5419 2767 5465 et
2799 5426 2915 5481 seq.
2952 5409 3137 5465 Talem
3159 5416 3434 5469 creatura.
3469 5424 3584 5464 cte-

2009 5505 2198 5560 lestem
2255 5501 2418 5557 simul
2474 5510 2529 5558 et
2584 5510 2897 5562 terrenum,
2941 5516 3037 5571 per
3091 5500 3274 5554 omnia
3326 5501 3493 5565 nolo,
3545 5519 3580 5557 o

2010 5598 2194 5664 homo,
2224 5596 2506 5667 indulgeas
2529 5596 2681 5651 carni
2715 5613 2729 5650 :
2767 5595 3029 5664 majorem
3055 5608 3184 5649 vero
3214 5602 3422 5663 partem
3448 5610 3580 5650 con-

2010 5690 2171 5749 cedas
2218 5688 2437 5761 spiritui
2483 5695 2671 5759 utpote
2718 5686 2949 5752 meliori,
2999 5700 3097 5742 nec
3141 5686 3421 5757 superﬂua
3467 5688 3577 5743 vita

2084 5808 2195 5880 (36)
2228 5805 2362 5864 Cod.
2401 5803 2873 5878 μεγαλοφρονὲεις.
2914 5834 2983 5844 --
3018 5803 3137 5860 Bill.
3174 5807 3433 5877 μνήσωσ’.
