4056 6238
424 317 530 373 727

421 430 640 502 diligas,
679 447 846 488 vanos
875 434 930 488 in
956 442 1104 510 terra
1132 437 1422 491 thesauros
1446 435 1861 504 thesaurizans;
1894 440 2006 495 imo

423 525 686 595 templum
723 527 952 596 spiritus
985 528 1436 584 meditationibus
1482 531 1718 586 mundes
1760 534 2008 587 cunctis-

422 631 528 685 que
576 616 871 673 virtutibus
903 619 1194 674 meliorare
1225 621 1471 678 studeas.

533 797 631 852 156
663 797 936 866 Templum
969 816 1104 852 enim
1138 800 1314 869 magni
1339 799 1436 854 Dei
1463 810 1538 853 est
1571 801 1760 865 homo,
1797 813 1903 857 etc.

495 891 691 946 liicens
717 891 862 961 quod
895 894 1160 962 templum
1197 909 1401 948 ornare
1427 902 1678 964 oporteat
1709 905 1764 949 et
1792 912 2009 966 semper

423 983 740 1046 meliorare,
766 985 897 1054 quid
929 986 1190 1055 templum
1223 985 1315 1041 Dei
1347 996 1454 1053 est,
1487 989 1632 1058 quod
1671 987 1799 1043 fecit
1827 988 2006 1042 Domi-

426 1077 568 1131 nus?
595 1075 721 1130 Cito
748 1075 956 1146 profert
985 1077 1266 1133 hominem
1295 1065 1440 1143 esse,
1465 1081 1559 1148 qui
1591 1095 1620 1132 a
1649 1091 1796 1133 terra
1837 1089 2008 1133 terre-

423 1171 623 1240 nisque
653 1171 1082 1237 cogitationibus
1113 1171 1385 1241 incipiens
1415 1173 1481 1226 ad
1515 1171 1684 1226 Deum
1718 1181 1772 1226 et
1806 1174 2006 1226 caelum

423 1263 656 1329 moveri,
701 1279 795 1334 per
827 1264 1083 1335 spiritum
1126 1280 1348 1320 sursum
1391 1266 1696 1320 extollitur.
1733 1266 1848 1320 Hoc
1882 1284 2005 1338 ego,

422 1355 501 1408 ait
560 1353 616 1408 S.
661 1355 993 1426 Theologus,
1039 1358 1189 1411 omni
1243 1373 1410 1429 opere
1452 1366 1506 1413 et
1547 1374 1802 1414 sermone
1839 1359 2005 1424 bono,

424 1447 578 1500 suavi
610 1448 780 1502 odore
803 1447 1052 1519 fragrans
1086 1459 1146 1502 ut
1182 1465 1388 1514 serves,
1424 1458 1479 1505 et
1502 1449 1611 1516 Deo
1637 1458 1850 1521 gratum
1883 1467 2010 1522 pro-

424 1538 723 1610 batumque
765 1541 1049 1596 custodias
1073 1541 1125 1594 in
1147 1548 1433 1606 :rternum,
1464 1541 1670 1597 suadeo
1694 1560 1712 1610 ;
1739 1551 1792 1598 te
1821 1544 2010 1597 hortor

423 1631 491 1686 ad
521 1649 737 1703 semper
765 1634 818 1687 in
845 1644 1025 1688 mente
1048 1634 1357 1689 habendum
1380 1635 1660 1691 Christum
1693 1645 2004 1706 regentem:

423 1723 503 1778 sis
534 1739 752 1794 semper
776 1739 886 1779 non
923 1725 1108 1795 specie
1134 1725 1228 1780 sed
1260 1740 1320 1780 re
1347 1734 1403 1780 et
1431 1726 1657 1782 veritate
1678 1743 1872 1798 pttrus,
1909 1742 2012 1781 nec

424 1816 621 1872 oculus
658 1816 726 1870 ab
763 1819 1011 1872 externis
1032 1817 1292 1886 judicans
1331 1827 1383 1872 te
1413 1819 1578 1874 talem
1617 1818 1933 1888 arbitretur;
1961 1828 2016 1875 et

431 1921 568 1961 cave
610 1921 679 1960 ne
724 1907 870 1961 sicut
910 1908 1080 1962 minio
1124 1909 1514 1980 coloribusque
1549 1910 1812 1966 distincta
1858 1911 2015 1965 navis

426 2007 523 2052 aut
551 1998 677 2053 aliis
711 2001 1095 2056 venustatibus
1129 2001 1440 2072 insignibus
1481 2001 1758 2069 decorata,
1783 2019 1904 2073 qua:
1934 2003 2016 2058 sic

424 2090 696 2143 tumentia
725 2090 897 2144 maria
925 2101 1258 2159 transmeat;
1293 2109 1384 2158 ne,
1416 2093 1661 2164 inquam,
1695 2103 1750 2149 et
1779 2105 1836 2150 tu
1863 2096 2017 2150 colo-

421 2182 582 2237 ribus
621 2183 844 2238 virtutis
885 2184 958 2237 ita
995 2185 1226 2254 teipsum
1273 2185 1528 2241 inliciens
1594 2196 1649 2242 et
1710 2189 2011 2242 videntium

423 2274 792 2332 admiratione
840 2277 1146 2332 honoratus
1189 2288 1244 2333 et
1292 2279 1587 2340 laudatus,
1635 2279 1690 2332 in
1733 2279 2012 2351 hypocrisi

421 2366 592 2420 vitam
618 2382 950 2423 consumens
977 2369 1188 2424 lateas:
1227 2370 1423 2424 bonam
1448 2371 1798 2441 validamque
1829 2372 2011 2424 navim

424 2458 664 2523 fabrica,
708 2475 870 2529 quam
913 2459 1271 2515 fortissimam
1326 2462 1732 2533 pollentemque
1774 2461 2012 2532 Spiritus

428 2550 649 2620 legibus
683 2561 846 2622 atque
885 2551 1087 2606 Christi
1122 2549 1249 2606 Jesu
1287 2553 1446 2608 navis
1480 2551 1828 2607 fabricatoris
1875 2568 2013 2623 prte-

423 2644 600 2714 ceptis
652 2651 707 2697 et
751 2644 1108 2715 dogmatibus
1157 2645 1480 2716 compingas
1527 2645 1685 2716 quasi
1741 2645 1936 2712 clavis,
1957 2655 2010 2698 et

426 2735 618 2805 rapide
649 2747 812 2806 atque
853 2738 1025 2791 multo
1057 2746 1258 2791 conatu
1286 2746 1620 2791 tentatorunt
1642 2737 1881 2793 evadens
1910 2738 2010 2792 litt-

425 2836 551 2883 etus
591 2827 660 2882 ad
703 2844 930 2884 serenos
965 2839 1160 2899 portus
1203 2840 1258 2885 et
1297 2831 1469 2898 patris
1510 2815 1819 2886 tntissimas
1850 2846 2006 2884 man-

423 2921 610 2976 siones
633 2922 908 2992 appellere
938 2922 1141 2990 possis.

498 3101 603 3156 “'5
643 3101 876 3165 Quilibet
907 3100 1084 3154 tendat
1119 3103 1402 3171 pro/icere,
1437 3111 1543 3157 etc.

494 3195 686 3263 Quoad
715 3197 1086 3266 pragstantiam
1123 3203 1216 3248 aut
1252 3195 1488 3264 primum
1524 3195 1790 3266 gradum,
1819 3196 2003 3254 nullus

426 3306 454 3344 a
491 3305 579 3343 me
617 3287 811 3342 edetur
855 3301 1071 3352 sermo,
1127 3287 1202 3339 ait
1245 3285 1572 3341 humilitatis
1618 3286 1676 3342 S.
1720 3304 2001 3344 commen-

427 3389 608 3446 tator,
637 3379 816 3450 quivis
853 3389 980 3433 ante
1024 3394 1110 3432 me
1148 3388 1484 3448 praecurrat,
1519 3395 1549 3432 a
1581 3379 1796 3450 Deoque
1829 3382 2001 3452 pluris

424 3473 731 3528 aestimetur
754 3471 900 3525 sicut
929 3470 1032 3540 ipsi
1066 3471 1466 3540 beneplacitum
1495 3470 1785 3536 videbitur,
1819 3489 2001 3528 meum

425 3580 535 3618 non
562 3571 646 3621 est
680 3565 890 3633 primos
925 3561 1130 3631 gradus
1176 3561 1436 3632 diligere;
1473 3571 1686 3618 tantum
1723 3563 1832 3619 Deo
1871 3567 1995 3620 sub-

421 3658 550 3728 jecti
579 3666 755 3712 estote
777 3671 972 3709 omnes
1000 3655 1054 3708 in
1082 3655 1310 3718 mundo,
1332 3656 1377 3710 si
1397 3656 1488 3726 qui
1522 3657 1818 3725 sapientes,
1843 3657 2000 3728 siqui
2045 3648 2051 3656 ’

427 3759 702 3822 potentes,
729 3750 774 3803 si
807 3750 900 3819 qui
927 3748 1124 3804 divites
1154 3759 1208 3803 et
1233 3765 1534 3820 pauperes:
1564 3750 1708 3819 quod
1745 3751 2003 3806 omnibus

427 3846 696 3914 reliquum
720 3853 824 3907 est,
856 3857 886 3895 a
921 3850 1066 3896 terra
1090 3849 1144 3896 et
1171 3860 1201 3895 υ
1223 3841 1483 3897 cordibus
1515 3842 1796 3896 hominum
1821 3859 2006 3898 ascen-

424 3937 618 3991 dentes
657 3933 1044 4005 cogitationes,
1089 3933 1318 3987 sincera:
1352 3942 1408 3987 et
1440 3935 1676 3987 immota:
1711 3944 1877 4003 petrae
1911 3945 2006 3988 aut

427 4030 776 4081 firmamento
826 4026 1113 4088 veritatis,
1165 4024 1390 4080 Christo
1442 4025 1802 4080 adhaereant:
1863 4044 2001 4096 pra:-

426 4120 616 4178 sertim
649 4119 781 4173 illud
815 4119 946 4172 mihi
973 4118 1114 4172 dixit
1142 4117 1524 4174 aestimandum
1555 4117 1713 4172 valde
1748 4135 1762 4170 :
1789 4136 2002 4191 nempe,

425 4215 636 4273 sedenti
674 4213 728 4267 in
772 4223 935 4267 trono
973 4213 1214 4282 glorioso
1249 4221 1302 4267 et
1347 4228 1377 4266 a
1422 4222 1567 4266 terra
1605 4212 1672 4266 ad
1711 4215 1910 4268 cmlum
1949 4216 2004 4269 in

425 4307 717 4360 sacriﬁciis
757 4305 989 4374 populos
1035 4314 1224 4360 sancte
1275 4305 1544 4375 erigenti,
1591 4315 1860 4375 quantum
1910 4307 2004 4360 tali

425 4399 626 4452 durum
670 4406 724 4452 et
764 4398 1009 4467 periculo
1053 4399 1272 4468 plenum
1315 4407 1404 4453 est
1448 4399 1760 4461 tenebrosis
1800 4400 2008 4470 cogita-

426 4489 675 4544 tionibus
705 4497 799 4542 aut
823 4489 1083 4559 operibus
1102 4489 1381 4544 Christum
1413 4490 1767 4554 inhonorare,
1795 4499 2004 4546 tantum

426 4582 597 4638 decus
661 4591 923 4652 tantaque
968 4582 1098 4636 mihi
1145 4583 1252 4637 erit
1289 4583 1486 4654 gloria,
1539 4584 2007 4653 irreprehcnsibili

427 4677 495 4731 ad
528 4677 696 4731 Dertm
727 4676 1030 4732 accedenti.
1070 4694 1088 4727 ι
1126 4675 1258 4729 Nam
1285 4691 1568 4732 mensuras
1591 4676 1708 4740 Dei,
1754 4697 1770 4729 ι
1805 4686 1859 4732 et
1889 4693 2006 4749 seq.

428 4768 583 4835 Quod
618 4770 786 4836 dicit,
819 4770 930 4823 tale
968 4767 1098 4821 mihi
1137 4767 1355 4821 videtur
1385 4786 1400 4820 :
1442 4766 1704 4821 nimirum
1734 4769 1878 4838 quod
1919 4785 2007 4824 se-

427 4862 668 4916 cundum
719 4877 1034 4918 mensuram
1091 4861 1409 4915 donationis
1465 4859 1672 4916 Christi
1718 4877 1881 4932 quam
1939 4862 2006 4916 ab

427 4951 588 5009 initio
615 4953 973 5008 credentibus
1021 4951 1327 5015 distribuit,
1367 4960 1420 5004 et
1469 4951 1605 5020 ipsis
1651 4952 1760 5006 vita
1809 4952 2008 5007 subse-

429 5054 648 5115 qnetur.
699 5044 762 5098 Et
794 5047 915 5101 vice
947 5063 1149 5102 versa:
1192 5046 1494 5101 secundum
1534 5045 1656 5100 vita:
1693 5061 2006 5101 mensuram

431 5137 676 5204 ipsorum
707 5142 761 5188 et
794 5135 1044 5190 laborum
1071 5139 1351 5193 mercedes
1374 5153 1402 5191 a
1437 5136 1544 5192 Deo
1588 5145 1902 5202 occurrent;
1927 5139 2008 5195 sic

431 5224 650 5295 sapiens
670 5233 725 5280 et
747 5225 903 5294 juxta
933 5227 1072 5282 hanc
1102 5228 1273 5297 legem
1304 5245 1554 5283 securam
1578 5239 1630 5283 et
1652 5230 1787 5285 bene
1821 5230 2008 5300 dispo-

434 5315 597 5371 sitam
631 5316 685 5370 in
723 5316 1018 5372 virtutibus
1049 5317 1256 5373 ducens
1288 5322 1453 5372 vitam
1484 5321 1536 5374 in
1573 5336 1804 5389 corpore
1833 5321 2006 5392 degis;

431 5425 542 5464 non
569 5412 746 5466 solum
771 5413 873 5465 hoc
903 5413 996 5466 tibi
1037 5412 1262 5474 bonum,
1293 5413 1387 5467 sed
1420 5421 1474 5467 et
1517 5414 1797 5482 deinceps,
1831 5423 2013 5468 trans-

434 5495 556 5554 acta
589 5507 875 5560 tenebrosa
923 5506 1033 5559 vita
1077 5515 1172 5559 tua
1198 5514 1253 5559 et
1277 5507 1492 5560 mortali
1525 5524 1646 5576 quze
1700 5507 1863 5563 hodie
1892 5507 2011 5563 ﬂuit

436 5601 671 5655 transitu
701 5601 903 5661 soluto,
932 5616 1056 5654 cum
1080 5600 1288 5670 optimo
1305 5608 1590 5669 apparatu.
1617 5601 2008 5658 comitantibus

530 5749 620 5816 57)
651 5749 809 5810 Cod.,
840 5751 1143 5818 ἡρμοσμέν.
1182 5751 1274 5804 καὶ
1311 5749 1789 5819 συμπεπηγμέναι.

530 5763 620 5816 at)
651 5763 809 5810 υοα..
840 5763 1143 5818 ηρμοσμεν.
1182 5763 1274 5804 και

506 5763 628 5891 i158)
657 5819 814 5882 Cod.,
853 5820 1297 5889 πρεποδέστατον.

1766 323 2062 382 ΝΙΟΙιΤΑδ
2137 328 2342 390 DAVID

3587 321 3696 376 τεο

2112 459 2264 512 ματι,
2299 442 2392 493 καὶ
2420 440 2495 510 μὴ
2519 441 2584 494 τά
2612 441 2847 512 περισσᾶ
2870 437 2965 492 τοῦ
3003 438 3118 508 βίου
3148 437 3343 507 φιλεῖν,
3366 436 3460 489 καὶ
3488 435 3664 505 θησαν
3682 466 3695 476 -

2110 530 2278 601 ρίξειν
2327 531 2588 600 ματαίους
2641 532 2732 584 ἐπὶ
2791 532 2892 600 γῆς
2947 529 3275 600 θησαυροὺς,
3334 527 3591 580 τὸνδναὸν
3636 524 3700 578 δὲ

2107 626 2229 685 ταῖς
2269 623 2529 692 ἀσκήσεσι
2579 623 2858 694 καθαίρειν
2901 623 2992 674 καὶ
3033 622 3236 682 πάσαις
3279 619 3522 689 βελτιοῦν
3569 621 3695 688 ἀρε-

2108 718 2245 778 ταῖς.

2109 829 2211 884 156
2229 831 2390 898 Νηὸς
2417 831 2524 901 γὰρ
2536 831 2824 900 μεγάλοιο
2861 827 3008 883 Θεοῦ
3026 830 3271 898 βροτός,
3293 845 3348 882 κ.
3377 847 3426 881 τ.
3448 829 3498 882 λ.

2180 921 2365 975 Εἰπὼν
2407 923 2490 976 ὅτι
2533 923 2638 994 χρὴ
2683 924 2910 991 κοσμεῖν
2961 920 3052 973 τὸν
3084 920 3211 973 ναὸν
3243 922 3338 972 καὶ
3371 921 3458 973 ἀεὶ
3499 920 3697 989 βελτίω

2109 1018 2302 1081 ποιεῖν,
2332 1016 2414 1080 τίς
2446 1016 2580 1070 δτοῦ
2612 1014 2749 1068 Θεοῦ
2778 1013 2902 1076 ναδς
2931 1005 3087 1075 οὗτός
3111 1015 3280 1077 ἐστιν,
3310 1012 3369 1065 ὃν
3389 1013 3693 1082 πεποίηκεν

2107 1109 2135 1160 ὁ
2177 1108 2398 1179 Κύριος,
2430 1109 2593 1172 εὐθὺς
2619 1107 2814 1175 ἐπάγει
2854 1107 2946 1159 τὸν
2984 1105 3267 1176 ἄνθρωπον
3307 1101 3462 1166 εἶναι,
3501 1105 3560 1167 ὃς
3582 1105 3695 1158 ἀπὸ

2107 1201 2210 1269 γῆς
2241 1200 2336 1251 καὶ
2391 1198 2485 1252 τοῦ
2537 1199 2726 1272 γηῖνου
2758 1198 3102 1268 φρονήματος
3129 1197 3227 1266 τῆς
3280 1196 3412 1265 πρὸς
3437 1196 3568 1249 Θεὸν
3596 1195 3696 1248 καὶ

2106 1289 2198 1342 τὸν
2221 1287 2448 1360 οὐρανὸν
2473 1287 2778 1359 ἀρξάμενος
2815 1288 3104 1357 κινήσεως.
3138 1284 3228 1336 διὰ
3262 1281 3573 1352 πνεύματος
3606 1280 3693 1333 αῖ-

2112 1395 2263 1449 ρεται
2321 1378 2478 1448 ὑψοῦ.
2511 1377 2712 1432 Τοῦτον
2770 1377 2900 1446 ἐγὼ,
2953 1378 3115 1446 φησιν
3153 1378 3182 1429 ὅ
3231 1376 3375 1446 ἱερὸς
3416 1373 3691 1441 θεολόγος,

2111 1471 2275 1523 πᾶσιν
2299 1469 2482 1542 ἔργοις
2531 1471 2626 1523 καὶ
2665 1468 2844 1537 λόγοις
2892 1469 3114 1536 ἀγαθοῖς
3144 1465 3318 1534 εὐώδη
3357 1469 3563 1537 τηρεῖν,
3597 1467 3696 1518 καὶ
3751 1523 3758 1528 _

2109 1561 2227 1633 Θεῷ
2273 1563 2563 1634 εὐάρεστον
2633 1564 2727 1616 καὶ
2802 1563 3024 1632 δόκιμον
3099 1559 3417 1628 φυλάσσειν,
3475 1561 3555 1620 εἰς
3608 1559 3699 1610 diei.

2110 1653 2389 1725 παραινιῖν
2421 1653 2507 1707 ἀεί
2547 1671 2606 1706 τε
2660 1653 2798 1706 κατά
2822 1651 2947 1706 νοῦν
2979 1651 3169 1721 ἔχοντα
3205 1649 3295 1702 τὸν
3343 1647 3578 1720 Χριστὸν
3609 1649 3698 1699 ἐν-

2116 1745 2421 1816 ιδρυμένον,
2452 1746 2546 1798 καὶ
2562 1745 2650 1798 ἀεὶ
2674 1745 2835 1813 ἁγνὸν
2859 1744 3008 1805 ὄντα,
3036 1743 3095 1794 οὐ
3126 1740 3406 1795 δοκοῦντα.
3437 1737 3702 1808 ἀληθινόν

2114 1857 2172 1891 τε
2195 1838 2272 1909 τῷ
2291 1839 2424 1899 δντι,
2457 1838 2570 1892 ἀλλ’
2591 1839 2690 1891 οὐκ
2710 1838 2884 1908 οἰήσει
2906 1836 3035 1906 ψιλῇ
3073 1833 3426 1904 νομιζόμενον
3450 1831 3698 1883 τοιοῦτον

2113 1927 2276 1994 εἶναι,
2339 1931 2451 1999 ἐγὼ
2504 1931 2980 2002 παρακελεύομαιο
3029 1929 3124 1982 καὶ
3171 1927 3244 1999 μὴ
3283 1927 3470 1996 ὥσπερ
3509 1924 3696 1977 πλοῖον

2118 2023 2288 2094 μίλτῳ
2309 2025 2400 2076 καὶ
2424 2022 2676 2096 χρώμασι
2699 2021 3165 2092 διανθιζὸμενον,ἦ
3187 2036 3296 2071 τισι
3315 2018 3492 2080 ἀλλοις
3516 2034 3699 2088 παρα-

2115 2117 2310 2186 σήμοις
2337 2115 2588 2168 κάλλεσιν
2618 2115 2948 2185 ἀστράπτον,
2977 2117 3090 2175 τοῖς
3119 2113 3218 2182 τῆς
3259 2111 3536 2180 θαλάσσης
3590 2110 3693 2163 νὼ-

2112 2223 2225 2270 τοις
2250 2207 2495 2259 ἐπιπλεῖ·
2524 2205 2598 2277 μὴ
2645 2209 2740 2259 καὶ
2765 2208 2827 2259 σὺ
2876 2204 3159 2276 χρώμασιν
3197 2203 3340 2256 οὕτω
3359 2202 3459 2272 τῆς
3491 2203 3700 2272 ἀρετῆς

2114 2299 2406 2351 ποικίλλων
2423 2299 2633 2361 ἑαυτὸν,
2653 2299 2746 2351 καὶ
2766 2298 2869 2350 ὑπὸ
2883 2297 2989 2350 τῶν
3011 2295 3262 2368 ὁρώντων
3279 2292 3701 2364 θαυμαζόμενος

2113 2388 2205 2440 καὶ
2236 2387 2649 2457 ἐπαινούμενος,
2683 2389 2740 2438 ἐν
2776 2385 3065 2458 ὑποκρίσει
3121 2383 3382 2454 διαλάθῃς
3439 2383 3701 2454 ἐκπερῶν

2109 2480 2204 2531 τὸν
2246 2478 2360 2547 βίον
2385 2495 2398 2508 ·
2450 2477 2618 2549 μιμοῦ
2656 2477 2712 2530 δὲ
2761 2476 2894 2531 ναῦν
2925 2475 3139 2546 ἀγαθην
3164 2475 3257 2528 καὶ
3282 2477 3532 2545 ἰσχυραν,
3560 2491 3697 2546 κρα-

2109 2568 2314 2632 τίστοις
2343 2569 2436 2621 καὶ
2464 2567 2841 2639 στερροτάτοις
2872 2566 2966 2620 τοῦ
3005 2566 3322 2638 Πνεῦματος
3355 2566 3546 2635 νόμοις
3591 2565 3690 2618 καὶ

2111 2660 2347 2730 Χριστοῦ
2382 2660 2555 2732 Ἰησοῦ
2579 2661 2655 2724 ὼς
2685 2660 2969 2732 ναυπηγοῦ
3003 2659 3340 2730 δικαιώμασι
3373 2659 3468 2711 κα).
3500 2657 3700 2728 δόγμα-

2112 2773 2195 2808 σιν
2211 2751 2299 2809 οἷα
2314 2756 2545 2826 γόμφοις
2567 2757 2921 2827 ἡρμοσμένην
2941 2757 3052 2820 (57)
3075 2755 3168 2808 κα).
3192 2771 3256 2806 συ
3266 2753 3693 2824 μπεπηγμένην,

2108 2847 2275 2912 ὀξέως
2309 2866 2366 2901 τε
2395 2851 2489 2902 καὶ
2515 2849 2746 2912 εὐτόνως
2769 2848 2838 2900 τά
2875 2849 2982 2900 τῶν
3007 2845 3380 2915 πειραζόντωω
3397 2842 3696 2897 διεκδῦνων

2110 2936 2177 2990 κύ
2187 2955 2348 3006 ματα,
2377 2938 2513 3008 πρὸς
2532 2939 2658 2997 τοὺς
2679 2937 2966 3008 γαληνίους
2994 2936 3196 3008 ὅρμους
3224 2937 3316 2990 καὶ
3344 2935 3694 3005 ἀκυμάντους

2111 3029 2202 3082 τοῦ
2235 3030 2448 3100 [ἰατρὸς
2474 3030 2810 3092 καταπαυοις
2847 3031 3034 3100 μονάς.

2218 3124 2318 3176 HS
2343 3121 2467 3188 Πᾶς
2487 3123 2602 3191 μὲν
2631 3123 2708 3175 ἴοι
2734 3124 3112 3191 προπάροιθε,
3140 3139 3196 3175 κ.
3227 3139 3279 3174 τ.
3307 3122 3334 3172 λ

2179 3216 2313 3286 Περὶ
2367 3217 2750 3285 προτιμήσεως
2795 3215 2828 3285 ἢ
2877 3217 3007 3287 περὶ
3061 3215 3451 3286 πρωτοκλισίας
3508 3212 3687 3272 οὐδείς

2112 3322 2200 3375 μοι
2232 3304 2454 3376 λόγος-,ὁ
2479 3306 2576 3376 τῆς
2618 3307 3119 3378 ταπεινοφροσύνης
3166 3307 3438 3375 ὑποφήτης
3481 3301 3629 3370 λέγει
3657 3318 3672 3332 ο

2109 3397 2216 3458 πᾶς
2248 3395 2552 3467 ἔμπροσθέν
2602 3413 2704 3465 μου
2751 3398 3099 3468 προτρεχέτω
3130 3399 3220 3450 καὶ
3262 3393 3683 3464 προτετιμήσθω

2109 3487 2184 3557 τῷ
2229 3486 2368 3556 Θεῷ,
2416 3487 2491 3550 ὡς
2539 3487 2604 3540 ἂν
2640 3489 2952 3558 παρασταίη
2995 3489 3246 3558 ἀρεστόν.
3287 3486 3360 3538 Οὒ
3395 3484 3502 3555 γὰρ
3535 3482 3688 3552 φιλο-

2109 3580 2408 3650 πρωτεύειν
2442 3581 2628 3652 ἔμοιγε
2665 3597 2682 3612 ο
2717 3581 2876 3650 μόνον
2905 3582 2957 3633 δὲ
2994 3580 3092 3633 τοῦ
3123 3580 3258 3633 Θεοῦ
3310 3579 3551 3640 ἅπαντες
3603 3578 3691 3643 ἐξ·

2110 3673 2340 3742 έχοισθε,
2366 3675 2564 3738 πάντες
2596 3675 2708 3726 ὅσοι
2725 3674 3082 3745 κατάικοσμον
3115 3675 3288 3744 σοφοὶ,
3312 3675 3428 3726 ὅσοι
3453 3671 3687 3732 δυνατοὶ,

2109 3768 2223 3820 ὅσοι
2255 3767 2499 3821 πλούσιοι
2533 3768 2627 3820 καὶ
2657 3768 2861 3840 πτωχοί
2883 3785 2898 3798 ι
2925 3768 2995 3820 τὰ
3024 3767 3244 3820 πάντων
3279 3766 3619 3837 πρυμνήσια,
3640 3764 3692 3816 oi.

2110 3857 2220 3910 ἀπὸ
2249 3857 2351 3926 γῆς
2384 3859 2474 3910 καὶ
2503 3858 2601 3927 τῆς
2639 3858 2816 3911 αὐτῶν
2858 3857 3086 3928 καρδίας
3129 3857 3512 3917 ἀναϐαίνοντες
3545 3854 3698 3920 λογι-

2113 3949 2240 4018 σμοὶ
2261 3989 2275 4006 .
2305 3949 2397 4002 τοῦ
2427 3949 2694 4018 eoseum
2721 3951 2814 4004 κα).
2840 3951 3140 4003 ἀσαλεύτου
3169 3950 3409 4020 ’ἕρματος
3440 3949 3472 4017 ἦ
3505 3947 3695 4017 στηρί-

2110 4058 2318 4110 γματος
2351 4043 2447 4111 τῆς
2478 4042 2734 4113 ἀληθείας
2760 4043 3083 4113 ὲξήφθωσαν
3097 4041 3356 4112 Χριστοῦ·
3377 4041 3612 4111 μάλιστα
3637 4039 3698 4092 δὲ

2111 4129 2330 4182 πάντων
2361 4130 2484 4199 ἐμοὶ
2515 4130 2670 4184 τοῦτο
2703 4130 2807 4204 ἔφη
2849 4132 3301 4201 πρεπωδέστατον
3335 4132 3449 4201 (58)
3491 4134 3694 4195 ποιεῖν,

2110 4220 2184 4285 ὼς
2212 4221 2481 4294 ὑψιθρόνῳ
2503 4223 2821 4293 τυγχάνοντι
2857 4227 2953 4278 κα).
3005 4229 3062 4278 ἐν
3094 4225 3306 4288 θυσίαις
3355 4225 3500 4280 λαῶν
3529 4225 3704 4295 ἱερῶν

2111 4312 2396 4382 ἡγουμένῳ
2431 4312 2563 4383 πρὸς
2588 4314 2678 4366 τὸν
2710 4315 2936 4386 οὐρανὸν
2964 4315 3072 4369 ἀπὸ
3107 4316 3204 4386 τῆς
3227 4316 3355 4388 γῆς·
3375 4310 3420 4384 ᾧ
3451 4315 3706 4387 τοσούτῳ

2113 4402 2249 4473 βαρὺ
2263 4403 2356 4456 καὶ
2371 4404 2685 4468 κινδυνῶδες
2702 4406 3112 4476 ἐσκοτισμέναις
3132 4407 3403 4476 ἐννοίαιςῆ
3426 4406 3706 4476 πράξεσιν

2112 4494 2398 4564 ἀτιμάζειν
2428 4497 2519 4549 τὸν
2563 4499 2798 4569 Χριστὸν
2817 4540 2830 4563 ,
2863 4499 2971 4570 ὅσῳ
3001 4516 3090 4569 μοι
3120 4500 3276 4561 κλέος
3299 4499 3504 4568 ἀγαθὸν
3539 4499 3708 4555 ἔσται

2113 4589 2208 4641 καὶ
2235 4587 2382 4654 δόξα,
2417 4590 2634 4642 ἐπειδὰν
2662 4592 2975 4662 ἀμωμήτως
3009 4593 3212 4660 ὲγγίσω
3237 4590 3315 4660 τῷ
3334 4589 3473 4661 Θεῷ.

2219 4681 2332 4735 Καὶ
2360 4681 2470 4750 γὰρ
2490 4681 2567 4750 δὴ
2592 4683 2860 4752 μέτροισι
2896 4687 3066 4744 Θεοῦ,
3095 4699 3148 4735 κ.
3174 4700 3226 4737 τ.
3255 4682 3332 4746 ἐξ.

2191 4778 2258 4828 Ὃ
2283 4775 2340 4828 δὲ
2368 4774 2546 4844 λέγει,
2584 4775 2826 4829 τοιοῦτον
2861 4770 3003 4828 εἶναι
3037 4792 3126 4845 μοι
3154 4775 3320 4832 δοκεῖ.
3355 4776 3436 4826 ὅτι
3464 4774 3613 4827 κατὰ
3639 4778 3711 4831 τὸ

2115 4869 2309 4939 μέτρον
2334 4868 2432 4938 τῆς
2453 4867 2659 4938 δωρεᾶς
2682 4868 2774 4921 τοῦ
2800 4867 3032 4939 Χριστοῦ
3053 4867 3155 4937 τῆς
3180 4870 3236 4920 ὲν
3265 4870 3406 4938 ἀρχῇ
3454 4868 3568 4936 (59)
3610 4870 3710 4923 δε-

2111 4961 2431 5033 δωρημένης
2450 4963 2561 5023 τοῖς
2592 4959 2903 5013 πιστεύουσι
2939 4960 3033 5013 καὶ
3059 4961 3088 5012 ὁ
3116 4959 3229 5029 βίος
3251 4959 3435 5021 αὐτοῖς
3465 4958 3710 5012 ἀκολου·-

2115 5052 2200 5104 θεῖ
2218 5069 2232 5082 °
2253 5052 2348 5105 καὶ
2367 5048 2431 5106 αὗ
2456 5051 2616 5105 πάλιν
2635 5067 2648 5081 ⁶
2667 5052 2822 5105 Κατά
2843 5052 2910 5105 τὰ
2943 5054 3120 5122 μέτρα
3145 5050 3236 5104 τοῦ
3268 5051 3382 5120 βίου
3409 5050 3713 5118 ἀναλόγως

2112 5146 2296 5207 αὐτοῖς
2325 5143 2506 5199 καὶτὰ
2527 5145 2666 5215 γέρα
2686 5145 2795 5197 τῶν
2823 5145 3002 5198 πόνων
3031 5144 3332 5213 ἀπαντήσει
3364 5143 3503 5210 πρὸς
3529 5142 3705 5196 Θεοῦ.

2113 5236 2267 5289 Οῦτω
2281 5236 2336 5288 δὲ
2357 5235 2570 5306 φρονῶν
2600 5235 2692 5289 καὶ
2729 5237 2868 5290 κατά
2895 5236 3039 5288 τόνδε
3057 5237 3145 5287 τὸν
3175 5234 3345 5288 τύπον
3379 5235 3436 5284 ἐν
3471 5234 3710 5304 ἀρεταῖς

2111 5327 2421 5390 διαϐιώσας,
2463 5328 2676 5396 ἀσφαλῆ
2727 5327 2817 5380 καὶ
2865 5328 3155 5398 εὐάρεστον
3199 5327 3546 5396 διαπερανείς
3596 5326 3708 5397 τὴν

2109 5423 2167 5473 ἐν
2197 5419 2404 5488 σώματι
2435 5418 2578 5490 ζωήν
2605 5437 2617 5448 ο
2652 5419 2713 5471 οὐ
2753 5421 2910 5489 μόνον
2943 5419 3029 5482 δὲ,
3068 5418 3202 5472 ἀλλὰ
3231 5419 3325 5470 καὶ
3353 5416 3660 5488 μετέπειτα
3685 5456 3702 5478 ,

2107 5510 2201 5564 τοῦ
2235 5509 2492 5574 σκιώδους
2523 5512 2640 5581 βίου
2676 5528 2768 5565 σου
2803 5511 2960 5565 τοῦδε
2990 5511 3083 5564 καὶ
3115 5508 3358 5580 φθαρτοῦ
3401 5511 3459 5562 ἐν
3507 5508 3707 5578 ἡμέρᾳ

2107 5603 2284 5668 ἐξόδου
2325 5603 2587 5674 λυομένου
2608 5645 2622 5670 ,
2660 5605 2756 5657 συν
2791 5605 2988 5676 ἀρίστῃ
3015 5605 3204 5674 πομπῇ
3234 5601 3330 5656 καὶ
3360 5599 3555 5672 ὁδηγιςι
3588 5601 3670 5663 ἀγ
3697 5629 3704 5636 -

2186 5757 2294 5826 (39)
2333 5757 2487 5822 C0d.,
2509 5759 2728 5831 ἐναρχη.
