4056 6238
259 318 376 377 729

258 432 437 505 γέλων
465 432 601 488 Θεοῦ
643 440 911 510 κρείττονι
955 444 1037 508 είς
1075 445 1175 508 τὰς
1204 447 1314 502 τῶν
1348 453 1634 525 μακαρίων
1665 472 1833 509 κατα·

256 526 479 591 παύσας
515 528 752 598 σκηνὰς,
786 537 879 591 τὸν
923 536 1132 591 ἑστῶτα
1160 542 1253 593 καὶ
1281 541 1474 597 ἄλυτον
1517 547 1613 600 σὺν
1652 547 1834 612 αὐτοῖς

257 617 549 704 διαιωνίως
568 620 627 672 ἐν
655 621 953 695 Πνεύματι,
978 630 1037 681 ἐν
1062 628 1282 701 Χριστῷ
1324 633 1495 704 Ἰησοῦ
1525 635 1833 704 διαόιὼσεις

259 712 374 779 βίον
401 725 416 739 °
440 702 538 782 ᾦή
569 712 695 777 δόξα
723 715 807 780 είς
833 718 960 783 τοὺς
987 720 1185 785 αἰῶνας
1212 724 1322 777 τῶν
1350 702 1578 782 ανίώνων.
1634 702 1826 803 Ἀμήν,

256 801 395 873 Περὶ
428 802 631 877 ἀρετῆς
657 806 999 881 ἀνθρωπίνης
1027 811 1182 882 λόγος
1212 814 1274 873 θ’.

267 915 821 1000 ἘξῄγησειςΑειςβζὰ
847 923 1152 1000 ἀπόρῤητα
1172 927 1287 1000 ,τοῦ
1314 928 1577 999 μεγάλου
1607 934 1829 1000 Γρηγο-

317 987 467 1075 price
476 989 582 1075 τοῆ
601 991 896 1075 Θεολόρνογ
907 987 1149 1063 ’ἐπητὰ
1159 987 1675 1075 διὰ-ἡρωὲλεγείωῦ
1690 987 1825 1075 (ΪΟ).

328 1059 472 1126 Περὶ
502 1060 741 1127 φύσεως
763 1059 1157 1132 ἀνθρωπίνης.
1185 1059 1371 1138 Adfor;
1402 1076 1453 1123 ι’.

322 1168 696 1241 Φιλοσοφήσας
725 1175 753 1227 ό
782 1173 1182 1245 θεοσοφὼτατος
1206 1181 1332 1251 περὶ
1360 1182 1459 1253 τῆς
1479 1183 1828 1256 ἀνθρωπίνης

252 1262 480 1333 ἀρετῆς,
510 1265 611 1317 ὅσα
651 1267 684 1336 ή
735 1265 844 1320 τῶν
896 1268 1032 1348 ὅλων
1080 1275 1310 1342 τεχνῖτις
1367 1273 1478 1344 (41)
1525 1276 1829 1348 ὑπέρσοφος

253 1353 567 1426 ἐδωρήσατο
632 1358 827 1427 σοφία,
883 1346 971 1414 διά
1031 1362 1138 1416 τῶν
1201 1366 1573 1437 προκειμένων
1623 1346 1825 1423 τούτων

254 1446 412 1533 ἐπῶν
443 1448 571 1520 περὶ
600 1450 773 1522 αὐτῆς
801 1451 900 1522 τῆς
920 1452 1027 1506 τῶν
1048 1455 1349 1528 ἀνθρώπων
1375 1458 1585 1527 φύσεως
1607 1460 1835 1533 διαλαμί

251 1526 430 1603 ϐἆνει,
462 1539 523 1593 τό
555 1540 793 1613 φθαρτόν
819 1560 880 1597 τε
903 1545 1075 1615 αὐτῆς
1098 1526 1200 1600 καὶ
1224 1549 1511 1620 οὐδαμινὸν
1542 1551 1635 1605 καὶ
1663 1526 1827 1625 εὐμε-

248 1630 481 1684 τάὃολον
507 1632 1027 1705 διακωμῳδούμενος
1055 1636 1198 1691 οὓτω
1215 1639 1364 1708 λέγει
1380 1659 1393 1671 ·

196 1758 201 1763 -
250 1720 276 1773 ί
316 1721 528 1785 Χθιζὸγ
553 1724 664 1798 (42)
693 1726 857 1796 ἐμοῖς
884 1727 1135 1798 ἀχέεσσι
1160 1735 1537 1802 τετρυμένος,
1565 1755 1617 1792 κ.
1648 1755 1694 1792 τ.
1716 1739 1765 1793 λ.

316 1814 466 1878 Χθὲς
497 1817 590 1870 καὶ
623 1817 847 1889 πρώην,
880 1820 1044 1891 φησὶν
1078 1823 1106 1874 ὁ
1143 1822 1433 1895 θεόληπτος
1468 1830 1819 1905 ἱεροφάντης,

257 1906 405 1971 ἰδίοις
428 1907 612 1979 ψυχῆς
638 1910 881 1978 ἄλγεσιν,
946 1913 1124 1978 ἀνίαις
1166 1931 1225 1968 τε
1271 1919 1363 1971 καὶ
1403 1920 1615 1988 ὀδύναις
1651 1943 1821 1980 κατα-

251 1996 608 2066 τρυχόμενος,
661 1998 876 2054 πάντων
931 2002 1306 2075 ἀπομονωθεὶς
1357 2010 1450 2063 ἐπί
1500 2029 1552 2065 τι
1603 2016 1818 2086 σκιερὸν

246 2088 409 2150 ἄλσος
439 2088 670 2159 ἐκείμην
692 2133 707 2157 ,
748 2091 1076 2165 δακνόμενος
1108 2096 1206 2169 τὴν
1242 2099 1493 2170 αἴσθησιν
1532 2106 1625 2158 καὶ
1650 2123 1818 2160 κατα-

244 2177 549 2247 τηκόμενος
573 2193 589 2210 ·
612 2180 837 2253 καὶγὰρ
865 2199 954 2252 μοι
987 2184 1145 2238 τοῦτο
1174 2186 1324 2257 φίλον
1351 2191 1438 2245 ἀεὶ
1465 2191 1653 2266 ὥσπερ
1681 2197 1817 2269 φάρ-

248 2285 426 2339 μακον
449 2270 711 2342 ίατήριον,
746 2274 805 2327 ὲν
829 2276 1121 2349 αὐστηροῖς
1145 2281 1372 2336 πάθεσιν
1397 2285 1713 2360 όδυνωμένῳ
1756 2293 1820 2347 τὸ

248 2362 372 2416 καθ’
405 2363 632 2434 ἡσυχίαν
667 2366 890 2437 ἐμαυτῷ
939 2372 1277 2441 προσλαλεῖν.
1317 2372 1490 2447 Αῦραι
1528 2379 1583 2433 δὲ
1623 2380 1818 2437 λεπταὶ

245 2453 436 2526 ἠρέμα
461 2455 815 2526 περιηχοῦσαι
838 2458 929 2511 τὸν
964 2460 1103 2532 ἀέρα
1126 2502 1142 2527 ,
1172 2462 1288 2533 ἅμα
1324 2469 1435 2529 τοῖς
1465 2466 1679 2539 ᾠδικοῖς
1721 2471 1816 2543 δρ-

248 2564 396 2601 νισιν
429 2542 577 2619 ᾆσμα
615 2549 898 2606 κελαδοῦσι
946 2555 1108 2609 καλὸν
1153 2558 1247 2611 καὶ
1282 2560 1513 2630 τερπνὸν
1557 2564 1665 2616 ἀπὸ
1708 2565 1817 2621 τῶν

247 2636 589 2709 ἀκρεμόνων,
628 2641 831 2714 καίπερ
854 2644 1135 2699 ἐκπνέοντί
1174 2665 1263 2715 μοι
1287 2650 1387 2720 τὴν
1418 2649 1615 2722 ψυχὴν,
1645 2653 1814 2725 ὅμως,

248 2728 418 2783 ῦπνον
462 2730 677 2799 ἥδιστον
723 2734 1038 2805 ἐχαρίζοντο
1090 2740 1184 2793 καὶ
1232 2740 1491 2810 μαλακόν.
1543 2742 1691 2798 Ἐκεῖ
1729 2745 1815 2818 δὴ,

247 2820 384 2891 φησὶ
402 2861 419 2885 ,
451 2822 545 2875 καὶ
575 2824 623 2876 οἱ
650 2824 894 2896 τέττιγες
916 2829 965 2881 οῖ
998 2827 1091 2881 τοῦ
1122 2829 1269 2901 ἡλίου
1307 2833 1486 2902 φίλοι,
1513 2838 1561 2888 οἱ
1591 2836 1818 2910 λιγυρὰν

188 2926 203 2939 ’
246 2914 343 2968 καὶ
365 2913 543 2981 ὀξεῖαν
568 2916 677 2970 ἀπὸ
706 2917 800 2972 τοῦ
833 2922 1060 2993 στήθους
1097 2926 1403 2995 μελίζοντες
1428 2927 1526 2999 τὴν
1552 2927 1814 3001 φθογγὴν,

245 3006 580 3077 ἐπηχοῦντες
617 3009 736 3063 ὅλον
767 3012 1036 3086 ἐπλήρουν
1071 3017 1133 3071 τὸ
1175 3017 1338 3081 ἄλσος
1368 3021 1542 3073 ἐκεῖνο
1572 3020 1672 3091 τῆς
1700 3040 1814 3092 φω-

244 3098 342 3169 νῆς
366 3115 381 3129 ⁹
409 3098 618 3171 ψυχρὸν
669 3100 726 3156 δὲ
779 3102 921 3176 ὕδωρ
961 3107 1144 3179 ἠρέμα
1184 3109 1254 3164 δι’
1300 3110 1421 3165 ὅλου
1478 3110 1570 3165 τοῦ
1621 3113 1817 3179 ἄλσους

243 3190 560 3263 παραρρέον
620 3193 715 3247 καὶ
754 3196 880 3259 τοὺς
901 3197 1068 3268 ἐμοὺς
1096 3199 1359 3267 ἐπέκλυζε
1393 3201 1556 3267 πόδας
1583 3218 1599 3235 ⁶
1616 3203 1739 3275 ἐμοὶ
1759 3203 1817 3257 δέ

240 3281 388 3352 ὅμως
407 3284 796 3356 ἀπαράκλητος
818 3287 1111 3360 ἐτύγχανεν
1141 3292 1173 3361 ἠ
1207 3292 1372 3364 ψυχή.
1409 3295 1519 3348 Καὶ
1547 3295 1655 3366 γὰρ
1683 3313 1815 3368 κραο

240 3375 407 3440 ταιῶς
432 3378 502 3447 τῇ
531 3376 675 3450 λύπη
704 3380 1030 3453 συνειχόμην
1052 3422 1067 3445 ,
1113 3383 1264 3437 οὐδὲν
1303 3380 1463 3456 ἦττον
1488 3385 1520 3458 ἢ
1561 3388 1691 3457 πρὶν
1723 3403 1818 3455 γεν

245 3466 425 3521 νέσθαι
460 3470 579 3522 ἐκεῖ
602 3486 617 3501 ο
640 3471 748 3523 τῶν
769 3472 1182 3542 κατεπᾳδόντων
1219 3477 1316 3546 μὲν
1339 3477 1448 3549 γὰρ
1479 3479 1574 3531 καὶ
1603 3477 1817 3547 θέλγειν

249 3554 549 3611 δοκούντων
575 3558 747 3623 οὐδεὶς
777 3560 901 3632 ἐμοὶ
938 3561 1113 3632 λόγος.
1163 3564 1307 3630 Νοῦς
1336 3566 1447 3638 γὰρ
1487 3566 1774 3639 ἀνθρώπου
1797 3606 1814 3633 ,

244 3646 458 3711 πολλοῖς
507 3649 603 3702 καί
655 3649 872 3722 δριμέσι
914 3654 1097 3718 πόνοις
1135 3656 1664 3729 καταϐαρυνόμενος,
1717 3659 1815 3713 οὐκ

240 3736 412 3792 ἐθέλει
436 3738 627 3792 λοιπὸν
658 3742 1088 3813 παρακαλεῖσθαι
1116 3746 1236 3799 οὐδέ
1274 3747 1519 3819 τέρψεως
1544 3749 1819 3822 ἀνθρωπί-

238 3846 335 3899 νης
374 3829 560 3900 ἔχεται
595 3833 871 3904 οὐδεμιᾶς.
916 3836 1041 3902 Τοῖς
1077 3838 1171 3892 τοῦ
1211 3838 1301 3892 νοῦ
1337 3840 1394 3894 δὲ
1425 3844 1686 3914 κινήμασι
1724 3845 1817 3899 καὶ⁵

234 3922 356 3986 ταῖς
376 3922 488 3975 τῶν
511 3924 765 3979 ἐναντίων
786 3925 1059 3998 λογισμῶν
1076 3929 1268 3995 πάλαις
1293 3932 1352 3985 ἐν
1372 3932 1570 4007 καρδίᾳ
1590 3951 1817 4008 συστρε-

245 4013 485 4083 (ρόμενος
508 4018 605 4069 καὶ
628 4017 1067 4090 περιδινούμενος
1088 4022 1373 4078 ἐσκόπουν.

239 4101 307 4157 17
424 4104 526 4171 Τίς
560 4107 852 4176 τενόμην;
880 4109 971 4176 τίς
1000 4109 1172 4180 δἐιμί
1189 4127 1207 4173 ;
1241 4113 1299 4165 τί
1358 4112 1706 4184 δ’ἔσσομαι;
1744 4118 1818 4171 οὐ

268 4238 275 4245 .
1157 4201 1344 4274 [σάφα
1372 4201 1523 4270 οἴδα,
1550 4224 1603 4261 κ.
1623 4224 1673 4262 τ.
1696 4207 1747 4262 λ.

301 4289 406 4352 Τίς
434 4327 451 4352 ,
490 4289 653 4359 φησὶν
676 4330 692 4356 ,
722 4290 989 4364 ἐγενόμην
1012 4332 1027 4356 ,
1067 4294 1132 4346 ἐκ
1168 4293 1243 4366 μὴ
1269 4294 1421 4359 ὄντος
1453 4297 1535 4360 είς
1581 4297 1642 4351 τὸ
1677 4295 1818 4354 εἶναι

242 4377 455 4445 nam;
486 4379 571 4444 τίς
594 4382 651 4436 δὲ
688 4384 783 4436 νῦν
811 4387 926 4455 εἰμι
946 4425 961 4449 ,
1001 4386 1122 4439 ἐπεὶ
1154 4388 1480 4459 γεγενῆσθαί
1512 4409 1689 4462 φημις
1725 4392 1818 4446 καὶ

241 4467 295 4521 τί
344 4468 496 4539 μετὰ
539 4471 711 4524 ταῦτα
761 4473 987 4543 μάταιος
1029 4477 1370 4547 γενήσομαι;
1421 4479 1516 4533 καὶ
1561 4482 1669 4552 γὰρ
1705 4480 1817 4535 οὔτ’

241 4560 408 4625 αὐτὸς
440 4556 559 4615 οἶδα
582 4564 783 4632 σαφῶς,
808 4564 889 4629 τίς
922 4567 954 4637 ή
989 4569 1111 4621 κατ’
1136 4569 1308 4639 ἀρχὰς
1330 4569 1531 4634 εἴσοδος
1563 4572 1697 4643 πρὸς
1725 4573 1818 4629 τὸν

244 4653 381 4724 βίον,
411 4654 446 4726 ἦ
477 4655 561 4718 τίς
585 4655 992 4729 προ[σ]κόπτων
1019 4658 1170 4713 ἐνθεν
1202 4660 1329 4732 ἄχρι
1354 4659 1447 4713 τοῦ
1474 4661 1679 4727 τέλους.
1709 4663 1818 4715 Λυ-

243 4744 360 4810 θεὶς
391 4746 588 4800 ἔπειτα
619 4747 702 4812 τίς
730 4750 1068 4822 γενήσομαι,
1102 4753 1306 4822 φράσον
1348 4769 1364 4784 ·
1410 4754 1503 4806 καὶ
1544 4754 1654 4824 γὰρ
1703 4752 1815 4808 οὔτ’

244 4838 409 4901 αὐτὸς
463 4838 709 4909 ἀκριϐῶς
754 4840 1093 4913 ἐπίσταμαι,
1146 4841 1261 4895 ἀλλ’
1305 4841 1413 4895 οὐδ’
1464 4845 1701 4907 ἐκεῖνος,
1756 4843 1816 4909 ὃς

247 4928 450 4996 μᾶλλον
488 4929 621 5000 ἐμοῦ
670 4931 976 5003 σοφώτερος
1010 4933 1226 5006 εὔχεται
1249 4928 1410 4988 εἶναι·
1441 4932 1519 5005 τῷ
1546 4935 1812 5006 ἐπιπροσ-

244 5018 425 5074 θοῦντι
456 5020 515 5074 δὲ
548 5019 758 5092 σώματι
794 5025 888 5078 καὶ
918 5028 983 5097 τῇ
1040 5025 1233 5098 ἀγνοίᾳ
1261 5022 1347 5079 οἷα
1377 5026 1528 5095 νέφει
1553 5026 1709 5097 βαθεί
1724 5028 1817 5082 τὸν

245 5111 367 5167 νοῦν
398 5113 845 5184 κεκαλυμμένος,
888 5107 991 5170 ὧδε
1025 5118 1184 5171 κάκεῖ
1214 5117 1633 5189 περιπλανῶμαι
1656 5158 1672 5184 ,
1715 5137 1817 5190 μα-

315 5314 432 5383 (40)
464 5314 649 5393 (lanii.
677 5314 828 5382 XIII,
865 5334 918 5388 p.
944 5318 1178 5393 86_,__ed.
1220 5317 1413 5393 colon.
1474 5336 1526 5393 p.
1562 5320 1696 5386 945,
1729 5321 1819 5378 ed.

247 5378 550 5460 Leitvencl.
582 5385 765 5440 Carm.
808 5378 952 5444 nunc
1007 5378 1147 5456 XIV,
1183 5406 1234 5460 p.
1262 5389 1386 5444 ⁴469.

467 5457 626 5527 ςοαη
660 5460 951 5527 τεχνηίτις.
1126 5500 1136 5517 ,

319 5522 436 5599 (42)
458 5522 616 5599 ‘Bil|.,
633 5522 821 5599 χθιζός
837 5545 853 5593 ;
885 5538 1176 5599 utrumque
1203 5527 1574 5586 Homericum.
1601 5562 1674 5573 —
1692 5529 1821 5598 Οῐος

249 5593 667 5672 ᾲπξῆἆλλων-ε”
695 5598 770 5672 ita
815 5600 997 5672 etiam,
1027 5593 1241 5672 locutus
1278 5609 1363 5656 est
1410 5600 1596 5672 Apoll.
1639 5593 1817 5658 Rhod.

251 5662 292 5743 ί,
320 5663 424 5744 σο,
469 5675 524 5719 et
547 5665 869 5744 __’i'r}_'pl_tiod.
902 5668 1028 5744 {£25,
1080 5679 1155 5744 ct_
1181 5671 1412 5744 fortasse
1440 5662 1550 5744 "alii
1601 5690 1820 5744 quoque

253 5736 529 5792 imitantes
546 5736 676 5792 illud
706 5739 1077 5803 Homericum,
1105 5736 1213 5805 οἷος
1233 5740 1410 5795 ἄνευθ’
1429 5736 1631 5804 ἄλλων,
1653 5736 1815 5798 Iliad.

251 5817 387 5874 uti,
442 5805 535 5874 59,
602 5809 655 5864 in
703 5810 890 5866 eadem
933 5810 1166 5869 formula.
1237 5828 1288 5869 γ.
1339 5808 1447 5877 οἷος
1486 5830 1585 5885 pro
1626 5815 1817 5887 μοῦνος

1276 335 1341 392 IN
1374 336 1679 397 CARMINA
1715 343 1997 400 ΑιιοΑΝΑ
2032 346 2089 402 S.
2132 347 2478 406 GREGORII.

3387 368 3497 428 750

1942 457 2153 529 angelis
2198 456 2290 514 Dei
2335 462 2533 518 melius
2578 464 2754 520 adhuc
2781 473 2886 530 erit
2913 469 3032 535 tibi,
3053 470 3188 530 acin
3224 472 3503 534 beatorum

1939 551 2294 607 tabernacula
2332 555 2523 624 requie
2561 555 2834 613 fruiturus
2869 561 3148 621 avolabis.
3189 574 3241 622 et
3290 584 3508 637 pet-mo.-

1940 641 2085 695 nenti
2105 642 2400 713 stabilique
2421 647 2728 704 aaternitate
2742 665 2865 704 cum
2889 651 3023 721 ipsis
3054 652 3107 706 in
3126 650 3510 727 Spiritu,vives

1939 731 1995 785 in
2042 730 2264 786 Christo
2306 732 2459 798 Jesu,
2498 737 2586 790 cui
2616 738 2788 809 gloria
2828 740 2881 794 in
2924 745 3124 799 saecula
3157 750 3506 804 saeculorum.

1937 824 2135 878 Amen.
2168 822 2243 879 De
2272 825 2454 879 anima
2486 826 2724 883 humana
2759 848 2939 888 sermo
2966 834 3019 889 9.

1938 930 2741 1021 Comnteutarius'flrconarum
2773 946 2951 1021 magni
2987 946 3222 1021 Gregorii
3263 949 3508 1021 Tlteologi

2008 1005 2303 1078 carminum
2360 1006 2734 1076 distichorum,
2786 1005 3361 1075 de'naturaﬂltumaua
3398 1005 3507 1078 se;-

2001 1089 2085 1127 mo
2122 1075 2202 1130 I0.

2010 1184 2081 1239 10
2105 1183 2503 1259 Philosophans
2529 1193 2969 1261 sapientissimus
2989 1200 3288 1255 secundum
3310 1202 3503 1270 Deum,

1929 1287 1995 1331 de
2014 1278 2247 1334 humana
2268 1282 2488 1348 virtute,
2504 1299 2625 1354 qua!
2644 1288 3023 1344 universorum
3039 1293 3248 1348 doctrix
3264 1295 3504 1364 perfecta

1930 1368 2079 1423 dedit
2113 1372 2377 1442 sapientia
2399 1414 2413 1437 ,
2450 1374 2539 1427 illa
2585 1391 2679 1444 per
2721 1379 2807 1432 hic
2853 1384 3127 1451 proposita
3161 1387 3403 1440 carmina
3434 1387 3505 1443 de

1930 1470 2126 1516 natura
2148 1464 2429 1518 hominum
2459 1469 2747 1522 reassumit
2765 1478 2929 1540 atque
2949 1478 3353 1544 corruptionem
3381 1478 3503 1548 ejus

1930 1562 1985 1606 et
2013 1552 2275 1609 vilitatem
2302 1562 2357 1609 et
2391 1556 2747 1614 mobilitatem
2777 1561 3011 1620 irridens
3045 1566 3127 1620 sic
3155 1566 3398 1637 loquitur
3430 1588 3446 1626 :

1928 1725 1951 1778 I
2048 1723 2175 1781 Heri
2204 1727 2331 1780 meis
2361 1733 2611 1785 (erumnis
2633 1735 2917 1802 conlectus,
2948 1744 3055 1790 etc.

2001 1816 2127 1872 Heri
2158 1827 2214 1873 et
2247 1820 2449 1875 nudius
2473 1824 2690 1890 tertius,
2726 1828 2801 1881 ait
2832 1828 3052 1884 divinus
3085 1827 3374 1902 interpres,
3405 1849 3504 1891 an-

1925 1911 2152 1981 goribus
2182 1913 2378 1967 anima:
2407 1916 2704 1973 comitibus
2724 1954 2740 1980 ,
2763 1920 3003 1975 miseriis
3026 1910 3188 1993 atque
3219 1925 3506 1987 doloribus

1928 2003 2260 2072 implicatus,
2286 2005 2354 2060 ab
2377 2006 2631 2064 omnibus
2651 2008 2966 2077 derelictus,
2989 2016 3250 2071 umbroso
3281 2017 3334 2071 in
3367 2035 3506 2089 quo-

1922 2092 2045 2147 dam
2082 2110 2303 2151 uemore
2333 2096 2602 2166 jacebam,
2639 2102 2834 2156 mentis
2862 2118 3098 2161 maerore
3131 2107 3419 2166 confectus
3449 2121 3505 2166 et

1923 2191 2265 2254 prostratus:
2307 2188 2486 2258 placet
2523 2191 2666 2245 enim
2702 2207 2918 2263 semper
2950 2197 3080 2251 mihi
3114 2201 3272 2269 quasi
3323 2219 3504 2258 rente-

1921 2276 2070 2331 ditnn
2098 2292 2323 2345 sanans,
2340 2294 2463 2335 cum
2485 2280 2621 2334 dura
2649 2297 2866 2352 pascor,
2890 2286 3099 2357 placide
3125 2308 3333 2347 mecum
3364 2309 3504 2350 con-

1921 2367 2151 2420 versari.
2172 2372 2333 2423 Aurae
2362 2369 2506 2425 leves
2531 2371 2677 2426 dulci
2711 2387 2943 2430 susurro
2966 2393 3063 2446 per
3090 2394 3213 2435 aera
3242 2399 3350 2437 una
3374 2401 3499 2439 cum

1922 2454 2378 2513 modulatricibus
2396 2459 2591 2514 avibus
2603 2463 2907 2519 cantilenas
2919 2468 3217 2523 coucinunt
3245 2472 3501 2539 pulchras

1921 2555 1974 2600 et
2007 2562 2252 2602 alumnas
2278 2551 2512 2605 summis
2533 2550 2586 2604 in
2615 2552 2806 2618 ramis;
2838 2554 2966 2609 inde
2985 2558 3117 2610 mihi
3142 2561 3500 2629 cogitationes

1922 2640 2118 2693 anima:
2187 2641 2464 2695 exhalauti
2519 2641 2825 2711 jucundum
2872 2646 3200 2719 mollemque
3241 2666 3499 2720 procrea-

1921 2731 2054 2786 bant
2095 2746 2371 2787 somnum.
2428 2732 2529 2788 Hic
2572 2749 2723 2805 ergo,
2781 2736 2978 2807 inquit,
3025 2748 3081 2793 et
3126 2741 3262 2797 solis
3310 2745 3500 2801 amica)

1921 2822 2126 2878 cicadze
2151 2838 2418 2878 canorum
2455 2834 2788 2896 acutumque
2811 2829 2983 2883 melos
3016 2846 3044 2883 a
3082 2841 3303 2900 pectore
3335 2838 3498 2890 emit-

1921 2923 2102 2970 tentes
2149 2917 2427 2972 resonanti
2475 2926 2649 2972 totum
2694 2920 2875 2974 lucum
2919 2921 3065 2976 hunc
3093 2939 3227 2980 voce
3257 2935 3500 2997 comple-

1920 3008 2081 3072 bant;
2107 3007 2351 3077 jucunde
2375 3024 2473 3079 per
2497 3017 2669 3063 totum
2702 3010 2884 3066 lucum
2908 3012 3116 3070 elfusus
3147 3013 3378 3082 frigidus
3407 3032 3498 3073 ros

1920 3098 2087 3169 pedes
2134 3115 2285 3155 meos
2331 3099 2754 3168 madefaciebat,
2788 3112 2842 3157 et
2887 3105 2943 3158 in
3004 3119 3093 3159 me
3140 3106 3498 3165 nihilominus

1921 3192 2102 3246 anima
2137 3193 2287 3246 nullo
2325 3193 2520 3247 solatio
2560 3194 2869 3263 levabatur,
2906 3197 3001 3267 qui
3047 3205 3339 3269 antequam
3388 3200 3497 3256 huc

1923 3285 2162 3339 venirem
2203 3284 2480 3339 mmstitiae
2517 3281 2820 3356 subjectus,
2861 3299 3092 3345 maestus
3130 3290 3285 3344 valde
3312 3301 3367 3347 et
3407 3291 3499 3348 hic

1915 3375 2285 3430 remanebant.
2339 3374 2485 3429 Nihil
2535 3375 2599 3429 ad
2652 3394 2739 3432 me
2783 3379 2850 3433 de
2903 3383 3322 3438 susurrantibus
3370 3400 3496 3443 uuae

1917 3463 2212 3517 mulcentia
2236 3464 2584 3531 videbantur;
2615 3483 2769 3522 meus
2791 3469 2994 3539 quippe
3026 3472 3286 3532 liomiuis,
3310 3474 3496 3527 multis

1914 3561 1970 3609 et
1998 3556 2209 3611 acerbis
2241 3557 2497 3613 laborans
2531 3560 2952 3627 egritudinibus
2981 3562 3260 3628 solatium,
3283 3564 3494 3618 nullum

1916 3641 2173 3709 admittit,
2202 3660 2302 3698 nec
2346 3647 2473 3701 ullis
2506 3647 2925 3702 oblectamentis
2955 3650 3267 3704 continetur
3304 3650 3496 3704 huma-

1916 3730 2041 3786 nis:
2071 3732 2239 3785 auimi
2262 3735 2504 3788 motibus
2524 3746 2579 3789 et
2605 3736 3034 3805 cegitationibus
3076 3739 3219 3791 inter
3268 3754 3327 3792 se
3357 3740 3496 3794 relu-

1917 3823 2193 3877 ctantibus
2222 3823 2390 3878 corde
2416 3825 2716 3890 volutatus,
2752 3825 3073 3883 recollectos
3105 3828 3413 3883 manebam.

1919 4107 1985 4164 17
2019 4108 2152 4176 Quis
2191 4108 2415 4178 fuerim,
2457 4110 2574 4181 quis
2612 4111 2749 4175 sim,
2799 4110 2927 4183 quid
2965 4111 3180 4182 futurus
3212 4113 3347 4176 sim,
3387 4128 3491 4167 που

2808 4204 2977 4277 [clare
2998 4205 3278 4274 perspicio,
3309 4211 3417 4258 etc.

1987 4293 2123 4361 Quis
2150 4293 2329 4352 factus
2357 4311 2501 4363 sum,
2527 4296 2728 4367 inquit,
2748 4319 2776 4357 ει
2795 4312 2902 4352 non
2919 4313 3041 4353 esse
3065 4298 3119 4351 iu
3151 4312 3274 4351 esse
3308 4304 3493 4350 trans-

1918 4388 2075 4443 iens?
2098 4387 2235 4454 Quis
2255 4397 2309 4444 et
2336 4405 2483 4444 nunc
2522 4405 2666 4455 sum,
2699 4391 2789 4461 qui
2814 4399 2976 4446 natus
3011 4390 3180 4447 fuisse
3207 4391 3401 4445 dicor?
3428 4391 3493 4445 Et

1919 4489 2045 4553 post
2073 4482 2188 4537 lucc
2218 4498 2395 4539 vanus
2420 4483 2550 4555 quid
2576 4483 2741 4539 tiam?
2769 4482 3029 4540 Namnec
3053 4485 3170 4555 ipse
3193 4483 3337 4538 clare
3364 4482 3489 4537 novi

1920 4591 2042 4647 qua:
2069 4576 2122 4631 in
2161 4576 2434 4648 principio
2478 4578 2565 4632 via
2623 4578 2689 4631 ad
2726 4578 2891 4632 vitam
2920 4619 2935 4643 ,
2978 4592 3163 4649 quaeve
3200 4576 3327 4631 inde
3363 4590 3495 4630 cur-

1915 4683 2044 4723 rens
2078 4683 2319 4739 praeceps
2360 4684 2533 4739 usque
2566 4669 2633 4724 ad
2683 4669 2841 4724 tinem
2894 4670 3017 4732 via;
3052 4669 3263 4724 solutus
3294 4668 3491 4723 deinde

1913 4760 2045 4829 quid
2076 4761 2222 4825 tiam,
2246 4761 2368 4816 dic:
2401 4778 2525 4816 nam
2550 4777 2650 4817 nec
2675 4763 2793 4832 ipse
2820 4771 3075 4817 accmute
3104 4764 3239 4825 scio,
3262 4761 3355 4817 sed
3387 4776 3491 4816 nec

1914 4852 2019 4908 iste
2051 4853 2144 4923 qui
2176 4854 2476 4924 sapientior
2508 4868 2670 4921 quam
2706 4868 2807 4923 ego
2849 4854 3114 4925 gloriatur
3140 4869 3281 4910 esse.
3329 4852 3489 4908 luvoo

1919 4943 2074 4998 lucro
2123 4945 2375 5013 corporis
2421 4953 2474 4997 et
2525 4943 2904 5012 imprudentiae
2931 4944 3086 5015 quasi
3132 4945 3298 4999 densa
3344 4945 3490 4999 nube

1923 5049 2080 5089 meus
2113 5048 2234 5088 mea
2272 5034 2666 5088 obtenehratur
2711 5043 2765 5090 et
2800 5037 2880 5090 sic
2920 5052 3065 5102 erro,
3105 5037 3492 5108 iustpientibus

1918 5126 2157 5196 jactatus
2195 5126 2628 5198 cogitationibus
2667 5136 2721 5201 et
2758 5128 2894 5181 nihil
2939 5128 3154 5184 ﬁrmum
3195 5132 3248 5185 in
3290 5131 3491 5185 intelli-

1927 5336 2290 5395 usurparunt,
2329 5343 2499 5395 quare
2542 5342 2650 5382 non
2684 5330 2832 5383 omni
2863 5346 2927 5385 ex
2963 5342 3115 5395 parte
3144 5344 3327 5386 verum
3365 5344 3488 5385 esse

1926 5407 2087 5473 puto,
2120 5398 2641 5473 quorlﬁi’eruickius
2673 5401 2813 5473 dixit
2839 5402 2904 5473 ad
2942 5398 3240 5473 Tryphiod.
3281 5416 3330 5473 v.

1922 5466 2187 5538 Caeterum
2224 5469 2290 5522 ad
2338 5471 2484 5524 hunc
2516 5472 2726 5531 locum,
2763 5471 2815 5523 ni
2860 5466 3069 5524 fallur'.‘
3101 5472 3338 5538 respexit
3374 5468 3488 5523 Mo-

1924 5537 2219 5606 schopolus
2249 5539 2302 5593 in
2333 5540 2556 5595 scholiis
2586 5541 2651 5594 ad
2686 5540 2903 5593 Ilesiod.
2931 5540 2997 5595 0.
3025 5548 3072 5591 et
3099 5539 3161 5593 ι).
3195 5537 3278 5600 Η,
3309 5553 3486 5607 quan-

1924 5623 2088 5678 quam
2120 5607 2415 5678 Gregorius
2439 5610 2628 5665 eadem
2661 5610 2889 5663 fortuttla
2925 5610 3094 5662 utitur
3123 5610 3284 5663 etiam
3308 5624 3482 5678 rarm.

1920 5675 2126 5748 ξρετε.
2150 5675 2288 5746 266;
2329 5679 2421 5747 ιν,
2456 5680 2546 5734 Hi
2574 5697 2589 5748 ;
2616 5678 2775 5741 XLV,
2808 5680 2911 5745 29.;
2940 5678 2979 5732 L
3002 5718 3017 5736 .
3048 5680 3187 5746 205;
3236 5677 3370 5739 LIV,
3411 5678 3486 5742 ’ἵε

1916 5746 2075 5870 13211,
2106 5749 2155 5806 'l.
2185 5749 2284 5807 Ed.
2320 5746 2427 5810 nov
2489 5746 2583 5823 pp'
2612 5749 2756 5821 675,
2782 5750 2921 5818 359,
2957 5749 3063 5806 279
3089 5790 3102 5816 ,
3141 5751 3307 5816 1057,
3335 5747 3484 5813 295a

2019 5819 2072 5870 5.

1916 5819 2072 5878 1075.
