4056 6238
561 348 660 401 ’151

557 464 741 536 gentia
777 475 1034 522 accurate
1067 469 1348 524 meditanti
1395 488 1514 526 mea
1551 483 1633 528 est
1671 491 1773 530 nec
1814 476 1869 530 in
1905 477 2131 532 somniis

560 557 728 618 lueis,
764 557 832 609 de
876 557 959 612 his
990 575 1105 628 qua:
1161 577 1320 616 nosse
1363 565 1565 633 cupio:
1603 581 1727 620 nam
1766 566 1932 622 Deum
1968 583 2132 622 nosse

558 648 716 714 cupio
742 657 789 701 et
822 664 927 702 non
953 659 1035 703 est
1061 653 1152 720 qui
1179 652 1345 708 Deum
1375 660 1821 726 comprehendat.
1846 659 1998 715 Dixi:
2034 661 2135 714 Sa-

559 740 715 808 piens
739 741 967 805 et‘liciar,
1009 753 1063 797 et
1115 746 1382 815 sapientia
1434 750 1650 822 longius
1685 754 1916 809 recessit
1965 769 1994 807 a
2043 769 2132 808 me

559 834 730 884 multo
777 835 947 904 nmgis
978 852 1141 904 quam
1176 847 1316 903 erat,
1357 849 1410 896 et
1450 859 1641 899 omnes
1676 845 1768 900 isti
1803 847 2132 917 contempti-

558 924 693 978 biles
723 917 776 978 et
808 943 1024 997 semper
1039 937 1283 986 errantes
1302 934 1484 997 corde,
1510 937 1710 1006 quibus
1739 953 1942 994 crassae
1972 940 2130 995 istius

556 1018 740 1071 carnis
784 1020 1068 1076 tenebrosa
1117 1025 1289 1078 ofﬁcit
1333 1027 1530 1082 nebula
1575 1028 1928 1099 interjacens.
1975 1049 1994 1081 ι
2036 1029 2130 1085 Ille

555 1123 684 1161 vero
710 1125 794 1163 me
821 1119 927 1172 est,
953 1131 969 1162 ι
997 1121 1050 1166 et
1075 1129 1191 1183 seq.
1219 1117 1351 1185 Ego,
1380 1118 1576 1188 inquit,
1605 1119 1807 1190 optime
1833 1121 1957 1174 novi
1981 1121 2128 1190 quod

551 1213 656 1250 nec
705 1201 911 1254 entium
950 1219 1049 1257 nec
1087 1211 1432 1262 nascentium
1484 1214 1763 1265 notionem
1812 1220 2124 1266 accuratam

549 1473 858 1545 tionquem
907 1481 1080 1550 magis
1111 1499 1273 1551 quam
1315 1485 1450 1539 alios
1504 1487 1698 1542 anima:
1731 1489 1932 1559 decipit
1981 1506 2128 1544 men-

553 1563 793 1629 dacium,
831 1570 976 1637 quod
1011 1580 1097 1626 est
1129 1574 1316 1642 opinio
1356 1577 1572 1642 mentis,
1608 1585 1811 1635 temere
1839 1591 1894 1633 et
1929 1581 2122 1635 incon-

549 1655 788 1713 siderate
835 1662 1090 1719 emittens
1138 1665 1342 1721 ﬁuvum
1397 1670 1620 1724 verbum
1676 1689 1784 1742 quo
1837 1689 1960 1742 qua:
2021 1690 2122 1729 nec

548 1749 684 1802 vidit
720 1767 817 1806 nec
871 1757 1022 1810 novit
1073 1761 1271 1815 asserit
1313 1762 1497 1818 homo.
1537 1764 1600 1818 Et
1635 1766 1715 1821 sic
1757 1768 2070 1823 considerat
2103 1786 2116 1821 :

553 1853 576 1892 ι
614 1839 768 1906 Sum,
802 1845 890 1900 dic
918 1849 1047 1917 quid
1082 1860 1186 1917 est,
1218 1873 1235 1905 ι
1263 1864 1316 1908 et
1347 1873 1464 1927 seq.
1502 1857 1736 1913 Tantum
1770 1861 1856 1914 hic
1890 1862 2123 1918 intendit

546 1931 708 1988 divus
757 1935 1028 2008 interpres
1077 1948 1397 2014 sapientiam
1445 1947 1790 2006 Ecclesiasta:
1833 1954 2122 2022 explanare

547 2017 779 2076 dicentis
820 2029 1112 2085 vanitatem
1159 2038 1454 2090 vanitatum
1486 2046 1537 2092 et
1565 2017 1980 2110 applicationem
2005 2046 2120 2114 spi-

547 2112 685 2168 ritus
710 2119 926 2187 omnia;
962 2123 1032 2174 ita
1070 2141 1202 2181 sane
1234 2138 1287 2182 et
1324 2128 1538 2184 Davidis
1567 2135 1887 2203 sapientiam
1919 2153 2116 2192 vanum

547 2203 822 2262 hominem
865 2228 1078 2267 omnem
1124 2228 1406 2274 canentem
1449 2239 1572 2275 cum
1623 2227 1927 2281 substantia
1975 2229 2116 2297 ejus,

549 2297 640 2364 qui
674 2314 778 2353 non
809 2302 878 2354 sit
921 2307 1278 2365 mstimandus
1309 2326 1434 2368 ante
1469 2317 1788 2384 plasmantis
1829 2334 1952 2374 eum
1981 2337 2117 2376 con-

547 2403 809 2458 spectuin.
842 2397 1040 2452 Eadem
1078 2401 1275 2458 ﬁducia
1307 2407 1513 2464 audens
1543 2411 1893 2482 philosophat
1921 2423 1973 2468 et
2001 2415 2118 2484 ipse

545 2481 926 2555 interrogans:
967 2490 1109 2547 Dicis
1143 2497 1282 2564 quod
1329 2499 1453 2564 sim,
1497 2502 1681 2570 profer
1715 2512 1767 2556 et
1802 2505 2116 2562 demonstra

546 2576 676 2642 quid
732 2581 804 2632 sit
857 2582 1034 2636 illud?
1077 2586 1210 2642 Nam
1257 2590 1308 2642 in
1346 2593 1520 2648 tribus
1566 2598 1826 2665 temporis
1871 2600 2115 2666 partibus

542 2671 770 2725 omnino
818 2685 1012 2745 cuncta
1066 2681 1340 2748 videntur,
1391 2683 1445 2738 in
1496 2689 1750 2754 praesenti
1799 2705 2012 2760 nempe,
2060 2692 2114 2745 in

542 2755 733 2817 futuro
762 2776 814 2819 et
839 2768 890 2820 in
923 2773 1219 2838 praeterito;
1253 2775 1346 2829 sed
1377 2780 1704 2846 praeteritum
1731 2781 1842 2850 jam
1873 2755 1977 2836 non
2007 2791 2112 2844 est,

538 2853 740 2922 quippe
771 2859 915 2926 quod
970 2867 1303 2932 prmterivit;
1352 2868 1594 2924 futurum
1631 2888 1738 2926 non
1779 2876 2026 2941 exsistit;
2061 2886 2115 2930 et

538 2946 717 3009 quoad
766 2964 1027 3015 praesens,
1063 2954 1411 3022 cogitationis
1463 2967 1676 3030 tempus
1722 2971 1892 3017 estet
1934 2967 2113 3020 subito

539 3035 771 3106 aufugit,
797 3049 1085 3110 antequam
1115 3061 1265 3100 mens
1283 3052 1636 3120 contemplari
1658 3054 1906 3120 valuerit,
1934 3057 2110 3126 ipsum

538 3129 706 3181 verbo
753 3132 999 3198 rapidius
1031 3135 1288 3192 avolavit.
1329 3139 1480 3194 Sicut
1529 3152 1741 3214 tempus
1783 3146 1981 3216 ipsum,
2032 3152 2112 3205 sic

539 3226 642 3280 ego
677 3215 760 3268 cui
797 3232 918 3273 sors
949 3236 1053 3274 una
1079 3222 1314 3291 adigitur
1340 3242 1461 3282 cum
1492 3239 1754 3303 tempore.
1787 3215 1930 3291 idem
1965 3240 2109 3293 enim

540 3301 678 3356 ordo
703 3308 982 3374 temporis,
1013 3320 1064 3364 et
1086 3327 1274 3367 eorum
1297 3333 1417 3384 (μισ)
1444 3317 1496 3372 ἱη
1524 3301 1767 3390 tempore
1799 3335 2104 3394 versantur;

538 3393 660 3462 ipso
689 3411 968 3464 currente,
1001 3403 1189 3456 eodem
1228 3422 1394 3467 cursu
1429 3411 1799 3469 involvuntur.
1844 3415 1932 3471 Sic
1957 3419 2106 3474 aliud

539 3487 872 3544 exsistentize
905 3508 1035 3546 mea?
1055 3511 1178 3548 cum
1210 3507 1450 3566 tempore
1473 3507 1690 3558 evanuit
1711 3514 1764 3560 et
1795 3508 1942 3561 aliud
1962 3525 2108 3563 nunc

538 3578 815 3643 possidere
846 3582 1101 3649 arbitror,
1133 3586 1228 3640 sed
1251 3588 1396 3644 aliud
1429 3599 1587 3648 etme
1618 3593 1930 3651 habiturum
1958 3599 2106 3654 arbi-

535 3677 713 3728 tratus
763 3673 872 3739 l'ui,
927 3677 972 3732 si
1025 3688 1205 3734 tamen
1253 3685 1525 3742 exsistens
1566 3691 1928 3758 permanebo;
1977 3709 2102 3748 nam

535 3765 668 3816 mihi
712 3767 842 3820 nihil
875 3778 1105 3836 certum,
1141 3773 1274 3828 nihil
1303 3778 1516 3843 stabile,
1553 3781 1689 3836 nihil
1718 3800 1964 3850 manens,
2008 3804 2107 3843 nec

536 3855 789 3913 similiter
810 3871 994 3917 certus
1026 3880 1144 3919 sum
1176 3867 1290 3922 fore
1322 3879 1380 3923 ut
1409 3873 1599 3928 oculos
1640 3875 1880 3944 injiciam
1911 3878 1964 3932 in
1995 3896 2105 3935 non

534 3944 690 3999 ﬁrma
726 3965 827 4003 nec
880 3961 1052 4009 certa.
1082 3955 1176 4007 sed
1227 3957 1279 4010 in
1326 3968 1586 4027 perpetuo
1631 3970 1684 4016 et
1734 3964 2107 4019 indesinenter

531 4039 773 4094 volutata
816 4043 972 4112 quasi
1024 4043 1248 4101 ﬁumine
1293 4049 1511 4104 turbido
1563 4059 1618 4106 et
1663 4053 1730 4109 ad
1785 4067 2103 4125 perpetuum

529 4130 800 4187 elﬂuvium
829 4133 1116 4191 destinata.

529 4399 599 4456 29
640 4401 778 4467 Quid
811 4423 889 4460 me
916 4407 1102 4463 horum
1133 4428 1242 4465 esse
1269 4413 1450 4469 dices?
1480 4426 1586 4471 etc.

605 4495 799 4552 [)icens
837 4503 1086 4570 praasenti
1141 4507 1400 4575 temporis
1441 4510 1580 4578 parti
1630 4521 1684 4566 et
1727 4516 2012 4582 praeteritie
2050 4527 2105 4573 et

529 4584 726 4641 futura:
763 4601 1075 4645 consortem
1114 4594 1351 4652 hominis
1390 4609 1638 4654 naturam
1670 4605 1825 4672 quasi
1857 4607 2101 4661 eamdem

527 4695 647 4732 cum
700 4689 939 4751 tempore
989 4685 1296 4752 habentem,
1344 4701 1572 4760 utraque
1609 4696 1869 4748 continuo
1912 4696 2094 4761 efﬂua,

530 4773 668 4839 Quid
712 4777 907 4844 inquit,
940 4776 1132 4829 horum
1165 4780 1329 4832 trium
1362 4797 1482 4834 esse
1514 4799 1597 4837 tne
1619 4784 1756 4839 dicis
1790 4790 2012 4842 natum?
2035 4790 2099 4843 Et

526 4875 673 4919 certe
693 4869 911 4922 transiit
940 4871 1081 4939 quod
1107 4880 1266 4926 natus
1293 4872 1416 4928 sint.
1448 4871 1552 4928 Sed
1574 4874 1813 4930 futuruln
1835 4879 1858 4931 ?
1880 4889 1932 4933 et
1965 4880 2095 4935 illud

527 4956 674 5007 nullo
719 4959 878 5010 modo
927 4969 1029 5014 est.
1072 4961 1178 5014 Sed
1229 4976 1372 5015 IlllllC
1417 4965 1812 5020 exsistentem?
1847 4967 1950 5023 Sed
1997 4987 2096 5026 nec

525 5045 655 5098 illud
707 5056 821 5114 est,
883 5052 1130 5114 spiritum
1188 5054 1372 5122 prmit.
1425 5062 1483 5108 ut
1516 5057 1719 5111 dictum
1764 5066 1878 5122 est,
1925 5061 2097 5130 ipsius

523 5134 747 5188 cfﬁuum
783 5147 836 5190 et
871 5144 1268 5197 transitorium.
1318 5144 1474 5200 Dices
1511 5162 1675 5216 ergo,
1713 5146 1809 5204 His
1843 5151 2100 5207 deﬁcien-

525 5227 674 5283 tibus
704 5231 833 5298 quid
870 5231 1083 5285 tandem
1115 5237 1280 5289 sum?
1327 5236 1404 5290 Tu
1452 5239 1586 5294 doce
1621 5257 1734 5305 me,
1775 5243 1818 5295 si
1846 5244 1897 5296 in
1929 5251 1980 5298 tc
2012 5261 2100 5300 sa-

524 5319 740 5390 pientia:
769 5337 949 5376 sermo
971 5324 1062 5385 sit.
1110 5336 1201 5378 aut
1239 5329 1524 5384 docentem
1569 5333 1693 5386 audi
1731 5350 1927 5387 vanum
1976 5351 2098 5391 esse

524 5429 742 5468 omnem
779 5415 1053 5470 hominem
1085 5424 1139 5470 et
1187 5419 1320 5472 nihil
1367 5422 1546 5476 ultra:
1591 5435 1644 5478 ct
1689 5441 1834 5480 nunc
1877 5443 1961 5480 me
2002 5428 2093 5496 qui

525 5504 641 5560 haec
671 5509 925 5576 profero,
964 5512 1210 5580 sequaris
1252 5513 1363 5568 illic
1410 5531 1670 5582 manens;
1703 5517 1825 5573 vide
1873 5535 1939 5573 ne
1979 5535 2007 5572 a
2045 5529 2097 5574 te

529 5595 758 5653 latenter
790 5603 892 5657 sub
923 5603 1182 5672 temporis
1216 5613 1416 5672 puncto
1445 5608 1714 5660 recedam.
1745 5598 2098 5664 Abundanter
2158 5621 2162 5624 '

526 5686 624 5744 tibi
657 5705 960 5748 sermonem
989 5693 1238 5763 probabit
1266 5694 1502 5750 ﬂuminis
1528 5698 1871 5768 exemplum:
1909 5716 2098 5770 quem-

603 5845 716 5912 (65)
747 5849 1165 5918 Σοφίιιν,εἷ;τα,
1200 5866 1250 5904 v.
1283 5850 1459 5908 Ecclc.
1485 5869 1578 5920 vn,
1599 5855 1688 5910 Ἡ.

1915 356 2214 415 NICETAS
2238 360 2440 416 DAVID

3709 361 3813 418 732

2239 481 2418 543 ταίαις
2442 482 2868 553 περιφερόμενος
2895 481 3124 544 ἐννοίαις
3151 520 3164 541 .
3199 479 3292 534 καὶ
3324 477 3476 532 οὐδὲν
3514 477 3730 548 βέϐαιον
3755 482 3812 534 ἂν

2237 572 2455 641 ἀκριϐεῖ
2498 572 2634 642 ἔχων
2659 573 2960 644 καταλήψει
2993 574 3098 626 οὐδ’
3142 575 3198 625 ὲν
3234 572 3461 642 ὀνείρῳ,
3499 566 3572 624 ὧν
3612 571 3809 624 εἰδέναι

2236 664 2404 718 ποθῶ.
2452 665 2605 717 Ποθῶ
2642 666 2750 736 γὰρ
2779 667 2908 718 Θεὸν
2937 665 3156 733 γνῶναι,
3205 664 3297 718 καὶ
3345 663 3506 716 αὑτὸν
3553 665 3654 717 οὐκ
3693 663 3810 717 ἔστι

2234 755 2558 810 καταλαϐεῖν
2584 773 2597 786 ·
2632 757 2822 826 σοφίαν
2857 756 2967 825 (45)
2997 795 3010 816 ,
3043 752 3173 808 εἶπα
3200 795 3213 818 ,
3244 754 3640 824 σοφισθήσομαι
3669 795 3683 818 ,
3715 753 3811 806 καὶ

2231 847 2367 918 αύτὴ
2406 847 2721 919 ὲμακρύνθη
2768 848 2862 899 ἀπ’
2907 846 3037 917 ἐμοῦ
3075 846 3290 917 μακρὰν
3312 845 3452 916 ὑπὲρ
3483 846 3510 898 ὃ
3548 841 3616 916 ἦν
3655 845 3805 916 (Li)-

2231 940 2324 991 καὶ
2351 939 2551 1003 πάντες
2576 932 2718 992 οὗτοι
2742 942 2984 992 ταπεινοὶ
3007 940 3097 992 καὶ
3121 940 3206 992 ἀεὶ
3231 938 3567 1008 πλανώμενοι
3584 937 3805 1008 καρδία,

2229 1024 2365 1100 οἷςή
2397 1033 2494 1102 τῆς
2526 1032 2758 1102 παχείας
2793 1030 2995 1100 ταύτης
3043 1031 3244 1102 σαρκὸς
3288 1029 3535 1101 σκοτεινὴ
3580 1030 3809 1101 ἐπικρε-

2231 1122 2454 1192 ματαιῆ
2489 1122 2755 1175 ἐπίκειται
2787 1121 2968 1192 ἀχλύς.

2337 1213 2542 1278 Κεῒνος
2566 1213 2616 1266 δ’
2639 1213 2810 1266 ἐστὶν
2833 1213 3012 1282 ἐμεῖο,
3040 1230 3094 1266 κ.
3122 1231 3173 1268 τ.
3207 1213 3285 1279 ἐξ.

2308 1301 2444 1372 Ἐγὼ
2475 1303 2594 1373 μὲν,
2623 1305 2805 1374 φησὶν,
2833 1301 2950 1356 οἶδα
2979 1302 3184 1370 σαφῶς,
3215 1303 3291 1366 ὡς
3321 1302 3475 1356 οὐδὲν
3500 1303 3610 1354 τῶν
3635 1303 3807 1356 ὄντων

2224 1393 2257 1461 ἢ
2281 1395 2583 1466 γενομένων
2619 1395 2861 1466 ἀκριϐῶς
2884 1435 2897 1458 ,
2936 1396 3056 1448 καθ’
3084 1396 3112 1448 ὃ
3142 1396 3222 1448 δεῖ
3253 1394 3477 1463 γνῶναι,
3519 1389 3637 1446 οἶδα
3661 1410 3674 1421 ·
3711 1392 3806 1445 καὶ

2221 1485 2378 1538 τοῦτο
2402 1488 2434 1557 ἡ
2459 1485 2564 1556 ἐμὴ
2592 1486 2750 1555 σοφία
2770 1524 2784 1548 ,
2815 1486 2875 1538 τὸ
2900 1486 3094 1538 εἰδέναι
3123 1487 3198 1547 ὡς
3245 1486 3345 1538 οὐκ
3371 1484 3516 1536 ἔστιν
3545 1483 3805 1551 ἀσφαλῶς

2224 1577 2418 1630 εἰδέναι
2457 1577 2606 1630 οὐδέν
2631 1594 2646 1610 ο
2690 1577 2826 1649 ἐμοῦ
2861 1578 2918 1630 δὲ
2976 1577 3282 1648 σοφώτερος
3323 1578 3460 1639 πᾶς,
3494 1575 3553 1628 ὃν
3602 1575 3807 1645 μᾶλλον

2221 1671 2329 1724 τῶν
2357 1671 2528 1725 ἄλλων
2554 1671 2614 1724 τὸ
2640 1673 2736 1741 τῆς
2762 1668 2926 1723 αὐτοῦ
2955 1669 3131 1739 ψυχῆς
3161 1669 3348 1738 ἀπατᾷ
3376 1667 3568 1736 ψεῦδος
3587 1709 3600 1730 ,
3629 1668 3657 1719 ὅ
3686 1670 3805 1719 ἐστι

2221 1759 2339 1822 νοὸς
2364 1760 2536 1830 οἴησις
2560 1760 2683 1829 εὶκῆ
2709 1777 2768 1812 τε
2803 1761 2896 1812 καὶ
2931 1758 3353 1831 ἀπερισκέπτως
3383 1757 3804 1827 ἀπερευγομένη

2226 1849 2504 1922 λογύδρια,
2542 1851 2578 1905 ἃ
2620 1853 2716 1904 οὐκ
2755 1847 2892 1904 οἶδεν
2938 1852 3032 1903 καὶ
3066 1850 3102 1904 ὃ.
3146 1851 3245 1902 οὐκ
3291 1850 3578 1901 ἐπίσταται
3621 1848 3802 1901 διαϐε-

2227 1943 2539 2014 ϐαιουμένη.
2577 1945 2780 1997 Σκοπεῖ
2806 1944 2862 1996 δὲ
2892 1942 3084 2011 οὕτως·

2331 2034 2483 2103 Εἱμὶ.
2526 2033 2706 2102 Φράζε
2735 2035 2790 2086 τί
2812 2034 3006 2097 τοῦτο,
3032 2051 3085 2085 κ.
3114 2051 3166 2087 τ.
3205 2033 3279 2099 ἐξ.

2297 2125 2458 2190 Ὀλος
2509 2126 2757 2180 ἐνταυθοῖ
2795 2124 2868 2195 τῷ
2894 2125 3140 2197 θεηγόρῳ
3173 2125 3372 2187 σκοπὸς
3411 2123 3508 2195 τὴν
3546 2124 3647 2177 τοῦ
3682 2125 3793 2176 Ἐκ-

2222 2217 2548 2289 κλησιαστοῦ
2580 2219 2772 2288 σοφίαν
2807 2218 3134 2288 σαφηνίσαι,
3185 2217 3518 2287 ματαιότητα
3551 2216 3798 2285 λέγοντος

2223 2312 2597 2382 ματαιοτήτων
2627 2313 2721 2364 καὶ
2756 2311 3074 2382 προαίρεσιν
3109 2309 3418 2379 πνεύματος
3465 2309 3536 2362 τά
3586 2311 3799 2363 πάντα·

2217 2403 2306 2453 ναὶ
2352 2402 2414 2474 δὴ
2449 2403 2542 2454 καί
2579 2403 2677 2473 τὴν
2717 2403 2811 2455 τοῦ
2857 2401 3051 2466 Δαϐὶδ,
3096 2401 3271 2470 μάτην
3312 2400 3469 2454 πάντ’
3514 2400 3804 2470 ἄνθρωπον

2218 2489 2354 2548 εἶναι
2409 2493 2801 2565 μελῳδοῦντος,
2843 2495 2936 2549 καὶ
2975 2497 3074 2565 τὴν
3111 2494 3407 2547 ὑπόστασιν
3448 2494 3614 2546 αὐτοῦ
3667 2494 3806 2546 ὡσεὶ

2216 2587 2365 2639 οὐδὲν
2399 2586 2734 2658 καθορᾶσθαι
2761 2590 2818 2640 ἐν
2858 2587 3134 2658 προσώπῳ
3158 2586 3249 2640 τοῦ
3280 2587 3582 2650 πλάσαντος
3614 2587 3798 2640 αὐτόν.

2229 2677 2544 2749 ’ίσοδύναμα
2567 2678 2777 2742 τούτοις
2801 2678 3103 2748 φιλοσοφῶν
3129 2678 3456 2731 πυνθάνεται
3482 2678 3574 2732 καὶ
3600 2672 3758 2742 οὗτος
3783 2693 3799 2707 ⁸

2214 2771 2410 2839 Λέγεις
2436 2771 2518 2822 ὃτι
2545 2770 2658 2840 εἶμί
2683 2786 2696 2802 ο
2733 2770 2966 2841 πρόσθες
2992 2769 3085 2823 καὶ
3120 2771 3171 2822 τί
3206 2770 3363 2822 τοῦτο
3399 2768 3450 2823 εἶ
3479 2771 3801 2838 φάναι.Καὶ

2214 2866 2322 2938 γὰρ
2348 2867 2402 2918 ὲν
2431 2867 2575 2936 τρισὶ
2603 2866 2790 2937 μέρεσι
2822 2864 3012 2937 χρόνου
3033 2864 3252 2927 πάντως
3278 2865 3344 2917 τὰ
3369 2863 3496 2916 ὄντα
3519 2864 3796 2932 ἐνορᾶται,

2213 2954 2641 3023 ἑνεστῶτιδῆλον
2660 2955 2741 3006 ὅτι
2760 2954 2854 3006 καὶ
2889 2952 3132 3022 μέλλοντι
3152 2952 3246 3004 καὶ
3265 2947 3681 3021 παρεληλυθότι.
3725 2949 3799 3000 Τὸ

2216 3045 2312 3116 μὲν
2350 3042 2442 3098 οὖν
2478 3045 2850 3117 παρεληλυθὸς
2889 3047 2989 3098 οὐκ
3025 3044 3136 3098 ἔστι
3161 3062 3174 3075 ο
3211 3043 3486 3116 παρῆλθεν
3530 3041 3641 3114 γάρ
3673 3058 3686 3070 ·
3737 3041 3799 3094 τὸ

2215 3135 2403 3204 μέλλον
2447 3135 2502 3188 δὲ
2549 3134 2700 3189 ούπω
2744 3136 2973 3208 πάρεστι
3010 3154 3022 3167 ·
3057 3137 3117 3189 τὸ
3159 3134 3388 3197 ἐνεστὼς
3424 3134 3479 3186 δὲ
3514 3134 3573 3185 ού
3603 3133 3800 3199 φθάνω

2209 3229 2397 3296 νοῆσαι
2428 3227 2600 3298 παρὸν
2620 3269 2633 3292 ,
2671 3228 2765 3280 καὶ
2796 3228 3146 3300 παρέδραμεν
3181 3227 3355 3287 εὐθὺς,
3386 3227 3445 3276 ού
3480 3224 3665 3292 φθάνω
3706 3223 3794 3292 τῷ

2210 3314 2283 3385 νῷ
2335 3317 2700 3369 καταλαϐεῖν·
2738 3318 2831 3370 καὶ
2880 3319 3010 3370 αὐτὸ
3069 3319 3254 3370 θᾶττον
3297 3315 3326 3385 ἦ
3371 3314 3526 3380 λόγος
3571 3313 3788 3381 οἴχεται

2211 3407 2477 3461 ἀποπτάν.
2522 3406 2707 3472 Οὕτως
2741 3410 2768 3460 ό
2805 3408 2995 3480 χρόνος
3024 3408 3199 3470 αὐτὸς,
3231 3406 3402 3468 οὕτως
3427 3403 3584 3472 κάγὼ
3606 3443 3622 3466 ,
3650 3397 3698 3471 ᾧ
3728 3405 3799 3458 τὸ

2211 3493 2348 3553 εἶναι
2394 3503 2784 3572 συμπαραρρεῖ
2837 3500 2914 3570 τῷ
2967 3501 3180 3572 χρόνῳ·
3218 3500 3488 3567 συστοιχεῖ
3545 3497 3658 3566 γὰρ
3717 3497 3799 3567 τῷ

2209 3591 2386 3662 χρόνῳ
2414 3591 2480 3645 τὰ
2509 3593 2565 3643 έν
2589 3592 2763 3663 χρόνῳ
2791 3593 2882 3645 καὶ
2907 3595 2971 3663 τῇ
2999 3595 3096 3663 ῤοῇ
3126 3591 3315 3644 τούτου
3359 3590 3649 3643 συνέπεται
3699 3589 3791 3641 καὶ

2207 3685 2273 3753 τῇ
2319 3685 2561 3755 ἁπορῤοῇ
2609 3687 2958 3758 συναπορρεῖ.
3015 3683 3202 3747 Οὕτως
3229 3683 3356 3737 ἄλλο
3387 3683 3484 3754 μὲν
3520 3682 3621 3752 τῆς
3651 3679 3786 3749 ἐμῆς

2210 3774 2495 3844 ὑπάρξεως
2530 3775 2607 3846 τῷ
2633 3776 2808 3847 χρόνῳ
2838 3775 3207 3846 συναπῆλθεν,
3239 3775 3370 3828 ἄλλο
3398 3775 3456 3828 δὲ
3484 3774 3578 3827 νῦν
3607 3775 3790 3842 οἴομαι

2209 3867 2474 3938 ὑπάρχειν
2497 3907 2512 3930 ,
2539 3866 2668 3920 ἄλλο
2691 3866 2734 3919 δ’
2765 3867 2984 3920 ἔσεσθαι
3021 3866 3302 3937 ὑπείληφα
3331 3907 3344 3929 ,
3387 3866 3442 3918 εἴ
3466 3882 3526 3932 γε
3561 3865 3668 3934 ἄρα
3699 3865 3796 3916 καὶ

2209 3956 2620 4026 ἔσομαιοοὺδὲν
2669 3958 2779 4028 γὰρ
2833 3959 3010 4027 ἔγωγε
3065 3957 3303 4027 βέϐαιον,
3358 3957 3509 4009 οὐδὲν
3562 3955 3793 4024 ἀραρὸς,

2205 4049 2326 4101 οὐδὲ
2362 4048 2586 4118 μόνιμον
2615 4089 2632 4114 ,
2663 4049 2783 4102 οὐδὲ
2815 4050 3075 4113 ὡσαύτως
3112 4048 3285 4112 ἑστὼς
3319 4049 3434 4101 ἐστι
3475 4047 3698 4117 θεωρεῖν
3733 4049 3797 4098 ἐν

2205 4141 2282 4211 τῷ
2314 4141 2387 4211 μὴ
2420 4141 2688 4212 ἱδρυμένῳ
2711 4184 2725 4203 ,
2763 4143 2883 4213 μηδ’
2913 4143 3106 4195 έστῶτι
3135 4184 3148 4205 ,
3179 4142 3297 4195 ἀλλ’
3341 4142 3549 4203 άενάως
3581 4141 3676 4193 καὶ
3713 4141 3795 4192 δι-

2202 4233 2416 4303 ηνεκῶς
2443 4233 2518 4296 ὡς
2545 4233 2752 4304 θολερῴ
2795 4234 3026 4304 ποταμῷ
3077 4235 3547 4305 κατεπειγομένῳ,
3593 4235 3690 4286 καὶ
3734 4234 3796 4286 τὸ

2207 4323 2321 4391 ῥεῖν
2354 4322 2592 4394 συνεχῶς
2623 4325 3171 4396 χαρακτηριζομένῳ.

2203 4413 2273 4466 29
2318 4415 2488 4469 Τίπτε
2512 4433 2590 4485 με
2616 4414 2788 4469 τῶνδ’
2819 4415 3002 4484 ἐρέεις
3019 4434 3037 4481 ;
3067 4436 3118 4470 κ.
3141 4434 3192 4470 τ.
3219 4416 3269 4470 λ.

2276 4505 2456 4559 Εἰπὼν
2511 4506 2789 4578 σύστοιχον
2831 4504 2971 4563 εἶναι
3014 4510 3091 4580 τῷ
3136 4510 3394 4566 ἐνεστῶτι
3437 4510 3533 4564 τοῦ
3594 4513 3793 4581 χρόνον

2209 4599 2364 4669 μέρει
2397 4599 2490 4651 καὶ
2519 4599 2596 4670 τῷ
2627 4600 3022 4672 παρεληλυθότι
3053 4604 3148 4656 καὶ
3172 4603 3251 4674 τῷ
3285 4604 3531 4674 μέλλοντι
3568 4605 3669 4673 τὴν
3698 4606 3793 4658 τοῦ

2205 4688 2492 4762 ἀνθρώπου
2538 4690 2738 4759 φύσιν,
2785 4691 2859 4756 ὡς
2905 4693 3170 4763 συμφυῶς
3214 4694 3362 4764 αὑτῷ
3397 4693 3646 4765 ἔχουσαν,
3694 4694 3791 4746 καὶ

2203 4783 2352 4852 αὐτῷ
2379 4782 2622 4853 συνεχῶς
2644 4786 3203 4856 συμπαραρῤέουσαν,
3241 4786 3306 4839 Τί
3335 4803 3403 4856 με
3424 4826 3438 4849 ,
3466 4787 3600 4856 φησὶ
3625 4827 3640 4848 ,
3678 4788 3792 4839 τῶν

2202 4875 2370 4944 τριῶν
2403 4876 2547 4946 ἐρεῖς
2575 4870 2754 4937 εἷναις
2797 4877 2886 4939 Ὠς
2923 4878 3222 4945 γεγονότας
3255 4881 3347 4930 καὶ
3387 4877 3494 4948 μὴν
3535 4879 3791 4949 παρῆλθε

2201 4966 2262 5019 τὸ
2307 4968 2531 5035 γεγονός
2569 4983 2582 4996 ·
2619 4968 2735 5020 ἀλλ’
2781 4968 2855 5032 ὡς
2886 4969 3280 5040 γενησόμενον;
3319 4971 3411 5024 καὶ
3443 4969 3601 5022 τοῦτο
3629 4971 3794 5024 οὔπω

2203 5058 2351 5112 ἔστιν
2381 5075 2394 5088 ⁸
2418 5059 2532 5112 ἀλλ’
2571 5059 2645 5123 ὡς
2685 5059 2780 5113 νῦν
2811 5061 3091 5132 ύπάρχον;
3123 5059 3236 5113 ἀλλ’
3267 5061 3388 5113 οὐδὲ
3423 5061 3583 5113 τοῦτό
3626 5061 3752 5114 ἐστι
3775 5105 3788 5125 ,

2201 5149 2291 5202 νοῦ
2320 5151 2541 5214 θᾶττον,
2594 5152 2670 5214 ὼς
2706 5152 2960 5224 εἴρηται,
3005 5151 3320 5225 παραρρέον
3375 5170 3433 5205 τε
3493 5153 3588 5205 καὶ
3642 5170 3792 5225 παρ-

2200 5242 2402 5295 οδεύον.
2436 5243 2610 5314 Ἐρεῖς
2638 5239 2731 5296 οὖν
2759 5260 2772 5272 ·
2800 5245 2906 5296 Καὶ
2931 5244 2984 5296 τί
3013 5244 3198 5298 λοιπόν
3216 5248 3330 5315 εἰμι
3357 5244 3500 5313 syth;
3533 5246 3605 5298 Σὺ
3635 5246 3791 5300 δίδα-

2201 5335 2310 5399 ξον,
2343 5335 2396 5387 εἴ
2419 5353 2500 5388 σοι
2527 5335 2684 5404 λόγος
2720 5336 2896 5390 ἔνεστι
2921 5337 3109 5406 σοφίας
3133 5355 3147 5368 ·
3168 5339 3203 5409 ἢ
3227 5339 3502 5402 διδάσκου,
3530 5339 3613 5392 ὅτι
3643 5339 3794 5409 πλὴν

2205 5431 2382 5500 μάτην
2421 5431 2528 5493 πᾶς
2570 5431 2858 5500 ἄνθρωπος
2887 5447 2903 5462 ⁸
2941 5433 3033 5485 καὶ
3062 5432 3156 5484 νῦν
3189 5434 3425 5504 πρόσεχέ
3465 5451 3554 5504 μοι
3593 5437 3794 5488 ἐνταυ-

2204 5520 2288 5572 θοῖ
2321 5520 2519 5589 μένων,
2543 5521 2618 5584 ῶς
2649 5522 2958 5593 φθέγγομαι
2988 5525 3161 5578 ταῦτα
3181 5543 3193 5554 ο
3211 5528 3312 5597 ὅρα
3339 5530 3423 5597 μὴ’
3444 5543 3503 5578 σε
3530 5527 3794 5595 διαφύγω

2207 5615 2404 5682 στιγμῇ
2451 5613 2716 5666 διαλαθὼν
2762 5617 2973 5684 χρόνου.
3035 5617 3422 5688 Ἀποχρῶντως
3479 5619 3534 5671 δὲ
3576 5620 3638 5670 τὸ
3688 5619 3790 5673 τοῦ

2209 5703 2449 5773 ποταμοῦ
2487 5721 2568 5757 σοι
2602 5705 2948 5778 παράδειγμα
2978 5708 3310 5762 πιστώσεται
3337 5710 3427 5763 τὸν
3452 5709 3629 5778 λόγον.
3697 5711 3791 5774 ἐις

2287 5863 2396 5936 (Η.)
2430 5863 2589 5931 Cod.,
2615 5865 2775 5937 ὑπὲρ,
2804 5866 2831 5920 ὃ
2860 5860 2926 5937 ἦν
2959 5881 2973 5897 ο
3009 5865 3312 5938 ἄνθρωπον,
3345 5866 3544 5930 πάντες
3579 5878 3704 5923 can.
