4056 6238
237 406 347 461 753

251 536 351 591 gap
392 521 674 592 ἀμήχανον
711 520 803 577 τὸν
843 522 1085 594 ποταμὸν
1131 522 1385 595 περῶντα
1425 522 1506 586 δὶς
1546 518 1623 591 τῷ
1668 517 1816 587 αύτῷ

238 605 398 661 ὕδατι
422 608 515 661 τὸν
549 609 686 662 πόδα
719 608 916 680 βάψαι,
951 609 1121 676 οὕτως
1146 612 1266 665 οὐδὲ
1296 612 1387 666 τὸν
1420 610 1579 666 αὐτὸν
1607 608 1815 681 ἄνθρω-

239 720 364 762 πον,
414 700 474 754 δν
517 702 733 773 πρῶτον
782 701 1064 775 ἑώρακας,
1110 704 1545 777 ἀπαραλλάκτως
1596 701 1817 765 ἐσαῦθις

236 793 358 864 ὕψει
390 793 483 846 τὸν
511 794 695 848 αὐτόν.
748 796 856 849 Kal.
890 797 997 868 γὰρ
1028 795 1105 867 τῷ
1133 796 1209 867 νῷ
1254 796 1353 867 μὲν
1384 797 1444 849 ἐν
1487 794 1814 865 βουλεύμασι

237 886 333 940 καὶ
352 886 680 957 διανοήμασι
704 887 942 957 συνεχῶς
970 888 1462 960 μεταϐαλλόμενος,
1489 882 1578 940 οἷα
1608 886 1816 959 ἄνθρωο

236 992 342 1040 πος
387 976 671 1047 ἀνίδρυτος
714 978 1139 1049 καταθεωρεῖται
1181 979 1239 1031 ὲν
1277 980 1491 1044 αὐτοῖς,
1523 980 1571 1031 εἰ
1607 979 1678 1049 μή
1712 994 1812 1030 που

233 1067 371 1131 Θεὸς
404 1070 432 1121 ό
460 1065 536 1121 ὣν
562 1068 649 1121 ἀεὶ
674 1068 767 1121 καὶ
801 1068 861 1122 τὸ
899 1070 1050 1140 ῥῆμα
1084 1069 1289 1141 Κυρίου
1330 1070 1489 1140 μένον
1528 1071 1587 1123 ἐν
1629 1067 1809 1139 αὐτῷ,

232 1161 297 1213 τὸ
323 1160 498 1223 ἑστὼς
526 1159 906 1213 καταδείκνυσι
935 1161 1031 1213 καὶ
1061 1161 1307 1231 μόνιμον,
1331 1164 1398 1232 τῇ
1427 1161 1570 1232 ψυχῇ
1601 1160 1656 1213 δὲ
1693 1163 1812 1224 ταῖς

230 1266 294 1301 τε
334 1248 547 1314 λαλιαῖς
589 1249 685 1302 καὶ
728 1249 1045 1320 αἰσθήσεσι,
1086 1252 1205 1315 ταῖς
1254 1267 1315 1304 τε
1358 1251 1677 1320 φαντασίαις
1718 1251 1811 1305 καὶ

231 1340 359 1400 ταῖς
402 1337 643 1408 ὀρέξεσιν
678 1338 933 1401 ἀϐέϐαιος
976 1337 1272 1410 καθορᾶται
1315 1339 1409 1392 καὶ
1453 1339 1807 1410 άστήρικτος,

231 1430 419 1499 ἀενάῳ
439 1433 651 1500 κινήσει
668 1429 789 1482 κατ’
813 1427 981 1492 αὑτὰς
1007 1428 1423 1500 διαμειϐόμενος
1443 1446 1457 1460 ’
1493 1428 1571 1501 τῷ
1598 1428 1810 1501 σώματι

228 1520 290 1574 δὲ
334 1519 500 1575 πάλιν
541 1522 662 1585 ταῖς
701 1537 761 1573 τε
810 1520 1140 1592 μεταϐάσεσι
1174 1522 1314 1575 κατὰ
1342 1522 1434 1575 τὸν
1464 1521 1649 1586 τόπον,
1689 1523 1809 1585 ταῖς

230 1629 292 1665 τε
320 1612 599 1665 διαθέσεσι
638 1614 732 1667 καὶ
760 1614 905 1680 ἕξεσι
938 1614 1035 1669 καὶ
1077 1614 1265 1686 χρόαις
1303 1613 1681 1684 άλλοιούμενος
1714 1612 1808 1666 καὶ

230 1703 320 1755 ἀεὶ
378 1704 872 1775 μετατρεπόμενος,
926 1705 1203 1759 ἄπαυστον
1262 1704 1374 1776 ἔχει
1420 1705 1520 1777 τὴν
1575 1704 1803 1775 τροπήν.

233 1788 390 1844 οὕτω
418 1791 520 1861 μὲν
547 1792 688 1846 κατὰ
719 1792 778 1847 τὸ
815 1795 1032 1865 συνεχὲς
1058 1796 1153 1849 τοῦ
1182 1795 1373 1866 χρόνου
1398 1796 1494 1849 καὶ
1520 1786 1803 1867 ἀείρρυτον

237 1882 271 1952 ἡ
293 1883 604 1955 ἀνθρωπίνη
639 1885 800 1954 φύσις
836 1887 1250 1942 καταδεικνυται
1285 1887 1491 1959 ματαία
1518 1904 1532 1917 ⁸
1564 1887 1706 1941 κατὰ
1741 1888 1802 1941 τὸ

235 1972 533 2045 ὁλοσχερῶς
577 1975 635 2028 δὲ
676 1975 708 2047 ἢ
763 1976 1096 2049 παχυμερῶς
1146 1976 1554 2049 θεωρούμενον,
1603 1977 1801 2031 οὑτωσὶ

233 2065 521 2117 σκεπτέον.

329 2172 443 2230 ’Ἡν
472 2175 663 2246 πάρος
688 2177 759 2230 ἐν
778 2179 929 2247 χροΐ,
964 2196 1017 2233 κ.
1042 2195 1092 2232 τ.
1124 2178 1203 2245 ἐξ.

300 2270 515 2339 ’Ὠσπερ
543 2271 571 2322 ό
598 2269 728 2322 Λευῖ
756 2269 1065 2339 γέγραπται
1099 2272 1155 2322 ὲν
1183 2272 1249 2343 τῇ
1277 2271 1440 2340 ὀσφύϊ
1470 2269 1565 2324 τοῦ
1598 2270 1803 2343 πατρὸς

225 2356 369 2412 εἶναι
407 2360 656 2431 Ἀϐραὰμ
687 2360 819 2431 (45),
840 2359 981 2415 οὕτω
1008 2363 1101 2415 καλ⁸
1131 2364 1237 2427 πᾶς
1266 2362 1549 2435 ἄνθρωπος
1579 2363 1685 2435 πρὸ
1707 2361 1801 2417 τοῦ

224 2451 590 2522 γεννηθῆναι,
628 2455 686 2507 ὲν
716 2456 782 2526 τῇ
822 2452 914 2507 τοῦ
951 2454 1157 2526 πατρὸς
1195 2455 1359 2509 αὐτοῦ
1394 2455 1553 2526 φύσει
1580 2455 1803 2526 νοούμε-

225 2561 346 2607 νος,
383 2544 572 2597 ἔπειτα
598 2548 675 2610 εἰς
704 2546 803 2618 τὴν
839 2547 1243 2619 ὑποδεξαμένην
1273 2547 1434 2601 αὑτὸν
1465 2548 1678 2620 μητέρα
1712 2548 1801 2603 διὰ

224 2637 329 2705 τῆς
354 2636 639 2701 συνουσίας
672 2638 1033 2708 μεταϐαίνων,
1065 2639 1241 2692 κοινὸν
1272 2639 1409 2710 μετὰ
1432 2639 1603 2693 ταῦτα
1631 2640 1800 2711 κρέας

223 2728 434 2796 ἀμφοῖν
462 2730 572 2791 τοῖς
595 2728 843 2782 τεκοῦσιν
866 2730 923 2783 ὲν
950 2733 1015 2802 τῇ
1044 2729 1274 2803 μητρῴᾳ
1296 2732 1495 2803 γαστρὶ
1534 2730 1801 2803 βρεφουρ-

223 2818 495 2889 γούμενος
524 2820 846 2875 καθίσταται
877 2836 893 2853 ⁸
927 2824 987 2875 ἐν
1018 2823 1157 2895 ἀρχῇ
1189 2823 1246 2876 δὲ
1276 2825 1379 2895 τῆς
1414 2822 1796 2895 βρεφουργίας,

221 2911 540 2984 ἀδιάκριτον
591 2914 684 2967 καὶ
730 2915 1101 2988 ἀδιάρθρωτον
1150 2916 1209 2970 ὃν
1252 2917 1309 2969 τὸ
1360 2918 1636 2988 κρεάδιον.
1675 2917 1797 2971 οὔτε

226 3004 437 3076 βροτὸς,
465 3003 860 3078 οὔτ’άνθρωπος
888 3007 1108 3062 δύναται
1136 3005 1637 3079 καλεῖσθαι,αἶσχος
1651 3010 1796 3063 ἁνεί-

223 3099 341 3151 εεον
384 3099 443 3152 ὃν
493 3100 585 3153 καὶ
627 3101 878 3166 ἀκαλλὲς,
908 3100 1031 3154 οὔτε
1070 3100 1227 3169 λόγου
1276 3101 1628 3171 μετεσχηκὸς.
1674 3101 1796 3155 οὔτε

224 3194 341 3247 νοός
375 3210 390 3224 ’
424 3192 528 3246 ποῦ
580 3196 684 3266 γάρ
731 3193 903 3247 ταῦτα
945 3192 1097 3262 παρὰ
1138 3192 1213 3263 τῷ
1254 3192 1477 3264 ὲμϐρύῳ
1512 3192 1589 3264 τῷ
1620 3194 1694 3257 ὡς
1739 3196 1797 3248 ὲν

222 3285 417 3356 τύμϐῳ
447 3289 514 3357 τῇ
556 3289 791 3358 μητρικῇ
835 3286 988 3356 νηδύϊ
1021 3286 1368 3357 ἐνεχόμενον;
1417 3285 1493 3349 ὡς
1538 3288 1597 3339 ἐν
1642 3288 1795 3357 τάφῳ

225 3377 331 3445 γὰρ
354 3377 531 3448 ταύτῃ
564 3376 974 3449 περιείληπταιο
1002 3377 1069 3430 δι’
1103 3376 1130 3430 ὃ
1166 3378 1259 3431 καὶ
1292 3378 1541 3449 ἐπιφέρει
1568 3393 1583 3408 ’
1626 3396 1643 3431 ι
1673 3381 1798 3430 Δισ-

228 3468 420 3537 ταφέες
459 3468 692 3533 ζώοντες
733 3471 825 3522 ἐπὶ
862 3469 1067 3540 φθοράν
1094 3486 1109 3501 ο
1151 3490 1169 3522 ι
1206 3471 1594 3537 ταλανιστικῶς
1640 3472 1797 3527 τοῦτο

230 3557 398 3627 λέγων
437 3561 534 3614 καὶ
576 3562 1036 3633 ὲποικτιζόμενος.
1086 3563 1173 3627 Ὠς
1206 3563 1312 3616 ἀπὸ
1352 3564 1524 3633 τάφου
1552 3563 1660 3633 γὰρ
1688 3563 1795 3617 τῶν

227 3652 496 3725 μητρῴων
535 3654 748 3725 χωρίων
776 3654 1028 3721 ἐξιόντες,
1063 3656 1155 3709 καὶ
1177 3655 1397 3720 ζῶντες,
1426 3655 1680 3725 όδεύομεν
1705 3655 1797 3708 ἐπὶ

221 3740 431 3813 φθοράν
456 3782 472 3806 ,
510 3743 546 3812 ἦ
580 3745 693 3795 ἐστι
717 3744 965 3816 δεύτερος
998 3747 1166 3816 τάφος
1190 3787 1205 3810 ,
1236 3746 1328 3799 καὶ
1359 3745 1452 3799 τοῦ
1486 3746 1795 3816 πεπηγότος

223 3833 479 3903 σώματος
505 3833 746 3897 διάλυσις
780 3853 792 3867 ·
821 3835 886 3906 ἢν
924 3837 1011 3902 δὲ,
1059 3839 1223 3907 φησιν
1247 3878 1262 3902 ,
1298 3836 1612 3909 ὼδεύσαμεν
1644 3836 1793 3903 ὁδὸν,

220 3926 318 3979 καὶ
344 3924 496 3997 ζωὴν
519 3927 578 3979 ἐν
604 3925 681 3997 τῷ
717 3928 815 3998 βίῳ
848 3928 1009 3998 ζῆσαι
1055 3928 1192 3999 μετὰ
1223 3927 1472 3999 σώματος
1502 3927 1758 3997 ἐδόξαμεν
1776 3968 1792 3992 ,

219 4020 375 4072 οὐδὲν
408 4020 539 4072 ἄλλο
575 4036 665 4089 μοι
692 4020 724 4090 ἢ
761 4020 897 4072 ἑτῶν
924 4020 1135 4090 δαπάνη
1160 4058 1174 4081 ,
1206 4021 1297 4073 καὶ
1325 4020 1516 4092 χρόνου
1545 4021 1793 4083 κένωσις,

220 4112 343 4183 ἦτοι
372 4112 703 4183 παρέλευσις
728 4151 743 4175 ,
770 4111 918 4165 δοκεῖ
949 4127 962 4142 ·
995 4110 1135 4182 αὕτη
1176 4112 1234 4164 δέ
1275 4129 1364 4182 μοι
1406 4113 1499 4165 καὶ⁵
1541 4112 1796 4183 ὀδυνηρὸν

220 4202 318 4255 καὶ
347 4202 608 4255 ἐπίπονον
628 4200 807 4272 γῆρας
830 4201 1076 4269 καταχεῖ.
1105 4200 1339 4272 Τοιαύτη
1361 4200 1509 4271 μὲνὴ
1536 4201 1796 4272 ὲπίκηρος

219 4293 369 4366 ζωὴ,
401 4293 512 4347 ἀπὸ
533 4294 705 4363 τάφου
741 4292 1020 4364 ἀρξαμένη
1050 4294 1143 4346 καὶ
1181 4293 1561 4365 καταλήγουσα
1591 4295 1671 4358 εἰς
1698 4295 1796 4348 τά-

222 4407 322 4459 φον
346 4408 361 4422 ’
391 4390 443 4443 εἰ
482 4388 541 4442 δέ
577 4405 643 4457 με
688 4387 843 4451 ἄλλος
898 4386 1050 4449 αἰὼν,
1099 4388 1193 4440 καὶ
1221 4387 1335 4459 ζωὴ
1375 4388 1649 4461 ἄφθαρτος
1697 4388 1798 4442 καὶ

218 4481 437 4544 ἄλυτος,
470 4479 656 4543 καθὼς
679 4480 1007 4550 γέγραπται,
1042 4478 1269 4532 λυθέντα
1294 4478 1388 4532 τοῦ
1421 4479 1668 4551 σώματος
1687 4480 1799 4533 δια-

216 4574 436 4644 δέχεται
471 4573 607 4636 ὲκεῐ,
644 4570 859 4640 σκέψαι,
885 4564 930 4622 ὦ
958 4566 1133 4634 οὗτος,
1164 4573 1193 4625 ό
1219 4572 1359 4635 θεῖός
1393 4589 1556 4643 φησιν
1596 4572 1798 4644 ἱερολό-

217 4684 335 4736 τος,
368 4668 445 4738 μή
485 4665 679 4734 ποτενή
710 4664 944 4718 δοκοῦσα
979 4665 1076 4735 μὲν
1099 4663 1237 4735 αὕτη
1270 4663 1382 4735 ζωὴ
1409 4664 1507 4736 ἔχῃ
1534 4665 1687 4728 τέλος
1711 4666 1803 4719 τὸν

222 4761 392 4832 μόρον
427 4758 524 4813 καὶ
554 4758 645 4812 τὸν
672 4759 899 4814 θάνατον
919 4798 933 4822 ,
972 4758 1004 4828 ἡ
1028 4757 1254 4828 τελευτὴ
1282 4756 1337 4810 δὲ
1360 4757 1506 4828 ζωῆς
1533 4758 1799 4812 ἀθανάτου

210 4853 534 4924 ὁδοποίησίς
575 4869 656 4906 σοι
707 4854 800 4906 καλ⁸
832 4851 1089 4924 πρόξενος
1148 4850 1515 4916 καθίσταται,
1566 4851 1799 4922 ἔμπαλιν

213 4947 253 5018 ἢ
281 4949 551 5008 ὑπονοεῖς.
594 4946 664 5000 Σὺ
698 4945 798 5015 μὲν
833 4944 940 5016 γὰρ
970 4944 1219 4998 τεθνάναι
1242 4945 1456 5007 πάντως
1492 4942 1584 4998 τὸν
1622 4943 1801 4997 τελευ-

213 5038 398 5092 τῶντα
423 5036 770 5099 ὑποπτεύεις.
802 5039 830 5089 ό
853 5036 910 5089 δὲ
928 5035 1006 5107 τῷ
1033 5035 1257 5107 λυθῆναι
1280 5034 1379 5105 τῆς
1398 5033 1542 5106 ζωῆς
1564 5034 1788 5104 ταύτης,

217 5133 416 5199 ἄριστα
451 5128 654 5200 δηλαδὴ
698 5128 933 5198 βιώσας,
978 5127 1114 5200 πρὸς
1152 5127 1250 5199 τὴν
1286 5126 1548 5199 ἀληθινὴν
1590 5127 1789 5200 μετέϐη

218 5221 389 5294 ζωήν-

216 5326 291 5381 43
329 5325 523 5382 οὐδὲν
546 5326 719 5396 ἔφυν,
742 5344 797 5380 κ.
823 5344 870 5380 τ.
897 5325 947 5379 λ.

297 5442 614 5509 Ἀποδείξας
638 5442 871 5513 ματαίαν
892 5442 987 5495 καὶ
1015 5441 1310 5514 οὐδαμινὴν
1346 5445 1447 5515 τὴν
1469 5444 1564 5499 τοῦ
1593 5444 1795 5518 ἀνθρώ·

218 5551 325 5589 που
385 5533 567 5603 φύσιν,
621 5534 715 5587 καὶ
763 5533 896 5586 ὡσεὶ
943 5533 1099 5586 οὐθὲν
1144 5530 1309 5587 οὖσαν
1350 5536 1448 5606 τὴν
1499 5536 1794 5592 ὑπόστασιν

216 5625 406 5690 αὐτοῦ,
449 5625 813 5680 amamur
849 5625 1037 5681 λοιπὸν
1070 5629 1163 5680 ἐπὶ
1198 5632 1308 5692 τοῖς
1337 5629 1526 5696 ἄλγεσι
1556 5633 1646 5683 καὶ
1674 5634 1795 5694 ταῖς

215 5716 618 5791 ἐπερχομέναις
651 5716 922 5789 ἀνθρώπῳ
956 5722 1258 5792 συμφοραῖς
1276 5760 1291 5783 ,
1320 5720 1485 5773 Οὐδὲν
1515 5721 1641 5789 ἔφυν
1668 5763 1681 5783 ,
1708 5722 1793 5773 λέ-

1231 407 1297 463 ΙΝ
1335 403 1640 463 CARMINA
1680 400 1963 459 ARCANA
2022 404 2080 458 S.
2152 404 2499 462 GBEGOKII.

1826 5791 1853 5802 ρ

3383 406 3484 465 738

1917 516 2209 573 admodum
2253 533 2485 590 pronum
2526 516 2722 573 ﬂumen
2770 516 2857 574 bis
2914 516 3100 572 eadem
3136 531 3275 586 aqua
3320 522 3488 587 pedes

1919 610 2125 681 tingere
2159 610 2494 680 impossibile
2530 621 2636 677 est,
2673 610 2753 665 sic
2779 624 2879 663 nec
2920 608 3169 664 eumdem
3210 610 3484 664 hominem

1915 720 2076 774 quem
2112 704 2288 774 primo
2315 704 2499 761 vidisti
2542 719 2733 760 rursus
2762 704 2949 760 eadem
2983 703 3302 757 habitudine
3331 701 3489 758 vide-

1915 793 2020 848 bis.
2060 792 2193 846 Nam
2230 793 2409 863 quoad
2449 794 2805 858 voluntatem,
2846 791 3241 847 intentionibus
3269 798 3322 844 et
3360 804 3488 860 pro-

1916 884 2108 953 positis
2138 883 2509 938 indesinenter
2548 891 2799 945 mutans,
2830 882 3185 937 immoderate
3215 882 3487 938 instabilis

1915 974 2077 1030 homo
2122 976 2177 1029 in
2225 976 2346 1032 istis
2388 977 2665 1044 cernitur,
2708 977 2880 1031 donec
2929 975 3073 1031 Deus
3122 976 3175 1029 in
3218 985 3481 1030 aeternum

1913 1068 2187 1124 exsistens
2207 1069 2338 1123 etin
2369 1070 2489 1139 ipso
2513 1084 2736 1124 manens
2769 1067 3001 1123 Verbum
3025 1067 3237 1120 Domini
3266 1066 3483 1120 stabilia

1912 1166 1966 1214 et
1996 1160 2348 1229 perduranlia
2367 1161 2656 1227 ostendat;
2678 1160 2856 1230 quoad
2879 1160 3113 1213 animam
3147 1159 3483 1221 sensualem,

1910 1252 2242 1322 vaniloquiis
2296 1261 2349 1307 et
2399 1251 2800 1318 affectionibus,
2856 1252 3159 1323 phantasiis
3207 1259 3262 1306 et
3317 1265 3484 1319 appe-

1912 1343 2124 1406 titibus,
2165 1344 2485 1401 inconstans
2526 1352 2749 1416 apparet
2795 1356 2848 1399 et
2891 1345 3162 1407 diversus,
3207 1343 3484 1414 perpetuis

1911 1438 2150 1492 motibus
2189 1439 2243 1492 in
2272 1438 2359 1493 bis
2393 1439 2748 1502 immutatus;
2789 1435 2967 1507 quoad
2995 1449 3197 1505 corpus
3225 1434 3403 1487 adhuc
3428 1437 3485 1487 et

1909 1530 2143 1585 statibus
2194 1530 2495 1586 secundum
2534 1530 2852 1584 occasiones
2896 1535 2951 1582 et
2996 1526 3388 1582 constitutione
3428 1530 3484 1578 et

1908 1624 2095 1679 colore
2123 1623 2277 1677 vitali
2305 1630 2650 1678 commutans
2681 1629 2737 1676 et
2766 1635 2980 1690 semper
3006 1617 3483 1673 vicissitudinibus

1910 1716 2203 1780 obnoxius,
2253 1716 2615 1770 incessantem
2662 1713 3022 1769 mobilitatem
3075 1712 3335 1767 ostendit.
3390 1709 3481 1765 Sic

1909 1824 2008 1881 per
2050 1808 2332 1863 assiduum
2374 1814 2590 1876 tempus
2634 1814 2688 1860 et
2737 1821 2953 1877 semper
2986 1804 3161 1860 fluens
3188 1804 3481 1858 vanitatem

1907 1915 2019 1971 prae
2045 1915 2105 1955 se
2147 1900 2251 1955 fert
2277 1900 2516 1953 humana
2548 1906 2741 1952 natura
2768 1937 2783 1963 ,
2817 1899 2897 1953 sic
2927 1894 3323 1952 consideranda
3366 1893 3481 1948 sive

1907 1993 1963 2046 in
2006 1999 2142 2054 toto,
2185 1991 2302 2047 sive
2339 1990 2545 2045 crassis
2592 1988 2646 2043 in
2681 1990 2944 2059 partibus.
2987 2008 3006 2040 ι
3044 1987 3293 2042 Prazsens
3328 2000 3478 2040 cram

1904 2086 1960 2141 in
1981 2099 2168 2153 carne,
2203 2102 2222 2138 ι
2254 2092 2309 2139 et
2349 2099 2464 2155 seq.
2497 2081 2962 2150 Quemadmodum
3003 2082 3265 2151 scriptum
3309 2088 3393 2133 est
3423 2078 3479 2133 in

1904 2176 2107 2233 lumbis
2146 2175 2420 2230 Abraham
2467 2177 2641 2245 patris
2682 2174 2854 2229 fuisse
2899 2172 3057 2239 Levi,
3086 2173 3167 2227 sic
3199 2180 3253 2226 et
3294 2170 3478 2225 omnis

1904 2268 2069 2325 homo
2095 2277 2387 2339 antequam
2429 2274 2690 2322 nascatur
2717 2266 2890 2338 patris
2917 2267 2998 2320 sui
3035 2265 3087 2319 in
3120 2274 3313 2319 natura
3343 2278 3481 2318 con-

1902 2370 2128 2433 ceptus,
2160 2361 2357 2417 deinde
2399 2361 2455 2416 in
2489 2360 2884 2426 concipientem
2939 2368 3164 2413 matrem
3210 2372 3307 2427 per
3327 2371 3482 2409 com-

1902 2455 2165 2509 mercium
2198 2453 2496 2516 transiens,
2533 2452 2659 2507 inde
2692 2451 3000 2506 communis
3030 2464 3162 2504 caro
3193 2448 3477 2501 amborum

1904 2548 1961 2601 fit
1987 2555 2271 2617 parentnm
2291 2545 2346 2599 in
2367 2545 2525 2599 vulva
2548 2543 2740 2597 matris
2773 2542 3063 2608 feturatus;
3084 2555 3267 2594 verum
3301 2538 3474 2593 fetura
3547 2562 3550 2571 η

1902 2636 1957 2690 in
1982 2634 2251 2707 principio
2273 2649 2399 2688 cum
2424 2633 2497 2686 sit
2529 2629 2782 2684 informis
2799 2643 2928 2682 caro
2952 2636 3005 2682 et
3034 2640 3155 2695 quae
3178 2621 3473 2677 internosci

1902 2737 2165 2797 nequeat,
2222 2740 2323 2779 nec
2373 2721 2625 2778 mortalis
2674 2735 2774 2774 nec
2824 2719 2986 2772 homo
3039 2715 3223 2771 vocari
3272 2720 3474 2784 potest,

1900 2830 2059 2891 turpe
2091 2818 2294 2889 aliquid
2342 2816 2460 2872 sine
2492 2813 2834 2869 lineamentis
2871 2819 2928 2864 et
2978 2810 3096 2866 sine
3136 2808 3333 2862 decore
3363 2813 3473 2871 est.

1901 2926 2151 2968 sermone
2198 2923 2393 2964 carens
2438 2914 2492 2961 et
2529 2905 2841 2969 intellectu;
2872 2901 3143 2972 quomodo
3178 2899 3323 2954 enim
3359 2898 3476 2953 haec

1898 3011 2082 3060 essent
2113 3002 2167 3056 in
2203 3001 2311 3055 fetu
2350 2998 2495 3069 quod
2519 2995 2676 3067 quasi
2710 2995 2765 3048 in
2804 2995 3053 3063 sepulcro
3085 2993 3139 3046 in
3167 2993 3325 3046 vulva
3357 3006 3481 3044 ma-

1900 3083 2384 3152 tris'coarctatur?
2418 3089 2549 3144 Nam
2578 3098 2833 3157 tanquam
2871 3087 2924 3140 in
2954 3078 3163 3139 tumqu
3199 3084 3270 3138 ibi
3298 3083 3476 3137 inclu-

1898 3188 2078 3254 ditur,
2122 3185 2250 3240 indc
2289 3182 2481 3238 addit:
2538 3199 2557 3232 ι
2611 3180 2702 3235 Bis
2748 3178 3082 3247 sepulcrales
3116 3176 3361 3229 viventes
3405 3174 3475 3229 ad

1897 3280 2318 3350 corruptionem,
2340 3296 2357 3327 ι
2374 3276 2665 3344 adgemens
2687 3272 2770 3327 his
2798 3272 2977 3325 verbis
3000 3276 3160 3339 atque
3187 3266 3474 3336 lugendam

1899 3373 2072 3431 vicem
2113 3372 2404 3427 miserans.
2443 3366 2577 3420 Nam
2625 3362 2784 3434 quasi
2825 3378 2856 3416 e
2904 3362 3091 3417 tumba
3133 3376 3164 3415 e
3206 3356 3472 3413 maternis

1897 3465 2111 3519 vicibus
2146 3467 2408 3516 exeuntes
2435 3467 2489 3512 et
2516 3458 2761 3511 viventes
2802 3455 2903 3507 iter
2942 3453 3155 3522 agimus
3185 3449 3251 3504 ad
3280 3465 3473 3504 corru-

1899 3554 2139 3625 ptionem
2189 3567 2310 3622 quae
2340 3559 2424 3605 est
2466 3550 2697 3607 alterum
2733 3547 3044 3615 sepulcrum
3100 3554 3153 3597 et
3200 3540 3470 3612 coagulati

1897 3645 2141 3716 corporis
2174 3643 2408 3707 solutio;
2436 3651 2488 3694 et
2514 3654 2697 3708 quam.
2723 3638 2920 3706 inquit,
2946 3636 3086 3689 viam
3104 3634 3470 3696 cucurrimus,

1897 3750 2059 3806 quam
2106 3734 2271 3787 vitam
2322 3732 2378 3785 in
2422 3732 2622 3785 saeculo
2665 3728 2862 3797 degere
2913 3742 3036 3781 cum
3089 3738 3318 3792 corpore
3366 3720 3471 3775 visi

1898 3841 2115 3890 sumus,
2159 3824 2271 3877 haec
2315 3820 2449 3875 nihil
2488 3819 2594 3873 nisi
2638 3831 2905 3870 annorum
2952 3816 3195 3883 impensa
3237 3818 3292 3865 et
3332 3822 3471 3864 tem-

1897 3919 2047 3990 poris
2085 3914 2368 3972 evacualio
2406 3919 2496 3966 aut
2549 3908 2897 3978 consumptio
2940 3922 2969 3960 a
3012 3922 3097 3959 me
3142 3904 3466 3958 aestimatur.

1897 4010 2015 4081 ipsa
2053 4006 2432 4064 mihielfundit
2457 4002 2739 4057 doloribus
2780 4007 2835 4054 ct
2875 3997 3134 4053 ternmnis
3163 3995 3465 4050 confertam

1898 4108 2254 4157 senectutem.
2296 4098 2369 4151 Ea
2402 4106 2487 4151 est
2530 4093 2711 4149 fatalis
2746 4094 2858 4146 vita
2888 4106 2917 4144 a
2956 4090 3139 4144 tumba
3174 4087 3466 4156 incipiens,

1898 4192 1966 4247 ad
1996 4191 2235 4247 tumbam
2274 4188 2562 4255 desinens;
2602 4185 2648 4240 si
2682 4199 2812 4240 vero
2859 4181 3095 4236 mundus
3129 4178 3290 4242 alius,
3331 4178 3472 4228 vita-

1897 4299 2004 4353 que
2034 4279 2469 4350 incorruptibilis
2496 4286 2551 4331 et
2579 4273 2994 4335 indissolubilis,
3031 4271 3175 4325 sicut
3203 4267 3469 4335 scriptum

1898 4385 2002 4439 est,
2038 4389 2068 4427 a
2105 4388 2336 4442 corpore
2377 4371 2616 4425 solutum
2647 4382 2735 4422 me
2778 4365 2854 4421 ibi
2892 4364 3106 4433 recipit,
3148 4360 3291 4423 vide,
3314 4375 3347 4412 ο
3385 4366 3467 4424 ιιι,

1900 4468 2048 4522 fatur
2081 4466 2240 4520 divus
2268 4471 2457 4519 sancta
2490 4461 2813 4529 prtedicans,
2836 4473 2902 4511 ne
2934 4456 3072 4511 forte
3094 4469 3216 4523 qua:
3246 4460 3470 4521 apparet

1900 4561 2034 4624 vita,
2073 4559 2255 4620 linem,
2293 4555 2621 4625 supplicium
2656 4563 2710 4606 et
2730 4561 2963 4604 mortem
2998 4548 3214 4607 habeat,
3252 4552 3308 4597 et
3345 4543 3470 4596 vita:

1897 4650 2181 4723 praesentis
2212 4648 2335 4703 linis
2361 4647 2465 4701 iter
2499 4645 2596 4699 tibi
2628 4653 2681 4699 et
2716 4656 2884 4696 causa
2920 4639 3061 4694 adsit
3091 4638 3214 4691 vitae
3246 4636 3470 4688 immor-

1896 4746 2020 4800 talis
2041 4745 2199 4811 longe
2224 4741 2382 4795 aliter
2421 4752 2584 4809 quam
2631 4745 2827 4806 putas;
2868 4741 2923 4786 tu
2965 4731 3183 4801 quidem
3230 4725 3469 4781 totalitcr

1898 4839 2036 4893 mori
2092 4832 2386 4905 suspicaris
2429 4830 2772 4892 morientem,
2799 4824 2894 4895 qui
2928 4831 3105 4877 autem
3136 4819 3206 4874 ab
3231 4818 3330 4872 hac
3356 4817 3467 4871 vita

1896 4927 2190 4985 solvendus
2227 4925 2430 4998 optime
2468 4923 2692 4978 omnino
2722 4920 2946 4984 vixerit,
2984 4917 3051 4971 ad
3072 4928 3256 4971 veram
3284 4922 3466 4968 trans-

1896 5022 1997 5077 ibit
2022 5020 2208 5075 vitam.

1909 5333 1966 5388 ιδ
2014 5327 2157 5383 Nihil
2194 5342 2344 5390 sum,
2373 5333 2477 5381 etc.

1967 5450 2262 5518 Postquam
2296 5456 2488 5496 vanam
2525 5447 2579 5495 et
2611 5440 2815 5496 nullius
2845 5440 3006 5511 pretii
3039 5438 3275 5494 hominis
3300 5442 3464 5491 natu-

1893 5558 2010 5598 ram
2046 5536 2439 5596 demonstravit
2469 5544 2524 5589 et
2557 5543 2818 5604 tanquam
2844 5534 3067 5587 nihilum
3103 5528 3463 5586 substantiam

1893 5635 2034 5704 ejus;
2066 5633 2287 5686 minime
2326 5628 2455 5683 facit
2485 5628 2755 5698 reliquum
2785 5626 2853 5681 de
2876 5625 3156 5681 doloribus
3189 5630 3243 5677 et
3275 5636 3465 5691 super-

1896 5723 2236 5779 venientibus
2257 5723 2310 5777 in
2331 5721 2602 5779 hominem
2630 5718 3032 5776 calamitatibus
3052 5717 3239 5774 dicens
3262 5714 3469 5776 :Natns

295 5897 407 5971 (45)
454 5897 657 5954 Alludit
700 5900 768 5955 ad
804 5897 859 5954 id
901 5897 1047 5970 quod
1080 5901 1161 5955 ait
1195 5901 1486 5973 Apostolus
1522 5898 1589 5954 ad
1632 5897 1798 5956 llcbr.
1838 5915 1930 5970 vn,
1962 5903 2012 5961 5.
