4056 6238
524 293 629 349 735

524 426 648 466 sum
680 427 837 481 quas:
870 412 1182 475 nilnil,nihil
1211 429 1367 481 sum;
1404 425 1456 469 et
1496 430 1595 470 cur
1621 424 1701 470 tot
1729 417 1889 472 malis
1918 432 2101 487 super-

524 503 867 559 abundanter
908 504 1193 561 confectus
1230 508 1542 577 Opprimor,
1587 510 1741 579 quasi
1791 510 1928 564 bene
1967 525 2103 565 con-

523 602 680 649 stans
712 611 891 650 essem
928 594 1141 649 factura
1188 604 1241 649 et
1272 597 1452 651 valida
1497 610 1552 652 et
1585 599 1856 654 robusta?
1884 597 2100 654 Etenim

525 688 982 759 quemadmodum
1025 688 1135 743 Deo
1161 698 1213 745 et
1250 690 1561 745 coelestibus
1600 691 1744 761 quod
1805 690 1873 744 ad
1911 706 2104 755 essen-

524 782 656 832 tiam
682 790 735 833 et
763 781 1057 849 potentiam
1092 790 1147 837 et
1168 782 1398 852 gloriam
1428 783 1483 836 in
1515 783 1748 837 excelsis
1782 792 1837 837 et
1864 783 2103 838 beatitu-

525 871 704 925 dinem
751 881 959 941 spectat
1004 874 1381 928 indissolubile
1414 883 1499 928 est
1530 883 1589 929 et
1621 875 1990 934 immutabile:
2022 874 2104 931 sic

525 971 578 1017 et
612 964 850 1018 hominis
884 975 1093 1019 naturae
1125 966 1506 1022 indissolubile
1542 975 1595 1020 et
1619 968 1901 1022 adhaerens
1940 975 2105 1022 estet

524 1054 862 1111 immutabile
909 1060 1181 1112 infelicem
1227 1075 1349 1113 esse
1393 1075 1718 1129 semperque
1786 1061 1923 1115 alios
1982 1061 2105 1116 aliis

526 1147 648 1199 vice
676 1149 936 1203 aerumnis
985 1161 1037 1205 et
1080 1151 1317 1205 miseriis
1346 1152 1550 1222 urgeri.
1585 1151 1663 1204 Ex
1700 1167 1807 1220 quo
1867 1152 2103 1221 primum

522 1255 555 1292 e
585 1240 742 1293 vulva
773 1244 961 1301 matris
997 1242 1186 1297 exiens
1224 1244 1279 1296 in
1317 1251 1518 1297 terram
1551 1243 2002 1311 cecidi,ploratus
2024 1240 2107 1299 ab

524 1335 702 1386 oculis
722 1335 901 1401 emisi;
922 1336 1051 1388 mihi
1072 1352 1200 1407 ergo
1226 1336 1570 1390 manifestum
1590 1336 1835 1406 proiecto
1884 1336 2106 1407 signum

523 1424 630 1478 hoc
672 1435 775 1487 est,
811 1426 917 1480 hoc
944 1428 1344 1490 testimonium,
1381 1436 1514 1496 quot
1549 1435 1603 1481 et
1635 1427 1853 1496 quantis
1886 1428 2105 1481 obviam

529 1533 621 1572 ero
649 1520 896 1589 lugendis
921 1528 975 1573 ct
1002 1520 1157 1574 malis
1187 1521 1279 1586 qui
1311 1522 1630 1590 priusquam
1657 1522 1820 1573 vitam
1845 1520 2104 1584 delibem,

529 1615 797 1680 lacrymas
825 1613 893 1665 ab
923 1614 1100 1667 oculis
1123 1613 1314 1667 fundo.
1351 1631 1369 1663 ι
1404 1612 1626 1667 Terram
1655 1612 1947 1682 quamdam
1974 1612 2107 1667 foris

530 1703 777 1758 liberam.
807 1728 817 1754 ›
843 1712 896 1759 et
928 1722 1045 1775 seq.
1080 1705 1196 1767 Est,
1226 1707 1422 1775 inquit,
1450 1715 1591 1758 terra
1620 1713 1673 1758 et
1708 1706 1882 1759 insula
1914 1706 1968 1758 in
2000 1720 2106 1775 qua

530 1796 828 1848 belluarum
864 1813 1035 1867 genus
1071 1814 1177 1851 non
1213 1800 1363 1859 vivit.
1394 1809 1448 1853 et
1481 1807 1565 1852 est
1600 1799 1751 1853 locus
1788 1807 1963 1854 tostus
1997 1813 2107 1868 quo

529 1902 633 1939 non
665 1891 1064 1957 appropinquat
1091 1888 1283 1961 frigida
1320 1907 1422 1944 nox
1443 1909 1456 1955 ;
1479 1908 1751 1947 aerumnas
1773 1900 1951 1946 autem
1984 1894 2108 1945 vitae

529 1989 581 2033 et
620 1979 831 2036 labores
862 1998 1019 2036 nemo
1065 1984 1387 2053 gloriabitur
1420 1986 1564 2054 quod
1601 1986 1839 2039 intactus
1868 1993 1921 2039 et
1955 1985 2110 2038 indo-

529 2073 695 2127 mitus
720 2074 809 2128 hie
834 2074 1247 2145 subterfugerit.
1276 2075 1379 2130 Sed
1413 2077 1660 2145 quaedam
1694 2076 1906 2131 miserae
1937 2076 2111 2129 homi-

529 2179 658 2217 num
688 2167 812 2219 vitm
842 2167 978 2219 dura
1009 2176 1257 2221 recenset
1293 2177 1347 2220 et
1380 2167 1549 2220 dicit:
1595 2168 1737 2220 Sunt
1772 2167 2027 2221 debilitas
2054 2174 2109 2221 et

530 2264 822 2324 paupertas
843 2298 857 2322 ,
895 2258 1140 2325 corporis
1173 2258 1334 2312 varia:
1382 2258 1728 2313 inﬁrmitates
1768 2266 1822 2313 et
1856 2260 1978 2314 vitae
2011 2275 2107 2314 ne-

528 2348 896 2401 cessariorum
940 2359 1191 2419 egestas,
1240 2361 1428 2420 partus
1470 2359 1524 2406 et
1568 2352 1730 2407 triste
1766 2353 1971 2413 latum,
2017 2361 2109 2406 aut

527 2437 747 2493 dolores
792 2441 1120 2509 parientiqu
1172 2448 1227 2494 et
1263 2457 1361 2511 pro
1406 2441 1732 2496 educatione
1773 2444 1940 2513 prolis
1988 2460 2109 2499 sese

527 2534 967 2586 consmneutium
991 2574 1006 2598 ,
1038 2533 1222 2587 odium
1257 2542 1310 2587 et
1340 2534 1395 2587 in
1427 2535 1735 2605 proximum
1772 2536 2021 2598 invidiae,
2056 2545 2112 2591 et

529 2622 719 2690 injusti
752 2624 852 2677 viri
878 2632 931 2679 et
960 2626 1207 2680 scelerati
1236 2626 1305 2681 ab
1327 2628 1613 2697 egentibus
1648 2629 1959 2683 necessaria
1987 2631 2110 2684 vita:

530 2715 826 2785 rapientes,
860 2732 1010 2772 more
1034 2718 1337 2772 belluarum
1370 2720 1423 2772 in
1457 2720 1594 2773 mari
1623 2726 1677 2773 et
1707 2735 1872 2789 super
1906 2732 2108 2775 terram

530 2808 759 2862 miseros
801 2817 1157 2874 consumunt,
1203 2817 1255 2861 et
1284 2823 1499 2862 omnem
1534 2808 1673 2861 hanc
1710 2809 1877 2863 vitam
1911 2826 2111 2865 aerum-

530 2910 722 2948 nosam
750 2906 804 2949 et
829 2896 1113 2953 doloribus
1140 2895 1453 2951 afﬂuentem
1476 2897 1792 2952 hominibus
1817 2899 2106 2955 inducunt.

535 3003 556 3036 α
595 2985 796 3039 Damna
834 2987 1054 3057 quidem
1083 2996 1137 3042 et
1167 2989 1414 3052 omnino,
1457 3008 1475 3041 ι
1514 3001 1568 3043 et
1598 3004 1717 3060 seq.
1742 2990 1897 3056 Quod
1928 2991 2062 3045 dicit
2088 3034 2103 3059 ,

536 3066 666 3121 illud
715 3080 798 3123 est
844 3089 860 3126 :
907 3074 1045 3129 Mala
1076 3093 1195 3145 qua:
1238 3078 1483 3134 homines
1518 3095 1639 3135 esse
1668 3091 1858 3149 putant
1892 3098 1956 3137 ac
1985 3098 2104 3137 mo-

535 3158 705 3223 lesta,
780 3164 1035 3235 pleraque
1092 3170 1335 3238 reputavi
1401 3171 1627 3225 Omnino
1691 3170 1987 3241 injucunda
2045 3184 2103 3229 et

532 3266 841 3309 aerumnosa
899 3259 1158 3329 oninique
1211 3261 1404 3314 solatio
1468 3264 1769 3327 destituta;
1830 3264 2100 3320 bonorum

532 3360 657 3413 quae
725 3361 790 3400 eo
851 3352 1070 3406 nomine
1133 3354 1486 3423 designantur
1555 3357 1805 3412 molestia
1862 3358 2103 3414 immune

534 3439 741 3493 nul'um
793 3442 1035 3509 profecto
1094 3445 1237 3510 vidi,
1287 3462 1351 3500 ex
1414 3463 1522 3517 quo
1572 3448 1818 3503 lethil‘era
1872 3464 1903 3503 a
1956 3448 2101 3517 ligno
2184 3492 2198 3501 .

533 3531 839 3603 degustatio
879 3544 933 3590 et
976 3537 1263 3593 homicidae
1312 3540 1517 3594 invidia
1561 3557 1805 3595 amaram
1843 3550 1898 3596 et
1946 3556 2102 3598 acer-

530 3626 655 3680 bam
696 3630 825 3682 mihi
867 3634 1316 3700 transgressionis
1354 3650 1568 3702 pcenam
1613 3635 1817 3689 attulit.

1858 296 2155 353 NICETAS
2218 297 2423 353 DAVID

3680 290 3805 355 736

2204 434 2334 485 γων,
2360 415 2510 469 οὐδέν
2534 418 2670 487 είμι.
2712 416 2822 468 Καὶ
2848 415 2935 467 ἵνα
2959 413 3013 465 τί
3034 408 3307 472 τοσούτοις
3328 408 3799 480 ταλαιπωροῦμαι

2205 508 2414 573 κακοῖς,
2459 504 2925 576 ὲνδαπανώμενος,
2960 502 3102 555 ὥστε
3154 500 3400 568 πεπηγὸς
3443 498 3503 551 ὃν
3550 500 3797 567 πρᾶγμα

2205 602 2299 653 καὶ
2337 600 2554 671 ἰσχυρὸν
2587 600 2682 652 καὶ
2723 597 2979 669 στερρόν;
3013 595 3122 649 Καὶ
3154 595 3265 664 γάρ
3303 593 3489 663 ὥσπερ
3530 592 3648 660 Θεῷ
3695 593 3803 645 καὶ

2204 694 2315 755 τοῖς
2358 691 2522 754 θείοις
2560 691 2620 744 τὸ
2663 692 2781 745 κατ’
2811 691 3028 753 οὐσίαν,
3073 689 3168 741 καὶ
3217 686 3460 757 δύναμιν,
3501 685 3597 738 καὶ
3627 683 3801 747 δόξαν

2204 784 2304 853 τὴν
2344 782 2640 846 ἀνωτάτω,
2671 783 2765 835 καὶ
2809 780 3218 851 μακαριότητα,
3250 776 3515 847 ἄτρεπτόν
3558 774 3620 827 τέ
3670 776 3803 826 ἐστι

2209 877 2302 930 καὶ
2337 876 2670 945 ἀμετάϐολον
2694 892 2706 904 °
2735 874 2906 937 οὕτως
2932 872 3219 943 ἀνθρώπου
3246 870 3403 941 φύσει
3428 869 3487 921 τὸ
3507 868 3805 921 ταλαιπω-

2213 966 2456 1039 ρεῖσθαι,
2488 967 2581 1019 καὶ
2609 966 2695 1018 ἀεὶ
2742 968 2853 1027 τοῖς
2885 963 2978 1018 τοῦ
3024 963 3139 1033 βίου
3185 959 3555 1015 διαπονεῖσθαι
3593 957 3801 1011 ἄλλοτε

2207 1056 2389 1119 ἄλλοις
2442 1058 2722 1118 ἐπιπόνοις
2774 1057 2869 1109 καὶ
2914 1055 3191 1126 άλγηροῖς,
3235 1052 3498 1123 ἄτρεπτον
3548 1051 3805 1121 ὑπάρχει

2207 1150 2300 1202 καὶ
2348 1150 2593 1219 συμφυὲς
2634 1150 2728 1201 καὶ
2769 1148 3105 1218 ἀμετάθετον
3141 1164 3154 1176 ο
3191 1145 3251 1211 ἐξ
3282 1141 3343 1199 οὗ
3371 1144 3433 1215 δὴ
3471 1143 3531 1196 τὸ
3569 1141 3801 1212 πρῶτον

2204 1241 2314 1293 τῶν
2344 1242 2625 1314 μητρικῶν
2662 1241 2899 1309 λαγόνων
2939 1238 3278 1301 ὁλισθαίνων,
3316 1237 3409 1291 καὶ
3446 1237 3525 1298 εἰς
3562 1235 3668 1304 γῆν
3701 1235 3805 1286 ὲκ-

2207 1331 2411 1395 πεσὼν,
2439 1332 2671 1403 δάκρυον
2700 1332 2887 1403 ἀφῆκα
2912 1332 3021 1385 τῶν
3057 1330 3353 1401 ὀφθαλμῶν
3378 1344 3394 1359 ·
3426 1329 3521 1381 καὶ
3553 1326 3665 1396 γάρ
3702 1341 3801 1395 μοι

2205 1425 2358 1477 τουτὶ
2415 1424 2615 1498 δηλαδὴ
2666 1424 2933 1495 σύμϐολον
2978 1424 3233 1495 ἐναργὲς,
3269 1422 3425 1476 τοῦτο
3454 1420 3664 1488 γίνεται
3705 1435 3805 1471 τε-

2209 1518 2445 1589 κμήριον
2462 1559 2475 1582 ,
2511 1518 2654 1581 ὅσοις
2675 1519 2768 1571 καὶ
2793 1518 2924 1580 οἵοις
2959 1517 3135 1587 μέλλω
3156 1514 3583 1585 συναντήσεσθαι
3614 1513 3805 1583 λυπη-

2214 1611 2325 1681 ροῖς
2360 1611 2454 1663 καὶ
2473 1612 2684 1677 κακοῖς,
2715 1610 2774 1663 τὸ
2809 1612 2935 1680 πρὶν
2964 1609 2998 1680 ἢ
3022 1608 3116 1663 τοῦ
3142 1609 3255 1680 βίου
3284 1606 3523 1678 ἅψασθαι
3552 1605 3801 1675 δάκρυον

2209 1700 2271 1766 ἐξ
2296 1702 2589 1772 ὀφθαλμῶν
2612 1703 2847 1771 ἀφεῖναι.

2317 1794 2525 1863 Χώρην
2545 1796 2661 1865 μέν
2692 1797 2799 1848 τιν’
2830 1792 3073 1862 ἄθηρον,
3103 1811 3158 1848 κ,
3188 1810 3241 1846 τ.
3269 1791 3347 1858 ἐξ.

2287 1891 2459 1951 Ἐστι,
2491 1890 2644 1960 φησὶ,
2675 1889 2845 1962 χώρα,
2871 1891 2965 1942 καὶ
2991 1890 3182 1958 νῆσος,
3220 1880 3334 1959 ὲνῇ
3365 1884 3547 1955 θηρῶν
3585 1880 3792 1950 ἀγρίων

2208 1985 2270 2036 οὐ
2295 1983 2564 2036 διαιτᾶται
2597 1984 2759 2051 φύσις
2781 2000 2795 2013 ·
2834 1984 2925 2035 καὶ
2953 1982 3066 2035 ἔστι
3091 1983 3254 2043 τόπος
3282 1977 3775 2046 κατακεκαυμένος.

2207 2071 2268 2129 οὗ
2310 2075 2518 2147 κρυερὰ
2560 2077 2619 2127 οὐ
2657 2075 3006 2148 προσεγγίζει
3044 2073 3204 2141 νιφάς
3237 2086 3251 2099 ·
3288 2070 3394 2123 τῶν
3436 2068 3691 2138 λυπηρῶν
3722 2065 3774 2118 δὲ

2206 2169 2301 2222 τοῦ
2339 2170 2453 2239 βίου
2480 2170 2573 2222 καὶ
2598 2169 2707 2223 τῶν
2744 2168 2955 2239 μόχθων
2979 2167 3154 2230 οὐδεὶς
3175 2166 3510 2235 καυχήσεται
3540 2162 3617 2224 ῶς
3656 2160 3782 2213 ἀδάο

2212 2276 2414 2332 μαστος
2451 2260 2544 2311 καὶ
2587 2260 2849 2327 ἄγευστος
2872 2257 3104 2310 ἐνταῦθα
3132 2253 3428 2323 διαφυγών.
3470 2252 3640 2304 Ἀλλα
3669 2252 3793 2304 τινὰ

2206 2350 2276 2403 τά
2305 2350 2538 2419 δυσχερῆ
2574 2349 2684 2419 (46)
2714 2348 2808 2402 τοῦ
2833 2346 3177 2419 ταλαιπώρου
3205 2347 3313 2399 τῶν
3338 2343 3642 2414 ἀνθρώπων
3671 2343 3793 2412 βίου

2207 2445 2327 2496 κατ’
2374 2441 2511 2506 εἶδος
2547 2441 2961 2515 άναριθμεῖται,
3003 2440 3095 2493 καί
3123 2456 3288 2509 φησιν
3319 2455 3331 2467 ·
3382 2437 3663 2509 Ἀδράνεια
3696 2438 3795 2490 καὶ⁸

2210 2536 2392 2597 πενία,
2424 2534 2675 2606 σώματος
2715 2535 3016 2605 ἀρρωστίαι
3048 2533 3289 2588 ποικίλαι
3324 2532 3418 2586 καὶ
3445 2532 3641 2584 ἔνδειαι
3677 2528 3797 2581 τῶν

2208 2627 2528 2698 ἐπιτηδείων
2556 2627 2689 2698 πρὸς
2716 2627 2878 2697 ζωὴν,
2906 2626 3065 2689 τόκος
3096 2626 3191 2679 καὶ
3223 2625 3387 2695 μόρος
3412 2663 3427 2686 ,
3458 2623 3577 2691 ἤτοι
3620 2638 3794 2674 κακο-

2210 2719 2413 2772 πάθεια
2467 2722 2586 2781 ταῖς
2617 2721 2928 2783 τικτούσαις
2954 2720 3047 2771 καὶ
3074 2736 3139 2770 πε
3148 2718 3203 2789 ρὶ
3222 2717 3319 2788 τὴν
3345 2716 3653 2787 ἀνατροφὴν
3676 2712 3794 2765 τῶν

2209 2810 2447 2877 ἐκγόνων
2482 2810 2862 2880 πονουμέναις,
2891 2809 3046 2879 ἔχθος
3078 2808 3173 2862 καὶ
3207 2811 3263 2862 αἱ
3296 2809 3432 2879 πρὸς
3460 2807 3585 2868 τοὺς
3610 2820 3797 2873 γειτο-

2208 2901 2434 2964 νοῦντας
2477 2900 2806 2973 ἑχθραι,καὶ
2846 2901 3020 2955 ἄδικοι
3063 2899 3257 2969 ἄνδρες
3292 2900 3384 2951 καὶ⁵
3438 2894 3795 2968 ἁμαρτωλοὶ,

2209 2993 2307 3055 τὰς
2334 2992 2469 3063 πρὸς
2500 2993 2560 3045 τὸ
2584 2991 2684 3062 ζῇν
2705 2991 2815 3044 τῶν
2852 2991 3254 3060 ταπεινοτέρων
3282 2988 3596 3060 ἀρπώμενοι
3620 2988 3801 3055 ἀφορ‹

2214 3086 2320 3157 μὰς
2343 3125 2358 3149 ,
2404 3086 2590 3155 ὅμοιον
2628 3086 2825 3157 τρόπον
2862 3088 2975 3148 τοῖς
3014 3086 3073 3137 ὲν
3105 3084 3343 3152 θαλάσσῃ
3379 3081 3537 3150 θηρσὶ
3582 3080 3678 3131 καὶ
3721 3082 3799 3151 τῇ

2210 3178 2352 3251 ξηρᾷ
2380 3178 2799 3251 κατατρίϐουσιν
2833 3181 3030 3243 αὐτοὺς
3051 3221 3064 3244 ,
3098 3178 3188 3232 καί
3221 3176 3388 3229 πάντα
3416 3172 3505 3225 τὸν
3534 3171 3652 3239 βίον
3683 3169 3794 3221 άλ-

2208 3269 2377 3342 γηρὸν
2406 3271 2499 3324 καὶ
2528 3269 2798 3323 ἐπώδυνον
2824 3271 2936 3332 τοῖς
2957 3267 3255 3338 ἀνθρώποις
3284 3258 3634 3316 καθιστῶσιν.

2316 3362 2565 3431 Πήματα
2583 3361 2701 3431 μὲν
2730 3362 2828 3415 καὶ
2860 3360 3132 3429 πάμπαν,
3155 3375 3188 3411 κ
3231 3374 3283 3409 τ.
3311 3353 3389 3417 ἐξ.

2288 3454 2355 3505 Ὃ
2397 3453 2452 3506 δὲ
2490 3454 2658 3518 λέγει,
2699 3452 2936 3506 τοιοῦτον
2973 3454 3089 3504 ἐστι
3118 3466 3132 3480 ο
3168 3447 3286 3501 Τῶν
3328 3444 3453 3514 παρ’
3479 3439 3803 3513 ἀνθρώποις

2211 3542 2519 3611 λεγομένων
2566 3543 2754 3596 κακῶν
2801 3542 2895 3594 καὶ
2938 3538 3215 3610 δυσχερῶν
3268 3533 3434 3589 πολλὰ
3482 3530 3791 3598 κατενόησα

2212 3633 2491 3696 παντελῶς
2520 3633 2649 3686 ὅντα
2682 3632 2897 3703 ἀτερπῆ
2966 3632 3062 3683 καὶ
3094 3627 3317 3699 λυπηρά
3337 3669 3351 3693 ,
3398 3626 3491 3678 καὶ
3535 3619 3791 3691 οὐδεμίαν

530 3713 721 3782 ἔχοντα
751 3712 1080 3784 παραψυχὴν
1116 3716 1575 3787 παρομαρτοῦσαν
1602 3733 1614 3746 ·
1651 3718 1757 3769 τῶν
1789 3717 2011 3785 ἀγαθῶν
2056 3719 2112 3773 δὲ
2148 3721 2205 3772 ὲν
2244 3722 2343 3794 βίῳ
2373 3723 2879 3794 κατωνομασμένων
2924 3722 3075 3776 οὐδὲν
3113 3720 3341 3791 ἄμοιρον
3381 3716 3558 3787 λύπης
3590 3708 3796 3767 παντά-

532 3822 665 3859 πασι
695 3808 981 3876 τεθέαμαι,
1016 3806 1106 3875 ἀφ’
1131 3800 1245 3877 οὖή
1276 3806 1493 3878 ὀλεθρία
1514 3807 1608 3860 τοῦ
1635 3808 1792 3873 ξύλου
1824 3808 2013 3879 γεῦσις
2042 3813 2134 3865 καὶ
2166 3815 2194 3866 ό
2214 3815 2307 3868 τοῦ
2336 3816 2687 3887 ἀνδροκτόνου
2717 3815 2908 3885 φθόνος
2944 3814 3147 3885 πικράν
3177 3830 3269 3883 μοι
3292 3809 3383 3865 καὶ
3422 3807 3670 3878 άλγηράν
3695 3804 3799 3874 τὴν

528 3902 629 3971 τῆς
664 3901 1025 3972 παραϐάσεως
1050 3902 1321 3972 τιμωρίαν
1348 3903 1710 3970 ἐναπήμεσεν.

531 4012 598 4069 59
625 4010 883 4073 Ilwctibi,
911 4028 1058 4074 caro,
1091 4012 1235 4065 dicta
1262 4014 1389 4074 sint,
1415 4030 1515 4065 non
1538 4013 1697 4078 facile
1720 4014 1976 4075 sanabili,
2000 4023 2104 4070 etc.

599 4104 680 4158 Ad
728 4113 779 4159 te
811 4120 973 4173 ergo,
1005 4120 1038 4156 ο
1072 4120 1234 4168 caro,
1285 4113 1481 4158 sanatu
1518 4104 1821 4167 dillicilem,
1852 4106 2109 4161 immedi—

529 4195 757 4249 cabilem
797 4196 938 4251 forte
982 4199 1096 4251 haec
1130 4214 1160 4251 a
1201 4200 1400 4254 nobis:
1443 4213 1568 4252 nam
1611 4198 1768 4254 hoste
1810 4214 2024 4256 amoena
2058 4212 2111 4257 te

530 4296 652 4342 utor
677 4299 731 4343 et
758 4306 972 4359 semper
1000 4291 1289 4357 militanti;
1326 4292 1499 4346 hostis
1531 4291 1715 4346 debita
1749 4308 1965 4364 semper
2000 4295 2106 4348 ini-

530 4383 670 4435 mica
708 4383 928 4451 placens
972 4399 1123 4443 caro.
1167 4393 1283 4438 tum
1317 4401 1459 4455 saepe
1498 4401 1805 4454 cooperans
1837 4388 1903 4441 ad
1940 4388 2107 4453 bona,

529 4482 643 4528 tum
669 4475 943 4529 ordinarie
972 4492 1239 4546 propensa
1263 4477 1327 4532 ad
1354 4479 1618 4533 malorum
1646 4480 1925 4550 abyssum.
1958 4479 2108 4536 Ferae

529 4567 825 4624 blandienti
865 4569 998 4623 mihi
1035 4571 1233 4626 similis
1268 4572 1470 4627 videris
1509 4581 1564 4628 et
1609 4573 1890 4637 adulanti,
1927 4584 1981 4629 et
2022 4576 2102 4628 iu-

528 4661 742 4716 terdum
780 4662 974 4717 acerbe
1014 4660 1310 4730 mordenti;
1359 4670 1412 4717 et
1443 4664 1551 4732 igni
1581 4665 1918 4720 calefacienti
1950 4666 2103 4721 simi-

528 4754 673 4816 labo,
718 4756 810 4809 sed
838 4765 892 4813 et
937 4756 1103 4813 simul
1144 4758 1500 4813 vehementer
1533 4761 1917 4831 refrigeranti;
1954 4762 2100 4833 quod

528 4853 829 4917 insolitum,
860 4869 1035 4924 eoque
1070 4856 1242 4924 magis
1268 4854 1462 4909 mirum
1485 4863 1589 4919 est,
1615 4858 1660 4911 si
1688 4857 1825 4913 lorte
1848 4858 1913 4911 ad
1943 4859 2100 4911 linem

526 4950 697 4995 totum
728 4945 859 4998 mihi
905 4946 1167 5001 benevola
1210 4950 1367 5003 lieres
1403 4964 1700 5022 pacemque
1768 4951 1964 5019 dares;
2005 4951 2104 5005 tibi

527 5046 678 5099 ergo,
712 5047 744 5085 o
767 5048 917 5110 caro,
943 5035 1055 5089 haec
1081 5038 1228 5091 dicta
1263 5038 1393 5105 sint,
1427 5039 1522 5094 sed
1550 5047 1605 5093 et
1631 5040 1725 5094 tibi
1754 5042 1946 5095 anima:
2000 5035 2102 5107 ipsi

529 5123 785 5178 dicentur
842 5137 1005 5195 prout
1059 5130 1270 5198 justum
1328 5140 1433 5188 est.
1489 5151 1507 5184 ι
1554 5132 1728 5199 Quis?
1771 5134 1971 5188 Unde?
2017 5143 2155 5211 aut.

527 5218 657 5285 quid
687 5220 789 5274 es?
820 5239 837 5271 ι
862 5228 915 5273 et
938 5235 1054 5289 seq.
1083 5220 1219 5286 Quis
1237 5230 1289 5278 et
1314 5225 1477 5289 unde,
1503 5232 1556 5279 et
1580 5225 1707 5295 quid
1729 5242 1786 5280 es
1805 5226 2107 5280 secundum

530 5321 806 5376 naturam,
846 5311 933 5365 dic
974 5312 1018 5366 si
1068 5312 1267 5380 habes;
1300 5316 1422 5384 quis
1458 5324 1510 5372 te
1542 5325 1814 5371 mortuum
1846 5316 2105 5371 ferentem

529 5414 626 5461 aut
653 5422 855 5476 corpus
891 5407 1151 5461 ferentem
1203 5409 1524 5478 plasmavit?
1573 5410 1705 5477 Quis
1747 5409 2109 5479 undequaque

531 5511 813 5556 oneratam
866 5510 919 5555 ct
963 5501 1027 5555 ad
1078 5510 1278 5558 terram
1322 5504 1605 5575 religatam
1654 5504 1863 5559 catenis
1915 5502 2107 5555 validis

531 5591 659 5647 vita:
696 5594 979 5663 religavit?
1015 5596 1299 5662 Quomodo
1344 5596 1633 5652 commista
1680 5594 1777 5651 es?
1827 5593 2109 5661 Quomodo

601 5777 713 5848 (ιο)
742 5779 923 5834 Codex
960 5780 1097 5837 ἀλλὰ
1126 5784 1241 5836 τίνα
1274 5783 1337 5835 τὰ
1366 5781 1628 5849 δυσχερεῖ.

2209 4025 2275 4079 59
2310 4024 2410 4078 Σοὶ
2429 4024 2548 4092 μὲν·
2576 4022 2673 4090 δὴ,
2700 4022 2877 4090 σὰρξ.
2902 4021 3029 4075 τοῖα
3059 4020 3371 4083 δυσαλθέῖ,
3407 4038 3459 4072 κ.
3489 4037 3537 4072 τ.
3562 4020 3611 4070 λ.

2281 4112 2423 4186 Πρὸς
2464 4112 2527 4167 σὲ
2567 4116 2664 4185 μὲν
2696 4111 2821 4178 οὖν,
2859 4108 2903 4166 ὦ
2938 4113 3094 4184 σάρξ,
3128 4114 3364 4183 δυσαλθῆ
3396 4131 3454 4165 τε
3488 4115 3579 4165 καὶ
3604 4111 3797 4164 δυσία-

2208 4224 2297 4261 τον
2333 4208 2681 4277 ὐπάρχουσαν
2706 4208 2929 4261 τοιαῦτα
2964 4209 3095 4279 παρ’
3126 4208 3280 4277 ἡμῶν
3304 4225 3316 4236 ’
3356 4206 3451 4258 καὶ
3476 4204 3585 4275 γάρ
3611 4202 3799 4273 ἐχθρῷ

2209 4317 2290 4352 σοι
2340 4300 2559 4370 εὐμενεῖ
2614 4300 2829 4370 χρῶμαι
2864 4301 2956 4354 καὶ
3013 4298 3462 4369 φιλοπολεμοῦντι
3524 4297 3634 4350 ἀεί.
3667 4295 3800 4347 Φίλ-

2215 4390 2406 4460 εχθρος
2434 4391 2542 4443 αἰεὶ
2572 4390 2867 4461 δυσμενὴς,
2892 4393 2923 4461 η
2960 4391 3094 4462 σὰρξ
3125 4390 3294 4457 φίλος,
3324 4389 3385 4441 τό
3412 4389 3512 4459 μὲν
3532 4386 3797 4457 συνεργὸς

2214 4483 2351 4553 πρὸς
2401 4483 2469 4535 τά
2522 4484 2661 4536 καλά
2693 4482 2979 4545 πολλάκις,
3036 4483 3095 4535 τὸ
3142 4482 3184 4535 δ’
3237 4482 3482 4544 ἐκτόπως
3528 4481 3795 4550 βρίθουσα

2213 4574 2347 4644 πρὸς
2394 4573 2578 4627 κακῶν
2632 4574 2825 4645 βάθος’
2864 4575 3036 4646 θηρίῳ
3080 4575 3189 4645 γὰρ
3223 4574 3454 4627 ἐοικέναι
3496 4590 3585 4643 μοι
3612 4573 3792 4635 δοκεῖς

2212 4663 2589 4735 προσσαίνοντι
2631 4666 2728 4733 μὲν
2761 4664 3066 4727 κολακικῶς
3088 4706 3101 4727 ,
3146 4664 3392 4717 δάκνοντι
3424 4663 3469 4717 δ’
3500 4665 3672 4716 ἐνίοτε
3704 4682 3795 4717 πι-

2210 4756 2388 4827 κρῶς,
2419 4758 2514 4811 καὶ
2544 4757 2677 4828 πυρὶ
2701 4758 3046 4829 θερμαίνοντι
3073 4758 3448 4829 παρομοιάσω,
3489 4757 3603 4809 ἀλλ’
3636 4757 3795 4828 αὐτῷ

2210 4852 2386 4922 τούτῳ
2419 4852 2511 4904 καὶ
2542 4851 2764 4923 ψύχοντι
2800 4852 3071 4924 σφοδρῶς·
3114 4852 3141 4904 ὃ
3171 4853 3261 4905 καὶ
3294 4852 3592 4922 παράδοξον
3614 4893 3629 4916 ,
3668 4854 3794 4919 μεῖ-

2214 4945 2303 5010 ζον
2343 4946 2397 4999 δὲ
2428 4944 2645 5015 θαῦμα,
2695 4946 2747 4998 εῖ
2777 4963 2905 4998 ποτε
2945 4946 3046 4998 κᾶν
3092 4947 3148 5008 ἐς
3200 4945 3425 5016 ὕστερον
3455 4943 3514 4996 τὸ
3541 4943 3661 4996 ὅλον
3697 4960 3794 5013 μοι

2212 5036 2442 5106 εὐμενὴς
2489 5037 2659 5104 γένοιο
2705 5037 2799 5090 καὶ
2845 5036 3163 5107 εἰρηνεύοις.
3218 5037 3308 5088 Σοὶ
3355 5038 3451 5105 μὲν
3481 5032 3573 5089 οὖν
3603 5035 3702 5105 δὴ,
3740 5029 3789 5089 ὧ

2214 5128 2382 5199 σάρξ,
2432 5128 2602 5205 ταῦτα
2654 5130 3060 5200 προσειρῆσθω·
3109 5129 3244 5182 ἀλλὰ
3274 5132 3367 5183 καὶ
3416 5130 3497 5182 σοι
3543 5131 3608 5198 τῇ
3641 5128 3791 5200 ψυχῇ

2214 5222 2350 5293 αὐτῇ
2381 5220 2449 5273 τά
2484 5221 2792 5291 καθήκοντα
2821 5222 3136 5292 ῥηθήσεται.

2358 5313 2487 5377 Τι’ςς
2514 5313 2730 5376 πόθεν;
2760 5312 2797 5380 ἢ
2828 5313 2886 5364 τί
2916 5312 3153 5379 πέλεια
3180 5330 3233 5366 κ.
3265 5331 3313 5366 τ.
3350 5312 3428 5377 ἐξ.

2283 5406 2378 5469 Τίς
2412 5406 2504 5459 καί
2552 5406 2712 5460 πόθεν
2769 5407 2859 5459 καὶ
2896 5406 2947 5459 τί
2999 5407 3138 5457 κατά
3177 5408 3275 5477 τὴν
3321 5407 3479 5475 φύσιν
3512 5408 3681 5478 αὐτὴν
3714 5402 3787 5468 εἴ,

2217 5498 2457 5568 φράσον,
2508 5498 2559 5550 εἴ
2592 5516 2672 5550 σοι
2720 5500 2917 5569 παρόν·
2949 5498 3032 5562 τίς
3078 5499 3133 5552 δέ
3170 5516 3227 5551 σε
3255 5499 3618 5570 νεκροφόρον,
3670 5501 3791 5571 ἢτοι

2219 5589 2599 5663 σωματοφόρον
2620 5630 2635 5655 ,
2692 5591 2982 5659 ἐποιήσατο
3004 5629 3016 5651 ,
3073 5592 3309 5663 στερεοῖς
3342 5591 3399 5642 ἐν
3426 5589 3650 5660 δεσμοῖς
3696 5586 3790 5644 τοῦ
