4044 6210
190 279 289 332 737

191 397 305 467 βίου
359 395 665 467 καταδήσας
718 397 1050 466 πανταχόθεν
1105 397 1477 471 βαρυνομένην
1511 401 1604 453 καὶ
1632 416 1758 452 συν-

191 488 542 558 ειΑκυσμένην
593 490 670 551 είς
714 487 846 559 γῆν;
879 488 994 554 πῶς
1043 491 1280 561 ὲμίγης;
1322 492 1441 556 πῶς
1482 490 1756 564 ἐκράθης,

191 584 404 651 πνεῦμα
450 576 604 648 οὖσα,
625 580 704 652 τῷ
755 581 908 654 βάρει
949 582 1043 635 τοῦ
1077 582 1356 651 σώματος
1390 584 1506 647 πῶς
1542 583 1598 636 δὲ
1634 583 1758 645 νοῦς

190 675 423 728 πέλουσα
445 712 461 735 ,
531 674 691 744 σαρκὶ
755 673 1023 747 κραθῆναι
1086 675 1390 742 κατεδέξω;
1462 675 1639 746 κούφη
1699 675 1756 728 δὲ

187 769 524 840 τυγχάνουσα
568 766 683 830 πῶς
721 768 884 838 ἄχθος
912 770 1130 839 φέρεις;
1158 767 1342 822 Ταῦτα
1382 768 1491 839 γὰρ
1522 769 1759 823 ἀντικεί-

194 880 326 932 μενα
357 861 431 924 ὡς
453 861 663 913 ἐναντία
695 860 942 931 ἀλλήλοις
974 862 1320 933 διαμάχεται.

190 951 254 1006 69
293 954 360 1004 Et
381 950 496 1019 μὲν
523 948 599 1016 δὴ
629 949 966 1016 σάρκεσσιν
994 951 1432 1098 ὀμόσποροῖθές
1465 953 1610 1016 βίον
1635 947 1760 1034 ,ἦλ-

1370 1041 1454 1089 ες,
1477 1041 1532 1076 κ.
1558 1040 1608 1075 τ.
1636 1041 1684 1076 Α.

1370 1041 1454 1089 ες,
1477 1041 1532 1076 κ.
1558 1040 1608 1075 τ.
1636 1041 1684 1076 Α.

260 1112 642 1184 Προσλαλήσας
688 1117 754 1185 τῇ
802 1115 967 1186 σαρκὶ
1011 1116 1260 1189 πρῶτον,
1298 1113 1416 1170 εἶτα
1460 1119 1527 1187 τῇ
1575 1117 1756 1186 ψυχῇ,

187 1207 285 1259 ὅσα
329 1205 790 1278 θεοληπτούμενον
823 1208 989 1280 ἄνδρα
1020 1208 1342 1280 προσλαλεῖν
1373 1209 1570 1279 ἐχρῆν,
1603 1205 1760 1271 αὖθις

189 1299 324 1372 πρὸς
360 1300 458 1370 τὴν
506 1299 682 1371 ψυχὴν
715 1303 841 1372 περὶ
861 1301 959 1372 τῆς
1010 1303 1129 1356 κατ’
1156 1303 1324 1374 αὐτὴν
1353 1304 1619 1373 γενέσεως
1664 1302 1759 1357 καὶ

189 1392 326 1464 πρὸς
373 1393 434 1444 τὸ
497 1391 656 1463 σῶμα
713 1394 1066 1464 συγκράσεως
1114 1395 1419 1463 διαλέγεται
1473 1394 1760 1465 θεοφορού-

193 1501 350 1552 μενος
371 1525 384 1547 ,
420 1485 480 1538 Et
510 1485 606 1552 μὲν
638 1485 754 1556 ἅμα
776 1524 789 1548 ,
834 1485 1008 1554 λέγων
1030 1528 1045 1550 ,
1089 1485 1166 1556 τῷ
1200 1487 1412 1558 σώματι
1465 1487 1560 1540 καὶ⁸
1584 1486 1721 1558 αὑτὴ
1740 1527 1755 1546 ,

184 1568 231 1628 ὦ
273 1576 447 1647 ψυχὴ,
475 1578 908 1648 συσπειρομένη,
939 1581 1004 1649 τῇ
1043 1578 1270 1649 μητρῷα
1302 1580 1503 1649 γαστρὶ
1548 1595 1757 1646 συγκα-

186 1668 452 1739 τεσλήθης
471 1709 485 1732 ,
531 1670 626 1722 καὶ
674 1669 819 1723 οὕτω
879 1670 1158 1742 παρῆλθες
1198 1672 1278 1733 είς
1302 1671 1395 1724 τὸν
1426 1670 1562 1741 βίον,
1587 1668 1633 1723 ὦ
1665 1687 1758 1741 μοι

187 1761 284 1830 τῆς
342 1760 602 1828 συζυγίας
651 1761 742 1814 διὰ
805 1762 1017 1833 μακροῦ
1069 1763 1436 1834 ἀπολομένηςί
1489 1765 1597 1818 Καὶ
1651 1764 1758 1834 γὰρ

196 1849 348 1903 εἰκὼν
381 1847 526 1902 εἶναι
565 1850 700 1904 Θεοῦ
755 1845 1106 1922 φρονῶν“καὶ
1136 1851 1494 1923 μεγαλαυχῶν
1514 1894 1527 1916 ,
1557 1870 1761 1923 μαργο-

202 1939 351 2010 σύνης
402 1942 636 2012 αἰσχρᾶς
676 1943 770 1996 καὶ
799 1944 996 2014 ἀτίμου
1044 1945 1282 2015 ρεύσεως
1329 1946 1758 2015 ἀποτετέλεσμαι

194 2031 320 2094 υἱός.
354 2033 688 2103 Αἰσχύνομαι
716 2035 780 2106 δὴ
809 2031 902 2088 οῦν
936 2038 1148 2107 μητέρα
1184 2038 1368 2108 τιμῆς,
1402 2039 1545 2108 φημὶ
1571 2038 1637 2110 δὴ
1660 2037 1761 2108 τῆς

184 2124 389 2188 είκόνος
409 2164 424 2188 ,
458 2126 558 2196 τὴν
588 2127 689 2195 τῆς
719 2128 922 2198 σαρκὸς
954 2129 1250 2183 ἀκόλαστον
1275 2129 1496 2201 λέγωνῆ
1519 2129 1759 2184 ὑπονοῶν

183 2216 509 2287 ἐπιθυμίαν·
544 2219 878 2291 εὐλαϐοῦμαι
913 2223 1008 2274 καὶ
1039 2223 1185 2276 δέδια
1221 2223 1432 2294 μητέρα
1457 2223 1554 2293 τῆς
1582 2223 1760 2293 ψυχῆς

179 2309 286 2378 τὴν
316 2309 496 2380 ρεῦσιν
524 2313 720 2375 εἰπεῖν,
756 2313 839 2366 ὃτι
883 2314 1022 2384 αὑτὴ
1054 2315 1151 2383 μὲν
1180 2307 1446 2388 ἔφθαρται
1475 2316 1556 2378 είς
1601 2315 1759 2386 σῶμα

183 2407 424 2474 παγεῖσα
452 2405 660 2478 βροτοῦ,
686 2408 744 2472 ὃς
772 2409 868 2463 νῦν
899 2410 1000 2480 μὲν
1027 2411 1220 2480 ὁρᾶται
1248 2408 1433 2481 βροτὸς
1455 2425 1762 2476 γενεσιουρ-

180 2497 401 2568 γηθεὶς,
431 2495 581 2562 αὖθις
604 2499 662 2553 δὲ
682 2501 802 2554 οὐδὲ
828 2501 1040 2573 βροτὸς,
1071 2501 1208 2554 ἀλλὰ
1244 2502 1391 2563 κόνις
1419 2501 1674 2570 ἐσόμενος
1698 2499 1761 2552 τὸ

175 2591 514 2646 τελευταῖον.
547 2593 610 2645 El
652 2588 774 2657 οὖν,
823 2592 869 2646 ὦ
898 2594 1065 2664 ψυχὴ,
1095 2596 1158 2664 τῇ
1190 2593 1354 2663 σαρκὶ
1380 2591 1760 2660 συγκατεσπά-

181 2699 324 2754 ρης.
359 2685 430 2755 μή
459 2700 584 2738 ποτε
616 2685 709 2739 καὶ
745 2684 1280 2756 συγκαταφθαρῇις].

255 2779 331 2831 Εἰ
360 2776 424 2830 δὲ
454 2778 533 2830 σύ
558 2779 608 2846 τ’
637 2779 884 2847 οὐρανίη
911 2795 1030 2843 τις,
1054 2795 1106 2830 κ.
1142 2795 1189 2833 τ.
1227 2778 1307 2842 ἐξ.

256 2868 451 2939 Είητερ,
487 2871 647 2939 φησιν
667 2910 679 2931 ,
704 2871 801 2940 οὐχ
817 2870 1145 2940 ὁμόσπορος,
1175 2864 1222 2924 ὦ
1245 2869 1412 2941 ψυχὴ,
1434 2869 1662 2938 γέγονας
1684 2869 1762 2940 τῷ

179 2960 436 3030 σώματι,
469 2959 652 3032 ὥσπερ
681 2961 787 3014 οὐδ’
825 2963 1074 3032 ὁμοφυης
1110 2961 1261 3028 (πῶς
1289 2962 1432 3032 γάρ;
1462 2963 1543 3016 ὃτι
1573 2961 1636 3014 τὸ
1665 2962 1763 3032 μὲν

177 3052 318 3122 χοῦς
357 3052 448 3104 καὶ
492 3051 671 3122 ἐπάγη
704 3056 767 3106 ἐκ
803 3054 948 3123 χοὸς.
976 3055 1041 3108 σὺ
1073 3053 1130 3106 δὲ
1159 3053 1417 3125 οὐρανίας
1459 3052 1764 3122 κομπάζεις

181 3140 406 3210 φύσεως
436 3135 572 3194 εἶναι
618 3143 714 3194 καὶ
747 3141 1089 3212 ἀφθάρτου),
1124 3141 1246 3195 ὅθεν
1277 3141 1430 3211 ἔφυς,
1467 3143 1763 3213 σαφήνισον

179 3238 320 3305 ἡμῖν
344 3250 362 3264 ⁶
395 3236 442 3292 εί
476 3234 575 3303 μὲν
603 3234 738 3287 Θεοῦ
770 3236 924 3306 άημα
951 3235 984 3305 ἢ
1018 3234 1263 3304 πνεῦμα,
1305 3236 1398 3288 καὶ
1426 3234 1608 3304 λάχος,
1645 3235 1762 3304 ἦτοι

178 3327 420 3396 κλῆρος,
450 3324 526 3388 ὠς
553 3325 684 3388 οἴει,
717 3326 809 3378 καὶ
845 3342 908 3395 με
919 3327 1022 3396 ρὶς,
1050 3323 1203 3394 ῥίψον
1232 3322 1560 3377 ἀτασθαλίαν
1584 3324 1764 3375 πᾶσαν

180 3419 404 3481 ἀδικίας
438 3435 499 3471 τε
524 3418 616 3471 καὶ
649 3419 942 3488 πονηρίαν,
976 3419 1069 3471 καὶ
1111 3419 1478 3489 συνθήσομαι·
1528 3418 1625 3470 καὶ
1657 3417 1765 3488 γὰρ

191 3511 326 3563 οῦδὲ·
341 3510 511 3574 ἔξεστι
537 3510 631 3563 τοῦ
675 3510 879 3578 ἀγαθοῦ
909 3511 1002 3563 καὶ
1032 3509 1275 3580 καθαροῦ
1315 3510 1475 3578 φύσει
1509 3512 1701 3580 μοῖραν
1729 3508 1764 3579 ἢ

184 3602 487 3672 ἀπόρροιαν
545 3602 925 3672 ὑπάρχουσαν,
977 3601 1152 3672 κακὴν
1205 3596 1345 3652 εἶναι
1385 3601 1418 3670 ἢ
1459 3600 1631 3670 ῥύπου
1662 3597 1766 3652 κᾶν

171 3692 440 3747 ὁπωσοῦν
481 3695 537 3745 ὲν
568 3693 780 3764 μεθέξει
835 3694 1197 3748 καθεστάναι·
1250 3692 1370 3745 οὐδὲ
1420 3694 1528 3762 γὰρ
1576 3691 1766 3756 σκότος

171 3786 344 3858 ἡλίου
395 3786 635 3856 πέφυκεν
679 3785 992 3857 ἐνέργημα,
1023 3785 1147 3838 οὔτε
1190 3784 1426 3856 πονηροῦ
1457 3785 1550 3837 καὶ
1591 3783 1767 3853 ζοφὼ-

164 3878 312 3939 δους
355 3876 658 3946 πνεύματος
703 3876 991 3944 φώταυγον
1023 3877 1132 3946 (4⁸1)
1166 3875 1380 3946 πνεῦμα
1420 3875 1452 3947 ἢ
1499 3875 1768 3945 ἀγαθουρ-

165 3971 285 4034 τὸν
316 3967 514 4037 ἐξέφυ*
559 3968 620 4021 τὸ
649 3970 832 4039 ὅμοιον
864 3969 972 4038 γάρ
1005 3967 1146 4020 κατά
1177 3967 1338 4035 φύσιν
1365 3968 1549 4038 ὅμοιον
1578 3968 1764 4038 γεννᾷ.

163 4060 318 4122 Πῶς
345 4055 439 4112 οὖν
468 4059 531 4112 σὺ
549 4099 564 4123 ,
592 4054 636 4113 ὦ
667 4059 834 4131 ψυχὴ,
867 4063 987 4121 ταῖς
1017 4059 1112 4113 τοῦ
1145 4058 1389 4130 Πονηροῦ
1421 4062 1617 4122 κακαῖς
1648 4061 1766 4112 ἐπι-

166 4148 380 4200 θέσεσι
422 4146 670 4200 τοσοῦτον
723 4147 820 4200 τοῦ
864 4146 1028 4217 ὀρθοῦ
1062 4146 1220 4214 λόγου
1273 4145 1369 4198 καὶ
1417 4144 1510 4198 τοῦ
1559 4145 1764 4214 ἀγαθοῦ

160 4239 522 4309 παρατρέπη
550 4239 644 4291 καὶ
686 4236 1058 4310 παρεξελαύνῃ
1082 4277 1096 4300 ,
1149 4237 1370 4308 καίπερ,
1408 4236 1482 4300 ὡς
1521 4237 1648 4306 φῂς,
1673 4236 1767 4290 οῦ-

165 4329 364 4400 ρανίῳ
395 4328 487 4380 καὶ
519 4327 708 4396 ἀγαθῷ
737 4326 1004 4397 πνεύματι
1044 4324 1499 4396 συγκεκραμένη;
1528 4325 1635 4376 Καὶ
1660 4322 1767 4396 γὰρ

159 4423 235 4476 εὶ
278 4419 464 4490 βοηθὸν
495 4419 689 4488 ἔχουσα
717 4418 980 4481 τοιοῦτον,
1006 4419 1098 4470 ἐπὶ
1121 4415 1374 4470 τοσοῦτον
1405 4414 1608 4487 βρίθεις
1633 4415 1769 4486 πρὸς

151 4514 294 4584 τήν
317 4513 420 4580 γῆν
449 4512 544 4565 καὶ
574 4511 743 4574 οὕτως
766 4512 857 4563 ἐπὶ
883 4510 942 4563 τὺ
966 4514 1147 4582 χεῖρον
1170 4511 1557 4582 καταρῤέπεις,
1592 4509 1672 4572 τίς
1703 4509 1769 4562 ἂν

147 4608 312 4674 ein;
361 4604 701 4675 ἐστερημένη
749 4603 1037 4675 βοηθείας;
1082 4602 1150 4654 Ai
1196 4602 1253 4654 αἳ
1284 4601 1384 4671 τῆς
1422 4599 1770 4671 πανωλέθρου

148 4699 391 4760 κακίας
423 4696 672 4768 ἀμίκτως
703 4698 840 4770 πρὸς
866 4699 926 4751 τὺ
948 4697 1150 4766 ἀγαθὸν
1176 4695 1555 4767 διακειμένηςί

257 4789 408 4844 Εἱδ⁹
440 4790 513 4844 οὔ
532 4807 633 4858 μοι
665 4792 872 4843 θεόθεν
889 4789 992 4852 σὺ,
1023 4806 1077 4844 κ.
1112 4807 1163 4841 τ.
1197 4787 1276 4854 ἐξ.

253 4882 326 4935 Εἰ
367 4882 444 4952 μὴ
483 4881 707 4952 οὐρανία
742 4883 836 4935 καὶ
891 4883 954 4934 ἐκ
983 4880 1077 4934 τοῦ
1128 4877 1522 4952 ὑπερουρανίου
1571 4875 1770 4948 Θεοῦὴ

144 4975 256 5046 σὴ
297 4974 459 5042 φύσις
482 4975 576 5028 καὶ
598 4974 873 5041 οὐσίωσις,
902 4969 946 5027 ὧ
967 4972 1136 5044 ψυχὴ,
1168 4973 1340 5038 πέλει,
1369 4972 1485 5036 δέος
1523 4989 1614 5042 μοι
1644 4970 1772 5040 σφό-

130 5071 300 5137 δρα
327 5066 489 5135 μέγα,
511 5067 606 5118 καὶ
627 5066 834 5134 ἀγωνία
852 5107 866 5129 ,
893 5066 986 5120 καὶ
1014 5063 1176 5133 φόϐος
1192 5063 1499 5135 ὑποτρέχει,
1542 5064 1616 5133 μή
1641 5078 1772 5115 ποτε

130 5157 338 5227 κενῷ
355 5158 587 5229 δοξαρίῳ
616 5158 930 5229 φυσιοῦμαι,
955 5159 1048 5211 καὶ
1070 5157 1409 5227 γαυριάματι
1441 5154 1771 5226 μετεωρίζο-

122 5265 318 5324 par,
342 5249 464 5320 εἰκῆ
491 5247 713 5315 πλάσμα
740 5250 834 5302 καὶ
858 5247 1022 5302 εἰκὼν
1051 5246 1188 5300 Θεοῦ
1219 5242 1357 5299 εἶναι
1390 5243 1770 5316 μεγαλαυχῶν.

111 5362 240 5425 87
303 5361 561 5432 Πλάσμίι
587 5363 734 5418 Θεοῦ
767 5363 1153 5432 παράδεισος,
1184 5361 1372 5432 Ἐδὲμ,
1404 5377 1526 5416 κ.τ.
1545 5361 1598 5416 λ.

249 5475 456 5530 Εἰπὼν
507 5477 762 5548 οὐρανίαν
813 5474 956 5534 εἶναι
1013 5478 1112 5549 τὴν
1161 5477 1372 5548 ψυχὴν,
1426 5475 1502 5539 ὡς
1551 5474 1775 5544 πλάσμα

101 5569 334 5633 Θεοῦ
375 5569 469 5623 τοῦ
511 5572 937 5644 ὑπερουρανίου,
968 5572 1035 5626 δι’
1082 5571 1110 5624 ὂ
1140 5572 1233 5625 καὶ
1269 5568 1637 5643 βοηθουμένην
1681 5568 1775 5620 ὑπ’

1204 280 1268 333 IN
1309 281 1616 336 CARMINA
1655 279 1936 336 ARCANA
1973 277 2031 332 S.
2069 275 2417 333 GREGORII.

3334 277 3442 332 ’138

1864 395 2088 465 spiritus
2117 409 2243 448 cum
2286 394 2397 458 sis.
2436 407 2601 448 onere
2627 391 2876 462 corporis
2917 390 3121 446 domita
3165 391 3264 447 es?
3293 390 3438 457 Quo-

1864 485 2026 538 modo
2060 486 2275 538 animus
2308 499 2432 537 cum
2462 484 2571 546 sis,
2604 483 2891 554 imperium
2917 483 3102 536 carnis
3141 490 3330 535 coacta
3379 500 3441 535 es

1862 576 2142 646 recipere?
2163 573 2410 630 Pondere
2438 575 2697 630 immunis
2718 575 2846 644 quid
2879 574 3094 644 pondus
3125 573 3276 628 fers?
3303 571 3442 628 Nam

1863 667 1979 723 haec
2008 665 2110 724 sibi
2157 667 2389 729 invicem
2419 668 2702 720 contraria
2741 667 2882 720 inter
2912 682 2971 720 se
3005 672 3334 736 repugnant.

1863 937 1932 993 69
1972 935 2126 1003 Quod
2160 952 2206 990 si
2235 951 2355 988 cum
2387 933 2637 988 cantibus
2671 943 2792 988 sata
2823 934 2876 986 in
2906 934 3064 987 vitam
3094 934 3302 999 venisti,
3330 942 3439 992 etc.

1934 1029 2231 1099 Postquam
2269 1029 2421 1081 carni
2453 1029 2710 1096 primum,
2745 1026 2870 1080 dein
2907 1026 3122 1091 animae,
3155 1027 3300 1081 sicut
3331 1025 3446 1080 Deo

1866 1121 2182 1176 concitante
2226 1120 2375 1189 loqui
2421 1119 2654 1173 decebat
2698 1117 2900 1181 virum,
2934 1119 3150 1172 locutus
3181 1129 3286 1181 est,
3337 1120 3442 1172 ite-

1865 1228 1988 1268 rum
2017 1227 2142 1266 cum
2183 1213 2366 1266 anima
2400 1212 2466 1266 de
2508 1211 2686 1280 ipsius
2725 1218 2920 1264 natura
2953 1217 3008 1264 et
3052 1225 3173 1264 cum
3213 1224 3446 1279 corpore

1864 1306 1933 1360 de
1958 1305 2080 1374 ejus
2104 1306 2337 1361 mistura
2363 1312 2724 1359 conversatur
2747 1304 2935 1358 divino
2963 1303 3159 1371 spiritu
3193 1302 3441 1357 amatus:

1867 1397 2170 1470 Siquidem,
2219 1397 2422 1468 inquit,
2455 1411 2578 1451 cum
2617 1411 2848 1465 corpore
2890 1404 2946 1451 et
2985 1397 3124 1464 ipsa,
3171 1410 3204 1449 ο
3236 1394 3441 1457 anima,

1866 1495 2134 1563 inspirata
2164 1508 2194 1548 e
2225 1492 2418 1546 matris
2449 1490 2659 1561 gremio
2689 1490 2873 1544 exiisti
2904 1498 2960 1544 et
2991 1490 3056 1542 ad
3080 1489 3246 1542 vitam
3286 1488 3442 1542 veni-

1866 1587 1956 1650 sti,
1991 1600 2069 1639 vae
2117 1583 2251 1638 mihi
2303 1581 2375 1637 ob
2417 1581 2863 1650 conjunctionem
2908 1580 3054 1634 lente
3089 1577 3444 1649 pereuntem!

1867 1676 2000 1731 Nam
2034 1677 2214 1744 imago
2240 1672 2334 1728 Dei
2365 1672 2510 1742 quod
2542 1673 2644 1725 sim
2680 1673 2934 1741 cogitans
2969 1677 3024 1725 et
3054 1673 3318 1741 glorians,
3349 1671 3445 1726 de-

1866 1769 2085 1822 mentia:
2137 1765 2316 1835 turpis
2354 1771 2409 1818 et
2459 1765 2842 1832 ignominiosa:
2900 1762 3134 1832 originis
3191 1764 3447 1832 perﬁcior

1866 1861 2035 1916 illius.
2084 1857 2364 1912 Erubesco
2403 1871 2535 1926 ergo
2579 1865 2810 1909 matrem
2858 1854 3103 1918 honoris,
3138 1855 3260 1908 dico
3309 1855 3440 1908 ima.

1866 1954 2047 2025 ginis,
2103 1950 2433 2006 infrenatam
2478 1949 2657 2002 dicere
2729 1951 2823 2000 aut
2843 1946 3109 2014 suspicari
3133 1949 3316 2002 carnis
3347 1963 3443 2000 cu-

1861 2045 2159 2112 piditatem;
2203 2043 2292 2112 pio
2340 2041 2536 2096 aﬂ'ectu
2571 2047 2626 2095 et
2658 2046 2927 2093 tremente
2976 2053 3168 2092 vereor
3213 2047 3446 2093 matrem

1862 2138 2059 2190 anima:
2136 2133 2491 2188 inﬂuxionem
2555 2145 2900 2196 memorare,
2962 2132 3089 2200 quia
3147 2131 3266 2200 ipsa
3325 2132 3446 2202 qui-

1861 2231 1984 2283 dem
2024 2244 2150 2282 cum
2197 2226 2555 2296 corruptione
2604 2223 2910 2279 seminatur
2954 2224 3008 2277 in
3053 2239 3255 2294 corpus
3296 2239 3444 2278 mor-

1861 2323 1989 2377 talis
2040 2321 2348 2390 coagulata,
2391 2318 2484 2388 qui
2527 2333 2675 2372 nunc
2718 2317 2936 2371 videtur
2986 2318 3237 2372 mortalis
3292 2333 3448 2370 crea-

1860 2421 1972 2472 tus.
2001 2419 2190 2482 postea
2224 2410 2481 2478 verojam
2518 2425 2627 2462 non
2657 2409 2927 2470 mortalis,
2962 2409 3053 2463 sed
3080 2410 3264 2478 pulvis
3296 2407 3450 2462 fotu.

1862 2521 1958 2559 rus
1988 2507 2042 2558 in
2075 2505 2259 2559 tinent.
2293 2502 2351 2558 Si
2378 2519 2531 2574 ergo,
2574 2518 2609 2557 ο
2637 2504 2844 2565 anima,
2889 2503 2942 2554 in
2973 2517 3138 2554 carne
3175 2500 3447 2555 seminata

1861 2600 1961 2663 sis,
1997 2597 2123 2652 vide
2156 2613 2224 2650 ne
2262 2597 2426 2650 simul
2462 2598 2862 2664 corrumparis.
2908 2614 2925 2645 ι
2960 2593 3016 2647 Si
3050 2609 3178 2647 vero
3205 2594 3446 2649 cmlestis

1864 2697 1988 2756 tu..,
2025 2709 2042 2740 ο
2078 2696 2133 2743 et
2170 2703 2288 2758 seq.
2325 2687 2407 2750 Si,
2440 2687 2639 2757 inquit,
2677 2703 2788 2740 non
2829 2701 2894 2740 ex
2940 2687 3105 2740 simili
3143 2686 3376 2756 origine,
3412 2700 3450 2736 ο

1863 2781 2068 2845 anima,
2097 2779 2376 2850 prodiisti,
2408 2794 2473 2833 ac
2512 2793 2739 2848 corpus,
2784 2793 2884 2832 nec
2916 2793 2946 2830 a
2990 2777 3155 2832 simili
3199 2777 3321 2831 loco
3349 2793 3447 2846 ge-

1862 2875 1978 2927 nita
2003 2889 2085 2938 es,
2117 2873 2289 2943 quid?
2321 2870 2457 2926 Illud
2487 2871 2709 2941 quidem
2738 2878 2884 2925 terra
2913 2879 2966 2924 et
2999 2878 3275 2939 sumptum
3301 2878 3388 2923 est
3417 2885 3452 2922 e

1861 2975 2030 3027 terra,
2065 2975 2121 3018 ιιι
2162 2975 2344 3019 tamen
2379 2961 2590 3016 caelesti
2639 2971 2836 3015 natura
2870 2967 2925 3014 et
2968 2960 3288 3028 incorrupta
3334 2961 3450 3027 glo-

1864 3057 2063 3113 riaris?
2099 3054 2253 3110 Unde
2280 3063 2401 3110 orta
2429 3069 2509 3119 es,
2542 3053 2725 3108 indica
2771 3053 2902 3106 mihi
2942 3071 2955 3105 :
2987 3052 3034 3106 si
3067 3065 3097 3104 a
3136 3050 3247 3106 Deo
3307 3051 3449 3107 hali-

1865 3161 1953 3206 tus
1979 3158 2034 3206 et
2064 3149 2291 3219 spiritus
2316 3163 2399 3212 es,
2430 3155 2481 3203 et
2515 3161 2645 3217 pars
2682 3152 2778 3198 aut
2815 3143 3209 3212 liaareditas,ut
3252 3147 3452 3213 opina-

1866 3245 2034 3312 ris,et
2065 3245 2265 3315 portio,
2306 3257 2522 3296 omnem
2557 3240 2781 3294 malitiae
2827 3239 3150 3292 thesaurum
3198 3246 3251 3291 et
3295 3238 3453 3290 mali-

1865 3335 2125 3404 gnitatem
2159 3332 2394 3404 projice,
2423 3339 2478 3386 et
2519 3330 2884 3386 consentiam.
2915 3327 3127 3382 Etenim
3172 3341 3281 3383 non
3323 3328 3452 3382 licet

1878 3424 2008 3479 boni
2052 3431 2109 3478 et
2139 3423 2262 3494 puri
2293 3430 2502 3493 partem
2536 3420 2864 3476 naturaliter
2908 3426 3003 3472 aut
3047 3418 3452 3474 emanationetu

1864 3527 1991 3567 esse
2028 3513 2226 3566 malam
2263 3520 2359 3566 aut
2394 3511 2666 3580 quantulo
2704 3508 2836 3562 libet
2866 3509 3029 3562 modo
3063 3507 3196 3563 fecis
3223 3509 3450 3576 partici-

1869 3619 1992 3675 pem
2021 3619 2167 3658 esse.
2188 3602 2324 3656 Nam
2362 3616 2464 3656 nec
2507 3600 2766 3655 tenebras
2807 3599 2995 3669 genuit
3024 3599 3158 3652 solis
3187 3597 3449 3661 efﬁcacia,

1867 3713 1969 3754 nec
1995 3697 2124 3750 mali
2159 3703 2214 3750 et
2244 3693 2598 3748 tenebrarum
2651 3692 2884 3761 spiritus
2911 3690 3150 3745 eﬂicacia
3195 3691 3449 3759 spiritum

1869 3791 2270 3847 illuminantem
2301 3795 2354 3842 et
2390 3787 2532 3840 bona
2565 3791 2884 3853 operantem
2936 3783 3123 3853 genuit
3152 3801 3163 3836 :
3197 3799 3320 3836 nam
3373 3782 3452 3837 si-

1867 3886 1996 3940 mile
2029 3883 2135 3938 sibi
2182 3879 2483 3936 secundum
2520 3885 2774 3932 naturam
2807 3875 3059 3946 quaelibet
3108 3891 3194 3930 res
3228 3875 3400 3945 gignit
3433 3894 3448 3929 :

1867 3975 2146 4049 quomodo
2175 3988 2306 4044 ergo
2337 3979 2418 4034 tu,
2454 3986 2488 4025 ο
2515 3970 2719 4034 anima,
2753 3968 2808 4022 in
2852 3969 3026 4023 malos
3063 3964 3188 4021 Mali
3220 3980 3450 4021 conatus

1868 4069 2004 4124 adeo
2042 4081 2071 4119 a
2109 4073 2260 4120 recta
2310 4063 2523 4116 ratione
2568 4069 2620 4114 et
2661 4076 2691 4113 a
2741 4059 2888 4113 bono
2918 4059 3233 4113 declinares
3264 4068 3319 4112 et
3374 4059 3452 4111 ir-

1869 4174 2175 4232 rumperes,
2225 4157 2376 4217 licet,
2412 4164 2472 4209 ιιι
2500 4154 2660 4218 dicis,
2701 4152 2913 4208 cmlesti
2945 4160 3000 4207 et
3044 4151 3190 4206 bono
3226 4150 3449 4220 spiritui

1869 4249 2313 4309 commiscearis‘!
2361 4246 2609 4318 Namque
2663 4247 2756 4300 tali
2812 4243 3000 4300 fruens
3056 4244 3355 4298 auxiliante
3401 4242 3450 4299 si

1869 4351 2080 4400 tantum
2114 4341 2487 4412 prosternaris
2527 4341 2580 4393 in
2627 4347 2867 4401 terram,
2917 4338 3108 4407 sicque
3157 4335 3224 4390 ad
3261 4336 3450 4406 pejora

1871 4446 1926 4491 te
1953 4434 2242 4500 extendas,
2271 4432 2405 4503 quid
2447 4432 2654 4486 auxilio
2689 4432 2884 4485 orbata
2928 4429 3273 4485 remanebis?
3299 4429 3449 4484 Eheu

1871 4529 2052 4583 letalis
2081 4526 2302 4581 malitia:
2346 4526 2551 4594 absque
2586 4524 2818 4578 mistura
2864 4538 2965 4592 pro
2998 4521 3142 4576 bono
3174 4523 3449 4591 impoten-

1869 4630 1958 4677 ter
1987 4621 2258 4691 jacentis!
2295 4638 2313 4671 ι
2345 4619 2402 4673 Si
2452 4633 2560 4672 non
2605 4633 2634 4671 a
2673 4616 2782 4671 Deo
2817 4625 2873 4670 ιιι
2907 4615 3063 4679 milii,
3092 4634 3112 4666 ι
3151 4623 3205 4668 et
3233 4630 3352 4685 seq.
3392 4613 3451 4667 Si

1877 4728 1983 4770 non
2023 4722 2107 4767 est
2137 4710 2382 4767 cmlestis
2415 4724 2514 4764 nec
2549 4709 2621 4763 ab
2668 4707 2940 4763 altissimo
2969 4706 3083 4761 Deo
3113 4714 3310 4759 natura
3355 4714 3449 4760 tua

1875 4816 1929 4861 et
1956 4805 2284 4865 substantia,
2310 4817 2344 4856 ο
2374 4801 2578 4866 anima,
2609 4816 2837 4871 magnus
2867 4798 3027 4853 valde
3051 4798 3217 4851 timor
3252 4807 3308 4852 et
3335 4806 3452 4851 tre-

1880 4913 2000 4951 mor
2023 4907 2077 4950 et
2102 4898 2244 4950 lucta
2268 4896 2532 4956 occurrit,
2562 4909 2630 4949 ne
2659 4892 2800 4948 forte
2831 4907 2970 4946 vana
3013 4893 3185 4962 gloria
3215 4900 3448 4945 lumeam

1882 4999 1935 5043 et
1964 4987 2269 5058 arrogantia
2304 5003 2389 5041 me
2426 4985 2684 5049 exaltem,
2717 4992 3027 5040 creaturam
3068 4991 3122 5038 et
3157 4984 3450 5055 imaginem

1883 5079 1977 5133 Dei
2023 5095 2108 5134 me
2132 5078 2368 5148 jactans.

1885 5361 1949 5414 87
1995 5357 2328 5427 Figmentum
2364 5356 2462 5411 Dei
2488 5319 2792 5426 paradisus,
2825 5355 2995 5424 Eden,
3023 5364 3132 5410 etc.

1957 5471 2152 5525 Dicens
2181 5470 2460 5524 cmlestem
2491 5471 2729 5523 animam
2755 5479 3017 5539 tanquam
3054 5467 3145 5521 Dei
3195 5461 3451 5520 altissimi

1882 5568 2114 5638 plasma,
2159 5565 2388 5634 ideoque
2431 5562 2499 5618 ab
2544 5561 2663 5634 ipso
2709 5561 2970 5632 adjutam,
3018 5557 3266 5632 quaedam
3309 5557 3453 5613 inter

243 5748 386 5818 (ιτ)
427 5749 765 5820 Mecum,
801 5751 880 5807 sic
914 5749 1075 5817 cod.;
1107 5749 1446 5807 addubitavit
1473 5749 1616 5805 hanc
1659 5747 1888 5804 formam
1925 5745 2314 5806 Schneiderus.
