4056 6238
636 261 743 317 739

636 386 875 437 nmxima
926 384 1127 436 auxilia
1167 399 1284 452 qua:
1319 398 1417 452 pro
1460 384 1574 453 ipsa
1627 384 1881 454 prwstitit
1930 392 2209 439 memorat.

634 474 820 527 ['rimo
857 490 988 543 ergo
1014 475 1331 543 paradisum
1372 474 1424 527 in
1475 474 1621 528 Edcn
1671 476 1723 527 in
1757 476 1951 529 animae
1978 476 2213 529 hominis

635 566 877 619 favorem
933 568 1233 635 plantavit;
1277 575 1329 619 et
1378 567 1614 636 primum
1661 568 1829 622 decus
1876 568 2213 637 gloriamque

633 657 875 727 perfudit
923 658 975 710 in
1025 659 1201 727 ipsum
1254 675 1415 727 quem
1465 660 1531 713 ad
1570 660 1860 729 imaginem
1908 658 2214 714 similitudi-

632 765 869 818 nemque
901 764 1056 801 suam
1092 750 1417 819 plasmavit;
1461 751 1660 805 deinde
1694 752 1746 805 in
1794 751 2055 804 auxilium
2109 751 2213 821 ipsi

629 841 779 895 dedit
840 843 1157 896 mandatum
1213 858 1317 912 quo
1356 843 1648 896 observato
1685 841 2113 896 immortalitatis
2159 849 2212 895 et

629 932 999 987 dcilicationis
1058 949 1185 1003 spes
1258 933 1701 1002 promittebatur.
1762 934 2016 987 Admissa
2084 949 2213 988 vero

628 1028 1074 1094 transgressione
1124 1028 1176 1079 in
1215 1026 1567 1095 irrequietam
1599 1027 1765 1079 vitam
1796 1027 1981 1090 istam,
2020 1041 2211 1096 pecca-

632 1115 703 1165 tis
731 1116 1100 1170 abundantem
1137 1126 1192 1170 et
1236 1118 1522 1171 mortalem
1560 1118 1685 1171 inde
1720 1119 1929 1187 lapsum
1962 1121 2208 1183 noxium,

627 1208 710 1261 sic
758 1210 875 1263 sine
908 1211 1183 1277 adjutorio
1219 1228 1327 1265 non
1370 1212 1609 1281 neglexit
1645 1213 1929 1267 hominum
1975 1221 2207 1268 amator.

628 1298 871 1355 Diversis
923 1304 1309 1357 institutorum
1356 1304 1654 1375 generibus
1700 1305 1815 1360 sive
1861 1305 2214 1375 generaliori-

629 1393 756 1457 bus,
796 1396 911 1449 sive
936 1399 1113 1466 magis
1136 1399 1471 1466 specialibus
1500 1400 1805 1469 impietates
1831 1409 1885 1453 et
1916 1398 2208 1468 impiorum

628 1490 683 1543 in
726 1490 903 1558 ipsum
954 1490 1176 1559 indigne
1228 1500 1349 1544 acta
1406 1492 1560 1561 juxta
1611 1491 1883 1559 justitiam
1931 1492 2209 1544 insecutus

624 1592 709 1636 est
746 1602 756 1635 :
792 1584 872 1637 sic
925 1584 1187 1651 paulatim
1241 1584 1325 1637 sui
1389 1584 1565 1653 ipsius
1612 1584 1906 1653 agnitionis
1958 1583 2209 1636 instituta

626 1677 827 1739 dabat;
864 1685 914 1729 et
952 1692 1093 1745 aqua
1137 1679 1299 1732 morti
1332 1677 1576 1732 deditum
1610 1677 1896 1731 inundavit
1942 1677 2207 1730 mundum

625 1777 679 1821 et
706 1767 1013 1836 fulguribus
1056 1768 1371 1823 incendium
1419 1770 1805 1839 spargentibus
1850 1767 2208 1823 Sodomorum

628 1862 915 1916 lasciviam
952 1863 1006 1916 in
1032 1863 1269 1931 cinerem
1296 1862 1523 1933 redegit.
1553 1863 1756 1917 Deinde
1780 1870 1901 1931 post
1924 1863 2038 1917 ha:c
2064 1862 2208 1916 aliud

624 1953 925 2007 remedium
983 1962 1077 2007 aut
1123 1955 1387 2007 auxilium
1439 1957 1823 2023 peccatoribus
1869 1954 1954 2009 lex
2005 1954 2208 2024 scripta

624 2062 721 2115 per
759 2044 998 2115 Moysem
1048 2046 1372 2101 insinuavit.
1408 2046 1653 2111 Quorum
1686 2047 1928 2099 omnium
1968 2044 2209 2100 fortissi-

626 2153 796 2201 mum,
838 2137 1072 2193 Domino
1118 2138 1506 2208 dignissimum
1538 2147 1591 2192 et
1639 2138 1898 2207 pietatem
1931 2153 2062 2207 erga
2107 2138 2209 2191 ho-

627 2230 808 2283 mines
861 2230 1102 2299 spirans,
1147 2230 1264 2299 ipse
1297 2230 1350 2282 in
1389 2239 1693 2299 temporum
1723 2229 2091 2298 plenitudine,
2136 2230 2209 2284 si-

625 2338 757 2374 num
796 2320 975 2375 Patris
1012 2337 1119 2375 non
1167 2323 1481 2391 relinquens
1526 2319 1697 2375 Filius
1729 2322 2042 2391 unigenitus
2089 2320 2205 2385 Dei,

626 2410 893 2477 Verbum,
946 2428 1262 2482 supremam
1316 2410 1409 2465 Dei
1461 2419 1711 2464 naturam
1768 2410 2019 2464 humana:
2072 2426 2207 2464 con-

627 2504 825 2572 iunxit,
879 2515 1027 2559 totus
1086 2505 1392 2559 secundum
1459 2504 1799 2574 bypostasim
1845 2511 1958 2556 tota
2012 2512 2209 2557 natura

623 2598 867 2651 humana
918 2613 1039 2652 sese
1091 2596 1382 2652 includens
1430 2597 1800 2661 ineﬂ‘abiliter,
1848 2600 1924 2653 ita
1970 2611 2027 2654 ut
2065 2599 2208 2655 Deus

626 2690 983 2757 impassibilis
1016 2705 1265 2753 manens,
1307 2692 1661 2760 passionibus
1696 2693 1832 2746 meis
1864 2708 1893 2745 a
1924 2700 2078 2762 parte
2103 2693 2208 2746 hu-

626 2796 786 2835 mana
828 2782 1063 2850 patiens,
1111 2782 1491 2837 fortitudinem
1550 2794 1604 2836 et
1635 2784 1777 2838 vires
1828 2784 1963 2837 mihi
2005 2785 2209 2853 praebe-

625 2882 728 2935 ret,
774 2884 827 2928 et
862 2890 945 2928 me
982 2876 1269 2928 mortalem
1324 2876 1443 2944 ipso
1477 2886 1896 2930 consummanle
1928 2877 2090 2929 deum
2128 2876 2207 2930 ef-

629 2964 835 3019 ficeret.
870 2966 1021 3019 Adeo
1066 2980 1220 3035 ergo,
1254 2966 1330 3019 ait
1370 2968 1549 3020 anima
1595 2983 1625 3020 a
1660 2967 1770 3022 Deo
1804 2969 2111 3022 illuminata
2155 2977 2208 3023 et

626 3058 806 3112 divina
859 3058 1134 3121 revelans,
1194 3058 1328 3111 mihi
1382 3059 1638 3127 praestitis
1692 3062 1761 3113 ab
1817 3060 2026 3128 optimo
2078 3061 2207 3114 boni

625 3158 875 3199 amatore
939 3147 1262 3209 beneficiis.
1312 3156 1702 3217 prmpotentem
1762 3158 1821 3202 ut
1875 3158 1929 3203 et
1988 3150 2210 3219 perillu-

627 3247 796 3290 strem
854 3237 1027 3291 habeo
1074 3239 1341 3291 animam.
1378 3237 1579 3293 Verum
1617 3255 1778 3293 suum
1828 3255 1979 3295 more
2019 3242 2111 3310 qui
2152 3257 2211 3296 se

626 3328 883 3381 occidere
936 3328 1093 3397 quasi
1160 3328 1371 3392 furunt,
1421 3330 1584 3385 corde
1642 3331 1845 3385 volenti
1899 3332 1953 3385 in
2005 3332 2209 3386 ferrum

628 3429 871 3481 ruentes.
907 3422 973 3475 ad
1017 3430 1249 3475 mortem
1288 3439 1413 3492 quae
1434 3426 1502 3482 ob
1519 3434 1797 3496 peccatum
1816 3422 1973 3481 nobis
2003 3425 2211 3494 impen-

627 3514 717 3569 det
756 3516 1064 3584 prmcipites
1108 3516 1455 3569 festinamus.

628 3606 845 3674 Ecquod
874 3608 993 3660 vita:
1031 3608 1223 3660 bonum
1254 3606 1350 3661 Dei
1371 3606 1509 3663 lux?
1534 3618 1588 3663 et
1626 3625 1743 3679 seq.

705 3699 763 3751 ln
799 3699 866 3753 iis
910 3712 1030 3768 qua:
1066 3700 1416 3768 reperiuntur
1461 3701 1515 3754 in
1570 3701 1670 3755 hac
1706 3703 1817 3756 vita
1846 3702 1973 3771 quid
2012 3700 2209 3757 testifi-

626 3790 864 3844 candum
914 3799 999 3845 est
1046 3792 1294 3845 bonum?
1356 3790 1703 3847 Unanimiter
1750 3794 2206 3864 respondebitur,

630 3883 813 3935 lumen
851 3878 1047 3944 :Nam,
1077 3882 1273 3951 inquit.
1308 3882 1446 3934 vidit
1480 3883 1620 3938 Deus
1667 3884 1850 3936 lumen
1880 3884 2023 3953 quod
2066 3891 2210 3938 esset

628 3978 833 4031 bonum
861 3995 874 4042 ;
906 3989 959 4031 et
1000 3979 1133 4046 quid
1191 3978 1336 4031 aliud
1382 3980 1580 4033 melius
1625 3986 1718 4031 aut
1738 3979 2035 4047 jucundius
2066 3987 2210 4034 esset

630 4084 822 4124 eorum
854 4083 978 4137 qua:
1016 4079 1144 4123 sunt
1177 4071 1231 4124 in
1267 4071 1417 4123 vita?
1465 4069 1571 4123 Sed
1602 4080 1656 4123 et
1692 4086 1760 4123 ne
1791 4071 1906 4139 ipse
1938 4073 2209 4143 particeps

628 4166 735 4219 sim
780 4171 877 4216 aut
917 4164 1071 4217 fruar
1119 4165 1313 4232 majori
1367 4172 1522 4232 parte
1571 4163 1747 4231 ipsius
1798 4179 1882 4217 me
1920 4164 2117 4219 invida:
2154 4176 2206 4220 et

627 4256 836 4310 odiosae
878 4257 1093 4325 privam
1143 4258 1404 4319 tenebrae,
1458 4258 1631 4311 aciem
1678 4255 1964 4310 oculorum
2002 4258 2203 4312 obscu-

630 4359 855 4415 ranles,
911 4364 1011 4403 nec
1053 4350 1184 4403 mihi
1223 4349 1345 4418 plus
1383 4349 1547 4417 hujus
1599 4359 1843 4403 remanet
1899 4350 2124 4406 luminis
2157 4351 2203 4407 si

631 4440 719 4510 pie
739 4444 923 4495 vivere
963 4450 1211 4512 reputor.
1247 4441 1506 4507 Quinimo
1539 4440 1719 4510 majus
1766 4442 1947 4495 lumen
1990 4442 2205 4497 videtur

631 4532 773 4602 apud
801 4533 1022 4602 impios,
1056 4533 1199 4587 unde
1230 4549 1315 4588 me
1340 4533 1622 4587 oculorum
1651 4534 1770 4587 acie
1801 4534 2047 4589 hebetem
2079 4550 2202 4604 pre-

632 4633 788 4679 catur
821 4624 963 4679 idem
995 4640 1120 4679 cum
1176 4626 1283 4678 illis
1329 4627 1451 4679 visu
1495 4640 1755 4695 prospere
1799 4626 2043 4695 assequi,
2080 4626 2205 4680 licet

632 4719 740 4772 alia
802 4732 867 4771 ex
926 4726 1079 4787 parte
1141 4717 1457 4771 inﬁrmitate
1505 4717 1746 4771 laborem
1801 4727 1855 4772 et
1906 4733 2101 4771 onerer
2152 4726 2205 4772 et

630 4818 902 4879 aegrotans
926 4808 1030 4862 sim
1062 4818 1117 4863 et
1152 4808 1346 4878 jacens
1384 4816 1439 4862 et
1464 4807 1709 4876 abjectus
1744 4827 1756 4862 :
1789 4824 1979 4863 verum
2009 4807 2103 4863 Dei
2139 4811 2206 4862 ti-

633 4916 751 4953 mor
782 4916 867 4956 me
897 4901 1161 4955 humilem
1188 4901 1282 4955 diu
1310 4908 1589 4970 noctuque
1615 4900 2043 4969 cogitationibus
2073 4916 2205 4955 con-

633 4992 911 5047 turbatum
937 5002 990 5047 et
1014 5003 1403 5061 consumptum
1431 4992 1585 5047 facit.

633 5081 736 5136 Ille
759 5100 839 5137 me
875 5088 1124 5154 superbus
1155 5087 1401 5155 supinum
1425 5086 1633 5156 impulit
1668 5094 1829 5149 retro,
1864 5093 1918 5138 et
1939 5100 2052 5155 seq.

706 5236 800 5291 llla
830 5238 1062 5307 superba
1094 5241 1203 5293 vita
1232 5249 1285 5295 et
1315 5241 1555 5308 excelsa,
1591 5241 1685 5295 illa
1713 5240 1893 5295 mollis
1928 5248 1982 5295 et
2017 5241 2210 5296 crude-

630 5333 698 5387 lis
730 5342 783 5388 et
816 5332 1071 5403 languida
1119 5333 1171 5386 in
1204 5336 1596 5404 voluptatibus,
1634 5334 1766 5403 pede
1801 5343 1982 5388 terens
2022 5334 2110 5387 illa
2154 5341 2209 5386 et

630 5439 660 5476 a
696 5424 1059 5495 propensione
1094 5424 1145 5476 in
1198 5440 1543 5494 progressum
1595 5425 1899 5494 reprimens
1931 5440 2017 5478 me
2062 5433 2208 5477 retro

632 5517 845 5585 repellit
876 5510 1050 5578 :Dixi,
1100 5516 1295 5585 inquit,
1331 5527 1379 5570 et
1432 5520 1657 5571 timores
1687 5526 1739 5570 et
1784 5526 1962 5570 metus
2002 5522 2055 5569 et
2096 5522 2205 5569 tre-

636 5619 816 5661 tnores
858 5607 1056 5672 quibus
1106 5620 1155 5662 te
1201 5616 1439 5678 torquet,
1487 5608 1777 5662 Tartarum
1830 5607 2202 5668 tenebrosum,

707 5743 751 5803 (ί
764 5742 813 5792 8λ
856 5741 988 5797 Cod.
1022 5744 1439 5813 νοσιλειόμενος.

1994 260 2285 319 NICETAS
2327 260 2532 315 DAVID

3785 264 3899 324 730

2320 385 2514 447 αὑτοῦ,
2551 384 2851 455 ὑπόμνησιν
2908 383 2972 435 δι’
3026 383 3216 451 ὀλίγων
3254 383 3361 434 τῶν
3397 381 3667 452 μεγίστων
3719 386 3895 441 αὑτοῦ

2320 477 2712 548 βοηθημάτων,
2751 471 2825 529 ὧν
2870 477 3009 547 ὑπὲρ
3048 476 3215 545 αὐτῆς
3261 475 3578 547 είργάσατο,
3628 482 3888 533 ποιεῖται.

2318 568 2538 640 Πρῶτον
2568 564 2660 622 οὖν
2693 568 2782 621 τὸν
2805 567 3127 637 παράδεισον
3149 568 3239 620 τὸν
3263 569 3320 620 ὲν
3364 567 3522 636 Ἐδὲμ
3549 567 3636 621 διὰ
3665 570 3765 639 τὴν
3794 571 3889 623 τοῦ

2316 661 2601 733 ἀνθρώπου
2649 660 2909 730 ἐφύτευσε
2955 660 3170 731 ψυχήν·
3204 659 3298 713 καὶ
3346 660 3558 730 πρῶτον
3590 660 3689 730 μὲν
3734 663 3893 724 κλέος

2316 754 2465 823 αύτῷ
2498 752 2719 823 κατέχεε
2765 752 2857 805 καὶ
2902 751 3089 818 δόξαν,
3128 753 3246 805 κατ’
3274 752 3459 805 είκόνα
3502 751 3718 815 πλάσας
3753 753 3893 805 ἰδίαν

2315 847 2409 901 καὶ
2436 846 2693 916 ὁμοίωσιν
2718 864 2731 877 ο
2761 847 2950 900 ἔπειτα
2976 845 3197 917 ἐντολὴν
3224 845 3373 915 αὐτῷ
3400 845 3617 903 δεδώκει
3646 851 3729 911 εἰς
3766 849 3893 920 βοή-

2316 940 2484 1001 θειαν,
2504 934 2571 1010 ἦς
2589 940 2685 1009 τῆς
2704 939 2996 1001 ἀθανασίας
3012 939 3165 1001 ὲλπὶς
3189 939 3280 991 καὶ
3297 937 3540 1000 θεώσεως
3555 941 3889 1010 ὲπήγγελτο’

2316 1032 2681 1102 παραϐάσεως
2710 1031 2765 1084 δὲ
2794 1032 3091 1101 γενομένης
3112 1070 3126 1094 ,
3174 1032 3267 1083 καὶ
3293 1033 3370 1094 εἰς
3401 1032 3488 1084 τὸν
3516 1032 3741 1103 ἐμπαθῆ
3769 1051 3893 1086 του-

2312 1126 2426 1179 τονὶ
2466 1125 2578 1195 βίον
2616 1125 2709 1177 καὶ
2745 1124 3113 1195 ἁμαρτητικὸν
3147 1124 3241 1176 καὶ
3274 1121 3466 1193 θνητὸν
3494 1122 3589 1175 τοῦ
3638 1126 3891 1193 παραϐε-

2313 1218 2541 1289 ϐηκότος
2589 1217 2796 1270 ἐκεῖθεν
2840 1216 3252 1285 ὀλισθήσαντος,
3304 1215 3411 1268 οὐδ’
3455 1214 3628 1278 οὕτως
3662 1218 3831 1269 αὑτὸν
3865 1220 3892 1269 ὁ

2313 1308 2691 1378 φιλάνθρωπος
2740 1307 3041 1378 ἀϐοήθητον
3072 1307 3348 1377 παρεῖδεν,
3376 1306 3652 1377 διαφόροις
3678 1310 3736 1361 δὲ
3766 1314 3892 1378 τρό-

2313 1416 2433 1461 ποις
2458 1398 2706 1461 παιδείας
2755 1397 3206 1469 καθολικωτέροις
3238 1398 3332 1449 καὶ
3361 1398 3755 1468 μερικωτέροις
3792 1404 3890 1465 τὰς

2312 1490 2564 1553 ἀσεϐείας
2592 1491 2685 1543 καὶ
2714 1489 3056 1555 ἀθεσίαςτών
3076 1490 3156 1552 είς
3181 1490 3341 1542 αὑτὸν
3370 1490 3711 1545 ἀσεϐούντων
3735 1496 3794 1545 ἐν
3814 1495 3889 1546 διο

2317 1582 2572 1653 καιοσύνῃ
2608 1583 3022 1653 μετερχόμενος,
3046 1581 3185 1635 οὓτω
3225 1582 3367 1636 κατά
3398 1584 3591 1655 μικρὸν
3622 1587 3765 1657 πρὸς
3795 1590 3889 1657 τὴν

2329 1676 2463 1730 ίδίαν
2492 1674 2657 1727 αὐτοῦ
2689 1674 2978 1742 ἐπίγνωσιν
3022 1674 3421 1744 ἐπαιδαγώγει·
3460 1678 3554 1729 καὶ
3594 1676 3752 1731 ὕδατι
3795 1682 3889 1750 μὲν

2311 1767 2656 1830 κατακλύσας
2683 1767 2771 1821 τὸν
2804 1766 3004 1837 κόσμον
3024 1766 3233 1837 ὀλέθρῳ
3267 1768 3619 1839 παραδέδωκε
3640 1812 3653 1832 ,
3693 1788 3888 1841 κεραυο

2312 1857 2422 1917 νοῖς
2444 1854 2501 1907 δὲ
2530 1855 2889 1925 πρηστηρίοις
2912 1856 3010 1925 τὴν
3035 1854 3143 1909 τῶν
3169 1856 3486 1928 Σοδομηνῶν
3514 1859 3883 1932 ὲξετέφρωσεν

2310 1948 2595 2017 ἀσέλγειαν
2616 1966 2628 1978 ·
2658 1948 2846 2002 ἔπειτα
2882 1949 3017 2019 μετὰ
3056 1949 3228 2003 ταῦτα
3256 1948 3381 2003 ἄλλο
3415 1952 3567 2020 ίαμα,
3604 1954 3727 2023 ἤτοι
3752 1957 3871 2025 βοή-

2312 2042 2495 2112 θημα,
2530 2045 2640 2105 τοῖς
2672 2043 3073 2112 ἁμαρτάνουσιν
3110 2045 3138 2095 ό
3171 2043 3413 2113 γραπτδς
3438 2044 3603 2114 νόμος
3637 2047 3718 2099 διά
3746 2047 3857 2099 Μω-

2314 2138 2449 2200 σέως
2478 2135 2842 2206 παρεισῆλθεν
2864 2152 2877 2164 °
2912 2140 2973 2188 τὸ
3011 2136 3229 2190 πάντων
3260 2137 3549 2208 κράτιστον
3570 2180 3584 2202 ,
3616 2141 3858 2211 κυριώτα-

2308 2228 2397 2281 τόν
2430 2245 2487 2280 τε
2524 2229 2616 2281 καὶ¹
2642 2227 3153 2298 φιλανθρωπότατον
3174 2269 3188 2291 ,
3222 2229 3384 2291 αὐτὸς
3414 2230 3470 2281 ἐν
3510 2229 3588 2300 τῷ
3612 2232 3719 2284 τῶν
3751 2235 3865 2303 χρό-

2310 2338 2414 2373 νων
2450 2318 2775 2390 πληρώματι
2819 2319 2927 2372 τῶν
2959 2320 3243 2390 πατρικῶν
3276 2321 3336 2373 οὐ
3376 2321 3599 2387 διαστὰς
3619 2327 3827 2379 κόλπων
3848 2329 3873 2377 ό

2312 2411 2605 2481 μονογενὴς
2637 2410 2768 2473 Θεὸς
2813 2412 2982 2479 Λόγος
3029 2413 3127 2481 τὴν
3160 2412 3452 2485 θεαρχικὴν
3485 2414 3647 2484 φύσιν
3690 2420 3757 2487 τῇ
3790 2420 3877 2469 dv-

2311 2501 2555 2572 θρωπίνῃ
2612 2502 3006 2573 συνεκέρασεν,
3055 2504 3174 2566 ὅλος
3236 2505 3333 2577 ὅλῃ
3397 2505 3519 2558 καθ’
3587 2507 3878 2562 ὑπόστασιν

2309 2592 2632 2663 ἁπορῤήτως
2697 2593 3112 2662 συνενούμενος,
3166 2594 3307 2656 ὅπως
3369 2595 3432 2647 ἂν
3477 2596 3610 2661 Θεὸς
3667 2600 3880 2669 ἀπαθὴς

2313 2684 2524 2754 μένων,
2572 2686 2684 2748 τοῖς
2730 2686 2880 2754 ἐμοῖς
2928 2685 2984 2738 δὲ
3014 2686 3210 2738 πάθεσι
3252 2686 3329 2756 τῷ
3366 2688 3692 2761 ἀνθρωπίνῳ
3730 2692 3881 2762 μείρει

2311 2777 2532 2841 παθὼν,
2584 2778 2735 2850 ίσχύν
2776 2779 2837 2831 τέ
2874 2795 2963 2848 μοι
2995 2780 3086 2831 καὶ
3126 2778 3353 2851 δύναμιν
3392 2782 3697 2853 παράσχοι,
3744 2790 3882 2853 κάμὲ

2309 2869 2399 2922 τὸν
2428 2870 2635 2941 βροτὸν,
2657 2870 2774 2923 θεὸν
2791 2869 3090 2934 ἀποδείξειε
3108 2871 3586 2942 τελεσιουργήσας.
3616 2872 3883 2925 Τοσοῦτον

2310 2958 2401 3015 οὖν
2428 2980 2537 3030 μοι,
2567 2964 2728 3032 φησιν
2752 2964 2783 3033 ἡ
2806 2963 3211 3033 θεοπτικωτάτη
3240 2964 3384 3033 ψυχὴ
3419 2966 3508 3015 καὶ
3536 2963 3735 3036 θεορρή
3746 2983 3882 3033 μων,

2314 3051 2422 3103 τῶν
2456 3053 2558 3104 ὑπὸ
2580 3053 2672 3105 τοῦ
2706 3055 3009 3123 φιλαγάθου
3046 3060 3486 3129 παρεσχημένων
3512 3061 3888 3131 εὐεργετημά-

2314 3158 2443 3205 των,
2477 3143 2626 3212 ὂμως
2664 3145 2974 3213 ἁδάμαστον
3003 3148 3083 3201 ἔτι
3129 3152 3223 3203 καὶ
3273 3151 3623 3220 ὑπερήφανον
3649 3154 3763 3222 ἔχω
3789 3157 3890 3224 τὴν

2312 3234 2523 3303 ψυχήν·
2557 3236 2698 3288 συῶν
2733 3238 2789 3292 δὲ
2820 3241 3023 3309 τρόπον
3062 3245 3337 3312 αύτοφόνῳ
3367 3245 3536 3313 μανίᾳ
3592 3244 3689 3296 καὶ
3738 3263 3893 3312 καρο

2312 3324 2428 3388 δίας
2466 3327 2777 3400 αὐθαιρέτῳ
2818 3334 2963 3402 ῥοπῇ
2995 3334 3133 3404 πρὸς
3162 3344 3245 3387 τόν
3277 3334 3513 3402 σίδηρον,
3560 3338 3747 3391 εῖτουν
3784 3342 3893 3393 τὶν

2312 3416 2378 3469 δι’
2420 3420 2697 3489 ἁμαρτίας
2748 3424 3150 3493 ἀπειλούμενον
3197 3430 3322 3499 ἡμῖν
3356 3427 3623 3497 θάνατον,
3672 3438 3888 3506 σπουδῇ

2313 3526 2494 3581 χωρου
2506 3531 2626 3580 μεν.

2315 3606 2469 3657 Τίπτ’
2498 3603 2723 3673 ἀγαθὸν
2745 3605 3009 3668 βιότοιο;
3042 3603 3188 3658 Θεοῦ
3213 3602 3386 3671 φάος,
3408 3618 3460 3654 κ.
3486 3618 3539 3655 τ.
3579 3602 3664 3667 ὲξ.

2381 3694 2445 3747 Τί
2481 3697 2610 3748 ποτέ
2641 3698 2756 3748 ἐστι
2802 3696 2909 3747 τῶν
2943 3696 3000 3747 ὲν
3029 3695 3162 3765 τῷδε
3202 3694 3279 3763 τῷ
3314 3693 3412 3762 βίῳ
3441 3693 3876 3763 μαρτυρούμενον

2309 3792 2502 3857 καλόν;
2542 3790 2763 3851 Πάντως
2806 3788 3259 3857 συνομολογήσεις
3288 3787 3348 3839 τὸ
3389 3787 3523 3854 φῶς.
3564 3783 3722 3838 Εἷόεν
3751 3785 3881 3854 γὰρ.

2310 3882 2473 3952 φησιν
2496 3923 2511 3945 ,
2562 3882 2590 3932 ὁ
2620 3880 2751 3941 Θεὸς
2797 3879 2857 3931 τὸ
2891 3879 3005 3946 φῶς
3054 3880 3134 3931 ὅτι
3168 3878 3332 3930 καλόν
3354 3893 3369 3909 ·
3416 3878 3464 3929 τί
3490 3876 3535 3929 δ’
3567 3877 3633 3929 ἂν
3673 3876 3767 3929 καὶ
3799 3878 3887 3948 εἴη

2310 3976 2435 4029 ἄλλο
2474 3974 2737 4044 βέλτιονῆ
2780 3973 2925 4043 ἥδιον
2956 3974 3066 4035 τοῖς
3112 3974 3169 4025 ὲν
3207 3971 3283 4041 τῷ
3317 3970 3451 4041 ﬁfty;
3488 3970 3623 4023 ἀλλά
3663 3971 3759 4023 καὶ
3791 3970 3890 4039 τῆς

2310 4066 2473 4119 αὐτοῦ
2509 4064 2921 4137 μεταλήψεωςῆ
2972 4062 3326 4127 ἀπολαύσεως
3383 4062 3442 4114 τὸ
3491 4062 3672 4114 πλεῖον
3726 4063 3890 4132 μέῳς

2312 4160 2346 4227 ἠ
2382 4156 2616 4227 φθονερά
2645 4173 2710 4226 με
2738 4157 2832 4208 καὶ
2857 4155 3095 4225 στυγητὴ
3123 4156 3419 4226 ἀποστερεῖ
3439 4153 3645 4215 σκοτία,
3676 4155 3742 4204 τὺ
3773 4153 3892 4217 ὀξυ-

2311 4243 2500 4313 δερκὲς
2539 4244 2635 4313 τῆς
2670 4242 2907 4311 suam;
2945 4242 3282 4311 ἐξείργουσα,
3320 4242 3416 4295 καὶ
3448 4242 3598 4294 οὐδὲν
3633 4243 3767 4311 ἐμοὶ
3803 4242 3888 4294 τοῦ

2312 4334 2487 4404 φωτὸς
2512 4332 2663 4385 τοῦδε
2698 4333 2857 4387 πλέον
2887 4333 2961 4396 ὡς
2993 4335 3231 4386 εύσεϐεἶν
3275 4330 3616 4403 νομιζομένῳ
3636 4351 3650 4363 ο
3692 4335 3888 4402 μᾶλλον

2316 4426 2413 4497 μὲν
2441 4421 2532 4480 οὖν
2562 4426 2623 4478 τὸ
2658 4426 2839 4478 πλεῖον
2873 4429 2983 4489 τοῖς
3011 4425 3297 4479 ἀσεϐοῦσιν
3332 4424 3728 4494 ἐνορᾶσθαι,ὡς
3753 4426 3890 4495 κάμὲ

2310 4518 2727 4590 ἀμϐλυώττοντα
2768 4518 3057 4586 ἐπεύχεται
3087 4517 3179 4570 τοῦ
3218 4516 3332 4569 ἴσου
3364 4517 3545 4579 αὐτοῖς
3574 4520 3679 4585 τῆς
3717 4518 3891 4587 ὅψεως

2311 4612 2713 4679 κατευστοχεῖν,
2753 4610 2954 4680 καίπερ
3010 4609 3173 4662 τᾶλλα
3223 4610 3504 4681 ἀρρωστία
3551 4626 3611 4661 τε
3662 4611 3889 4681 κάμνων

2311 4703 2403 4755 καὶ
2426 4702 2844 4773 νοσηλευόμενος
2876 4702 3008 4773 (48),
3039 4704 3129 4754 καὶ
3156 4702 3563 4772 κατακείμενος,
3590 4704 3693 4755 καὶ
3720 4704 3886 4770 ὀλιγο-

2309 4795 2495 4865 ψυχῶν
2513 4812 2524 4824 ·
2556 4794 2718 4863 φόϐος
2744 4795 2798 4847 δέ
2825 4813 2891 4865 με
2912 4793 3045 4847 Θεοῦ
3071 4796 3478 4864 κατακάμπτει,
3513 4796 3817 4865 ήμεριναῖς
3834 4810 3889 4845 τε

2311 4886 2554 4957 φροντίσι
2590 4887 2679 4939 καὶ
2705 4888 3043 4959 νυκτεριναῑς
3069 4885 3455 4954 δαπανώμενον
3485 4885 3579 4937 καὶ
3621 4902 3892 4961 κατατρυ·

2310 4980 2373 5050 χό
2380 4997 2556 5050 μενον.

2314 5071 2509 5141 Οὗτος
2535 5078 2566 5129 ὀ
2591 5076 2941 5143 βρισαύχην
2962 5091 3034 5144 με
3069 5074 3167 5127 καὶ
3191 5074 3401 5140 ὕπτιος
3422 5070 3585 5215 ὦσεῖ·
3610 5076 3859 5129 ὀπίσσω
3876 5116 3889 5137 ,

3573 5162 3627 5205 κ,
3654 5164 3708 5199 τ.
3745 5150 3824 5213 ἐξ.

3573 5162 3627 5205 κ,
3654 5164 3708 5199 τ.
3745 5150 3824 5213 ἐξ.

2378 5228 2543 5299 Οὗτος
2566 5239 2593 5289 ὁ
2622 5235 2866 5306 ὑψαύχην
2895 5236 3005 5306 βίος
3051 5238 3143 5290 καὶ
3182 5238 3473 5309 μετέωρος,
3500 5240 3527 5290 ό
3572 5237 3774 5303 ὕπτιος
3805 5240 3896 5292 καὶ

2308 5330 2606 5400 ἀνάλγητος
2647 5331 2741 5381 καὶ
2775 5330 3186 5394 ἀναπεπτωκὼς
3214 5335 3333 5393 ταῖς
3372 5330 3610 5401 ἡδοναῖς,
3652 5331 3759 5398 λὰξ
3786 5336 3897 5385 ἐπι-

2309 5421 2409 5481 ϐὰς
2442 5417 2592 5486 οὗτος
2622 5424 2713 5475 καὶ
2752 5423 2852 5493 τῆς
2878 5424 2956 5486 εἰς
2987 5424 3047 5475 τὸ
3078 5424 3266 5495 πρόσω
3296 5424 3467 5493 φορᾶς
3496 5424 3784 5493 ἀνακύψας
3818 5428 3895 5487 είς

2310 5514 2551 5568 τούπίσω
2596 5532 2661 5585 με
2713 5515 3003 5568 ἀπώσατο·
3042 5515 3206 5568 Εἶπον
3252 5515 3335 5575 δὲ,
3370 5516 3529 5586 φησι,
3570 5518 3669 5569 καὶ
3691 5518 3762 5571 τὰ
3786 5516 3895 5571 δεξ-

2316 5623 2461 5676 ματα
2504 5608 2595 5659 καὶ
2639 5607 2763 5671 τοὺς
2817 5607 3016 5676 φόϐους
3060 5611 3152 5663 καὶ
3196 5610 3449 5679 τρόμους,
3507 5602 3592 5672 οἷς
3620 5626 3680 5662 σε
3729 5626 3899 5663 xan-
