4056 6238
231 252 337 311 7H

235 371 507 444 κάμπτει,
532 372 815 448 τάρταρον
851 373 1129 447 ήερόεντα,
1151 376 1423 430 σκοτεινὸν
1450 376 1609 448 ’ᾼδου
1643 377 1823 450 χῶρον

236 466 334 519 καὶ
370 465 599 537 ἀλαμπῆ
648 464 766 519 λίαν
808 466 1172 535 φαντάζεσθαι
1196 465 1621 538 παρασκευάζει,
1652 470 1821 540 Πυρι-

237 555 607 625 φλεγέθοντας
636 554 732 619 οὓς
759 556 823 625 δή
867 573 1033 625 φασιν
1067 557 1346 627 Ἕλληνες,
1386 559 1609 627 γέενναν
1639 559 1694 612 δὲ
1726 559 1821 612 καὶ

238 645 356 720 πῦρ
404 646 667 701 ἄσϐεστον
707 646 774 701 τά
820 647 1085 720 θεαρχικά
1113 649 1225 721 (49)
1274 649 1429 719 λόγια
1460 651 1651 711 καλεῖ,
1695 652 1823 723 ἱμά-

240 738 411 802 σθλας
447 756 507 792 τε
542 738 679 810 πρὸς
704 740 916 804 αὐτοῖς,
963 740 1231 813 τιμωρίας
1278 743 1419 813 φημὶ
1446 744 1540 796 καὶ
1572 742 1821 808 κολάσεις

241 831 338 885 καὶ
386 830 671 901 δαίμονας,
728 832 1109 902 τιμωρητικάς
1163 828 1314 903 οἶμαι
1363 834 1659 904 δυνάμεις,
1714 834 1820 889 τῶν

241 924 531 995 ἡμετέρων
571 924 891 997 πράκτορας
937 924 1159 995 ψυχῶν,
1186 926 1285 989 τὰς
1329 927 1461 997 ἡμῖν
1496 926 1594 997 μὲν
1628 944 1817 998 συνερ-

239 1015 447 1082 γούσας
475 1014 600 1087 ἄρτι
642 1015 778 1086 πρὸς
809 1017 908 1087 τὴν
945 1017 1221 1088 ἁμαρτίαν
1242 1056 1257 1081 ,
1288 1019 1345 1071 ἐν
1389 1018 1566 1089 καιρῷ
1598 1019 1654 1072 δὲ
1699 1019 1823 1091 κρίσ-

241 1123 383 1169 σεως
430 1105 727 1178 τιμωροῦσι
763 1107 860 1178 μὲν
890 1107 1116 1172 ἐνδίκως
1136 1149 1151 1175 ,
1177 1108 1251 1172 ὡς
1280 1111 1823 1181 ἐπακολουθήσαντας

242 1199 428 1252 αὐτῶν
463 1201 583 1262 ταῖς
626 1199 917 1263 ὑποϐολαῖς
937 1239 953 1264 ,
1002 1200 1096 1254 καὶ
1140 1201 1301 1254 αὑταὶ
1326 1202 1382 1254 δὲ
1418 1202 1511 1255 ἐπὶ
1540 1202 1601 1255 τὸ
1641 1202 1824 1256 διπλάο

246 1307 366 1343 σιον
424 1290 1000 1362 συντιμωρηθήσονται
1042 1294 1157 1355 τοῖς
1198 1291 1552 1357 ὑπευθύνοις,
1602 1292 1677 1357 ὡς
1728 1294 1822 1347 καὶ

248 1380 798 1452 συμϐουλευσάμεναι
830 1383 901 1437 τά
928 1382 1005 1455 τῷ
1045 1382 1163 1453 Θεῷ
1194 1383 1435 1456 στυγητά
1462 1385 1557 1438 κα)⁸
1578 1402 1641 1437 συ
1651 1403 1823 1456 μπρα-

243 1474 495 1544 ξάμεναι,
524 1474 590 1527 δι’
609 1475 638 1527 ὃ
666 1475 762 1529 καὶ
802 1476 1110 1547 πράκτορες
1137 1477 1245 1529 τῶν
1267 1477 1551 1549 ἡμετέρων
1577 1477 1822 1549 εἴρηνται

241 1565 456 1637 ψυχῶν.
499 1564 684 1620 Ταῦτα
711 1566 789 1630 δέ,
821 1569 974 1637 φησὶ,
1011 1568 1187 1621 πάντα
1217 1567 1385 1639 μῦθος
1415 1569 1511 1638 μὲν
1531 1569 1818 1640 λεγόμενα,

241 1661 337 1714 καὶ
359 1659 611 1723 ὑπόθεσις
632 1659 865 1728 γέλωτος
893 1661 1216 1715 καθίσταται
1235 1661 1347 1724 τοῖς
1371 1660 1628 1714 ἀσεϐέσι·
1657 1661 1817 1732 μόνον

239 1750 297 1803 δὲ
336 1749 401 1803 τὺ
434 1748 572 1802 κατὰ
601 1748 662 1801 τὸ
709 1750 884 1820 παρὸν
928 1749 1024 1820 ἡδὺ
1053 1750 1148 1803 κα)¹
1182 1750 1442 1821 ἐράσμιον
1468 1750 1651 1815 αὐτοῖς
1675 1768 1820 1822 νομι-

244 1842 370 1896 σθὲν
411 1843 581 1913 ἀπρὶξ
607 1842 926 1910 ἀγαπῶντες
959 1843 1051 1896 καὶ
1083 1841 1483 1914 περιεχόμενοι,
1517 1843 1618 1913 τῆς
1642 1845 1700 1897 ἐν
1740 1844 1819 1897 ἐλ-

246 1935 361 1988 πίσι
396 1933 632 2004 βασάνου
660 1934 767 1987 οὐδ’
793 1934 1040 2006 ἡντινοῦν
1061 1934 1337 1988 ποιοῦνται
1368 1935 1723 2007 ἐπιστροφήν.

381 2024 574 2080 Λῶτον
594 2021 674 2097 ἦν
692 2026 982 2095 ἀλιτροῖς,
1014 2044 1066 2081 κ.
1106 2045 1155 2083 τ.
1188 2028 1233 2084 ἑ.

310 2118 484 2172 Τοῦτο
514 2115 669 2189 οἶμαι
713 2118 805 2172 τὸν
850 2117 1106 2190 θεοφόρον
1135 2119 1303 2191 ἄνδρα
1344 2119 1431 2174 διά
1457 2119 1608 2174 τοῦδε
1641 2135 1821 2190 παρα-

238 2209 433 2283 δηλοῦν
460 2210 555 2264 τοῦ
589 2211 773 2277 ἔπους,
809 2212 885 2276 ὡς
913 2210 1119 2282 βέλτιον
1152 2207 1219 2280 ἦν
1253 2212 1361 2285 ἄρα
1394 2213 1489 2267 καὶ
1520 2211 1795 2275 λυσιτελὲς

238 2305 354 2367 τοῖς
379 2302 723 2374 ἁμαρτωλοῖς
745 2302 844 2372 μὲν
873 2301 1195 2374 ἀτιμώρητα
1216 2298 1354 2357 εἶναι
1375 2304 1517 2358 κατά
1538 2304 1629 2358 τὸν
1649 2304 1821 2359 αίῶνα

240 2393 334 2447 τὸν
370 2393 630 2463 μέλλοντα
675 2394 771 2447 καὶ
804 2397 999 2465 πεῖραν
1030 2395 1129 2465 τῆς
1163 2396 1280 2448 ἐκεῖ
1304 2395 1578 2460 κολάσεως
1618 2396 1692 2468 μὴ
1724 2397 1821 2450 λα-

242 2484 387 2550 ϐεῖν,
439 2488 593 2557 εἴπερ
631 2486 731 2557 ἐμὲ
757 2486 897 2541 κατά
923 2486 1014 2540 τὸν
1068 2487 1309 2558 παρόντα
1339 2491 1462 2551 ταῖς
1490 2489 1591 2568 τῆς
1621 2489 1820 2554 κακίας

240 2577 339 2633 τοῦ
375 2577 490 2648 βίου
517 2578 854 2649 δυσχερείαις
898 2578 1188 2650 ἀσχάλλειν
1232 2582 1328 2633 καὶ
1358 2580 1606 2633 ἀνιᾶσθαι
1626 2597 1639 2610 ο
1668 2580 1811 2651 ἢοῦο

241 2686 380 2734 τως·
406 2670 673 2740 Συνέφερε
698 2673 808 2734 τοῖς
838 2671 1042 2742 ἐνόχοις
1062 2712 1076 2735 ,
1100 2671 1199 2743 τῆς
1228 2672 1499 2742 ἁμαρτίας
1519 2671 1816 2741 ἀφεθεῖσιν,

241 2760 584 2832 ἀπηλλάχθαι
610 2762 709 2832 τῆς
741 2760 974 2830 βασάνου
995 2802 1010 2825 ,
1041 2761 1137 2814 καὶ
1161 2760 1259 2830 ἐμὲ
1291 2761 1403 2831 (50)
1432 2763 1545 2821 τοῖς
1577 2761 1671 2814 τοῦ
1703 2761 1819 2832 βίου

241 2855 434 2916 κακαῖς
461 2851 657 2905 οὑτωσὶ
683 2849 1168 2922 ταλαιπωρεῖσθαι.

243 2946 349 3003 109
402 2944 576 2999 Ἀλλὰ
596 2943 654 2997 τί
674 2961 778 3012 μοι
804 2941 1092 3010 βροτέων,
1127 2942 1184 2995 τί
1216 2940 1285 2996 δέ
1300 2958 1401 3012 μοι
1433 2942 1621 2995 τόσον
1657 2939 1819 3012 ἄλγε’

906 3018 909 3021 ’
1244 3011 1510 3083 (ἀείδειν,
1546 3029 1600 3065 κ.
1622 3028 1673 3066 τ.
1695 3011 1745 3065 λ.

310 3104 677 3177 Παραμυθίαν
722 3106 843 3170 ταῖς
876 3102 1041 3157 αὑτοῦ
1095 3092 1530 3174 συμφοραῖςκαὶ
1571 3105 1685 3167 τοῖς
1725 3102 1818 3156 τοῦ

246 3197 496 3270 σώματος
539 3198 758 3266 ἄλγεσιν
805 3199 834 3251 ὁ
883 3196 1172 3270 ἱερώτατος
1205 3194 1434 3249 ἐπινοῶν
1473 3195 1818 3267 πρεσϐύτης,

248 3294 362 3346 Ἵνα
406 3290 461 3346 τί
491 3309 615 3363 μοι,
649 3291 784 3361 ἔφη,
829 3290 923 3342 ἐπὶ
959 3287 1210 3343 τοσοῦτον
1255 3287 1325 3341 τά
1359 3287 1468 3341 τῶν
1520 3286 1822 3360 ἀνθρώπων

248 3382 613 3457 ἐκτραγῳδεῖν
649 3381 886 3453 ὀδυνηρά
927 3381 1022 3435 καὶ
1054 3379 1153 3445 τὰς
1196 3378 1608 3450 συμπιπτούσας
1637 3379 1823 3435 ταλαι-

254 3477 455 3548 πωρίας
483 3474 805 3543 καταλέγειν
825 3490 839 3537 ;

383 3568 585 3624 Πᾶσιν
607 3569 857 3622 ἔπεστιν
882 3565 1050 3635 ἄχος.

314 3663 455 3716 Ilia".
485 3659 649 3725 ζώοις
682 3660 776 3713 καὶ
826 3660 958 3711 πᾶσι
1008 3659 1119 3720 τοῖς
1153 3654 1245 3710 τοῦ
1296 3655 1504 3727 κόσμου
1539 3653 1825 3726 στοιχείοις

248 3752 389 3823 λύπη
418 3753 533 3823 (51)
573 3751 666 3805 καὶ
713 3750 1025 3813 ἐναντίωσις
1056 3748 1420 3820 παρίσταται,
1454 3748 1515 3801 οὐ
1557 3746 1715 3818 μόνον
1742 3746 1821 3809 δὲ,

249 3842 383 3896 ἀλλὰ
429 3844 522 3895 καὶ
561 3844 676 3905 τοῖς
706 3841 1016 3911 ἀσωμάτοις
1054 3840 1269 3903 αὐτοῖς’
1321 3840 1414 3894 καὶ
1443 3841 1578 3912 αὐτῇ
1605 3838 1715 3911 (52)
1754 3841 1821 3911 τῇ

248 3932 669 4004 ύπερασωμάτῳ
699 3930 889 4001 Τριάδι
940 3929 1002 3983 τδ
1045 3930 1291 3996 ἀντίξουν
1334 3930 1428 3983 καὶ
1453 3928 1824 4000 ἀντικείμενον

250 4023 611 4095 παρομαρτεῖ.
658 4022 769 4074 Καὶ
799 4020 908 4091 γὰρ
947 4019 1035 4073 ἵνα
1074 4019 1172 4083 τὰς
1217 4018 1325 4073 τῶν
1371 4018 1526 4082 ζώων
1574 4022 1666 4073 καὶ
1714 4018 1824 4072 τῶν

250 4111 421 4165 ἀλλων
450 4109 611 4182 παρῶ
635 4109 931 4182 διαφθορὰς
949 4150 964 4172 ,
994 4109 1131 4181 αὐτὴ
1161 4111 1195 4181 ἡ
1232 4109 1305 4179 γῆ
1334 4109 1395 4163 τὸ
1432 4113 1690 4181 στοιχεῖον
1723 4112 1824 4164 ούκ

252 4202 539 4266 ἀτίνακτος
594 4200 704 4255 οὐδ’
768 4201 1016 4265 ἀσειστος
1076 4200 1353 4264 παντελῶς
1402 4201 1496 4254 καὶ
1544 4201 1821 4274 ἀτρεμής·

251 4293 537 4364 πνεύματα
586 4293 643 4347 δὲ
687 4292 970 4365 κρυφαίως
998 4291 1167 4365 αὐτὴν
1193 4291 1656 4363 διαλαμϐάνοντα,
1695 4295 1824 4347 ὅταν

253 4391 451 4445 ἀνωθεν
480 4388 624 4463 λάϐῃ
653 4389 714 4468 trp
760 4390 1055 4461 ἐνδόσιμον,
1110 4388 1524 4443 ἀνατινάσσουσί
1554 4406 1614 4443 τε
1656 4389 1825 4460 αὐτὴν

254 4483 340 4535 καὶ
368 4482 448 4545 ὼς
490 4480 572 4552 τῷ
614 4482 960 4554 ἐπιτρέποντι
996 4481 1145 4552 φίλον
1179 4481 1605 4536 ἐντινάσσουσιν’
1642 4483 1737 4536 καὶ
1767 4483 1823 4535 αί

251 4567 382 4643 ὧραι
407 4575 469 4628 δὲ
504 4572 601 4628 τοῦ
634 4574 787 4636 ἔτους
814 4574 1046 4645 ταχινῶς
1074 4573 1332 4645 ἀλλήλαις
1358 4572 1737 4645 ὑποχωροῦσαί
1767 4591 1826 4627 τε

251 4666 342 4720 καὶ
375 4665 715 4721 ὑπαπιοῦσαι
735 4707 750 4732 ,
793 4667 995 4739 τρόπον
1026 4665 1149 4720 τινὰ
1192 4666 1283 4719 ὑπ’
1326 4664 1568 4735 ἀλλήλων
1604 4663 1830 4735 ἀνατρέ-

254 4774 443 4812 πονται
461 4803 477 4826 ,
505 4759 773 4830 χειμῶνος
817 4759 915 4830 μὲν
944 4759 1049 4811 ὑπὸ
1074 4758 1268 4830 θέρους
1293 4756 1383 4810 διὰ
1412 4754 1506 4809 τοῦ
1551 4755 1710 4826 ἔαρος
1738 4773 1831 4827 με-

253 4849 608 4915 σολαϐοὖντος
651 4850 938 4922 λυομένου,
969 4850 1161 4922 θέρους
1186 4850 1243 4903 δὲ
1276 4846 1344 4904 αὖ
1373 4848 1462 4901 διὰ
1496 4848 1588 4900 τοῦ
1622 4847 1828 4918 μεταξὺ

256 4942 602 5015 φθινοπώρου
656 4943 1081 5015 ἀφανιζομένου·
1148 4942 1337 5012 ῶσπερ
1389 4958 1453 5010 γε
1486 4941 1578 4994 καὶ
1620 4941 1830 5013 ἡμέραν

258 5035 353 5103 μὲν
400 5036 717 5089 κατέπαυσε
780 5035 910 5101 νὺξ,
980 5035 1151 5089 νύκτα
1206 5035 1249 5088 δ’
1306 5032 1581 5087 ἀπώλεσεν
1646 5035 1673 5104 ή
1726 5033 1832 5097 ἕως

257 5128 551 5199 ἀνίσχουσα
566 5146 580 5160 υ
605 5128 794 5183 πάλιν·
822 5127 1042 5199 Χειμὼν
1064 5128 1160 5199 μὲν
1177 5128 1558 5198 ἐπιγενόμενος
1574 5125 1729 5195 ξοφοῖ
1740 5127 1833 5181 τὸν

256 5219 389 5292 ἀέρα
419 5222 515 5275 καὶ
558 5221 828 5287 σκοτάζει,
859 5222 1008 5293 ’ήλιος
1043 5222 1100 5275 δὲ
1131 5220 1351 5304 λάμψεις
1383 5221 1619 5293 ἀστέρας
1657 5221 1835 5292 ἀμαυ-

258 5312 367 5382 ροῖ·
411 5313 506 5366 καὶ
543 5312 679 5384 ἡλίῳ
713 5313 811 5382 μὲν
855 5312 1012 5381 νέφος
1043 5310 1407 5382 ἐπιπροσθοῦν
1433 5310 1710 5364 διακόπτει
1735 5310 1834 5382 τὴν

255 5403 448 5477 αἶγλην
477 5406 612 5477 (55),
668 5405 864 5479 σελήνη
911 5404 969 5458 δὲ
1015 5403 1276 5476 φθίνουσα
1328 5404 1423 5457 καὶ
1466 5406 1546 5468 εἰς
1594 5402 1832 5474 παντελῆ

326 5544 440 5617 (49)
478 5543 616 5617 ςοό.
654 5545 910 5617 θεάρχια,
942 5561 995 5599 v.
1026 5558 1189 5612 supra
1219 5550 1335 5596 not.
1370 5541 1461 5617 20.

329 5607 445 5683 (50')
488 5615 610 5671 Bill.
656 5617 713 5671 in
754 5607 1153 5672 'coiiitnentario
1192 5629 1290 5684 pro
1321 5612 1414 5665 καὶ
1447 5607 1833 5684 ἐμένεοτιῢετο

261 5687 441 5758 ηιιμῆ
487 5685 621 5758 ἐμέ.
652 5686 746 5758 sed
778 5688 943 5743 etiam
993 5700 1157 5757 supra
1194 5682 1420 5740 ‘Nicetas
1463 5682 1602 5738 dixit
1636 5683 1832 5755 εἴπερ,

263 5756 554 5827 quodnon
580 5757 842 5829 intelligo.

1230 255 1299 312 lN
1338 255 1648 313 CARMINA
1687 257 1969 315 ARCANA
2008 258 2066 316 S.
2124 257 2470 317 CREGORII.

3392 268 3503 327 ἨΞ

1924 380 2221 436 obscurum
2254 380 2376 433 Orci
2410 380 2589 435 locum
2622 390 2677 437 et
2705 381 2915 453 absque
2958 385 3163 441 lumine
3198 385 3499 443 fantasma.

1925 470 2072 524 tibus
2120 470 2399 524 abundare
2444 473 2936 543 praeparat,‘ignea
2991 472 3213 529 ﬂumina
3265 480 3499 545 quorum

1922 561 2293 615 meminerunt
2336 559 2533 628 Graeci,
2565 564 2869 632 gehennam
2921 571 2972 618 et
3024 565 3201 636 ignem
3238 569 3503 623 inexstin—

1921 651 2183 720 guibilem
2233 660 2433 706 vocant
2479 653 3040 724 propbetiaa‘divinre,
3094 664 3149 711 et
3194 656 3401 729 ﬂagella
3443 661 3504 716 in

1924 743 2096 813 ipsis,
2149 759 2340 814 poenas
2385 744 2510 800 dico
2557 755 2612 800 et
2653 749 3153 806 animadversiones
3199 761 3253 804 et
3298 753 3502 806 dtemo-

1923 852 2045 901 nes,
2075 839 2365 908 punientes
2396 847 2528 909 puto
2574 849 2896 910 potestates,
2932 854 3243 899 nostrarum
3274 860 3504 899 exsecu-

1923 937 2076 987 tores
2135 932 2466 997 animarum,
2521 949 2643 1003 qua:
2685 936 2970 990 uobiscum
3023 945 3327 1007 cooperatae
3372 949 3502 993 sunt

1926 1030 2176 1078 recenter
2199 1023 2265 1077 ad
2298 1033 2609 1093 peccatum,
2641 1025 2695 1078 in
2720 1034 2964 1097 tempore
2987 1043 3117 1083 vero
3136 1029 3328 1098 judicii
3355 1030 3504 1099 juste

1924 1111 2145 1182 quidem
2179 1114 2416 1183 puniunt
2450 1129 2544 1169 eas
2566 1130 2687 1184 qua:
2719 1132 2816 1186 per
2848 1118 3227 1189 instigationes
3258 1119 3501 1188 ipsarum

1925 1204 2200 1259 comitatae
2229 1214 2395 1271 sunt;
2447 1216 2499 1260 et
2547 1207 2678 1277 ipsa:
2710 1208 3094 1265 damnatorum
3134 1210 3379 1280 duplices
3413 1210 3505 1265 da-

1924 1296 2062 1351 bunt
2092 1312 2283 1367 poenas
2314 1314 2436 1369 quae
2471 1310 2768 1354 suaserunt
2794 1301 2982 1355 odiosa
3019 1301 3131 1356 Deo
3174 1318 3389 1372 unaque
3424 1302 3502 1358 fe-

1924 1397 2139 1454 cerunt,
2186 1390 2329 1444 unde
2361 1399 2675 1446 nostrarum
2708 1392 3011 1446 animarqu
3037 1403 3389 1451 exsecutores
3415 1394 3493 1449 di-

1922 1489 2022 1533 ctae
2066 1487 2216 1535 sunt.
2266 1479 2391 1536 Haec
2433 1482 2636 1546 omnia,
2683 1482 2881 1552 inquit,
2931 1484 3113 1539 fabula
3149 1486 3408 1540 dicuntur
3444 1496 3499 1543 et

1928 1570 2044 1624 risu
2070 1571 2231 1641 digna
2258 1584 2601 1642 reponuntur
2630 1573 2699 1628 ab
2726 1575 2942 1643 impiis;
2974 1584 3181 1630 tantum
3206 1580 3497 1648 veroquod

1924 1677 2164 1732 praesens
2192 1672 2276 1720 est
2310 1664 2471 1721 dulce
2510 1674 2563 1721 et
2595 1666 2897 1735 jucundum
2939 1668 3253 1735 judicantes
3287 1669 3501 1725 fortiter

1922 1759 2109 1806 amant
2159 1762 2213 1808 et
2260 1754 2474 1817 ardent,
2528 1756 2657 1810 dum
2705 1758 2964 1812 tormenti
3017 1774 3047 1811 ιι
3087 1775 3183 1828 spe
3224 1759 3496 1830 designati

1922 1845 2126 1898 nullam
2163 1861 2351 1900 curam
2400 1846 2620 1904 habent.
2664 1868 2681 1899 ι
2715 1848 2909 1905 Melius
2945 1859 3061 1905 erat
3089 1852 3360 1917 sontibus,
3391 1873 3409 1906 ι
3446 1865 3501 1915 et

1925 1952 2044 2006 seq.
2080 1935 2134 1991 ld
2176 1937 2351 1991 virum
2382 1939 2626 1993 divinum
2665 1938 3077 1997 demonstrasse
3101 1959 3198 2013 per
3225 1944 3339 1999 lucc
3379 1960 3501 2001 car—

1923 2028 2069 2081 mina
2100 2038 2231 2097 puto
2262 2047 2274 2082 :
2306 2028 2500 2084 Melius
2533 2039 2727 2084 eratet
2763 2033 2937 2114 magis
2965 2033 3283 2103 expediebat
3308 2050 3502 2104 pecca-

1922 2119 2134 2175 toribus
2156 2121 2423 2191 impunita
2455 2136 2577 2177 esse
2608 2123 2661 2176 in
2689 2123 2800 2176 vita
2829 2122 3011 2177 iutura
3045 2125 3182 2179 mala
3216 2142 3315 2181 nec
3342 2127 3502 2197 quid-

1924 2228 2091 2283 quam
2122 2212 2189 2267 de
2221 2214 2512 2268 tormentis
2539 2214 2692 2269 hisce
2719 2215 2976 2285 experiri,
3012 2217 3139 2271 licet
3167 2218 3220 2272 in
3248 2221 3504 2288 prasenti

1922 2306 2125 2360 saeculo
2163 2305 2428 2361 aerumnis
2465 2307 2809 2361 miseriarum
2856 2307 2982 2362 vita:
3016 2324 3185 2379 angar
3214 2319 3265 2363 et
3297 2311 3506 2382 allligar

1920 2412 2043 2466 ego.
2078 2397 2187 2450 Aut
2218 2397 2299 2452 sic
2325 2415 2339 2452 :
2364 2397 2597 2469 Expedit
2629 2398 2879 2453 sontibus
2906 2398 2999 2469 qui
3033 2414 3060 2452 a
3095 2409 3318 2470 peccato
3339 2404 3506 2456 soluti

1922 2498 2073 2549 sunt,
2106 2503 2134 2540 a
2166 2489 2460 2544 tormentis
2496 2490 2768 2544 immunes
2796 2491 3052 2553 transire,
3078 2507 3162 2547 me
3188 2492 3269 2546 sic
3300 2493 3352 2546 in
3391 2509 3503 2548 ma-

1921 2580 1990 2635 lis
2019 2580 2141 2635 vitze
2174 2579 2389 2659 relicto.

1924 2945 2025 3000 109
2066 2943 2168 2999 Sed
2208 2945 2334 3014 quid
2370 2942 2518 3008 mihi,
2545 2941 2684 3014 quid
2719 2951 2990 3010 tantopere
3020 2958 3228 2996 necesse
3257 2954 3333 2996 est
3363 2961 3506 2996 mor-

2543 3011 2762 3085 [talium
2788 3029 3056 3067 rerunmas
3079 3016 3301 3067 canere?
3328 3022 3433 3067 etc.

1996 3106 2416 3161 Consolationes
2470 3104 2617 3160 inter
2655 3105 2882 3159 adversa
2930 3113 3094 3175 atque
3132 3105 3349 3160 dolores
3392 3121 3508 3160 cor-

1925 3198 2077 3268 poris
2109 3198 2381 3253 meditans
2412 3197 2797 3252 sanctissimus
2819 3197 3081 3252 sacerdos
3107 3213 3122 3250 :
3150 3195 3283 3261 Cur,
3310 3197 3505 3267 inquit,

1924 3291 2063 3345 adeo
2099 3289 2401 3360 grandibus
2442 3290 2618 3345 tristia
2663 3289 2948 3343 hominum
2991 3289 3286 3345 condolere
3326 3292 3508 3346 verbis

1923 3392 1977 3439 et
2005 3383 2260 3438 miserias
2284 3383 2654 3452 opprimentes
2683 3382 2974 3452 repetere?
3006 3401 3024 3433 ‹
3055 3381 3325 3437 Omnibus
3355 3384 3510 3438 adest

1923 3475 2170 3530 aIlictio:
2199 3474 2486 3529 somnibus
2517 3474 2890 3530 animantibus
2917 3481 2973 3528 et
3002 3474 3262 3529 omnibus
3298 3490 3419 3544 qua:
3453 3475 3508 3530 in

1924 3566 2130 3621 mundo
2167 3565 2523 3620 continentur
2554 3564 2779 3619 aﬂlictio
2821 3572 2875 3620 et
2917 3565 3197 3635 oppositio
3230 3569 3502 3630 occurrit,

1924 3666 1979 3711 et
2064 3670 2174 3710 non
2222 3654 2394 3712 solum
2439 3654 2551 3718 his,
2598 3656 2694 3710 sed
2736 3663 2790 3707 et
2820 3660 2956 3713 item
2991 3656 3334 3726 incorporeis
3367 3657 3510 3711 enti-

1923 3749 2049 3804 bus.
2082 3747 2143 3800 In
2183 3745 2356 3815 ipsam
2401 3745 2562 3800 etiam
2600 3745 2921 3815 incorporea
2962 3760 3195 3815 quaeque
3244 3760 3511 3816 superau-

1925 3848 2033 3894 tem
2070 3837 2397 3892 Trinitatem
2434 3836 2673 3907 insurgit
2716 3836 2995 3891 contrarie
3019 3837 3309 3892 incurrens
3344 3846 3394 3892 et
3425 3837 3510 3907 ja-

1925 3948 2058 3987 cens
2107 3949 2123 3985 :
2171 3929 2219 3986 si
2280 3928 2425 3984 enim
2480 3926 2843 3981 animantium
2895 3927 3241 3999 aliorumque
3283 3938 3509 3996 praeter-

1926 4025 2129 4081 misero
2193 4021 2625 4089 corruptiones,
2717 4028 2858 4074 terra
2923 4019 3038 4089 ipsa
3106 4021 3161 4075 in
3226 4021 3511 4075 elementis

1926 4116 2043 4171 suis
2093 4129 2193 4168 nec
2238 4113 2567 4167 inconcussa
2639 4125 2741 4165 nec
2791 4110 2999 4180 absque
3058 4111 3167 4165 ulla
3215 4111 3512 4181 agitatione

1926 4215 1980 4263 et
2061 4207 2244 4277 quiete
2316 4212 2500 4258 manet
2544 4220 2558 4258 :
2600 4203 2828 4273 spiritus
2900 4203 3072 4273 ipsam
3151 4203 3294 4256 clam
3357 4204 3512 4257 inva-

1926 4301 2085 4366 dunt,
2118 4296 2338 4369 quando
2374 4311 2438 4351 ex
2475 4295 2585 4348 alto
2623 4295 2763 4349 dona
2801 4295 3043 4365 suscepit
3083 4294 3257 4364 ipsam
3299 4295 3513 4366 agitant

1927 4399 2016 4455 et,
2069 4388 2228 4459 quasi
2276 4387 2330 4442 id
2382 4385 2719 4456 permittenti
2766 4385 3013 4456 placeat,
3066 4387 3397 4458 peragitant.
3447 4385 3513 4441 Et

1906 4483 2190 4539 .velociter
2245 4494 2305 4536 se
2354 4478 2587 4533 invicem
2642 4479 3009 4549 propellentes
3059 4487 3122 4545 et
3178 4494 3515 4550 prosequen-

1932 4584 2017 4631 tes
2071 4574 2221 4629 bora:
2286 4571 2415 4626 anni
2465 4569 2701 4641 quodam
2748 4571 2911 4625 modo
2968 4571 3111 4626 inter
3171 4586 3232 4626 se
3279 4572 3513 4625 invicem

1935 4668 2352 4729 subvertuntur,
2397 4665 2624 4733 expulso
2664 4663 2732 4718 ab
2768 4671 2958 4719 testate
3013 4663 3191 4716 hieme
3239 4661 3515 4715 mediante

1935 4774 2097 4821 vere,
2138 4764 2326 4812 testate
2364 4770 2584 4810 rursum
2629 4769 2727 4824 per
2761 4753 3000 4809 medium
3053 4762 3377 4808 autumnum
3419 4751 3516 4808 de-

1938 4853 2199 4918 cedente;
2250 4849 2506 4905 similiter
2559 4856 2613 4903 et
2667 4848 2812 4902 diem
2897 4861 3118 4902 cessare
3181 4846 3310 4901 fecit
3362 4860 3514 4913 nox;

1936 4953 2153 5000 noctem
2195 4942 2467 4998 destruxit
2497 4954 2696 4994 aurora
2728 4953 2998 5008 surgens;
3055 4952 3272 4992 rursum
3298 4935 3517 4994 :Hiems

1938 5034 2334 5107 superveniens
2368 5033 2632 5086 obscurat
2669 5044 2795 5084 aera
2838 5038 2892 5084 et
2921 5030 3199 5091 tenebrat,
3234 5029 3316 5084 sol
3354 5030 3517 5085 reful-

1939 5142 2071 5198 gens
2120 5133 2269 5180 astra
2328 5123 2625 5194 pallescere
2681 5122 2811 5177 facit
2857 5129 2910 5177 et
2971 5121 3072 5177 soli
3120 5123 3514 5193 superveniens

1940 5219 2115 5274 nubes
2159 5216 2505 5288 splendorem
2556 5214 2677 5284 ejus
2729 5214 2961 5284 frangit;
3010 5215 3138 5270 luna
3186 5216 3514 5270 decrescens

1939 5312 1996 5360 et
2025 5303 2093 5357 ad
2131 5305 2352 5373 plenum
2377 5302 2594 5356 senium
2623 5302 2900 5357 inclinans
2930 5319 3127 5360 rursus
3170 5305 3281 5358 vita
3312 5301 3515 5357 crescit
3568 5308 3578 5318 ‘

1941 5414 2039 5455 sua
2070 5406 2125 5451 et
2157 5396 2302 5452 sicut
2332 5411 2524 5451 recens
2555 5405 2685 5451 nata
2731 5400 3130 5471 contemplatur
3179 5399 3410 5463 lucens;
3455 5404 3508 5451 ct

2012 5536 2122 5605 (5|)
2161 5536 2295 5592 Cod.
2326 5536 2538 5592 λλύπει.

2012 5610 2124 5675 (5'!)
2165 5608 2301 5680 Cod.
2339 5610 2496 5680 αύτή.

2014 5680 2125 5751 (53)
2163 5678 2297 5737 (20d.
2334 5678 2517 5750 αίγήν.
