4056 6238
511 314 617 372 745

513 429 694 500 ipsum
724 423 891 479 astris
921 419 1230 476 scintillans
1275 417 1474 471 coal-tm
1529 427 1637 467 non
1683 418 1861 464 totum
1915 421 2090 478 quan-

513 497 629 575 tum
664 528 746 571 est
781 530 1019 585 unquam
1051 505 1413 578 contemplari
1475 511 1582 563 est,
1640 514 1858 569 semper
1906 497 2087 551 Inedia

515 623 667 683 parte
693 618 908 664 tantum
943 605 1160 660 visibile
1189 609 1296 661 est,
1329 607 1382 653 et
1419 594 1804 665 hemispluerio
1836 592 2109 644 occulta!

514 682 640 764 tur;
675 709 728 754 et
764 697 1001 753 visibilia
1031 692 1219 747 mundi
1257 691 1525 744 elementa
1549 687 1740 740 eodem
1777 682 1940 737 modo
1969 696 2089 734 mu-

517 800 703 844 tantur
728 807 742 852 ;
767 799 820 843 et
851 801 928 848 tu,
965 786 1162 854 inquit,
1189 783 1487 836 l'ascinator
1513 778 1682 832 draco
1707 776 1846 846 ipse,
1878 772 2096 826 invidia:

1861 284 2157 343 NICETAS
2197 284 2404 343 DAVID

3661 261 3767 318 τιι

2198 407 2378 476 φθίσιν
2438 403 2618 460 ίοῦσα.
2673 399 2842 469 ἀναζῇ
2890 395 3049 450 πάλιν
3110 389 3205 444 καὶ
3253 385 3328 448 ὼς
3379 379 3769 476 ἀρτιγέννητος

2200 472 2453 569 βλέπεται
2501 491 2875 562 φωτιζομένη·
2928 483 3090 546 αὐτὸς
3117 481 3174 534 δὲ
3201 482 3228 532 6
3278 472 3768 569 detegendum-06:-

2201 586 2360 658 ρανὸς
2391 585 2489 654 οὐχ
2518 583 2637 644 ὅλος
2667 581 2791 640 ὅσος
2834 576 2950 630 ἐστὶ
2989 572 3206 626 πώποτε
3251 566 3552 628 κατῶπται,
3583 563 3673 617 ἀεὶ
3708 560 3773 614 δὲ

2196 678 2470 751 ήμιφανὴς
2492 677 2682 746 ὁρᾶται
2705 669 2892 740 καὶτῷ
2919 664 3259 738 ἡμισφαιρίῳ
3286 661 3737 751 κατακέκρυπται
3752 670 3768 683 °

2317 771 2384 825 τά
2413 770 2509 840 μὲν
2536 766 2787 838 ὁρώμενα
2817 761 2912 816 τοῦ
2961 761 3164 828 κόσμου
3197 756 3432 825 στοιχεῖα
3477 750 3624 804 τόνδε
3677 748 3775 800 τὸν

728 833 742 852 ,
768 833 820 843 ν-
852 833 928 848 ._.
965 833 1162 854 .--νη
1284 833 1375 834 ν
1729 833 1744 846 ,
1835 833 1842 835 ν

519 893 674 954 pater
697 893 749 936 et
773 881 982 952 peccati
1009 880 1163 932 radix
1191 891 1254 930 ac
1284 875 1426 938 fons,
1458 881 1510 927 et
1532 881 1610 936 tu,
1631 888 1662 922 ο
1688 870 1888 922 Salana
1920 865 2097 918 homi-

2213 864 2394 934 τρόπον
2432 859 2858 933 μετατρέπεται,
2900 854 2995 908 καὶ
3037 854 3100 904 σὺ
3133 849 3190 903 δέ
3212 891 3227 914 ,
3264 847 3427 919 φησὶν
3451 887 3465 909 ,
3499 843 3686 904 αὐτὸς.
3727 833 3777 892 ὦ

2472 953 2480 954 “
2715 944 2741 954 ⁵
2847 949 2856 954 ‘
3033 945 3056 954 ‘~
3077 944 3087 954 ‘
3291 941 3303 954 ι
3355 941 3366 952 υ
3535 936 3579 954 1η
3603 953 3613 954 κ
3660 931 3773 954 lt”;

523 977 665 1037 cida,
693 975 835 1027 inter
864 973 1142 1041 angelicos
1173 969 1378 1021 choros
1423 965 1569 1018 sicut
1598 963 1742 1015 inter
1787 967 1932 1012 astra
1971 954 2099 1009 luci-

525 1066 608 1122 fer
631 1070 833 1121 lumine
860 1072 1132 1133 praestans
1167 1073 1460 1130 apparens,
1492 1053 1688 1110 deinde
1713 1067 1808 1122 per
1828 1061 2095 1104 tumorem

528 1161 582 1214 in
616 1159 870 1212 tenebras
907 1171 1095 1209 versus
1125 1167 1206 1214 es,
1259 1150 1564 1204 caelestium
1605 1156 1860 1213 tanquam
1904 1152 2103 1209 Oppro-

523 1249 730 1313 brium,
762 1261 1021 1318 tanquam
1052 1245 1386 1300 abominatio
1420 1238 1782 1294 habitantium
1828 1232 2051 1288 evasisti
2080 1247 2096 1298 ;

525 1346 655 1400 hinc
677 1357 808 1410 ergo
837 1343 949 1394 sint
985 1341 1086 1392 ista
1118 1337 1183 1391 de
1219 1346 1414 1390 natura
1447 1341 1672 1386 creata:
1707 1328 1836 1382 inde
1853 1327 1985 1396 quid
2018 1326 2100 1378 in-

525 1444 710 1491 creata
754 1433 1108 1502 ingenitaque
1158 1427 1424 1487 Trinitas,
1457 1421 1761 1478 secundum
1800 1418 2097 1473 essentiam

529 1542 682 1583 suam
710 1522 1172 1580 incommutabilis
1203 1529 1256 1575 et
1299 1519 1560 1580 immota;
1599 1513 1845 1580 nunquid
1884 1511 2000 1580 ipsa
2047 1519 2102 1562 et

528 1617 751 1670 omnino
784 1627 997 1667 onmem
1033 1608 1305 1680 praeclusit
1343 1601 1784 1675 Oppositionem?
1830 1599 1934 1655 Sed
1977 1615 2104 1670 pro—

532 1709 661 1778 pitia
691 1707 845 1766 mihi,
877 1703 1109 1774 propitia
1140 1702 1237 1764 sis,
1273 1699 1520 1753 Trinitas
1545 1705 1732 1750 sancta
1762 1702 1857 1748 aut
1883 1707 2102 1749 summe

533 1807 744 1859 sancta,
795 1795 972 1864 inquit
1028 1805 1153 1848 tuus
1197 1791 1583 1848 sanctissimus
1643 1789 1874 1855 piusque
1918 1785 2103 1839 divina

533 1891 800 1950 clamans,
833 1902 954 1957 quae
987 1901 1084 1940 nec
1108 1885 1222 1955 ipsa
1256 1883 1471 1953 penitus
1501 1879 1880 1948 insipientium
1925 1876 2104 1929 homi-

533 1998 663 2037 num
698 1980 920 2034 evasisti
952 1978 1335 2048 loquacitatem
1381 1992 1394 2028 :
1429 1972 1621 2026 dicunt
1666 1971 1810 2024 enim
1845 1969 1985 2022 male
2017 1976 2105 2019 tn-

535 2082 746 2128 mentes
786 2071 1060 2126 temerarii
1095 2068 1316 2138 quidam
1357 2087 1370 2120 :
1404 2066 1458 2118 In
1501 2063 1772 2133 principio
1829 2069 1946 2114 erat
1996 2057 2104 2112 Pa-

534 2172 640 2228 ter,
673 2164 870 2219 deinde
915 2175 1171 2230 magnum
1223 2158 1409 2230 genuit
1440 2154 1656 2217 Filium,
1689 2153 1884 2208 deinde
1927 2150 2107 2221 magni

537 2257 629 2311 Dei
665 2255 950 2326 Spiritum,
982 2254 1141 2324 quasi
1178 2254 1230 2306 in
1283 2251 1548 2322 graduum
1609 2246 1998 2316 inaequalitate.
2023 2257 2110 2297 se-

536 2347 780 2402 cundum
815 2346 1141 2400 substantiae
1179 2343 1557 2396 mutationem.
1594 2339 1682 2393 Sic
1723 2337 2011 2391 diversiter
2042 2335 2112 2389 ab

541 2436 806 2489 luereticis
851 2436 1278 2505 blasphematur.
1333 2453 1351 2484 ι
1395 2434 1514 2499 Quo
1565 2430 1808 2486 stabilics
1877 2444 1961 2482 me
2007 2443 2110 2482 au-

538 2523 740 2589 ferens,
786 2545 804 2576 ι
839 2535 893 2579 et
923 2540 1038 2593 seq.
1069 2521 1114 2578 Ο
1142 2525 1378 2593 pessima
1412 2525 1641 2592 loquens
1675 2521 2016 2590 lingua,qu
2045 2515 2113 2570 ad

538 2618 694 2673 nefas
723 2625 774 2677 et
803 2616 1195 2686 blasphemiam
1224 2617 1337 2669 otio
1367 2615 1564 2678 uteris,
1598 2628 1706 2682 quo
1744 2628 1831 2667 me
1855 2611 2114 2666 auferens

540 2707 711 2765 stabis
739 2721 774 2761 a
802 2709 941 2763 male
971 2707 1178 2762 dictis?
1203 2707 1292 2762 ubi
1329 2707 1640 2760 sollicitudo
1671 2714 1729 2760 et
1771 2704 1995 2775 grandis
2024 2719 2118 2758 co-

541 2800 866 2871 gitationum
903 2799 1071 2853 stabit
1104 2799 1475 2868 perplexilas;
1514 2798 1648 2852 siste
1673 2805 1729 2850 et
1765 2796 2114 2851 irrationales

542 2903 832 2958 compesce
859 2889 1117 2958 impetus,
1154 2888 1236 2941 ori
1271 2896 1365 2940 tuo
1398 2901 1538 2956 pone
1566 2885 1877 2941 custodiam
1910 2895 1965 2942 et
1994 2886 2117 2941 vide

543 2989 809 3049 quantum
841 2980 1094 3034 essentia:
1126 2993 1238 3032 suae
1264 2977 1525 3032 ﬁrmitate
1566 2993 1732 3047 super
1775 2979 1958 3032 omnia
1987 2994 2119 3046 pra:-

544 3078 650 3126 stet
707 3069 884 3134 Deus;
931 3077 986 3123 et
1051 3083 1236 3121 coram
1295 3069 1467 3137 ipsius
1525 3069 1813 3138 majestate
1857 3070 2117 3124 inferiora

543 3169 740 3215 cuncta
776 3175 1029 3229 reponas,
1068 3158 1346 3229 indignam
1375 3160 1542 3214 verbo
1566 3161 1813 3215 veritatis
1871 3169 1922 3216 te
1950 3176 2118 3230 agno-

545 3269 742 3318 scens;
784 3262 838 3306 et
864 3267 1002 3307 cave
1025 3268 1094 3306 ne
1137 3253 1251 3304 ullo
1274 3252 1434 3306 modo
1480 3253 1749 3308 creaturis
1801 3251 2116 3308 Creatorem

545 3345 840 3408 assimiles,
878 3360 1013 3399 neve
1052 3344 1356 3414 suspicaris
1381 3361 1520 3400 vane
1546 3355 1792 3400 creatum
1841 3361 1966 3400 esse
2015 3345 2118 3399 ho-

546 3439 745 3492 minem
785 3455 799 3490 :
857 3437 1059 3491 etenim
1091 3435 1422 3504 palinodiam
1453 3447 1685 3491 cantans
1708 3445 1760 3490 et
1791 3437 1975 3506 priora
1998 3451 2118 3490 car-

545 3530 716 3591 mina,
741 3528 828 3582 his
853 3529 907 3582 in
937 3528 1285 3586 sermonibus
1308 3528 1538 3584 ﬁrmiter
1574 3539 1757 3598 persto
1779 3529 2119 3584 contendens

544 3635 634 3674 me
663 3619 887 3674 minime
915 3635 946 3672 a
995 3620 1102 3674 Deo
1140 3620 1194 3672 in
1234 3635 1434 3674 vanmn
1485 3620 1836 3688 plasmatum.
1883 3618 2119 3674 Verbum

545 3711 690 3764 enim
714 3720 767 3766 et
795 3711 1144 3765 ratiocinium
1175 3710 1643 3779 pusillanimitatis
1672 3719 1725 3765 ct
1756 3712 1982 3765 vilitatis
2015 3714 2119 3766 hu-

545 3814 724 3854 mana:
759 3807 864 3854 est.
921 3797 1166 3867 Namque
1213 3814 1362 3852 nunc
1406 3799 1652 3868 quidem,
1705 3800 1901 3870 inquit,
1964 3801 2122 3869 igno-

546 3893 740 3948 rantiae
793 3893 1103 3948 obscuritas
1175 3901 1230 3948 et
1285 3891 1721 3946 sollicitudinum
1778 3893 1899 3946 vitae
1949 3895 2120 3949 nubes

546 3984 741 4036 dili‘usa
791 3997 896 4036 non
951 3982 1080 4036 sinit
1135 3983 1414 4037 veritatem
1461 3992 1517 4037 et
1560 3983 1951 4037 vicissitudinis
1995 3998 2116 4034 mu-

547 4070 877 4139 tationisque
924 4086 1146 4126 causam
1183 4073 1360 4128 lucide
1407 4072 1744 4128 considerari
1785 4091 1799 4127 :
1846 4082 1967 4142 post
2000 4072 2116 4128 lucc

546 4177 676 4217 vero
705 4163 942 4218 scientia:
971 4180 1153 4219 sermo
1180 4165 1322 4220 sicut
1357 4166 1449 4219 lux
1479 4165 1764 4219 veritatem
1794 4163 2117 4226 desideran-

545 4255 693 4311 tibus
737 4257 1015 4328 exsurgit,
1049 4258 1206 4327 cujus
1244 4259 1484 4317 lumine.
1517 4257 1728 4327 inquit,
1770 4257 1916 4310 clare
1957 4256 2116 4310 intel-

544 4346 683 4417 liges
748 4364 911 4419 quam
992 4349 1216 4417 pulchre
1278 4359 1331 4404 et
1399 4347 1673 4419 sapienter
1744 4347 2115 4418 gubernantur

550 4439 808 4492 universa
848 4439 915 4490 ab
969 4442 1211 4489 omnium
1263 4437 1631 4506 gubernatore
1676 4445 1730 4490 et
1776 4438 2114 4505 providente.

547 4525 826 4579 Autsicut
864 4527 1038 4582 lucem
1068 4528 1255 4582 videns
1300 4526 1489 4590 Deum,
1523 4527 1577 4595 in
1624 4527 1744 4598 ipso
1770 4529 1934 4584 etiam
1984 4530 2114 4585 illu-

548 4626 692 4672 stres
759 4617 964 4673 habens
1048 4633 1229 4672 rermn
1293 4617 1568 4680 notiones.
1639 4629 1732 4674 aut
1797 4619 1940 4676 sicut
1994 4623 2118 4692 igne

549 4711 655 4765 isto
697 4720 1056 4781 consumptus
1104 4719 1158 4765 et
1208 4720 1410 4773 tactus,
1462 4713 1600 4767 scies
1647 4713 1835 4767 omnia
1871 4714 1940 4768 ab
1995 4715 2116 4785 ipso

551 4802 921 4874 ﬁerietjusta
953 4815 1005 4858 et
1055 4819 1182 4858 vera
1227 4814 1280 4860 et
1333 4805 1487 4859 utilia
1538 4813 1591 4860 et
1640 4805 1839 4861 ﬁdelia.
1913 4826 1932 4861 ι
1975 4807 2115 4864 Dum

549 4899 680 4952 mihi
711 4900 825 4954 haec
849 4901 1174 4956 concinebat
1198 4903 1429 4972 spiritus
1465 4919 1642 4969 meus,
1676 4924 1694 4955 ι
1728 4911 1782 4958 et
1807 4919 1924 4975 seq.
1974 4903 2111 4959 Dum

549 4995 679 5048 talia
708 4997 994 5053 ratiocinia
1021 5000 1075 5052 in
1123 5000 1439 5070 supradicto
1485 5001 1608 5054 luco
1654 5001 1761 5055 isto
1815 5001 2114 5056 concinens

475 5161 483 5169 ι
549 5091 776 5158 spiritus
806 5109 958 5149 meus
992 5111 1074 5150 me
1099 5104 1435 5166 prostratum
1466 5105 1520 5151 et
1541 5097 1798 5152 amictum
1830 5098 2113 5163 mulceret,

547 5193 604 5238 et
632 5201 832 5256 corpus
877 5190 1126 5244 sedatum
1174 5192 1442 5254 reticeret,
1492 5208 1616 5264 ego,
1680 5194 1876 5264 inquit,
1933 5197 2117 5250 serius

548 5291 674 5353 post
703 5283 888 5337 horam
919 5285 989 5338 ab
1023 5286 1179 5339 horto
1206 5303 1436 5357 surgens
1479 5290 1535 5344 in
1567 5291 1790 5344 domum
1827 5291 2069 5346 redibam
2104 5311 2116 5346 :

547 5391 604 5438 et
635 5381 907 5437 interdum
943 5381 1122 5436 ridere
1165 5401 1248 5438 me
1279 5388 1648 5457 contingebat,
1698 5389 1744 5444 si
1793 5391 1919 5460 quis
1969 5391 2126 5444 aliter

549 5496 713 5550 quam
761 5496 924 5551 supra
975 5480 1085 5534 dixi
1125 5483 1366 5538 sentiat:
1409 5486 1610 5539 etenim
1669 5487 1823 5540 aliter
1877 5488 2122 5543 sentiens

550 5577 730 5644 quivis
781 5581 951 5634 unicae
1011 5590 1062 5634 et
1128 5579 1316 5649 prima:
1362 5596 1468 5634 non
1524 5583 1774 5652 sequitur
1828 5583 2114 5638 ratiocinia

549 5674 816 5736 veritatis,
851 5692 949 5730 nec
983 5677 1034 5730 in
1082 5677 1218 5747 ipsis
1261 5677 1615 5732 stabilitatem
1659 5687 1713 5732 et
1763 5681 2111 5735 securitatem

553 5762 732 5819 habet.
759 5764 914 5821 Nunc
948 5768 1111 5834 igitur
1139 5769 1328 5822 talium
1377 5769 1768 5824 rommiserans
1807 5769 2109 5827 recitatem

2200 931 2442 1028 ﬁliumve
2465 953 2680 1024 δράκον,
2709 944 2753 1002 ὢ
2788 949 2961 1018 πάτερ
2990 944 3184 1014 φθόνου
3222 941 3315 994 καὶ
3345 936 3615 1008 ἁμαρτίας
3647 931 3777 1006 ῥίζα

2198 1051 2292 1103 καὶ
2329 1047 2509 1117 πηγὴ,
2541 1044 2633 1099 καὶ
2664 1045 2728 1097 σὺ
2751 1083 2765 1106 ,
2797 1035 2842 1095 ὦ
2877 1041 3052 1092 Σατᾶν
3096 1031 3503 1105 ἀνθρωποκτόνε
3525 1071 3538 1090 ,
3574 1032 3632 1082 ἐν
3660 1030 3780 1087 τοῖς

2199 1140 2506 1209 ἀγγελικοῖς
2548 1139 2724 1209 χοροῖς
2775 1133 2962 1202 ῶσπερ
2993 1132 3048 1181 ἐν
3077 1131 3200 1195 ἁστ(
3218 1126 3334 1180 ἁσιν
3362 1121 3638 1192 ἑωσφόρος
3667 1119 3784 1171 δει-

2200 1234 2296 1288 κνύ
2307 1249 2464 1302 μενος
2491 1229 2890 1301 λαμπρότατος,
2930 1220 3047 1276 εἶτα
3081 1219 3268 1280 σκότος
3305 1216 3391 1270 διὰ
3416 1216 3514 1286 τὴν
3540 1214 3783 1283 ἔπαρσιν

2202 1327 2520 1394 γενόμενος,
2567 1320 2674 1374 τῶν
2717 1317 3002 1389 οὐρανίων,
3035 1313 3109 1374 ὼς
3139 1305 3347 1379 αἶσχος,
3385 1308 3460 1370 ὡς
3495 1306 3785 1376 βδέλυγμα

2202 1416 2564 1486 ἐξωλίσθησας
2605 1408 2952 1482 οἰκητηρίων.
2987 1407 3095 1459 Καὶ
3125 1403 3194 1458 τὰ
3225 1402 3322 1472 μέν
3355 1401 3480 1470 περὶ
3512 1398 3613 1467 τῆς
3656 1415 3786 1450 κτι-

2205 1512 2332 1580 στῆς
2365 1507 2574 1574 φύσεως
2595 1505 2766 1574 ἐχέτω
2784 1500 2958 1572 ταύτῃ
2977 1515 2991 1529 ·
3016 1498 3066 1549 τί
3088 1497 3143 1548 δὲ
3174 1497 3206 1564 ἡ
3237 1495 3488 1554 ἄκτιστος
3528 1492 3625 1543 καὶ
3655 1489 3788 1556 ἀγὲ-

2202 1617 2359 1669 νητος
2380 1598 2547 1670 Τριάς
2564 1597 2655 1649 καὶ
2676 1593 2815 1647 κατά
2839 1609 2902 1660 γε
2927 1591 3025 1658 τὴν
3045 1588 3213 1656 αὐτῆς
3238 1584 3396 1654 φύσιν
3421 1581 3788 1644 ἀναλλοίωτος

2205 1693 2298 1746 καὶ
2335 1692 2633 1762 ἄτρεπτος,
2666 1681 2774 1756 ἆρά
2803 1700 2866 1751 γε
2916 1680 3227 1733 παντάπασι
3268 1675 3370 1728 κᾶν
3416 1673 3554 1743 αὕτη
3598 1675 3790 1726 πᾶσαν

2203 1783 2514 1851 διεξέφυγεν
2540 1777 2879 1846 ἀντιλογίαν;
2922 1773 3062 1827 Ἀλλ’
3085 1771 3238 1833 ἵλεώς
3270 1787 3377 1840 μοι.
3403 1767 3558 1829 ἵλεως
3578 1765 3794 1833 γένοιο,

2205 1873 2375 1945 Τριὰς
2393 1873 2521 1940 ἁγία
2542 1870 2692 1941 ἢύπε
2703 1871 2878 1938 ραγία.
2897 1868 2925 1918 6
2953 1861 3249 1931 ἁγιώτατός
3278 1877 3369 1911 σου
3387 1854 3616 1910 εύλαϐού
3627 1872 3788 1924 μενος

2207 1944 2597 2035 ἐπιφθέγγεται
2617 1959 2904 2029 ίερολόγος,
2930 1956 3004 2018 ὡς
3023 1952 3130 2005 οὐδ’
3147 1951 3282 2021 αὑτὴ
3304 1949 3479 2016 πάντη
3497 1945 3605 1998 τῶν
3627 1944 3783 2013 ἀφρό-

2208 2074 2314 2110 νων
2343 2054 2438 2108 ἀνθ
2448 2052 2643 2126 ρώπων
2665 2049 2946 2119 διέδρασας
2972 2045 3070 2114 τὴν
3098 2039 3494 2111 γλωσσαλγίαν.
3512 2037 3658 2126 φασὶ
3673 2035 3774 2104 γὰρ

2207 2123 2492 2216 τολμητίαι
2527 2141 2711 2202 κακῶς
2761 2136 3203 2206 αύθαδιζόμενοι·
3257 2129 3477 2202 Πρῶτον
3509 2123 3578 2198 ἦν
3610 2128 3637 2178 6
3663 2127 3770 2178 Πα-

2209 2237 2335 2308 τὴρ,
2363 2231 2481 2289 εἶτα
2507 2233 2597 2287 τὸν
2644 2233 2819 2303 μέγαν
2861 2228 3146 2296 ἐγέννησεν
3179 2224 3304 2276 Υίδν
3325 2264 3338 2288 ,
3379 2221 3574 2274 ἔπειτα
3603 2218 3664 2271 τὸ
3690 2216 3780 2308 τού

2215 2307 2446 2399 μεγάλου
2465 2325 2610 2389 ,Θεοῦ
2638 2323 2881 2394 Πνεῦμα,
2911 2320 2986 2382 ὡς
3015 2320 3071 2371 ἐν
3107 2314 3330 2386 βαθμῶν
3363 2311 3641 2380 ἀνισότητι
3668 2307 3787 2362 κατ’

2211 2419 2400 2482 οὐσίας
2441 2417 2703 2471 ὑπόϐασιν
2736 2417 2846 2477 τοῖς
2875 2410 3224 2484 αἱρεσιώταις
3251 2407 3512 2470 ποικίλως
3547 2405 3791 2477 βλασφη-

2217 2514 2420 2582 μείται.

2357 2601 2471 2656 Ποῖ
2493 2599 2744 2666 στήσεις
2763 2616 2839 2669 με
2871 2597 3168 2668 φέρουσα,
3198 2611 3253 2646 κ.
3287 2610 3334 2646 τ.
3369 2593 3450 2658 ἐξ.

2285 2688 2358 2745 Ὠ
2387 2693 2606 2761 γλῶσσα
2634 2689 2993 2761 κακοφραδὲς,
3029 2686 3324 2758 κακόσχολε
3356 2687 3448 2740 καὶ
3478 2684 3791 2754 βλάσφημε,

2216 2783 2321 2838 ποῦ
2382 2801 2449 2855 με
2499 2784 2738 2853 φέρουσα
2787 2783 3001 2852 στήσεις
3045 2780 3153 2832 τῶν
3203 2778 3557 2848 δυσφημιῶν;
3614 2778 3792 2829 Ὀπου

2220 2876 2460 2949 μέριμνα
2478 2915 2492 2939 ,
2522 2874 2615 2928 καὶ
2644 2873 2811 2944 βαθὺς
2855 2871 3140 2942 νοημάτων
3169 2871 3376 2940 ἴλιγγος
3411 2869 3791 2940 προσίσταται.

2221 2971 2440 3022 Ἱστασο
2473 2968 2570 3038 τῆς
2617 2966 2901 3034 ἀλογίστου
2936 2965 3113 3035 ῥύμης
3144 2963 3413 3033 ἐπέχουσα
3444 2961 3678 3031 σαυτὴν,
3709 2960 3796 3031 τῷ

2220 3059 2448 3130 στόματί
2476 3076 2567 3111 σου
2595 3057 2853 3128 τιθεμένη
2884 3056 3128 3126 φυλακὴν
3156 3056 3250 3109 καὶ
3279 3054 3476 3118 είδυϊα,
3507 3053 3584 3116 ὡς
3615 3054 3796 3123 ὑπερ-

2219 3152 2414 3216 ουσίως
2460 3151 2569 3204 τῶν
2611 3151 2779 3204 ὄντων
2813 3150 3166 3220 ύπερίδρυται
3209 3146 3348 3200 κατὰ
3375 3146 3534 3214 φύσιν
3559 3148 3586 3196 6
3616 3145 3759 3209 Θεός
3778 3163 3800 3180 ο

2221 3245 2312 3299 καὶ
2339 3244 2567 3314 δεύτερα
2611 3243 2787 3296 πάντα
2826 3243 2925 3313 τῆς
2973 3241 3136 3295 αὐτοῦ
3188 3238 3593 3309 μεγαλειότητος
3648 3237 3797 3289 61:0-

2220 3338 2385 3408 χώρει
2409 3377 2424 3398 ,
2457 3334 2534 3406 τῷ
2580 3335 2720 3404 λόγῳ
2759 3333 2861 3403 τῆς
2899 3333 3151 3405 ἀληθείας
3187 3328 3467 3400 ἡττωμένη
3488 3365 3503 3390 ,
3543 3325 3639 3378 καὶ
3667 3329 3794 3390 τοῖς

2219 3431 2479 3500 κτίσμασι
2517 3430 2608 3482 τὸν
2635 3429 2872 3496 κτίστην
2909 3425 3179 3487 παντελῶς
3235 3422 3309 3492 μὴ
3335 3418 3762 3490 παρεικάζουσα.
3783 3460 3801 3481 ,

2220 3521 2354 3575 ἀλλὰ
2392 3521 2514 3592 μηδ’
2553 3520 2634 3572 ὅτι
2679 3519 2922 3589 ματαίως
2965 3519 3057 3570 τὸν
3107 3517 3384 3586 ἄνθρωπον
3414 3513 3630 3566 ἐκτισεν
3659 3512 3800 3564 ὑπο-

2221 3615 2452 3686 νοήσῃς·
2499 3613 2594 3666 καὶ
2645 3611 2754 3682 γὰρ
2804 3609 3165 3680 παλινῳδίαν,
3241 3609 3301 3661 τὸ
3351 3607 3414 3677 δὴ
3471 3605 3790 3674 λεγόμενον.

2221 3706 2362 3778 ᾅδων
2424 3706 2678 3774 ἵσταμαι,
2732 3703 2904 3756 τοῖσδε
2955 3706 3064 3764 τοῖς
3119 3701 3296 3768 λόγοις
3358 3699 3649 3767 ἐρεισθεὶς,
3709 3695 3794 3760 ὡς

2221 3800 2421 3870 ἥκιστά
2459 3815 2527 3869 με
2573 3799 2653 3861 είς
2684 3799 2838 3851 κενὸν
2885 3797 3314 3868 ἐδημιούργησεν
3365 3798 3393 3848 6
3440 3795 3606 3857 Θεός·
3638 3792 3802 3847 τοῦτο

2221 3894 2327 3965 γὰρ
2356 3891 2699 3961 ὀλιγοψυχίας
2722 3892 2814 3944 καὶ
2839 3891 3261 3962 ὁλιγοφροσύνης
3280 3889 3620 3961 ἀνθρωπίνης
3645 3888 3807 3958 ῥῆμά

2221 3986 2336 4039 ἐστι
2362 3986 2456 4038 καὶ
2477 3985 2754 4055 λογισμός.
2786 3981 2900 4036 Νῦν
2929 3983 3028 4054 μὲν
3056 3984 3184 4054 γὰρ,
3211 3983 3366 4052 φησὶ.
3392 3983 3550 4049 ζόφος
3573 3980 3808 4048 ἀγνοίας

2222 4075 2316 4130 καὶ
2339 4075 2506 4144 ἀχλὺς
2526 4074 2633 4126 τῶν
2663 4073 3003 4144 πραγμάτων
3030 4088 3302 4139 καταχεῖ.)
3313 4070 3447 4140 μένη
3477 4069 3576 4121 οὐκ
3613 4069 3676 4137 ἐᾷ
3694 4067 3810 4135 τὴν

2220 4167 2478 4238 ἀλήθειαν
2505 4167 2602 4219 καὶ
2650 4164 2749 4235 τὴν
2777 4164 2954 4217 αἰτίαν
2983 4163 3083 4232 τῆς
3126 4161 3305 4216 αὐτῶν
3355 4159 3655 4232 μεταϐολῆς
3698 4161 3812 4212 καὶ

2220 4259 2429 4331 τροπῆς
2476 4257 2732 4329 καθαρῶς
2788 4254 3078 4325 καταθρεῖν
3099 4273 3113 4287 ·
3168 4253 3306 4325 μετὰ
3335 4252 3508 4306 ταῦτα
3543 4250 3600 4302 δὲ
3637 4248 3813 4316 λόγος

2221 4351 2472 4421 γνώσεως
2502 4351 2577 4414 ὡς
2603 4350 2718 4419 φῶς
2753 4351 2865 4411 τοῖς
2889 4349 2987 4419 τῆς
3027 4346 3280 4416 ἀληθείας
3310 4343 3614 4415 ἐφιεμένοις
3665 4343 3815 4397 ἀνα-

2221 4443 2394 4507 τελεῖ,
2427 4445 2522 4496 καὶ
2570 4442 2781 4504 πάντα,
2830 4441 2998 4510 φησὶ,
3040 4437 3254 4510 τρανῶς
3296 4435 3683 4504 κατανοήσεις,
3725 4435 3816 4498 ὡς

2222 4535 2404 4597 καλῶς
2432 4536 2525 4588 καὶ
2559 4534 2736 4604 σοφῶς
2761 4534 3120 4602 οἰκονομεῖται
3148 4529 3225 4601 τῷ
3249 4530 3355 4582 τῶν
3381 4528 3633 4581 ἁπάντων
3658 4542 3816 4596 προ-

2227 4627 2388 4698 μηθεῖ
2426 4627 2520 4680 καὶ
2551 4630 2850 4698 προνοητῇ·
2886 4626 2919 4698 ἢ
2953 4625 3028 4688 ὡς
3075 4623 3190 4694 φῶς
3238 4623 3379 4694 δρῶν
3409 4622 3498 4675 τὸν
3537 4619 3669 4672 Θεὸν
3706 4624 3815 4674 καὶ

2224 4720 2283 4773 ἐν
2311 4719 2458 4790 αὐτῷ
2491 4721 2614 4782 τοὺς
2637 4718 2827 4786 λόγους
2871 4718 2978 4772 τῶν
3021 4715 3320 4786 γινομένων
3354 4710 3816 4782 καταφωτιζόμε-

2225 4831 2335 4878 νος,
2369 4812 2402 4884 ἢ
2435 4813 2510 4876 ὡς
2539 4813 2672 4882 πυρὶ
2695 4811 2868 4882 τούτῳ
2909 4811 3244 4881 δαπτόμενος
3286 4808 3378 4861 καὶ
3402 4806 3774 4876 κολαζόμενος
3795 4849 3813 4872 ,

2225 4903 2347 4977 εἴσῃ
2395 4904 2570 4958 πάντα
2611 4903 2676 4956 δι’
2721 4905 2885 4958 αὐτοῦ
2935 4903 3177 4972 γίνεσθαι
3205 4902 3300 4956 καὶ
3329 4902 3510 4955 δίκαια
3540 4903 3635 4953 καὶ
3662 4899 3814 4972 ἀλη-

2228 4997 2347 5051 θινά
2371 4999 2463 5051 καὶ
2491 4997 2741 5066 λυσιτελῆ
2774 4998 2867 5050 καὶ
2899 4997 3083 5053 πιστά.

2331 5113 2438 5180 ’Ὧς
2462 5130 2561 5182 μοι
2586 5112 2749 5165 ταῦτ’
2769 5111 3011 5165 sudatus
3039 5112 3216 5180 φίλος
3242 5111 3406 5175 νόος,
3439 5126 3494 5161 κ.
3519 5125 3572 5160 τ.
3605 5106 3688 5172 ἐξ.

2308 5227 2394 5290 Ὠς
2419 5227 2543 5289 τοὺς
2595 5227 2867 5290 τοιούτους
2899 5226 3193 5296 λογισμοὺς
3229 5223 3372 5280 κατὰ
3409 5222 3470 5276 τὺ
3508 5218 3818 5290 εἰρημένον

2224 5319 2385 5381 ἄλσος
2425 5319 2600 5370 ἐκεῖνο
2653 5319 3060 5388 ἀνακεκλιμένῳ
3089 5319 3183 5370 καὶ
3227 5315 3561 5387 τρυχωμένῳ
3585 5315 3613 5366 6
3648 5311 3834 5381 φίλατ’

2221 5408 2347 5471 νοῦς
2381 5409 2698 5480 κατεπᾴδων
2724 5427 2811 5480 μοι
2839 5409 3204 5480 παρεμυθεῖτο
3225 5407 3317 5460 καὶ
3342 5407 3402 5459 τὸ
3424 5404 3517 5458 τοῦ
3546 5403 3822 5473 σώματος

2224 5497 2392 5567 ἐπεψε
2449 5499 2744 5570 πραϋνθέν,
2783 5499 2955 5567 κάγὼ,
2988 5501 3140 5570 φησὶ,
3184 5499 3285 5568 τῆς
3323 5498 3472 5567 ῶρας
3493 5496 3592 5566 6ψέ
3615 5496 3816 5549 διαναο

2226 5590 2358 5653 στὰς
2387 5589 2479 5643 τοῦ
2502 5591 2830 5660 παραδείσου
2861 5593 2940 5654 είς
2967 5592 3065 5663 τὴν
3089 5591 3264 5644 οἰκίαν
3296 5590 3576 5660 ἐπανῄειν,
3609 5587 3819 5642 ἄλλοτε

2227 5683 2326 5754 μὲν
2353 5679 2446 5736 οὖν
2483 5684 2644 5753 γελᾷν
2683 5701 2771 5754 μοι
2807 5685 2898 5736 τὸν
2931 5683 3102 5748 ἄλλως
3129 5683 3160 5753 ἢ
3201 5683 3395 5746 οὕτως,
3422 5681 3819 5751 ὠς“προείρῃ-

2222 5792 2344 5840 ται,
2389 5773 2684 5846 φρονοῦντα
2731 5773 2925 5845 ἐπῄει·
2963 5777 3056 5830 καὶ
3100 5775 3208 5849 γὰρ
3244 5774 3555 5846 ἑτερὸφρων
3592 5772 3744 5837 ἅπας
3786 5774 3816 5828 ό
