4056 6238
502 289 600 345 74⁸7

506 407 583 461 sic
631 403 699 458 ab
743 402 973 458 infantia
1029 402 1084 457 in
1147 401 1406 458 robustos
1481 411 1772 458 venatores
1836 403 2071 457 irruuut.

1849 281 2144 340 NICETAS
2218 282 2424 339 DAVID

3665 280 3764 338 748

2184 402 2281 473 τὴν
2298 400 2515 472 ἔθειραν
2539 401 2629 453 καὶ
2655 401 2746 454 τοῦ
2771 398 3042 471 τραχήλου
3070 397 3169 469 τὴν
3188 397 3400 469 λοφιὰν,
3420 396 3578 468 εἴπερ
3607 397 3772 450 ίδοιεν

502 495 740 564 σίδηρον,
775 494 1083 564 φρίξαντες,
1120 495 1257 548 κατὰ
1289 493 1396 547 τῶν
1419 493 1672 566 θηρεύειν
1701 493 1982 566 ὲφορμῶσι
2008 493 2435 564 βεόουλημένων·
2471 492 2563 544 καὶ
2593 494 2640 544 ol
2674 494 2771 562 μὲν
2793 491 2938 544 οὓτω
2965 489 3222 561 νηπιόθεν
3248 492 3342 543 ἐπὶ
3369 491 3494 553 τοὺς
3518 490 3772 560 ἰσχυροὺς

500 589 819 658 ἑφάλλονται
841 589 1099 660 θηρατάς.

505 675 570 739 l9
611 685 736 738 Avis
768 685 994 752 primunt
1025 683 1314 753 implnmis,
1343 693 1448 738 etc.

577 771 681 829 Sed
713 775 843 842 quid
871 773 1234 828 aves?uoune
1261 783 1317 828 et
1343 773 1420 827 illi
1449 773 1622 828 multo
1639 770 2087 828 ‘faciliorem'ma-

449 883 452 887 ι
503 867 698 937 gisquc
744 866 1006 918 :crumnis
1049 865 1360 934 expeditam
1403 879 1568 934 quam
1615 865 1866 919 homines
1906 862 2086 918 sortiti

506 969 635 1011 sunt
670 956 880 1009 vitam?
907 954 1154 1028 Namque
1181 957 1369 1009 statim
1400 971 1464 1009 ac
1497 971 1599 1009 ova
1649 953 1931 1025 fregerunt
1986 953 2087 1007 im-

507 1049 742 1118 plumes,
769 1055 894 1116 post
920 1055 1134 1115 tempus
1181 1061 1290 1100 non
1325 1047 1545 1117 longqu
1591 1046 1709 1103 alas
1755 1045 1988 1101 induunt
2033 1051 2088 1098 et

507 1140 740 1192 multum
775 1139 828 1191 in
859 1139 1029 1191 altum
1069 1152 1097 1188 a
1134 1139 1418 1193 mansione
1441 1154 1567 1191 aera
1597 1139 1844 1192 volitant.
1875 1135 1939 1190 Et
1967 1136 2087 1205 ipsa

509 1228 648 1283 ﬂava
700 1228 979 1281 celebrata
1016 1228 1135 1298 apis
1175 1237 1382 1298 petram
1413 1229 1465 1282 in
1497 1243 1604 1299 qua
1639 1229 1894 1282 manebat
1922 1228 2088 1282 relin-

505 1322 626 1389 quit
657 1329 711 1375 et
751 1321 804 1373 iu
832 1335 958 1374 acre
987 1321 1130 1374 inter
1164 1319 1327 1375 ﬂores
1358 1320 1767 1374 circumvolitat
1788 1320 1928 1391 agri,
1970 1318 2088 1373 ido-

508 1427 608 1466 nea
643 1411 853 1482 colligit
882 1412 1216 1480 domumque
1263 1410 1368 1464 sibi
1400 1411 1869 1465 accommodatam
1904 1418 2084 1481 parat,

507 1513 562 1557 et
629 1505 948 1574 hexagonos
992 1493 1238 1558 alveolos
1293 1502 1555 1558 ineffabili
1611 1503 1886 1572 sapientia
1943 1504 2089 1559 ceris

507 1603 724 1664 coaptat
752 1603 805 1651 et
846 1604 1211 1666 coagmentat,
1254 1595 1586 1650 suavissimo
1632 1595 1817 1650 fructu
1863 1597 2088 1649 domum

507 1703 663 1742 suam
707 1689 959 1757 impleus.
1008 1685 1220 1741 Cuncta
1243 1688 1377 1751 lucc,
1404 1687 1606 1758 inquit,
1633 1687 1796 1743 unius
1830 1695 1915 1743 est
1945 1689 2090 1742 veris

506 1793 666 1847 opus.
700 1777 764 1830 Et
791 1777 1048 1830 omnibus
1088 1776 1464 1831 animantibus
1500 1776 1645 1830 ultro
1680 1776 1947 1846 producta
1971 1776 2090 1830 sine

510 1869 696 1922 labore
725 1883 755 1920 ει
783 1877 932 1922 terra
961 1875 1014 1922 et
1045 1866 1334 1921 abundans
1369 1867 1603 1923 offertur
1633 1883 1761 1924 esca
1799 1886 1813 1922 ζ
1862 1883 1964 1922 nec
2007 1868 2090 1920 ιιΙ-

510 1969 592 2012 tra
628 1960 798 2012 maria
827 1961 1102 2014 lassautur
1144 1959 1248 2014 iter
1289 1958 1557 2016 facientes
1609 1976 1862 2015 escarum
1907 1961 2085 2030 gratia

508 2051 721 2117 belline,
759 2054 902 2107 sicut
927 2053 1196 2114 homines.
1243 2068 1343 2107 nec
1372 2062 1578 2109 terram
1610 2054 1824 2113 colunt.
1858 2066 1958 2106 nec
1999 2053 2084 2122 ip-

508 2146 587 2198 sis
618 2155 746 2199 sunt
785 2145 1023 2214 praafecti
1062 2161 1092 2198 a
1117 2146 1285 2209 victu,
1313 2160 1471 2200 escas
1509 2153 1951 2215 transportautes
1992 2150 2088 2196 aut

509 2247 827 2302 servantes,
863 2251 962 2291 nec
1014 2239 1292 2307 pinceruaa
1329 2237 1554 2308 scyphis
1584 2252 1796 2291 merum
1844 2237 2086 2291 miscen-

509 2337 592 2382 tes
629 2345 642 2381 :
673 2329 758 2380 ala
793 2344 900 2396 qua
932 2327 1020 2381 hic
1048 2330 1194 2382 volat
1223 2328 1363 2392 avis,
1393 2329 1733 2399 aptum,sine
1769 2329 1956 2384 labore
1989 2343 2084 2382 su-

510 2416 1009 2486 perabundantcm,
1075 2425 1130 2472 et
1189 2419 1442 2473 idoneum
1497 2417 1656 2472 ali‘ert
1703 2418 1943 2477 cibum._
1980 2415 2086 2472 Sed

507 2515 563 2561 et
624 2507 803 2576 quoad
865 2507 1075 2563 belluas
1134 2507 1317 2577 ipsas,
1369 2508 1646 2579 sylvarum
1691 2523 1971 2564 -recessus
2034 2520 2089 2565 et

513 2600 782 2653 montium
820 2599 993 2656 latera
1048 2610 1103 2655 et
1127 2601 1347 2655 dumeta
1371 2601 1756 2670 quotidianum
1807 2603 2086 2673 paululum

511 2691 895 2746 laborantibus
948 2693 1192 2762 pra-bent
1228 2693 1475 2760 victum;
1514 2692 1710 2748 dicunt
1770 2703 1825 2748 et
1869 2695 2084 2749 leonem

508 2781 604 2849 qui
633 2796 888 2851 magnam
925 2783 1094 2836 feram
1121 2783 1269 2838 illico
1295 2784 1528 2846 voravit,
1563 2787 1606 2837 si
1641 2784 1775 2854 quid
1817 2784 1959 2838 forte
2003 2801 2089 2838 re-

513 2873 781 2927 manserit
803 2873 874 2939 lin
921 2881 1220 2941 posterum,
1266 2874 1577 2930 hesternam
1623 2876 1962 2931 manducare
1995 2877 2090 2929 de-

511 2965 756 3035 dignari;
790 2966 1120 3034 quandoque
1154 2969 1211 3020 lit
1237 2977 1296 3021 ut
1331 2970 1572 3037 reposita
1597 2970 1666 3023 ab
1704 2968 1970 3024 anteriori
2001 2969 2090 3024 die

511 3060 785 3113 voraciter
809 3059 1100 3114 manducet
1125 3069 1179 3113 et
1217 3062 1372 3116 avide
1416 3073 1602 3130 potum
1637 3065 1876 3127 hauriat,
1903 3067 2082 3120 ventri

511 3150 594 3203 sic
642 3151 1054 3220 temperantiam
1100 3151 1351 3207 atiereus.
1390 3152 1504 3207 lmo
1548 3155 1730 3210 minus
1777 3171 2088 3210 aerumnosa

513 3253 596 3297 est
639 3258 738 3311 pro
780 3243 1153 3307 animantibus
1207 3243 1319 3297 vita
1387 3260 1553 3315 quam
1609 3262 1712 3318 pro
1754 3243 2089 3306 hominibus,

511 3334 657 3403 quod
699 3332 834 3402 ipsis
859 3346 1075 3402 semper
1103 3333 1169 3387 ad
1199 3333 1414 3388 libitum
1452 3345 1507 3389 et
1539 3335 1591 3388 iu
1617 3337 1798 3390 vicino
1853 3346 1936 3390 est
1993 3337 2092 3390 do-

512 3439 636 3479 mus
665 3424 781 3479 sive
822 3439 986 3493 rupes
1033 3425 1149 3479 sive
1199 3440 1405 3488 ramus,
1451 3435 1506 3481 et
1558 3427 1781 3496 quidem
1835 3428 1993 3484 bona:
2037 3438 2090 3484 et

513 3531 682 3582 sanae,
714 3516 905 3571 solida:
927 3525 983 3570 et
1015 3524 1166 3577 tutae.
1196 3518 1437 3587 pulchrae
1485 3527 1542 3573 et
1583 3520 1844 3589 iucundae
1889 3522 2091 3579 domus

513 3618 673 3674 sunt;
714 3623 838 3662 cum
862 3616 1042 3663 autem
1073 3608 1215 3664 forte
1241 3613 1468 3667 morbus
1507 3613 1792 3682 opprimit,
1836 3614 2091 3671 indefleta

515 3701 725 3771 placide
767 3700 1064 3757 decedunt.
1107 3701 1227 3757 Non
1263 3704 1408 3757 enim
1440 3705 1532 3759 alii
1563 3706 1712 3760 circa
1762 3708 1902 3764 alios
1942 3718 2093 3763 stan-

516 3802 596 3847 tes
612 3791 936 3862 Iacrymosis
948 3799 1002 3845 et
1021 3792 1270 3850 tristibus
1284 3797 1624 3852 carminibus
1643 3797 1851 3862 dolent,
1863 3815 1970 3854 non
1990 3816 2092 3855 cae-

515 3883 738 3946 sariem,
765 3884 908 3938 sicut
929 3898 1049 3939 mos
1070 3894 1156 3940 est
1180 3887 1522 3948 hominibus.
1545 3903 1766 3960 propter
1789 3893 2090 3948 amicorum

512 3983 746 4030 mortem
788 3973 1042 4039 tondent,
1075 3985 1129 4030 et
1163 3979 1310 4047 quod
1346 3980 1578 4049 exprimi
1613 3982 1699 4034 vix
1736 3993 1936 4051 potest.
1973 3987 2092 4039 sine

511 4068 876 4139 trepidatione
913 4076 968 4123 et
1015 4068 1222 4138 absque
1259 4082 1403 4126 metu
1447 4087 1478 4126 e
1525 4072 1637 4126 vita
1679 4073 1950 4130 decedunt
1985 4077 2090 4131 bel-

513 4160 635 4236 lua}.
656 4160 838 4214 nullas
854 4157 1047 4228 iudicii
1075 4168 1168 4212 aut
1196 4175 1478 4229 pu-narum
1505 4161 1863 4220 formidantes
1887 4167 2087 4223 minas.

2192 679 2259 735 l9
2302 680 2467 748 Ἀρτι
2501 678 2570 732 δὲ
2597 679 2857 746 ἄπτερος
2887 677 3070 745 ὅρνις,
3107 693 3163 730 κ.
3192 694 3242 730 τ.
3279 677 3329 732 λ.

2259 770 2326 822 Τί
2355 770 2443 824 δαὶ
2474 771 2522 822 οἱ
2562 770 2808 842 δρνιθες;
2849 765 2938 841 ἆρ’
2971 769 3032 820 οὐ
3074 767 3255 839 πολλῷ
3279 770 3374 822 καὶ
3403 764 3544 823 οξτοι
3576 786 3775 837 κουφο-

2186 861 2353 933 τέραν
2381 862 2487 915 τῶν
2507 862 2605 916 ἀνθ
2615 862 2810 933 ρώπων
2827 862 2921 915 καὶ
2935 861 3306 932 ἀμοχθοτέραν
3328 860 3575 930 εἰλήχασι
3594 862 3773 931 ζ’ωήνς

2189 956 2253 1008 Οἱ
2288 955 2396 1027 γάρ
2421 956 2545 1026 ἄρτι
2572 953 2681 1008 τῶν
2711 953 2834 1007 ώῶν
2878 953 3207 1022 ἐκραγέντες
3249 953 3476 1023 ἄπτεροι
3496 993 3510 1015 ,
3529 953 3592 1005 οὐ
3636 953 3776 1022 μετά

2190 1048 2326 1101 πολύ
2371 1047 2803 1119 πτεροφυοῖητες
2836 1047 3051 1118 χρόνον,
3086 1046 3225 1099 κατὰ
3276 1045 3410 1098 πολὺ
3447 1044 3548 1115 τῆς
3597 1045 3776 1107 οἰκίας

2190 1139 2396 1211 ὕπερθε
2444 1139 2534 1192 τὸν
2573 1138 2712 1210 ἀέρα
2757 1137 3108 1191 διαπέτανται
3132 1155 3146 1168 ο
3172 1138 3265 1191 καὶ
3287 1136 3424 1206 αὐτὴ
3457 1137 3514 1189 δὲ
3546 1135 3776 1217 ήῡξουθὴ

2190 1227 2624 1300 ἐπωνομασμένη
2673 1228 2924 1299 μέλισσα,
2953 1229 3014 1280 τὸ
3043 1228 3334 1300 πετρίδιον,
3359 1230 3416 1280 ὲν
3444 1221 3489 1295 ᾧ
3529 1230 3772 1298 μεμενή-

2189 1337 2298 1382 κει,
2316 1319 2723 1374 καταλείπουσα
2752 1319 2887 1391 (36),
2907 1321 3000 1373 καὶ
3033 1323 3089 1372 ὲν
3118 1315 3214 1390 ἦρι
3233 1320 3300 1372 τά
3328 1319 3462 1387 ἄνθη
3487 1335 3775 1388 περιιπτα-

2192 1410 2331 1481 μένη
2386 1407 2482 1463 τοῦ
2532 1409 2706 1481 ἀγροῦ
2743 1410 2838 1463 καὶ
2887 1413 2951 1463 τὰ
3007 1409 3287 1480 ἐπιτήδεια
3340 1407 3594 1470 συλῶσα,
3627 1405 3776 1462 οἷκον

2190 1500 2468 1554 ἀντίθετον
2505 1502 2673 1572 ἑαυτῇ
2707 1503 3140 1566 κατασκευάζει,
3179 1502 3275 1554 καὶ
3323 1501 3423 1562 τὰς
3467 1500 3779 1568 ἑξαγώνους

2192 1592 2462 1664 σύριγγας
2489 1595 2549 1647 ἐν
2579 1593 2741 1665 σοφία
2770 1595 2993 1666 ἀρρήτῳ
3016 1596 3127 1657 τοῖς
3144 1594 3354 1666 κηρίοις
3377 1595 3778 1663 συνυφαίνουσα

2191 1684 2287 1736 καὶ
2346 1684 2820 1756 συμπηγνύουσα,
2855 1685 3193 1753 γλυκυτάτου
3253 1686 3344 1739 τὸν
3395 1685 3568 1755 αὐτῆς
3615 1685 3779 1755 δόμον

2191 1775 2543 1847 ἐμπίμπλησι
2571 1776 2685 1848 (57)
2717 1777 2930 1849 καρποῦ
2950 1779 3152 1831 ’ταῦτα
3171 1779 3228 1831 δέ
3255 1796 3386 1848 φησι
3415 1780 3594 1833 πάντα
3619 1779 3781 1849 ἔαρος

2191 1869 2310 1932 ἐνὸς
2357 1869 2514 1942 ἔργα.
2553 1870 2663 1923 Καὶ
2716 1873 2851 1924 πᾶσι
2896 1871 2952 1924 δὲ
3000 1870 3159 1936 ζώοις
3190 1873 3473 1943 αὐτομάτη
3518 1874 3613 1928 καὶ
3637 1874 3779 1942 ἄμο-

2195 1962 2322 2031 χθος
2365 1963 2474 2016 ἀπὸ
2506 1963 2606 2034 τῆς
2655 1963 2761 2030 γῆς
2801 1964 2894 2016 καὶ
2938 1962 3165 2034 δαψιλὴς
3199 1966 3530 2035 παρίσταται
3564 1966 3776 2035 τροφή’

2195 2055 2290 2106 καὶ
2344 2054 2406 2107 οὐ
2444 2055 2786 2116 διαποντίους
2840 2056 3150 2125 ἀποδημίας
3207 2057 3460 2109 πονοῦσιν
3507 2057 3558 2109 oi
3616 2056 3780 2126 θῆρες

2193 2145 2402 2216 τροφῆς
2431 2147 2590 2216 χάριν
2628 2144 2880 2218 καθάπερ
2921 2147 3218 2219 ἄνθρωποι,
3251 2147 3312 2205 οὐ
3346 2146 3654 2218 γεωργοῦσι
3683 2148 3782 2216 τὴν

2194 2234 2319 2305 γῆν,
2353 2235 2416 2287 οὐ
2458 2234 2655 2304 ταμίαι
2696 2235 2842 2288 σίτου
2883 2235 3068 2299 αὐτοῖς
3099 2236 3193 2288 καὶ
3238 2236 3460 2288 σιτῶναι
3496 2236 3592 2289 καὶ
3631 2254 3784 2290 σιτα-

2193 2324 2385 2391 γωγοὶ.
2427 2323 2526 2376 οὐκ
2557 2324 2781 2394 οἰνοχόοι
2822 2324 3108 2388 κυπέλλοις
3154 2325 3244 2378 τὸν
3271 2321 3413 2378 οἶνον
3441 2327 3740 2396 ὲγκιρνώσι
3766 2343 3777 2353 ·

2194 2417 2292 2468 καὶ
2321 2417 2519 2488 πτερὸν
2565 2415 2621 2468 δὲ
2666 2417 2758 2469 τὸν
2799 2417 2948 2488 δρνιν
3003 2411 3105 2471 ὧδε
3138 2419 3302 2471 κακεῖ
3348 2419 3786 2490 περιπετόμενον

2194 2509 2294 2580 τὴν
2321 2508 2579 2580 ἁρμόδιον
2606 2509 2823 2573 ἀπόνως
2850 2508 3284 2580 προσεπορίσατο
3321 2509 3398 2580 τῷ
3429 2509 3614 2580 πτηνῷ
3639 2510 3786 2581 βρῶο

2199 2615 2304 2653 σιν.
2333 2598 2498 2653 Ἀλλά
2530 2602 2625 2655 καὶ
2660 2602 2784 2664 τοὺς
2828 2600 3000 2670 θῆρας
3041 2599 3239 2664 αὐτοὺς
3273 2603 3329 2654 αἱ
3357 2601 3553 2672 λόχμαι
3588 2605 3677 2655 καὶ
3713 2604 3784 2657 τά

2195 2691 2304 2743 τῶν
2328 2691 2472 2762 ὁρῶν
2503 2692 2656 2746 κοῖλα
2692 2692 2788 2746 καὶ
2820 2692 2982 2746 λάσια
3011 2693 3112 2763 τὴν
3144 2694 3445 2764 ἡμερήσιον
3472 2695 3644 2766 μικρά
3680 2714 3782 2747 πο-

2196 2783 2524 2854 νησαμένοις
2575 2785 2872 2855 παρέχεται
2907 2783 3138 2852 τροφήν.
3167 2783 3308 2836 Φασὶ
3343 2783 3399 2838 δὲ
3436 2786 3528 2838 καὶ
3562 2785 3776 2845 λέοντα,

2195 2875 2286 2926 τὸν
2327 2875 2500 2944 μέγαν
2529 2873 2694 2944 θῆρα,
2720 2875 2780 2928 ὃν
2811 2875 3138 2946 προσφάτως
3168 2875 3613 2947 κατεθοινὴσατο.
3647 2876 3702 2925 εἴ
3728 2875 3783 2926 τί

2197 2983 2328 3018 ποτε
2358 2967 2550 3019 τούτου
2589 2966 2838 3035 λείψανον
2867 2970 2946 3032 εἰς
2983 2968 3082 3038 τὴν
3125 2959 3252 3038 ἑξῆς
3285 2967 3784 3038 ὐπολειφθείη,’ἐω-

2197 3057 2288 3110 λον
2316 3057 2589 3127 ἐμφαγεῖν
2622 3058 2696 3129 μὴ
2729 3058 3153 3130 καταδέχεσθαιο
3185 3058 3300 3112 ἔστι
3339 3059 3384 3112 δ’
3417 3061 3503 3111 ὅτε
3529 3061 3624 3112 καὶ
3648 3061 3786 3112 ἐτε-

2198 3150 2438 3221 ρήμερον
2467 3149 2683 3212 ἐσθίων,
2714 3150 2952 3222 βριαρῶς
2976 3151 3072 3205 καὶ
3105 3152 3320 3222 λάϐρως
3350 3149 3426 3219 τῷ
3455 3151 3605 3220 ποτῷ
3638 3153 3784 3221 χρῆ·
3881 3172 3901 3186 ’

2193 3259 2306 3305 ται,
2341 3242 2515 3313 μέτρα
2543 3241 2588 3294 δ’
2613 3237 2706 3296 οὖν
2737 3244 2889 3314 ὅμως
2919 3243 3198 3297 ἐπιϐάλλει
3225 3247 3285 3313 τῇ
3317 3242 3512 3312 γαστρί
3540 3259 3553 3270 ·
3582 3242 3785 3294 τοσοῦο

2195 3348 2287 3385 τον
2320 3334 2378 3386 δὲ
2417 3335 2530 3396 τοῖς
2558 3333 2740 3398 ἄλλοις
2780 3333 2942 3399 ζώοις
2977 3335 3309 3404 ἀπονώτερος
3340 3335 3368 3385 ὁ
3390 3333 3501 3404 βίος
3534 3334 3628 3386 τοῦ
3663 3335 3785 3388 τῶν

2195 3425 2502 3498 ἀνθρώπιον
2547 3427 2722 3490 πέλει,
2757 3428 2880 3481 καθ’
2929 3429 3054 3482 ὅσον
3109 3428 3204 3482 καὶ
3239 3421 3381 3491 οἶκος
3423 3428 3657 3492 ἐκείνοις
3698 3431 3787 3483 ἀεὶ

2197 3517 2405 3588 σχέδιος
2435 3518 2531 3571 καλ⁸
2577 3519 2951 3589 αὐτόματοςῆ
2993 3519 3168 3590 πέτρα
3207 3521 3240 3589 ἢ
3273 3519 3530 3582 κλαδέων,
3557 3522 3653 3573 καὶ
3686 3524 3787 3574 αὐ-

2193 3610 2278 3662 τοὶ
2328 3611 2595 3682 ἀτρεμεῖς
2641 3611 2736 3663 καὶ
2779 3611 2954 3679 ὑγιεῖς
2979 3651 2994 3674 ,
3021 3614 3282 3683 κρατεροὶ
3321 3613 3415 3664 καὶ
3467 3613 3782 3680 εὐσθενεῖς,

2193 3703 2546 3774 περικαλλεῖς
2595 3705 2688 3757 καὶ
2735 3703 2962 3768 εὐειδεῖς
2988 3721 3004 3735 ο
3033 3705 3163 3758 ὅταν
3202 3706 3259 3758 δέ
3304 3723 3434 3758 ποτε
3491 3707 3583 3758 καὶ
3627 3707 3785 3769 νοτυς

2197 3793 2567 3867 κατακάμιῖκῃ,
2598 3795 2892 3865 ἀθρήνητοι
2945 3791 3275 3859 ἐξέπνευσαν
3333 3798 3531 3868 ἡσυχῆ,
3584 3797 3644 3850 οὗ
3673 3816 3784 3850 .ουν

2196 3885 2355 3950 ἄλλος
2398 3886 2619 3940 ἂλλοθεν
2655 3887 3068 3961 περιιστάμενοι
3115 3887 3340 3953 τούτους
3373 3889 3653 3959 πενθίμοις
3688 3893 3786 3943 καὶ

2196 3979 2409 4048 γοεροῖς
2459 3977 2675 4047 μέλεσιν
2722 3977 3177 4049 ἀπολοφύρονται,
3217 3980 3280 4032 οὐ
3331 3981 3663 4051 πλοκάμους,
3708 3984 3787 4046 ὠς

2198 4066 2509 4140 ἀνθρώποις
2539 4065 2678 4131 ἔθος,
2708 4067 2801 4120 ἐπὶ
2829 4070 2895 4139 τῇ
2926 4067 3035 4120 τῶν
3074 4067 3243 4137 φίλων
3276 4063 3658 4140 ἀποκείρονται
3693 4088 3787 4123 τε-

2197 4161 2360 4230 λευτῇ
2394 4175 2408 4191 ·
2442 4159 2535 4211 καὶ
2563 4157 2625 4211 τδ
2662 4156 2771 4210 τῶν
2815 4158 3127 4228 εἰρημένων
3177 4161 3361 4228 μεῖζον
3394 4161 3474 4212 ὅτι
3521 4161 3788 4230 ἀταρϐεἰς

511 4252 762 4306 ἐντεῦθεν
808 4253 858 4304 οἱ
911 4251 1076 4322 θῆρες
1122 4253 1217 4304 καὶ
1261 4254 1452 4323 ἄφοϐοι
1495 4255 1598 4324 τὴν
1633 4256 1754 4308 κατ’
1807 4256 2002 4322 αὐτοὺς
2049 4256 2408 4312 ὐπεκδύνουσι
2457 4249 2626 4321 ζωὴν,
2675 4246 2936 4317 οὐδεμίαν
2985 4248 3222 4317 κρίσεως
3273 4249 3306 4319 ἢ
3354 4249 3629 4312 κολάσεως
3673 4252 3787 4307 ὐπ-

509 4347 828 4410 οπτεύοντες
863 4348 967 4400 ἀπε
976 4346 1112 4416 ιλήν.

508 4441 571 4496 ﬂ
611 4439 816 4508 Inspice
854 4439 1124 4493 hominum
1160 4436 1414 4488 miserum
1445 4450 1626 4504 genus,
1666 4443 1773 4490 etc.

578 4529 740 4593 Cum,
777 4529 976 4600 inquit,
1005 4528 1136 4581 dicti
1167 4527 1220 4579 in
1260 4525 1676 4581 irrationalibus
1706 4527 2084 4583 animantibus

509 4621 931 4692 conspiciuntur
957 4632 1159 4680 mores,
1201 4615 1471 4684 reliquum
1496 4616 1957 4670 considerandum
1975 4626 2082 4680 est,

507 4722 557 4766 et
613 4709 837 4781 quantis
897 4704 1233 4778 deploranda
1299 4705 1583 4760 hominum
1634 4704 1807 4775 figura
1856 4708 2084 4762 exerci-

507 4813 654 4858 tatur
683 4801 862 4864 malis,
905 4800 980 4853 ita
1010 4808 1069 4853 ut
1099 4797 1215 4868 ipse
1241 4804 1368 4852 ante
1409 4805 1772 4866 conspectum
1814 4799 2081 4854 creatoris

508 4906 778 4958 apparens
828 4891 984 4945 dicas
1039 4889 1178 4943 nihil
1224 4886 1484 4948 debilius,
1510 4887 1648 4941 nihil
1701 4889 2080 4945 miserabilius

487 4981 656 5050 ;alere
672 4989 871 5034 terram
899 4996 1062 5050 quam
1075 4981 1369 5034 hominem.
1397 4977 1578 5032 Prima
1595 4994 1726 5050 ergo
1743 4979 1968 5034 vilitatis
1984 4981 2082 5038 de-

485 5029 834 5145 !monstratin
866 5029 1011 5142 (ιιῖοά
1034 5074 1088 5126 in
1131 5072 1401 5142 principio
1427 5029 1810 5143 coagulaiione
1847 5087 2083 5145 concep-

508 5118 830 5127 ---ης----η
869 5118 1011 5142 ..-ην
1132 5118 1395 5142 rum“..-
1431 5118 1809 5143 --_.,_-_-.-..-
1851 5118 2018 5129 --.ην

482 5118 677 5237 ltionis
712 5163 1108 5232 fit,multisque
1127 5164 1412 5218 doloribus
1430 5163 1751 5231 subjareute
1774 5118 2082 5234 parturitur

476 5239 483 5246 ’
507 5268 558 5313 et
578 5257 821 5312 nutritur
842 5271 872 5309 a
911 5262 1086 5308 matre
1111 5254 1338 5320 ;deinde
1362 5255 1621 5309 lactatum
1649 5271 1812 5325 super
1840 5256 2080 5312 brachiis

499 5361 728 5425 gestans
755 5357 931 5404 mater
951 5347 1311 5401 circumducit
1343 5349 1485 5402 sicut
1516 5347 1663 5402 dulci
1706 5348 1858 5402 oneri
1895 5347 2080 5404 adhae-

507 5460 636 5500 rens
677 5441 906 5508 infanti;
942 5437 1137 5494 moxin
1160 5443 1334 5493 strato
1366 5441 1575 5511 positus
1603 5439 1890 5511 supplodo,
1925 5442 2082 5511 vagio

506 5534 792 5590 doloribus
811 5545 1055 5604 pressus;
1074 5529 1198 5585 inde
1212 5529 1630 5602 quadrupedum
1648 5545 1800 5586 more
1819 5530 2075 5586 manibus

578 5680 688 5748 (56)
729 5681 862 5734 Cod.
923 5681 1368 5750 καταλιειποῦσα,
1419 5679 1562 5737 unde
1616 5679 1851 5737 fortasse
1909 5681 2077 5738 scribi

497 5759 685 5824 potest
722 5749 1021 5804 καταλιποῦ
1032 5769 1115 5806 σα.

2208 4433 2265 4489 Η
2314 4433 2512 4500 ’Δθρει
2554 4431 2652 4485 καὶ
2695 4433 2978 4501 μερόπων
3007 4433 3213 4488 δειλόν
3236 4435 3433 4504 γένος,
3463 4455 3514 4491 κ.
3541 4454 3592 4491 τ.
3619 4437 3673 4490 λ.

2263 4523 2504 4594 Ἐπειδὴ,
2529 4524 2686 4593 φησὶ,
2723 4524 2793 4578 τά
2815 4523 3079 4596 εἰρημένα
3125 4526 3184 4578 ἐν
3217 4529 3332 4591 τοῖς
3360 4527 3577 4595 ἀλόγοις
3605 4528 3783 4584 ἐθεω-

2192 4617 2332 4689 ρήθη
2370 4616 2529 4681 ζώοις
2565 4615 2831 4686 ἰδιώματα
2854 4656 2869 4678 ,
2901 4617 3162 4670 σκεπτέον
3203 4619 3296 4670 ἐπὶ
3327 4617 3535 4682 τούτοις
3567 4620 3786 4684 λοιπὸν,

2191 4708 2285 4760 καὶ
2322 4706 2455 4768 οῖοις
2487 4707 2519 4775 ὴ
2547 4705 2755 4758 δειλαία
2797 4705 2907 4757 τῶν
2949 4705 3256 4778 ἀνθρώπων
3285 4709 3467 4778 μορφὴ
3498 4709 3788 4764 ταλαιπω-

2193 4802 2365 4871 ρεῖται
2411 4800 2622 4861 κακοῖς,
2652 4797 2727 4860 ώς
2769 4797 2836 4850 ἂν
2884 4797 2978 4850 καὶ
3019 4798 3182 4860 αὐτὸς
3219 4799 3361 4850 κατᾶ
3409 4800 3499 4851 τὸν
3545 4805 3788 4874 ποιητὴν

2189 4892 2609 4962 ἀποφηνάμενος
2643 4890 2822 4962 εἴπῃς,
2851 4890 2926 4954 ὡς
2941 4891 3093 4944 οὐδὲν
3125 4891 3468 4962 ἀκιδνότερον
3515 4892 3547 4959 ἢ
3576 4892 3786 4948 ἀθλιώ-

2189 4984 2404 5054 τερονὴ
2437 4982 2509 5052 γῆ
2557 4980 2651 5034 τοῦ
2690 4980 2984 5052 ἀνθρώπου
3017 4982 3233 5054 τρέφει.
3279 4981 3476 5053 Πρώτη
3531 4984 3636 5052 μὲν
3686 4983 3786 5040 οὖν

2189 5075 2467 5137 εὐτελείας
2497 5073 2753 5138 ἔνδειξις,
2777 5073 2840 5127 τὸ
2879 5075 3032 5146 ῥοιῆς
3071 5075 3449 5145 πηγνυμένης,
3487 5077 3606 5145 ἦτοι
3647 5078 3788 5148 ῥεύ-

2191 5181 2347 5227 σεως,
2381 5159 2520 5216 εἶναι
2564 5163 2722 5232 γόνον
2766 5165 2825 5216 ὲν
2856 5165 3089 5235 ἀρχαῖς,
3127 5165 3282 5235 μόγῳ
3315 5165 3372 5216 δὲ
3413 5165 3506 5217 καὶ
3548 5165 3789 5232 πολλαῖς

2189 5255 2583 5320 κακοπαθείαις
2621 5255 2911 5324 γεννᾶσθαι
2943 5257 3036 5309 καλ⁸
3083 5256 3485 5327 ἀνατρὲφεσθαι
3525 5256 3630 5326 τῆς
3666 5276 3786 5328 μη-

2187 5349 2316 5418 τρός
2337 5366 2351 5379 ·
2384 5345 2501 5400 εἶτα
2537 5348 3154 5419 γαλακτοτροφούμενον
3192 5348 3280 5400 ἐπ’
3307 5347 3564 5416 ἀγκαλῶν
3609 5350 3642 5420 ἠ
3672 5354 3790 5422 μή-

2186 5457 2294 5511 τηρ
2321 5439 2522 5509 ὁχοῦσα
2562 5441 2842 5510 περιάγει,
2875 5441 2951 5505 ὡς
2999 5439 3193 5508 γλυκεῖ
3250 5441 3398 5510 πόνῳ
3423 5441 3787 5510 προσέχουσα

2187 5530 2266 5600 τῷ
2301 5530 2491 5601 βρέφει
2520 5549 2534 5562 ο
2563 5531 2755 5586 ἔπειτα
2793 5531 2931 5603 πρὸς
2979 5531 3056 5602 τῷ
3109 5529 3294 5600 ἐδάφει
3333 5530 3617 5601 τιθέμενος
3656 5533 3788 5585 επι-

2259 5686 2372 5752 (57)
2424 5687 2848 5761 Ἑμπίμπλησι,
2889 5689 2970 5744 sic
3025 5689 3222 5745 codex.
3285 5703 3336 5740 ν.
3394 5649 3648 5748 suum,
3706 5691 3784 5742 ad

2189 5753 2394 5824 Plirqn.
2427 5753 2595 5816 0.95.
