4056 6238
439 324 546 380 ’149

1423 330 1491 388 ΙΝ
1527 334 1834 393 ΟΑΒΜΙΝΑ
1873 336 2155 396 ARCANA
2194 341 2254 399 S.
2295 343 2647 404 GREGORII.

433 439 608 512 τρίϐω
634 438 733 510 τὴν
758 440 862 511 γῆν
891 439 985 494 καὶ
1011 440 1422 516 κλαυθμυρίζω,
1453 452 1568 513 τοῖς
1596 450 1787 520 ἄλγεσι
1817 454 2010 508 πονούο

3568 362 3678 420 ’150

2110 472 2175 512 ac
2200 459 2433 528 pedibus
2462 477 2630 534 super
2655 464 2774 520 solo
2802 448 3004 537 repto;
3048 484 3263 525 rursum
3294 471 3419 529 inde
3443 490 3678 549 surgens

435 548 599 623 μενος
634 548 650 563 ·
678 530 952 631 ἐντεῦθεν.
979 535 1322 631 τετραπόδων
1372 540 1649 613 ὁμοιότητι
1702 544 1858 615 χερσὶ
1914 562 1981 601 κα

2106 555 2162 602 et
2201 552 2432 606 tremulo
2464 553 2598 623 pede
2623 556 2844 626 gradive
2869 568 3109 625 tentans,
3137 576 3250 631 prae
3308 578 3473 621 casus
3523 530 3672 624 metu

433 616 564 673 ποσὶ
590 618 736 673 κατά
768 618 863 672 τοῦ
894 619 1124 690 ἐδάφους
1151 622 1487 697 ὲπισύρομαι
1521 644 1537 659 ·
1567 629 1981 686 πάλινέντεῦθε

2107 655 2305 698 manus
2336 646 2667 714 protendens
2699 659 2969 719 pertento.
3011 655 3281 711 Praeterea
3300 657 3502 730 linguae
3545 662 3679 717 titu-

427 708 643 780 ἀρθεὶς,
671 708 768 762 καὶ
791 714 1080 781 τρομεροῖς
1113 713 1284 782 ῐχνεσι
1324 714 1652 786 βηματίζειν
1685 720 2004 793 ἐπιχειρῶν,

425 798 603 870 δειλίᾳ
660 800 760 870 τῆς
809 799 1072 865 πτώσεως
1114 803 1213 867 τάς
1253 806 1513 877 παλάμας
1548 808 2002 881 διακλεπτόμενος

427 891 731 946 ὲκτέτακασ
767 892 908 962 μετὰ
944 893 1121 948 ταῦτα
1162 897 1345 967 φωνῆς
1371 898 1644 970 ἀνάρθρου
1673 901 2000 972 ψελλίσμασι

424 980 547 1043 νοὸς
571 979 915 1050 ἀνθρωπίνου
954 983 1101 1052 ἴχνος
1121 985 1466 1053 ἐπιφαίνεται
1497 1006 1512 1018 ο
1544 991 1684 1059 μετά
1702 991 1877 1044 ταῦτα
1908 992 2003 1047 καὶ

425 1072 587 1141 λόγος
628 1070 709 1143 τῷ
749 1073 904 1127 παιδὶ
947 1073 1393 1146 διαρθρούμενος,
1437 1079 1541 1133 οὐκ
1589 1081 1885 1151 ἀδακρυτὶ,
1913 1084 2002 1152 ὑφ’

2103 729 2284 788 bantis
2328 735 2470 791 male
2513 738 2810 795 articulate:
2851 744 3137 815 vestigium
3177 729 3409 817 spiritus
3453 751 3677 808 humani

2107 819 2421 888 ostendunt,
2449 834 2634 895 postea
2662 837 2717 883 et
2740 844 2922 885 sermo
2948 833 3001 886 iu
3032 848 3200 903 puero
3222 838 3546 896 emendatus
3567 858 3677 897 non

2109 910 2230 968 sine
2265 912 2543 985 lacrymis.
2571 918 2707 989 ipsis
2737 923 3042 979 rectoribus
3073 925 3353 997 lacuymis,
3384 937 3676 986 transeun-

2109 1004 2258 1061 tibus
2295 1014 2499 1064 tenera:
2535 1013 2713 1067 {etatis
2748 1017 2936 1085 primis
2966 1025 3021 1073 et
3046 1021 3307 1076 secundis
3334 1024 3497 1078 annis
3536 1024 3679 1080 inci-

2110 1097 2189 1165 pit
2221 1099 2370 1155 clare
2398 1103 2759 1160 manifestari.

423 1173 661 1279 ἡγεμόσι
697 1174 755 1227 δὲ
798 1177 911 1239 τοίς
956 1175 1186 1249 δάκρυσι
1219 1182 1363 1235 κατά
1395 1183 1591 1256 μικρὸν
1632 1185 1732 1256 τῆς
1775 1186 2001 1257 πρώτης
2050 1206 2111 1243 τε
2162 1194 2258 1246 καὶ
2306 1194 2567 1269 δευτέρας
2623 1200 2840 1270 ἡλικίας
2887 1205 3294 1278 παροδευούσης
3337 1208 3524 1279 σαφῶς
3555 1209 3675 1266 δια-

425 1267 735 1339 τρανοῦται.

414 1403 746 1474 Είκοσέτης
782 1407 1113 1479 συν-ἄγειρα
1147 1412 1356 1482 μένος,
1382 1432 1439 1471 κ.
1472 1433 1524 1470 τ.
1554 1417 1633 1485 ἐξ.

493 1515 684 1581 Μόλις,
739 1518 926 1589 φησὶν,
978 1523 1297 1597 εἰκοσαέτης
1344 1529 1656 1599 γενόμενος,
1708 1532 1807 1604 τὴν
1844 1533 1999 1605 ἀνδρὶ

416 1604 775 1676 καθήκουσαν
792 1608 1023 1681 δύναμιν
1044 1614 1394 1687 συνήθροισα·
1414 1620 1509 1672 καὶ
1526 1618 1714 1694 ὥσπερ
1734 1639 1818 1688 τις
1837 1623 2000 1695 ἀθλη-

415 1699 519 1769 τὴς
545 1701 603 1752 ὲν
625 1699 839 1772 θεάτρῳ
865 1702 944 1773 τῷ
966 1702 1066 1775 βίῳ
1086 1708 1383 1772 καταστάς,
1409 1710 1627 1775 πολλοῖς
1645 1714 1727 1768 ὅτι
1758 1714 1993 1786 μάλιστα

416 1789 605 1854 πόνοις
650 1791 745 1844 καὶ
791 1792 982 1856 κόποις
1014 1796 1157 1849 κατά
1178 1798 1472 1868 πρόσωπον
1494 1802 1834 1859 ἀντιϐολούσι
1865 1822 1991 1859 συν-

414 1880 682 1953 εκύρησα.
698 1878 857 1937 ’Άλλο
905 1885 1006 1955 μὲν
1033 1883 1127 1941 οὖν
1173 1906 1233 1942 σε
1263 1890 1371 1944 τῶν
1404 1891 1716 1949 λυπούντων
1761 1898 1903 1952 κατά
1930 1898 1994 1952 τὸ

416 1970 515 2025 νῦν
568 1971 748 2027 θλίϐον
790 1976 1125 2042 ἐπιτίθεται.
1169 1979 1297 2034 ἄλλο
1335 1982 1382 2036 δ’
1422 1984 1632 2056 ἀπῆλθε
1683 1987 1764 2059 τῷ
1816 1990 1992 2061 χρόνῳ

413 2065 883 2134 συμπαρῳχηκὸς,
915 2065 1096 2131 ἄλλοις
1118 2067 1198 2133 δὲ,
1226 2062 1273 2123 ὧ
1303 2069 1470 2145 ψυχὴ,
1496 2071 1557 2127 εὖ
1597 2075 1731 2141 ι’σθι,
1754 2076 1844 2132 τὸν
1876 2079 1991 2150 βίον

415 2149 645 2240 περῶσα
678 2154 1034 2224 συναντήσεις
1067 2157 1126 2221 ἐς
1147 2157 1211 2211 τὺ
1240 2159 1394 2214 ἐπιὸν
1429 2162 1745 2237 μοχθηροῖςο
1766 2168 1858 2220 καὶ
1880 2149 1990 2240 γάρ

416 2239 535 2311 βίον
560 2243 731 2312 περᾷς
753 2240 943 2315 ὥσπερ
967 2245 1092 2301 τινά
1121 2246 1280 2302 ὁλκὸν
1309 2251 1557 2323 ποταμοῦ
1586 2254 1858 2326 ἀνάρῤουν
1894 2239 1990 2311 aii-

410 2329 507 2384 τὸν
550 2331 959 2405 ἐκϐιαζόμενος,
982 2335 1218 2406 ἔμπαλιν
1241 2340 1276 2409 ἢ
1310 2341 1472 2405 αὐτὸς
1507 2342 1688 2413 βούλει
1714 2362 1776 2399 σε
1805 2348 1990 2403 συνέλ-

411 2422 660 2494 κοντα,ἢ
706 2422 785 2489 ῶς
811 2441 864 2479 τι
912 2425 1093 2497 ῥεῦμα
1139 2429 1413 2504 θαλάσσης
1451 2434 1653 2504 βίαιον,
1683 2431 1786 2491 ὧδε
1826 2443 1990 2494 κακεῖ

409 2511 700 2584 περιέλκον
739 2515 834 2567 καὶ
880 2516 1184 2588 περισπῶν,
1211 2519 1240 2573 ὃ
1285 2521 1350 2592 δὴ
1390 2527 1623 2589 πυκναῖς
1658 2529 1987 2600 πνευμάτων

410 2603 727 2674 ὲμπτώσεσι
770 2607 1172 2678 άναϐράττεται
1205 2612 1300 2666 καὶ
1319 2612 1643 2684 ’ῥιπίζεται
1676 2618 1856 2674 Πολλά
1885 2620 1986 2690 μὲν

407 2691 525 2760 οὖν,
571 2698 736 2771 φησὶν
762 2699 791 2751 ό
815 2700 1155 2768 διδάσκαλος,
1200 2707 1323 2768 ταῖς
1376 2706 1584 2762 ἑαυτῶν
1632 2708 1838 2775 ἀνοίαις
1893 2713 1988 2766 καὶ

408 2789 740 2862 ἀφροσύναις
777 2793 1031 2864 ἑπόμενοι
1060 2796 1435 2867 πειραζόμεθα
1456 2812 1472 2828 ο
1506 2799 1607 2853 ὅσα
1633 2800 1834 2873 δηλαδὴ
1866 2806 1985 2868 ταῖς

404 2879 655 2951 ἀνοήτοις
715 2883 1033 2955 ἐπιθυμίαις
1097 2888 1186 2942 καὶ
1250 2888 1543 2962 βλαϐεραῖς
1608 2893 1983 2966 ὑπηρετούμε-

409 2987 490 3024 νοι
531 2973 911 3046 ἐκτρυχόμεθα
939 2993 959 3008 ’
996 2979 1223 3032 πλεῖστα
1263 2979 1307 3033 δ’
1339 2981 1441 3035 ὃσα
1486 2983 1580 3038 καὶ
1625 2985 1654 3037 ὁ
1693 2984 1795 3054 τῆς
1840 2988 1980 3058 ἡμε-

405 3063 575 3135 τέρας
611 3066 749 3136 πρὸς
799 3067 932 3122 Θεὸν
981 3068 1216 3133 νεύσεως
1266 3071 1362 3126 καὶ
1398 3073 1498 3144 τῆς
1547 3074 1690 3129 κατά
1746 3077 1980 3147 Χριστὸν

407 3152 557 3226 ζωῆς
595 3155 997 3229 ’Δνεικείμενος
1022 3161 1089 3214 ὲκ
1110 3160 1302 3231 φθόνου
1330 3165 1424 3218 καὶ
1452 3165 1752 3235 βασκανίας
1776 3170 1981 3225 ἐπινοεῖ

403 3245 467 3299 δυ
473 3263 564 3317 σχε
571 3247 654 3319 ρῆ.
1354 3324 1360 3329 _

406 3346 475 3404 59
506 3350 575 3404 ει
620 3349 732 3420 γάρ
760 3367 869 3406 κεν
906 3353 1026 3408 ὅσα
1065 3356 1289 3424 τερπνά
1333 3357 1430 3411 καὶ
1484 3359 1979 3503 ὁππόσα[β.ἔὲ›γρὰ

1852 3450 1908 3487 ιο

1852 3450 1908 3487 ιο

402 3487 476 3543 60
523 3490 1083 3560 Ἀντιταλαντεύοις,
1118 3511 1172 3549 κ.
1199 3513 1251 3551 τ.
1281 3496 1331 3550 λ.

476 3607 649 3681 Εἴπερ
687 3608 753 3682 δὴ
790 3606 907 3678 οὖν,
940 3612 1106 3684 φησὶν
1138 3615 1168 3668 ό
1205 3614 1307 3686 τῆς
1335 3616 1594 3688 ἀληθείας
1636 3618 1974 3691 καθηγητὴς,

403 3698 475 3752 τά
524 3700 738 3772 χρηστὰ
779 3701 875 3756 τοῦ
928 3704 1046 3774 βίου
1082 3705 1238 3760 τοῦδε
1281 3709 1396 3772 τοῖς
1444 3707 1710 3781 λυπηροῖς
1759 3711 1977 3766 ἀντιτα-

401 3790 679 3856 λαντεύοις
724 3792 1112 3866 σταθμώμενος
1159 3796 1234 3862 ὡς
1280 3798 1339 3852 ἐν
1366 3797 1534 3870 ζυγῷ,
1563 3800 1704 3855 κατά
1736 3801 1871 3856 πολὺ
1908 3802 1975 3856 ἂν

402 3883 439 3954 η
478 3882 585 3937 τῶν
613 3884 799 3938 κακῶν
831 3884 1098 3956 πλάστιγξ
1127 3887 1458 3960 βαρυνθεῖσα
1499 3892 1852 3966 κατενεχθείη
1880 3894 1976 3947 ἐπὶ

402 3977 529 4047 γῆν,
563 3978 598 4047 ἡ
632 3976 692 4030 δὲ
720 3977 831 4031 τῶν
864 3977 1087 4046 ἀγαθῶν
1134 3981 1228 4034 καὶ⁵
1271 3982 1518 4052 τερπνῶν
1554 3983 1640 4050 ἐφ’
1686 3982 1819 4053 ὕψος
1859 4001 1977 4039 κου-

404 4066 620 4139 φισθείη
648 4068 786 4140 πρὸς
817 4069 1073 4139 ούρανόνο
1106 4070 1298 4135 οὓτως,
1331 4071 1521 4136 εἰπὼν,
1546 4075 1667 4127 κατ’
1694 4067 1832 4137 εἶδος
1856 4074 1976 4146 ἀρι-

403 4158 621 4231 ομεῖται
646 4160 861 4233 πρῶτον
882 4163 950 4216 τά
979 4161 1217 4235 λυπηρά,
1245 4163 1403 4236 δῆρις
1433 4164 1528 4218 καὶ
1556 4166 1725 4236 μάχαι
1747 4169 1864 4231 τοῖς
1885 4165 1976 4220 τὸν

399 4252 601 4323 τρόπον
645 4254 983 4324 πολεμικοῖς,
1019 4256 1213 4320 πόντος
1239 4256 1337 4310 καὶ
1365 4257 1597 4311 κίνδυνοι
1620 4260 1734 4322 τοῖς
1759 4259 1973 4313 ναυτιλη

398 4341 669 4412 λομένοις,
717 4344 930 4416 ἄρουρα
974 4346 1068 4400 καὶ
1113 4345 1354 4412 κόπωσις
1390 4349 1503 4412 τοῖς
1543 4349 1830 4419 γεωργοῖς,
1859 4353 1972 4415 τοῖς

397 4432 863 4504 ἀμπορευομένοις
915 4435 1009 4488 καὶ
1066 4433 1318 4489 πλουτεῖν
1370 4435 1647 4491 ἐθέλουσιν
1699 4437 1973 4495 ἐπίϐουλοι

398 4523 591 4595 ἄνδρες
622 4524 965 4594 παρέπονται
1010 4523 1108 4578 καὶ
1155 4524 1436 4598 λῃστρικοί
1458 4541 1474 4558 ⁸
1529 4528 1627 4582 καὶ
1666 4531 1779 4595 τοῖς
1811 4529 1971 4602 εύρυ-

399 4616 553 4679 ϐόαις
597 4616 699 4688 μὲν
742 4618 839 4671 καὶ
879 4616 1269 4687 πολυκτησίαις
1305 4618 1558 4690 χαίρουσι
1595 4620 1972 4693 δασμογράφοι

397 4708 494 4762 καὶ
525 4708 800 4774 ἐξισωταὶ,
823 4708 1047 4763 καὶτῶν
1068 4709 1251 4781 φόρων
1278 4710 1595 4782 πράκτορες¹
1611 4712 1972 4785 ἀπαραίτητοι

396 4800 788 4871 παρίστανται.
806 4800 932 4864 Τοῖς
953 4800 1386 4873 πολιτευομένοις
1403 4801 1460 4855 δὲ
1484 4803 1580 4856 καὶ
1605 4805 1736 4875 περὶ
1758 4804 1972 4873 βίϐλους

396 4891 494 4945 καὶ
517 4890 711 4959 λόγους
743 4891 1060 4961 σχολάζουσι
1092 4893 1322 4967 ῥήτορες
1357 4891 1507 4946 ἔστιν
1537 4893 1627 4946 ὅτε
1672 4894 1835 4949 δεινοὶ
1877 4898 1972 4950 καὶ

398 4983 733 5051 συκοφάνται
757 4982 854 5037 καὶ
875 4982 1066 5055 κριτὴς
1092 4984 1279 5048 ἄδικος
1316 4983 1411 5038 καὶ
1430 4984 1615 5055 ἄρχων
1638 4984 1737 5049 τάς
1757 4986 1970 5058 ψήφους

392 5074 498 5126 οὐκ
520 5072 739 5137 εὐθείας
755 5072 1034 5137 διατιθείς.
1061 5075 1173 5128 Καὶ
1191 5075 1365 5129 ταῦτα
1392 5075 1492 5146 μὲν
1507 5075 1577 5129 τά
1605 5075 1854 5131 ἐπώδυνα
1875 5078 1969 5131 τοῦ

372 5199 378 5229 ;
394 5163 628 5218 ἐλεεινοῦ
660 5162 779 5233 βίου
814 5164 1063 5233 παίγνια,
1100 5167 1209 5219 τῶν
1241 5167 1484 5237 ματαίων
1507 5167 1809 5239 ἀνθρώπων
1839 5185 1967 5222 κατι

394 5256 704 5327 ορχούμενα
727 5255 828 5326 τῆς
860 5256 1024 5328 ζωῆς.
1053 5257 1285 5311 Σκοπεῖν
1305 5257 1370 5329 δὴ
1396 5253 1490 5312 οὖν
1518 5258 1667 5326 ἀξιον
1694 5258 1789 5312 καὶ
1810 5258 1969 5312 ὁποῖά

395 5345 511 5399 ἐστι
532 5347 602 5400 τά
641 5346 872 5418 τερπνά,
902 5347 1063 5419 κόρος
1104 5350 1199 5403 καὶ
1222 5349 1456 5422 γαστρὸς
1491 5349 1774 5420 πλησμονή
1803 5367 1825 5425 ξ
1875 5350 1969 5403 καὶ

393 5435 553 5490 τοῦτο
587 5436 727 5509 βαρύ
762 5450 823 5491 τε
849 5439 943 5493 καὶ
975 5436 1417 5511 ἐπαχθές-’ᾆσμα
1441 5439 1535 5494 καὶ
1554 5439 1810 5508 γέλωτες·
1840 5439 1970 5493 ἄλλο

396 5527 646 5595 παίγνιον
671 5542 688 5557 ⁸
739 5527 992 5600 λαμπραὶ
1029 5528 1250 5600 τύμϐων
1300 5529 1671 5584 κατασκευαί·
1722 5530 1885 5585 αὐταὶ
1909 5531 1968 5586 δὲ

397 5617 623 5689 πλήρεις
667 5618 942 5674 eameam
969 5620 1201 5691 ὁρῶνται
1229 5620 1467 5692 νεκρῶν·
1508 5619 1635 5675 ’ἐδνα
1665 5621 1968 5692 περισπού-

391 5710 564 5762 δαστα
591 5710 687 5763 καὶ
709 5712 1072 5781 προγαμιαῖαι
1094 5710 1316 5782 δωρεαὶ,
1340 5711 1435 5764 καὶ
1448 5710 1627 5782 προὶξ,
1652 5711 1747 5765 καὶ
1767 5711 1965 5784 γάμος,

397 5799 489 5851 καὶ
524 5798 779 5869 δεύτερος
807 5800 1069 5866 πολλάκις
1113 5801 1207 5855 τοῦ
1248 5800 1464 5874 πρώτου
1500 5801 1847 5865 διακοπέντος
1889 5803 1969 5872 τῷ

2110 1422 2418 1482 Vicesimum
2448 1434 2706 1504 attingens
2730 1452 2928 1490 annum
2950 1437 3313 1507 fortitudinem
3338 1441 3545 1513 collegi,
3562 1453 3669 1499 etc.

2176 1536 2298 1605 Vix,
2319 1542 2511 1612 inquit,
2532 1545 2721 1613 viginti
2740 1562 2914 1605 annos
2936 1558 3121 1616 natus,
3150 1550 3529 1608 fortitudinem
3550 1554 3671 1609 viro

2092 1632 2505 1688 convenientem
2541 1649 2830 1693 assecutus
2858 1655 3004 1700 sum.
3033 1649 3089 1696 et
3118 1626 3264 1696 sicut
3308 1643 3511 1698 athleta
3552 1645 3673 1714 qui-

2092 1722 2219 1776 dam
2244 1721 2300 1777 in
2325 1725 2448 1779 vitae
2476 1725 2690 1783 theatro
2721 1744 2991 1801 apparens
3009 1731 3202 1788 multis
3220 1740 3277 1788 et
3304 1750 3469 1804 quam
3495 1736 3670 1791 maxi-

2094 1813 2204 1869 mis
2228 1813 2511 1870 laboribus
2539 1824 2596 1871 et
2634 1819 2900 1874 aerumnis
2928 1820 3146 1876 obviam
3198 1822 3538 1880 irruentibus
3573 1839 3671 1880 oc-

2092 1903 2260 1958 curri.
2289 1903 2448 1959 Aliud
2479 1905 2702 1975 quidem
2752 1906 2942 1965 dolore
2979 1916 3035 1966 te
3084 1911 3141 1966 in
3187 1913 3442 1983 praesenti
3489 1924 3671 1970 conte-

2095 2007 2222 2048 rens
2267 1995 2598 2064 apponitur,
2655 1998 2805 2053 aliud
2858 2015 2989 2056 vero
3065 2016 3172 2056 una
3234 2017 3361 2059 cum
3419 2012 3671 2075 tempore

2092 2084 2257 2140 simul
2283 2087 2440 2158 fugit,
2476 2088 2600 2144 aliis
2629 2090 2830 2156 adhue,
2867 2105 2902 2145 ο
2942 2091 3148 2160 anima,
3206 2103 3356 2149 certe
3397 2095 3449 2149 id
3496 2096 3666 2159 scias,

2090 2189 2189 2246 per
2222 2178 2391 2232 vitam
2426 2180 2701 2236 transiens
2735 2181 2790 2236 in
2820 2180 3066 2237 futurum
3115 2182 3275 2239 duris
3305 2180 3487 2240 obvia~
3515 2186 3665 2253 eris;

2094 2281 2333 2338 namque
2362 2284 2459 2341 per
2481 2272 2652 2327 vitam
2684 2274 2892 2331 transis
2917 2275 3078 2346 quasi
3110 2291 3206 2347 per
3232 2278 3410 2334 amnis
3439 2293 3665 2333 cursum

2094 2365 2149 2415 te
2205 2360 2259 2415 vi
2305 2376 2501 2434 magna
2549 2364 2890 2436 abripientis.
2953 2366 3019 2421 Et
3074 2383 3291 2425 rursum
3378 2367 3467 2424 vel
3547 2370 3665 2440 ipse

2087 2456 2143 2502 te
2184 2451 2420 2507 trahenti
2480 2455 2748 2519 asseritis,
2808 2458 2895 2512 vel
2969 2459 3116 2513 sicut
3184 2458 3382 2513 ﬂuetus
3438 2457 3660 2529 quidam

2086 2541 2256 2597 maris
2299 2551 2571 2610 coactus,
2637 2546 2720 2602 sic
2794 2547 3074 2618 abripiens
3135 2556 3190 2604 et
3257 2548 3506 2603 avellens
3568 2548 3664 2617 qui

2089 2634 2292 2689 iterum
2354 2646 2517 2706 atque
2576 2638 2777 2693 iterum
2843 2648 3131 2695 ventorum
3206 2639 3430 2695 ﬂatibus
3474 2639 3663 2695 turba-

2086 2733 2176 2779 tur
2207 2737 2263 2783 et
2298 2729 2542 2785 tumidus
2570 2729 2651 2787 lit.
2679 2729 2906 2786 Multum
2954 2746 3106 2803 ergo,
3153 2731 3330 2802 inquit
3375 2733 3660 2802 magister,
3732 2791 3738 2796 ,

2086 2817 2291 2872 nostris
2320 2817 2567 2886 profanis
2594 2821 3025 2892 cogitationibus
3052 2833 3108 2878 et
3153 2823 3539 2878 deliramentis
3581 2822 3660 2876 in-

2086 2908 2444 2979 sequentibus
2480 2917 2759 2966 tentantur
2795 2930 2809 2966 :
2850 2926 3015 2985 quam
3071 2913 3262 2969 multis
3286 2913 3533 2984 profecto
3562 2912 3656 2968 in-

2087 3000 2239 3057 sanis
2264 3010 2318 3056 et
2354 3001 2570 3058 nucivis
2617 3001 2906 3059 desideriis
2944 3004 3340 3068 consumimur,
3360 3010 3571 3058 tantum
3605 3012 3677 3058 et

2088 3091 2211 3161 plus
2239 3091 2416 3149 nostri
2455 3108 2586 3164 erga
2618 3092 2788 3150 Deum
2820 3093 3072 3164 obsequii
3102 3101 3268 3165 atque
3296 3094 3425 3150 vitae
3455 3109 3660 3150 secun-

2085 3182 2213 3237 dum
2252 3181 2538 3239 Christum
2558 3183 2920 3241 Adversarius
2950 3200 3061 3255 pra:
3091 3184 3297 3240 invidia
3343 3186 3656 3258 suggestio-

2088 3272 2254 3329 nibus
2292 3274 2502 3331 dolosis
2524 3273 2763 3330 difficilia
2786 3276 3042 3332 suscitat.

2193 3373 2409 3448 Etenim
2427 3378 2487 3448 si,
2507 3377 2686 3430 omnia
2715 3377 2851 3433 bona
2874 3378 3156 3448 omniaque
3175 3378 3297 3432 vita:
3321 3378 3465 3431 mala

2084 3442 2154 3499 60
2194 3444 2540 3514 Appenderis,
2564 3453 2672 3501 etc.

2155 3624 2214 3679 Si
2262 3639 2427 3696 ergo,
2480 3625 2659 3696 inquit
2701 3632 2888 3682 orator
2926 3628 3081 3697 juxta
3130 3627 3456 3689 veritatem.
3512 3643 3656 3683 com-

2084 3716 2245 3772 moda
2280 3716 2404 3772 vitae
2437 3716 2602 3787 hujus
2644 3717 2980 3773 calamitosis
3017 3719 3448 3790 aqttiparaveris
3486 3722 3656 3791 quasi

2083 3808 2138 3863 in
2163 3808 2401 3872 bilance,
2435 3809 2706 3864 malorum
2732 3809 2947 3864 lancula
2991 3820 3271 3881 premente
3302 3811 3548 3883 pondere
3584 3810 3657 3869 fe-

2082 3911 2234 3955 retur
2276 3898 2345 3954 ad
2385 3906 2612 3966 terram,
2675 3899 2946 3955 bonorum
3001 3915 3133 3958 vero
3178 3909 3233 3957 et
3280 3901 3653 3972 iucundorum

2082 3991 2300 4047 lancula
2328 3992 2384 4048 in
2412 3992 2582 4046 altum
2637 3990 2892 4047 alleviata
2928 3991 2998 4046 ad
3029 3993 3229 4049 calum
3244 3992 3541 4047 attolletur.
3562 3989 3654 4048 Sic

2083 4082 2275 4140 dicens
2286 4098 2385 4155 per
2409 4083 2623 4155 species
2649 4091 2911 4155 supputat
2939 4083 3116 4155 primo
3138 4084 3494 4149 calamitosa;
3520 4084 3655 4140 rixae

2081 4177 2137 4226 et
2159 4169 2351 4240 pretia
2376 4185 2478 4240 pro
2513 4170 2863 4228 bellatoribus
2906 4187 2976 4227 ex
3026 4170 3273 4242 ipsorum
3310 4171 3653 4237 conditione.

2082 4276 2234 4317 mare
2263 4267 2320 4316 et
2345 4261 2586 4330 pericula
2624 4277 2722 4332 pro
2759 4262 3165 4334 navigantibus,
3212 4261 3389 4317 aratio
3423 4268 3478 4317 et
3523 4260 3654 4317 fati-

2076 4353 2226 4423 gatio
2241 4366 2341 4423 pro
2381 4352 2674 4422 agricolis,
2717 4366 2820 4423 pro
2866 4352 3301 4423 negotiatoribus
3333 4360 3390 4408 et
3446 4351 3517 4409 iis
3555 4353 3653 4425 qui

2077 4441 2279 4498 divites
2307 4444 2500 4499 volunt
2525 4442 2643 4500 fieri
2698 4453 2832 4501 sunt
2878 4440 3207 4500 insidiantes
3257 4444 3362 4499 viri
3410 4453 3464 4500 et
3488 4444 3655 4500 latro-

2078 4550 2210 4602 nes;
2239 4543 2295 4590 et
2321 4543 2643 4607 arroganter
2692 4535 3044 4605 loquentibus
3094 4543 3151 4591 et
3202 4536 3651 4605 possessionibus

2079 4629 2270 4685 multis
2331 4629 2697 4701 gaudentibus
2756 4627 3201 4684 circumeurrunt
3256 4636 3545 4685 exactores
3596 4636 3653 4683 ct

2077 4721 2366 4792 vectigalia
2395 4722 2725 4792 imperantes
2768 4726 2823 4775 et
2863 4718 3197 4774 tributorum
3253 4732 3485 4773 censum
3542 4718 3647 4772 im.

2078 4806 2349 4867 ponentes
2372 4815 2514 4868 quos
2544 4800 2699 4855 nullo
2730 4801 2894 4856 modo
2925 4800 3167 4858 ﬂexeris.
3193 4800 3482 4860 Subnectit
3508 4812 3564 4860 et
3597 4814 3658 4859 ut

2075 4889 2171 4960 qui
2214 4889 2372 4947 libris
2400 4898 2458 4947 ct
2486 4892 2821 4963 eloquentia:
2863 4893 3044 4950 studia
3090 4893 3359 4950 adhibent
3395 4895 3654 4951 doctores

2071 4980 2345 5053 contingit
2365 4990 2426 5039 ut
2445 4983 2562 5040 sint
2581 4984 2912 5041 formidandi
2961 4995 3016 5042 et
3043 4986 3501 5053 calumniatores.
3523 4997 3656 5043 sunt

2071 5081 2130 5129 et
2146 5071 2316 5143 iudex
2346 5074 2588 5143 iniustus
2615 5085 2672 5132 et
2699 5075 2954 5148 princeps
2978 5093 3181 5136 causas
3204 5095 3313 5136 non
3351 5091 3500 5136 recte
3526 5095 3654 5150 pro-
3684 5152 3689 5157 ο

2073 5164 2357 5239 nuntians.
2382 5165 2449 5222 Et
2472 5165 2576 5222 ista
2604 5168 2822 5238 quidem
2845 5174 3160 5227 Mutuom
3185 5171 3509 5227 miserandae
3532 5172 3653 5226 vine

2070 5256 2395 5325 crepundia.
2427 5256 2629 5327 quibus
2669 5259 2823 5315 stulti
2855 5262 3103 5319 homines
3133 5264 3189 5318 in
3233 5277 3350 5317 aevo
3382 5262 3651 5317 distinen-

2067 5355 2179 5402 tur.
2222 5347 2588 5405 Considerare
2631 5350 2797 5407 etiam
2847 5350 3074 5424 dignum
3112 5362 3200 5410 est
3245 5369 3368 5422 qua:
3405 5352 3517 5408 sint
3556 5352 3649 5422 ju-

2064 5437 2244 5493 cunda
2264 5477 2281 5503 ,
2309 5440 2574 5498 saturitas
2602 5453 2658 5498 et
2679 5445 2885 5500 ventris
2918 5445 3195 5512 espletio;
3222 5460 3390 5516 grave
3422 5460 3645 5515 quoque

2064 5531 2121 5587 id
2142 5540 2228 5588 est
2257 5539 2424 5602 atque
2452 5533 2688 5591 toleratu
2737 5535 2993 5603 difficile;
3035 5545 3237 5592 cantus
3266 5540 3322 5594 et
3353 5536 3498 5594 risus
3535 5538 3645 5596 sli‘a

2065 5622 2399 5693 crepundia;
2443 5624 2741 5695 splendida:
2788 5626 3175 5703 sepulcrorum
3211 5638 3548 5696 structurae,
3586 5640 3645 5687 et

2064 5712 2196 5791 ipsae
2233 5715 2602 5773 redundantes
2629 5706 3259 5779 videntur‘mortunrum
3294 5722 3587 5792 putoribus
3620 5736 3636 5774 :

2066 5806 2391 5863 munuscula
2434 5807 2714 5863 amatoriis
2742 5806 2945 5866 studiis
2973 5808 3155 5865 oblata
3173 5849 3189 5875 ,
3214 5811 3466 5880 donaque
3493 5821 3635 5873 nup-
