3984 6208
330 236 439 291 753

337 351 533 423 μόρονς
561 352 718 406 Ἀλλά
733 348 827 405 καί
844 349 923 419 σέ,
956 353 1141 423 φησὶν,
1166 346 1211 408 ὦ
1250 354 1584 426 Ἀλέξανδρε,
1611 356 1902 427 δράκοντος

328 441 391 506 ὃς
419 442 723 513 κομπάζεις
752 444 864 508 υίὸς
908 441 1069 509 εἶναι,
1216 446 1586 518 ἀκατάσχετος
1628 444 1765 502 εἶναι
1805 446 1903 517 τὴν

326 531 503 602 ἀλκὴν
531 534 624 586 καὶ
649 534 1037 600 ἀνυπόστατος,
1063 538 1157 591 καὶ
1185 538 1243 591 σέ
1271 538 1410 609 μετά
1433 542 1491 591 τὸ
1520 539 1698 593 πᾶσαν
1719 540 1903 611 σχεδὸν

324 625 425 693 τὴν
457 625 557 696 γῆν
584 625 850 691 ἐπελθεῖν,
891 624 1033 692 οἶνος
1059 629 1313 701 ἀμέτρως
1340 631 1664 696 ἐναπέπνιξε
1689 630 1900 697 ποθείς.

327 714 372 766 Τ
379 713 396 765 ί
423 713 481 767 δὲ
509 715 669 769 πλέον
688 717 747 770 ἐν
769 721 982 788 νεκροῖς
1012 718 1369 792 βασιλεῦσινῆ
1386 721 1613 792 πένησι;
1647 722 1745 793 μία
1770 723 1903 776 πᾶσι

327 804 481 867 κόνις
499 844 515 869 ,
563 806 676 869 ἴσος
706 807 837 860 πᾶσι
867 807 961 860 καὶ⁵
990 808 1172 879 ὅμοιος
1195 811 1225 863 ό
1256 810 1526 875 σκελετὸς,
1550 813 1685 866 ὀστᾶ
1723 810 1907 882 γυμνά

330 896 495 964 μόνον
527 895 680 967 αὑτῷ
701 914 761 951 τε
785 897 862 969 τῷ
883 899 1025 970 ἥρωϊ
1047 900 1289 972 Ἀτρείδη
1317 902 1411 956 καὶ
1443 904 1573 975 Ἴρῳ
1599 902 1678 974 τῷ
1710 903 1904 976 άλητοο

325 987 477 1058 εόρῳ
526 988 622 1041 καὶ
665 990 950 1061 ἐπαιτήσει
1006 992 1173 1063 ἄρτου
1230 992 1502 1057 διαζῶντι.
1584 992 1750 1057 Αὐτός
1822 1012 1903 1060 τε,

330 1079 519 1149 φησὶν,
559 1080 589 1131 ό
629 1080 804 1149 μέγας
840 1083 1250 1141 Κωνσταντῖνος
1286 1085 1380 1138 καὶ
1408 1084 1661 1156 θεράπων
1690 1087 1906 1155 οἰκέτης

328 1168 487 1238 ἐμὸς,
512 1169 660 1232 ὅστις
678 1186 739 1223 τε
766 1169 988 1241 ἄνολόος
1015 1172 1107 1226 καὶ
1134 1174 1281 1238 ὅστις
1309 1173 1601 1239 πολύολδος
1632 1175 1723 1229 καὶ
1744 1175 1907 1247 βαρυ-

329 1264 580 1333 κτήμων,
631 1262 783 1316 οὐδὲν
831 1262 960 1317 ἄλλο
1011 1262 1265 1331 θανόντες
1305 1265 1487 1337 ἔχουσι
1529 1266 1690 1321 πλέον
1734 1267 1768 1338 ἦ
1817 1268 1907 1322 τὸν

327 1369 521 1421 τάφον.

328 1443 398 1499 97
438 1442 550 1499 Καὶ
579 1444 651 1498 τὰ
676 1442 796 1511 μὲν
822 1444 1040 1501 ἐνθάδε
1059 1445 1207 1513 τοῖα,
1253 1447 1325 1501 τὰ
1354 1448 1407 1502 δ’
1435 1449 1651 1505 ἄλλοθι
1679 1450 1771 1516 τίς
1804 1467 1910 1505 κεν

1316 1517 1593 1590 [ἐνίσποι.
1619 1537 1671 1573 κ.
1701 1537 1750 1572 τ.
1783 1519 1834 1572 λ.

405 1605 545 1657 Ὅσα
594 1603 693 1674 μὲν
740 1605 842 1677 τῆς
886 1606 946 1660 ἐν
996 1607 1188 1679 κόσμῳ
1246 1608 1393 1678 ζωῆς
1454 1609 1593 1680 μετὰ
1658 1609 1908 1681 σώματος

329 1694 569 1767 ὀδυνηρά
603 1697 698 1750 καὶ
721 1698 952 1769 τερπνά,
982 1699 1225 1765 τοιαῦτα,
1255 1701 1559 1774 ὁλοσχερῶς
1586 1702 1780 1762 εἰπεῖν.
1815 1705 1909 1755 καὶ

330 1784 507 1850 οὕτως
530 1787 721 1858 ἔχοντα
744 1807 756 1823 ο
804 1789 884 1854 τίς
910 1790 953 1843 δ’
987 1790 1054 1844 ἃν
1082 1791 1401 1863 ἐκλαλήσαι,
1436 1794 1588 1862 φησὶ,
1625 1794 1695 1846 τά
1728 1794 1909 1848 ἄλλοθι

331 1878 448 1940 τοῖς
471 1878 675 1942 ἀδίκοις
696 1880 1078 1952 ἀπειλούμενα,
1102 1882 1137 1936 ἃ
1156 1885 1190 1953 ὴ
1211 1883 1413 1953 ἐσχάτη
1437 1884 1617 1954 ἡμέρα
1638 1885 1910 1938 ἀποκαλυ-

335 1970 576 2040 πτομένη
623 1969 914 2037 ἐπιδείξεις
959 1973 1074 2043 Πῦρ
1123 1973 1245 2046 γάρ·
1277 1977 1393 2028 ἐκεῖ
1441 1974 1701 2046 βρόμεον,
1742 1977 1908 2046 ἧγουν

334 2060 585 2133 φοϐερὸν,
616 2064 709 2117 καὶ
736 2063 930 2132 γέεννα
956 2064 1243 2135 ἡπείληται
1278 2065 1372 2118 καὶ
1419 2066 1606 2129 σκότος
1645 2064 1907 2139 ἐξώτερον

332 2154 449 2213 τοῖς
478 2153 909 2223 μακρυνομένοις
938 2156 1032 2209 καὶ
1067 2156 1255 2227 πόρρω
1281 2153 1537 2210 πίπτουσι
1567 2155 1663 2209 τοῦ
1691 2158 1866 2226 φωτός
1889 2175 1905 2191 ο

334 2243 453 2296 ἐκεῖ
497 2244 593 2297 καὶ
634 2243 849 2315 σκώληξ
894 2246 1211 2317 ἁκοὶμητος,
1238 2247 1336 2317 τῆς
1387 2247 1662 2320 ἡμετέρας
1709 2250 1909 2313 κακίας

333 2333 640 2404 ὑπόμνησις
686 2335 779 2390 καὶ
832 2337 925 2389 τοῦ
984 2338 1282 2401 συνειδότος
1331 2340 1364 2410 ἡ
1411 2338 1560 2405 νύξις
1596 2342 1690 2395 καὶ
1740 2340 1912 2394 κατά-ν

335 2441 559 2490 γνωσις.

337 2514 546 2580 Λώἲον,
576 2517 627 2570 εί
647 2518 895 2581 βιότοιο,
925 2534 979 2573 κ,
1004 2534 1054 2570 τ.
1086 2517 1167 2582 ἐξ.

408 2607 624 2662 Βέλτιον
671 2604 742 2681 ἦν
792 2626 872 2661 σοι
926 2610 1020 2662 καὶ
1069 2609 1380 2663 λυσιτελοῦν
1435 2609 1666 2680 μᾶλλον,
1718 2603 1763 2664 ὧ
1810 2614 1910 2683 τῆς

338 2698 612 2764 κολάσεως
659 2701 875 2771 ἐκείνης
906 2701 1149 2767 ὑπόδικε,
1189 2704 1238 2755 ει
1281 2702 1356 2774 μὴ
1396 2701 1495 2767 τὰς
1543 2704 1622 2767 είς
1659 2704 1751 2757 τὸν
1798 2703 1910 2774 βίον

338 2790 610 2863 φερούσας
648 2793 918 2865 ἐπέρασας
946 2793 1114 2859 ὁδούς.
1150 2794 1332 2850 Καλόν
1364 2811 1446 2847 σοι
1482 2793 1557 2866 μὴ
1584 2795 1911 2866 γεννηθῆναι

339 2884 440 2953 τὴν
471 2885 643 2955 ἀρχὴν
691 2885 724 2956 ἢ
775 2886 1087 2957 γεννηθέντι
1130 2874 1233 2940 ’καὶ
1286 2886 1620 2957 πεπερακότι
1668 2887 1759 2940 τὸν
1799 2887 1910 2957 βίον

338 2974 541 3045 ὁμοίως
586 2974 780 3047 θηρσὶν
812 2975 846 3047 ἢ
877 2979 1097 3048 κτήνεσι
1124 2976 1351 3046 λυθῆναι
1388 2977 1485 3029 καὶ
1523 2975 1722 3039 θανεῖν,
1756 2977 1788 3047 ἢ
1826 2977 1912 3029 ἵνα

340 3066 446 3118 κάν
471 3064 549 3136 τῷ
584 3065 683 3137 βίῳ
715 3066 850 3137 τῷδε
890 3067 1164 3131 τοσούτοις
1209 3070 1399 3131 κακοῖς
1442 3065 1763 3138 ταλαιπωρῇ
1816 3067 1913 3120 καὶ

339 3155 568 3229 ὕστερον
602 3159 762 3213 πάλιν
787 3157 966 3230 πολλῷ
991 3159 1101 3213 τῶν
1130 3158 1359 3214 ἐνταῦθα
1382 3158 1601 3231 χείρονα
1621 3158 1913 3232 προσδέχῃ,

339 3248 465 3302 καθ’
494 3250 618 3303 ὅσον
641 3249 711 3303 τὰ
742 3251 839 3320 μὲν
864 3250 1018 3313 τέλος
1045 3250 1191 3322 ἔχειν
1224 3251 1607 3322 προσδοκᾶται,
1631 3251 1698 3304 τά
1726 3249 1771 3303 δ’
1795 3251 1917 3303 ἁτε-

341 3338 598 3409 λεύτητον
622 3340 846 3408 ἐπάγειν
868 3343 978 3404 τοῖς
1004 3340 1090 3394 κο)
1102 3341 1383 3412 αζομένοις
1411 3332 1637 3412 ποινήν(
1658 3339 1766 3394 Ποῦ
1801 3358 1913 3411 μοι,

342 3429 507 3481 πάλιν
546 3430 708 3499 φησὶν
738 3431 766 3483 ὁ
794 3430 1105 3504 θεόληπτος,
1138 3433 1172 3502 ὴ
1214 3431 1425 3503 μεγάλη
1459 3430 1551 3485 τοῦ
1591 3430 1917 3503 πρωτοπλά-

344 3538 472 3574 στου
499 3520 646 3586 δόξα,
684 3523 766 3574 ὅτι
797 3524 939 3595 χειρὶ
968 3522 1101 3577 Θεοῦ
1128 3523 1220 3577 καὶ
1250 3523 1393 3576 κατὰ
1420 3524 1517 3594 τὴν
1544 3521 1708 3576 αὐτοῦ
1735 3522 1918 3576 είκόνα

344 3615 440 3665 καὶ¹
468 3612 725 3682 ὁμοίωσιν
774 3613 1039 3683 ἐπλάσθη.
1076 3613 1169 3666 καὶ
1215 3612 1353 3683 αὕτη
1397 3614 1494 3683 μιᾷ
1533 3610 1718 3681 γεύσει
1760 3610 1917 3676 ξύλου

343 3704 691 3774 ἀπειρημένη
722 3703 1026 3770 ἀπολώλεις
1066 3703 1168 3758 ποῦ
1200 3705 1255 3758 δέ
1284 3703 1378 3757 τοῦ
1409 3702 1664 3774 Σαλομὼν
1695 3704 1729 3774 ἡ
1759 3702 1919 3771 σοφία

344 3795 442 3846 καὶ
467 3793 529 3845 τὸ
554 3793 714 3857 κῦδος
738 3793 839 3864 τῆς
866 3796 1178 3865 φρονήσεως
1199 3811 1213 3860 ;
1256 3794 1589 3865 δεδάμασται
1618 3793 1674 3846 δὲ
1698 3793 1792 3847 καὶ
1825 3785 1919 3846 οὖ-

344 3901 438 3948 τος
474 3887 570 3939 καὶ
620 3886 888 3957 ἠτίμωται
923 3885 1188 3955 γυναιξίν.
1240 3885 1351 3940 Ποῦ
1397 3886 1453 3939 δὲ
1517 3885 1713 3948 Ἰούδας
1755 3875 1925 3938 δ’τὺν

341 3976 751 4048 δωδεκάριθμόν
774 3977 887 4048 (61)
921 3994 1050 4030 ποτε
1089 3977 1199 4031 τῶν
1237 3975 1550 4030 ἀποστόλων
1594 3976 1753 4048 χορὸν
1782 3994 1920 4047 συμ-

346 4066 606 4140 πληρῶνς
663 4068 798 4123 ἀλλὰ
846 4071 939 4122 καὶ
997 4068 1161 4133 αύτὺς
1215 4068 1444 4140 βραχέος
1486 4068 1643 4122 ἕκατι
1699 4068 1922 4141 κέρδους

344 4159 566 4214 αἰώνιον
604 4160 793 4214 σκότον
822 4157 1215 4230 ἀντηλλάξατο.

353 4248 456 4302 109
491 4249 706 4317 Χριστὲ
730 4248 904 4313 ἄναξ,
939 4266 992 4302 κ.
1025 4266 1076 4303 τ.
1101 4249 1149 4305 ἐ.

440 4341 637 4411 Δέομαί
679 4357 792 4403 σου,
845 4342 1010 4412 φησὶν
1062 4341 1091 4394 ό
1148 4340 1535 4404 θεόπνευστος,
1583 4334 1629 4393 ὧ
1688 4339 1921 4410 μακάριε

348 4433 552 4503 Χριστὲ
596 4432 689 4486 καὶ
728 4431 1107 4504 παμϐασιλεῦ,
1154 4432 1353 4486 αὐτίκα
1387 4431 1482 4485 νῦν
1529 4433 1843 4501 ἀναστήσας
1890 4429 1923 4500 ἢ

352 4524 703 4594 μεταστήσας
727 4540 794 4594 με
821 4523 931 4577 τῶν
957 4523 1051 4577 τοῦ
1078 4522 1192 4595 βίου
1215 4523 1530 4595 συμφορῶν,
1551 4522 1628 4593 τῷ
1656 4522 1733 4593 σῷ
1754 4520 1925 4590 δούλῳ

346 4615 454 4684 τὴν
489 4615 629 4668 ἴασιν
667 4616 952 4687 παράσχου
974 4632 988 4645 ·
1035 4618 1128 4670 καλ¹
1153 4616 1261 4687 γάρ
1286 4616 1444 4669 τοῦτο
1470 4615 1630 4686 μόνον
1665 4610 1828 4667 καλὸν
1850 4611 1929 4684 τῷ

347 4706 468 4760 ὅντι
489 4708 583 4760 καὶ
604 4707 821 4776 βέϐαιον
848 4707 1153 4780 ἀνθρώποις
1178 4709 1412 4779 ὑπάρχει
1437 4706 1586 4778 παρὰ
1617 4704 1731 4769 σοῦ,
1756 4706 1810 4759 αἰ
1831 4707 1928 4774 τῆς

347 4797 612 4867 οὐρανίας
642 4797 853 4861 ἐλπίδες
898 4798 1195 4868 βασιλείας,
1225 4800 1282 4852 ἐν
1328 4791 1416 4861 αἷς
1455 4795 1600 4866 κάμέ
1638 4788 1845 4866 μικρόν
1866 4808 1928 4845 τε

345 4887 691 4944 ἀναπνέοντα
729 4889 913 4958 ζῆσον,
961 4891 1023 4944 τὸ
1051 4890 1401 4961 ἐλπιζόμενον
1446 4887 1760 4960 παρασχών.
1807 4881 1928 4938 Τῶν

348 4980 530 5035 ἄλλων
551 4980 610 5034 δὲ
636 4980 731 5035 τοῦ
774 4981 889 5051 βίου
932 4981 1196 5036 ποθεινῶν
1223 4984 1316 5036 καὶ
1344 4980 1610 5053 ἐραστῶν,
1652 4971 1728 5032 ὧν
1763 4976 1931 5040 πολὺς

350 5072 385 5125 ὀ
413 5071 589 5143 κόρος,
617 5073 785 5144 πολλὴ
806 5075 842 5145 ἡ
867 5072 1171 5144 πλημμύρα
1201 5073 1294 5126 καὶ
1320 5074 1353 5144 ὴ
1382 5070 1688 5142 πλησμονὴ,
1717 5070 1817 5123 ὅσα
1837 5068 1930 5122 ἐπὶ

348 5162 460 5239 ⁴[ἧς
497 5164 556 5215 ἐν
612 5161 923 5235 ἀνθρώποις
990 5161 1342 5234 περισύρεται
1394 5160 1489 5215 καὶ
1546 5158 1792 5213 ποθεῖται
1837 5156 1932 5211 καὶ

350 5254 599 5324 ζητεῖται
624 5253 812 5307 ἄλλοτε
833 5256 912 5317 είς
931 5253 1122 5316 ἄλλους
1149 5251 1483 5323 μεταριπτού
1491 5267 1626 5322 μενοι
1652 5248 1747 5304 καὶ
1769 5263 1933 5319 μετα-

350 5344 646 5408 πίπτοντα.
683 5345 862 5399 πάντα
900 5345 1220 5399 καταλιπεῖν
1261 5343 1449 5406 ἐθέλω,
1485 5341 1661 5395 πάντα
1700 5340 1931 5412 ἀφήσειν

351 5436 610 5507 εὔχομαι.
640 5431 754 5491 οἷον
779 5437 876 5509 τὴν
918 5435 1258 5508 καλουμένην
1289 5434 1382 5488 ἐπὶ
1409 5433 1515 5504 γῆς
1545 5430 1803 5504 πατρίδα,
1836 5430 1930 5485 καὶ

349 5529 527 5601 αὐτὴν
550 5531 651 5602 τὴν
675 5530 975 5602 ἀλλοδαπὴν
987 5532 1079 5585 καί
1094 5529 1269 5600 ξένην,
1292 5527 1417 5590 τούς
1436 5543 1495 5580 τε
1525 5525 1930 5597 περιμαχήτους

1346 238 1412 295 IN
1445 239 1757 297 CARMINA
1794 240 2074 298 ARCANA
2113 241 2170 296 S.
2200 240 2554 297 GREGORII.

3469 250 3572 306 15!

2009 354 2113 411 Sed
2139 356 2304 411 etiam
2334 364 2407 423 te,
2429 358 2527 420 ait,
2555 370 2590 410 0
2609 354 2936 421 Alexander,
2965 354 3059 425 qui
3083 363 3135 410 te
3155 355 3419 416 ell‘erebas
3446 362 3574 417 dra-

2006 449 2161 504 conis
2187 448 2543 518 lilium,quasi
2581 448 2824 504 invictus
2858 459 2912 501 et
2960 447 3311 504 indomabilis
3358 451 3573 509 fortitu-

2009 539 2135 607 dine
2156 540 2436 595 habendus
2459 556 2640 603 esses;
2691 548 2744 595 te
2784 556 3004 611 quoque
3048 556 3186 611 pene
3226 543 3375 597 omni
3418 561 3575 614 pera-

2004 641 2153 702 grata
2183 639 2347 687 terra.
2366 631 2552 684 vinum
2585 630 3011 687 immoderanter
3028 631 3270 687 domavit
3296 638 3571 703 potatum!

2006 723 2072 777 Et
2111 722 2242 793 quid
2281 722 2517 791 amplius
2564 730 2649 777 est
2683 722 2913 786 mortuis
2953 721 3173 791 regibus
3225 738 3388 791 quam
3441 739 3579 794 pau—

2013 813 2284 885 peribus?
2331 812 2450 869 Una
2484 812 2740 868 oumibus
2767 812 2968 881 pulvis,
3008 811 3189 867 simile
3231 813 3489 869 omnibus
3525 824 3581 869 et

2006 905 2216 975 aequale
2237 904 2492 967 cadaver,
2521 918 2648 959 ossa
2670 902 2817 957 nuda
2842 908 3050 958 tantum
3082 901 3266 959 herois
3290 903 3495 959 Atrida:
3524 914 3582 959 et

2008 998 2076 1051 Iri
2100 996 2243 1051 victu
2274 996 2423 1066 parci
2446 1005 2500 1049 et
2556 994 2869 1051 mendicato
2924 992 3161 1049 viventis
3220 1009 3381 1065 pane.
3433 994 3613 1065 Ipse.-

2007 1088 2206 1158 inquit,
2236 1088 2462 1156 Magnus
2490 1085 2890 1141 Constantinus
2919 1094 2975 1140 et
3005 1085 3101 1156 qui
3126 1084 3260 1139 mihi
3299 1087 3579 1143 ministrat

2007 1193 2221 1243 servus,
2251 1186 2304 1231 et
2330 1176 2644 1245 quicunque
2672 1191 2880 1246 egenus
2904 1176 3021 1231 sive
3048 1178 3342 1248 opulentus
3367 1188 3424 1233 et
3460 1193 3580 1231 ma-

2005 1277 2140 1333 gnas
2163 1262 2546 1330 possessiones
2593 1262 2827 1328 habens,
2869 1279 3061 1320 omnes
3102 1267 3400 1322 morientes
3442 1266 3578 1320 nihil

2008 1352 2177 1417 aliud,
2210 1351 2347 1406 nihil
2372 1353 2611 1423 amplius
2638 1352 2841 1408 habent
2864 1354 2969 1410 nisi
2994 1356 3326 1424 sepulcrum.

2009 1441 2076 1496 97
2102 1440 2170 1495 Et
2197 1442 2406 1512 quidem
2440 1456 2522 1497 res
2563 1442 2620 1496 in
2658 1441 2759 1496 hac
2795 1443 3104 1514 vita_tales;
3148 1445 3328 1514 quales
3366 1458 3485 1497 vero
3524 1447 3578 1496 in

2915 1511 3109 1581 [altera
3136 1511 3252 1583 quis
3278 1514 3469 1567 dixerit
3488 1514 3513 1565 Ξ)

2084 1622 2255 1693 Quam
2280 1624 2450 1679 multa
2488 1623 2708 1695 quidem
2736 1624 2787 1679 in
2815 1623 2919 1680 hoc
2946 1625 3152 1680 mundo
3176 1625 3305 1680 dum
3356 1626 3408 1679 in
3453 1640 3581 1679 cor-

2017 1730 2149 1786 pore
2182 1714 2416 1770 vivimus
2445 1715 2702 1771 dolorosa
2726 1724 2855 1770 sunt
2891 1724 2945 1770 et
2992 1731 3228 1779 amoma,
3262 1725 3368 1770 tam
3416 1714 3582 1767 multa

2018 1806 2265 1861 absolute
2288 1805 2433 1860 dicta
2460 1815 2589 1861 sunt
2618 1806 2700 1860 sic
2729 1821 2790 1861 se
2813 1805 3071 1861 habentia
3106 1805 3261 1876 :quis
3302 1820 3449 1870 vero,
3497 1805 3583 1860 in-

2013 1895 2153 1966 quit,
2204 1897 2453 1952 narrabit
2493 1913 2615 1968 qua:
2652 1896 2874 1965 iniustis
2921 1896 2976 1950 in
3028 1898 3200 1950 altero
3246 1895 3582 1965 impendent,

2013 1974 2135 2059 qua:
2170 1990 2358 2044 ultima
2384 1989 2501 2045 dies
2531 1989 2793 2045 revelabit
2813 1989 2838 2043 ?
2858 1985 2992 2041 Nam
3042 1988 3114 2043 ibi
3141 1988 3286 2059 ignis
3308 1988 3584 2042 devorans

2012 2079 2274 2136 terribilis
2298 2080 2666 2144 vehementer,
2710 2087 2766 2134 et
2802 2078 3049 2149 gehenna
3094 2077 3369 2148 impendet
3406 2086 3465 2132 et
3502 2085 3585 2133 te-

2015 2173 2200 2226 nebrae
2229 2173 2533 2227 exteriores
2563 2187 2664 2242 pro
2688 2171 2777 2225 his
2810 2171 2904 2241 qui
2924 2170 3247 2240 elongantur
3264 2177 3319 2225 et
3367 2170 3527 2241 longe
3549 2184 3582 2223 a

2014 2260 2220 2316 lumine
2243 2263 2480 2330 cadunt;
2514 2262 2589 2317 ibi
2619 2273 2673 2317 et
2700 2263 2795 2333 qui
2823 2277 2931 2316 non
2964 2261 3169 2316 dormit
3201 2261 3429 2322 vermis,
3459 2274 3584 2315 nos-

2015 2361 2113 2408 tra:
2137 2354 2360 2409 malitiae
2411 2355 2719 2410 recordatio
2759 2361 2813 2410 et
2848 2352 3204 2410 conscientiae
3246 2351 3481 2413 aculeus
3529 2360 3584 2406 et

2015 2458 2287 2499 accusans
2308 2459 2545 2500 morsus.

2013 2532 2208 2589 Helius
2238 2543 2352 2587 erat
2375 2534 2421 2586 si
2446 2533 2588 2598 vitw,
2620 2544 2729 2589 etc.

2086 2624 2279 2681 Melius
2303 2623 2493 2680 fuisset
2525 2625 2619 2680 tibi
2652 2633 2708 2680 et
2738 2625 2919 2696 magni
2963 2623 3351 2694 espedivisset,
3404 2637 3444 2677 ο
3487 2622 3589 2692 qui

2016 2710 2118 2767 hac
2146 2712 2622 2769 animadversione
2650 2712 2848 2784 dignus
2876 2728 2959 2779 es,
2995 2713 3043 2768 si
3073 2714 3191 2768 vias
3222 2727 3343 2782 qua:
3384 2712 3454 2765 ad
3498 2712 3581 2766 vi-

2013 2799 2124 2857 tam
2153 2805 2364 2859 ducunt
2410 2819 2520 2859 non
2572 2802 2858 2874 ingressus
2909 2819 3085 2860 esses.
3137 2803 3348 2859 Bonum
3396 2802 3493 2857 tibi
3535 2802 3589 2861 si

2008 2894 2171 2940 natus
2223 2900 2333 2938 non
2374 2882 2576 2938 fuisses
2624 2884 2679 2936 in
2717 2882 2898 2947 initio,
2954 2893 3050 2937 aut
3086 2892 3273 2936 natum
3321 2891 3378 2937 et
3417 2884 3585 2937 vitam

2005 2977 2313 3047 ingressum
2347 2975 2491 3030 sicut
2538 2973 2751 3028 belluas
2803 2984 2860 3029 et
2901 2974 3149 3041 jumenta
3200 2974 3337 3028 mori
3383 2983 3437 3028 et
3484 2988 3586 3043 pu-

2004 3081 2264 3136 trescere,
2302 3084 2468 3140 quam
2511 3078 2571 3124 ut
2609 3067 2715 3124 hoc
2757 3067 2814 3123 in
2855 3084 2972 3124 aevo
3012 3079 3091 3124 tot
3117 3078 3173 3126 et
3206 3068 3372 3125 tantis
3427 3069 3588 3124 malis

2002 3162 2365 3233 oppiimaris,
2403 3171 2460 3217 et
2509 3160 2811 3217 novissime
2865 3161 3042 3216 multo
3076 3161 3357 3231 peioribus
3406 3161 3586 3217 adhuc

2002 3255 2271 3326 patiendis
2297 3255 2600 3325 suhjaceas,
2632 3253 2816 3325 quoad
2845 3254 3009 3309 linem
3037 3253 3153 3309 haec
3189 3253 3440 3308 habitura
3464 3266 3587 3323 spe-

2004 3356 2216 3413 rantur,
2264 3346 2354 3401 illa
2386 3362 2513 3402 vero
2560 3362 2780 3417 pinnam
2833 3344 3109 3401 damnatis
3155 3354 3413 3400 aternam
3455 3354 3588 3401 sunt

2002 3436 2325 3491 adductura.
2384 3435 2506 3502 Quo
2562 3436 2738 3501 mihi,
2799 3434 2977 3501 inquit
3020 3434 3238 3490 divinus
3296 3433 3589 3502 interpres,

2017 3532 2213 3590 magna
2247 3519 2408 3589 primi
2437 3519 2680 3590 parentis
2716 3517 2913 3588 gloria.
2955 3517 3052 3589 qui
3096 3532 3262 3573 mauu
3288 3516 3385 3573 Dei
3422 3525 3477 3570 et
3518 3515 3593 3570 ad

2016 3624 2137 3679 eius
2188 3607 2481 3678 imaginem
2529 3614 2582 3662 et
2627 3605 3041 3662 similitudinem
3107 3608 3406 3677 plasmatus
3462 3613 3585 3671 est,

2020 3713 2141 3768 quae
2174 3696 2346 3767 gloria
2378 3695 2545 3749 unica
2573 3710 2606 3750 e
2632 3695 2779 3765 ligno
2819 3694 3133 3764 gustatione
3183 3705 3440 3765 corrupta
3492 3711 3588 3765 pe-

2019 3788 2156 3843 riit?
2184 3788 2303 3853 Quo
2334 3786 2644 3841 Salomonis
2666 3787 2935 3856 sapientia
2966 3795 3023 3840 et
3044 3786 3351 3856 prudentia:
3373 3786 3542 3840 decus
3566 3784 3592 3839 ἳ

2021 3878 2272 3934 Domitus
2308 3885 2469 3933 estet
2501 3878 2619 3946 ipse
2677 3875 3222 3949 contemptibilisque
3267 3876 3446 3932 factus
3494 3891 3591 3947 per

2022 3969 2297 4026 mulieres.
2331 3968 2450 4033 Quo
2495 3965 2667 4021 ludas
2714 3964 2808 4036 qui
2856 3964 3257 4021 duodeuarium
3304 3965 3594 4035 Apostolo~

2020 4076 2141 4117 rum
2174 4074 2461 4115 numerum
2500 4056 2850 4128 complebat?
2879 4056 2985 4111 Sed
3008 4064 3063 4113 et
3087 4056 3202 4128 ipse
3249 4056 3400 4126 parvi
3456 4056 3592 4110 lucri

2021 4166 2189 4208 causa
2223 4157 2456 4205 aaternas
2483 4148 2723 4202 obtinuit
2749 4148 3026 4204 tenebras.

2031 4244 2127 4299 l09
2156 4240 2364 4296 Christe
2392 4255 2504 4303 rex,
2535 4245 2643 4294 etc.

2094 4333 2336 4389 Obsecro
2368 4338 2441 4398 te,
2464 4333 2540 4384 ait
2568 4330 2869 4400 inspiratus
2891 4343 2921 4383 a
2948 4325 3077 4393 Deo,
3111 4342 3143 4382 ο
3168 4327 3326 4384 beate
3345 4327 3592 4390 Christe,
3646 4330 3651 4335 '

2027 4441 2120 4480 rex
2149 4421 2419 4485 omnium,
2447 4433 2678 4491 propera
2730 4434 2880 4474 nunc
2922 4418 3141 4489 erigens
3185 4425 3280 4471 aut
3332 4416 3596 4471 allevians

2028 4532 2111 4572 me
2131 4532 2162 4571 e
2182 4515 2305 4569 vita:
2331 4510 2770 4578 calamitatibus;
2801 4524 2961 4565 servo
2990 4517 3086 4564 tuo
3117 4506 3381 4563 medelam
3425 4504 3590 4569 alter;

2030 4622 2266 4679 namque
2296 4604 2428 4660 illud
2470 4613 2681 4658 tantum
2716 4616 2905 4657 revera
2959 4601 3161 4656 bonum
3214 4610 3269 4655 et
3314 4598 3528 4653 ﬁrnnun
3566 4614 3597 4650 a

2028 4705 2081 4750 te
2105 4693 2158 4748 in
2191 4691 2508 4748 hominibus
2536 4699 2727 4754 restat,
2761 4703 2887 4759 spes
2912 4687 3065 4758 regni
3090 4684 3337 4741 cmlestis
3365 4683 3432 4739 ad
3452 4686 3599 4755 quod

2029 4785 2309 4859 paululum
2336 4783 2669 4855 aspirantem
2699 4795 2785 4834 me
2822 4779 3003 4834 vivere
3048 4777 3155 4843 fac,
3202 4786 3419 4847 sperata
3467 4792 3601 4831 con-
3631 4817 3643 4854 ἱ

2027 4875 2247 4932 cedens.
2282 4872 2471 4940 Quoad
2493 4873 2600 4927 alia
2627 4887 2758 4927 vero
2791 4871 2917 4924 vita:
2948 4868 3337 4925 desiderabilia
3367 4876 3422 4924 et
3444 4884 3593 4923 ama-
3635 4860 3642 4877 '

2028 4967 2181 5034 bilia,
2210 4965 2277 5020 de
2305 4966 2505 5037 quibus
2535 4965 2763 5020 satietas
2802 4963 2973 5017 multa
2993 5001 3009 5026 ,
3053 4962 3219 5017 niulta
3247 4962 3604 5034 superﬂuitas

2028 5067 2083 5115 et
2105 5059 2484 5121 exuberantia,
2519 5064 2790 5129 quotquot
2822 5070 2988 5126 super
3039 5063 3184 5110 terra
3223 5055 3373 5110 circa
3420 5054 3601 5109 homi-

2030 5168 2128 5207 nes
2153 5151 2491 5215 volutantur,
2512 5157 2566 5204 et
2598 5147 2876 5204 desiderio
2928 5146 3293 5219 quaesituique
3317 5155 3468 5208 sunt,
3491 5144 3603 5197 alio

2031 5244 2087 5298 in
2139 5243 2281 5297 alios
2323 5242 2533 5310 iactata
2583 5248 2638 5295 et
2687 5238 3009 5301 incidentia,
3053 5246 3252 5294 cuncta
3288 5236 3602 5305 relinquere

2030 5334 2197 5400 volo,
2250 5340 2448 5388 cuncta
2505 5330 2923 5402 praetermittere
2976 5343 3193 5400 precor,
3213 5342 3406 5395 nempe
3455 5325 3599 5378 illam

2032 5441 2194 5497 quam
2239 5425 2472 5479 interra
2513 5425 2745 5495 patriam
2780 5436 3064 5485 vocamus,
3112 5425 3167 5472 et
3206 5418 3377 5485 ipsam
3420 5414 3602 5486 hospi-

2034 5520 2196 5574 talem
2226 5526 2282 5572 et
2308 5515 2540 5570 alienam
2576 5515 2873 5584 plagam,et
2903 5512 3131 5566 thronos
3164 5510 3308 5563 circa
3326 5523 3466 5578 quos
3503 5524 3601 5577 pu-

429 5652 545 5721 (Gl)
585 5652 998 5734 Δωδεκάριθμος
1038 5650 1190 5707 liiiin
1214 5648 1437 5705 Nonnus
1467 5645 1726 5718 Paraphr.
1758 5660 1805 5700 c.
1838 5643 1915 5707 l5,

2020 5636 2216 5705 ίῦ,άλλ’
2246 5637 2334 5691 ὅτε
2366 5633 2523 5705 νόσφι
2549 5628 2985 5702 δυωδεκάριθμος
3024 5626 3244 5693 Ἰούδας,
3270 5634 3325 5683 ct
3355 5626 3410 5691 2.
3436 5626 3527 5682 67.
