  <div class='ocr_page' id='page_1' title='image "/cluster/home/n/w/nwhite01/storage/ocr_20150623/38/hvd.32044069550002/385.png"; bbox 0 0 4030 6232; ppageno 0'>
   <div class='ocr_carea' id='block_1_1' title="bbox 423 282 532 337">
    <p class='ocr_par' dir='ltr' id='par_1_1' title="bbox 423 282 532 337">
     <span class='ocr_line' id='line_1_1' title="bbox 423 282 532 337; baseline -0.009 0"><span class='ocrx_word' id='word_1_1' title='bbox 423 282 532 337; x_wconf 75' lang='grc'><strong>’155</strong></span> 
     </span>
    </p>
   </div>
   <div class='ocr_carea' id='block_1_2' title="bbox 414 399 1989 476">
    <p class='ocr_par' dir='ltr' id='par_1_2' title="bbox 414 399 1989 476">
     <span class='ocr_line' id='line_1_2' title="bbox 414 399 1989 476; baseline 0 -22"><span class='ocrx_word' id='word_1_2' title='bbox 414 419 449 476; x_wconf 66' lang='grc' dir='ltr'><strong>ε</strong></span> <span class='ocrx_word' id='word_1_3' title='bbox 475 422 520 454; x_wconf 75' lang='grc' dir='ltr'><strong>ιιι</strong></span> <span class='ocrx_word' id='word_1_4' title='bbox 559 417 698 474; x_wconf 90' lang='lat' dir='ltr'><strong>opus</strong></span> <span class='ocrx_word' id='word_1_5' title='bbox 721 408 889 463; x_wconf 85' lang='lat' dir='ltr'><strong>est,et</strong></span> <span class='ocrx_word' id='word_1_6' title='bbox 917 402 1302 472; x_wconf 73' lang='lat' dir='ltr'><strong>gloriationem</strong></span> <span class='ocrx_word' id='word_1_7' title='bbox 1341 418 1370 458; x_wconf 88' lang='lat' dir='ltr'><strong>e</strong></span> <span class='ocrx_word' id='word_1_8' title='bbox 1403 401 1544 458; x_wconf 81' lang='lat' dir='ltr'><strong>solio</strong></span> <span class='ocrx_word' id='word_1_9' title='bbox 1582 399 1989 472; x_wconf 86' lang='lat' dir='ltr'><strong>procedentem,</strong></span> 
     </span>
    </p>
   </div>
   <div class='ocr_carea' id='block_1_3' title="bbox 413 491 1995 564">
    <p class='ocr_par' dir='ltr' id='par_1_3' title="bbox 413 491 1995 564">
     <span class='ocr_line' id='line_1_3' title="bbox 413 491 1995 564; baseline -0.003 -15"><span class='ocrx_word' id='word_1_10' title='bbox 413 510 540 549; x_wconf 88' lang='lat' dir='ltr'><strong>cum</strong></span> <span class='ocrx_word' id='word_1_11' title='bbox 571 494 808 548; x_wconf 84' lang='lat' dir='ltr'><strong>elatione</strong></span> <span class='ocrx_word' id='word_1_12' title='bbox 838 502 892 548; x_wconf 88' lang='lat' dir='ltr'><strong>et</strong></span> <span class='ocrx_word' id='word_1_13' title='bbox 928 493 1127 550; x_wconf 86' lang='lat' dir='ltr'><strong>decore</strong></span> <span class='ocrx_word' id='word_1_14' title='bbox 1166 510 1291 564; x_wconf 68' lang='lat' dir='ltr'><strong>quae</strong></span> <span class='ocrx_word' id='word_1_15' title='bbox 1339 510 1404 547; x_wconf 83' lang='lat' dir='ltr'><strong>ex</strong></span> <span class='ocrx_word' id='word_1_16' title='bbox 1453 507 1645 548; x_wconf 88' lang='lat' dir='ltr'><strong>eorum</strong></span> <span class='ocrx_word' id='word_1_17' title='bbox 1694 491 1995 548; x_wconf 72' lang='lat' dir='ltr'><strong>ambitione</strong></span> 
     </span>
    </p>
   </div>
   <div class='ocr_carea' id='block_1_4' title="bbox 417 582 1990 654">
    <p class='ocr_par' dir='ltr' id='par_1_4' title="bbox 417 582 1990 654">
     <span class='ocr_line' id='line_1_4' title="bbox 417 582 1990 654; baseline -0.003 -16"><span class='ocrx_word' id='word_1_18' title='bbox 417 583 568 648; x_wconf 86' lang='lat' dir='ltr'><strong>lluit,</strong></span> <span class='ocrx_word' id='word_1_19' title='bbox 608 582 864 639; x_wconf 72' lang='lat' dir='ltr'><strong>similiter</strong></span> <span class='ocrx_word' id='word_1_20' title='bbox 889 593 944 639; x_wconf 86' lang='lat' dir='ltr'><strong>et</strong></span> <span class='ocrx_word' id='word_1_21' title='bbox 968 599 1066 640; x_wconf 82' lang='lat' dir='ltr'><strong>eos</strong></span> <span class='ocrx_word' id='word_1_22' title='bbox 1093 584 1186 654; x_wconf 79' lang='lat' dir='ltr'><strong>qui</strong></span> <span class='ocrx_word' id='word_1_23' title='bbox 1223 583 1459 653; x_wconf 77' lang='lat' dir='ltr'><strong>proximi</strong></span> <span class='ocrx_word' id='word_1_24' title='bbox 1493 591 1621 637; x_wconf 89' lang='lat' dir='ltr'><strong>sunt</strong></span> <span class='ocrx_word' id='word_1_25' title='bbox 1659 596 1724 636; x_wconf 80' lang='lat' dir='ltr'><strong>ex</strong></span> <span class='ocrx_word' id='word_1_26' title='bbox 1770 594 1990 651; x_wconf 75' lang='lat' dir='ltr'><strong>genere,</strong></span> 
     </span>
    </p>
   </div>
   <div class='ocr_carea' id='block_1_5' title="bbox 412 671 1993 746">
    <p class='ocr_par' dir='ltr' id='par_1_5' title="bbox 412 671 1993 746">
     <span class='ocr_line' id='line_1_5' title="bbox 412 671 1993 746; baseline -0.004 -14"><span class='ocrx_word' id='word_1_27' title='bbox 412 683 468 732; x_wconf 89' lang='lat' dir='ltr'><strong>et</strong></span> <span class='ocrx_word' id='word_1_28' title='bbox 499 675 591 744; x_wconf 90' lang='lat' dir='ltr'><strong>qtti</strong></span> <span class='ocrx_word' id='word_1_29' title='bbox 627 675 825 740; x_wconf 88' lang='lat' dir='ltr'><strong>alieno,</strong></span> <span class='ocrx_word' id='word_1_30' title='bbox 851 683 906 731; x_wconf 89' lang='lat' dir='ltr'><strong>et</strong></span> <span class='ocrx_word' id='word_1_31' title='bbox 931 675 1022 746; x_wconf 89' lang='lat' dir='ltr'><strong>qui</strong></span> <span class='ocrx_word' id='word_1_32' title='bbox 1057 676 1129 746; x_wconf 91' lang='lat' dir='ltr'><strong>pii</strong></span> <span class='ocrx_word' id='word_1_33' title='bbox 1162 675 1509 730; x_wconf 74' lang='lat' dir='ltr'><strong>aestimantur</strong></span> <span class='ocrx_word' id='word_1_34' title='bbox 1541 682 1598 728; x_wconf 88' lang='lat' dir='ltr'><strong>et</strong></span> <span class='ocrx_word' id='word_1_35' title='bbox 1638 672 1810 742; x_wconf 84' lang='lat' dir='ltr'><strong>impii,</strong></span> <span class='ocrx_word' id='word_1_36' title='bbox 1855 671 1993 727; x_wconf 87' lang='lat' dir='ltr'><strong>sim-</strong></span> 
     </span>
    </p>
   </div>
   <div class='ocr_carea' id='block_1_6' title="bbox 415 763 1996 837">
    <p class='ocr_par' dir='ltr' id='par_1_6' title="bbox 415 763 1996 837">
     <span class='ocr_line' id='line_1_6' title="bbox 415 763 1996 837; baseline -0.003 -17"><span class='ocrx_word' id='word_1_37' title='bbox 415 767 588 836; x_wconf 77' lang='lat' dir='ltr'><strong>plices</strong></span> <span class='ocrx_word' id='word_1_38' title='bbox 607 777 660 821; x_wconf 87' lang='lat' dir='ltr'><strong>et</strong></span> <span class='ocrx_word' id='word_1_39' title='bbox 688 783 784 821; x_wconf 87' lang='lat' dir='ltr'><strong>eos</strong></span> <span class='ocrx_word' id='word_1_40' title='bbox 815 767 910 837; x_wconf 90' lang='lat' dir='ltr'><strong>qui</strong></span> <span class='ocrx_word' id='word_1_41' title='bbox 944 769 1138 836; x_wconf 87' lang='lat' dir='ltr'><strong>spiritu</strong></span> <span class='ocrx_word' id='word_1_42' title='bbox 1180 765 1379 822; x_wconf 86' lang='lat' dir='ltr'><strong>sinceri</strong></span> <span class='ocrx_word' id='word_1_43' title='bbox 1422 774 1552 820; x_wconf 91' lang='lat' dir='ltr'><strong>sunt</strong></span> <span class='ocrx_word' id='word_1_44' title='bbox 1581 773 1634 820; x_wconf 92' lang='lat' dir='ltr'><strong>et</strong></span> <span class='ocrx_word' id='word_1_45' title='bbox 1663 763 1882 818; x_wconf 85' lang='lat' dir='ltr'><strong>candidi</strong></span> <span class='ocrx_word' id='word_1_46' title='bbox 1904 805 1919 829; x_wconf 84' lang='lat'><strong>,</strong></span> <span class='ocrx_word' id='word_1_47' title='bbox 1940 770 1996 818; x_wconf 88' lang='lat' dir='ltr'><strong>et</strong></span> 
     </span>
    </p>
   </div>
   <div class='ocr_carea' id='block_1_7' title="bbox 413 857 1990 928">
    <p class='ocr_par' dir='ltr' id='par_1_7' title="bbox 413 857 1990 928">
     <span class='ocr_line' id='line_1_7' title="bbox 413 857 1990 928; baseline -0.002 -16"><span class='ocrx_word' id='word_1_48' title='bbox 413 864 588 912; x_wconf 82' lang='lat' dir='ltr'><strong>tectos</strong></span> <span class='ocrx_word' id='word_1_49' title='bbox 622 857 876 927; x_wconf 88' lang='lat' dir='ltr'><strong>malaque</strong></span> <span class='ocrx_word' id='word_1_50' title='bbox 913 859 1106 912; x_wconf 84' lang='lat' dir='ltr'><strong>dolose</strong></span> <span class='ocrx_word' id='word_1_51' title='bbox 1155 867 1415 928; x_wconf 77' lang='lat' dir='ltr'><strong>agentes;</strong></span> <span class='ocrx_word' id='word_1_52' title='bbox 1463 857 1731 920; x_wconf 90' lang='lat' dir='ltr'><strong>omnium,</strong></span> <span class='ocrx_word' id='word_1_53' title='bbox 1779 870 1990 924; x_wconf 84' lang='lat' dir='ltr'><strong>precor,</strong></span> 
     </span>
    </p>
   </div>
   <div class='ocr_carea' id='block_1_8' title="bbox 416 945 1995 1018">
    <p class='ocr_par' dir='ltr' id='par_1_8' title="bbox 416 945 1995 1018">
     <span class='ocr_line' id='line_1_8' title="bbox 416 945 1995 1018; baseline -0.001 -17"><span class='ocrx_word' id='word_1_54' title='bbox 416 948 668 1002; x_wconf 88' lang='lat' dir='ltr'><strong>inveniar</strong></span> <span class='ocrx_word' id='word_1_55' title='bbox 707 948 980 1018; x_wconf 87' lang='lat' dir='ltr'><strong>superior,</strong></span> <span class='ocrx_word' id='word_1_56' title='bbox 1005 959 1059 1003; x_wconf 92' lang='lat' dir='ltr'><strong>et</strong></span> <span class='ocrx_word' id='word_1_57' title='bbox 1084 949 1301 1004; x_wconf 90' lang='lat' dir='ltr'><strong>illorum</strong></span> <span class='ocrx_word' id='word_1_58' title='bbox 1327 949 1420 1018; x_wconf 90' lang='lat' dir='ltr'><strong>qui</strong></span> <span class='ocrx_word' id='word_1_59' title='bbox 1472 948 1594 1003; x_wconf 85' lang='lat' dir='ltr'><strong>sine</strong></span> <span class='ocrx_word' id='word_1_60' title='bbox 1642 947 1847 1002; x_wconf 80' lang='lat' dir='ltr'><strong>invidia</strong></span> <span class='ocrx_word' id='word_1_61' title='bbox 1897 945 1995 1001; x_wconf 87' lang='lat' dir='ltr'><strong>bo-</strong></span> 
     </span>
    </p>
   </div>
   <div class='ocr_carea' id='block_1_9' title="bbox 416 1039 1994 1110">
    <p class='ocr_par' dir='ltr' id='par_1_9' title="bbox 416 1039 1994 1110">
     <span class='ocr_line' id='line_1_9' title="bbox 416 1039 1994 1110; baseline 0.001 -17"><span class='ocrx_word' id='word_1_62' title='bbox 416 1055 545 1093; x_wconf 90' lang='lat' dir='ltr'><strong>num</strong></span> <span class='ocrx_word' id='word_1_63' title='bbox 581 1041 800 1094; x_wconf 84' lang='lat' dir='ltr'><strong>oculqu</strong></span> <span class='ocrx_word' id='word_1_64' title='bbox 832 1039 888 1094; x_wconf 87' lang='lat' dir='ltr'><strong>in</strong></span> <span class='ocrx_word' id='word_1_65' title='bbox 927 1056 1028 1095; x_wconf 92' lang='lat' dir='ltr'><strong>nos</strong></span> <span class='ocrx_word' id='word_1_66' title='bbox 1060 1040 1373 1106; x_wconf 72' lang='lat' dir='ltr'><strong>intendunt,</strong></span> <span class='ocrx_word' id='word_1_67' title='bbox 1410 1048 1464 1094; x_wconf 92' lang='lat' dir='ltr'><strong>et</strong></span> <span class='ocrx_word' id='word_1_68' title='bbox 1501 1040 1730 1094; x_wconf 87' lang='lat' dir='ltr'><strong>istormn</strong></span> <span class='ocrx_word' id='word_1_69' title='bbox 1775 1039 1868 1110; x_wconf 85' lang='lat' dir='ltr'><strong>qui</strong></span> <span class='ocrx_word' id='word_1_70' title='bbox 1911 1041 1994 1094; x_wconf 89' lang='lat' dir='ltr'><strong>in-</strong></span> 
     </span>
    </p>
   </div>
   <div class='ocr_carea' id='block_1_10' title="bbox 416 1131 1996 1202">
    <p class='ocr_par' dir='ltr' id='par_1_10' title="bbox 416 1131 1996 1202">
     <span class='ocr_line' id='line_1_10' title="bbox 416 1131 1996 1202; baseline 0.003 -19"><span class='ocrx_word' id='word_1_71' title='bbox 416 1131 1390 1201; x_wconf 83' lang='lat' dir='ltr'><strong>vidiatabescunt,malitiaipsismet</strong></span> <span class='ocrx_word' id='word_1_72' title='bbox 1440 1131 1507 1184; x_wconf 86' lang='lat' dir='ltr'><strong>ad</strong></span> <span class='ocrx_word' id='word_1_73' title='bbox 1556 1141 1788 1186; x_wconf 89' lang='lat' dir='ltr'><strong>mortem</strong></span> <span class='ocrx_word' id='word_1_74' title='bbox 1819 1148 1996 1202; x_wconf 86' lang='lat' dir='ltr'><strong>usque</strong></span> 
     </span>
    </p>
   </div>
   <div class='ocr_carea' id='block_1_11' title="bbox 416 1223 1638 1287">
    <p class='ocr_par' dir='ltr' id='par_1_11' title="bbox 416 1223 1638 1287">
     <span class='ocr_line' id='line_1_11' title="bbox 416 1223 1638 1287; baseline 0.001 -11"><span class='ocrx_word' id='word_1_75' title='bbox 416 1225 636 1287; x_wconf 83' lang='lat' dir='ltr'><strong>nociva,</strong></span> <span class='ocrx_word' id='word_1_76' title='bbox 669 1223 820 1278; x_wconf 89' lang='lat' dir='ltr'><strong>intus</strong></span> <span class='ocrx_word' id='word_1_77' title='bbox 849 1223 1140 1277; x_wconf 85' lang='lat' dir='ltr'><strong>adversum</strong></span> <span class='ocrx_word' id='word_1_78' title='bbox 1176 1238 1278 1278; x_wconf 87' lang='lat' dir='ltr'><strong>nos</strong></span> <span class='ocrx_word' id='word_1_79' title='bbox 1316 1223 1638 1279; x_wconf 82' lang='lat' dir='ltr'><strong>sentientes.</strong></span> 
     </span>
    </p>
   </div>
   <div class='ocr_carea' id='block_1_12' title="bbox 411 1312 1096 1379">
    <p class='ocr_par' dir='ltr' id='par_1_12' title="bbox 411 1312 1096 1379">
     <span class='ocr_line' id='line_1_12' title="bbox 411 1312 1096 1379; baseline -0.004 -11"><span class='ocrx_word' id='word_1_80' title='bbox 411 1312 551 1368; x_wconf 70' lang='lat' dir='ltr'><strong>Aliis</strong></span> <span class='ocrx_word' id='word_1_81' title='bbox 585 1329 792 1367; x_wconf 78' lang='lat' dir='ltr'><strong>amoma</strong></span> <span class='ocrx_word' id='word_1_82' title='bbox 815 1314 955 1379; x_wconf 76' lang='lat' dir='ltr'><strong>vine,</strong></span> <span class='ocrx_word' id='word_1_83' title='bbox 989 1323 1096 1369; x_wconf 89' lang='lat' dir='ltr'><strong>etc.</strong></span> 
     </span>
    </p>
   </div>
   <div class='ocr_carea' id='block_1_13' title="bbox 487 1404 1995 1478">
    <p class='ocr_par' dir='ltr' id='par_1_13' title="bbox 487 1404 1995 1478">
     <span class='ocr_line' id='line_1_13' title="bbox 487 1404 1995 1478; baseline 0.002 -19"><span class='ocrx_word' id='word_1_84' title='bbox 487 1404 624 1460; x_wconf 78' lang='lat' dir='ltr'><strong>Aliis</strong></span> <span class='ocrx_word' id='word_1_85' title='bbox 649 1405 761 1460; x_wconf 86' lang='lat' dir='ltr'><strong>sint</strong></span> <span class='ocrx_word' id='word_1_86' title='bbox 797 1405 1175 1461; x_wconf 66' lang='lat' dir='ltr'><strong>amoenissima</strong></span> <span class='ocrx_word' id='word_1_87' title='bbox 1221 1405 1408 1462; x_wconf 89' lang='lat' dir='ltr'><strong>mundi</strong></span> <span class='ocrx_word' id='word_1_88' title='bbox 1439 1405 1995 1478; x_wconf 76' lang='lat' dir='ltr'><strong>magnipendentibus</strong></span> 
     </span>
    </p>
   </div>
   <div class='ocr_carea' id='block_1_14' title="bbox 413 1497 1995 1569">
    <p class='ocr_par' dir='ltr' id='par_1_14' title="bbox 413 1497 1995 1569">
     <span class='ocr_line' id='line_1_14' title="bbox 413 1497 1995 1569; baseline 0 -17"><span class='ocrx_word' id='word_1_89' title='bbox 413 1511 539 1566; x_wconf 66' lang='lat' dir='ltr'><strong>quae</strong></span> <span class='ocrx_word' id='word_1_90' title='bbox 565 1497 748 1552; x_wconf 84' lang='lat' dir='ltr'><strong>dulcia</strong></span> <span class='ocrx_word' id='word_1_91' title='bbox 779 1507 909 1553; x_wconf 90' lang='lat' dir='ltr'><strong>sunt</strong></span> <span class='ocrx_word' id='word_1_92' title='bbox 933 1498 1088 1553; x_wconf 84' lang='lat' dir='ltr'><strong>carni</strong></span> <span class='ocrx_word' id='word_1_93' title='bbox 1114 1516 1129 1566; x_wconf 91' lang='lat'><strong>;</strong></span> <span class='ocrx_word' id='word_1_94' title='bbox 1167 1514 1270 1569; x_wconf 74' lang='lat' dir='ltr'><strong>ego</strong></span> <span class='ocrx_word' id='word_1_95' title='bbox 1315 1513 1446 1554; x_wconf 88' lang='lat' dir='ltr'><strong>vero</strong></span> <span class='ocrx_word' id='word_1_96' title='bbox 1471 1498 1686 1554; x_wconf 88' lang='lat' dir='ltr'><strong>l&#39;ortiter</strong></span> <span class='ocrx_word' id='word_1_97' title='bbox 1718 1498 1835 1554; x_wconf 61' lang='lat' dir='ltr'><strong>hac</strong></span> <span class='ocrx_word' id='word_1_98' title='bbox 1863 1498 1995 1568; x_wconf 81' lang='lat' dir='ltr'><strong>reji-</strong></span> 
     </span>
    </p>
   </div>
   <div class='ocr_carea' id='block_1_15' title="bbox 414 1589 1996 1662">
    <p class='ocr_par' dir='ltr' id='par_1_15' title="bbox 414 1589 1996 1662">
     <span class='ocr_line' id='line_1_15' title="bbox 414 1589 1996 1662; baseline 0.001 -17"><span class='ocrx_word' id='word_1_99' title='bbox 414 1590 558 1645; x_wconf 84' lang='lat' dir='ltr'><strong>ciam</strong></span> <span class='ocrx_word' id='word_1_100' title='bbox 600 1599 862 1658; x_wconf 89' lang='lat' dir='ltr'><strong>tanquam</strong></span> <span class='ocrx_word' id='word_1_101' title='bbox 912 1589 1108 1644; x_wconf 60' lang='lat' dir='ltr'><strong>anima;</strong></span> <span class='ocrx_word' id='word_1_102' title='bbox 1152 1590 1394 1644; x_wconf 81' lang='lat' dir='ltr'><strong>vincula.</strong></span> <span class='ocrx_word' id='word_1_103' title='bbox 1435 1589 1532 1646; x_wconf 81' lang='grc' dir='ltr'><strong>ΙΙεί</strong></span> <span class='ocrx_word' id='word_1_104' title='bbox 1579 1591 1746 1646; x_wconf 87' lang='lat' dir='ltr'><strong>mihi!</strong></span> <span class='ocrx_word' id='word_1_105' title='bbox 1795 1589 1996 1662; x_wconf 69' lang='lat' dir='ltr'><strong>Longae</strong></span> 
     </span>
    </p>
   </div>
   <div class='ocr_carea' id='block_1_16' title="bbox 414 1677 1994 1753">
    <p class='ocr_par' dir='ltr' id='par_1_16' title="bbox 414 1677 1994 1753">
     <span class='ocr_line' id='line_1_16' title="bbox 414 1677 1994 1753; baseline 0.004 -21"><span class='ocrx_word' id='word_1_106' title='bbox 414 1683 542 1732; x_wconf 74' lang='lat' dir='ltr'><strong>vita:</strong></span> <span class='ocrx_word' id='word_1_107' title='bbox 584 1677 862 1732; x_wconf 84' lang='lat' dir='ltr'><strong>diuturnis</strong></span> <span class='ocrx_word' id='word_1_108' title='bbox 929 1679 1214 1734; x_wconf 86' lang='lat' dir='ltr'><strong>doloribus</strong></span> <span class='ocrx_word' id='word_1_109' title='bbox 1265 1680 1501 1737; x_wconf 79' lang='lat' dir='ltr'><strong>amictus</strong></span> <span class='ocrx_word' id='word_1_110' title='bbox 1558 1696 1864 1753; x_wconf 86' lang='lat' dir='ltr'><strong>usquequo,</strong></span> <span class='ocrx_word' id='word_1_111' title='bbox 1909 1683 1994 1738; x_wconf 85' lang='lat' dir='ltr'><strong>in-</strong></span> 
     </span>
    </p>
   </div>
   <div class='ocr_carea' id='block_1_17' title="bbox 413 1767 1997 1838">
    <p class='ocr_par' dir='ltr' id='par_1_17' title="bbox 413 1767 1997 1838">
     <span class='ocr_line' id='line_1_17' title="bbox 413 1767 1997 1838; baseline 0.004 -18"><span class='ocrx_word' id='word_1_112' title='bbox 413 1768 552 1838; x_wconf 79' lang='lat' dir='ltr'><strong>quit,</strong></span> <span class='ocrx_word' id='word_1_113' title='bbox 591 1767 643 1821; x_wconf 87' lang='lat' dir='ltr'><strong>in</strong></span> <span class='ocrx_word' id='word_1_114' title='bbox 700 1769 980 1824; x_wconf 84' lang='lat' dir='ltr'><strong>alimentis</strong></span> <span class='ocrx_word' id='word_1_115' title='bbox 1027 1770 1238 1826; x_wconf 76' lang='lat' dir='ltr'><strong>ventris</strong></span> <span class='ocrx_word' id='word_1_116' title='bbox 1283 1779 1337 1827; x_wconf 83' lang='lat' dir='ltr'><strong>et</strong></span> <span class='ocrx_word' id='word_1_117' title='bbox 1372 1771 1428 1826; x_wconf 92' lang='lat' dir='ltr'><strong>in</strong></span> <span class='ocrx_word' id='word_1_118' title='bbox 1467 1771 1594 1827; x_wconf 82' lang='lat' dir='ltr'><strong>limo</strong></span> <span class='ocrx_word' id='word_1_119' title='bbox 1639 1773 1997 1828; x_wconf 78' lang='lat' dir='ltr'><strong>delectabar?</strong></span> 
     </span>
    </p>
   </div>
   <div class='ocr_carea' id='block_1_18' title="bbox 415 1857 1992 1933">
    <p class='ocr_par' dir='ltr' id='par_1_18' title="bbox 415 1857 1992 1933">
     <span class='ocr_line' id='line_1_18' title="bbox 415 1857 1992 1933; baseline 0.006 -23"><span class='ocrx_word' id='word_1_120' title='bbox 415 1871 710 1926; x_wconf 84' lang='lat' dir='ltr'><strong>usquequo</strong></span> <span class='ocrx_word' id='word_1_121' title='bbox 744 1857 1007 1928; x_wconf 89' lang='lat' dir='ltr'><strong>recipiam</strong></span> <span class='ocrx_word' id='word_1_122' title='bbox 1032 1865 1087 1914; x_wconf 87' lang='lat' dir='ltr'><strong>et</strong></span> <span class='ocrx_word' id='word_1_123' title='bbox 1109 1858 1376 1930; x_wconf 84' lang='lat' dir='ltr'><strong>ejiciam?</strong></span> <span class='ocrx_word' id='word_1_124' title='bbox 1420 1876 1657 1933; x_wconf 84' lang='lat' dir='ltr'><strong>namque</strong></span> <span class='ocrx_word' id='word_1_125' title='bbox 1705 1864 1852 1933; x_wconf 87' lang='lat' dir='ltr'><strong>quod</strong></span> <span class='ocrx_word' id='word_1_126' title='bbox 1895 1878 1992 1920; x_wconf 88' lang='lat' dir='ltr'><strong>su-</strong></span> 
     </span>
    </p>
   </div>
   <div class='ocr_carea' id='block_1_19' title="bbox 414 1949 1993 2018">
    <p class='ocr_par' dir='ltr' id='par_1_19' title="bbox 414 1949 1993 2018">
     <span class='ocr_line' id='line_1_19' title="bbox 414 1949 1993 2018; baseline 0.006 -15"><span class='ocrx_word' id='word_1_127' title='bbox 414 1949 586 2004; x_wconf 78' lang='lat' dir='ltr'><strong>mitur</strong></span> <span class='ocrx_word' id='word_1_128' title='bbox 613 1951 680 2006; x_wconf 86' lang='lat' dir='ltr'><strong>ad</strong></span> <span class='ocrx_word' id='word_1_129' title='bbox 718 1953 884 2006; x_wconf 86' lang='lat' dir='ltr'><strong>vitam</strong></span> <span class='ocrx_word' id='word_1_130' title='bbox 937 1951 1225 2008; x_wconf 84' lang='lat' dir='ltr'><strong>hominum</strong></span> <span class='ocrx_word' id='word_1_131' title='bbox 1278 1955 1506 2018; x_wconf 87' lang='lat' dir='ltr'><strong>bonum,</strong></span> <span class='ocrx_word' id='word_1_132' title='bbox 1555 1956 1851 2012; x_wconf 85' lang='lat' dir='ltr'><strong>oblectatio</strong></span> <span class='ocrx_word' id='word_1_133' title='bbox 1892 1957 1993 2012; x_wconf 87' lang='lat' dir='ltr'><strong>du-</strong></span> 
     </span>
    </p>
   </div>
   <div class='ocr_carea' id='block_1_20' title="bbox 415 2040 1992 2118">
    <p class='ocr_par' dir='ltr' id='par_1_20' title="bbox 415 2040 1992 2118">
     <span class='ocr_line' id='line_1_20' title="bbox 415 2040 1992 2118; baseline 0.006 -23"><span class='ocrx_word' id='word_1_134' title='bbox 415 2040 539 2110; x_wconf 73' lang='lat' dir='ltr'><strong>plex</strong></span> <span class='ocrx_word' id='word_1_135' title='bbox 565 2053 670 2108; x_wconf 84' lang='lat' dir='ltr'><strong>est,</strong></span> <span class='ocrx_word' id='word_1_136' title='bbox 707 2045 944 2113; x_wconf 67' lang='lat' dir='ltr'><strong>primum</strong></span> <span class='ocrx_word' id='word_1_137' title='bbox 975 2045 1028 2100; x_wconf 91' lang='lat' dir='ltr'><strong>in</strong></span> <span class='ocrx_word' id='word_1_138' title='bbox 1049 2046 1340 2111; x_wconf 84' lang='lat' dir='ltr'><strong>sumendo,</strong></span> <span class='ocrx_word' id='word_1_139' title='bbox 1362 2047 1559 2102; x_wconf 88' lang='lat' dir='ltr'><strong>deinde</strong></span> <span class='ocrx_word' id='word_1_140' title='bbox 1583 2049 1638 2103; x_wconf 90' lang='lat' dir='ltr'><strong>in</strong></span> <span class='ocrx_word' id='word_1_141' title='bbox 1672 2049 1992 2118; x_wconf 88' lang='lat' dir='ltr'><strong>rejiciendo,</strong></span> 
     </span>
    </p>
   </div>
   <div class='ocr_carea' id='block_1_21' title="bbox 415 2133 1994 2211">
    <p class='ocr_par' dir='ltr' id='par_1_21' title="bbox 415 2133 1994 2211">
     <span class='ocr_line' id='line_1_21' title="bbox 415 2133 1994 2211; baseline 0.007 -25"><span class='ocrx_word' id='word_1_142' title='bbox 415 2133 616 2202; x_wconf 77' lang='lat' dir='ltr'><strong>repieri</strong></span> <span class='ocrx_word' id='word_1_143' title='bbox 650 2136 950 2200; x_wconf 84' lang='lat' dir='ltr'><strong>alimentis,</strong></span> <span class='ocrx_word' id='word_1_144' title='bbox 993 2137 1191 2194; x_wconf 88' lang='lat' dir='ltr'><strong>deinde</strong></span> <span class='ocrx_word' id='word_1_145' title='bbox 1223 2141 1536 2210; x_wconf 78' lang='lat' dir='ltr'><strong>expurgari,</strong></span> <span class='ocrx_word' id='word_1_146' title='bbox 1570 2141 1642 2194; x_wconf 81' lang='lat' dir='ltr'><strong>ita</strong></span> <span class='ocrx_word' id='word_1_147' title='bbox 1687 2152 1743 2196; x_wconf 91' lang='lat' dir='ltr'><strong>ut</strong></span> <span class='ocrx_word' id='word_1_148' title='bbox 1775 2142 1994 2211; x_wconf 73' lang='lat' dir='ltr'><strong>cellaria</strong></span> 
     </span>
    </p>
   </div>
   <div class='ocr_carea' id='block_1_22' title="bbox 418 2224 1997 2298">
    <p class='ocr_par' dir='ltr' id='par_1_22' title="bbox 418 2224 1997 2298">
     <span class='ocr_line' id='line_1_22' title="bbox 418 2224 1997 2298; baseline 0.006 -20"><span class='ocrx_word' id='word_1_149' title='bbox 418 2224 699 2280; x_wconf 75' lang='lat' dir='ltr'><strong>fructuum</strong></span> <span class='ocrx_word' id='word_1_150' title='bbox 741 2228 1018 2298; x_wconf 88' lang='lat' dir='ltr'><strong>complere</strong></span> <span class='ocrx_word' id='word_1_151' title='bbox 1060 2239 1115 2283; x_wconf 85' lang='lat' dir='ltr'><strong>et</strong></span> <span class='ocrx_word' id='word_1_152' title='bbox 1163 2246 1434 2286; x_wconf 85' lang='lat' dir='ltr'><strong>evacuare</strong></span> <span class='ocrx_word' id='word_1_153' title='bbox 1469 2232 1760 2286; x_wconf 87' lang='lat' dir='ltr'><strong>oblectatio</strong></span> <span class='ocrx_word' id='word_1_154' title='bbox 1792 2233 1863 2288; x_wconf 70' lang='lat' dir='ltr'><strong>sit</strong></span> <span class='ocrx_word' id='word_1_155' title='bbox 1894 2228 1997 2287; x_wconf 83' lang='lat' dir='ltr'><strong>dit-</strong></span> 
     </span>
    </p>
   </div>
   <div class='ocr_carea' id='block_1_23' title="bbox 418 2316 1993 2386">
    <p class='ocr_par' dir='ltr' id='par_1_23' title="bbox 418 2316 1993 2386">
     <span class='ocr_line' id='line_1_23' title="bbox 418 2316 1993 2386; baseline 0.008 -18"><span class='ocrx_word' id='word_1_156' title='bbox 418 2316 563 2386; x_wconf 80' lang='lat' dir='ltr'><strong>plex,</strong></span> <span class='ocrx_word' id='word_1_157' title='bbox 592 2317 658 2370; x_wconf 87' lang='lat' dir='ltr'><strong>de</strong></span> <span class='ocrx_word' id='word_1_158' title='bbox 689 2317 778 2372; x_wconf 86' lang='lat' dir='ltr'><strong>die</strong></span> <span class='ocrx_word' id='word_1_159' title='bbox 809 2319 863 2372; x_wconf 93' lang='lat' dir='ltr'><strong>in</strong></span> <span class='ocrx_word' id='word_1_160' title='bbox 890 2319 1038 2374; x_wconf 89' lang='lat' dir='ltr'><strong>diem</strong></span> <span class='ocrx_word' id='word_1_161' title='bbox 1083 2329 1292 2375; x_wconf 88' lang='lat' dir='ltr'><strong>mutata</strong></span> <span class='ocrx_word' id='word_1_162' title='bbox 1321 2331 1378 2377; x_wconf 90' lang='lat' dir='ltr'><strong>et</strong></span> <span class='ocrx_word' id='word_1_163' title='bbox 1423 2324 1663 2378; x_wconf 77' lang='lat' dir='ltr'><strong>vicissim</strong></span> <span class='ocrx_word' id='word_1_164' title='bbox 1698 2325 1993 2380; x_wconf 90' lang='lat' dir='ltr'><strong>transiens.</strong></span> 
     </span>
    </p>
   </div>
   <div class='ocr_carea' id='block_1_24' title="bbox 414 2405 1995 2481">
    <p class='ocr_par' dir='ltr' id='par_1_24' title="bbox 414 2405 1995 2481">
     <span class='ocr_line' id='line_1_24' title="bbox 414 2405 1995 2481; baseline 0.004 -19"><span class='ocrx_word' id='word_1_165' title='bbox 414 2405 731 2472; x_wconf 74' lang='lat' dir='ltr'><strong>Paululum,</strong></span> <span class='ocrx_word' id='word_1_166' title='bbox 777 2408 979 2480; x_wconf 81' lang='lat' dir='ltr'><strong>inquit,</strong></span> <span class='ocrx_word' id='word_1_167' title='bbox 1027 2420 1286 2481; x_wconf 88' lang='lat' dir='ltr'><strong>tanquam</strong></span> <span class='ocrx_word' id='word_1_168' title='bbox 1335 2413 1390 2468; x_wconf 91' lang='lat' dir='ltr'><strong>in</strong></span> <span class='ocrx_word' id='word_1_169' title='bbox 1438 2413 1673 2470; x_wconf 85' lang='lat' dir='ltr'><strong>transitu</strong></span> <span class='ocrx_word' id='word_1_170' title='bbox 1715 2415 1995 2469; x_wconf 87' lang='lat' dir='ltr'><strong>titillalunt</strong></span> 
     </span>
    </p>
   </div>
   <div class='ocr_carea' id='block_1_25' title="bbox 415 2502 1997 2576">
    <p class='ocr_par' dir='ltr' id='par_1_25' title="bbox 415 2502 1997 2576">
     <span class='ocr_line' id='line_1_25' title="bbox 415 2502 1997 2576; baseline 0.007 -26"><span class='ocrx_word' id='word_1_171' title='bbox 415 2507 641 2568; x_wconf 65' lang='lat' dir='ltr'><strong>guttur,</strong></span> <span class='ocrx_word' id='word_1_172' title='bbox 707 2502 851 2556; x_wconf 87' lang='lat' dir='ltr'><strong>sicut</strong></span> <span class='ocrx_word' id='word_1_173' title='bbox 915 2503 1170 2558; x_wconf 83' lang='lat' dir='ltr'><strong>vehiculo</strong></span> <span class='ocrx_word' id='word_1_174' title='bbox 1231 2505 1314 2559; x_wconf 88' lang='lat' dir='ltr'><strong>vel</strong></span> <span class='ocrx_word' id='word_1_175' title='bbox 1389 2508 1751 2576; x_wconf 61' lang='lat' dir='ltr'><strong>aquaaductu,</strong></span> <span class='ocrx_word' id='word_1_176' title='bbox 1819 2507 1997 2563; x_wconf 83' lang='lat' dir='ltr'><strong>ventri</strong></span> 
     </span>
    </p>
   </div>
   <div class='ocr_carea' id='block_1_26' title="bbox 414 2592 1996 2668">
    <p class='ocr_par' dir='ltr' id='par_1_26' title="bbox 414 2592 1996 2668">
     <span class='ocr_line' id='line_1_26' title="bbox 414 2592 1996 2668; baseline 0.004 -24"><span class='ocrx_word' id='word_1_177' title='bbox 414 2597 615 2644; x_wconf 84' lang='lat' dir='ltr'><strong>cuncta</strong></span> <span class='ocrx_word' id='word_1_178' title='bbox 636 2592 932 2648; x_wconf 83' lang='lat' dir='ltr'><strong>et‘latrinis</strong></span> <span class='ocrx_word' id='word_1_179' title='bbox 957 2594 1145 2648; x_wconf 89' lang='lat' dir='ltr'><strong>mittit.</strong></span> <span class='ocrx_word' id='word_1_180' title='bbox 1179 2594 1374 2651; x_wconf 87' lang='lat' dir='ltr'><strong>Postea</strong></span> <span class='ocrx_word' id='word_1_181' title='bbox 1409 2599 1700 2668; x_wconf 87' lang='lat' dir='ltr'><strong>perpendit</strong></span> <span class='ocrx_word' id='word_1_182' title='bbox 1723 2607 1778 2653; x_wconf 92' lang='lat' dir='ltr'><strong>et</strong></span> <span class='ocrx_word' id='word_1_183' title='bbox 1809 2613 1996 2653; x_wconf 80' lang='lat' dir='ltr'><strong>verum</strong></span> 
     </span>
    </p>
   </div>
   <div class='ocr_carea' id='block_1_27' title="bbox 415 2684 1994 2755">
    <p class='ocr_par' dir='ltr' id='par_1_27' title="bbox 415 2684 1994 2755">
     <span class='ocr_line' id='line_1_27' title="bbox 415 2684 1994 2755; baseline 0.007 -22"><span class='ocrx_word' id='word_1_184' title='bbox 415 2689 474 2734; x_wconf 76' lang='lat' dir='ltr'><strong>et</strong></span> <span class='ocrx_word' id='word_1_185' title='bbox 505 2684 736 2752; x_wconf 76' lang='lat' dir='ltr'><strong>congrui</strong></span> <span class='ocrx_word' id='word_1_186' title='bbox 788 2687 1056 2755; x_wconf 89' lang='lat' dir='ltr'><strong>temporis</strong></span> <span class='ocrx_word' id='word_1_187' title='bbox 1102 2687 1516 2744; x_wconf 83' lang='lat' dir='ltr'><strong>vicissitudines</strong></span> <span class='ocrx_word' id='word_1_188' title='bbox 1559 2698 1612 2744; x_wconf 87' lang='lat' dir='ltr'><strong>et</strong></span> <span class='ocrx_word' id='word_1_189' title='bbox 1652 2693 1994 2748; x_wconf 83' lang='lat' dir='ltr'><strong>varietates:</strong></span> 
     </span>
    </p>
   </div>
   <div class='ocr_carea' id='block_1_28' title="bbox 417 2770 1996 2856">
    <p class='ocr_par' dir='ltr' id='par_1_28' title="bbox 417 2770 1996 2856">
     <span class='ocr_line' id='line_1_28' title="bbox 417 2770 1996 2856; baseline 0.008 -30"><span class='ocrx_word' id='word_1_190' title='bbox 417 2770 594 2827; x_wconf 71' lang='lat' dir='ltr'><strong>breuis</strong></span> <span class='ocrx_word' id='word_1_191' title='bbox 649 2773 824 2846; x_wconf 81' lang='lat' dir='ltr'><strong>frigus</strong></span> <span class='ocrx_word' id='word_1_192' title='bbox 871 2776 1050 2845; x_wconf 84' lang='lat' dir='ltr'><strong>all‘ert,</strong></span> <span class='ocrx_word' id='word_1_193' title='bbox 1092 2789 1258 2835; x_wconf 75' lang='lat' dir='ltr'><strong>aestas</strong></span> <span class='ocrx_word' id='word_1_194' title='bbox 1301 2796 1433 2835; x_wconf 83' lang='lat' dir='ltr'><strong>vero</strong></span> <span class='ocrx_word' id='word_1_195' title='bbox 1479 2781 1718 2838; x_wconf 88' lang='lat' dir='ltr'><strong>calorem</strong></span> <span class='ocrx_word' id='word_1_196' title='bbox 1766 2786 1996 2856; x_wconf 78' lang='lat' dir='ltr'><strong>spargit,</strong></span> 
     </span>
    </p>
   </div>
   <div class='ocr_carea' id='block_1_29' title="bbox 418 2864 1995 2944">
    <p class='ocr_par' dir='ltr' id='par_1_29' title="bbox 418 2864 1995 2944">
     <span class='ocr_line' id='line_1_29' title="bbox 418 2864 1995 2944; baseline 0.012 -30"><span class='ocrx_word' id='word_1_197' title='bbox 418 2877 516 2916; x_wconf 84' lang='lat' dir='ltr'><strong>ver</strong></span> <span class='ocrx_word' id='word_1_198' title='bbox 567 2864 765 2920; x_wconf 84' lang='lat' dir='ltr'><strong>hiemis</strong></span> <span class='ocrx_word' id='word_1_199' title='bbox 813 2868 960 2924; x_wconf 83' lang='lat' dir='ltr'><strong>vices</strong></span> <span class='ocrx_word' id='word_1_200' title='bbox 1013 2872 1249 2938; x_wconf 88' lang='lat' dir='ltr'><strong>supplet.</strong></span> <span class='ocrx_word' id='word_1_201' title='bbox 1309 2880 1365 2926; x_wconf 87' lang='lat' dir='ltr'><strong>et</strong></span> <span class='ocrx_word' id='word_1_202' title='bbox 1414 2874 1626 2929; x_wconf 68' lang='lat' dir='ltr'><strong>aestatis</strong></span> <span class='ocrx_word' id='word_1_203' title='bbox 1679 2887 1995 2944; x_wconf 88' lang='lat' dir='ltr'><strong>autumnus,</strong></span> 
     </span>
    </p>
   </div>
   <div class='ocr_carea' id='block_1_30' title="bbox 417 2955 2000 3022">
    <p class='ocr_par' dir='ltr' id='par_1_30' title="bbox 417 2955 2000 3022">
     <span class='ocr_line' id='line_1_30' title="bbox 417 2955 2000 3022; baseline 0.009 -14"><span class='ocrx_word' id='word_1_204' title='bbox 417 2955 566 3008; x_wconf 74' lang='lat' dir='ltr'><strong>sicut</strong></span> <span class='ocrx_word' id='word_1_205' title='bbox 595 2955 792 3010; x_wconf 87' lang='lat' dir='ltr'><strong>diebus</strong></span> <span class='ocrx_word' id='word_1_206' title='bbox 822 2966 1013 3012; x_wconf 77' lang='lat' dir='ltr'><strong>noctes</strong></span> <span class='ocrx_word' id='word_1_207' title='bbox 1042 2968 1098 3013; x_wconf 91' lang='lat' dir='ltr'><strong>ct</strong></span> <span class='ocrx_word' id='word_1_208' title='bbox 1139 2962 1396 3014; x_wconf 88' lang='lat' dir='ltr'><strong>noctibus</strong></span> <span class='ocrx_word' id='word_1_209' title='bbox 1434 2963 1633 3017; x_wconf 86' lang='lat' dir='ltr'><strong>iterum</strong></span> <span class='ocrx_word' id='word_1_210' title='bbox 1661 2965 1782 3020; x_wconf 87' lang='lat' dir='ltr'><strong>dies</strong></span> <span class='ocrx_word' id='word_1_211' title='bbox 1806 2980 2000 3022; x_wconf 88' lang='lat' dir='ltr'><strong>succe-</strong></span> 
     </span>
    </p>
   </div>
   <div class='ocr_carea' id='block_1_31' title="bbox 416 3041 1997 3120">
    <p class='ocr_par' dir='ltr' id='par_1_31' title="bbox 416 3041 1997 3120">
     <span class='ocr_line' id='line_1_31' title="bbox 416 3041 1997 3120; baseline 0.008 -24"><span class='ocrx_word' id='word_1_212' title='bbox 416 3041 578 3105; x_wconf 77' lang='lat' dir='ltr'><strong>dunt.</strong></span> <span class='ocrx_word' id='word_1_213' title='bbox 631 3043 951 3112; x_wconf 82' lang='lat' dir='ltr'><strong>duplicibus</strong></span> <span class='ocrx_word' id='word_1_214' title='bbox 1003 3048 1290 3115; x_wconf 70' lang='lat' dir='ltr'><strong>przesentis</strong></span> <span class='ocrx_word' id='word_1_215' title='bbox 1344 3049 1467 3103; x_wconf 65' lang='lat' dir='ltr'><strong>vitae</strong></span> <span class='ocrx_word' id='word_1_216' title='bbox 1515 3051 1705 3120; x_wconf 73' lang='lat' dir='ltr'><strong>ﬁguris</strong></span> <span class='ocrx_word' id='word_1_217' title='bbox 1752 3054 1997 3110; x_wconf 87' lang='lat' dir='ltr'><strong>vicissim</strong></span> 
     </span>
    </p>
   </div>
   <div class='ocr_carea' id='block_1_32' title="bbox 419 3131 1996 3198">
    <p class='ocr_par' dir='ltr' id='par_1_32' title="bbox 419 3131 1996 3198">
     <span class='ocr_line' id='line_1_32' title="bbox 419 3131 1996 3198; baseline 0.01 -14"><span class='ocrx_word' id='word_1_218' title='bbox 419 3131 725 3186; x_wconf 84' lang='lat' dir='ltr'><strong>immutatis</strong></span> <span class='ocrx_word' id='word_1_219' title='bbox 773 3142 827 3187; x_wconf 87' lang='lat' dir='ltr'><strong>et</strong></span> <span class='ocrx_word' id='word_1_220' title='bbox 876 3135 1216 3191; x_wconf 87' lang='lat' dir='ltr'><strong>substitutis.</strong></span> <span class='ocrx_word' id='word_1_221' title='bbox 1248 3138 1360 3191; x_wconf 77' lang='lat' dir='ltr'><strong>Cur</strong></span> <span class='ocrx_word' id='word_1_222' title='bbox 1413 3139 1526 3194; x_wconf 82' lang='lat' dir='ltr'><strong>haec</strong></span> <span class='ocrx_word' id='word_1_223' title='bbox 1577 3141 1744 3198; x_wconf 81' lang='lat' dir='ltr'><strong>dico?</strong></span> <span class='ocrx_word' id='word_1_224' title='bbox 1784 3142 1996 3198; x_wconf 78' lang='lat' dir='ltr'><strong>Ctelum</strong></span> 
     </span>
    </p>
   </div>
   <div class='ocr_carea' id='block_1_33' title="bbox 422 3220 1996 3299">
    <p class='ocr_par' dir='ltr' id='par_1_33' title="bbox 422 3220 1996 3299">
     <span class='ocr_line' id='line_1_33' title="bbox 422 3220 1996 3299; baseline 0.008 -24"><span class='ocrx_word' id='word_1_225' title='bbox 422 3220 588 3285; x_wconf 63' lang='lat' dir='ltr'><strong>hicn],</strong></span> <span class='ocrx_word' id='word_1_226' title='bbox 653 3231 819 3287; x_wconf 87' lang='lat' dir='ltr'><strong>terra,</strong></span> <span class='ocrx_word' id='word_1_227' title='bbox 852 3237 1026 3287; x_wconf 85' lang='lat' dir='ltr'><strong>mare,</strong></span> <span class='ocrx_word' id='word_1_228' title='bbox 1057 3233 1112 3278; x_wconf 88' lang='lat' dir='ltr'><strong>et</strong></span> <span class='ocrx_word' id='word_1_229' title='bbox 1150 3226 1287 3280; x_wconf 85' lang='lat' dir='ltr'><strong>nihil</strong></span> <span class='ocrx_word' id='word_1_230' title='bbox 1317 3242 1516 3283; x_wconf 88' lang='lat' dir='ltr'><strong>uovmn</strong></span> <span class='ocrx_word' id='word_1_231' title='bbox 1547 3238 1603 3285; x_wconf 90' lang='lat' dir='ltr'><strong>et</strong></span> <span class='ocrx_word' id='word_1_232' title='bbox 1626 3231 1764 3286; x_wconf 88' lang='lat' dir='ltr'><strong>nihil</strong></span> <span class='ocrx_word' id='word_1_233' title='bbox 1784 3247 1996 3299; x_wconf 85' lang='lat' dir='ltr'><strong>recens,</strong></span> 
     </span>
    </p>
   </div>
   <div class='ocr_carea' id='block_1_34' title="bbox 422 3309 2001 3394">
    <p class='ocr_par' dir='ltr' id='par_1_34' title="bbox 422 3309 2001 3394">
     <span class='ocr_line' id='line_1_34' title="bbox 422 3309 2001 3394; baseline 0.01 -31"><span class='ocrx_word' id='word_1_234' title='bbox 422 3309 720 3369; x_wconf 75' lang='lat' dir='ltr'><strong>milii,dicit</strong></span> <span class='ocrx_word' id='word_1_235' title='bbox 759 3311 1140 3380; x_wconf 85' lang='lat' dir='ltr'><strong>Ecclesiastes,</strong></span> <span class='ocrx_word' id='word_1_236' title='bbox 1185 3317 1288 3372; x_wconf 88' lang='lat' dir='ltr'><strong>sub</strong></span> <span class='ocrx_word' id='word_1_237' title='bbox 1323 3317 1460 3380; x_wconf 88' lang='lat' dir='ltr'><strong>sole.</strong></span> <span class='ocrx_word' id='word_1_238' title='bbox 1507 3334 1608 3375; x_wconf 91' lang='lat' dir='ltr'><strong>nec</strong></span> <span class='ocrx_word' id='word_1_239' title='bbox 1657 3337 2001 3394; x_wconf 60' lang='lat' dir='ltr'><strong>quacunque</strong></span> 
     </span>
    </p>
   </div>
   <div class='ocr_carea' id='block_1_35' title="bbox 420 3401 2001 3471">
    <p class='ocr_par' dir='ltr' id='par_1_35' title="bbox 420 3401 2001 3471">
     <span class='ocr_line' id='line_1_35' title="bbox 420 3401 2001 3471; baseline 0.01 -20"><span class='ocrx_word' id='word_1_240' title='bbox 420 3401 708 3471; x_wconf 75' lang='lat' dir='ltr'><strong>eoagulata</strong></span> <span class='ocrx_word' id='word_1_241' title='bbox 743 3413 872 3458; x_wconf 87' lang='lat' dir='ltr'><strong>sunt</strong></span> <span class='ocrx_word' id='word_1_242' title='bbox 911 3411 966 3459; x_wconf 89' lang='lat' dir='ltr'><strong>et</strong></span> <span class='ocrx_word' id='word_1_243' title='bbox 1008 3413 1154 3460; x_wconf 84' lang='lat' dir='ltr'><strong>stam</strong></span> <span class='ocrx_word' id='word_1_244' title='bbox 1186 3405 1551 3465; x_wconf 88' lang='lat' dir='ltr'><strong>immutabilia</strong></span> <span class='ocrx_word' id='word_1_245' title='bbox 1596 3411 1740 3468; x_wconf 91' lang='lat' dir='ltr'><strong>sicut</strong></span> <span class='ocrx_word' id='word_1_246' title='bbox 1775 3421 1917 3468; x_wconf 89' lang='lat' dir='ltr'><strong>terra</strong></span> <span class='ocrx_word' id='word_1_247' title='bbox 1945 3422 2001 3468; x_wconf 88' lang='lat' dir='ltr'><strong>et</strong></span> 
     </span>
    </p>
   </div>
   <div class='ocr_carea' id='block_1_36' title="bbox 421 3493 2001 3569">
    <p class='ocr_par' dir='ltr' id='par_1_36' title="bbox 421 3493 2001 3569">
     <span class='ocr_line' id='line_1_36' title="bbox 421 3493 2001 3569; baseline 0.011 -24"><span class='ocrx_word' id='word_1_248' title='bbox 421 3508 549 3563; x_wconf 69' lang='lat' dir='ltr'><strong>qua:</strong></span> <span class='ocrx_word' id='word_1_249' title='bbox 579 3493 632 3547; x_wconf 91' lang='lat' dir='ltr'><strong>in</strong></span> <span class='ocrx_word' id='word_1_250' title='bbox 673 3509 735 3547; x_wconf 80' lang='lat' dir='ltr'><strong>ea</strong></span> <span class='ocrx_word' id='word_1_251' title='bbox 787 3504 937 3562; x_wconf 90' lang='lat' dir='ltr'><strong>sunt,</strong></span> <span class='ocrx_word' id='word_1_252' title='bbox 968 3511 1068 3552; x_wconf 88' lang='lat' dir='ltr'><strong>nec</strong></span> <span class='ocrx_word' id='word_1_253' title='bbox 1101 3514 1447 3569; x_wconf 60' lang='lat' dir='ltr'><strong>quacunque</strong></span> <span class='ocrx_word' id='word_1_254' title='bbox 1472 3506 1524 3556; x_wconf 89' lang='lat' dir='ltr'><strong>in</strong></span> <span class='ocrx_word' id='word_1_255' title='bbox 1557 3503 1745 3558; x_wconf 87' lang='lat' dir='ltr'><strong>orbem</strong></span> <span class='ocrx_word' id='word_1_256' title='bbox 1775 3520 2001 3562; x_wconf 86' lang='lat' dir='ltr'><strong>moven-</strong></span> 
     </span>
    </p>
   </div>
   <div class='ocr_carea' id='block_1_37' title="bbox 421 3585 2002 3665">
    <p class='ocr_par' dir='ltr' id='par_1_37' title="bbox 421 3585 2002 3665">
     <span class='ocr_line' id='line_1_37' title="bbox 421 3585 2002 3665; baseline 0.01 -27"><span class='ocrx_word' id='word_1_257' title='bbox 421 3592 534 3652; x_wconf 79' lang='lat' dir='ltr'><strong>tur,</strong></span> <span class='ocrx_word' id='word_1_258' title='bbox 572 3585 719 3641; x_wconf 81' lang='lat' dir='ltr'><strong>sicut</strong></span> <span class='ocrx_word' id='word_1_259' title='bbox 755 3587 956 3642; x_wconf 73' lang='lat' dir='ltr'><strong>cretum</strong></span> <span class='ocrx_word' id='word_1_260' title='bbox 1007 3597 1062 3645; x_wconf 90' lang='lat' dir='ltr'><strong>et</strong></span> <span class='ocrx_word' id='word_1_261' title='bbox 1099 3589 1204 3646; x_wconf 89' lang='lat' dir='ltr'><strong>hoc</strong></span> <span class='ocrx_word' id='word_1_262' title='bbox 1248 3592 1396 3663; x_wconf 89' lang='lat' dir='ltr'><strong>quod</strong></span> <span class='ocrx_word' id='word_1_263' title='bbox 1433 3595 1696 3665; x_wconf 79' lang='lat' dir='ltr'><strong>continet,</strong></span> <span class='ocrx_word' id='word_1_264' title='bbox 1722 3595 1778 3652; x_wconf 92' lang='lat' dir='ltr'><strong>in</strong></span> <span class='ocrx_word' id='word_1_265' title='bbox 1817 3597 2002 3654; x_wconf 82' lang='lat' dir='ltr'><strong>cireu-</strong></span> 
     </span>
    </p>
   </div>
   <div class='ocr_carea' id='block_1_38' title="bbox 422 3677 948 3750">
    <p class='ocr_par' dir='ltr' id='par_1_38' title="bbox 422 3677 948 3750">
     <span class='ocr_line' id='line_1_38' title="bbox 422 3677 948 3750; baseline 0.01 -19"><span class='ocrx_word' id='word_1_266' title='bbox 422 3677 536 3732; x_wconf 69' lang='lat' dir='ltr'><strong>iutu</strong></span> <span class='ocrx_word' id='word_1_267' title='bbox 569 3677 775 3750; x_wconf 66' lang='lat' dir='ltr'><strong>iugiter</strong></span> <span class='ocrx_word' id='word_1_268' title='bbox 805 3689 948 3736; x_wconf 76' lang='lat' dir='ltr'><strong>acta.</strong></span> 
     </span>
    </p>
   </div>
   <div class='ocr_carea' id='block_1_39' title="bbox 424 3859 1741 3932">
    <p class='ocr_par' dir='ltr' id='par_1_39' title="bbox 424 3859 1741 3932">
     <span class='ocr_line' id='line_1_39' title="bbox 424 3859 1741 3932; baseline 0.005 -16"><span class='ocrx_word' id='word_1_269' title='bbox 424 3859 494 3917; x_wconf 73' lang='grc' dir='ltr'>Ιθ</span> <span class='ocrx_word' id='word_1_270' title='bbox 528 3859 732 3916; x_wconf 81' lang='lat' dir='ltr'><strong>Horum</strong></span> <span class='ocrx_word' id='word_1_271' title='bbox 768 3861 1209 3927; x_wconf 66' lang='lat' dir='ltr'><strong>twd‘iummliam</strong></span> <span class='ocrx_word' id='word_1_272' title='bbox 1252 3864 1385 3919; x_wconf 79' lang='lat' dir='ltr'><strong>mihi</strong></span> <span class='ocrx_word' id='word_1_273' title='bbox 1416 3867 1601 3932; x_wconf 77' lang='lat' dir='ltr'><strong>vitam,</strong></span> <span class='ocrx_word' id='word_1_274' title='bbox 1634 3876 1741 3922; x_wconf 86' lang='lat' dir='ltr'><strong>etc.</strong></span> 
     </span>
    </p>
   </div>
   <div class='ocr_carea' id='block_1_40' title="bbox 494 3950 1999 4028">
    <p class='ocr_par' dir='ltr' id='par_1_40' title="bbox 494 3950 1999 4028">
     <span class='ocr_line' id='line_1_40' title="bbox 494 3950 1999 4028; baseline 0.007 -23"><span class='ocrx_word' id='word_1_275' title='bbox 494 3950 726 4015; x_wconf 83' lang='lat' dir='ltr'><strong>Horum,</strong></span> <span class='ocrx_word' id='word_1_276' title='bbox 753 3951 952 4021; x_wconf 86' lang='lat' dir='ltr'><strong>inquit,</strong></span> <span class='ocrx_word' id='word_1_277' title='bbox 1001 3953 1282 4010; x_wconf 82' lang='lat' dir='ltr'><strong>suﬂiciens</strong></span> <span class='ocrx_word' id='word_1_278' title='bbox 1315 3956 1481 4011; x_wconf 82' lang='lat' dir='ltr'><strong>fuerit</strong></span> <span class='ocrx_word' id='word_1_279' title='bbox 1525 3957 1812 4028; x_wconf 87' lang='lat' dir='ltr'><strong>hucusque</strong></span> <span class='ocrx_word' id='word_1_280' title='bbox 1842 3975 1999 4025; x_wconf 89' lang='lat' dir='ltr'><strong>usus,</strong></span> 
     </span>
    </p>
   </div>
   <div class='ocr_carea' id='block_1_41' title="bbox 423 4043 2002 4119">
    <p class='ocr_par' dir='ltr' id='par_1_41' title="bbox 423 4043 2002 4119">
     <span class='ocr_line' id='line_1_41' title="bbox 423 4043 2002 4119; baseline 0.004 -22"><span class='ocrx_word' id='word_1_281' title='bbox 423 4044 744 4098; x_wconf 80' lang='lat' dir='ltr'><strong>transitoria</strong></span> <span class='ocrx_word' id='word_1_282' title='bbox 770 4043 955 4099; x_wconf 79' lang='lat' dir='ltr'><strong>videre</strong></span> <span class='ocrx_word' id='word_1_283' title='bbox 973 4060 1058 4100; x_wconf 93' lang='lat' dir='ltr'><strong>me</strong></span> <span class='ocrx_word' id='word_1_284' title='bbox 1075 4048 1261 4112; x_wconf 69' lang='lat' dir='ltr'><strong>tmdet,</strong></span> <span class='ocrx_word' id='word_1_285' title='bbox 1281 4047 1418 4103; x_wconf 84' lang='lat' dir='ltr'><strong>satis</strong></span> <span class='ocrx_word' id='word_1_286' title='bbox 1435 4049 1775 4119; x_wconf 87' lang='lat' dir='ltr'><strong>corruptibili</strong></span> <span class='ocrx_word' id='word_1_287' title='bbox 1796 4051 2002 4106; x_wconf 87' lang='lat' dir='ltr'><strong>mundo</strong></span> 
     </span>
    </p>
   </div>
   <div class='ocr_carea' id='block_1_42' title="bbox 427 4137 2002 4212">
    <p class='ocr_par' dir='ltr' id='par_1_42' title="bbox 427 4137 2002 4212">
     <span class='ocr_line' id='line_1_42' title="bbox 427 4137 2002 4212; baseline 0.004 -21"><span class='ocrx_word' id='word_1_288' title='bbox 427 4137 632 4192; x_wconf 69' lang='lat' dir='ltr'><strong>fruitus</strong></span> <span class='ocrx_word' id='word_1_289' title='bbox 674 4152 801 4191; x_wconf 89' lang='lat' dir='ltr'><strong>sum</strong></span> <span class='ocrx_word' id='word_1_290' title='bbox 833 4156 846 4192; x_wconf 91' lang='lat'>:</span> <span class='ocrx_word' id='word_1_291' title='bbox 878 4138 1042 4192; x_wconf 85' lang='lat' dir='ltr'><strong>aliam</strong></span> <span class='ocrx_word' id='word_1_292' title='bbox 1096 4139 1228 4192; x_wconf 88' lang='lat' dir='ltr'><strong>tuilti</strong></span> <span class='ocrx_word' id='word_1_293' title='bbox 1273 4141 1466 4204; x_wconf 80' lang='lat' dir='ltr'><strong>vitam,</strong></span> <span class='ocrx_word' id='word_1_294' title='bbox 1499 4139 1669 4194; x_wconf 87' lang='lat' dir='ltr'><strong>alium</strong></span> <span class='ocrx_word' id='word_1_295' title='bbox 1714 4142 2002 4212; x_wconf 88' lang='lat' dir='ltr'><strong>mundum,</strong></span> 
     </span>
    </p>
   </div>
   <div class='ocr_carea' id='block_1_43' title="bbox 425 4215 2006 4300">
    <p class='ocr_par' dir='ltr' id='par_1_43' title="bbox 425 4215 2006 4300">
     <span class='ocr_line' id='line_1_43' title="bbox 425 4215 2006 4300; baseline 0.004 -16"><span class='ocrx_word' id='word_1_296' title='bbox 425 4244 461 4284; x_wconf 83' lang='grc' dir='ltr'><strong>ο</strong></span> <span class='ocrx_word' id='word_1_297' title='bbox 504 4229 742 4291; x_wconf 87' lang='lat' dir='ltr'><strong>Christe,</strong></span> <span class='ocrx_word' id='word_1_298' title='bbox 780 4231 981 4294; x_wconf 86' lang='lat' dir='ltr'><strong>tribue,</strong></span> <span class='ocrx_word' id='word_1_299' title='bbox 1035 4240 1260 4300; x_wconf 85' lang='lat' dir='ltr'><strong>propter</strong></span> <span class='ocrx_word' id='word_1_300' title='bbox 1295 4246 1460 4300; x_wconf 89' lang='lat' dir='ltr'><strong>quam</strong></span> <span class='ocrx_word' id='word_1_301' title='bbox 1504 4215 1667 4286; x_wconf 85' lang='lat' dir='ltr'><strong>vitam</strong></span> <span class='ocrx_word' id='word_1_302' title='bbox 1713 4232 1900 4290; x_wconf 85' lang='lat' dir='ltr'><strong>laboro</strong></span> <span class='ocrx_word' id='word_1_303' title='bbox 1949 4245 2006 4290; x_wconf 87' lang='lat' dir='ltr'><strong>et</strong></span> 
     </span>
    </p>
   </div>
   <div class='ocr_carea' id='block_1_44' title="bbox 428 4321 2003 4392">
    <p class='ocr_par' dir='ltr' id='par_1_44' title="bbox 428 4321 2003 4392">
     <span class='ocr_line' id='line_1_44' title="bbox 428 4321 2003 4392; baseline 0.004 -17"><span class='ocrx_word' id='word_1_304' title='bbox 428 4322 610 4392; x_wconf 78' lang='lat' dir='ltr'><strong>patior</strong></span> <span class='ocrx_word' id='word_1_305' title='bbox 667 4321 885 4376; x_wconf 81' lang='lat' dir='ltr'><strong>fortiter</strong></span> <span class='ocrx_word' id='word_1_306' title='bbox 933 4331 1132 4377; x_wconf 90' lang='lat' dir='ltr'><strong>cuncta</strong></span> <span class='ocrx_word' id='word_1_307' title='bbox 1187 4321 1370 4377; x_wconf 81' lang='lat' dir='ltr'><strong>ferens</strong></span> <span class='ocrx_word' id='word_1_308' title='bbox 1425 4338 1754 4388; x_wconf 74' lang='lat' dir='ltr'><strong>:eruumosa,</strong></span> <span class='ocrx_word' id='word_1_309' title='bbox 1804 4335 2003 4381; x_wconf 88' lang='lat' dir='ltr'><strong>cuncta</strong></span> 
     </span>
    </p>
   </div>
   <div class='ocr_carea' id='block_1_45' title="bbox 427 4411 2007 4484">
    <p class='ocr_par' dir='ltr' id='par_1_45' title="bbox 427 4411 2007 4484">
     <span class='ocr_line' id='line_1_45' title="bbox 427 4411 2007 4484; baseline 0.004 -18"><span class='ocrx_word' id='word_1_310' title='bbox 427 4413 582 4466; x_wconf 78' lang='lat' dir='ltr'><strong>durze</strong></span> <span class='ocrx_word' id='word_1_311' title='bbox 615 4412 739 4467; x_wconf 56' lang='lat' dir='ltr'><strong>vita!</strong></span> <span class='ocrx_word' id='word_1_312' title='bbox 789 4411 1016 4467; x_wconf 81' lang='lat' dir='ltr'><strong>adversa</strong></span> <span class='ocrx_word' id='word_1_313' title='bbox 1059 4411 1284 4476; x_wconf 83' lang='lat' dir='ltr'><strong>sull‘ero,</strong></span> <span class='ocrx_word' id='word_1_314' title='bbox 1336 4412 1402 4466; x_wconf 88' lang='lat' dir='ltr'><strong>ad</strong></span> <span class='ocrx_word' id='word_1_315' title='bbox 1451 4412 1921 4484; x_wconf 83' lang='lat' dir='ltr'><strong>incorruptibilem</strong></span> <span class='ocrx_word' id='word_1_316' title='bbox 1954 4426 2007 4472; x_wconf 88' lang='lat' dir='ltr'><strong>et</strong></span> 
     </span>
    </p>
   </div>
   <div class='ocr_carea' id='block_1_46' title="bbox 427 4502 2007 4562">
    <p class='ocr_par' dir='ltr' id='par_1_46' title="bbox 427 4502 2007 4562">
     <span class='ocr_line' id='line_1_46' title="bbox 427 4502 2007 4562; baseline 0 0"><span class='ocrx_word' id='word_1_317' title='bbox 427 4505 727 4562; x_wconf 86' lang='lat' dir='ltr'><strong>solutionis</strong></span> <span class='ocrx_word' id='word_1_318' title='bbox 782 4505 1081 4561; x_wconf 87' lang='lat' dir='ltr'><strong>immunem</strong></span> <span class='ocrx_word' id='word_1_319' title='bbox 1144 4503 1398 4560; x_wconf 83' lang='lat' dir='ltr'><strong>tendens.</strong></span> <span class='ocrx_word' id='word_1_320' title='bbox 1460 4502 1676 4559; x_wconf 84' lang='lat' dir='ltr'><strong>Utinam</strong></span> <span class='ocrx_word' id='word_1_321' title='bbox 1755 4506 1887 4560; x_wconf 90' lang='lat' dir='ltr'><strong>mihi</strong></span> <span class='ocrx_word' id='word_1_322' title='bbox 1952 4514 2007 4562; x_wconf 85' lang='lat' dir='ltr'><strong>et</strong></span> 
     </span>
    </p>
   </div>
   <div class='ocr_carea' id='block_1_47' title="bbox 426 4597 2002 4669">
    <p class='ocr_par' dir='ltr' id='par_1_47' title="bbox 426 4597 2002 4669">
     <span class='ocr_line' id='line_1_47' title="bbox 426 4597 2002 4669; baseline 0.001 -17"><span class='ocrx_word' id='word_1_323' title='bbox 426 4600 566 4653; x_wconf 89' lang='lat' dir='ltr'><strong>mori</strong></span> <span class='ocrx_word' id='word_1_324' title='bbox 592 4597 914 4669; x_wconf 81' lang='lat' dir='ltr'><strong>contigisset</strong></span> <span class='ocrx_word' id='word_1_325' title='bbox 947 4611 1070 4650; x_wconf 90' lang='lat' dir='ltr'><strong>cum</strong></span> <span class='ocrx_word' id='word_1_326' title='bbox 1124 4597 1386 4652; x_wconf 80' lang='lat' dir='ltr'><strong>maternis</strong></span> <span class='ocrx_word' id='word_1_327' title='bbox 1425 4597 1728 4653; x_wconf 86' lang='lat' dir='ltr'><strong>visceribus</strong></span> <span class='ocrx_word' id='word_1_328' title='bbox 1763 4598 2002 4667; x_wconf 78' lang='lat' dir='ltr'><strong>ligabar!</strong></span> 
     </span>
    </p>
   </div>
   <div class='ocr_carea' id='block_1_48' title="bbox 427 4689 2007 4767">
    <p class='ocr_par' dir='ltr' id='par_1_48' title="bbox 427 4689 2007 4767">
     <span class='ocr_line' id='line_1_48' title="bbox 427 4689 2007 4767; baseline 0 -23"><span class='ocrx_word' id='word_1_329' title='bbox 427 4689 563 4744; x_wconf 77' lang='lat' dir='ltr'><strong>Nam</strong></span> <span class='ocrx_word' id='word_1_330' title='bbox 613 4691 799 4746; x_wconf 77' lang='lat' dir='ltr'><strong>statim</strong></span> <span class='ocrx_word' id='word_1_331' title='bbox 849 4698 1062 4751; x_wconf 80' lang='lat' dir='ltr'><strong>natum,</strong></span> <span class='ocrx_word' id='word_1_332' title='bbox 1106 4689 1566 4767; x_wconf 80' lang='lat' dir='ltr'><strong>quemadmodum</strong></span> <span class='ocrx_word' id='word_1_333' title='bbox 1644 4690 1882 4744; x_wconf 74' lang='lat' dir='ltr'><strong>tenebrae</strong></span> <span class='ocrx_word' id='word_1_334' title='bbox 1953 4699 2007 4745; x_wconf 92' lang='lat' dir='ltr'><strong>et</strong></span> 
     </span>
    </p>
   </div>
   <div class='ocr_carea' id='block_1_49' title="bbox 428 4780 1578 4849">
    <p class='ocr_par' dir='ltr' id='par_1_49' title="bbox 428 4780 1578 4849">
     <span class='ocr_line' id='line_1_49' title="bbox 428 4780 1578 4849; baseline -0.001 -14"><span class='ocrx_word' id='word_1_335' title='bbox 428 4782 738 4846; x_wconf 84' lang='lat' dir='ltr'><strong>tribulatio,</strong></span> <span class='ocrx_word' id='word_1_336' title='bbox 771 4781 845 4836; x_wconf 91' lang='lat' dir='ltr'><strong>ita</strong></span> <span class='ocrx_word' id='word_1_337' title='bbox 876 4781 1129 4849; x_wconf 59' lang='lat' dir='ltr'><strong>lacryma‘.</strong></span> <span class='ocrx_word' id='word_1_338' title='bbox 1155 4780 1578 4835; x_wconf 83' lang='lat' dir='ltr'><strong>comitabantur.</strong></span> 
     </span>
    </p>
   </div>
   <div class='ocr_carea' id='block_1_50' title="bbox 431 4874 1012 4939">
    <p class='ocr_par' dir='ltr' id='par_1_50' title="bbox 431 4874 1012 4939">
     <span class='ocr_line' id='line_1_50' title="bbox 431 4874 1012 4939; baseline 0.002 -10"><span class='ocrx_word' id='word_1_339' title='bbox 431 4874 535 4929; x_wconf 76' lang='grc'>155</span> <span class='ocrx_word' id='word_1_340' title='bbox 575 4875 705 4939; x_wconf 78' lang='lat' dir='ltr'><strong>Qua:</strong></span> <span class='ocrx_word' id='word_1_341' title='bbox 735 4875 881 4930; x_wconf 77' lang='lat' dir='ltr'><strong>vita?</strong></span> <span class='ocrx_word' id='word_1_342' title='bbox 911 4883 1012 4930; x_wconf 86' lang='lat' dir='ltr'><strong>ctc.</strong></span> 
     </span>
    </p>
   </div>
   <div class='ocr_carea' id='block_1_51' title="bbox 502 4961 2011 5032">
    <p class='ocr_par' dir='ltr' id='par_1_51' title="bbox 502 4961 2011 5032">
     <span class='ocr_line' id='line_1_51' title="bbox 502 4961 2011 5032; baseline 0.001 -16"><span class='ocrx_word' id='word_1_343' title='bbox 502 4962 635 5028; x_wconf 68' lang='lat' dir='ltr'><strong>Quae</strong></span> <span class='ocrx_word' id='word_1_344' title='bbox 665 4965 819 5016; x_wconf 80' lang='lat' dir='ltr'><strong>vita?</strong></span> <span class='ocrx_word' id='word_1_345' title='bbox 844 4965 975 5032; x_wconf 90' lang='lat' dir='ltr'><strong>quid</strong></span> <span class='ocrx_word' id='word_1_346' title='bbox 1015 4965 1070 5017; x_wconf 89' lang='lat' dir='ltr'><strong>in</strong></span> <span class='ocrx_word' id='word_1_347' title='bbox 1112 4963 1254 5032; x_wconf 87' lang='lat' dir='ltr'><strong>ipsa,</strong></span> <span class='ocrx_word' id='word_1_348' title='bbox 1295 4961 1496 5031; x_wconf 82' lang='lat' dir='ltr'><strong>inquit,</strong></span> <span class='ocrx_word' id='word_1_349' title='bbox 1533 4962 1900 5020; x_wconf 81' lang='lat' dir='ltr'><strong>desiderabile</strong></span> <span class='ocrx_word' id='word_1_350' title='bbox 1924 4975 2011 5020; x_wconf 88' lang='lat' dir='ltr'><strong>cst</strong></span> 
     </span>
    </p>
   </div>
   <div class='ocr_carea' id='block_1_52' title="bbox 427 5053 2010 5124">
    <p class='ocr_par' dir='ltr' id='par_1_52' title="bbox 427 5053 2010 5124">
     <span class='ocr_line' id='line_1_52' title="bbox 427 5053 2010 5124; baseline 0.001 -14"><span class='ocrx_word' id='word_1_351' title='bbox 427 5065 485 5110; x_wconf 87' lang='lat' dir='ltr'><strong>et</strong></span> <span class='ocrx_word' id='word_1_352' title='bbox 516 5053 786 5109; x_wconf 74' lang='lat' dir='ltr'><strong>notabile?</strong></span> <span class='ocrx_word' id='word_1_353' title='bbox 835 5053 1025 5110; x_wconf 85' lang='lat' dir='ltr'><strong>Nonne</strong></span> <span class='ocrx_word' id='word_1_354' title='bbox 1065 5056 1222 5124; x_wconf 85' lang='lat' dir='ltr'><strong>quasi</strong></span> <span class='ocrx_word' id='word_1_355' title='bbox 1276 5070 1307 5109; x_wconf 90' lang='lat' dir='ltr'><strong>e</strong></span> <span class='ocrx_word' id='word_1_356' title='bbox 1351 5053 1625 5123; x_wconf 87' lang='lat' dir='ltr'><strong>sepulcro,</strong></span> <span class='ocrx_word' id='word_1_357' title='bbox 1670 5071 1700 5108; x_wconf 92' lang='lat' dir='ltr'><strong>e</strong></span> <span class='ocrx_word' id='word_1_358' title='bbox 1743 5057 2010 5113; x_wconf 88' lang='lat' dir='ltr'><strong>maternis</strong></span> 
     </span>
    </p>
   </div>
   <div class='ocr_carea' id='block_1_53' title="bbox 429 5145 2009 5216">
    <p class='ocr_par' dir='ltr' id='par_1_53' title="bbox 429 5145 2009 5216">
     <span class='ocr_line' id='line_1_53' title="bbox 429 5145 2009 5216; baseline -0.001 -14"><span class='ocrx_word' id='word_1_359' title='bbox 429 5147 740 5204; x_wconf 66' lang='lat' dir='ltr'><strong>visceribus</strong></span> <span class='ocrx_word' id='word_1_360' title='bbox 772 5145 985 5212; x_wconf 76' lang='lat' dir='ltr'><strong>exiens,</strong></span> <span class='ocrx_word' id='word_1_361' title='bbox 1022 5147 1088 5199; x_wconf 83' lang='lat' dir='ltr'><strong>ad</strong></span> <span class='ocrx_word' id='word_1_362' title='bbox 1129 5147 1363 5201; x_wconf 88' lang='lat' dir='ltr'><strong>alterum</strong></span> <span class='ocrx_word' id='word_1_363' title='bbox 1403 5147 1716 5216; x_wconf 88' lang='lat' dir='ltr'><strong>sepulcrum</strong></span> <span class='ocrx_word' id='word_1_364' title='bbox 1751 5147 1910 5214; x_wconf 83' lang='lat' dir='ltr'><strong>vado,</strong></span> <span class='ocrx_word' id='word_1_365' title='bbox 1943 5147 2009 5201; x_wconf 89' lang='lat' dir='ltr'><strong>ad</strong></span> 
     </span>
    </p>
   </div>
   <div class='ocr_carea' id='block_1_54' title="bbox 435 5236 2011 5308">
    <p class='ocr_par' dir='ltr' id='par_1_54' title="bbox 435 5236 2011 5308">
     <span class='ocr_line' id='line_1_54' title="bbox 435 5236 2011 5308; baseline 0.001 -15"><span class='ocrx_word' id='word_1_366' title='bbox 435 5240 702 5294; x_wconf 78' lang='lat' dir='ltr'><strong>mortem?</strong></span> <span class='ocrx_word' id='word_1_367' title='bbox 733 5237 773 5292; x_wconf 77' lang='grc' dir='ltr'>Ε</span> <span class='ocrx_word' id='word_1_368' title='bbox 807 5236 1053 5292; x_wconf 87' lang='lat' dir='ltr'><strong>secundo</strong></span> <span class='ocrx_word' id='word_1_369' title='bbox 1099 5247 1278 5292; x_wconf 88' lang='lat' dir='ltr'><strong>autem</strong></span> <span class='ocrx_word' id='word_1_370' title='bbox 1315 5237 1408 5292; x_wconf 92' lang='lat' dir='ltr'><strong>illo</strong></span> <span class='ocrx_word' id='word_1_371' title='bbox 1440 5252 1622 5293; x_wconf 74' lang='lat' dir='ltr'><strong>nonne</strong></span> <span class='ocrx_word' id='word_1_372' title='bbox 1654 5237 1708 5291; x_wconf 92' lang='lat' dir='ltr'><strong>in</strong></span> <span class='ocrx_word' id='word_1_373' title='bbox 1743 5237 1868 5308; x_wconf 75' lang='lat' dir='ltr'><strong>igne</strong></span> <span class='ocrx_word' id='word_1_374' title='bbox 1910 5239 2011 5294; x_wconf 83' lang='lat' dir='ltr'><strong>itc-</strong></span> 
     </span>
    </p>
   </div>
   <div class='ocr_carea' id='block_1_55' title="bbox 433 5326 2011 5400">
    <p class='ocr_par' dir='ltr' id='par_1_55' title="bbox 433 5326 2011 5400">
     <span class='ocr_line' id='line_1_55' title="bbox 433 5326 2011 5400; baseline 0 -16"><span class='ocrx_word' id='word_1_375' title='bbox 433 5345 556 5385; x_wconf 78' lang='lat' dir='ltr'><strong>rum</strong></span> <span class='ocrx_word' id='word_1_376' title='bbox 615 5329 853 5400; x_wconf 77' lang='lat' dir='ltr'><strong>srpeliar</strong></span> <span class='ocrx_word' id='word_1_377' title='bbox 905 5326 1413 5382; x_wconf 82' lang='lat' dir='ltr'><strong>immisericorditer</strong></span> <span class='ocrx_word' id='word_1_378' title='bbox 1467 5343 1660 5396; x_wconf 67' lang='lat' dir='ltr'><strong>paznas</strong></span> <span class='ocrx_word' id='word_1_379' title='bbox 1715 5327 2011 5398; x_wconf 87' lang='lat' dir='ltr'><strong>impietatis</strong></span> 
     </span>
    </p>
   </div>
   <div class='ocr_carea' id='block_1_56' title="bbox 434 5418 2010 5493">
    <p class='ocr_par' dir='ltr' id='par_1_56' title="bbox 434 5418 2010 5493">
     <span class='ocr_line' id='line_1_56' title="bbox 434 5418 2010 5493; baseline -0.004 -16"><span class='ocrx_word' id='word_1_380' title='bbox 434 5425 724 5493; x_wconf 76' lang='lat' dir='ltr'><strong>przcscntis</strong></span> <span class='ocrx_word' id='word_1_381' title='bbox 749 5421 851 5478; x_wconf 72' lang='lat' dir='ltr'><strong>aevi</strong></span> <span class='ocrx_word' id='word_1_382' title='bbox 886 5419 1160 5476; x_wconf 84' lang='lat' dir='ltr'><strong>daturus?</strong></span> <span class='ocrx_word' id='word_1_383' title='bbox 1189 5418 1252 5472; x_wconf 87' lang='lat' dir='ltr'><strong>Et</strong></span> <span class='ocrx_word' id='word_1_384' title='bbox 1291 5427 1554 5486; x_wconf 86' lang='lat' dir='ltr'><strong>quantum</strong></span> <span class='ocrx_word' id='word_1_385' title='bbox 1596 5420 1779 5472; x_wconf 83' lang='lat' dir='ltr'><strong>vivere</strong></span> <span class='ocrx_word' id='word_1_386' title='bbox 1823 5420 1876 5472; x_wconf 91' lang='lat' dir='ltr'><strong>in</strong></span> <span class='ocrx_word' id='word_1_387' title='bbox 1918 5434 2010 5470; x_wconf 86' lang='lat' dir='ltr'><strong>vo-</strong></span> 
     </span>
    </p>
   </div>
   <div class='ocr_carea' id='block_1_57' title="bbox 436 5510 2009 5586">
    <p class='ocr_par' dir='ltr' id='par_1_57' title="bbox 436 5510 2009 5586">
     <span class='ocr_line' id='line_1_57' title="bbox 436 5510 2009 5586; baseline -0.002 -17"><span class='ocrx_word' id='word_1_388' title='bbox 436 5515 645 5584; x_wconf 72' lang='lat' dir='ltr'><strong>luptate</strong></span> <span class='ocrx_word' id='word_1_389' title='bbox 679 5516 812 5569; x_wconf 83' lang='lat' dir='ltr'><strong>mihi</strong></span> <span class='ocrx_word' id='word_1_390' title='bbox 848 5515 1048 5586; x_wconf 82' lang='lat' dir='ltr'><strong>placet,</strong></span> <span class='ocrx_word' id='word_1_391' title='bbox 1082 5519 1292 5565; x_wconf 90' lang='lat' dir='ltr'><strong>tantnnt</strong></span> <span class='ocrx_word' id='word_1_392' title='bbox 1329 5510 1438 5565; x_wconf 80' lang='lat' dir='ltr'><strong>i!lic</strong></span> <span class='ocrx_word' id='word_1_393' title='bbox 1476 5512 1580 5565; x_wconf 77' lang='lat' dir='ltr'><strong>hui</strong></span> <span class='ocrx_word' id='word_1_394' title='bbox 1626 5527 1732 5564; x_wconf 90' lang='lat' dir='ltr'><strong>non</strong></span> <span class='ocrx_word' id='word_1_395' title='bbox 1770 5510 2009 5566; x_wconf 88' lang='lat' dir='ltr'><strong>lluminis</strong></span> 
     </span>
    </p>
   </div>
   <div class='ocr_carea' id='block_1_58' title="bbox 437 5595 2007 5676">
    <p class='ocr_par' dir='ltr' id='par_1_58' title="bbox 437 5595 2007 5676">
     <span class='ocr_line' id='line_1_58' title="bbox 437 5595 2007 5676; baseline -0.001 -18"><span class='ocrx_word' id='word_1_396' title='bbox 437 5613 683 5660; x_wconf 81' lang='lat' dir='ltr'><strong>torrente</strong></span> <span class='ocrx_word' id='word_1_397' title='bbox 697 5623 860 5675; x_wconf 85' lang='lat' dir='ltr'><strong>quam</strong></span> <span class='ocrx_word' id='word_1_398' title='bbox 883 5595 1230 5674; x_wconf 79' lang='lat' dir='ltr'><strong>rapidissime</strong></span> <span class='ocrx_word' id='word_1_399' title='bbox 1263 5604 1522 5676; x_wconf 74' lang='lat' dir='ltr'><strong>fugientis</strong></span> <span class='ocrx_word' id='word_1_400' title='bbox 1541 5604 1764 5658; x_wconf 84' lang='lat' dir='ltr'><strong>omnino</strong></span> <span class='ocrx_word' id='word_1_401' title='bbox 1793 5618 2007 5674; x_wconf 74' lang='lat' dir='ltr'><strong>teqnum</strong></span> 
     </span>
    </p>
   </div>
   <div class='ocr_carea' id='block_1_59' title="bbox 509 5715 1106 5788">
    <p class='ocr_par' dir='ltr' id='par_1_59' title="bbox 509 5715 1106 5788">
     <span class='ocr_line' id='line_1_59' title="bbox 509 5715 1106 5788; baseline 0.002 -20"><span class='ocrx_word' id='word_1_402' title='bbox 509 5715 618 5780; x_wconf 63' lang='lat'><strong>(‘32)</strong></span> <span class='ocrx_word' id='word_1_403' title='bbox 658 5715 790 5772; x_wconf 79' lang='lat' dir='ltr'><strong>Cntl.</strong></span> <span class='ocrx_word' id='word_1_404' title='bbox 828 5717 1033 5788; x_wconf 71' lang='grc' dir='ltr'>ὀπώρα.</span> <span class='ocrx_word' id='word_1_405' title='bbox 1097 5763 1106 5769; x_wconf 85' lang='grc'><strong><em>.</em></strong></span> 
     </span>
    </p>
   </div>
   <div class='ocr_carea' id='block_1_60' title="bbox 1766 282 2331 341">
    <p class='ocr_par' dir='ltr' id='par_1_60' title="bbox 1766 282 2331 341">
     <span class='ocr_line' id='line_1_60' title="bbox 1766 282 2331 341; baseline 0.005 -5"><span class='ocrx_word' id='word_1_406' title='bbox 1766 282 2060 340; x_wconf 80' lang='lat' dir='ltr'><strong>NICETAS</strong></span> <span class='ocrx_word' id='word_1_407' title='bbox 2120 283 2331 341; x_wconf 75' lang='lat' dir='ltr'><strong>DAVID</strong></span> 
     </span>
    </p>
   </div>
   <div class='ocr_carea' id='block_1_61' title="bbox 3565 281 3676 339">
    <p class='ocr_par' dir='ltr' id='par_1_61' title="bbox 3565 281 3676 339">
     <span class='ocr_line' id='line_1_61' title="bbox 3565 281 3676 339; baseline -0.018 0"><span class='ocrx_word' id='word_1_408' title='bbox 3565 281 3676 339; x_wconf 75' lang='lat'><strong>756</strong></span> 
     </span>
    </p>
   </div>
   <div class='ocr_carea' id='block_1_62' title="bbox 2101 395 3678 474">
    <p class='ocr_par' dir='ltr' id='par_1_62' title="bbox 2101 395 3678 474">
     <span class='ocr_line' id='line_1_62' title="bbox 2101 395 3678 474; baseline -0.003 -20"><span class='ocrx_word' id='word_1_409' title='bbox 2101 401 2324 471; x_wconf 82' lang='grc' dir='ltr'><strong>θρόνους</strong></span> <span class='ocrx_word' id='word_1_410' title='bbox 2354 400 2449 456; x_wconf 75' lang='grc' dir='ltr'>καὶ</span> <span class='ocrx_word' id='word_1_411' title='bbox 2484 401 2546 456; x_wconf 80' lang='grc' dir='ltr'>τὸ</span> <span class='ocrx_word' id='word_1_412' title='bbox 2581 401 2879 474; x_wconf 82' lang='grc' dir='ltr'>ἀπόθρονον</span> <span class='ocrx_word' id='word_1_413' title='bbox 2910 395 3085 473; x_wconf 76' lang='grc' dir='ltr'>εὖχος,</span> <span class='ocrx_word' id='word_1_414' title='bbox 3115 401 3232 471; x_wconf 69' lang='grc' dir='ltr'>ἤτοι</span> <span class='ocrx_word' id='word_1_415' title='bbox 3260 400 3321 453; x_wconf 78' lang='grc' dir='ltr'><strong>τὺ</strong></span> <span class='ocrx_word' id='word_1_416' title='bbox 3350 399 3442 452; x_wconf 76' lang='grc' dir='ltr'><strong>ἐπὶ</strong></span> <span class='ocrx_word' id='word_1_417' title='bbox 3477 400 3544 470; x_wconf 81' lang='grc' dir='ltr'>τῇ</span> <span class='ocrx_word' id='word_1_418' title='bbox 3577 400 3678 452; x_wconf 72' lang='grc' dir='ltr'><strong>αὑ⁴</strong></span> 
     </span>
    </p>
   </div>
   <div class='ocr_carea' id='block_1_63' title="bbox 2098 492 3681 565">
    <p class='ocr_par' dir='ltr' id='par_1_63' title="bbox 2098 492 3681 565">
     <span class='ocr_line' id='line_1_63' title="bbox 2098 492 3681 565; baseline -0.003 -19"><span class='ocrx_word' id='word_1_419' title='bbox 2098 493 2207 546; x_wconf 83' lang='grc' dir='ltr'><strong>τῶν</strong></span> <span class='ocrx_word' id='word_1_420' title='bbox 2229 494 2558 564; x_wconf 83' lang='grc' dir='ltr'><strong>παραιτήσει</strong></span> <span class='ocrx_word' id='word_1_421' title='bbox 2592 493 2852 565; x_wconf 88' lang='grc' dir='ltr'>καύχημα</span> <span class='ocrx_word' id='word_1_422' title='bbox 2875 494 2970 547; x_wconf 64' lang='grc' dir='ltr'><strong>καὶ</strong></span> <span class='ocrx_word' id='word_1_423' title='bbox 2997 493 3177 556; x_wconf 82' lang='grc' dir='ltr'><strong>κλέος,</strong></span> <span class='ocrx_word' id='word_1_424' title='bbox 3209 492 3411 560; x_wconf 85' lang='grc' dir='ltr'>ὁμοίως</span> <span class='ocrx_word' id='word_1_425' title='bbox 3436 492 3528 543; x_wconf 72' lang='lat' dir='ltr'><strong>xui.</strong></span> <span class='ocrx_word' id='word_1_426' title='bbox 3550 493 3681 552; x_wconf 79' lang='grc' dir='ltr'>τοὺς</span> 
     </span>
    </p>
   </div>
   <div class='ocr_carea' id='block_1_64' title="bbox 2099 580 3681 655">
    <p class='ocr_par' dir='ltr' id='par_1_64' title="bbox 2099 580 3681 655">
     <span class='ocr_line' id='line_1_64' title="bbox 2099 580 3681 655; baseline -0.004 -17"><span class='ocrx_word' id='word_1_427' title='bbox 2099 586 2269 654; x_wconf 78' lang='grc' dir='ltr'>ἐγγὺς</span> <span class='ocrx_word' id='word_1_428' title='bbox 2308 585 2448 640; x_wconf 81' lang='grc' dir='ltr'>κατὰ</span> <span class='ocrx_word' id='word_1_429' title='bbox 2473 585 2628 655; x_wconf 83' lang='grc' dir='ltr'>γένος</span> <span class='ocrx_word' id='word_1_430' title='bbox 2676 587 2771 640; x_wconf 71' lang='grc' dir='ltr'>καὶ</span> <span class='ocrx_word' id='word_1_431' title='bbox 2792 585 3116 654; x_wconf 69' lang='grc' dir='ltr'>ἀλλο-τενεῖς,</span> <span class='ocrx_word' id='word_1_432' title='bbox 3135 584 3231 637; x_wconf 76' lang='grc' dir='ltr'><strong>καὶ</strong></span> <span class='ocrx_word' id='word_1_433' title='bbox 3262 582 3389 645; x_wconf 80' lang='grc' dir='ltr'>τοὺς</span> <span class='ocrx_word' id='word_1_434' title='bbox 3435 580 3681 642; x_wconf 76' lang='grc' dir='ltr'>εύσεϐεῖς</span> 
     </span>
    </p>
   </div>
   <div class='ocr_carea' id='block_1_65' title="bbox 2100 664 3682 750">
    <p class='ocr_par' dir='ltr' id='par_1_65' title="bbox 2100 664 3682 750">
     <span class='ocr_line' id='line_1_65' title="bbox 2100 664 3682 750; baseline -0.006 -17"><span class='ocrx_word' id='word_1_435' title='bbox 2100 695 2174 750; x_wconf 81' lang='grc' dir='ltr'><strong>φη</strong></span> <span class='ocrx_word' id='word_1_436' title='bbox 2185 678 2508 750; x_wconf 71' lang='grc' dir='ltr'>μιζομένους</span> <span class='ocrx_word' id='word_1_437' title='bbox 2535 679 2629 732; x_wconf 70' lang='grc' dir='ltr'>καὶ</span> <span class='ocrx_word' id='word_1_438' title='bbox 2660 678 2900 744; x_wconf 83' lang='grc' dir='ltr'>ἀσεϐεῖς,</span> <span class='ocrx_word' id='word_1_439' title='bbox 2923 676 3048 738; x_wconf 83' lang='grc' dir='ltr'>τούς</span> <span class='ocrx_word' id='word_1_440' title='bbox 3071 693 3129 728; x_wconf 81' lang='grc' dir='ltr'>τε</span> <span class='ocrx_word' id='word_1_441' title='bbox 3154 664 3360 738; x_wconf 78' lang='grc' dir='ltr'>ἁπλοῦς</span> <span class='ocrx_word' id='word_1_442' title='bbox 3375 675 3470 727; x_wconf 69' lang='grc' dir='ltr'>καὶ</span> <span class='ocrx_word' id='word_1_443' title='bbox 3500 673 3682 735; x_wconf 78' lang='grc' dir='ltr'>εὐθεῖς</span> 
     </span>
    </p>
   </div>
   <div class='ocr_carea' id='block_1_66' title="bbox 2100 752 3682 840">
    <p class='ocr_par' dir='ltr' id='par_1_66' title="bbox 2100 752 3682 840">
     <span class='ocr_line' id='line_1_66' title="bbox 2100 752 3682 840; baseline -0.006 -17"><span class='ocrx_word' id='word_1_444' title='bbox 2100 771 2192 823; x_wconf 75' lang='grc' dir='ltr'><strong>τὸν</strong></span> <span class='ocrx_word' id='word_1_445' title='bbox 2226 770 2355 824; x_wconf 86' lang='grc' dir='ltr'>νοῦν</span> <span class='ocrx_word' id='word_1_446' title='bbox 2396 771 2492 824; x_wconf 74' lang='grc' dir='ltr'>καὶ</span> <span class='ocrx_word' id='word_1_447' title='bbox 2521 752 2792 840; x_wconf 72' lang='grc' dir='ltr'>φανεροὺς</span> <span class='ocrx_word' id='word_1_448' title='bbox 2815 809 2830 833; x_wconf 90' lang='grc'><strong>,</strong></span> <span class='ocrx_word' id='word_1_449' title='bbox 2851 768 2977 832; x_wconf 86' lang='grc' dir='ltr'>τούς</span> <span class='ocrx_word' id='word_1_450' title='bbox 2997 784 3055 820; x_wconf 87' lang='grc' dir='ltr'>τε</span> <span class='ocrx_word' id='word_1_451' title='bbox 3077 766 3353 838; x_wconf 77' lang='grc' dir='ltr'><strong>κρυπτοὺς</strong></span> <span class='ocrx_word' id='word_1_452' title='bbox 3375 765 3470 818; x_wconf 77' lang='grc' dir='ltr'>καὶ</span> <span class='ocrx_word' id='word_1_453' title='bbox 3490 763 3682 825; x_wconf 82' lang='grc' dir='ltr'>δολίως</span> 
     </span>
    </p>
   </div>
   <div class='ocr_carea' id='block_1_67' title="bbox 2100 852 3681 932">
    <p class='ocr_par' dir='ltr' id='par_1_67' title="bbox 2100 852 3681 932">
     <span class='ocr_line' id='line_1_67' title="bbox 2100 852 3681 932; baseline -0.005 -16"><span class='ocrx_word' id='word_1_454' title='bbox 2100 861 2561 932; x_wconf 80' lang='grc' dir='ltr'><strong>κακουργοῦντας·</strong></span> <span class='ocrx_word' id='word_1_455' title='bbox 2587 862 2804 916; x_wconf 77' lang='grc' dir='ltr'>πάντων</span> <span class='ocrx_word' id='word_1_456' title='bbox 2827 860 3124 931; x_wconf 83' lang='grc' dir='ltr'>ὑπέρτερος</span> <span class='ocrx_word' id='word_1_457' title='bbox 3146 856 3373 926; x_wconf 70' lang='grc' dir='ltr'>εὔχομαι</span> <span class='ocrx_word' id='word_1_458' title='bbox 3398 852 3681 923; x_wconf 77' lang='grc' dir='ltr'>γενέσθαι,</span> 
     </span>
    </p>
   </div>
   <div class='ocr_carea' id='block_1_68' title="bbox 2101 949 3683 1024">
    <p class='ocr_par' dir='ltr' id='par_1_68' title="bbox 2101 949 3683 1024">
     <span class='ocr_line' id='line_1_68' title="bbox 2101 949 3683 1024; baseline -0.008 -15"><span class='ocrx_word' id='word_1_459' title='bbox 2101 955 2211 1010; x_wconf 85' lang='grc' dir='ltr'>τῶν</span> <span class='ocrx_word' id='word_1_460' title='bbox 2256 958 2304 1009; x_wconf 81' lang='grc' dir='ltr'>τ’</span> <span class='ocrx_word' id='word_1_461' title='bbox 2337 955 2650 1009; x_wconf 82' lang='grc' dir='ltr'>ἀϐάσκανον</span> <span class='ocrx_word' id='word_1_462' title='bbox 2677 953 2832 1024; x_wconf 80' lang='grc' dir='ltr'>ὗμμα</span> <span class='ocrx_word' id='word_1_463' title='bbox 2881 952 2976 1006; x_wconf 78' lang='grc' dir='ltr'>καὶ</span> <span class='ocrx_word' id='word_1_464' title='bbox 3001 949 3243 1012; x_wconf 79' lang='grc' dir='ltr'>ἐπιεικὲς</span> <span class='ocrx_word' id='word_1_465' title='bbox 3300 949 3431 1019; x_wconf 77' lang='grc' dir='ltr'>ἡμῖν</span> <span class='ocrx_word' id='word_1_466' title='bbox 3460 949 3683 1016; x_wconf 76' lang='grc' dir='ltr'>ἐπερει-</span> 
     </span>
    </p>
   </div>
   <div class='ocr_carea' id='block_1_69' title="bbox 2097 1037 3682 1116">
    <p class='ocr_par' dir='ltr' id='par_1_69' title="bbox 2097 1037 3682 1116">
     <span class='ocr_line' id='line_1_69' title="bbox 2097 1037 3682 1116; baseline -0.008 -15"><span class='ocrx_word' id='word_1_467' title='bbox 2097 1048 2320 1110; x_wconf 85' lang='grc' dir='ltr'>δόντων,</span> <span class='ocrx_word' id='word_1_468' title='bbox 2357 1047 2466 1099; x_wconf 81' lang='grc' dir='ltr'>τῶν</span> <span class='ocrx_word' id='word_1_469' title='bbox 2511 1063 2570 1100; x_wconf 87' lang='grc' dir='ltr'><strong>τε</strong></span> <span class='ocrx_word' id='word_1_470' title='bbox 2620 1045 2859 1116; x_wconf 78' lang='grc' dir='ltr'>φθονερᾷ</span> <span class='ocrx_word' id='word_1_471' title='bbox 2911 1044 3003 1097; x_wconf 72' lang='grc' dir='ltr'>καὶ</span> <span class='ocrx_word' id='word_1_472' title='bbox 3054 1041 3332 1111; x_wconf 83' lang='grc' dir='ltr'>αύτοφόνῳ</span> <span class='ocrx_word' id='word_1_473' title='bbox 3374 1037 3543 1108; x_wconf 84' lang='grc' dir='ltr'>κακίᾳ</span> <span class='ocrx_word' id='word_1_474' title='bbox 3581 1038 3682 1090; x_wconf 78' lang='grc' dir='ltr'><strong>ὲκ-</strong></span> 
     </span>
    </p>
   </div>
   <div class='ocr_carea' id='block_1_70' title="bbox 2098 1131 3271 1209">
    <p class='ocr_par' dir='ltr' id='par_1_70' title="bbox 2098 1131 3271 1209">
     <span class='ocr_line' id='line_1_70' title="bbox 2098 1131 3271 1209; baseline -0.008 -17"><span class='ocrx_word' id='word_1_475' title='bbox 2098 1137 2416 1209; x_wconf 85' lang='grc' dir='ltr'>τηκομένων</span> <span class='ocrx_word' id='word_1_476' title='bbox 2439 1136 2585 1190; x_wconf 76' lang='grc' dir='ltr'>ἔνδον</span> <span class='ocrx_word' id='word_1_477' title='bbox 2612 1138 2678 1208; x_wconf 79' lang='grc' dir='ltr'>τῇ</span> <span class='ocrx_word' id='word_1_478' title='bbox 2707 1134 2913 1206; x_wconf 74' lang='grc' dir='ltr'>διανοίᾳ</span> <span class='ocrx_word' id='word_1_479' title='bbox 2939 1133 3058 1187; x_wconf 85' lang='grc' dir='ltr'>καθ’</span> <span class='ocrx_word' id='word_1_480' title='bbox 3089 1131 3271 1203; x_wconf 76' lang='grc' dir='ltr'>ἡμῶν.</span> 
     </span>
    </p>
   </div>
   <div class='ocr_carea' id='block_1_71' title="bbox 2104 1307 3061 1379">
    <p class='ocr_par' dir='ltr' id='par_1_71' title="bbox 2104 1307 3061 1379">
     <span class='ocr_line' id='line_1_71' title="bbox 2104 1307 3061 1379; baseline -0.004 -14"><span class='ocrx_word' id='word_1_481' title='bbox 2104 1312 2342 1379; x_wconf 69' lang='grc' dir='ltr'>Ἄλλως</span> <span class='ocrx_word' id='word_1_482' title='bbox 2371 1311 2596 1379; x_wconf 77' lang='grc' dir='ltr'>τερπνὰ</span> <span class='ocrx_word' id='word_1_483' title='bbox 2615 1309 2798 1374; x_wconf 78' lang='grc' dir='ltr'>βίοιο,</span> <span class='ocrx_word' id='word_1_484' title='bbox 2827 1326 2882 1363; x_wconf 89' lang='grc' dir='ltr'>κ.</span> <span class='ocrx_word' id='word_1_485' title='bbox 2906 1325 2956 1362; x_wconf 88' lang='grc' dir='ltr'>τ.</span> <span class='ocrx_word' id='word_1_486' title='bbox 2982 1307 3061 1374; x_wconf 77' lang='grc' dir='ltr'><strong>ἐξ.</strong></span> 
     </span>
    </p>
   </div>
   <div class='ocr_carea' id='block_1_72' title="bbox 2176 1389 3687 1472">
    <p class='ocr_par' dir='ltr' id='par_1_72' title="bbox 2176 1389 3687 1472">
     <span class='ocr_line' id='line_1_72' title="bbox 2176 1389 3687 1472; baseline -0.006 -15"><span class='ocrx_word' id='word_1_487' title='bbox 2176 1405 2392 1467; x_wconf 82' lang='grc' dir='ltr'>Ἀλλοις</span> <span class='ocrx_word' id='word_1_488' title='bbox 2419 1403 2559 1456; x_wconf 78' lang='grc' dir='ltr'>ἔστω</span> <span class='ocrx_word' id='word_1_489' title='bbox 2603 1402 2670 1456; x_wconf 80' lang='grc' dir='ltr'>τὰ</span> <span class='ocrx_word' id='word_1_490' title='bbox 2715 1401 2909 1472; x_wconf 76' lang='grc' dir='ltr'>ἣδιστα</span> <span class='ocrx_word' id='word_1_491' title='bbox 2953 1398 3049 1452; x_wconf 87' lang='grc' dir='ltr'><strong>τοῦ</strong></span> <span class='ocrx_word' id='word_1_492' title='bbox 3086 1398 3294 1468; x_wconf 83' lang='grc' dir='ltr'>κόσμου</span> <span class='ocrx_word' id='word_1_493' title='bbox 3336 1398 3457 1460; x_wconf 81' lang='grc' dir='ltr'>τοῖς</span> <span class='ocrx_word' id='word_1_494' title='bbox 3483 1389 3687 1449; x_wconf 74' lang='grc' dir='ltr'>πολλοῦ</span> 
     </span>
    </p>
   </div>
   <div class='ocr_carea' id='block_1_73' title="bbox 2098 1486 3684 1567">
    <p class='ocr_par' dir='ltr' id='par_1_73' title="bbox 2098 1486 3684 1567">
     <span class='ocr_line' id='line_1_73' title="bbox 2098 1486 3684 1567; baseline -0.006 -19"><span class='ocrx_word' id='word_1_495' title='bbox 2098 1495 2431 1567; x_wconf 84' lang='grc' dir='ltr'>τιμωμένοις</span> <span class='ocrx_word' id='word_1_496' title='bbox 2476 1493 2577 1564; x_wconf 79' lang='grc' dir='ltr'>τῆς</span> <span class='ocrx_word' id='word_1_497' title='bbox 2611 1492 2812 1564; x_wconf 71' lang='grc' dir='ltr'>σαρκὸς</span> <span class='ocrx_word' id='word_1_498' title='bbox 2852 1490 2950 1562; x_wconf 71' lang='grc' dir='ltr'>τὴν</span> <span class='ocrx_word' id='word_1_499' title='bbox 2979 1489 3174 1561; x_wconf 71' lang='grc' dir='ltr'>ἡδονὴν</span> <span class='ocrx_word' id='word_1_500' title='bbox 3193 1528 3208 1551; x_wconf 90' lang='grc'><strong>,</strong></span> <span class='ocrx_word' id='word_1_501' title='bbox 3252 1487 3364 1557; x_wconf 77' lang='grc' dir='ltr'><strong>ἐγὼ</strong></span> <span class='ocrx_word' id='word_1_502' title='bbox 3392 1489 3449 1541; x_wconf 69' lang='grc' dir='ltr'>δὲ</span> <span class='ocrx_word' id='word_1_503' title='bbox 3475 1486 3684 1558; x_wconf 85' lang='grc' dir='ltr'>ταύτην</span> 
     </span>
    </p>
   </div>
   <div class='ocr_carea' id='block_1_74' title="bbox 2101 1577 3682 1662">
    <p class='ocr_par' dir='ltr' id='par_1_74' title="bbox 2101 1577 3682 1662">
     <span class='ocr_line' id='line_1_74' title="bbox 2101 1577 3682 1662; baseline -0.008 -19"><span class='ocrx_word' id='word_1_504' title='bbox 2101 1588 2398 1662; x_wconf 76' lang='grc' dir='ltr'><strong>προθύμως</strong></span> <span class='ocrx_word' id='word_1_505' title='bbox 2421 1586 2497 1650; x_wconf 82' lang='grc' dir='ltr'>ὡς</span> <span class='ocrx_word' id='word_1_506' title='bbox 2529 1585 2726 1657; x_wconf 74' lang='grc' dir='ltr'>δεσμὸν</span> <span class='ocrx_word' id='word_1_507' title='bbox 2749 1583 3128 1654; x_wconf 83' lang='grc' dir='ltr'>ἀποφεύξομαι</span> <span class='ocrx_word' id='word_1_508' title='bbox 3161 1581 3360 1652; x_wconf 68' lang='grc' dir='ltr'>ψυχῆς.</span> <span class='ocrx_word' id='word_1_509' title='bbox 3392 1578 3554 1651; x_wconf 78' lang='grc' dir='ltr'>Οίμοι</span> <span class='ocrx_word' id='word_1_510' title='bbox 3580 1577 3682 1632; x_wconf 78' lang='grc' dir='ltr'><strong>τοῦ</strong></span> 
     </span>
    </p>
   </div>
   <div class='ocr_carea' id='block_1_75' title="bbox 2103 1671 3681 1751">
    <p class='ocr_par' dir='ltr' id='par_1_75' title="bbox 2103 1671 3681 1751">
     <span class='ocr_line' id='line_1_75' title="bbox 2103 1671 3681 1751; baseline -0.004 -20"><span class='ocrx_word' id='word_1_511' title='bbox 2103 1677 2316 1751; x_wconf 86' lang='grc' dir='ltr'>μακροῦ</span> <span class='ocrx_word' id='word_1_512' title='bbox 2341 1677 2484 1747; x_wconf 70' lang='grc' dir='ltr'>βίουί</span> <span class='ocrx_word' id='word_1_513' title='bbox 2522 1679 2746 1748; x_wconf 81' lang='grc' dir='ltr'>μακροῖς</span> <span class='ocrx_word' id='word_1_514' title='bbox 2768 1676 2954 1743; x_wconf 76' lang='grc' dir='ltr'>ἄλγεσι</span> <span class='ocrx_word' id='word_1_515' title='bbox 2978 1672 3306 1744; x_wconf 72' lang='grc' dir='ltr'>πονούμενος</span> <span class='ocrx_word' id='word_1_516' title='bbox 3333 1672 3495 1743; x_wconf 82' lang='grc' dir='ltr'>μέχρι</span> <span class='ocrx_word' id='word_1_517' title='bbox 3513 1671 3681 1734; x_wconf 83' lang='grc' dir='ltr'>τίνος.</span> 
     </span>
    </p>
   </div>
   <div class='ocr_carea' id='block_1_76' title="bbox 2100 1765 3684 1843">
    <p class='ocr_par' dir='ltr' id='par_1_76' title="bbox 2100 1765 3684 1843">
     <span class='ocr_line' id='line_1_76' title="bbox 2100 1765 3684 1843; baseline -0.006 -18"><span class='ocrx_word' id='word_1_518' title='bbox 2100 1772 2258 1843; x_wconf 73' lang='grc' dir='ltr'>φησὶ,</span> <span class='ocrx_word' id='word_1_519' title='bbox 2289 1773 2401 1835; x_wconf 83' lang='grc' dir='ltr'>τοῖς</span> <span class='ocrx_word' id='word_1_520' title='bbox 2423 1787 2481 1824; x_wconf 85' lang='grc' dir='ltr'><strong>τε</strong></span> <span class='ocrx_word' id='word_1_521' title='bbox 2514 1769 2764 1842; x_wconf 84' lang='grc' dir='ltr'>βρώμασι</span> <span class='ocrx_word' id='word_1_522' title='bbox 2791 1769 2894 1839; x_wconf 75' lang='grc' dir='ltr'>τῆς</span> <span class='ocrx_word' id='word_1_523' title='bbox 2919 1767 3154 1838; x_wconf 80' lang='grc' dir='ltr'>γαστρὸς</span> <span class='ocrx_word' id='word_1_524' title='bbox 3186 1767 3280 1821; x_wconf 76' lang='grc' dir='ltr'><strong>καὶ</strong></span> <span class='ocrx_word' id='word_1_525' title='bbox 3308 1768 3428 1829; x_wconf 79' lang='grc' dir='ltr'>ταῖς</span> <span class='ocrx_word' id='word_1_526' title='bbox 3454 1765 3684 1835; x_wconf 86' lang='grc' dir='ltr'>κόπροις</span> 
     </span>
    </p>
   </div>
   <div class='ocr_carea' id='block_1_77' title="bbox 2100 1857 3691 1937">
    <p class='ocr_par' dir='ltr' id='par_1_77' title="bbox 2100 1857 3691 1937">
     <span class='ocr_line' id='line_1_77' title="bbox 2100 1857 3691 1937; baseline -0.006 -20"><span class='ocrx_word' id='word_1_527' title='bbox 2100 1865 2590 1937; x_wconf 80' lang='grc' dir='ltr'>ὲμφιλοχωρήσω;</span> <span class='ocrx_word' id='word_1_528' title='bbox 2653 1861 2814 1934; x_wconf 82' lang='grc' dir='ltr'>μέχρι</span> <span class='ocrx_word' id='word_1_529' title='bbox 2869 1860 3012 1925; x_wconf 86' lang='grc' dir='ltr'>τίνος</span> <span class='ocrx_word' id='word_1_530' title='bbox 3071 1859 3293 1931; x_wconf 79' lang='grc' dir='ltr'>δέξομαι</span> <span class='ocrx_word' id='word_1_531' title='bbox 3363 1859 3456 1912; x_wconf 75' lang='grc' dir='ltr'>καὶ</span> <span class='ocrx_word' id='word_1_532' title='bbox 3506 1857 3691 1928; x_wconf 74' lang='grc' dir='ltr'><strong>ἀπορ⁴</strong></span> 
     </span>
    </p>
   </div>
   <div class='ocr_carea' id='block_1_78' title="bbox 2103 1947 3690 2031">
    <p class='ocr_par' dir='ltr' id='par_1_78' title="bbox 2103 1947 3690 2031">
     <span class='ocr_line' id='line_1_78' title="bbox 2103 1947 3690 2031; baseline -0.007 -20"><span class='ocrx_word' id='word_1_533' title='bbox 2103 1957 2365 2031; x_wconf 61' lang='grc' dir='ltr'>ῥίψομαις</span> <span class='ocrx_word' id='word_1_534' title='bbox 2418 1956 2529 2011; x_wconf 69' lang='grc' dir='ltr'><strong>Καὶ</strong></span> <span class='ocrx_word' id='word_1_535' title='bbox 2567 1955 2676 2026; x_wconf 78' lang='grc' dir='ltr'>γὰρ</span> <span class='ocrx_word' id='word_1_536' title='bbox 2713 1955 2774 2008; x_wconf 76' lang='grc' dir='ltr'><strong>τὸ</strong></span> <span class='ocrx_word' id='word_1_537' title='bbox 2814 1953 3002 2008; x_wconf 81' lang='grc' dir='ltr'>δοκοῦν</span> <span class='ocrx_word' id='word_1_538' title='bbox 3029 1953 3174 2006; x_wconf 74' lang='grc' dir='ltr'>ἅπαν</span> <span class='ocrx_word' id='word_1_539' title='bbox 3202 1955 3267 2022; x_wconf 82' lang='grc' dir='ltr'><strong>τῇ</strong></span> <span class='ocrx_word' id='word_1_540' title='bbox 3302 1949 3414 2020; x_wconf 76' lang='grc' dir='ltr'><strong>ζωῇ</strong></span> <span class='ocrx_word' id='word_1_541' title='bbox 3443 1947 3551 2002; x_wconf 84' lang='grc' dir='ltr'><strong>τῶν</strong></span> <span class='ocrx_word' id='word_1_542' title='bbox 3585 1950 3690 2001; x_wconf 82' lang='grc' dir='ltr'>ἀν-</span> 
     </span>
    </p>
   </div>
   <div class='ocr_carea' id='block_1_79' title="bbox 2102 2039 3694 2121">
    <p class='ocr_par' dir='ltr' id='par_1_79' title="bbox 2102 2039 3694 2121">
     <span class='ocr_line' id='line_1_79' title="bbox 2102 2039 3694 2121; baseline -0.008 -18"><span class='ocrx_word' id='word_1_543' title='bbox 2102 2049 2131 2103; x_wconf 92' lang='grc' dir='ltr'><strong>θ</strong></span> <span class='ocrx_word' id='word_1_544' title='bbox 2140 2047 2334 2121; x_wconf 88' lang='grc' dir='ltr'>ρώπων</span> <span class='ocrx_word' id='word_1_545' title='bbox 2363 2045 2631 2117; x_wconf 80' lang='grc' dir='ltr'>ὑπάρχειν</span> <span class='ocrx_word' id='word_1_546' title='bbox 2653 2044 2854 2114; x_wconf 76' lang='grc' dir='ltr'>ἀγαθὸν</span> <span class='ocrx_word' id='word_1_547' title='bbox 2880 2044 3133 2114; x_wconf 86' lang='grc' dir='ltr'>δίστομος</span> <span class='ocrx_word' id='word_1_548' title='bbox 3161 2041 3317 2113; x_wconf 81' lang='grc' dir='ltr'>χάρις</span> <span class='ocrx_word' id='word_1_549' title='bbox 3341 2040 3477 2103; x_wconf 74' lang='grc' dir='ltr'>ἐστὶ,</span> <span class='ocrx_word' id='word_1_550' title='bbox 3499 2039 3694 2093; x_wconf 84' lang='grc' dir='ltr'>λαϐεῖν</span> 
     </span>
    </p>
   </div>
   <div class='ocr_carea' id='block_1_80' title="bbox 2101 2125 3694 2210">
    <p class='ocr_par' dir='ltr' id='par_1_80' title="bbox 2101 2125 3694 2210">
     <span class='ocr_line' id='line_1_80' title="bbox 2101 2125 3694 2210; baseline -0.007 -17"><span class='ocrx_word' id='word_1_551' title='bbox 2101 2137 2338 2210; x_wconf 85' lang='grc' dir='ltr'>πρῶτον,</span> <span class='ocrx_word' id='word_1_552' title='bbox 2398 2134 2518 2190; x_wconf 69' lang='grc' dir='ltr'>εἶτα</span> <span class='ocrx_word' id='word_1_553' title='bbox 2567 2135 2745 2206; x_wconf 73' lang='grc' dir='ltr'>ῥίψαι,</span> <span class='ocrx_word' id='word_1_554' title='bbox 2803 2133 3154 2206; x_wconf 79' lang='grc' dir='ltr'>πληρωθῆναι</span> <span class='ocrx_word' id='word_1_555' title='bbox 3217 2131 3469 2204; x_wconf 83' lang='grc' dir='ltr'>βρώσεως</span> <span class='ocrx_word' id='word_1_556' title='bbox 3493 2171 3509 2195; x_wconf 91' lang='grc'><strong>,</strong></span> <span class='ocrx_word' id='word_1_557' title='bbox 3563 2125 3694 2183; x_wconf 81' lang='grc' dir='ltr'>εἶτα</span> 
     </span>
    </p>
   </div>
   <div class='ocr_carea' id='block_1_81' title="bbox 2101 2221 3694 2301">
    <p class='ocr_par' dir='ltr' id='par_1_81' title="bbox 2101 2221 3694 2301">
     <span class='ocr_line' id='line_1_81' title="bbox 2101 2221 3694 2301; baseline -0.006 -17"><span class='ocrx_word' id='word_1_558' title='bbox 2101 2230 2446 2301; x_wconf 76' lang='grc' dir='ltr'>κενωθῆναι,</span> <span class='ocrx_word' id='word_1_559' title='bbox 2507 2227 2697 2297; x_wconf 84' lang='grc' dir='ltr'>ὥσπερ</span> <span class='ocrx_word' id='word_1_560' title='bbox 2771 2226 2867 2280; x_wconf 77' lang='grc' dir='ltr'>καὶ</span> <span class='ocrx_word' id='word_1_561' title='bbox 2925 2224 2994 2278; x_wconf 77' lang='grc' dir='ltr'><strong>τὰ</strong></span> <span class='ocrx_word' id='word_1_562' title='bbox 3045 2226 3244 2295; x_wconf 86' lang='grc' dir='ltr'>ταμεία</span> <span class='ocrx_word' id='word_1_563' title='bbox 3287 2221 3396 2275; x_wconf 81' lang='grc' dir='ltr'><strong>τῶν</strong></span> <span class='ocrx_word' id='word_1_564' title='bbox 3457 2221 3694 2292; x_wconf 77' lang='grc' dir='ltr'>καρπῶν</span> 
     </span>
    </p>
   </div>
   <div class='ocr_carea' id='block_1_82' title="bbox 2103 2315 3692 2393">
    <p class='ocr_par' dir='ltr' id='par_1_82' title="bbox 2103 2315 3692 2393">
     <span class='ocr_line' id='line_1_82' title="bbox 2103 2315 3692 2393; baseline -0.006 -18"><span class='ocrx_word' id='word_1_565' title='bbox 2103 2320 2346 2393; x_wconf 78' lang='grc' dir='ltr'>πληροῦν</span> <span class='ocrx_word' id='word_1_566' title='bbox 2382 2319 2477 2373; x_wconf 73' lang='grc' dir='ltr'>καὶ</span> <span class='ocrx_word' id='word_1_567' title='bbox 2506 2317 2696 2372; x_wconf 85' lang='grc' dir='ltr'>κενοῦν</span> <span class='ocrx_word' id='word_1_568' title='bbox 2729 2316 2976 2388; x_wconf 87' lang='grc' dir='ltr'>δίστομός</span> <span class='ocrx_word' id='word_1_569' title='bbox 3006 2317 3121 2370; x_wconf 77' lang='grc' dir='ltr'>ἐστι</span> <span class='ocrx_word' id='word_1_570' title='bbox 3146 2315 3326 2387; x_wconf 79' lang='grc' dir='ltr'>χάρις,</span> <span class='ocrx_word' id='word_1_571' title='bbox 3355 2315 3570 2385; x_wconf 74' lang='grc' dir='ltr'>ἡμέραν</span> <span class='ocrx_word' id='word_1_572' title='bbox 3597 2315 3692 2382; x_wconf 63' lang='grc' dir='ltr'><strong>ἐφ’</strong></span> 
     </span>
    </p>
   </div>
   <div class='ocr_carea' id='block_1_83' title="bbox 2104 2406 3677 2485">
    <p class='ocr_par' dir='ltr' id='par_1_83' title="bbox 2104 2406 3677 2485">
     <span class='ocr_line' id='line_1_83' title="bbox 2104 2406 3677 2485; baseline -0.004 -18"><span class='ocrx_word' id='word_1_573' title='bbox 2104 2413 2318 2485; x_wconf 72' lang='grc' dir='ltr'>ἡμέρας</span> <span class='ocrx_word' id='word_1_574' title='bbox 2354 2413 2410 2465; x_wconf 76' lang='grc' dir='ltr'>ὲν</span> <span class='ocrx_word' id='word_1_575' title='bbox 2467 2411 2651 2482; x_wconf 83' lang='grc' dir='ltr'>μέτρῳ</span> <span class='ocrx_word' id='word_1_576' title='bbox 2697 2409 3144 2478; x_wconf 84' lang='grc' dir='ltr'>ὕπαλλαττομένη</span> <span class='ocrx_word' id='word_1_577' title='bbox 3197 2409 3290 2461; x_wconf 81' lang='grc' dir='ltr'>καὶ</span> <span class='ocrx_word' id='word_1_578' title='bbox 3328 2406 3677 2461; x_wconf 70' lang='grc' dir='ltr'>ύπαπιοῦσαι</span> 
     </span>
    </p>
   </div>
   <div class='ocr_carea' id='block_1_84' title="bbox 2102 2495 3690 2574">
    <p class='ocr_par' dir='ltr' id='par_1_84' title="bbox 2102 2495 3690 2574">
     <span class='ocr_line' id='line_1_84' title="bbox 2102 2495 3690 2574; baseline -0.007 -16"><span class='ocrx_word' id='word_1_579' title='bbox 2102 2504 2288 2570; x_wconf 74' lang='grc' dir='ltr'>Μικρά</span> <span class='ocrx_word' id='word_1_580' title='bbox 2310 2502 2432 2574; x_wconf 81' lang='grc' dir='ltr'>μὲν,</span> <span class='ocrx_word' id='word_1_581' title='bbox 2463 2503 2648 2572; x_wconf 77' lang='grc' dir='ltr'>φησὶν,</span> <span class='ocrx_word' id='word_1_582' title='bbox 2681 2501 2757 2564; x_wconf 82' lang='grc' dir='ltr'><strong>ὡς</strong></span> <span class='ocrx_word' id='word_1_583' title='bbox 2793 2502 2851 2554; x_wconf 84' lang='grc' dir='ltr'>ὲν</span> <span class='ocrx_word' id='word_1_584' title='bbox 2883 2499 3100 2570; x_wconf 78' lang='grc' dir='ltr'>παρόδῳ</span> <span class='ocrx_word' id='word_1_585' title='bbox 3131 2498 3383 2568; x_wconf 68' lang='grc' dir='ltr'>τερφθεὶς</span> <span class='ocrx_word' id='word_1_586' title='bbox 3411 2500 3440 2551; x_wconf 88' lang='grc' dir='ltr'><strong>ό</strong></span> <span class='ocrx_word' id='word_1_587' title='bbox 3469 2495 3690 2566; x_wconf 73' lang='grc' dir='ltr'>λαιμὸς,</span> 
     </span>
    </p>
   </div>
   <div class='ocr_carea' id='block_1_85' title="bbox 2103 2585 3690 2666">
    <p class='ocr_par' dir='ltr' id='par_1_85' title="bbox 2103 2585 3690 2666">
     <span class='ocr_line' id='line_1_85' title="bbox 2103 2585 3690 2666; baseline -0.004 -20"><span class='ocrx_word' id='word_1_588' title='bbox 2103 2594 2180 2658; x_wconf 86' lang='grc' dir='ltr'>ὡς</span> <span class='ocrx_word' id='word_1_589' title='bbox 2221 2594 2278 2646; x_wconf 81' lang='grc' dir='ltr'>ἐν</span> <span class='ocrx_word' id='word_1_590' title='bbox 2321 2593 2511 2666; x_wconf 80' lang='grc' dir='ltr'>ἀμάρᾳ</span> <span class='ocrx_word' id='word_1_591' title='bbox 2543 2593 2637 2646; x_wconf 77' lang='grc' dir='ltr'>καὶ</span> <span class='ocrx_word' id='word_1_592' title='bbox 2673 2592 2876 2662; x_wconf 84' lang='grc' dir='ltr'>ἀγωγῷ</span> <span class='ocrx_word' id='word_1_593' title='bbox 2918 2595 2984 2662; x_wconf 82' lang='grc' dir='ltr'><strong>τῇ</strong></span> <span class='ocrx_word' id='word_1_594' title='bbox 3029 2591 3225 2662; x_wconf 70' lang='grc' dir='ltr'>γαστρὶ</span> <span class='ocrx_word' id='word_1_595' title='bbox 3257 2590 3434 2643; x_wconf 76' lang='grc' dir='ltr'>πάντα</span> <span class='ocrx_word' id='word_1_596' title='bbox 3467 2590 3565 2642; x_wconf 77' lang='grc' dir='ltr'>καὶ</span> <span class='ocrx_word' id='word_1_597' title='bbox 3607 2585 3690 2657; x_wconf 84' lang='grc' dir='ltr'>τῷ</span> 
     </span>
    </p>
   </div>
   <div class='ocr_carea' id='block_1_86' title="bbox 2101 2680 3691 2757">
    <p class='ocr_par' dir='ltr' id='par_1_86' title="bbox 2101 2680 3691 2757">
     <span class='ocr_line' id='line_1_86' title="bbox 2101 2680 3691 2757; baseline -0.003 -18"><span class='ocrx_word' id='word_1_598' title='bbox 2101 2685 2374 2757; x_wconf 80' lang='grc' dir='ltr'>ἀφεδρῶνι</span> <span class='ocrx_word' id='word_1_599' title='bbox 2414 2683 2802 2756; x_wconf 80' lang='grc' dir='ltr'>παραπέμπει’</span> <span class='ocrx_word' id='word_1_600' title='bbox 2849 2682 3040 2736; x_wconf 84' lang='grc' dir='ltr'>σκόπει</span> <span class='ocrx_word' id='word_1_601' title='bbox 3083 2682 3140 2736; x_wconf 80' lang='grc' dir='ltr'>δὲ</span> <span class='ocrx_word' id='word_1_602' title='bbox 3171 2681 3308 2752; x_wconf 64' lang='grc' dir='ltr'>πρὸς</span> <span class='ocrx_word' id='word_1_603' title='bbox 3336 2680 3548 2744; x_wconf 88' lang='grc' dir='ltr'>τούτοις</span> <span class='ocrx_word' id='word_1_604' title='bbox 3593 2683 3691 2736; x_wconf 68' lang='grc' dir='ltr'>καὶ</span> 
     </span>
    </p>
   </div>
   <div class='ocr_carea' id='block_1_87' title="bbox 2104 2772 3691 2848">
    <p class='ocr_par' dir='ltr' id='par_1_87' title="bbox 2104 2772 3691 2848">
     <span class='ocr_line' id='line_1_87' title="bbox 2104 2772 3691 2848; baseline -0.004 -15"><span class='ocrx_word' id='word_1_605' title='bbox 2104 2778 2164 2832; x_wconf 85' lang='grc' dir='ltr'><strong>τὺ</strong></span> <span class='ocrx_word' id='word_1_606' title='bbox 2193 2779 2302 2832; x_wconf 88' lang='grc' dir='ltr'>τῶν</span> <span class='ocrx_word' id='word_1_607' title='bbox 2330 2777 2608 2848; x_wconf 87' lang='grc' dir='ltr'>στοιχείων</span> <span class='ocrx_word' id='word_1_608' title='bbox 2639 2776 2733 2829; x_wconf 72' lang='grc' dir='ltr'><strong>καὶ</strong></span> <span class='ocrx_word' id='word_1_609' title='bbox 2761 2775 2869 2828; x_wconf 84' lang='grc' dir='ltr'><strong>τῶν</strong></span> <span class='ocrx_word' id='word_1_610' title='bbox 2897 2774 3101 2846; x_wconf 82' lang='grc' dir='ltr'>καιρῶν</span> <span class='ocrx_word' id='word_1_611' title='bbox 3131 2772 3419 2828; x_wconf 70' lang='grc' dir='ltr'>ἀλλοιωτὸν</span> <span class='ocrx_word' id='word_1_612' title='bbox 3449 2773 3542 2827; x_wconf 69' lang='grc' dir='ltr'><strong>καὶ</strong></span> <span class='ocrx_word' id='word_1_613' title='bbox 3561 2790 3691 2844; x_wconf 62' lang='grc' dir='ltr'>τρες</span> 
     </span>
    </p>
   </div>
   <div class='ocr_carea' id='block_1_88' title="bbox 2105 2861 3687 2940">
    <p class='ocr_par' dir='ltr' id='par_1_88' title="bbox 2105 2861 3687 2940">
     <span class='ocr_line' id='line_1_88' title="bbox 2105 2861 3687 2940; baseline -0.003 -17"><span class='ocrx_word' id='word_1_614' title='bbox 2105 2871 2268 2923; x_wconf 76' lang='grc' dir='ltr'>πτόνο</span> <span class='ocrx_word' id='word_1_615' title='bbox 2301 2866 2508 2940; x_wconf 86' lang='grc' dir='ltr'>χειμὼν</span> <span class='ocrx_word' id='word_1_616' title='bbox 2547 2867 2646 2938; x_wconf 81' lang='grc' dir='ltr'>μὲν</span> <span class='ocrx_word' id='word_1_617' title='bbox 2684 2863 3008 2937; x_wconf 74' lang='grc' dir='ltr'>καταψύχει,</span> <span class='ocrx_word' id='word_1_618' title='bbox 3062 2865 3218 2938; x_wconf 82' lang='grc' dir='ltr'>θέρος</span> <span class='ocrx_word' id='word_1_619' title='bbox 3271 2864 3330 2918; x_wconf 81' lang='grc' dir='ltr'>δὲ</span> <span class='ocrx_word' id='word_1_620' title='bbox 3363 2861 3518 2928; x_wconf 78' lang='grc' dir='ltr'>αὖθις</span> <span class='ocrx_word' id='word_1_621' title='bbox 3551 2866 3687 2919; x_wconf 84' lang='grc' dir='ltr'>ἀνα·</span> 
     </span>
    </p>
   </div>
   <div class='ocr_carea' id='block_1_89' title="bbox 2051 2955 3687 3030">
    <p class='ocr_par' dir='ltr' id='par_1_89' title="bbox 2051 2955 3687 3030">
     <span class='ocr_line' id='line_1_89' title="bbox 2051 2955 3687 3030; baseline -0.002 -19"><span class='ocrx_word' id='word_1_622' title='bbox 2051 3019 2056 3024; x_wconf 42' lang='grc'><strong>,</strong></span> <span class='ocrx_word' id='word_1_623' title='bbox 2106 2960 2330 3029; x_wconf 81' lang='grc' dir='ltr'>φλέγει,</span> <span class='ocrx_word' id='word_1_624' title='bbox 2374 2959 2474 3030; x_wconf 79' lang='grc' dir='ltr'>ἔαρ</span> <span class='ocrx_word' id='word_1_625' title='bbox 2512 2959 2610 3029; x_wconf 80' lang='grc' dir='ltr'>μὲν</span> <span class='ocrx_word' id='word_1_626' title='bbox 2657 2959 2875 3029; x_wconf 85' lang='grc' dir='ltr'>ἀμείϐει</span> <span class='ocrx_word' id='word_1_627' title='bbox 2916 2958 3007 3010; x_wconf 73' lang='grc' dir='ltr'><strong>τὸν</strong></span> <span class='ocrx_word' id='word_1_628' title='bbox 3041 2958 3305 3028; x_wconf 82' lang='grc' dir='ltr'>χειμῶνα,</span> <span class='ocrx_word' id='word_1_629' title='bbox 3335 2955 3526 3028; x_wconf 85' lang='grc' dir='ltr'>ὀπώρα</span> <span class='ocrx_word' id='word_1_630' title='bbox 3573 2955 3687 3024; x_wconf 68' lang='lat'><strong>(62)</strong></span> 
     </span>
    </p>
   </div>
   <div class='ocr_carea' id='block_1_90' title="bbox 2105 3049 3687 3121">
    <p class='ocr_par' dir='ltr' id='par_1_90' title="bbox 2105 3049 3687 3121">
     <span class='ocr_line' id='line_1_90' title="bbox 2105 3049 3687 3121; baseline 0.001 -19"><span class='ocrx_word' id='word_1_631' title='bbox 2105 3050 2163 3102; x_wconf 87' lang='grc' dir='ltr'>δὲ</span> <span class='ocrx_word' id='word_1_632' title='bbox 2189 3050 2250 3103; x_wconf 74' lang='grc' dir='ltr'>τὸ</span> <span class='ocrx_word' id='word_1_633' title='bbox 2281 3051 2459 3120; x_wconf 80' lang='grc' dir='ltr'>θέρος,</span> <span class='ocrx_word' id='word_1_634' title='bbox 2488 3049 2678 3120; x_wconf 86' lang='grc' dir='ltr'>ὥσπερ</span> <span class='ocrx_word' id='word_1_635' title='bbox 2705 3049 2806 3114; x_wconf 77' lang='grc' dir='ltr'><strong>τὰς</strong></span> <span class='ocrx_word' id='word_1_636' title='bbox 2832 3049 3043 3121; x_wconf 78' lang='grc' dir='ltr'>ἡμέρας</span> <span class='ocrx_word' id='word_1_637' title='bbox 3094 3051 3192 3121; x_wconf 84' lang='grc' dir='ltr'>μὲν</span> <span class='ocrx_word' id='word_1_638' title='bbox 3236 3051 3295 3104; x_wconf 82' lang='grc' dir='ltr'>αἱ</span> <span class='ocrx_word' id='word_1_639' title='bbox 3340 3050 3551 3114; x_wconf 87' lang='grc' dir='ltr'>νύκτες,</span> <span class='ocrx_word' id='word_1_640' title='bbox 3587 3051 3687 3114; x_wconf 82' lang='grc' dir='ltr'><strong>τάς</strong></span> 
     </span>
    </p>
   </div>
   <div class='ocr_carea' id='block_1_91' title="bbox 2105 3135 3687 3213">
    <p class='ocr_par' dir='ltr' id='par_1_91' title="bbox 2105 3135 3687 3213">
     <span class='ocr_line' id='line_1_91' title="bbox 2105 3135 3687 3213; baseline -0.001 -19"><span class='ocrx_word' id='word_1_641' title='bbox 2105 3141 2305 3204; x_wconf 88' lang='grc' dir='ltr'>νύκτας</span> <span class='ocrx_word' id='word_1_642' title='bbox 2328 3141 2383 3193; x_wconf 84' lang='grc' dir='ltr'>δὲ</span> <span class='ocrx_word' id='word_1_643' title='bbox 2415 3135 2480 3193; x_wconf 85' lang='grc' dir='ltr'><strong>αῦ</strong></span> <span class='ocrx_word' id='word_1_644' title='bbox 2509 3141 2564 3194; x_wconf 81' lang='grc' dir='ltr'>αἱ</span> <span class='ocrx_word' id='word_1_645' title='bbox 2599 3139 2826 3212; x_wconf 81' lang='grc' dir='ltr'>ἡμέραι,</span> <span class='ocrx_word' id='word_1_646' title='bbox 2859 3141 2930 3195; x_wconf 73' lang='grc' dir='ltr'><strong>τὰ</strong></span> <span class='ocrx_word' id='word_1_647' title='bbox 2955 3141 3114 3195; x_wconf 74' lang='grc' dir='ltr'>δισσὰ</span> <span class='ocrx_word' id='word_1_648' title='bbox 3143 3141 3236 3194; x_wconf 88' lang='grc' dir='ltr'><strong>τοῦ</strong></span> <span class='ocrx_word' id='word_1_649' title='bbox 3265 3141 3532 3213; x_wconf 81' lang='grc' dir='ltr'>παρόντος</span> <span class='ocrx_word' id='word_1_650' title='bbox 3568 3141 3687 3210; x_wconf 87' lang='grc' dir='ltr'>βίου</span> 
     </span>
    </p>
   </div>
   <div class='ocr_carea' id='block_1_92' title="bbox 2107 3231 3685 3302">
    <p class='ocr_par' dir='ltr' id='par_1_92' title="bbox 2107 3231 3685 3302">
     <span class='ocr_line' id='line_1_92' title="bbox 2107 3231 3685 3302; baseline -0.002 -16"><span class='ocrx_word' id='word_1_651' title='bbox 2107 3234 2367 3302; x_wconf 78' lang='grc' dir='ltr'>φάσματα</span> <span class='ocrx_word' id='word_1_652' title='bbox 2412 3232 2752 3302; x_wconf 85' lang='grc' dir='ltr'>διαμείϐουσι</span> <span class='ocrx_word' id='word_1_653' title='bbox 2801 3234 2895 3286; x_wconf 78' lang='grc' dir='ltr'>καὶ</span> <span class='ocrx_word' id='word_1_654' title='bbox 2941 3233 3356 3287; x_wconf 83' lang='grc' dir='ltr'>ὑπαλλάττουσι.</span> <span class='ocrx_word' id='word_1_655' title='bbox 3408 3232 3474 3284; x_wconf 82' lang='grc' dir='ltr'>Τί</span> <span class='ocrx_word' id='word_1_656' title='bbox 3512 3231 3685 3284; x_wconf 76' lang='grc' dir='ltr'>ταῦτα</span> 
     </span>
    </p>
   </div>
   <div class='ocr_carea' id='block_1_93' title="bbox 2107 3320 3680 3394">
    <p class='ocr_par' dir='ltr' id='par_1_93' title="bbox 2107 3320 3680 3394">
     <span class='ocr_line' id='line_1_93' title="bbox 2107 3320 3680 3394; baseline -0.01 -8"><span class='ocrx_word' id='word_1_657' title='bbox 2107 3338 2284 3392; x_wconf 77' lang='grc' dir='ltr'>φημις</span> <span class='ocrx_word' id='word_1_658' title='bbox 2336 3322 2576 3394; x_wconf 79' lang='grc' dir='ltr'>Οὐρανὸς</span> <span class='ocrx_word' id='word_1_659' title='bbox 2621 3323 2650 3374; x_wconf 78' lang='grc' dir='ltr'>ὁ</span> <span class='ocrx_word' id='word_1_660' title='bbox 2697 3323 2896 3388; x_wconf 72' lang='grc' dir='ltr'>αὐτὸς,</span> <span class='ocrx_word' id='word_1_661' title='bbox 2933 3325 3025 3394; x_wconf 83' lang='grc' dir='ltr'>γῆ,</span> <span class='ocrx_word' id='word_1_662' title='bbox 3063 3325 3321 3386; x_wconf 80' lang='grc' dir='ltr'>θάλασσα,</span> <span class='ocrx_word' id='word_1_663' title='bbox 3372 3322 3465 3375; x_wconf 72' lang='grc' dir='ltr'><strong>καὶ</strong></span> <span class='ocrx_word' id='word_1_664' title='bbox 3525 3320 3680 3374; x_wconf 75' lang='grc' dir='ltr'>οὐδὲν</span> 
     </span>
    </p>
   </div>
   <div class='ocr_carea' id='block_1_94' title="bbox 2069 3412 3685 3486">
    <p class='ocr_par' dir='ltr' id='par_1_94' title="bbox 2069 3412 3685 3486">
     <span class='ocr_line' id='line_1_94' title="bbox 2069 3412 3685 3486; baseline -0.001 -21"><span class='ocrx_word' id='word_1_665' title='bbox 2069 3458 2081 3465; x_wconf 64' lang='grc'>,</span> <span class='ocrx_word' id='word_1_666' title='bbox 2108 3414 2371 3486; x_wconf 88' lang='grc' dir='ltr'>νεώτερον</span> <span class='ocrx_word' id='word_1_667' title='bbox 2432 3415 2527 3468; x_wconf 66' lang='grc' dir='ltr'><strong>καὶ</strong></span> <span class='ocrx_word' id='word_1_668' title='bbox 2574 3415 2728 3468; x_wconf 82' lang='grc' dir='ltr'>οὐδὲν</span> <span class='ocrx_word' id='word_1_669' title='bbox 2777 3415 2964 3469; x_wconf 77' lang='grc' dir='ltr'>καινὸν</span> <span class='ocrx_word' id='word_1_670' title='bbox 3017 3414 3229 3486; x_wconf 79' lang='grc' dir='ltr'>ἔμοιγε,</span> <span class='ocrx_word' id='word_1_671' title='bbox 3267 3413 3426 3484; x_wconf 71' lang='grc' dir='ltr'>φησὶν</span> <span class='ocrx_word' id='word_1_672' title='bbox 3472 3413 3502 3464; x_wconf 82' lang='grc' dir='ltr'>ὁ</span> <span class='ocrx_word' id='word_1_673' title='bbox 3557 3412 3685 3465; x_wconf 79' lang='grc' dir='ltr'><strong>Ἐκ-</strong></span> 
     </span>
    </p>
   </div>
   <div class='ocr_carea' id='block_1_95' title="bbox 2106 3505 3691 3577">
    <p class='ocr_par' dir='ltr' id='par_1_95' title="bbox 2106 3505 3691 3577">
     <span class='ocr_line' id='line_1_95' title="bbox 2106 3505 3691 3577; baseline -0.002 -16"><span class='ocrx_word' id='word_1_674' title='bbox 2106 3505 2572 3577; x_wconf 77' lang='grc' dir='ltr'>κλησιαστὴς,ὑπὸ</span> <span class='ocrx_word' id='word_1_675' title='bbox 2595 3506 2685 3560; x_wconf 81' lang='grc' dir='ltr'>τὸν</span> <span class='ocrx_word' id='word_1_676' title='bbox 2713 3505 2884 3577; x_wconf 74' lang='grc' dir='ltr'>ἥλιον,</span> <span class='ocrx_word' id='word_1_677' title='bbox 2918 3505 3030 3560; x_wconf 78' lang='grc' dir='ltr'>οὔθ’</span> <span class='ocrx_word' id='word_1_678' title='bbox 3064 3507 3164 3560; x_wconf 82' lang='grc' dir='ltr'>ὅσα</span> <span class='ocrx_word' id='word_1_679' title='bbox 3198 3506 3376 3576; x_wconf 80' lang='grc' dir='ltr'>πηκτὰ</span> <span class='ocrx_word' id='word_1_680' title='bbox 3409 3505 3565 3558; x_wconf 83' lang='grc' dir='ltr'>πέλει</span> <span class='ocrx_word' id='word_1_681' title='bbox 3593 3505 3691 3559; x_wconf 72' lang='grc' dir='ltr'>καὶ</span> 
     </span>
    </p>
   </div>
   <div class='ocr_carea' id='block_1_96' title="bbox 2111 3595 3690 3670">
    <p class='ocr_par' dir='ltr' id='par_1_96' title="bbox 2111 3595 3690 3670">
     <span class='ocr_line' id='line_1_96' title="bbox 2111 3595 3690 3670; baseline -0.003 -18"><span class='ocrx_word' id='word_1_682' title='bbox 2111 3599 2342 3670; x_wconf 87' lang='grc' dir='ltr'>βέϐηκεν</span> <span class='ocrx_word' id='word_1_683' title='bbox 2368 3596 2600 3667; x_wconf 82' lang='grc' dir='ltr'>ἀκίνητα</span> <span class='ocrx_word' id='word_1_684' title='bbox 2627 3597 2817 3668; x_wconf 87' lang='grc' dir='ltr'>ὥσπερ</span> <span class='ocrx_word' id='word_1_685' title='bbox 2846 3597 2917 3667; x_wconf 84' lang='grc' dir='ltr'>γῆ</span> <span class='ocrx_word' id='word_1_686' title='bbox 2952 3599 3046 3651; x_wconf 74' lang='grc' dir='ltr'>καὶ</span> <span class='ocrx_word' id='word_1_687' title='bbox 3073 3598 3144 3650; x_wconf 80' lang='grc' dir='ltr'><strong>τὰ</strong></span> <span class='ocrx_word' id='word_1_688' title='bbox 3184 3598 3313 3668; x_wconf 77' lang='grc' dir='ltr'>περὶ</span> <span class='ocrx_word' id='word_1_689' title='bbox 3344 3597 3539 3670; x_wconf 74' lang='grc' dir='ltr'>αὐτὴν,</span> <span class='ocrx_word' id='word_1_690' title='bbox 3575 3595 3690 3649; x_wconf 71' lang='grc' dir='ltr'>οὗθ’</span> 
     </span>
    </p>
   </div>
   <div class='ocr_carea' id='block_1_97' title="bbox 2107 3682 3694 3766">
    <p class='ocr_par' dir='ltr' id='par_1_97' title="bbox 2107 3682 3694 3766">
     <span class='ocr_line' id='line_1_97' title="bbox 2107 3682 3694 3766; baseline -0.003 -20"><span class='ocrx_word' id='word_1_691' title='bbox 2107 3693 2206 3746; x_wconf 79' lang='grc' dir='ltr'>ὅσα</span> <span class='ocrx_word' id='word_1_692' title='bbox 2248 3691 2656 3762; x_wconf 81' lang='grc' dir='ltr'>περιτρέπεται,</span> <span class='ocrx_word' id='word_1_693' title='bbox 2708 3689 2898 3762; x_wconf 87' lang='grc' dir='ltr'>ὥσπερ</span> <span class='ocrx_word' id='word_1_694' title='bbox 2943 3689 3169 3760; x_wconf 77' lang='grc' dir='ltr'>οὐρανὸς</span> <span class='ocrx_word' id='word_1_695' title='bbox 3206 3689 3304 3766; x_wconf 67' lang='grc' dir='ltr'>καὶ</span> <span class='ocrx_word' id='word_1_696' title='bbox 3329 3688 3400 3742; x_wconf 85' lang='grc' dir='ltr'><strong>τά</strong></span> <span class='ocrx_word' id='word_1_697' title='bbox 3447 3690 3505 3742; x_wconf 80' lang='grc' dir='ltr'>ἐν</span> <span class='ocrx_word' id='word_1_698' title='bbox 3543 3682 3694 3756; x_wconf 81' lang='grc' dir='ltr'><strong>αῦτῷ</strong></span> 
     </span>
    </p>
   </div>
   <div class='ocr_carea' id='block_1_98' title="bbox 2107 3779 3248 3851">
    <p class='ocr_par' dir='ltr' id='par_1_98' title="bbox 2107 3779 3248 3851">
     <span class='ocr_line' id='line_1_98' title="bbox 2107 3779 3248 3851; baseline -0.004 -15"><span class='ocrx_word' id='word_1_699' title='bbox 2107 3781 2348 3846; x_wconf 86' lang='grc' dir='ltr'>ἀεννάως</span> <span class='ocrx_word' id='word_1_700' title='bbox 2381 3780 2474 3834; x_wconf 65' lang='grc' dir='ltr'>καὶ</span> <span class='ocrx_word' id='word_1_701' title='bbox 2504 3779 2780 3844; x_wconf 79' lang='grc' dir='ltr'>κυκλικῶς</span> <span class='ocrx_word' id='word_1_702' title='bbox 2814 3779 3248 3851; x_wconf 85' lang='grc' dir='ltr'>περιδινούμενα.</span> 
     </span>
    </p>
   </div>
   <div class='ocr_carea' id='block_1_99' title="bbox 2111 3865 3656 3940">
    <p class='ocr_par' dir='ltr' id='par_1_99' title="bbox 2111 3865 3656 3940">
     <span class='ocr_line' id='line_1_99' title="bbox 2111 3865 3656 3940; baseline -0.005 -12"><span class='ocrx_word' id='word_1_703' title='bbox 2111 3873 2181 3928; x_wconf 75' lang='grc' dir='ltr'>ιο</span> <span class='ocrx_word' id='word_1_704' title='bbox 2211 3871 2334 3926; x_wconf 81' lang='grc' dir='ltr'><strong>Τῶν</strong></span> <span class='ocrx_word' id='word_1_705' title='bbox 2359 3872 2536 3937; x_wconf 81' lang='grc' dir='ltr'>κόρος</span> <span class='ocrx_word' id='word_1_706' title='bbox 2575 3870 2688 3940; x_wconf 81' lang='grc'><strong>(65)</strong></span> <span class='ocrx_word' id='word_1_707' title='bbox 2722 3888 2736 3901; x_wconf 88' lang='grc'><strong>·</strong></span> <span class='ocrx_word' id='word_1_708' title='bbox 2780 3871 2976 3924; x_wconf 66' lang='grc' dir='ltr'><em>ἄλλον</em></span> <span class='ocrx_word' id='word_1_709' title='bbox 3007 3871 3205 3940; x_wconf 73' lang='grc' dir='ltr'>ἔμοιγε</span> <span class='ocrx_word' id='word_1_710' title='bbox 3235 3869 3402 3933; x_wconf 70' lang='grc' dir='ltr'>βίον,</span> <span class='ocrx_word' id='word_1_711' title='bbox 3439 3886 3493 3922; x_wconf 88' lang='grc' dir='ltr'>κ.</span> <span class='ocrx_word' id='word_1_712' title='bbox 3521 3887 3574 3921; x_wconf 90' lang='grc' dir='ltr'>τ.</span> <span class='ocrx_word' id='word_1_713' title='bbox 3605 3865 3656 3921; x_wconf 89' lang='grc' dir='ltr'>λ.</span> 
     </span>
    </p>
   </div>
   <div class='ocr_carea' id='block_1_100' title="bbox 2181 3959 3690 4032">
    <p class='ocr_par' dir='ltr' id='par_1_100' title="bbox 2181 3959 3690 4032">
     <span class='ocr_line' id='line_1_100' title="bbox 2181 3959 3690 4032; baseline -0.003 -17"><span class='ocrx_word' id='word_1_714' title='bbox 2181 3962 2420 4022; x_wconf 82' lang='grc' dir='ltr'>Τούτων,</span> <span class='ocrx_word' id='word_1_715' title='bbox 2455 3961 2640 4030; x_wconf 74' lang='grc' dir='ltr'>φησὶν,</span> <span class='ocrx_word' id='word_1_716' title='bbox 2681 3961 2802 4025; x_wconf 75' lang='grc' dir='ltr'>ἅλις</span> <span class='ocrx_word' id='word_1_717' title='bbox 2827 3961 3012 4032; x_wconf 73' lang='grc' dir='ltr'>ἔμοιγε</span> <span class='ocrx_word' id='word_1_718' title='bbox 3060 3960 3166 4014; x_wconf 82' lang='grc' dir='ltr'>τῶν</span> <span class='ocrx_word' id='word_1_719' title='bbox 3188 3959 3564 4030; x_wconf 80' lang='grc' dir='ltr'>ἀπολαύσεων,</span> <span class='ocrx_word' id='word_1_720' title='bbox 3602 3975 3690 4011; x_wconf 85' lang='grc' dir='ltr'>κε-</span> 
     </span>
    </p>
   </div>
   <div class='ocr_carea' id='block_1_101' title="bbox 2109 4049 3694 4124">
    <p class='ocr_par' dir='ltr' id='par_1_101' title="bbox 2109 4049 3694 4124">
     <span class='ocr_line' id='line_1_101' title="bbox 2109 4049 3694 4124; baseline -0.004 -16"><span class='ocrx_word' id='word_1_721' title='bbox 2109 4054 2378 4124; x_wconf 84' lang='grc' dir='ltr'>κόρεσμαι</span> <span class='ocrx_word' id='word_1_722' title='bbox 2398 4052 2505 4106; x_wconf 83' lang='grc' dir='ltr'><strong>τῶν</strong></span> <span class='ocrx_word' id='word_1_723' title='bbox 2531 4052 2880 4124; x_wconf 83' lang='grc' dir='ltr'>τερπομένων</span> <span class='ocrx_word' id='word_1_724' title='bbox 2902 4055 2999 4122; x_wconf 75' lang='grc' dir='ltr'>τῆς</span> <span class='ocrx_word' id='word_1_725' title='bbox 3023 4049 3262 4122; x_wconf 71' lang='grc' dir='ltr'>ὁράσεως</span> <span class='ocrx_word' id='word_1_726' title='bbox 3284 4092 3299 4117; x_wconf 93' lang='grc'><strong>,</strong></span> <span class='ocrx_word' id='word_1_727' title='bbox 3326 4049 3694 4122; x_wconf 81' lang='grc' dir='ltr'>ἀποχρώντως</span> 
     </span>
    </p>
   </div>
   <div class='ocr_carea' id='block_1_102' title="bbox 2109 4141 3694 4214">
    <p class='ocr_par' dir='ltr' id='par_1_102' title="bbox 2109 4141 3694 4214">
     <span class='ocr_line' id='line_1_102' title="bbox 2109 4141 3694 4214; baseline -0.002 -17"><span class='ocrx_word' id='word_1_728' title='bbox 2109 4143 2204 4197; x_wconf 84' lang='grc' dir='ltr'><strong>τοῦ</strong></span> <span class='ocrx_word' id='word_1_729' title='bbox 2244 4143 2485 4214; x_wconf 82' lang='grc' dir='ltr'>φθαρτοῦ</span> <span class='ocrx_word' id='word_1_730' title='bbox 2515 4143 2721 4212; x_wconf 77' lang='grc' dir='ltr'>κόσμου</span> <span class='ocrx_word' id='word_1_731' title='bbox 2753 4141 3172 4214; x_wconf 79' lang='grc' dir='ltr'>κατετρύφησα·</span> <span class='ocrx_word' id='word_1_732' title='bbox 3220 4141 3377 4196; x_wconf 83' lang='grc' dir='ltr'>ἀλλον</span> <span class='ocrx_word' id='word_1_733' title='bbox 3414 4142 3538 4214; x_wconf 75' lang='grc' dir='ltr'>ἐμοὶ</span> <span class='ocrx_word' id='word_1_734' title='bbox 3577 4141 3694 4211; x_wconf 86' lang='grc' dir='ltr'>βίον</span> 
     </span>
    </p>
   </div>
   <div class='ocr_carea' id='block_1_103' title="bbox 2112 4229 3694 4308">
    <p class='ocr_par' dir='ltr' id='par_1_103' title="bbox 2112 4229 3694 4308">
     <span class='ocr_line' id='line_1_103' title="bbox 2112 4229 3694 4308; baseline -0.004 -16"><span class='ocrx_word' id='word_1_735' title='bbox 2112 4238 2207 4293; x_wconf 51' lang='grc' dir='ltr'><strong>καί⁷</strong></span> <span class='ocrx_word' id='word_1_736' title='bbox 2239 4237 2443 4308; x_wconf 89' lang='grc' dir='ltr'>κόσμον</span> <span class='ocrx_word' id='word_1_737' title='bbox 2467 4275 2482 4302; x_wconf 91' lang='grc'><strong>,</strong></span> <span class='ocrx_word' id='word_1_738' title='bbox 2507 4229 2553 4288; x_wconf 82' lang='grc' dir='ltr'><strong>ὧ</strong></span> <span class='ocrx_word' id='word_1_739' title='bbox 2579 4235 2780 4306; x_wconf 82' lang='grc' dir='ltr'>Χριστὲ</span> <span class='ocrx_word' id='word_1_740' title='bbox 2797 4275 2812 4299; x_wconf 92' lang='grc'><strong>,</strong></span> <span class='ocrx_word' id='word_1_741' title='bbox 2853 4234 3000 4288; x_wconf 85' lang='grc' dir='ltr'>δίδου</span> <span class='ocrx_word' id='word_1_742' title='bbox 3025 4275 3038 4299; x_wconf 88' lang='grc'><strong>,</strong></span> <span class='ocrx_word' id='word_1_743' title='bbox 3077 4235 3142 4287; x_wconf 83' lang='grc' dir='ltr'>δι’</span> <span class='ocrx_word' id='word_1_744' title='bbox 3175 4235 3234 4288; x_wconf 86' lang='grc' dir='ltr'>ὃν</span> <span class='ocrx_word' id='word_1_745' title='bbox 3260 4233 3439 4287; x_wconf 87' lang='grc' dir='ltr'>πονῶν</span> <span class='ocrx_word' id='word_1_746' title='bbox 3466 4233 3560 4286; x_wconf 81' lang='grc' dir='ltr'>καὶ</span> <span class='ocrx_word' id='word_1_747' title='bbox 3593 4250 3694 4285; x_wconf 84' lang='grc' dir='ltr'>κα·</span> 
     </span>
    </p>
   </div>
   <div class='ocr_carea' id='block_1_104' title="bbox 2115 4325 3694 4400">
    <p class='ocr_par' dir='ltr' id='par_1_104' title="bbox 2115 4325 3694 4400">
     <span class='ocr_line' id='line_1_104' title="bbox 2115 4325 3694 4400; baseline -0.006 -15"><span class='ocrx_word' id='word_1_748' title='bbox 2115 4329 2366 4386; x_wconf 84' lang='grc' dir='ltr'>κοπαθῶν</span> <span class='ocrx_word' id='word_1_749' title='bbox 2397 4328 2690 4400; x_wconf 81' lang='grc' dir='ltr'>προθύμως</span> <span class='ocrx_word' id='word_1_750' title='bbox 2721 4327 2898 4381; x_wconf 81' lang='grc' dir='ltr'>πάντα</span> <span class='ocrx_word' id='word_1_751' title='bbox 2939 4325 3090 4398; x_wconf 79' lang='grc' dir='ltr'>φέρω</span> <span class='ocrx_word' id='word_1_752' title='bbox 3127 4327 3193 4380; x_wconf 76' lang='grc' dir='ltr'><strong>τὰ</strong></span> <span class='ocrx_word' id='word_1_753' title='bbox 3223 4326 3478 4394; x_wconf 82' lang='grc' dir='ltr'>ἀλγεινὰ,</span> <span class='ocrx_word' id='word_1_754' title='bbox 3511 4326 3694 4387; x_wconf 77' lang='grc' dir='ltr'>πάσας</span> 
     </span>
    </p>
   </div>
   <div class='ocr_carea' id='block_1_105' title="bbox 2114 4417 3694 4490">
    <p class='ocr_par' dir='ltr' id='par_1_105' title="bbox 2114 4417 3694 4490">
     <span class='ocr_line' id='line_1_105' title="bbox 2114 4417 3694 4490; baseline -0.004 -15"><span class='ocrx_word' id='word_1_755' title='bbox 2114 4421 2329 4476; x_wconf 82' lang='grc' dir='ltr'>ἀνατλῶ</span> <span class='ocrx_word' id='word_1_756' title='bbox 2369 4420 2654 4490; x_wconf 69' lang='grc' dir='ltr'>συμφορὰς</span> <span class='ocrx_word' id='word_1_757' title='bbox 2684 4418 2922 4489; x_wconf 80' lang='grc' dir='ltr'>σκληροῦ</span> <span class='ocrx_word' id='word_1_758' title='bbox 2949 4419 3064 4489; x_wconf 83' lang='grc' dir='ltr'>βίου</span> <span class='ocrx_word' id='word_1_759' title='bbox 3089 4459 3104 4482; x_wconf 92' lang='grc'><strong>,</strong></span> <span class='ocrx_word' id='word_1_760' title='bbox 3139 4419 3274 4488; x_wconf 73' lang='grc' dir='ltr'>πρὸς</span> <span class='ocrx_word' id='word_1_761' title='bbox 3299 4418 3388 4471; x_wconf 77' lang='grc' dir='ltr'><strong>τὸν</strong></span> <span class='ocrx_word' id='word_1_762' title='bbox 3414 4417 3694 4487; x_wconf 76' lang='grc' dir='ltr'>ἄφθαρτον</span> 
     </span>
    </p>
   </div>
   <div class='ocr_carea' id='block_1_106' title="bbox 2115 4509 3693 4581">
    <p class='ocr_par' dir='ltr' id='par_1_106' title="bbox 2115 4509 3693 4581">
     <span class='ocr_line' id='line_1_106' title="bbox 2115 4509 3693 4581; baseline -0.004 -14"><span class='ocrx_word' id='word_1_763' title='bbox 2115 4513 2211 4567; x_wconf 71' lang='grc' dir='ltr'>καὶ</span> <span class='ocrx_word' id='word_1_764' title='bbox 2247 4513 2452 4567; x_wconf 74' lang='grc' dir='ltr'>ἄλυπον</span> <span class='ocrx_word' id='word_1_765' title='bbox 2488 4510 2734 4581; x_wconf 75' lang='grc' dir='ltr'>ἀφορῶν·</span> <span class='ocrx_word' id='word_1_766' title='bbox 2769 4511 2885 4564; x_wconf 78' lang='grc' dir='ltr'>αἴθε</span> <span class='ocrx_word' id='word_1_767' title='bbox 2911 4510 3021 4581; x_wconf 77' lang='grc' dir='ltr'>γάρ</span> <span class='ocrx_word' id='word_1_768' title='bbox 3057 4528 3146 4580; x_wconf 85' lang='grc' dir='ltr'><strong>μοι</strong></span> <span class='ocrx_word' id='word_1_769' title='bbox 3184 4511 3276 4563; x_wconf 79' lang='grc' dir='ltr'>καὶ</span> <span class='ocrx_word' id='word_1_770' title='bbox 3305 4509 3485 4562; x_wconf 85' lang='grc' dir='ltr'>θανεῖν</span> <span class='ocrx_word' id='word_1_771' title='bbox 3506 4509 3693 4577; x_wconf 79' lang='grc' dir='ltr'>ἐξεγέ-</span> 
     </span>
    </p>
   </div>
   <div class='ocr_carea' id='block_1_107' title="bbox 2112 4597 3697 4672">
    <p class='ocr_par' dir='ltr' id='par_1_107' title="bbox 2112 4597 3697 4672">
     <span class='ocr_line' id='line_1_107' title="bbox 2112 4597 3697 4672; baseline -0.004 -16"><span class='ocrx_word' id='word_1_772' title='bbox 2112 4620 2232 4657; x_wconf 89' lang='grc' dir='ltr'>νετο</span> <span class='ocrx_word' id='word_1_773' title='bbox 2257 4641 2272 4665; x_wconf 90' lang='grc'><strong>,</strong></span> <span class='ocrx_word' id='word_1_774' title='bbox 2323 4601 2490 4672; x_wconf 83' lang='grc' dir='ltr'>ἡνίκα</span> <span class='ocrx_word' id='word_1_775' title='bbox 2525 4599 2794 4672; x_wconf 84' lang='grc' dir='ltr'>μητρῴοις</span> <span class='ocrx_word' id='word_1_776' title='bbox 2834 4599 3135 4671; x_wconf 80' lang='grc' dir='ltr'>ἐνεδέσμεις</span> <span class='ocrx_word' id='word_1_777' title='bbox 3186 4598 3548 4668; x_wconf 72' lang='grc' dir='ltr'>σπλάγχνοις·</span> <span class='ocrx_word' id='word_1_778' title='bbox 3599 4597 3697 4650; x_wconf 74' lang='grc' dir='ltr'>καὶ</span> 
     </span>
    </p>
   </div>
   <div class='ocr_carea' id='block_1_108' title="bbox 2113 4688 3700 4764">
    <p class='ocr_par' dir='ltr' id='par_1_108' title="bbox 2113 4688 3700 4764">
     <span class='ocr_line' id='line_1_108' title="bbox 2113 4688 3700 4764; baseline -0.004 -17"><span class='ocrx_word' id='word_1_779' title='bbox 2113 4695 2224 4764; x_wconf 84' lang='grc' dir='ltr'><strong>γὰρ</strong></span> <span class='ocrx_word' id='word_1_780' title='bbox 2252 4693 2412 4757; x_wconf 74' lang='grc' dir='ltr'>εὐθὺς</span> <span class='ocrx_word' id='word_1_781' title='bbox 2464 4692 2777 4762; x_wconf 82' lang='grc' dir='ltr'>γεννηθέντι</span> <span class='ocrx_word' id='word_1_782' title='bbox 2827 4690 3017 4762; x_wconf 81' lang='grc' dir='ltr'>ὥσπερ</span> <span class='ocrx_word' id='word_1_783' title='bbox 3064 4691 3253 4744; x_wconf 85' lang='grc' dir='ltr'>σκοτία</span> <span class='ocrx_word' id='word_1_784' title='bbox 3292 4691 3389 4743; x_wconf 77' lang='grc' dir='ltr'>καὶ</span> <span class='ocrx_word' id='word_1_785' title='bbox 3415 4689 3594 4759; x_wconf 70' lang='grc' dir='ltr'>θλίψις</span> <span class='ocrx_word' id='word_1_786' title='bbox 3635 4688 3700 4742; x_wconf 72' lang='grc' dir='ltr'>τὸ</span> 
     </span>
    </p>
   </div>
   <div class='ocr_carea' id='block_1_109' title="bbox 2115 4783 2757 4857">
    <p class='ocr_par' dir='ltr' id='par_1_109' title="bbox 2115 4783 2757 4857">
     <span class='ocr_line' id='line_1_109' title="bbox 2115 4783 2757 4857; baseline -0.006 -17"><span class='ocrx_word' id='word_1_787' title='bbox 2115 4787 2350 4857; x_wconf 82' lang='grc' dir='ltr'>δάκρυον</span> <span class='ocrx_word' id='word_1_788' title='bbox 2379 4783 2757 4854; x_wconf 77' lang='grc' dir='ltr'>ἐπηκολούθει.</span> 
     </span>
    </p>
   </div>
   <div class='ocr_carea' id='block_1_110' title="bbox 2117 4876 2816 4943">
    <p class='ocr_par' dir='ltr' id='par_1_110' title="bbox 2117 4876 2816 4943">
     <span class='ocr_line' id='line_1_110' title="bbox 2117 4876 2816 4943; baseline -0.004 -11"><span class='ocrx_word' id='word_1_789' title='bbox 2117 4879 2220 4934; x_wconf 69' lang='grc'><strong>155</strong></span> <span class='ocrx_word' id='word_1_790' title='bbox 2257 4877 2356 4943; x_wconf 81' lang='grc' dir='ltr'>Τίς</span> <span class='ocrx_word' id='word_1_791' title='bbox 2375 4877 2513 4943; x_wconf 82' lang='grc' dir='ltr'>βίος</span> <span class='ocrx_word' id='word_1_792' title='bbox 2539 4892 2554 4942; x_wconf 90' lang='grc'><strong>;</strong></span> <span class='ocrx_word' id='word_1_793' title='bbox 2601 4892 2652 4929; x_wconf 81' lang='grc' dir='ltr'>κ.</span> <span class='ocrx_word' id='word_1_794' title='bbox 2688 4892 2738 4929; x_wconf 88' lang='grc' dir='ltr'>τ.</span> <span class='ocrx_word' id='word_1_795' title='bbox 2763 4876 2816 4929; x_wconf 81' lang='grc' dir='ltr'>λ.</span> 
     </span>
    </p>
   </div>
   <div class='ocr_carea' id='block_1_111' title="bbox 2188 4959 3698 5036">
    <p class='ocr_par' dir='ltr' id='par_1_111' title="bbox 2188 4959 3698 5036">
     <span class='ocr_line' id='line_1_111' title="bbox 2188 4959 3698 5036; baseline -0.003 -17"><span class='ocrx_word' id='word_1_796' title='bbox 2188 4969 2284 5032; x_wconf 80' lang='grc' dir='ltr'>Τίς</span> <span class='ocrx_word' id='word_1_797' title='bbox 2325 4969 2353 5022; x_wconf 83' lang='grc' dir='ltr'>ὁ</span> <span class='ocrx_word' id='word_1_798' title='bbox 2390 4967 2502 5036; x_wconf 81' lang='grc' dir='ltr'>βίος</span> <span class='ocrx_word' id='word_1_799' title='bbox 2530 4983 2544 5030; x_wconf 86' lang='lat'><strong>;</strong></span> <span class='ocrx_word' id='word_1_800' title='bbox 2577 4967 2629 5020; x_wconf 89' lang='grc' dir='ltr'><strong>τί</strong></span> <span class='ocrx_word' id='word_1_801' title='bbox 2677 4966 2734 5018; x_wconf 84' lang='grc' dir='ltr'>δὲ</span> <span class='ocrx_word' id='word_1_802' title='bbox 2765 4967 2826 5018; x_wconf 79' lang='grc' dir='ltr'><strong>τὸ</strong></span> <span class='ocrx_word' id='word_1_803' title='bbox 2859 4965 3049 5018; x_wconf 85' lang='grc' dir='ltr'>τούτου</span> <span class='ocrx_word' id='word_1_804' title='bbox 3073 5005 3086 5026; x_wconf 89' lang='grc'><strong>,</strong></span> <span class='ocrx_word' id='word_1_805' title='bbox 3119 4964 3287 5035; x_wconf 73' lang='grc' dir='ltr'>φησὶ,</span> <span class='ocrx_word' id='word_1_806' title='bbox 3325 4960 3570 5017; x_wconf 73' lang='grc' dir='ltr'>ποθεινὸν</span> <span class='ocrx_word' id='word_1_807' title='bbox 3599 4959 3698 5015; x_wconf 73' lang='grc' dir='ltr'>καὶ</span> 
     </span>
    </p>
   </div>
   <div class='ocr_carea' id='block_1_112' title="bbox 2115 5043 3698 5131">
    <p class='ocr_par' dir='ltr' id='par_1_112' title="bbox 2115 5043 3698 5131">
     <span class='ocr_line' id='line_1_112' title="bbox 2115 5043 3698 5131; baseline -0.003 -18"><span class='ocrx_word' id='word_1_808' title='bbox 2115 5059 2378 5131; x_wconf 78' lang='grc' dir='ltr'>ὲραστόνς</span> <span class='ocrx_word' id='word_1_809' title='bbox 2436 5061 2548 5128; x_wconf 74' lang='grc' dir='ltr'><strong>Οὐχ</strong></span> <span class='ocrx_word' id='word_1_810' title='bbox 2575 5043 2784 5129; x_wconf 61' lang='grc' dir='ltr'>ὥσπερ</span> <span class='ocrx_word' id='word_1_811' title='bbox 2807 5059 2872 5111; x_wconf 80' lang='grc' dir='ltr'>ἐκ</span> <span class='ocrx_word' id='word_1_812' title='bbox 2900 5059 3071 5126; x_wconf 73' lang='grc' dir='ltr'>τάφου</span> <span class='ocrx_word' id='word_1_813' title='bbox 3121 5057 3218 5128; x_wconf 76' lang='grc' dir='ltr'>τῆς</span> <span class='ocrx_word' id='word_1_814' title='bbox 3251 5055 3511 5127; x_wconf 72' lang='grc' dir='ltr'>μητρῴας</span> <span class='ocrx_word' id='word_1_815' title='bbox 3537 5054 3698 5122; x_wconf 73' lang='grc' dir='ltr'>ἐξιὼν</span> 
     </span>
    </p>
   </div>
   <div class='ocr_carea' id='block_1_113' title="bbox 2115 5147 3698 5221">
    <p class='ocr_par' dir='ltr' id='par_1_113' title="bbox 2115 5147 3698 5221">
     <span class='ocr_line' id='line_1_113' title="bbox 2115 5147 3698 5221; baseline -0.003 -18"><span class='ocrx_word' id='word_1_816' title='bbox 2115 5149 2351 5221; x_wconf 81' lang='grc' dir='ltr'>γαστρὸς</span> <span class='ocrx_word' id='word_1_817' title='bbox 2389 5150 2473 5218; x_wconf 79' lang='grc' dir='ltr'><strong>ἐφ’</strong></span> <span class='ocrx_word' id='word_1_818' title='bbox 2506 5149 2691 5221; x_wconf 72' lang='grc' dir='ltr'>ἕτερον</span> <span class='ocrx_word' id='word_1_819' title='bbox 2720 5151 2887 5218; x_wconf 71' lang='grc' dir='ltr'>τάφον</span> <span class='ocrx_word' id='word_1_820' title='bbox 2920 5149 3086 5202; x_wconf 63' lang='lat' dir='ltr'><strong>eaeam</strong></span> <span class='ocrx_word' id='word_1_821' title='bbox 3107 5149 3196 5201; x_wconf 71' lang='grc' dir='ltr'>τὸν</span> <span class='ocrx_word' id='word_1_822' title='bbox 3233 5147 3374 5218; x_wconf 90' lang='grc' dir='ltr'><strong>μετά</strong></span> <span class='ocrx_word' id='word_1_823' title='bbox 3396 5149 3496 5218; x_wconf 73' lang='grc' dir='ltr'>τὴν</span> <span class='ocrx_word' id='word_1_824' title='bbox 3513 5147 3698 5200; x_wconf 84' lang='grc' dir='ltr'>τελευ-</span> 
     </span>
    </p>
   </div>
   <div class='ocr_carea' id='block_1_114' title="bbox 2115 5235 3698 5310">
    <p class='ocr_par' dir='ltr' id='par_1_114' title="bbox 2115 5235 3698 5310">
     <span class='ocr_line' id='line_1_114' title="bbox 2115 5235 3698 5310; baseline -0.001 -18"><span class='ocrx_word' id='word_1_825' title='bbox 2115 5241 2216 5310; x_wconf 78' lang='grc' dir='ltr'>τήν</span> <span class='ocrx_word' id='word_1_826' title='bbox 2241 5257 2254 5305; x_wconf 91' lang='lat'><strong>;</strong></span> <span class='ocrx_word' id='word_1_827' title='bbox 2291 5242 2355 5292; x_wconf 83' lang='grc' dir='ltr'>ὲκ</span> <span class='ocrx_word' id='word_1_828' title='bbox 2383 5240 2474 5292; x_wconf 85' lang='grc' dir='ltr'><strong>τοῦ</strong></span> <span class='ocrx_word' id='word_1_829' title='bbox 2507 5239 2758 5310; x_wconf 83' lang='grc' dir='ltr'>δευτέρου</span> <span class='ocrx_word' id='word_1_830' title='bbox 2787 5240 2843 5292; x_wconf 79' lang='grc' dir='ltr'>δὲ</span> <span class='ocrx_word' id='word_1_831' title='bbox 2872 5239 3061 5292; x_wconf 85' lang='grc' dir='ltr'>τούτου</span> <span class='ocrx_word' id='word_1_832' title='bbox 3097 5235 3185 5309; x_wconf 79' lang='grc' dir='ltr'><strong>ἆρ’</strong></span> <span class='ocrx_word' id='word_1_833' title='bbox 3227 5239 3327 5291; x_wconf 76' lang='grc' dir='ltr'>οὐκ</span> <span class='ocrx_word' id='word_1_834' title='bbox 3355 5240 3415 5292; x_wconf 81' lang='grc' dir='ltr'>ὲν</span> <span class='ocrx_word' id='word_1_835' title='bbox 3442 5239 3522 5308; x_wconf 83' lang='grc' dir='ltr'><strong>τῷ</strong></span> <span class='ocrx_word' id='word_1_836' title='bbox 3561 5239 3698 5308; x_wconf 77' lang='grc' dir='ltr'>πυρὶ</span> 
     </span>
    </p>
   </div>
   <div class='ocr_carea' id='block_1_115' title="bbox 2117 5329 3698 5408">
    <p class='ocr_par' dir='ltr' id='par_1_115' title="bbox 2117 5329 3698 5408">
     <span class='ocr_line' id='line_1_115' title="bbox 2117 5329 3698 5408; baseline 0.001 -26"><span class='ocrx_word' id='word_1_837' title='bbox 2117 5329 2432 5408; x_wconf 72' lang='grc' dir='ltr'>ταφησομαι</span> <span class='ocrx_word' id='word_1_838' title='bbox 2464 5330 2623 5383; x_wconf 83' lang='grc' dir='ltr'>πάλιν</span> <span class='ocrx_word' id='word_1_839' title='bbox 2675 5329 3078 5399; x_wconf 84' lang='grc' dir='ltr'>ἁνελεημόνως,</span> <span class='ocrx_word' id='word_1_840' title='bbox 3128 5329 3281 5392; x_wconf 87' lang='grc' dir='ltr'>δίκας</span> <span class='ocrx_word' id='word_1_841' title='bbox 3323 5331 3422 5400; x_wconf 75' lang='grc' dir='ltr'>τῆς</span> <span class='ocrx_word' id='word_1_842' title='bbox 3462 5329 3698 5384; x_wconf 78' lang='grc' dir='ltr'>ἐνταῦθα.</span> 
     </span>
    </p>
   </div>
   <div class='ocr_carea' id='block_1_116' title="bbox 2117 5419 3696 5486">
    <p class='ocr_par' dir='ltr' id='par_1_116' title="bbox 2117 5419 3696 5486">
     <span class='ocr_line' id='line_1_116' title="bbox 2117 5419 3696 5486; baseline 0 -12"><span class='ocrx_word' id='word_1_843' title='bbox 2117 5419 2372 5483; x_wconf 86' lang='grc' dir='ltr'>ἀσεϐείας</span> <span class='ocrx_word' id='word_1_844' title='bbox 2405 5421 2726 5486; x_wconf 81' lang='grc' dir='ltr'>ἀποτιννύςς</span> <span class='ocrx_word' id='word_1_845' title='bbox 2757 5422 2889 5474; x_wconf 74' lang='grc' dir='ltr'>αὐτὸ</span> <span class='ocrx_word' id='word_1_846' title='bbox 2916 5421 2958 5474; x_wconf 78' lang='grc' dir='ltr'>δ’</span> <span class='ocrx_word' id='word_1_847' title='bbox 2991 5424 3112 5474; x_wconf 84' lang='grc' dir='ltr'>ὅσον</span> <span class='ocrx_word' id='word_1_848' title='bbox 3139 5419 3489 5475; x_wconf 72' lang='grc' dir='ltr'>διαϐιώσκειν</span> <span class='ocrx_word' id='word_1_849' title='bbox 3517 5425 3576 5476; x_wconf 82' lang='grc' dir='ltr'>ὲν</span> <span class='ocrx_word' id='word_1_850' title='bbox 3603 5421 3696 5474; x_wconf 79' lang='grc' dir='ltr'><strong>εύ-</strong></span> 
     </span>
    </p>
   </div>
   <div class='ocr_carea' id='block_1_117' title="bbox 2120 5510 3696 5586">
    <p class='ocr_par' dir='ltr' id='par_1_117' title="bbox 2120 5510 3696 5586">
     <span class='ocr_line' id='line_1_117' title="bbox 2120 5510 3696 5586; baseline 0 -21"><span class='ocrx_word' id='word_1_851' title='bbox 2120 5510 2318 5582; x_wconf 81' lang='grc' dir='ltr'>παθείᾳ</span> <span class='ocrx_word' id='word_1_852' title='bbox 2347 5529 2437 5581; x_wconf 86' lang='grc' dir='ltr'><strong>μοι</strong></span> <span class='ocrx_word' id='word_1_853' title='bbox 2468 5511 2629 5572; x_wconf 80' lang='grc' dir='ltr'>δοκῶ,</span> <span class='ocrx_word' id='word_1_854' title='bbox 2664 5513 2787 5565; x_wconf 86' lang='grc' dir='ltr'>ὅσον</span> <span class='ocrx_word' id='word_1_855' title='bbox 2810 5513 3057 5566; x_wconf 83' lang='grc' dir='ltr'>ἐνταυθοῖ</span> <span class='ocrx_word' id='word_1_856' title='bbox 3087 5515 3444 5586; x_wconf 79' lang='grc' dir='ltr'>κατατρυφᾷν</span> <span class='ocrx_word' id='word_1_857' title='bbox 3463 5557 3476 5579; x_wconf 88' lang='grc'><strong>,</strong></span> <span class='ocrx_word' id='word_1_858' title='bbox 3504 5514 3567 5567; x_wconf 79' lang='grc' dir='ltr'><strong>ού</strong></span> <span class='ocrx_word' id='word_1_859' title='bbox 3600 5530 3696 5565; x_wconf 77' lang='grc' dir='ltr'>πο-</span> 
     </span>
    </p>
   </div>
   <div class='ocr_carea' id='block_1_118' title="bbox 2121 5602 3691 5678">
    <p class='ocr_par' dir='ltr' id='par_1_118' title="bbox 2121 5602 3691 5678">
     <span class='ocr_line' id='line_1_118' title="bbox 2121 5602 3691 5678; baseline 0.001 -22"><span class='ocrx_word' id='word_1_860' title='bbox 2121 5603 2295 5673; x_wconf 83' lang='grc' dir='ltr'>ταμοῦ</span> <span class='ocrx_word' id='word_1_861' title='bbox 2328 5603 2560 5674; x_wconf 79' lang='grc' dir='ltr'>ῥεύματι</span> <span class='ocrx_word' id='word_1_862' title='bbox 2604 5603 2837 5670; x_wconf 79' lang='grc' dir='ltr'>ὀξύτατα</span> <span class='ocrx_word' id='word_1_863' title='bbox 2880 5603 3092 5674; x_wconf 80' lang='grc' dir='ltr'>ῥέοντος</span> <span class='ocrx_word' id='word_1_864' title='bbox 3135 5605 3328 5678; x_wconf 78' lang='grc' dir='ltr'>κομιδῇ</span> <span class='ocrx_word' id='word_1_865' title='bbox 3365 5602 3691 5678; x_wconf 65' lang='grc' dir='ltr'>παρομοιώ-</span> 
     </span>
    </p>
   </div>
   <div class='ocr_carea' id='block_1_119' title="bbox 2197 5707 3174 5785">
    <p class='ocr_par' dir='ltr' id='par_1_119' title="bbox 2197 5707 3174 5785">
     <span class='ocr_line' id='line_1_119' title="bbox 2197 5707 3174 5785; baseline 0 -21"><span class='ocrx_word' id='word_1_866' title='bbox 2197 5712 2308 5785; x_wconf 74' lang='lat'><strong>(63)</strong></span> <span class='ocrx_word' id='word_1_867' title='bbox 2329 5711 2462 5769; x_wconf 63' lang='lat' dir='ltr'><strong>(10d.</strong></span> <span class='ocrx_word' id='word_1_868' title='bbox 2499 5713 2599 5768; x_wconf 87' lang='lat' dir='ltr'><strong>ltoc</strong></span> <span class='ocrx_word' id='word_1_869' title='bbox 2633 5713 2750 5766; x_wconf 84' lang='lat' dir='ltr'><strong>loco</strong></span> <span class='ocrx_word' id='word_1_870' title='bbox 2777 5710 2973 5764; x_wconf 80' lang='grc' dir='ltr'>τούτων</span> <span class='ocrx_word' id='word_1_871' title='bbox 3002 5707 3174 5778; x_wconf 68' lang='grc' dir='ltr'>κόρος.</span> 
     </span>
    </p>
   </div>
  </div>
