4030 6232
247 267 345 327 757

242 404 326 443 ται
344 429 357 444 .
389 387 638 458 ποταμοῦ
677 387 889 451 ἀενάως
916 390 1199 460 τρέχοντος
1228 392 1324 445 καὶ
1359 392 1448 445 ἀεὶ
1469 393 1535 445 ὲκ
1557 392 1666 446 τῶν
1697 391 1819 445 6m-

242 480 361 531 σθεν
409 476 882 549 ίόντος,διηνεκῶς
930 482 1254 551 κινουμένου
1281 482 1377 535 καὶ
1408 483 1564 537 οὐδὲν
1600 483 1818 554 ἔχοντος

239 567 406 630 ἑστὼς
428 607 444 631 ,
471 567 622 621 οὐδὲν
647 568 813 639 μέρος
840 571 1004 625 αὐτοῦ
1033 572 1229 641 πάγιον
1257 573 1663 639 ἑπιδεικνύντος
1680 591 1695 606 ⁸
1729 575 1819 629 κό-

237 677 320 723 νις
347 659 467 723 ὅλος
499 659 836 730 καθέστηκεν
860 663 890 715 ό
918 661 1063 732 βίος,
1105 666 1219 729 τοῖς
1248 666 1405 736 ὲμοῖς
1442 665 1687 737 ὄμμασιν
1720 668 1820 738 ἑμ-

237 752 510 804 πίπτουσα
538 752 633 805 καὶ
655 752 849 807 σκότον
872 753 1219 824 ὲμὸάλλουσα
1243 756 1322 825 τῷ
1351 757 1449 828 νῷ,
1481 757 1558 829 ὡς
1590 757 1657 812 ἂν
1683 758 1819 830 πόρο

238 844 320 913 ρω
336 842 471 896 Θεοῦ
501 842 611 896 τῶν
637 845 939 915 φωτισμῶν
961 845 1232 911 ἐκπεσὼν,
1258 848 1354 901 καὶ
1373 846 1593 917 τυφλῶν
1614 848 1818 919 τρόπον

234 936 363 999 τοὺς
384 936 600 1005 τοίχους
623 935 912 1009 ψηλαφῶν,
945 941 1039 993 καὶ
1063 933 1166 994 ὦδε
1201 941 1363 995 κάκεῖ
1395 943 1509 1004 τοῖς
1536 939 1821 1013 λογισμοῖς

235 1023 718 1096 περιπλανώμενος
772 1028 876 1100 τῆς
925 1029 1171 1101 μεγάλης
1203 1031 1264 1085 ὲν
1309 1028 1532 1103 Χριστῷ
1559 1030 1821 1104 άποτύχω

232 1114 399 1184 ζωῆς.

238 1205 528 1275 Τολμήσω
555 1209 689 1264 τινὰ
714 1209 938 1279 μῦθον,
963 1230 1017 1267 κ.
1048 1230 1101 1268 τ.
1131 1212 1208 1279 ἐξ.

308 1286 585 1374 τολμηρόν
608 1319 731 1357 τινα
759 1304 916 1373 λόγον
941 1306 1123 1361 ἔπεισί
1159 1326 1250 1379 μοι
1281 1308 1530 1375 διειπεῖν,
1563 1308 1819 1382 ἀληθινὸν

228 1388 277 1443 δ’
320 1385 413 1443 οῦν
454 1391 606 1462 ὅμως
634 1431 649 1455 ,
687 1393 756 1447 δι’
788 1393 818 1447 δ
842 1396 937 1449 καὶ
967 1396 1246 1469 τολμήσας
1285 1399 1660 1472 ἀποφαίνομαι
1683 1443 1700 1467 ,
1739 1400 1819 1466 ὡς

227 1480 368 1535 θεοῦ
407 1482 659 1551 παίγνιον
688 1484 803 1553 (64)
848 1487 878 1539 ὁ
924 1486 1209 1559 ἄνθρωπος
1230 1529 1246 1552 ,
1295 1491 1390 1544 καὶ
1430 1490 1671 1546 τοιοῦτον
1704 1489 1817 1546 οἷον

226 1573 345 1636 τοῖς
374 1573 541 1628 πάλαι
573 1575 717 1629 κατά
749 1575 935 1640 πόλεις
962 1577 1117 1642 τινὰς
1163 1580 1577 1652 ὲπιτετήδευτοο
1640 1600 1815 1655 προσ-

227 1667 411 1717 ωπεῖα
427 1664 537 1737 γάρ
559 1664 1011 1732 διασκευάζοντες
1036 1669 1328 1732 πλουσίων,
1354 1673 1623 1744 πενήτων,
1658 1673 1815 1745 βασι-

225 1753 368 1808 λέων
404 1756 499 1809 καὶ¹
545 1757 868 1828 στρατηγῶν
898 1798 912 1822 ,
942 1759 1124 1829 σοφῶν
1168 1762 1263 1815 καὶ
1295 1761 1519 1817 ίδιωτῶν
1540 1803 1556 1828 ,
1607 1764 1818 1837 ἀνδρῶν

223 1846 430 1915 ὁμοίως
456 1846 552 1900 καὶ
577 1848 873 1925 γυναικῶν,
909 1850 1004 1904 καὶ
1034 1852 1092 1904 ὲν
1122 1850 1376 1924 θεάτροις
1406 1854 1694 1925 παριόντες
1720 1855 1821 1910 καὶ

223 1914 286 1992 ὲν
324 1941 547 2008 σκηναῖς
566 1914 597 2003 ,⁷
625 1914 801 1994 ταῦτα
838 1942 887 1995 οἱ
915 1914 1425 2015 προμελετήσαντες
1462 1914 1818 2018 περιτιθέμε-

228 2044 334 2091 νοι,
368 2031 461 2082 καὶ
489 2029 590 2099 τὴν
619 2032 742 2083 κατ’
767 2030 967 2097 αὐτοὺς
991 2032 1136 2087 καθά
1168 2036 1590 2108 προησκήσαντο
1617 2037 1821 2110 πρᾶξιν

225 2119 560 2189 ἐπίπροσθεν
589 2122 810 2175 πάντων
843 2123 1267 2196 ὑποκριθέντες,
1320 2128 1414 2182 καὶ
1450 2129 1697 2202 άκριὸὦς
1738 2130 1817 2197 ὡς

225 2209 341 2265 οἷόν
382 2229 444 2266 τε
476 2214 620 2268 κατά
648 2214 750 2287 τὴν
791 2215 901 2272 τῶν
942 2217 1192 2272 παλαιῶν
1229 2219 1473 2293 ἱστορίαν
1515 2221 1605 2276 διὰ
1637 2223 1815 2295 μιμή-

228 2321 371 2369 σεως
413 2304 512 2377 τὴν
539 2305 986 2379 δραματουργίαν
1028 2307 1396 2381 ἀποχρώντως
1423 2311 1815 2385 ὲνδειξάμενοι,

226 2396 375 2450 οὕτω
426 2397 527 2466 τῆς
560 2399 759 2469 σκευῆς
793 2399 887 2453 ἀπ’
922 2397 1104 2453 αὐτῶν
1137 2399 1402 2473 ἀρθείσης
1427 2443 1443 2467 ,
1496 2402 1646 2468 ὅστις
1692 2405 1816 2457 ποτ’

226 2486 296 2560 ἦν
347 2489 528 2543 αὐτῶν
583 2490 817 2555 ἕκαστος
886 2492 1254 2562 ἀναφανέντες
1310 2494 1491 2548 οἴκαδε
1548 2494 1811 2567 ἐχώρουν.

184 2572 193 2583 ’
238 2581 516 2646 Ὡσαύτως
547 2582 728 2636 τοίνυν
765 2583 869 2636 κάν
899 2583 980 2654 τῷ
1019 2583 1119 2656 βίῳ
1149 2584 1308 2649 ἀλλος
1352 2585 1482 2639 ἄλλο
1529 2603 1586 2639 τι
1616 2586 1816 2657 ἐπιτή-

138 2744 145 2753 .
224 2674 428 2745 δευμα,
457 2675 593 2745 πρδς
627 2673 657 2727 ὃ
687 2675 904 2745 εὐφυῶς
934 2676 1173 2748 ἔχουσιν,
1215 2676 1566 2748 ἀσκούμενοι,
1604 2676 1699 2730 καὶ
1738 2677 1815 2742 ὡς

230 2769 290 2821 ὲν
330 2769 503 2838 σκηνῇ
553 2768 650 2821 καὶ⁵
691 2767 907 2839 θεάτρῳ
944 2768 1045 2838 τὴν
1076 2769 1198 2822 κατ’
1245 2768 1443 2832 αὐτοὺς
1472 2767 1673 2841 πρᾶξιν
1711 2768 1815 2839 τῆς

225 2859 431 2931 ἀρετῆς
459 2860 492 2932 ἦ
528 2860 725 2925 κακίας
748 2859 840 2914 διά
869 2862 1159 2931 μιμήσεως
1192 2859 1591 2930 ἐπιδειξάμενοι
1616 2901 1631 2926 ,
1660 2860 1814 2914 ἐπει-

225 2952 324 3006 δάν
349 2953 411 3005 τὸ
450 2951 639 3024 σχῆμα
684 2951 898 3017 τούτοις
930 2951 1026 3007 τοῦ
1063 2955 1268 3024 κόσμου
1308 2952 1387 3023 τῷ
1438 2952 1658 3024 θανάτῳ
1714 2969 1814 3006 πε-

228 3044 477 3117 ριαιρεθῇ
498 3083 514 3109 ,
544 3043 808 3115 ἐξαπίνης
833 3045 1011 3098 ὁποῖοι
1038 3043 1182 3097 κατά
1214 3042 1375 3113 φύσιν
1407 3044 1545 3097 εἰσὶν
1570 3043 1815 3108 ἅπαντες

226 3135 592 3205 ἀναφανέντες
619 3176 636 3201 ,
677 3135 819 3189 οὕτω
849 3135 1051 3207 γυμνοὶ
1086 3135 1268 3208 πάσης
1315 3133 1667 3209 ἐπικρύψεως
1721 3134 1813 3187 ὲν-

228 3228 418 3284 τεῦθεν
447 3229 865 3301 ἀποχωροῦντες
907 3227 1135 3283 ἀπίασιν
1177 3229 1312 3283 ἐκεῖ.
1344 3226 1601 3292 Τοιοῦτος
1639 3229 1669 3282 ό
1699 3226 1815 3299 βίος

226 3318 334 3372 τῶν
361 3317 728 3389 ταλαιπώρων
768 3316 976 3389 βροτῶν
992 3333 1007 3348 ’
1036 3317 1133 3371 καὶ
1160 3311 1243 3381 οἷς
1272 3317 1305 3389 ἡ
1334 3316 1429 3371 τοῦ
1462 3316 1695 3389 ματαίου
1720 3316 1815 3371 καὶ

229 3410 549 3482 δνειρὼδονς
568 3410 777 3482 κόσμου
805 3409 960 3464 τοῦδε
989 3409 1144 3473 ἐλπὶς
1171 3409 1378 3483 ὲραστὴ
1404 3409 1499 3463 καὶ
1522 3407 1817 3480 περισπού-

226 3499 423 3564 δαστος
447 3539 464 3564 ,
511 3499 641 3563 τούς
670 3515 730 3553 τε
762 3498 1133 3569 καλουμένους
1180 3495 1474 3559 πλούτους,
1507 3494 1703 3565 ἡδονάς
1752 3510 1815 3547 τε

230 3591 324 3645 καὶ
348 3590 561 3662 τρυφάς
587 3589 682 3644 καὶ
702 3588 861 3657 δόξας
882 3587 970 3640 ἐπ’
997 3586 1176 3655 ὀλίγον
1201 3585 1294 3639 τὸν
1312 3585 1414 3656 τῆς
1445 3583 1593 3654 ζωῆς
1621 3583 1818 3655 χρόνον

229 3684 683 3755 κατατρυφῶντες
712 3681 823 3752 (65)
852 3679 1196 3744 παιζέτωσαν
1219 3679 1314 3731 καὶ
1337 3674 1747 3741 παιζὲσθωσαν.

230 3774 336 3828 N7
365 3772 563 3843 Αὐτὰρ
597 3772 714 3842 ἐγὼ
742 3769 1017 3840 Χριστοῖο
1049 3767 1476 3838 δεδραγμένος,
1506 3773 1612 3820 etc.

302 3868 369 3919 Οἱ
402 3867 502 3938 μὲν
528 3864 598 3919 τὰ
631 3864 851 3932 ἐπίγεια
898 3860 1225 3933 φρονοῦντες
1248 3899 1263 3922 ,
1303 3858 1400 3912 καὶ
1430 3856 1541 3910 τῶν
1585 3855 1822 3927 ῥεόντων

227 3959 403 4031 ἀπρὶξ
430 3957 889 4028 ἀντιποιούμενοι,
913 3954 1004 4009 τὸν
1029 3952 1324 4026 εἰρημένον
1345 3950 1547 4021 τρόπον
1567 3948 1666 4020 τὴν
1693 3945 1817 4001 κατ’

226 4051 429 4115 αὐτοὺς
465 4048 888 4122 πορευέσθωσαν
924 4045 1045 4100 ὁδόν
1067 4061 1081 4076 ⁸
1111 4042 1223 4112 ἐγὼ
1260 4042 1348 4105 δὲ,
1397 4042 1431 4111 ἡ
1462 4038 1819 4112 χριστοφόρος

228 4141 382 4212 ψυχὴ
411 4142 596 4209 λέγει,
631 4138 871 4211 Χριστοῦ
917 4137 1018 4208 τῆς
1050 4135 1272 4206 ἀγάπης
1308 4130 1818 4203 καταδεδραγμένος

228 4232 427 4286 οῦποτε
476 4232 625 4303 λήξω
656 4231 856 4301 δεσμὸν
904 4230 997 4283 ἐπὶ
1048 4227 1236 4298 δεσμῷ
1270 4224 1586 4298 προστιθεὶς
1607 4263 1623 4287 ,
1652 4223 1815 4292 ἄχρις

230 4323 304 4376 ἂν
332 4321 426 4376 τοῦ
458 4323 712 4394 σαρκίνου
736 4321 889 4375 τοῦδε
922 4321 1037 4392 βίου
1070 4318 1332 4390 λυόμενος
1361 4357 1375 4380 ,
1420 4314 1501 4386 τῷ
1539 4313 1649 4391 τῶν
1691 4313 1817 4384 ὁρε-

233 4413 385 4467 κτῶν
418 4414 701 4487 ἀκροτάτῳ
739 4413 938 4476 τελέως
964 4409 1269 4484 προσδεθῶ.
1301 4407 1415 4461 Καὶ
1459 4407 1568 4481 γάρ
1593 4401 1817 4467 διπλοῦς

230 4505 315 4561 ῶν
350 4506 447 4579 τὴν
468 4506 649 4579 φύσιν,
684 4507 929 4575 ἐπίγειος
959 4504 1077 4576 ἀμα
1110 4502 1205 4557 καὶ
1232 4501 1516 4573 οὐράνιος,
1563 4496 1624 4551 τὸ
1654 4494 1817 4567 σῶμα

234 4599 341 4670 μὲν
374 4598 619 4653 ἐντεῦθεν
646 4597 757 4654 ἀπὸ
784 4596 887 4668 τῆς
905 4597 1010 4667 γῆς
1043 4594 1150 4665 ἔχω
1175 4590 1509 4664 διαρτισθὲν,
1552 4588 1620 4643 δι’
1644 4586 1674 4641 δ
1722 4584 1821 4639 καὶ

232 4688 338 4758 τῆς
372 4686 533 4743 αὑτοῦ
558 4687 880 4758 συγγενείας
907 4684 1194 4756 ἐφιέμενον
1215 4681 1363 4735 νεύει
1393 4679 1531 4752 πρὸς
1558 4676 1659 4748 τὴν
1691 4677 1817 4746 τῆν’

230 4784 338 4853 τὴν
370 4781 545 4855 ψυχὴν
575 4782 635 4837 δὲ
656 4779 794 4835 Θεοῦ
826 4776 1142 4849 πνεύματος
1167 4774 1474 4847 ἀπόρροιαν
1503 4770 1600 4824 καὶ
1622 4766 1821 4839 μερίδα

234 4876 473 4945 κρείσσω
527 4875 882 4948 ὑπάρχουσαν
910 4909 926 4934 ,
970 4871 1066 4924 κα)⁸
1126 4868 1298 4940 αὐτὴν
1333 4867 1410 4931 ὡς
1446 4862 1666 4919 οἰκείων
1707 4858 1822 4913 τῶν
1866 4896 1871 4905 ς

232 4967 399 5022 θείων
430 4967 573 5039 ἔχειν
622 4965 723 5038 τὴν
757 4963 945 5035 ἔφεσιν
990 4960 1083 5015 καὶ
1128 4960 1217 5014 ἀεὶ
1264 4958 1375 5014 τῶν
1425 4950 1815 5025 πνευματικῶν

230 5055 339 5109 καὶ
380 5056 641 5129 οὐρανίων
671 5054 885 5111 ὠδίνειν
916 5052 1017 5125 τὴν
1056 5050 1355 5122 ἐπιθυμίαν
1388 5046 1631 5119 ἀγαθῶν.

246 5145 350 5213 Ὠς
370 5149 562 5220 πηγῆς
579 5149 726 5219 ῥόος
748 5146 925 5201 ἐστίν
945 5186 961 5210 ,
995 5162 1051 5199 κ.
1081 5160 1135 5199 τ.
1169 5141 1248 5210 ἐξ.

317 5239 515 5313 Ὥσπερ
545 5242 578 5295 ό
616 5238 803 5311 πηγῆς
848 5237 1206 5308 ἐξαλλόμενος
1252 5232 1347 5290 τοῦ
1397 5232 1591 5298 ὓδατος
1679 5233 1811 5307 ῥοῦς

236 5330 384 5386 κατὰ
406 5334 645 5407 πρανοῦς
665 5333 855 5405 τρέχει
883 5330 1129 5402 φυσικῶς
1160 5326 1256 5382 ἐπὶ
1285 5326 1348 5381 τὸ
1379 5326 1667 5390 κάταντες,
1700 5322 1816 5395 πῦρ

316 5526 559 5599 (Μ)Βί11.
590 5526 981 5603 animadvertit
1008 5524 1330 5603 Gregorium
1360 5522 1452 5579 hic
1480 5519 1723 5603 alludere
1742 5519 1812 5603 ad

233 5589 540 5657 Ροάιυᾶισιιιι.
576 5603 670 5667 qui
704 5600 981 5656 hominem
1025 5589 1181 5653 “rect
1209 5594 1476 5667 παίγνιον-
1496 5589 1813 5667 θεῶγειτοοί

235 5679 371 5741 sunt
402 5676 468 5727 de
485 5658 642 5739 Lege.
684 5672 724 5727 1.
755 5688 796 5736 ι,
830 5687 887 5741 p.
912 5658 1512 5741 βιβλιιβι-ὓ-,ξῆνιιιίη
1540 5658 1732 5729 Bckk.)
1762 5668 1816 5714 et

236 5734 283 5790 Ι.
321 5751 406 5809 vn,
440 5758 491 5813 ιι.
511 5727 618 5799 δῦῦ
640 5741 684 5799 C
738 5727 849 5814 (
866 5739 959 5807 52,
984 5740 1016 5795 5
1040 5727 1128 5795 ed.
1153 5735 1346 5807 Bcltk.)
1371 5727 1608 5805 νοήσω
1640 5727 1807 5803 supra

1269 271 1338 327 IN
1354 271 1672 329 CARMINA
1706 273 1989 330 ARCANA
2029 271 2088 327 S.
2124 270 2477 329 GREGORII.

3400 275 3504 332 758
3562 324 3566 328 Α

1919 389 2160 455 videtur,
2200 387 2444 444 ﬂuminis
2496 395 2761 457 perpetuo
2808 387 3089 443 currentis
3139 396 3193 443 et
3229 404 3446 461 semper
3472 409 3504 447 a

1920 481 2205 553 praeterito
2240 479 2541 543 redeuntis,
2570 478 2779 550 jugiter
2819 480 3009 550 agitati
3042 488 3099 535 et
3132 480 3267 535 nihil
3308 484 3508 540 stabile

1919 569 2199 634 habentis,
2233 570 2438 625 nullam
2465 570 2640 641 ipsius
2668 577 2882 640 partem
2913 570 3123 625 ﬁrmam
3139 572 3505 631 ostendentis.

1919 662 2109 718 Pulvis
2153 662 2476 719 aestimanda
2522 669 2609 717 est
2670 670 2785 716 tota
2826 663 2962 726 vita,
3015 678 3170 719 meos
3218 663 3509 722 obczecans

1922 754 2117 809 oculos
2167 763 2222 809 et
2270 753 2529 809 tenebras
2571 752 2947 823 intelligentiae
3002 753 3279 826 ingerens,
3330 757 3404 811 ita
3448 756 3541 813 ut'

1917 845 2083 916 longe
2106 860 2137 900 a
2166 844 2263 901 Dei
2297 845 2692 915 splendoribus
2728 846 2934 902 cadens
2969 857 3022 902 et
3055 863 3326 903 caecorum
3357 864 3512 904 more

1919 953 2110 995 muros
2142 945 2465 1009 pertentans
2510 946 2566 993 ct
2603 936 2687 993 sic
2716 937 2790 992 ibi
2837 939 2893 994 in
2935 939 3245 997 ratiociniis
3289 956 3507 1008 errans,

1918 1041 2119 1101 magna
2146 1028 2203 1084 in
2231 1028 2460 1085 Christo
2491 1026 2601 1082 vita
2638 1027 2994 1084 frustrandus
3025 1028 3152 1085 sint.

1918 1207 2139 1263 Audebo
2163 1207 2481 1279 allegoriam
2507 1207 2819 1278 qaamdam,
2849 1213 2905 1264 et
2929 1221 3050 1278 seq.

1896 1311 1921 1354 .‘
1992 1299 2277 1356 Excedens
2307 1297 2582 1370 quoddam
2621 1299 2851 1355 verbum
2896 1298 3147 1370 proferre
3188 1298 3321 1353 mihi
3370 1314 3504 1353 con-

1917 1392 2069 1448 venit
2111 1400 2169 1448 et
2197 1406 2430 1457 verum;
2474 1390 2686 1447 idcirco
2729 1391 2942 1447 audens
2986 1405 3259 1461 exponam
3299 1391 3506 1458 :Quasi

1918 1481 2219 1537 ludibrium
2243 1481 2340 1536 Dei
2371 1481 2560 1547 homo,
2591 1492 2646 1538 et
2682 1479 3148 1552 quemadmodum
3179 1481 3324 1537 inter
3355 1488 3507 1538 vete-

1915 1587 2009 1629 res
2026 1571 2358 1643 quibusdam
2385 1572 2441 1627 in
2470 1570 2791 1629 civitatibus
2808 1570 3133 1627 exercitatio
3164 1581 3305 1638 erat,
3325 1587 3507 1642 perso-

1918 1680 2021 1721 nas
2047 1667 2192 1722 enim
2212 1664 2544 1721 exhibebant
2578 1664 2833 1731 divitum,
2869 1681 3195 1737 pauperum,
3229 1682 3421 1737 regum
3452 1673 3507 1721 et

1918 1757 2146 1824 ducum,
2180 1758 2513 1828 sapientium
2546 1765 2603 1814 et
2631 1759 3036 1830 insipientium,
3065 1758 3314 1814 virorum
3348 1758 3505 1812 sitni-

1917 1848 2042 1904 liter
2071 1855 2128 1904 et
2168 1847 2485 1914 mulierum,
2517 1848 2686 1904 etiam
2720 1848 2956 1905 theatris
2998 1849 3337 1906 assistebant
3367 1856 3423 1904 et
3449 1852 3506 1904 in

1916 1940 2138 2009 scenis;
2184 1939 2302 1997 haec
2347 1941 2443 2010 qui
2490 1940 2791 2008 curabant,
2841 1957 3135 2014 personam
3184 1942 3423 2014 agebant
3452 1950 3509 1999 et

1916 2032 2244 2089 destinatam
2330 2036 2480 2088 sicut
2571 2033 2801 2090 exerciti
2848 2034 3072 2089 fuerant
3110 2035 3385 2091 actionem
3411 2051 3508 2090 co-

1916 2141 2035 2183 ram
2069 2126 2333 2183 omnibus
2385 2125 2697 2183 tractabant
2737 2133 2795 2183 et
2841 2137 3101 2183 accurate
3128 2127 3277 2183 sicut
3322 2128 3504 2194 decet,

1910 2216 2069 2289 juxta
2096 2223 2339 2274 veterem
2368 2215 2661 2273 historiam
2711 2225 2833 2273 arte
2870 2217 3097 2290 propria
3137 2227 3509 2289 repraesenta-

1915 2310 2122 2365 tionem
2139 2306 2475 2365 suﬂicienter
2489 2308 2956 2380 exsequebantur,
2981 2309 3063 2365 sic
3079 2308 3317 2364 officium
3341 2310 3411 2365 ab
3433 2310 3508 2380 ip-

1915 2401 1995 2457 sis
2028 2408 2348 2471 susceptum
2376 2408 2541 2471 prout
2570 2401 2815 2471 ipsorum
2852 2400 3125 2473 cujusque
3158 2409 3278 2455 erat
3307 2415 3418 2471 pra!
3443 2416 3507 2456 se

1916 2490 2210 2555 ferebanta
2239 2489 2441 2546 deinde
2484 2491 2539 2545 in
2588 2491 2812 2545 domum
2852 2490 3208 2547 recedebant.
3240 2489 3341 2567 Sic
3371 2506 3507 2561 ergo

1913 2591 1971 2640 et
1996 2582 2050 2638 in
2080 2583 2192 2638 vita
2221 2581 2366 2638 alius
2396 2581 2545 2637 aliud
2578 2581 2821 2637 studium
2864 2582 2932 2638 ad
2977 2581 3122 2653 quod
3155 2582 3262 2637 fert
3290 2582 3506 2641 indoles

1914 2665 2133 2731 exercet
2156 2683 2212 2730 et
2233 2673 2391 2745 quasi
2428 2673 2485 2729 in
2511 2688 2675 2730 scena
2702 2683 2757 2731 et
2799 2673 3038 2738 theatro,
3071 2680 3338 2746 quantum
3363 2677 3418 2732 in
3445 2693 3506 2734 se

1914 2772 2002 2821 est
2031 2765 2307 2821 actionem
2335 2765 2561 2822 virtutis
2585 2774 2680 2822 aut
2706 2767 2968 2838 nequitiae
2993 2769 3506 2838 repraesentationis

1917 2856 2096 2913 instar
2125 2857 2449 2922 ostendit,et
2480 2865 2773 2930 postquam
2812 2859 3006 2915 mundi
3040 2858 3210 2931 ﬁgura
3237 2876 3338 2931 pro
3369 2862 3539 2933 ipsis.

1916 2957 2096 3005 morte
2152 2948 2439 3020 praeteriit,
2492 2948 2676 3005 subito
2712 2950 2852 3005 tales
2903 2951 3097 3021 quales
3139 2959 3337 3006 natura
3369 2964 3505 3009 sunt

1916 3057 2111 3099 oniiies
2132 3049 2487 3114 apparentes,
2515 3043 2599 3099 sic
2631 3044 2766 3099 nudi
2797 3043 2868 3100 ab
2905 3044 3059 3100 omni
3092 3043 3218 3100 fuco
3246 3044 3379 3102 inde
3410 3061 3505 3102 ce-

1915 3133 2056 3189 dunt
2084 3139 2141 3189 et
2168 3131 2226 3187 in
2265 3132 2450 3188 locum
2495 3130 2835 3188 destinatum
2890 3133 3128 3201 abeunt;
3172 3147 3238 3189 ea
3271 3132 3506 3189 misero-

1913 3239 2038 3282 rum
2073 3224 2389 3282 mortalium
2420 3225 2554 3291 vita,
2576 3233 2632 3281 et
2649 3225 2704 3281 hi
2727 3225 3264 3299 quibuslnsipientis
3296 3234 3352 3282 et
3385 3227 3507 3283 ina-

1916 3318 2005 3377 nis
2032 3318 2222 3375 mundi
2259 3317 2427 3388 hujus
2455 3333 2585 3389 spes
2619 3317 2963 3376 delectabilis
2991 3327 3079 3375 est
3117 3327 3172 3376 et
3210 3318 3360 3376 omni
3404 3335 3510 3391 ope

1916 3425 2166 3483 curaque
2220 3411 2581 3482 exquirenda,
2628 3426 2693 3467 ea
2732 3426 2857 3483 quae
2900 3420 3177 3466 vocantur
3217 3410 3423 3465 divitia:
3452 3420 3509 3465 ct

1917 3502 2228 3572 voluptates
2280 3510 2337 3557 et
2390 3501 2624 3558 delicias
2677 3512 2734 3557 et
2788 3502 2994 3572 glorias
3050 3502 3326 3557 modicum
3381 3502 3509 3558 vita:

1918 3604 2139 3667 tempus
2166 3593 2495 3661 exaltantes,
2524 3592 2719 3649 ludant
2744 3601 2799 3649 et
2831 3592 3112 3649 luduntur.

1920 3773 2024 3830 147
2063 3772 2178 3845 Ego
2211 3789 2355 3842 vero,
2397 3770 2673 3828 Christum
2709 3773 3012 3842 antplexus,
3042 3780 3151 3827 etc.

1989 3863 2095 3931 Qui
2125 3862 2349 3935 quidem
2385 3878 2512 3934 quae
2566 3878 2734 3934 super
2773 3864 2978 3918 teri-am
3028 3870 3159 3921 sunt
3200 3864 3425 3934 sapiunt
3454 3872 3509 3919 et

1919 3956 2068 4012 fluxa
2090 3953 2308 4010 fortiter
2337 3954 2589 4012 ambiunt
2623 3954 2773 4012 dicto
2822 3969 3001 4020 more,
3053 3956 3191 4026 ipsis
3244 3956 3506 4026 placitum

1920 4046 2025 4102 iter
2058 4054 2310 4117 pergant.
2374 4044 2489 4118 Ego
2554 4061 2719 4111 vero,
2780 4046 2859 4100 ait
2923 4045 3209 4101 Christum
3279 4053 3509 4116 portans

1922 4136 2128 4201 anima,
2154 4134 2365 4193 Christi
2396 4136 2570 4193 amori
2616 4136 2931 4202 adhaerens,
2968 4153 3080 4192 non
3120 4137 3352 4193 cessabo
3384 4137 3510 4191 vin-

1921 4229 2110 4283 culum
2149 4226 2373 4286 vlnculo
2420 4229 2751 4302 adiungens,
2794 4231 2929 4300 quin
2967 4229 3181 4285 carnali
3233 4228 3345 4284 vita
3402 4229 3509 4286 ista

1921 4319 2103 4375 soluta
2143 4334 2361 4375 summo
2400 4329 2532 4376 voto
2563 4323 2790 4377 omnino
2818 4319 3085 4392 contigar.
3133 4319 3379 4391 Namque
3408 4322 3511 4377 du—

1921 4411 2048 4480 plex
2074 4411 2170 4483 qui
2201 4428 2323 4469 sum
2370 4423 2589 4479 natura,
2635 4421 2896 4472 terrenus
2934 4414 3096 4495 simul
3143 4421 3199 4470 et
3239 4415 3508 4479 caelestis,

1919 4519 2126 4576 corpus
2162 4505 2381 4578 quidem
2431 4504 2563 4561 hinc
2610 4522 2643 4563 e
2706 4514 2855 4563 terra
2912 4507 3089 4562 habeo
3144 4508 3509 4578 plasmatum;

1916 4595 2152 4670 ideoque
2210 4598 2475 4654 allinitate
2516 4598 2742 4671 propria
2790 4599 3021 4670 cupiens
3059 4599 3237 4655 tendit
3279 4598 3347 4653 ad
3400 4605 3516 4653 ter-

1917 4704 2072 4757 ram;
2108 4689 2350 4746 animam
2401 4707 2533 4749 vero
2582 4693 2674 4748 Dei
2724 4692 2957 4763 spiritus
3002 4690 3410 4747 emanationem
3454 4699 3511 4744 et

1916 4789 2125 4852 partem
2171 4784 2600 4853 praecellentem,
2652 4801 2819 4856 quam
2868 4784 3186 4839 divinorum
3217 4782 3374 4853 quasi
3403 4784 3510 4854 ipsi

1920 4872 2271 4943 propriorum
2303 4873 2583 4930 desideria
2616 4883 2827 4938 tenent,
2863 4888 3195 4945 semperque
3248 4873 3511 4945 spiritua-

1921 4961 2054 5017 lium
2085 4971 2252 5034 atque
2280 4964 2591 5020 cmlcstium
2637 4965 2898 5037 appetitio
2943 4967 3213 5022 bonorum
3241 4965 3503 5022 incendit.

1923 5138 2074 5195 Sicut
2104 5137 2268 5207 fontis
2303 5138 2504 5193 rivulus
2531 5146 2697 5203 emet
2731 5154 2848 5211 seq.

1993 5229 2151 5287 Sicut
2172 5228 2344 5286 fontis
2380 5230 2632 5287 salientis
2672 5231 2832 5287 undae
2864 5232 3079 5289 rivulus
3120 5247 3363 5304 praeceps
3408 5245 3504 5282 na-

1920 5322 2173 5379 turaliter
2204 5321 2277 5378 ad
2300 5321 2666 5379 declivitatem
2697 5323 2892 5390 currit,
2928 5331 2984 5380 et
3012 5321 3160 5394 ignis
3189 5334 3355 5375 urens
3378 5333 3505 5389 pro~

1922 5518 2220 5594 ﬂ._dpsrﬁc
2254 5534 2309 5594 γ.
2351 5517 2541 5594 lQ3__et
2564 5515 2891 5594 Boissonad.
2930 5517 2995 5573 ad
3040 5512 3370 5587 Gregorium
3393 5508 3500 5584 Cy-

1924 5587 2105 5663 prium
2141 5587 2196 5645 in
2230 5588 2615 5663 Anecd.6r.l.
2639 5587 2767 5643 545.

1996 5657 2107 5733 (63)
2130 5661 2266 5718 Cod.
2305 5658 2759 5732 κατατρυφόντες.
