3984 6208
323 304 426 363 “liii

335 422 396 476 ‘0
437 423 704 490 πλοῦτος
755 424 872 492 μὲν
916 426 1205 496 ἄπιστος,
1228 476 1230 478 τ
1255 434 1287 484 o'
1343 431 1412 484 δὲ
1454 433 1668 499 θρόνος
1716 432 1907 500 ὀφρῦς

1527 502 1544 572 [
1567 504 1834 569 ὀνείρων.

401 586 666 650 ’Λπιστος
712 588 809 657 μὲν
860 590 889 642 6
941 590 1201 657 πλοῦτος,
1231 593 1313 646 ὅτι
1371 593 1444 663 μὴ
1480 594 1744 664 μόνιμος,
1784 593 1905 664 μηδ’

323 675 415 729 ἀεὶ
441 680 552 740 τοῖς
579 678 762 747 ἔχουσι
787 679 1004 750 προσ-ὼν
1026 723 1040 744 ,
1071 682 1186 736 ἀλλ’
1227 681 1552 748 ἐξαπιναίως
1583 686 1710 746 τοὺς
1757 684 1908 754 αὑτῷ

326 771 660 834 πεποιθότας
685 772 944 837 πολλάκις
970 775 1314 828 καταλείπων
1337 815 1351 839 ,
1390 778 1468 839 εἰς
1490 775 1682 840 ἄλλους
1711 779 1906 846 μετερ-

327 861 466 934 ῥύη·
509 864 537 914 6
565 863 750 933 θρόνος
784 866 840 917 δὲ
872 867 965 918 καὶ
993 866 1054 919 τὸ
1098 868 1344 938 δοξάριον
1393 869 1564 939 ὀφρῦς
1615 868 1905 939 ὀνειρώδης

327 953 501 1009 ἐστίν.
523 953 821 1023 Ὑπόληψις
849 957 960 1026 γὰρ
998 957 1128 1027 κενὴ
1157 958 1252 1010 καὶ
1281 960 1456 1029 οἴησις
1496 959 1700 1029 ματαία
1720 999 1734 1022 ,
1763 959 1904 1013 κατά

326 1045 438 1096 τῶν
464 1045 570 1097 ὑπὸ
592 1048 749 1115 χεῖρα
778 1046 870 1099 τὸν
910 1046 1035 1100 νοῦν
1067 1048 1193 1118 ἄχρι
1232 1051 1376 1112 τινὸς
1409 1050 1771 1114 διαπαίζουσα
1807 1049 1900 1103 τοῦ

325 1135 587 1205 ἄρχοντος
611 1137 705 1188 καὶ
730 1136 1014 1205 φυσιοῦσα,
1050 1139 1444 1208 παραρῤιπίζει
1470 1139 1569 1208 μὲν
1601 1139 1763 1191 αὑτὸν
1805 1139 1901 1192 τοῦ

323 1225 489 1296 ὀρθοὖ
516 1226 694 1293 λόγου,
722 1226 797 1290 ὡς
824 1227 884 1292 ἐξ
905 1227 1072 1280 ὕπνου
1096 1228 1152 1280 δὲ
1180 1232 1277 1300 τῆς
1302 1227 1634 1298 όνειρὼξεως
1659 1230 1753 1283 καὶ
1777 1246 1902 1296 (pavo

321 1321 519 1383 τασίας
543 1321 639 1391 τῆς
670 1320 844 1390 ἀρχῆς
884 1318 1130 1375 ἐκπεσὼν
1149 1361 1163 1384 ,
1205 1322 1300 1390 οὐχ
1330 1317 1485 1391 εὗρεν
1535 1320 1688 1373 οὐδὲν
1711 1361 1726 1380 ,
1761 1319 1903 1374 κατά

321 1413 425 1482 τὴν
446 1413 689 1484 Γραφὴν,
724 1413 781 1464 ἐν
806 1415 925 1477 ταῖς
945 1413 1131 1482 χερσὶο·
1165 1412 1351 1467 αὑτοῦ.
1376 1414 1546 1466 Τοῦτο
1587 1413 1686 1482 μὲν
1713 1413 1774 1464 τὸ
1801 1413 1902 1483 ἄρ-

322 1522 440 1573 χειν
465 1505 604 1558 κατά
629 1503 726 1574 τὴν
766 1504 1037 1574 κοσμικὴν
1063 1505 1418 1574 παραφοράνο
1451 1503 1512 1556 τὸ
1547 1502 1805 1573 ἄρχεσθαι
1844 1502 1900 1555 δὲ

321 1591 490 1643 πάλιν
522 1590 719 1660 μάγος,
757 1592 849 1644 καὶ
895 1591 1134 1656 κόπωσις
1159 1633 1173 1652 ,
1220 1594 1314 1646 καὶ
1349 1593 1528 1654 πόνος.
1568 1593 1681 1661 Τὴν
1711 1591 1900 1645 πενίαν

320 1682 379 1735 δὲ
405 1684 490 1746 τίς
517 1683 616 1736 οὐκ
638 1679 744 1737 οἶδε
763 1683 1084 1754 δουλοσύνην
1110 1681 1273 1738 οὖσαν
1298 1683 1520 1752 πικρὰν,
1539 1685 1630 1736 καὶ
1650 1683 1896 1753 εἱργμὸν,

322 1777 419 1826 καὶ
445 1774 641 1844 δεσμὸν
671 1776 922 1846 ἀνιαρόνς
958 1776 1022 1828 Τί
1061 1777 1118 1829 δὲ
1146 1777 1206 1829 τὸ
1237 1776 1430 1838 κάλλος
1477 1776 1570 1828 τοῦ
1606 1775 1856 1844 σώματος
1883 1790 1896 1836 ς

320 1864 512 1935 Μικρά
541 1865 635 1917 καὶ
659 1866 812 1934 ὀλίγη
839 1866 994 1918 τοῦτο
1024 1867 1184 1936 χάρις
1225 1865 1511 1936 ἀστραπῆς
1537 1904 1550 1928 ,
1577 1863 1736 1931 λόγου
1767 1863 1898 1916 θᾶτ-

319 1972 415 2008 τον
459 1956 554 2026 τὴν
602 1956 724 2024 ὄψιν
767 1957 859 2009 τοῦ
908 1957 1192 2026 βλέποντος
1226 1955 1600 2026 παροδεύουσα
1632 1957 1726 2008 καὶ
1770 1955 1900 2024 φεύ-

321 2065 514 2116 γουσα.
555 2049 619 2101 Τί
653 2051 707 2102 δὲ
751 2052 783 2120 ἡ
826 2050 1047 2120 νεότης;
1091 2051 1144 2102 τί
1193 2052 1249 2104 δὲ
1282 2054 1315 2120 ἡ
1361 2050 1556 2117 πολιά;
1589 2051 1702 2120 Οὐχ
1727 2053 1760 2120 ἠ
1799 2051 1898 2120 μὲν

321 2138 523 2208 χρόνου
557 2138 798 2207 βράσμα.
815 2138 913 2208 τὴν
936 2137 1118 2208 ἀκμὴν
1147 2139 1220 2202 ὡς
1242 2138 1398 2201 ἄνθος
1421 2140 1762 2209 εὐμάραντον
1785 2140 1897 2201 τοῖς

322 2231 468 2293 νέοις
501 2233 795 2299 ὑποφαῖνον
821 2271 835 2292 ,
869 2233 901 2302 ἡ
938 2231 1095 2284 πολιά
1125 2231 1180 2284 δὲ
1223 2231 1374 2294 δύσις
1405 2231 1517 2301 βίου
1539 2273 1554 2297 ,
1587 2231 1754 2301 ἤγουν
1802 2228 1895 2284 τοῦ

321 2323 424 2392 τῆς
461 2324 708 2393 νεότητος
733 2323 926 2386 ἄνθους
953 2324 1188 2394 ὑπάρχει
1233 2326 1554 2395 μαρασμόςς
1600 2323 1758 2376 Ἀλλά
1803 2323 1897 2376 καὶ

321 2415 372 2467 οἱ
397 2414 563 2482 λόγοι,
595 2416 752 2486 φησὶ,
786 2415 1108 2484 πτερόεντες
1138 2415 1212 2478 ὼς
1252 2417 1466 2486 πτερῶν
1497 2416 1653 2485 δίκην
1689 2417 1770 2468 ὅτι
1800 2416 1897 2469 τά-

323 2521 486 2574 χιστα
515 2505 725 2573 ῥέοντες
753 2506 845 2558 καὶ
874 2505 1240 2574 ἀφιπτάμενοι
1260 2544 1274 2562 .
1307 2504 1459 2566 κλέος
1500 2504 1553 2556 δὲ
1588 2504 1766 2568 αὐτοῖς
1790 2505 1894 2556 τίνι

319 2594 466 2666 λόγῳ
496 2596 728 2665 ὑπάρχει
758 2597 784 2648 6
809 2597 947 2667 ἀήρ;
979 2595 1072 2648 καὶ
1112 2593 1218 2665 γὰρ
1239 2589 1391 2655 οὗτος
1422 2593 1607 2662 ῶσπερ
1639 2592 1896 2662 διαῳανὴς

320 2688 462 2740 κατά
496 2686 656 2755 φύσιν
674 2683 850 2736 πέλων
868 2687 959 2739 καλ⁸
988 2687 1208 2755 δίοςμος
1228 2723 1241 2745 ,
1273 2685 1334 2736 τὸ
1365 2685 1479 2752 φῶς
1505 2684 1604 2753 μὲν
1634 2683 1727 2736 καὶ
1760 2681 1897 2753 χρώ-

324 2795 470 2847 ματα
499 2778 673 2830 πάντα
703 2779 836 2848 πρὸς
865 2777 962 2847 τὴν
995 2778 1184 2847 ὅρασιν
1204 2813 1217 2838 ,
1250 2774 1424 2845 ὀσμὰς
1457 2774 1511 2827 δὲ
1551 2775 1730 2837 πάσας
1762 2773 1896 2843 πρὸς

318 2869 382 2922 τὸ
421 2871 520 2940 τῆς
566 2872 881 2940 όσςςρήσεως
914 2869 1266 2939 αἰσθητήριον
1299 2866 1720 2937 ὃιαπορθμειῦει⁸
1753 2867 1894 2920 οὕτω

319 2957 418 3009 καὶ
446 2954 634 3026 διηχὴς
663 2955 738 3007 ῶν
765 2955 900 3026 πρὸς
933 2958 1032 3026 τὴν
1066 2956 1252 3025 ἀκοὴν,
1290 2955 1381 3007 τόν
1405 2972 1462 3006 τε
1488 2954 1645 3022 λόγον
1671 2956 1764 3007 καὶ
1789 2957 1894 3008 πᾶα

319 3065 418 3100 σαν
449 3046 628 3118 φωνὴν
652 3047 744 3099 καὶ
762 3047 932 3116 ψόφον
957 3047 1318 3118 παραπέμπει
1336 3049 1364 3099 6
1393 3047 1520 3115 ἀήρ.
1555 3047 1618 3099 Οἱ
1655 3047 1891 3113 εὐγενεῖς

315 3138 372 3192 δὲ
400 3138 684 3208 λεγόμενοι
711 3139 804 3191 καὶ
831 3141 864 3208 ἡ
906 3137 1153 3205 εὐγένεια
1186 3137 1238 3189 τί
1271 3135 1398 3189 ἄλλο
1439 3137 1470 3207 ἦ
1505 3135 1726 3189 παλαιὸν
1752 3131 1890 3205 αἷμα

315 3229 460 3283 ἕωλα
493 3229 585 3281 καὶ
618 3229 925 3301 πρόσκαιρα
950 3228 1177 3299 τιμηθέν
1199 3228 1380 3291 πέλεις
1413 3227 1573 3298 ῥώμη
1603 3228 1658 3280 δὲ
1693 3228 1894 3298 σαρκὸς

317 3322 415 3374 καὶ
448 3322 634 3390 ἰσχὺς,
686 3320 843 3372 τοῦτο
894 3321 986 3372 καὶ
1027 3319 1151 3382 συὸς
1183 3320 1375 3388 ἀγρίου
1411 3320 1692 3389 γαυρίαμα
1734 3320 1894 3372 καθέ-

317 3429 520 3481 στηκε·
556 3412 648 3464 καὶ
675 3414 702 3464 6
739 3412 898 3482 κόρος
935 3411 1033 3480 μὲν
1073 3409 1333 3482 ὑϐριστὴς
1357 3450 1372 3472 ,
1400 3411 1510 3470 τοῖς
1556 3408 1892 3470 ἀπαιδεύτως

314 3502 494 3571 τούτῳ
528 3501 884 3572 κεχρημένοις
936 3499 1189 3563 ὑπόθεσις
1237 3501 1446 3568 γίνεται
1498 3498 1826 3567 θεομαχίας’
1867 3499 1894 3549 6

313 3591 491 3661 γάμος
512 3591 567 3644 δὲ
591 3591 786 3661 δεσμὸς
811 3633 825 3656 ,
857 3592 949 3644 καὶ
977 3591 1078 3660 τῆς
1103 3589 1242 3643 κατά
1275 3589 1435 3658 φύσιν
1466 3589 1776 3660 ἐλευθερίας
1802 3589 1895 3641 ἀλ-

314 3682 604 3752 λοτρίωσις
623 3700 636 3713 ο
664 3683 758 3736 καὶ
789 3685 822 3752 ἡ
856 3681 1108 3735 εὐτεκνία
1139 3682 1236 3752 μὲν
1265 3679 1538 3748 ἀναγκαία
1562 3681 1780 3750 φροντὶς
1803 3681 1895 3732 καὶ

317 3770 728 3840 ἀπαραίτητος,
770 3771 802 3840 ἡ
837 3769 1120 3823 δυστεκνία
1165 3768 1222 3821 δὲ
1265 3768 1547 3840 ἀρρωστία
1598 3767 1692 3819 καὶ
1741 3766 1895 3829 νόσος

315 3863 434 3914 ἐστὶ
458 3863 636 3933 ψυχῆς
662 3862 1083 3933 ἀπαρηγόρητος
1107 3878 1120 3892 ο
1163 3861 1257 3914 καὶ
1285 3855 1351 3914 αὖ
1384 3859 1543 3914 πάλιν
1567 3899 1582 3924 ,
1615 3860 1672 3912 αἱ
1700 3858 1895 3930 ἀγοραὶ

319 3954 420 4023 μὲν
448 3955 645 4018 κακίας
675 3955 1022 4026 μελεδήματα
1067 3954 1162 4007 καὶ
1188 3950 1563 4024 φροντίσματα
1603 3951 1895 4020 τυγχάνου-

318 4060 404 4096 σιν
428 4086 443 4107 ,
474 4046 530 4098 αἱ
558 4045 678 4098 καθ’
716 4045 946 4116 ἡσυχίαν
968 4045 1024 4098 δὲ
1053 4043 1146 4097 καὶ
1171 4042 1405 4114 μόνωσιν
1429 4043 1701 4113 διατριϐαὶ
1736 4041 1894 4112 ἁδρά-

316 4138 456 4190 νειαί
503 4138 562 4191 τέ
592 4140 696 4191 εἱσι
723 4140 817 4190 καὶ
850 4139 1076 4208 ἀπορίαι
1099 4152 1112 4169 ⁸
1141 4137 1323 4197 πάλιν,
1361 4136 1414 4187 αἱ
1446 4134 1630 4204 τέχναι
1663 4133 1760 4202 μὲν
1787 4135 1894 4186 τῶν

317 4231 456 4297 ἄγαν
511 4229 781 4283 ταπεινῶν
809 4229 901 4282 καὶ
933 4229 1107 4299 χαμαὶ
1151 4228 1458 4297 ἐρχομένων
1497 4225 1890 4295 καθεστήκασι,
1925 4264 1942 4280 .

321 4323 481 4392 στενὴ
511 4322 567 4375 δὲ
595 4325 627 4393 ὴ
677 4321 830 4392 παρὰ
855 4321 964 4374 τῶν
995 4321 1290 4389 ἀλλοτρίων
1314 4316 1672 4390 ἐρανιζομένη
1694 4317 1889 4388 τροφὴ,

317 4413 506 4483 ὥσπερ
555 4415 648 4466 καὶ
683 4413 744 4465 τὸ
782 4415 1104 4483 παρασιτεῖν
1137 4412 1412 4482 αἴσχιστον
1437 4426 1450 4440 ο
1481 4411 1573 4463 καὶ
1620 4409 1679 4462 τὺ
1727 4408 1892 4478 ἀροῦν

321 4505 418 4574 μὲν
440 4504 537 4574 τὴν
573 4503 675 4572 γῆν
695 4504 790 4558 καὶ
821 4504 1084 4572 γεωργεῖν
1108 4501 1350 4564 κοπῶδες
1378 4503 1470 4554 καὶ
1511 4500 1801 4571 μοχθηρὸν,
1832 4499 1892 4552 τὸ

318 4597 672 4663 ποντοπορεῖν
701 4593 756 4646 δὲ
786 4592 1270 4646 κινδυνωδέστατον
1285 4591 1385 4670 καὶ
1406 4590 1466 4643 τὸ
1496 4592 1593 4660 τῆς
1625 4591 1768 4660 ζωῆς
1793 4589 1889 4642 αὺ-

315 4691 432 4750 τοῖς
465 4687 644 4739 πλεῖον
679 4688 736 4739 ὲν
775 4685 852 4756 τῷ
891 4687 1010 4758 ᾄδῃ.

311 4779 377 4833 9-1
415 4780 482 4833 ’11
508 4779 698 4848 πάτρη
718 4778 786 4832 δὲ
807 4778 1096 4846 βέρεθρον
1119 4777 1244 4832 ἐόν
1277 4776 1445 4844 ξείνη
1480 4774 1545 4828 δέ
1568 4774 1618 4827 τ’
1641 4773 1888 4840 ὄνειδος.

386 4935 453 4990 Τί
476 4937 556 4990 ἔτι
593 4935 729 5007 πρὸς
758 4939 868 4999 τοῖς
890 4935 1229 5006 εἰρημένοιςς
1263 4933 1315 4985 τί
1335 4931 1556 4999 γλύκιον
1585 4927 1893 4999 ἀνθρώποις

313 5025 352 5097 ἢ
383 5027 793 5097 θυμηρέστερον
819 5021 1280 5094 πατρίδοςςᾌλλά
1304 5023 1398 5074 καὶ
1422 5019 1580 5090 αὐτὴ,
1616 5017 1770 5088 φησὶ,
1805 5018 1890 5086 βέ-

319 5115 511 5186 ρεθῳν
539 5117 691 5180 ἴδιον,
717 5117 835 5186 ἦτοι
866 5114 1106 5184 βόθυνος,
1131 5111 1473 5168 καθίσταται,
1503 5111 1559 5162 ὲν
1645 5125 1892 5161 καταπα-

313 5209 489 5258 τεῖται
520 5209 614 5260 καὶ
637 5205 1010 5270 ἐξοεδδενοῦται
1038 5205 1131 5255 καὶ
1168 5205 1196 5255 6
1224 5202 1345 5254 λίαν
1378 5200 1664 5262 σπουδαῖος
1695 5198 1888 5259 δοκῶν,

313 5295 396 5365 τῷ
420 5297 700 5368 γειτονικῴ
749 5295 896 5366 ζήλῳ
931 5293 1024 5348 καὶ
1060 5292 1238 5362 φθόνῳ
1272 5291 1584 5362 προδοθείς·
1631 5289 1766 5344 ἀλλά
1799 5288 1894 5341 καὶ

310 5387 378 5441 τὸ
408 5389 499 5441 ἐπὶ
533 5389 692 5460 ξένης
746 5390 841 5441 καὶ
893 5386 1201 5455 ἀλλοδαπῆς
1247 5383 1395 5454 βιοῦν
1446 5383 1538 5435 τὸν
1576 5381 1778 5434 δνειδον
1831 5381 1890 5432 οὐ

312 5478 700 5548 διαπέφευγεν.
745 5478 904 5536 Οὒτω
946 5479 1145 5537 πάντα,
1193 5473 1444 5540 καθάπαξ
1498 5475 1694 5538 εἰπεῖν,
1730 5472 1799 5524 τά
1836 5472 1893 5523 ὲν

314 5569 624 5638 ἀνθρώποις
656 5571 894 5641 ὲράσμια
931 5571 1024 5621 καὶ
1058 5567 1272 5637 ζηλωτά
1303 5565 1653 5635 νομιζόμενα,
1682 5564 1760 5626 εἰς
1791 5562 1894 5631 μά-

315 5678 469 5716 ταιον
524 5661 864 5732 περιίσταται
919 5663 1012 5714 καὶ
1066 5661 1144 5721 εἰς
1209 5656 1588 5728 περισπασμὸν
1637 5656 1891 5724 πονηρὸν,

319 5753 464 5809 πατά
490 5754 580 5810 τὸν
615 5753 1065 5819 Ἐκκλησιαετήν.
1100 5751 1209 5806 Καὶ
1237 5750 1343 5819 γὰρ
1379 5747 1535 5819 χνοῦς
1577 5746 1664 5801 διὶι
1710 5746 1766 5800 τὸ
1803 5747 1889 5798 εὐ-

1346 312 1412 367 ιΝ
1448 311 1758 368 ΕΑΒΜΙΝᾹ
1792 313 2071 368 ARCANA
2113 314 2171 368 S.
2212 313 2565 370 GIlECORII.

3486 319 3585 385 761'

2017 431 2227 486 Divitior:
2254 433 2520 502 male/ida:
2547 445 2597 488 et
2625 434 2841 488 thronus
2871 436 3194 488 somniorum
3221 439 3516 510 fastigium.

2079 590 2340 646 Malelidze
2381 593 2600 662 quidem
2629 595 2854 658 divitiae,
2884 595 3012 664 quia
3045 611 3146 649 nec
3179 609 3587 666 permanentes.

2008 693 2110 732 nec
2136 694 2351 748 semper
2381 681 2469 735 his
2498 682 2589 751 qui
2609 697 2704 738 eas
2723 684 3004 751 possident
3050 685 3104 738 in
3150 695 3402 755 promptu
3437 697 3586 749 sunt,

2007 768 2100 824 sed
2131 770 2410 838 inopinate
2437 787 2580 841 sepe
2619 774 2719 825 hos
2758 774 2852 842 qui
2898 774 2951 828 in
2995 775 3132 844 ipsis
3167 777 3451 830 conﬁdunt
3490 779 3589 833 de-

2006 869 2250 915 serentes
2283 860 2349 913 ad
2385 861 2522 916 alios
2563 862 2930 930 transﬂunnt;
2967 867 3204 920 thronus
3229 884 3360 920 vero
3390 877 3443 923 et
3474 871 3591 938 glo-

2005 948 2144 1002 riola
2189 950 2467 1020 lastigium
2515 961 2644 1005 sunt
2694 957 2913 1009 somnio
2939 957 3141 1012 simile.
3224 958 3359 1011 Nam
3395 960 3590 1013 existi-

2003 1042 2171 1094 matio
2205 1057 2378 1096 vacua
2414 1053 2469 1097 et
2502 1043 2641 1097 fama
2671 1061 2807 1098 vana
2853 1061 2882 1098 a
2920 1047 3186 1116 subjectis
3237 1050 3586 1117 praedicatur,

2002 1133 2243 1186 animum
2280 1133 2517 1202 quodam
2560 1136 2612 1189 in
2658 1137 2829 1204 gradu
2862 1138 3096 1192 illudens
3120 1139 3386 1208 principis
3411 1148 3467 1193 et
3496 1157 3592 1194 su-

2007 1221 2219 1289 perbire
2277 1221 2518 1292 faciens;
2570 1233 2624 1280 et
2651 1227 2848 1279 avertit
2887 1243 3011 1281 cum
3070 1244 3100 1281 a
3150 1238 3296 1282 recta
3348 1231 3584 1285 ratione.

2005 1311 2134 1366 lmle
2161 1314 2318 1383 quasi
2354 1330 2384 1368 a
2414 1316 2767 1372 dormitionis
2803 1319 3034 1373 somniis
3082 1332 3136 1374 et
3169 1337 3198 1374 a
3237 1322 3584 1391 principatus

2003 1402 2310 1465 phantasiis
2355 1406 2774 1474 expergefactus
2820 1407 2958 1460 nihil
3006 1407 3238 1471 invenit,
3275 1411 3584 1464 secundum

2005 1491 2386 1562 Seripturam,
2436 1494 2490 1548 in
2538 1496 2790 1594 manibus
2835 1497 2984 1560 suis;
3023 1497 3154 1551 illud
3196 1499 3450 1568 quidem,
3480 1501 3581 1556 do-

2001 1582 2198 1635 minari
2241 1583 2396 1651 juxta
2448 1577 2782 1638 mundanam
2829 1589 3228 1656 arrogantiam,
3300 1593 3577 1645 subditum

2000 1687 2123 1726 esse
2155 1688 2186 1726 e
2225 1683 2414 1727 contra
2460 1675 2611 1730 labor
2655 1689 2709 1730 et
2741 1693 2987 1731 tertnnua
3023 1687 3078 1732 ct
3127 1682 3395 1735 molestia.
3437 1682 3580 1735 Pall-

2001 1769 2264 1829 pertatem
2298 1771 2479 1817 autem
2502 1765 2628 1832 quis
2662 1781 2770 1818 non
2815 1766 2967 1818 novit
3009 1768 3257 1820 servituti
3301 1785 3499 1822 amara:
3529 1779 3585 1824 et

1997 1855 2209 1907 carceri
2243 1855 2296 1906 in
2326 1855 2546 1909 vinculo
2571 1857 2770 1910 acerbo
2801 1857 2944 1911 haud
2976 1858 3434 1928 imparcm?Quid
3461 1877 3586 1914 cor-

1998 1943 2146 2012 poris
2174 1943 2561 2012 pulchritudo?
2603 1947 2785 2000 tenuis
2822 1954 2877 2000 et
2927 1947 3109 2002 brevis
3153 1948 3269 2002 haec
3325 1950 3586 2018 splendor

2001 2033 2256 2104 fulguris,
2293 2037 2461 2091 verbo
2483 2037 2649 2093 citius
2673 2038 2866 2095 oculos
2905 2040 3140 2094 videntis
3183 2041 3499 2109 praeteriens
3531 2051 3585 2095 et

2001 2125 2234 2193 fugiens.
2270 2125 2409 2191 Quid
2441 2135 2495 2181 et
2541 2126 2844 2197 juventus?
2887 2130 3017 2200 quid
3061 2131 3360 2185 senectus?
3389 2129 3584 2186 Nonne

1999 2214 2090 2268 illa
2123 2218 2387 2286 temporis
2427 2218 2652 2288 agitatio
2680 2219 2799 2273 acie
2828 2235 2927 2274 sua
2950 2221 3108 2288 quasi
3144 2219 3244 2274 ilos
3278 2234 3405 2272 mox
3437 2235 3587 2272 mar-

1998 2320 2230 2361 resccns
2257 2306 2554 2375 juvenibus
2582 2308 2837 2377 refulgrt,
2867 2319 3122 2365 senectus
3153 2327 3282 2364 vero
3313 2312 3434 2365 vita:
3457 2327 3586 2381 spoo

1999 2397 2173 2459 iiatio,
2199 2397 2354 2453 floris
2391 2400 2631 2467 juventa:
2687 2401 2972 2456 deﬂoratio
3027 2405 3151 2457 est?
3207 2403 3310 2456 Sed
3362 2410 3417 2456 ct
3465 2419 3584 2457 scr-

1999 2501 2211 2546 tuoncs,
2253 2489 2589 2559 inquit,alati
2621 2493 2777 2559 quasi
2813 2505 3114 2558 pennarum
3156 2509 3260 2560 ope
3300 2508 3461 2561 quam
3501 2495 3584 2546 ei-

2004 2574 2216 2629 tissime
2249 2577 2433 2629 volant
2463 2588 2516 2629 et
2544 2582 2919 2642 transierunt;
2965 2589 3018 2633 et
3047 2582 3237 2633 decori
3279 2582 3412 2651 ipsis
3439 2599 3581 2652 quo-

1998 2663 2159 2718 modo
2207 2674 2290 2720 est
2318 2665 2448 2719 aer?
2497 2665 2707 2720 Etenim
2748 2669 2852 2723 iste
2892 2679 3090 2722 natura
3132 2671 3421 2739 perlucens
3455 2688 3580 2725 cum

1996 2757 2066 2808 sit
2125 2764 2179 2808 rt
2239 2757 2501 2812 odoribus
2555 2760 2986 2825 transmeabilis,
3038 2762 3218 2814 lumen
3265 2771 3319 2815 et
3364 2763 3582 2817 colores

1997 2863 2186 2902 onmes
2212 2848 2278 2901 ad
2315 2849 2516 2910 visum.
2565 2857 2614 2904 et
2668 2851 2871 2906 odores
2919 2860 3153 2908 cunctos
3205 2852 3272 2906 ad
3318 2854 3580 2908 olfactum

1999 2939 2252 2993 traducit.
2291 2938 2382 2993 Sic
2424 2950 2478 2993 et
2522 2956 2717 2994 sonum
2757 2945 3134 2997 transmittens
3179 2944 3249 2997 ad
3301 2945 3577 3008 auditum,

1996 3045 2304 3084 εθῐιιιοιιιξιη
2374 3042 2741 3100 cunctamque
2805 3049 2994 3088 VOCCIII
3073 3044 3239 3104 atque
3309 3035 3579 3104 fragorem

1995 3119 2222 3174 adducit
2258 3137 2372 3175 aer.
2406 3121 2737 3178 Liberaliter
2767 3126 2903 3189 nati,
2939 3135 2997 3180 ut
3043 3128 3217 3189 aiunt,
3258 3128 3387 3196 quid
3425 3136 3577 3191 sunt,

1995 3212 2124 3280 quid
2147 3213 2294 3267 aliud
2329 3222 2414 3268 est
2438 3215 2589 3268 clara
2628 3218 2780 3286 origo
2822 3219 2923 3270 nisi
2961 3219 3177 3286 priscos
3208 3221 3432 3289 sanguis
3465 3220 3609 3274 heri‘

1995 3313 2048 3358 et
2069 3303 2134 3357 ad
2184 3313 2398 3374 tempus
2448 3305 2775 3361 honoratus?
2796 3305 2981 3360 liobni'
3004 3309 3193 3363 carnis
3224 3317 3277 3362 ct
3311 3310 3498 3378 vigor?
3526 3312 3581 3363 id

1995 3403 2046 3445 et
2078 3393 2195 3462 apri
2245 3395 2502 3461 gloriatio
2537 3399 2742 3449 iactum
2795 3405 2898 3451 est.
2943 3396 3010 3450 Et
3055 3398 3277 3466 juvenis
3311 3415 3579 3468 arrogans

1996 3486 2064 3539 iis
2092 3487 2183 3554 qui
2210 3486 2304 3540 illo
2349 3487 2598 3556 imperite
2652 3496 2882 3540 utuntur
2915 3490 3044 3543 belli
3093 3489 3360 3545 adversus
3407 3491 3579 3545 Deum

1999 3579 2055 3628 lit
2084 3578 2323 3631 occasio.
2367 3577 2772 3632 Matrimonium
2824 3591 3006 3633 autem
3047 3581 3322 3634 vinculum
3351 3593 3434 3635 εει.
3467 3593 3520 3634 et
3548 3599 3580 3635 a

1997 3665 2247 3721 libertate
2277 3670 2518 3724 naturali
2566 3669 2907 3734 immutatio;
2938 3679 2989 3724 ct
3031 3672 3251 3740 egregia
3283 3672 3462 3741 proles
3487 3688 3582 3724 ne-

1995 3760 2238 3812 cessaria
2269 3759 2595 3813 sollicitudo
2619 3776 2741 3829 quae
2767 3762 2925 3814 vitari
2957 3765 3166 3830 nequit,
3195 3775 3242 3816 et
3272 3765 3453 3831 proles
3488 3780 3581 3818 ne-

1995 3863 2155 3917 quam
2192 3850 2448 3903 mmSIitia
2488 3850 2822 3920 morbosque
2848 3860 2932 3906 est
2973 3853 3171 3907 anima:
3198 3857 3581 3909 consolatione

1998 3955 2106 3993 non
2141 3939 2426 3994 levandos.
2458 3939 2524 3993 Et
2548 3955 2806 4004 rursum,
2862 3942 3121 3998 tutudinaa
3153 3945 3374 3998 malitiae
3405 3945 3580 3999 medi-

1997 4032 2237 4084 tationes
2263 4040 2318 4084 et
2339 4031 2704 4099 cogitationes
2735 4039 2885 4094 sunt,
2911 4033 2965 4085 in
2995 4034 3179 4103 quiete
3200 4045 3254 4087 et
3277 4035 3578 4090 solitudine

1997 4121 2179 4175 studia
2202 4120 2507 4176 debilitates
2561 4128 2692 4174 sunt
2733 4129 2788 4175 et
2823 4123 3069 4190 penuria.
3102 4121 3380 4183 Rursum,
3429 4129 3578 4176 artes

1997 4212 2140 4282 apud
2167 4211 2329 4266 nimis
2354 4219 2697 4280 contemples
2722 4220 2775 4265 et
2801 4212 2950 4266 humi
2977 4212 3226 4279 jacentes
3243 4211 3578 4274 consistunt.

1996 4314 2208 4358 arctum
2243 4313 2292 4356 et
2320 4319 2348 4356 a
2382 4303 2634 4373 proximo
2657 4304 3030 4360 mendicatum
3060 4306 3400 4368 alimentum.
3431 4305 3579 4359 sicut

1996 4406 2049 4450 et
2080 4395 2368 4465 parasitari
2421 4405 2578 4464 turpe
2616 4396 2806 4462 valde;
2856 4403 2908 4450 et
2963 4413 3123 4452 arare
3169 4407 3372 4452 terrain
3415 4408 3580 4468 atque

1995 4489 2176 4541 colere
2211 4485 2532 4556 fatigatione
2563 4487 2806 4541 abundat
2851 4496 2906 4542 et
2947 4488 3267 4549 sudoribus.
3317 4490 3580 4558 navigare

1996 4595 2124 4632 vero
2150 4579 2682 4648 periculosissimum
2706 4589 2760 4635 et
2787 4581 3163 4651 navigantium
3195 4582 3304 4635 vita
3339 4580 3578 4650 plurima

1998 4670 2213 4725 inferno
2253 4672 2520 4739 proxima.

1991 4763 2054 4818 Si
2104 4763 2293 4817 Patria
2330 4762 2515 4831 tellus,
2555 4764 2826 4832 proprium
2861 4763 3209 4905 baratltrumi
3249 4773 3429 4884 exlt’era
3479 4780 3576 4833 ope

3212 4851 3306 4900 pro
3347 4850 3505 4886 nunt.

3212 4850 3505 4900 proortum.

2064 4925 2204 4991 Quid
2245 4923 2445 4983 adhuc.
2481 4923 2566 4977 his
2598 4923 2795 4979 dictis?
2842 4921 2970 4993 quid
3004 4925 3322 4978 hominibus
3355 4925 3576 4979 dulcius

1995 5022 2090 5065 aut
2129 5012 2420 5066 antabilius
2463 5027 2625 5079 quam
2664 5012 2878 5079 patria?
2929 5010 3037 5065 Sed
3085 5023 3140 5069 et
3192 5013 3328 5081 ipsa,
3373 5013 3575 5082 inquit,

1996 5105 2151 5157 fovea
2191 5112 2276 5156 est
2306 5118 2434 5154 vera
2471 5112 2526 5155 et
2563 5103 2731 5163 fossa,
2777 5103 2829 5154 in
2875 5119 2981 5172 qua
3034 5103 3260 5172 pedibus
3289 5104 3484 5157 teritur
3520 5111 3574 5157 et

1997 5194 2350 5263 vilipenditnr
2378 5193 2542 5247 etiam
2573 5192 2664 5262 qui
2696 5193 2850 5248 valde
2891 5197 3172 5252 studiosus
3213 5195 3422 5248 videtur
3443 5210 3572 5263 erga

1994 5304 2137 5349 eam,
2178 5286 2485 5340 vicinorum
2531 5286 2876 5342 :emulatione
2929 5296 2986 5341 et
3045 5287 3246 5340 invidia
3303 5286 3572 5344 traditus:

1995 5381 2090 5436 sed
2122 5389 2178 5435 et
2214 5382 2363 5433 vivat
2399 5379 2540 5434 alius
2570 5379 2625 5433 in
2661 5388 2805 5434 terra
2835 5380 3096 5450 hospitali
3144 5389 3198 5433 et
3245 5379 3571 5447 alienigena,

1993 5473 2432 5544 objurgatitmem
2464 5488 2572 5526 non
2603 5472 2816 5526 vitavit.
2843 5472 2936 5527 Sic
2965 5480 3191 5534 cuncta,
3226 5477 3282 5522 ut
3313 5484 3420 5522 una
3451 5471 3571 5523 vice

1994 5565 2193 5623 diram.
2235 5579 2356 5632 qua:
2386 5561 2700 5616 hominibus
2730 5561 2982 5614 amabilia
3022 5567 3079 5613 et
3114 5558 3572 5627 concupiscibilia

1999 5662 2336 5722 reputantur,
2373 5652 2427 5704 in
2453 5649 2752 5703 vanitatem
2798 5649 3048 5703 recidunt
3092 5657 3146 5702 et
3204 5648 3257 5700 in
3335 5663 3573 5714 ori-opa-

1998 5749 2201 5801 tioncm
2237 5743 2550 5814 pessimam,
2599 5740 2742 5812 apud
2787 5737 3201 5796 Ecclesiaswtu.
3237 5737 3374 5793 Nam
3413 5738 3572 5808 quasi
