4030 6232
231 252 341 310 765

227 371 439 444 σαρκὸς
462 366 728 440 κραταιού
736 381 919 437 μενον,
952 362 1031 435 τῷ
1048 362 1170 434 Θεῷ
1202 363 1621 418 ἀντιτάσσεσθαι
1646 363 1824 416 ἀπαυ-

226 462 533 527 θαδίζεται,
572 459 661 513 διά
693 458 804 511 τῶν
835 454 1212 528 προκειμένων
1236 455 1442 509 τούτων
1476 454 1624 508 ἐπῶν
1654 455 1685 508 ό
1724 471 1826 525 μα-

225 551 571 623 καριώτατος
602 546 878 619 ίερολόγος
916 544 1011 599 τοῦ
1039 542 1395 614 εὐαγγελικοῦ
1426 543 1594 614 νόμου
1623 542 1691 598 τὰ
1734 559 1825 598 κε-

224 644 435 714 φάλαια
475 642 572 696 καὶ
611 639 706 693 τοῦ
745 639 1090 710 φρονήματος
1118 636 1214 692 τοῦ
1262 635 1574 707 πνεύματος
1608 634 1708 707 τὴν
1741 636 1823 700 είς

229 735 325 788 ἀεὶ
350 731 714 803 διαμένουσαν
741 729 899 794 δόξαν
938 724 1247 796 ὑπαυγάζει
1280 726 1373 781 καὶ
1405 726 1503 796 τὴν
1541 725 1716 796 ίσχὺν,
1740 722 1822 795 τῷ

228 821 656 895 θεαρχικωτάτῳ
695 818 794 891 μὲν
835 817 1016 888 Ἰησοῦ
1044 816 1366 889 όμοφρόνως
1398 815 1494 869 καὶ
1518 813 1821 886 ὁμοφώνως

230 913 579 987 μακαρίζων.
621 911 718 965 καὶ
747 909 975 982 πλήρεις
1003 909 1227 979 ἀγαθῶν
1268 907 1660 980 ἀνακηρύττων
1692 907 1820 970 τοὺς

224 1007 291 1059 ιν
338 1004 568 1075 ἀληθεία
606 1001 818 1067 ζῶντας
863 1000 896 1071 ἢ
939 1000 1206 1071 ζήσοντας
1248 998 1365 1070 (οὓς
1412 999 1669 1064 κάκεῖνος
1719 996 1817 1053 τοῦ

230 1094 569 1165 Εὖαγγελίου
618 1091 1037 1162 καταρχόμενος,
1072 1090 1410 1161 ὲμακάρισεν
1453 1091 1483 1143 ό
1534 1089 1816 1160 Χριστὸς),

224 1189 393 1259 ὄρους
422 1186 478 1240 δὲ
509 1184 586 1257 τῷ
614 1185 728 1238 δντι
756 1181 1128 1253 πνευματικοῦ
1150 1180 1266 1252 βίου
1295 1182 1388 1236 καὶ
1416 1182 1622 1237 τελείου
1649 1181 1818 1248 τιθεὶς

226 1273 416 1346 ἑαυτῷ
448 1274 547 1345 τῆς
594 1275 652 1327 ὲν
692 1272 884 1342 κόσμῳ
927 1270 1024 1324 καὶ
1063 1269 1143 1340 τῷ
1180 1268 1394 1341 σώματι
1425 1271 1601 1341 τούτῳ
1631 1270 1814 1343 ζωῆς,

226 1366 323 1420 ἵνα
355 1366 452 1421 καὶ
476 1365 576 1437 τὴν
616 1363 833 1435 ποίησιν
856 1364 952 1416 καὶ
988 1361 1087 1435 τὴν
1118 1361 1320 1427 δίδαξιν
1350 1364 1449 1433 τῆς
1478 1365 1817 1437 Δεσποτικῆς

224 1459 611 1531 παραδείξειεν
665 1456 908 1526 ἐντολῆς,
945 1450 1027 1518 οἷς
1072 1456 1102 1509 ό
1145 1456 1335 1526 Μέγας
1381 1455 1606 1528 κληθεὶς
1647 1459 1707 1511 ὲν
1745 1460 1812 1531 τῇ

217 1551 338 1605 τῶν
365 1550 613 1623 οὐρανῶν
653 1548 903 1620 βασιλεία
937 1546 1124 1617 σαφῶς
1156 1549 1660 1622 χαρακτηρίζεται·
1695 1550 1817 1604 ἴδω-

222 1661 334 1716 μεν
371 1642 430 1697 δὲ
477 1640 901 1712 κεκομψευμενῃ
948 1636 1092 1703 λέξει
1123 1637 1221 1711 τὴν
1248 1639 1610 1713 εὐαγγελικὴν
1639 1640 1810 1696 θεολο-

218 1736 374 1807 γίαν.
1342 1774 1345 1775 ν

224 1852 494 1916 ’0.16ιος,
517 1847 688 1913 ὅστις
718 1842 946 1915 ἔρημον
969 1840 1098 1917 ἔχει
1113 1844 1282 1912 βίον,
1313 1864 1368 1903 κ.
1399 1863 1449 1902 τ.
1478 1845 1528 1902 λ.

292 1956 470 2027 οὗτος
499 1961 688 2032 ἔμοιγε
717 1956 951 2036 πρώτως
981 1960 1220 2034 ὑπάρχει
1252 1960 1612 2034 μακαριστὸς,
1639 1962 1668 2015 ό
1692 1960 1811 2016 θεο-

223 2052 701 2127 μακαριστότατος·
776 2050 1131 2121 θεοφθόγγοις
1202 2050 1392 2104 ἔπεσιν
1453 2051 1815 2119 ἀποφαίνεται

222 2147 555 2217 Γρητόριος,
583 2144 642 2209 ὃς
670 2143 764 2199 τοῦ
796 2143 1028 2216 ματαίου
1058 2143 1169 2196 τῶν
1199 2142 1501 2215 ἀνθρώπων
1530 2143 1645 2214 βίον
1674 2143 1815 2199 ὑπα-

219 2236 651 2309 νακεχωρηκὼς,
676 2235 908 2307 ἀμικτόν
931 2251 991 2288 τε
1016 2233 1112 2289 καὶ
1136 2233 1498 2305 ἀκοινώνητον
1523 2234 1659 2306 πρὸς
1686 2235 1815 2289 ἀσε-

220 2332 351 2392 63E;
380 2328 476 2381 καὶ
504 2327 862 2398 ἁμαρτωλοὺς
891 2325 1134 2389 διαϐιοὺς
1161 2324 1295 2396 βίον,
1327 2324 1529 2380 ὲθὲωσε
1561 2326 1653 2380 τὸν
1684 2327 1813 2380 ἑαυ-

220 2422 328 2477 τοῦ
365 2420 490 2475 νοῦν
522 2420 810 2491 ἀχράντοις
844 2417 1064 2488 ἐφέσεσι
1088 2420 1208 2482 ταῖς
1246 2417 1385 2490 πρὸς
1426 2417 1516 2472 τὸν
1546 2416 1681 2472 Θεὸν
1716 2418 1813 2472 καὶ

218 2512 472 2583 ὁμιλίαις
495 2527 510 2543 ·
543 2511 813 2586 μακάριος
844 2509 901 2562 δὲ
933 2509 1028 2563 καὶ
1055 2509 1114 2572 ὃς
1144 2509 1346 2581 μεταξὺ
1375 2509 1485 2562 τῶν
1508 2508 1813 2580 ἀνθρώπων

219 2604 306 2675 τῷ
332 2602 485 2675 τόπῳ
508 2603 603 2657 καὶ⁸
627 2602 705 2673 τῷ
733 2601 948 2673 σώματι
975 2599 1448 2671 ἀναστρεφόμενος
1469 2641 1484 2666 ,
1511 2602 1579 2672 τῇ
1619 2600 1813 2654 εὐστα-

220 2697 356 2769 θείᾳ
402 2697 496 2751 τού
540 2694 631 2750 νοῦ
670 2695 732 2749 10
785 2694 1039 2766 μονάζειν
1081 2691 1485 2764 κατωρθώσατο
1503 2731 1519 2756 ,
1566 2694 1662 2747 καὶ
1702 2694 1813 2748 τῶν

222 2791 495 2863 μυσαρῶν
525 2789 974 2861 ἐπιτηδευμάτων
997 2787 1527 2860 ἀπαλλοτριούμενος
1552 2788 1681 2860 ὅλην
1720 2790 1813 2843 αύ-

216 2884 321 2938 τοῦ
350 2883 449 2955 τὴν
470 2882 699 2955 καρδίαν
724 2881 813 2936 διὰ
839 2880 1150 2953 προσευχῆς
1185 2880 1389 2953 συνῆψε
1418 2880 1496 2953 τῷ
1520 2881 1640 2953 Θεῴ
1692 2883 1814 2937 Μα-

220 2979 443 3049 κάριος,
474 2974 534 3039 δς
555 2975 776 3029 πάντων
794 2967 871 3028 ὧν
895 2991 1025 3028 ποτε
1059 2970 1172 3044 εἷχε
1200 2971 1497 3044 κτημάτων
1527 2973 1562 3045 ἢ
1594 2990 1698 3045 χρη
1709 2975 1814 3045 μά·-

216 3088 333 3126 των
374 3070 728 3139 άντωνήσατο
769 3066 1036 3138 Χριστὸν,
1071 3067 1167 3119 καὶ⁸
1208 3066 1370 3137 μόνον
1412 3065 1589 3137 ἐαυτῷ
1619 3065 1810 3120 ὑπελί-

220 3177 361 3215 πετο
410 3158 601 3229 κτῆμα
647 3156 741 3210 τὸν
790 3156 1046 3229 σταυρὸν,
1089 3148 1136 3223 ᾧ
1178 3155 1273 3210 καὶ
1314 3156 1400 3228 ζῇ,
1439 3157 1536 3210 καὶ
1579 3156 1813 3210 ἐπὶτῶν

217 3248 393 3321 ὤμων
423 3247 566 3319 ἄρας
594 3244 732 3315 ὑψοῦ
754 3284 768 3309 ,
810 3245 1250 3317 ἀμεταστρεπτεὶ⁵
1287 3245 1366 3317 τῷ
1407 3247 1812 3319 ὲσταυρωμένῳ

220 3339 535 3396 ἀκολουθεῖ.
567 3337 856 3409 Μακάριος
881 3338 976 3391 καὶ
1004 3337 1063 3401 δς
1095 3336 1204 3390 τῶν
1232 3337 1491 3407 καθαρῶς
1525 3338 1677 3410 αύτῷ
1716 3340 1813 3394 καὶ

218 3431 455 3495 δικαίως
482 3428 1014 3501 προσγεγενημένων
1040 3429 1287 3502 κτήσεων
1316 3428 1505 3499 κύριος
1533 3428 1631 3493 ῶν,
1654 3432 1815 3503 χεῖρα

220 3523 365 3579 Θεοῦ
408 3521 791 3592 φιλάνθρωπον
826 3522 1116 3591 μιμεῖται,
1156 3522 1271 3584 τοῖς
1320 3519 1556 3575 ἐνδεέσιν
1611 3522 1814 3592 ίλαρῶς

219 3615 746 3685 ἐπιδαψιλευόμενος
773 3654 789 3679 ,
840 3614 939 3666 καὶ
990 3613 1050 3665 ὶν
1096 3615 1211 3676 τοῖς
1265 3612 1569 3684 ἀλλοτρίοις
1618 3614 1812 3677 πιστὸς

221 3702 715 3772 ἀποδεικνύμενος,
743 3700 840 3755 καὶ
861 3701 938 3764 ὼς
966 3700 1231 3772 φρόνιμος
1257 3701 1541 3772 οἰκονόμος
1567 3702 1815 3757 ἐπαινού-

220 3811 414 3867 μενος.
464 3794 610 3865 Πρὸς
632 3792 843 3857 τούτοις
878 3792 1150 3865 μακάριος
1188 3795 1219 3846 ό
1260 3793 1352 3847 τόν
1395 3792 1725 3865 παρθενικόν
1754 3811 1814 3848 τε

218 3888 321 3941 καὶ
352 3887 533 3955 ἄζυγα
564 3885 674 3939 τῶν
714 3885 1085 3957 μακαρτάτων
1133 3884 1522 3957 μεμιμημένος
1583 3884 1809 3955 τρόπον’

218 3980 272 4033 οἶ
300 3980 406 4049 τῆς
447 3975 649 4049 σαρκδς
679 3978 862 4030 πᾶσαν
886 3975 1184 4030 εὐπάθειαν
1212 3978 1308 4030 καὶ
1335 3976 1546 4048 τρυφὴν
1584 3978 1814 4041 ἀποσει-

221 4067 487 4139 σάμενοι,
531 4068 599 4137 τῇ
647 4066 757 4120 τῶν
796 4064 988 4120 παθῶν
1031 4066 1203 4137 αὐτῆς
1238 4065 1616 4140 ἀπονεκρώσει
1644 4070 1811 4137 ἐγγὺς

218 4159 327 4229 τῆς
364 4157 525 4225 ἀγίας
542 4157 811 4228 Θεότητος
836 4158 896 4211 ὲν
916 4156 995 4229 τῷ
1019 4155 1293 4228 πνεύματι
1316 4156 1661 4229 γεγένηνται.
1692 4160 1816 4215 Μα-

219 4250 418 4319 κάριος
464 4248 558 4299 καὶ
603 4238 759 4309 οὗτος
797 4244 917 4317 μετ’
963 4245 1209 4309 ἐκείνους
1251 4247 1281 4299 ό
1320 4244 1544 4318 θεσμοῖς
1584 4247 1683 4318 μὲν
1713 4246 1812 4300 τοῦ

219 4339 407 4407 γάμου
455 4335 549 4389 καὶ
588 4335 774 4404 νόμοις
820 4333 958 4407 πρὸς
989 4334 1169 4403 ὀλίγον
1204 4334 1486 4401 ὑπενδοὺς,
1519 4335 1614 4390 καί
1640 4352 1706 4405 γε
1748 4335 1813 4390 τὸ

220 4431 386 4503 χρέος
419 4428 524 4498 τῆς
564 4428 913 4493 παιδοποιίας
962 4425 1446 4498 ἀφοσιωσάμενος,
1492 4428 1592 4498 τὴν
1641 4428 1813 4483 πλείω

219 4523 276 4576 ἂ
317 4523 515 4592 μοῖραν
546 4516 639 4574 τοῦ
671 4519 869 4593 ἔρωτος
895 4518 1202 4590 θυσάμενος
1226 4518 1469 4590 Χριστῷ.
1495 4520 1809 4591 Μακάριος,

219 4612 279 4677 0;
322 4611 387 4683 τὸ
422 4611 623 4682 κράτος
664 4610 761 4664 καὶ
801 4608 902 4680 τὴν
936 4606 1195 4675 ἐξουσίαν
1239 4609 1661 4681 ἀναδεδεγμένος
1714 4611 1810 4667 τοῦ

219 4701 357 4756 λαοῦ
387 4702 479 4755 διὰ
506 4701 601 4755 τοῦ
632 4701 732 4771 τῆς
756 4700 908 4764 θείας
944 4700 1230 4773 ίεραρχίας
1261 4700 1656 4772 καθηγεῖσθαι,
1689 4706 1812 4769 ταῖς

223 4794 623 4862 εὐαγεστάταις
654 4793 751 4847 καὶ
777 4795 953 4865 ἱεραῖς
991 4792 1397 4865 τελετουργίαις
1436 4792 1531 4847 τὸν
1576 4795 1812 4867 Χριστὸν

222 4886 339 4946 τοῖς
365 4883 674 4955 ἀνθρώποις
701 4884 1061 4938 καταλλάττει
1079 4883 1176 4937 καὶ
1195 4883 1810 4959 ἑξιλεοῦται.Μακάριος

220 4973 280 5029 δὲ
302 4976 397 5027 καί
423 4971 598 5038 οὗτος,
627 4974 686 5041 δς
707 4975 772 5029 οὐ
799 4974 1059 5046 ποιμένος
1088 4975 1122 5046 ἢ
1156 4975 1365 5048 πατρὸς
1397 4975 1554 5046 λόγον
1574 4978 1808 5050 ἐπέχων,

220 5068 413 5120 τέκνον
441 5067 498 5121 δὲ
521 5069 622 5139 τῆς
667 5067 995 5139 Ἐκκλησίας
1023 5067 1120 5121 καὶ
1146 5067 1245 5139 τῆς
1273 5067 1514 5139 ποίμνης
1540 5069 1809 5142 ἐξοχώτα-

222 5175 316 5222 τος
357 5158 435 5212 ῶν
459 5201 476 5225 ,
514 5159 591 5223 ὡς
640 5158 742 5229 τὴν
775 5159 881 5213 τῶν
923 5159 1212 5231 προνόμων
1259 5158 1445 5231 χώραν
1486 5158 1666 5231 λαχὼν
1715 5162 1811 5217 καὶ

223 5253 337 5304 τῶν
362 5252 671 5321 ὑφειμένως)
719 5251 1164 5324 καθηγούμενος,
1207 5251 1433 5324 θρέμμα
1473 5251 1810 5309 τελειότατον

225 5340 465 5415 ὑπάρχει
486 5343 749 5415 Χριστοῦ.
775 5343 1046 5415 Ἐτιπρδς
1068 5344 1184 5407 τοῖς
1203 5343 1516 5416 εἰρημένοις
1540 5345 1811 5419 μακάριος

226 5433 308 5502 τῷ
326 5435 444 5488 δντι
467 5436 562 5488 καὶ
592 5434 854 5505 ζηλωτὸς,
883 5435 943 5500 ὃς
972 5436 1365 5508 καθαρωτάτου
1394 5437 1489 5489 καὶ
1512 5435 1809 5506 άγνοτάτου

227 5527 352 5592 νοὸς
383 5529 581 5599 ἑρωαῖς
616 5529 711 5583 καὶ
738 5530 1079 5602 όρμήμασιν,
1104 5532 1225 5603 ἦτοι
1253 5532 1468 5602 νοεραῖς
1504 5529 1759 5602 θεωρίαις
1790 5571 1806 5597 ,

226 5620 342 5674 τῶν
365 5622 770 5695 ύπερουρανίων
798 5624 891 5677 καὶ
916 5622 1213 5696 ἀφράστων
1233 5622 1329 5691 τῆς
1353 5621 1581 5693 τριάδος
1604 5623 1806 5694 ἐλλάμ-

222 5717 374 5789 ψεων
401 5716 468 5771 τὰ
499 5716 669 5790 κάλλη
693 5718 786 5773 καὶ
810 5716 905 5783 τάς
919 5716 1310 5791 λαμπρότητας
1330 5717 1805 5792 καταστράπτεται

1259 238 1328 295 IN
1366 237 1672 296 (IARMINA
1712 236 1988 296 ARCANA
2029 233 2486 296 εγοιιεοοιιιι.

3407 230 3515 290 766

1928 360 2229 432 praevalens
2290 357 2402 415 Deo
2455 355 2718 413 resistere
2761 355 2998 427 superbe
3048 357 3361 422 contendit.
3416 375 3516 432 ρετ

1924 450 2094 504 allata
2129 448 2377 503 carmina
2422 447 2528 502 ista
2579 445 2937 502 beatissimus
2981 459 3081 516 pro
3114 445 3225 501 Deo
3250 450 3515 505 sermoci-

1924 549 2089 598 nator
2117 538 2461 611 Evangelicaz
2489 538 2626 609 legis
2654 537 2837 609 capita
2866 545 2923 593 et
2952 536 3257 608 prudentiae
3284 538 3515 609 spiritus

1923 634 2156 704 gloriam
2190 632 2246 687 in
2283 639 2551 688 :eternum
2575 638 2900 686 .ntanentem
2941 629 3184 685 illustrat
3224 636 3280 683 et
3321 628 3514 696 robur,

1921 726 2259 797 cogitatione
2288 723 2508 795 quidem
2544 722 2735 777 eadem
2772 729 2827 775 et
2850 736 2984 775 voce
3029 734 3137 792 qua
3182 735 3398 775 summe
3427 720 3514 774 di-

1917 818 2084 873 vinus
2115 816 2280 873 Jesus
2334 814 2611 871 beatilicat
2640 824 2693 871 et
2728 814 2890 869 bonis
2927 811 3276 868 abundantes
3310 812 3512 882 prazdi~

1918 917 2010 963 eat
2039 908 2163 964 illos
2200 906 2299 978 qui
2347 907 2406 962 in
2450 905 2679 960 veritate
2710 904 2996 959 ambulant
3024 912 3077 960 et
3127 903 3510 966 ambulabunt,

1919 1014 2059 1071 quos
2114 1005 2170 1055 et
2230 1000 2348 1069 ipse
2418 996 2769 1068 Evangelium
2846 996 3115 1052 inchoans
3179 995 3511 1051 beatiﬁeavit

1916 1092 2195 1154 Christus,
2229 1090 2453 1161 regulas
2490 1104 2618 1145 vere
2661 1088 2965 1159 spiritualis
3009 1096 3064 1142 et
3105 1088 3361 1158 perfecta:
3385 1088 3510 1140 vitae

1917 1200 2233 1257 proponens
2264 1183 2366 1237 sibi
2400 1182 2455 1236 in
2491 1181 2689 1236 diebus
2717 1180 2884 1246 hujus
2915 1179 3102 1234 mundi
3137 1187 3193 1234 et
3223 1178 3498 1246 corporis,

1919 1287 1981 1333 ut
2023 1277 2312 1332 facientem
2358 1274 2759 1344 ducentemque
2810 1273 3096 1329 Dominica
3144 1272 3401 1327 mandata
3444 1286 3506 1326 se

1913 1370 2229 1427 ostenderet
2259 1388 2272 1424 :
2311 1367 2395 1423 his
2420 1366 2651 1436 Magnus
2681 1374 2910 1424 vocatus
2937 1366 3005 1420 ad
3039 1380 3205 1435 regna
3235 1364 3503 1418 cmlnrum

1914 1469 2104 1529 aperte
2134 1459 2499 1529 signiﬁcatur.
2534 1454 2829 1512 Videamus
2857 1456 3025 1527 igitur
3047 1462 3266 1525 compto
3283 1452 3505 1524 eloquio

1912 1550 2290 1624 emungelicum
2330 1563 2660 1606 sermonem.

1920 1851 2120 1911 Beatus
2145 1854 2236 1926 qui
2264 1853 2322 1909 in
2346 1854 2640 1910 solitudine
2665 1853 2829 1926 degit,
2859 1864 2966 1911 etc.

1985 1966 2081 2046 Ille
2119 1965 2255 2022 mihi
2298 1965 2479 2037 primo
2524 1965 2718 2022 beatus
2764 1971 3011 2036 apparet,
3068 1963 3309 2019 declarat
3368 1976 3506 2019 voce

1914 2058 2028 2115 Deo
2059 2058 2225 2131 digna
2258 2057 2580 2128 Gregorius,
2621 2057 2937 2112 beatudinis
2972 2056 3172 2111 divina:
3190 2055 3351 2111 valde
3372 2071 3504 2126 par-

1914 2150 2113 2221 ticeps,
2143 2149 2237 2221 qui
2267 2163 2298 2202 a
2329 2164 2470 2204 vana
2496 2147 2782 2204 hominum
2817 2147 2925 2201 rita
2958 2147 3227 2218 gradatim
3260 2146 3505 2200 retroce-é

1912 2242 2071 2310 deus,
2106 2257 2167 2300 se
2209 2257 2325 2297 non
2360 2240 2620 2313 iungens,
2671 2240 2921 2311 nihilque
2963 2254 3257 2295 commune
3290 2238 3504 2294 habens

1912 2350 2037 2391 cum
2086 2333 2273 2405 impiis
2328 2342 2494 2405 atque
2552 2332 2961 2405 peceatorihns,
3002 2331 3170 2386 vitam
3225 2330 3402 2394 duxit,
3447 2338 3502 2383 et

1913 2428 2065 2501 puris
2103 2427 2396 2484 desideriis
2442 2427 2510 2482 ad
2564 2425 2732 2481 Deum
2789 2434 2957 2495 atque
3011 2423 3292 2479 consortio
3341 2436 3499 2477 suam

1910 2521 2187 2577 deiﬁcavit
2218 2528 2478 2578 mentem.
2517 2518 2717 2574 Beatus
2748 2528 2803 2573 et
2840 2517 2933 2586 qui
2984 2517 3128 2570 inter
3176 2514 3426 2569 homines
3466 2528 3498 2567 a

1910 2614 2032 2667 loco
2057 2621 2112 2666 et
2143 2625 2377 2681 corpore
2407 2626 2468 2666 se
2506 2609 2841 2666 subtrahens
2870 2608 2937 2662 ad
2978 2607 3122 2662 bona
3152 2604 3380 2676 spiritus
3410 2604 3500 2658 in-

1909 2703 2107 2767 tendit,
2162 2700 2516 2757 solitudinem
2569 2698 2802 2753 feliciter
2851 2693 3093 2751 obtinuit
3139 2701 3195 2750 et
3246 2709 3277 2748 a
3341 2691 3500 2747 dete-

1910 2795 2127 2852 standis
2154 2792 2511 2864 apparatibus
2531 2789 2747 2845 alienus
2780 2787 2981 2853 factus,
3008 2792 3178 2841 totum
3213 2800 3311 2840 cor
3332 2800 3495 2839 suum

1910 2902 2008 2957 per
2030 2898 2223 2955 preces
2263 2882 2372 2939 Deo
2399 2881 2707 2952 conjunxit.
2744 2877 2946 2933 Beatus
2977 2877 3070 2948 qui
3103 2875 3348 2931 omnium
3377 2889 3499 2944 qtae

1909 2976 2105 3035 habuit
2129 2973 2546 3045 possessionum
2586 2978 2681 3024 aut
2713 2969 2983 3023 bonorum
3017 2966 3193 3038 pretio
3213 2966 3496 3020 Christum

1908 3064 2203 3137 acquisivit
2234 3069 2291 3119 et
2321 3060 2426 3117 sibi
2465 3059 2571 3131 ipsi
2606 3058 2780 3114 solam
2822 3056 3230 3129 possessionem
3274 3070 3497 3109 crucem

1908 3155 2155 3226 reliquit,
2190 3153 2279 3208 cui
2310 3159 2366 3208 et
2411 3149 2563 3216 vivit,
2597 3162 2762 3218 quam
2808 3154 2863 3202 et
2912 3161 3078 3217 super
3103 3145 3360 3200 humeros
3387 3144 3500 3198 alte

1911 3249 2112 3303 tollens
2148 3259 2252 3301 nec
2304 3250 2453 3299 retro
2501 3240 2781 3312 aspiciens
2823 3239 3149 3294 cruciﬁxum
3208 3236 3497 3306 sequitur.

1910 3339 2113 3396 Beatus
2168 3344 2223 3393 et
2273 3335 2370 3407 qui
2417 3333 2689 3389 bonorum
2729 3345 2855 3402 quae
2922 3329 3028 3402 ipsi
3070 3330 3392 3399 incorrupte
3441 3334 3499 3381 et

1902 3430 2054 3502 juste
2075 3426 2459 3501 superadjeeta
2489 3431 2618 3481 sunt
2650 3422 2947 3488 dominus,
2989 3435 3211 3475 manum
3244 3418 3337 3476 Dei
3365 3435 3497 3490 erga

1908 3520 2165 3576 homines
2206 3516 2521 3573 muniﬁcam
2570 3513 2840 3577 imitatur,
2882 3512 3174 3583 egentibus
3217 3510 3409 3566 hilaris
3440 3519 3498 3565 et

1909 3614 2094 3685 largus
2129 3610 2291 3665 dator
2318 3617 2374 3664 et
2416 3609 2472 3663 in
2507 3605 2704 3662 alienis
2746 3605 2923 3661 ﬁdelis
2956 3604 3238 3667 inventus,
3284 3611 3340 3657 et
3372 3610 3498 3656 tan-

1910 3719 2072 3776 quam
2098 3701 2342 3773 prudens
2380 3699 2602 3754 villicus
2647 3697 2934 3753 laudatus.
2960 3694 3140 3766 Super
3172 3695 3258 3750 his
3302 3696 3499 3751 beatus

1909 3797 2003 3868 qui
2033 3793 2358 3865 virginalem
2390 3800 2444 3847 et
2478 3789 2732 3844 caelibem
2768 3788 3216 3844 beatissimorum
3249 3789 3498 3842 imitatus

1906 3897 1996 3945 est
2022 3898 2255 3951 morem,
2286 3882 2382 3954 qui
2418 3882 2604 3937 carnis
2641 3881 3100 3936 consuetudinem
3141 3896 3359 3934 onmem
3396 3879 3500 3932 de.

1908 3975 2175 4047 liciasque
2220 3972 2562 4043 abiecerunt,
2608 3979 2662 4027 et
2708 3971 2895 4025 carnis
2934 3972 3268 4042 voluptatem
3302 3967 3498 4023 morti-

1910 4067 2163 4123 ﬁcatione
2186 4064 2419 4138 proximi
2451 4062 2764 4119 Divinitatis
2807 4064 3114 4118 castitatem
3152 4061 3391 4115 amantis
3436 4061 3494 4114 in

1911 4160 2107 4230 spiritu
2138 4156 2269 4213 facti
2302 4167 2451 4214 sunt.
2477 4154 2678 4213 Beatus
2704 4163 2759 4211 et
2784 4163 2908 4227 post
2938 4155 3074 4211 istos
3096 4154 3187 4224 qui
3218 4168 3248 4206 a
3281 4150 3496 4221 legihns

1908 4252 2269 4322 moribusque
2311 4250 2643 4305 matrimonii
2680 4247 2750 4304 ad
2787 4248 3063 4304 modicum
3090 4255 3306 4317 tempus
3341 4258 3493 4299 rece-

1908 4343 2068 4407 dens,
2104 4343 2349 4399 debitum
2399 4342 2607 4413 prolem
2662 4340 2956 4414 generandi
3004 4338 3231 4396 muniuit
3270 4347 3326 4393 et
3374 4353 3492 4392 ma—

1904 4436 2082 4507 jorem
2113 4435 2320 4490 amoris
2351 4442 2562 4504 partem
2588 4433 2810 4491 Christo
2833 4440 3142 4490 consecrat.
3172 4432 3370 4487 Beatus
3396 4432 3491 4502 qui

1891 4527 2235 4584 auctoritate
2268 4538 2322 4582 et
2353 4536 2627 4596 potestate
2659 4543 2827 4599 super
2872 4528 3132 4598 populum
3174 4534 3397 4596 accepta
3432 4531 3492 4577 ut

1908 4618 2071 4675 ducat
2125 4633 2223 4690 per
2272 4619 2657 4675 sanctissimas
2704 4620 3077 4691 mystieasque
3125 4616 3324 4671 divina:
3378 4615 3493 4670 hie-

1907 4711 2141 4767 rarchia:
2189 4709 2535 4781 disciplinas,
2580 4708 2804 4765 Christo
2865 4708 3180 4764 reconciliat
3215 4706 3490 4768 homines.

1910 4801 2361 4873 Salvatoremque
2422 4801 2715 4873 propitium
2773 4798 2973 4856 reddit.
3038 4796 3237 4853 Beatus
3285 4806 3337 4854 et
3404 4798 3495 4853 ille

1906 4895 2000 4966 qui
2037 4892 2278 4964 pastoris
2320 4900 2415 4946 aut
2452 4891 2628 4962 patris
2663 4906 2869 4946 morem
2908 4905 3016 4945 non
3056 4890 3319 4953 retinens,
3346 4890 3496 4945 ﬁlius

1908 4982 2169 5040 Ecclesiae
2191 4989 2246 5037 et
2266 4981 2430 5036 ovilis
2454 4981 2772 5053 prmcellens
2794 4990 2902 5047 est,
2931 4981 3261 5054 optimarum
3286 4995 3492 5051 pascua

1908 5076 2093 5133 ovium
2126 5073 2336 5130 invenit
2379 5080 2436 5128 et
2484 5073 2787 5129 imbecilles
2833 5075 3007 5141 ducit,
3057 5073 3494 5146 perfectissimus

1906 5164 2027 5236 ipse
2057 5163 2315 5218 alumnus
2342 5160 2573 5218 Christi.
2616 5161 2712 5219 llis
2740 5162 2905 5220 dictis
2928 5164 3122 5221 beatus
3153 5164 3335 5219 adhuc
3363 5158 3492 5217 vare

1905 5264 1963 5312 et
1990 5254 2190 5326 dignus
2217 5253 2307 5309 cui
2358 5251 2689 5319 invidentur,
2729 5255 2823 5324 qui
2876 5256 3249 5319 mundissimi,
3281 5266 3337 5310 et
3365 5268 3490 5309 cas-

1906 5345 2111 5413 tissimi
2134 5344 2363 5415 spiritus
2395 5346 2689 5403 ardoribus
2706 5356 2763 5406 et
2786 5351 3079 5406 eonatihus
3107 5358 3203 5403 aut
3231 5348 3490 5416 spiritua-

1909 5438 2053 5493 lihus
2107 5437 2554 5493 meditationibus
2622 5438 2912 5496 Trinitatis
2957 5438 3488 5510 inaguiﬁcentiarutu

1907 5545 2075 5600 super
2095 5529 2267 5584 caelos
2295 5538 2349 5583 et
2384 5544 2550 5600 super
2587 5545 2806 5588 omnem
2836 5544 3144 5586 sermonem
3179 5526 3490 5598 pulchritu-

1910 5622 2069 5677 dmes
2115 5628 2172 5674 et
2220 5618 2545 5690 splendores
2580 5629 2879 5689 scrutatur,
2900 5629 2957 5674 rt
3005 5627 3253 5692 penetrat
3284 5618 3492 5674 lumine

1908 5716 2094 5774 divino
2145 5714 2540 5775 circumfusus.
2575 5715 2775 5773 Beatus
2804 5722 2859 5772 ct
2909 5715 3003 5787 qui
3046 5729 3277 5788 operose
3324 5714 3489 5773 bene-
