4030 6232
497 176 603 234 767

497 313 607 369 que
633 297 887 352 mandata
928 312 1156 352 servans
1186 295 1439 351 manibus
1483 295 1826 349 incessanter
1867 292 2079 346 laborat

1862 170 2151 228 NICETAS
2177 170 2383 226 DAVID

3646 155 3771 216 768

2184 293 2277 345 καὶ
2329 290 2626 359 φωτίζεται
2656 304 2669 318 ’
2703 287 2974 359 μακάριος
3013 285 3071 337 δέ
3112 284 3203 336 καὶ
3244 282 3305 344 ὃς
3362 278 3451 333 διὰ
3502 276 3771 347 πράξεως

501 366 553 439 et
591 386 769 454 ipsum
804 400 1080 439 summum
1130 401 1312 454 regem
1358 384 1638 440 Christum
1663 383 1923 454 operibus
1964 380 2082 437 suis

2210 380 2391 451 ιγαθῆς
2439 382 2535 434 καὶ
2582 378 2840 449 ἐνεργοῦς
2879 377 2989 430 τῶν
3034 373 3263 429 ἐντολῶν
3312 368 3564 472 φυλακῆς
3600 366 3773 472 χεὶραὶ

502 474 772 545 gloriticat
795 481 851 529 et
884 476 1072 530 multis
1101 478 1362 533 statuitur
1399 476 1706 547 spiritualis
1743 476 1869 532 vitae
1905 477 2083 531 forma

2210 472 2489 542 ῖραστικῶς
2516 469 2960 541 διαπονούμενος,
2997 466 3158 522 αὐτόν
3191 482 3251 517 τε
3284 462 3376 516 τὸν
3409 459 3773 531 παμϐασιλέα

502 573 556 618 et
577 566 909 634 exemplum.

503 741 567 795 2|
622 742 756 797 Sunt
809 741 920 797 lucc
972 744 1151 797 omnia
1196 743 1469 816 plenitudo
1516 744 1802 886 (mlestliuui
1851 746 2086 868 taminia-

983 831 990 837 ’
1720 832 1879 877 num.
1907 836 1936 866 ν
1965 833 2014 870 c.

983 831 990 837 '
1693 831 1879 877 lnam.
1907 831 2014 870 etc.

579 902 826 964 Cuncta»,
885 902 1062 972 inquit
1112 903 1332 959 divinus
1369 902 1723 974 Paedagogus,
1779 907 2087 960 animarum

510 1011 631 1062 quae
665 995 833 1048 beata:
880 998 1138 1050 dicuntur
1178 998 1408 1067 species,
1450 996 1792 1052 destinantur
1818 1014 1940 1066 qua:
1975 1014 2089 1054 ca:-

512 1085 671 1138 leslia
713 1085 803 1139 illa
834 1090 1079 1155 repleam
1114 1087 1335 1142 cellaria
1364 1098 1418 1142 et
1470 1089 1864 1159 promptuaria,
1912 1088 1966 1142 id
2004 1099 2087 1145 est

512 1176 833 1232 mansiones
866 1178 1007 1247 apud
1041 1178 1205 1232 Deum
1235 1194 1375 1250 quas
1409 1178 1475 1232 ad
1508 1178 1854 1249 recipiendos
1881 1179 2094 1232 anima-

410 1336 417 1341 .
515 1282 638 1320 rum
685 1276 996 1322 nostrarum
1030 1270 1243 1325 fructus
1287 1270 1615 1341 prmparavit
1650 1267 1833 1333 Pater,
1881 1270 1987 1323 alia
2037 1272 2090 1325 in

518 1354 682 1408 aliam
732 1357 1073 1412 mansionem
1128 1366 1182 1413 et
1233 1359 1472 1430 requiem
1519 1359 1825 1413 adducente
1863 1360 2091 1423 virtute;

519 1461 646 1498 nam
681 1448 929 1515 pluribus
962 1446 1073 1501 Deo
1102 1447 1282 1517 dignis
1315 1447 1536 1504 vivendi
1579 1449 1889 1506 rationibus
1912 1451 2097 1521 plures

517 1548 727 1607 paratae
758 1551 885 1593 sunt
910 1540 1243 1595 mansiones.

520 1630 718 1685 Beatus
745 1631 837 1684 ille
862 1648 1014 1701 quem
1050 1648 1351 1702 pauperem,
1383 1641 1490 1690 etc.

596 1721 805 1776 Exinde
860 1722 1230 1779 beatitudines
1274 1725 1417 1795 apud
1469 1726 1823 1798 Evangelium
1854 1730 2098 1802 singulas

519 1813 820 1882 percurrit,
856 1814 1074 1868 beatum
1114 1830 1239 1871 esse
1287 1816 1473 1873 dicens
1518 1819 1667 1873 illum
1700 1837 1859 1891 quem
1896 1836 2099 1892 paupe-

520 1918 639 1959 rem
695 1904 1111 1974 cupiditatibus,
1165 1905 1220 1960 id
1281 1916 1367 1963 est
1413 1911 1773 1980 cupiditatum
1819 1923 2099 1983 expertem

521 1995 766 2051 ostendit
795 1996 1037 2066 Spiritus
1074 2006 1322 2061 sanctus,
1355 1999 1597 2069 ipsorum
1636 2004 1782 2058 enim
1821 2020 1954 2060 sane
1977 2020 2107 2060 esse

525 2101 753 2156 regnum
801 2089 1100 2153 calorum;
1146 2090 1391 2145 secundo
1462 2106 1646 2146 sermo
1718 2094 1936 2150 beatum
1965 2095 2103 2149 dicit

528 2179 620 2248 qui
657 2189 982 2249 praesentem
1026 2181 1191 2235 vitam
1234 2190 1404 2237 totam
1433 2183 1802 2241 laudabilibus
1847 2188 2102 2258 lacrymis

527 2266 770 2338 allligens
804 2278 860 2322 et
889 2269 1139 2338 abjectus
1168 2278 1223 2324 et
1269 2271 1584 2328 humiliatus
1630 2277 1772 2345 agit;
1810 2277 1925 2346 ipse
1956 2278 2103 2332 enim

527 2360 963 2414 consolationem
997 2359 1069 2415 ab
1114 2361 1229 2416 alto
1262 2361 1513 2418 obtinere
1549 2367 1867 2423 merebitui.
1898 2369 2106 2426 Deinde

527 2459 582 2506 et
614 2450 707 2519 qui
739 2450 1021 2505 caelestem
1055 2467 1240 2506 escam
1265 2453 1382 2508 sive
1412 2454 1687 2521 justitiam
1719 2456 2107 2513 insatiabiliter

526 2542 948 2606 esurit,beatus.
990 2544 1118 2613 quia
1147 2559 1212 2598 ea
1254 2546 1569 2601 satiabitur.
1630 2545 1833 2608 Deinde
1873 2558 1929 2605 et
1978 2551 2107 2620 qui-

528 2649 745 2702 cunque
809 2635 863 2689 in
914 2636 1336 2693 mansuetudine
1374 2647 1429 2693 et
1474 2637 1700 2694 lenitate
1740 2648 1796 2695 et
1841 2643 2110 2698 suavitate

524 2725 681 2794 juxta
735 2724 866 2781 Jesu
910 2728 1386 2785 mansuetudinem
1429 2736 1485 2784 et
1534 2730 1896 2786 humilitatem
1944 2734 2111 2789 corde

529 2816 714 2871 vivere
765 2832 825 2871 se
876 2828 1092 2874 exercet
1148 2821 1363 2883 beatus,
1411 2828 1598 2889 utpote.
1642 2823 1736 2890 qui
1786 2838 2108 2891 magnorum

533 2907 709 2963 bmres
760 2908 1001 2963 cmlestis
1072 2916 1128 2963 et
1193 2909 1524 2977 incorruptae
1586 2918 1746 2966 terra:
1806 2914 2107 2987 bonorum.

533 2995 799 3050 Praeterea
832 2996 1023 3052 beatus
1048 2999 1237 3081 et.qui
1270 3000 1387 3053 suis
1430 2999 1483 3052 in
1525 2999 1830 3056 visceribus
1860 3019 2109 3075 magnam

535 3082 632 3136 Dei
664 3083 1097 3137 misericordiam
1152 3100 1247 3153 per
1287 3086 1644 3142 in'iitationem
1676 3100 1732 3144 et
1768 3091 2112 3160 pluitantbro-

538 3175 680 3242 p'rnm
718 3175 770 3226 in
803 3174 1121 3242 proximum
1143 3176 1277 3242 alit;
1312 3178 1505 3235 beatus
1537 3187 1596 3234 ct
1619 3183 1715 3250 qui
1749 3199 1846 3236 cor
1865 3184 1935 3238 ab
1962 3187 2111 3241 omni

538 3263 955 3331 inquinamento
1013 3264 1196 3321 carnis
1233 3282 1298 3321 ac
1336 3266 1564 3335 spiritus
1615 3272 1861 3338 mundat,
1932 3275 2113 3332 videre

537 3352 837 3407 merebitur
871 3352 1058 3419 Deum,
1096 3356 1241 3410 sicut
1274 3357 1458 3414 videre
1494 3360 1700 3416 homini
1747 3379 1962 3434 tequum
1988 3377 2111 3435 est;

536 3442 739 3497 etenim
768 3444 927 3513 quasi
960 3459 1054 3514 per
1100 3449 1403 3517 speculum,
1439 3466 1536 3520 per
1557 3454 1757 3511 mentis
1789 3459 2111 3514 munditiam

539 3534 1125 3617 invisibilemvidebit.
1163 3535 1296 3594 Post
1340 3539 1442 3595 bos
1484 3547 1676 3600 beatus
1718 3552 1776 3600 et
1808 3548 1901 3617 qui
1929 3565 2112 3604 veram

537 3622 670 3679 Jesu
716 3615 901 3695 paceni
952 3629 1198 3685 veritatis
1243 3631 1500 3698 operibus
1543 3636 1762 3703 quierit,
1804 3615 1968 3708 quam
2018 3642 2114 3711 qui

542 3732 651 3771 non
683 3717 964 3772 declinans
1013 3718 1323 3789 insequitur
1376 3730 1452 3787 et,
1474 3733 1738 3793 quantum
1792 3733 2115 3797 potuit,am-

545 3811 738 3881 plexus
763 3818 872 3874 est,
901 3820 1064 3879 atque
1097 3828 1206 3882 quo
1257 3813 1441 3882 plures
1471 3824 1649 3884 potest
1689 3827 1768 3873 tot
1808 3821 1860 3872 in
1887 3822 2002 3889 ipsa
2031 3840 2116 3880 re—

540 3903 797 3961 eoneiliat
826 3913 881 3957 et
920 3902 1302 3973 belligerantes
1344 3906 1594 3975 paciticat
1623 3924 1717 3977 per
1750 3909 1947 3979 ipsam,
1977 3930 2114 3984 pra:-

541 3996 704 4077 celsa;
734 3994 1011 4049 liliatiouis
1054 3995 1253 4052 divina:
1292 3997 1765 4071 deiﬁcationisque
1796 4004 1997 4075 dignus
2029 4024 2117 4066 re-

544 4087 847 4158 putabitur.
883 4085 1206 4140 Summatim
1234 4086 1506 4155 dicamus,
1548 4090 1690 4146 beati
1726 4093 1884 4163 juxta
1927 4097 2114 4159 divina

544 4177 639 4234 Dei
692 4177 853 4233 Verbi
901 4178 1124 4231 oracula
1169 4192 1358 4234 omnes
1402 4180 1493 4248 qui
1543 4186 1973 4251 persecutionem
2013 4207 2114 4261 pa-

543 4269 761 4322 tiuntur
793 4275 1015 4337 propter
1038 4267 1292 4337 pietatem
1326 4276 1382 4322 et
1405 4269 1698 4338 justitiam,
1734 4290 1925 4333 omnes
1946 4283 2117 4351 gratis

542 4360 673 4413 odio
694 4358 867 4412 habiti
901 4366 957 4410 et
985 4358 1380 4414 contumeliose
1412 4362 1620 4431 accepti
1647 4372 1704 4419 et
1745 4368 2025 4436 maledice,
2061 4383 2118 4430 et

542 4449 638 4521 qui
675 4464 837 4503 omne
887 4462 1058 4517 genus
1108 4447 1369 4502 molestia:
1408 4456 1463 4502 et
1500 4450 1750 4505 dolorum
1799 4461 1855 4509 et
1901 4461 2118 4514 crucia-

543 4553 698 4598 tuum
727 4551 779 4598 et
821 4541 1017 4596 mortis
1061 4540 1443 4595 sustinuerunt
1486 4552 1706 4612 propter
1741 4543 1871 4601 Jesu
1911 4549 2116 4609 Clu-isti

543 4652 809 4699 anim-em,
841 4635 998 4689 ﬁdem
1025 4642 1079 4690 et
1118 4632 1484 4693 veritateut,et
1510 4634 1577 4688 ad
1603 4637 1760 4692 tinem
1789 4656 1964 4713 usque
1989 4660 2115 4701 cum

544 4729 845 4798 gratiarum
904 4728 1120 4781 actione
1174 4726 1322 4796 passi
1381 4734 1532 4787 sunt,
1565 4728 1692 4797 quia
1742 4731 1986 4800 ipsorum
2031 4746 2119 4792 εει

546 4834 796 4887 regnum,
836 4819 1140 4891 horumque
1179 4832 1389 4873 merces
1428 4832 1555 4875 vere
1601 4822 1772 4879 multa
1828 4834 1884 4880 et
1923 4826 2116 4883 inell'a-

548 4908 673 4964 bilis
705 4909 757 4963 in
790 4910 966 4966 ccelis.

551 5221 755 5278 ﬂorum
776 5236 934 5292 quam
962 5223 1261 5288 cxoptabis,
1291 5233 1399 5282 etc.

622 5333 778 5389 Sicut
805 5331 1123 5387 mansiones
1160 5335 1343 5388 multae
1390 5334 1533 5405 apud
1579 5336 1858 5391 caelestem
1903 5336 2115 5394 Patrem

549 5422 870 5490 creduntur,
899 5421 982 5478 sie
1010 5421 1223 5476 vivendi
1248 5422 1472 5477 rationis
1501 5424 1732 5480 diversa
1755 5426 1938 5481 multa:
1960 5428 2120 5482 beati-

551 5512 977 5570 tiuliuesadillas
998 5514 1312 5570 mansiones
1342 5513 1566 5570 ducunt.
1589 5513 1842 5588 Adquam
1873 5534 2005 5588 ergo
2031 5534 2117 5574 se-

554 5606 769 5669 mltuu,
785 5602 982 5676 inquit,
1001 5621 1121 5677 qua:
1143 5606 1358 5664 beatum
1373 5605 1586 5675 elliciat,
1607 5606 1833 5664 feliciter
1856 5608 2119 5664 acceden-

2186 559 2420 632 Χριστὸν
2463 563 2578 623 τοῖς
2610 560 2792 631 ἔργοις
2821 559 2958 629 τιμᾷ
2976 596 2991 622 ,
3022 558 3117 609 καὶ
3139 553 3354 617 πολλοῖς
3387 549 3787 622 πνευματικοῦ

2188 651 2305 722 βίου
2333 651 2498 722 νόμος
2515 652 2870 723 καθίσταται.

2185 744 2248 799 21
2286 743 2491 798 Πάντα
2518 742 2649 799 τάδ’
2676 742 2970 812 οἰψανιων
2998 735 3624 878 πληρώμαῖιαώᾕπζεέο
3650 735 3779 855 ἐλη-

2261 904 2467 970 Πάντα,
2505 905 2672 976 φησὶν
2698 906 2728 959 ὁ
2753 904 2896 969 θεῖος
2915 903 3257 968 διδάσκαλος,
3284 900 3356 954 τὰ
3380 898 3493 951 τῶν
3524 911 3781 967 μακαρι-

2191 995 2434 1067 ζομένων
2458 996 2573 1067 εἴδη
2615 996 2802 1068 ψυχῶν
2823 1039 2839 1062 ,
2874 996 3049 1051 ταῦτα
3083 993 3429 1066 πληρώματα
3461 989 3571 1042 τῶν
3602 987 3780 1059 οὐρα-

2191 1085 2321 1137 νίων
2362 1085 2587 1139 ἐκείνων
2629 1086 2864 1156 ὑπάρχει
2902 1085 3114 1157 ληνῶν,
3145 1085 3264 1155 ἢτοι
3306 1080 3483 1152 μονῶν
3518 1078 3617 1130 καὶ
3644 1076 3783 1129 ἀπο-

2192 1174 2378 1246 θηκῶν
2405 1174 2501 1228 τοῦ
2530 1175 2666 1229 Θεοῦ
2688 1216 2704 1241 ,
2737 1177 2804 1239 ἃς
2834 1173 3226 1245 ὐποδεκτρίας,
3265 1172 3445 1226 εῖτουν
3470 1168 3783 1238 ὑποδοχὰς,

2192 1269 2287 1322 τοῦ
2317 1269 2534 1340 καρποῦ
2556 1269 2668 1322 τῶν
2698 1268 2983 1340 ἡμετέρων
3010 1265 3196 1337 ψυχῶν
3228 1268 3257 1320 ὁ
3283 1266 3472 1333 Πατήρ
3517 1278 3785 1333 προητοι-

2199 1361 2432 1432 μάσατο,
2465 1360 2633 1431 ἄλλης
2661 1361 2863 1432 ἀρετῆς
2882 1362 2968 1414 ἐπ’
2998 1360 3165 1430 ἀλλην
3197 1357 3438 1426 ἀγούσης
3470 1353 3665 1425 χώραν
3690 1351 3785 1405 καὶ

2196 1454 2542 1508 κατάπαυσιν
2584 1468 2598 1483 ·
2646 1451 2858 1505 πολλῶν
2913 1451 3023 1521 γάρ
3082 1448 3341 1516 ἀξιοθέων
3394 1447 3526 1517 βίων
3582 1443 3787 1498 πολλαὶ

2198 1544 2604 1614 προεστήκασιν
2636 1543 2918 1613 εὐτρεπεῖς
2948 1540 3127 1611 μοναί.
3160 1593 3177 1609 ,

2201 1636 2444 1701 ’Θάσιος
2472 1634 2545 1687 ὃν
2568 1633 2829 1702 πτωχὸν,
2861 1650 2914 1685 κ.
2943 1651 2993 1686 τ.
3023 1632 3103 1697 ἐξ.

2281 1727 2564 1781 Ἐντεῦθεν
2620 1728 2749 1789 τούς
2807 1725 2958 1796 παρά
3005 1723 3083 1794 τῷ
3145 1720 3463 1791 Εὐαγγελίῳ
3527 1718 3621 1771 διὰ
3679 1714 3793 1769 τῶν

2199 1818 2348 1871 ἐπῶν
2404 1818 2684 1886 ἐπιτόμως
2733 1815 2957 1880 διέξεισι
3028 1812 3453 1885 μακαρισμούς,
3512 1808 3787 1880 μακάριον

2200 1905 2340 1963 εἶναι
2371 1907 2565 1977 λέγων,
2599 1908 2658 1962 δν
2689 1907 2902 1978 πτωχὸν
2929 1909 3040 1970 τοῖς
3072 1907 3320 1965 πάθεσιν,
3349 1903 3378 1957 ὃ
3405 1903 3554 1955 ἐστιν
3596 1898 3789 1968 ἀπαθῆ

2199 2000 2262 2053 τὸ
2304 2000 2528 2070 Πνεῦμα
2568 1998 2632 2052 τὸ
2677 1999 2831 2071 ἅγιον
2875 1998 3159 2067 ἀπέφηνεν
3181 2014 3195 2028 ·
3226 1994 3337 2049 τῶν
3380 1991 3649 2046 τοιούτων
3681 1990 3785 2060 γὰρ

2202 2086 2340 2144 εἷναι
2366 2090 2465 2161 τὴν
2484 2089 2595 2142 τῶν
2633 2088 2879 2160 οὐρανῶν
2925 2087 3203 2158 βασιλείαν
3244 2083 3468 2156 δηλαδή.
3522 2081 3785 2151 Δεύτερον

2201 2179 2261 2232 δέ
2296 2181 2326 2232 ὁ
2365 2178 2522 2247 λόγος
2563 2179 2878 2250 μακαρίζει,
2907 2178 2966 2241 ὃς
3006 2177 3107 2248 τὴν
3150 2174 3384 2229 ἐνταῦθα
3418 2173 3567 2243 ζωὴν
3608 2173 3785 2224 πᾶσαν

2202 2268 2471 2338 ἐπαινετῷ
2521 2268 2705 2321 πένθει
2755 2267 2964 2321 πενθῶν
2984 2306 2999 2330 ,
3048 2264 3144 2318 καὶ
3194 2259 3634 2333 σκυθρωπάζων,
3697 2258 3785 2311 καὶ

2203 2360 2626 2431 ταπεινούμενος
2655 2359 2946 2431 πορεύεται
2974 2374 2989 2389 ο
3019 2352 3173 2419 οὗτος
3202 2353 3311 2423 γὰρ
3337 2353 3433 2405 καὶ
3456 2350 3557 2421 τῆς
3587 2348 3785 2403 ἀνωθεν

2207 2453 2608 2525 παρακλήσεως
2639 2449 3022 2521 ἀξιωθήσεται.
3059 2445 3204 2519 Πρὸς
3230 2440 3312 2508 οἷς
3337 2445 3432 2498 καὶ
3452 2445 3481 2495 ὁ
3502 2443 3603 2512 τῆς
3628 2441 3785 2511 οὐραο

2206 2547 2328 2610 νίας
2346 2544 2602 2617 τροφῆςῆ
2622 2540 2967 2611 δικαιοσύνης
2993 2537 3305 2608 ἀκορέστως
3335 2533 3477 2604 ἐρῶν
3497 2533 3780 2603 μακάριος,

2209 2642 2292 2695 ὅτι
2320 2638 2754 2710 χορτασθήσεται
2786 2634 2979 2703 αὐτῆς.
3015 2630 3131 2700 Ἐφ’
3170 2625 3250 2692 οἷς
3280 2628 3373 2681 καὶ
3403 2628 3554 2689 ὅστις
3586 2625 3780 2721 ἐνηείᾳέ

2211 2733 2389 2786 εῖτουν
2430 2727 2731 2801 προσηνεία
2770 2725 2868 2779 καὶ
2921 2723 3212 2793 ἐπιεικείᾳ,
3272 2720 3412 2774 κατά
3457 2718 3560 2789 τήν
3622 2718 3781 2786 Ἰησοῦ

2213 2823 2496 2893 πραότητα
2536 2820 2625 2871 καὶ
2654 2818 2755 2887 τῆς
2787 2816 3016 2886 καρδίας
3046 2813 3379 2866 ταπείνωσιν
3416 2809 3782 2882 ἐξησκημένος

2214 2915 2385 2986 βιοῦν,
2418 2911 2718 2982 μακάριος,
2762 2907 2839 2970 ὡς
2880 2905 2988 2959 τῶν
3033 2904 3285 2976 μεγάλων
3324 2900 3662 2972 κληρονόμος
3691 2900 3783 2969 τῆς

2213 3005 2473 3075 οὐρανίας
2507 3001 2601 3054 καὶ
2628 2998 2908 3069 ἀφθάρτου
2934 2998 3037 3068 γῆς
3064 2994 3306 3064 ἀγαθῶν.
3339 2993 3482 3064 Πρὸς
3503 2994 3616 3055 τοῖς
3641 2991 3784 3061 εξρη-

2218 3097 2400 3169 μένοις
2421 3094 2478 3147 δέ
2513 3093 2780 3164 μακάριος
2810 3091 2907 3144 καὶ
2938 3089 2996 3152 ὃς
3021 3089 3113 3142 τὸν
3150 3088 3322 3158 μέγαν
3355 3085 3448 3138 τοῦ
3478 3082 3611 3135 Θεοῦ
3637 3083 3786 3169 ἔλεον

2212 3167 2324 3249 τοῖς
2349 3182 2541 3239 ἐαυτοῦ
2579 3180 2910 3250 σπλάγχνοις
2944 3177 3034 3230 διὰ
3074 3176 3358 3247 μιμήσεως
3394 3170 3486 3223 καὶ
3518 3169 3615 3238 τῆς
3644 3167 3782 3238 πρὸς

2212 3279 2340 3341 τοὺς
2390 3272 2617 3346 πλησίον
2672 3267 3086 3340 φιλανθρωπίας
3133 3265 3444 3318 ἐπισπᾶται.
3498 3257 3785 3327 Μακάριος

2215 3369 2310 3423 καὶ
2351 3367 2409 3430 ὃς
2449 3366 2551 3436 τήν
2602 3361 2835 3433 καρδίαν
2882 3358 3085 3420 παντὸς
3132 3353 3405 3427 μολυσμοῦ
3451 3351 3649 3423 σαρκὸς
3695 3351 3785 3404 καὶ

2216 3460 2527 3531 πνεύματος
2577 3440 3030 3525 ἐκκαθηράμενος
3055 3490 3071 3516 ,
3134 3448 3264 3501 ἰδεῖν
3323 3444 3782 3514 καταξιωθήσεται

2214 3553 2370 3617 Θεὸν,
2408 3550 2485 3614 ὡς
2514 3545 2786 3617 ἀνθρώπῳ
2828 3541 2957 3595 ίδεῖν
3000 3539 3222 3610 θεμιτόν
3265 3555 3279 3570 ·
3318 3537 3396 3600 ὡς
3444 3538 3504 3590 ἐν
3545 3535 3784 3604 ἐσόπτρῳ

2214 3644 2325 3715 γὰρ
2351 3643 2418 3712 τῇ
2445 3639 2541 3693 τοῦ
2569 3637 2687 3699 νοὸς
2717 3631 3056 3704 καθαρότητι
3083 3630 3174 3683 τὸν
3206 3629 3441 3700 ἀόρατον
3478 3626 3779 3715 κατόψεται.

2215 3714 2501 3805 Μακάριος
2536 3728 2630 3783 ἐπὶ
2659 3726 2869 3788 τούτοις
2902 3724 2997 3779 καλ⁴
3034 3723 3093 3787 ὃς
3134 3723 3233 3793 τήν
3273 3720 3450 3791 ἀληθῆ
3493 3718 3590 3773 τοῦ
3621 3714 3783 3788 Ἰησοῦ

2215 3831 2438 3899 εἰρήνην
2474 3824 2658 3894 ἔργοις
2698 3818 2876 3890 ζητῶν
2909 3816 3184 3888 ἀληθείας,
3214 3815 3308 3868 καί
3340 3830 3405 3882 γε
3438 3812 3646 3884 ταύτην
3700 3809 3784 3862 εὐ-

2217 3922 2422 3992 στόχως
2437 3916 2653 3981 διώξας,
2672 3914 2767 3966 καὶ
2785 3913 2862 3975 ὡς
2885 3905 2998 3965 οἷόν
3010 3910 3056 3962 τ’
3076 3905 3145 3980 ἦν
3163 3906 3513 3967 καταλαϐὼν,
3533 3908 3629 3960 καὶ
3648 3902 3785 3956 πλεί-

2218 4029 2377 4076 στους
2397 4012 2555 4071 ὅσους
2579 4003 2919 4068 καταλλάξας
2947 4003 3083 4072 αὐτῇ
3119 4001 3215 4053 καὶ⁵
3236 3996 3785 4068 ἐκπεπολεμωμένους

2215 4101 2636 4175 εἰρηνοποιήσας
2687 4098 2745 4149 ἐν
2799 4095 2959 4165 αὐτῇ,
3008 4096 3107 4165 τῆς
3164 4091 3341 4161 ἄκρας
3383 4090 3661 4153 υἱοθεσίας
3702 4084 3785 4139 καὶ

2216 4197 2466 4256 θεώσεως
2497 4189 2885 4261 ἀξιωθήσεται·
2910 4185 3006 4240 καὶ
3037 4184 3272 4246 συνόλως
3294 4183 3482 4251 φάναι,
3516 4180 3781 4253 μακάριοι,

2216 4289 2359 4345 κατά
2387 4287 2458 4341 τά
2482 4281 2752 4355 θεαρχικὰ
2783 4280 2877 4333 τοῦ
2907 4277 3043 4331 Θεοῦ
3083 4277 3258 4344 Λόγου
3291 4275 3449 4344 λόγια
3469 4316 3485 4340 ,
3518 4274 3715 4335 πάντες
3738 4267 3782 4321 οί

2215 4377 2564 4449 δεδιωγμένοι
2603 4377 2790 4429 ἕνεκεν
2821 4370 3102 4432 εὐσεϐείας
3130 4369 3224 4422 καὶ
3252 4365 3625 4438 δικαιοσύνης,
3664 4364 3782 4417 πάνυ

2215 4489 2307 4531 τες
2343 4473 2392 4523 οἱ
2440 4469 2650 4540 δωρεὰν
2703 4462 3045 4536 μισηθέντες,
3095 4460 3191 4513 καὶ
3237 4458 3665 4522 ὀνειδισθέντες,
3700 4451 3784 4508 καὶ

2215 4560 2654 4636 λοιδορηθέντες,
2729 4555 2822 4609 καὶ
2868 4555 3050 4606 πᾶσαν
3106 4552 3298 4622 πεῖραν
3342 4548 3650 4644 δυσχερῶν,
3702 4543 3781 4644 κάξ

2216 4654 2439 4716 ὀδυνῶν,
2479 4650 2575 4704 καὶ
2609 4647 2876 4719 βασᾶνων,
2906 4644 2999 4699 καὶ
3033 4643 3280 4696 θανάτων
3310 4642 3450 4713 ὑπὲρ
3487 4641 3595 4710 τῆς
3623 4641 3782 4707 Ἰησοῦ

2216 4745 2311 4801 τοῦ
2354 4743 2593 4816 Χριστοῦ
2638 4740 2881 4807 ἀγάπης,
2928 4736 3022 4789 καὶ
3075 4734 3332 4795 πίστεως,
3392 4733 3488 4784 καὶ
3540 4727 3782 4801 ἀληθείας

2219 4836 2567 4907 ὑποσχόντες,
2612 4831 2707 4884 καὶ
2745 4829 2872 4897 ἀχρι
2906 4826 3089 4887 τέλους
3124 4823 3242 4894 μετ’
3272 4823 3629 4893 εὐχαριστίας
3664 4820 3779 4907 tich

2217 4904 2465 4991 τλάντες,
2489 4926 2570 4978 ὅτι
2630 4922 2740 4974 τῶν
2785 4918 3041 4972 τοιούτων
3082 4916 3231 4967 ἐστὶν
3289 4916 3323 4985 ἡ
3374 4914 3660 4983 βασιλεία,
3700 4904 3782 4962 καὶ

2218 5020 2421 5075 τούτων
2447 5017 2477 5068 ὁ
2508 5013 2697 5086 μισθὸς
2733 5011 2897 5073 πολὺς
2930 5006 3146 5078 ἀληθῶς
3187 5005 3283 5059 καὶ
3321 5004 3551 5078 ἄπειρος
3591 5006 3648 5057 ἐν
3685 5000 3779 5059 τοῖς

2219 5111 2482 5183 οὐρανοῖς.

2226 5220 2456 5276 Τούτων
2488 5215 2568 5286 ἢν
2596 5211 2843 5279 ἐθέλεις,
2866 5228 2921 5264 κ.
2951 5226 3002 5263 τ.
3036 5208 3081 5266 ἐ.

2291 5332 2503 5403 ’Ὠσπερ
2528 5328 2687 5402 μοναὶ
2708 5326 2902 5380 πολλαὶ
2929 5324 3081 5394 παρά
3108 5322 3186 5392 τῷ
3210 5321 3451 5394 οὐρανίῳ
3480 5322 3777 5376 πεπίστευνο

2219 5442 2309 5477 ται
2341 5421 2544 5495 Πατρὶ,
2585 5419 2722 5474 οὕτω
2765 5419 2860 5471 καὶ
2889 5417 2999 5470 τῶν
3028 5417 3157 5486 βίων
3200 5417 3257 5468 αἱ
3296 5414 3553 5499 διαφοραί
3603 5406 3777 5499 πολλαὶ

2220 5515 2327 5568 τῶν
2374 5515 2498 5577 τοὺς
2555 5509 2933 5586 μακαρισμούς
2983 5507 3365 5581 ἀναφερόντων
3426 5505 3562 5577 πρὸς
3603 5498 3772 5558 αὐτὰς.

2223 5604 2364 5676 Πρὸς
2423 5605 2486 5675 ἢν
2544 5598 2637 5656 οὖν
2690 5600 2909 5672 τρίϐον,
2965 5599 3118 5671 φησὶ,
3180 5597 3289 5652 τῶν
3346 5589 3774 5669 μακαριζομένων
