4030 6232
248 314 353 368 769

257 428 471 498 εὐφυῶς
497 428 688 501 ἔχοντα
722 430 918 485 σαυτὸν
939 433 1092 504 ὁρᾷς,
1124 433 1329 505 ταύτην
1362 434 1543 505 βάδιζε
1571 431 1836 487 συντονώ-

251 535 412 592 τερον
446 520 625 576 πλέον.
678 523 740 576 El
777 523 878 595 μὲν
918 519 1012 578 οὖν
1048 525 1263 589 ἁπάσας
1290 523 1403 579 οἷόν
1431 543 1525 589 τε,
1555 526 1839 580 κάλλιστον

253 611 415 666 τοῦτο
446 614 541 665 καὶ
568 613 788 666 πάντων
820 613 1159 670 τελειότατον
1180 633 1195 647 ⁶
1227 618 1276 671 εί
1301 617 1345 679 δ’
1374 617 1562 686 ὀλίγας
1590 615 1837 680 δυνατὸν,

253 702 508 775 δεύτερον
552 703 713 757 τοῦτο
750 704 845 758 καὶ
882 704 978 759 τοῦ
1026 707 1245 780 πρώτου
1294 707 1623 778 καθυφεῖται
1648 724 1664 739 ο
1708 708 1757 760 εί
1781 707 1837 760 δὲ

256 793 350 847 καὶ
380 793 511 865 μίαν
542 796 710 866 μόνην
737 794 873 850 ίέναι
901 796 1009 851 τῶν
1032 798 1166 852 ὁδῶν
1200 798 1322 853 καθ’
1352 798 1655 874 ὑπερϐολὴν
1695 796 1836 865 ἐξὸν,

253 882 351 937 καὶ
381 883 526 937 τοῦτ’
556 884 624 939 ἂν
652 885 739 959 εἴη
772 885 925 956 φίλον
950 889 1044 942 καὶ
1076 889 1372 961 εὐάρεστον
1401 890 1521 962 Θεῷ
1552 907 1567 922 ’
1610 892 1744 944 πᾶσι
1781 890 1839 943 δὲ

253 977 366 1039 τοῖς
400 975 542 1030 κατά
576 975 675 1042 τὰς
720 978 820 1049 τῆς
851 979 1132 1045 εὐσεϐείας
1171 981 1326 1045 ὁδοὺς
1363 976 1836 1054 κατορθουμένοις,

251 1070 367 1130 τοῖς
392 1084 450 1120 τε
482 1068 758 1138 κρείττοσι
791 1071 886 1124 καὶ
917 1071 1292 1145 τελειοτέροις,
1320 1076 1435 1138 τοῖς
1452 1090 1512 1127 τε
1534 1073 1721 1145 ἥττοσι
1743 1075 1838 1129 καὶ

252 1157 631 1227 ἀτελεστέροις
652 1202 668 1223 ,
705 1160 922 1231 σταθμά
945 1203 960 1225 ,
993 1163 1089 1215 καὶ
1120 1163 1292 1235 μέτρα
1317 1163 1441 1231 ἀξια
1461 1206 1477 1231 ,
1523 1165 1620 1218 καὶ¹
1656 1163 1839 1235 μισθοὶ

252 1250 355 1321 τῆς
382 1250 563 1304 αὑτῶν
600 1253 886 1324 προκοπῆς
916 1253 1196 1324 ἀναλόγως
1227 1255 1362 1328 πρὸς
1388 1255 1482 1310 τοῦ
1503 1256 1692 1330 κριτοῦ
1727 1258 1837 1312 τῶν

250 1341 390 1395 ὅλων
412 1344 737 1413 ήτοιμάσθη.

251 1435 322 1491 37
364 1435 472 1489 Kal
503 1436 688 1489 Ῥαὰό
705 1437 816 1490 οὐκ
844 1437 1150 1507 εὔκοσμον
1186 1437 1329 1507 ἔχεν
1346 1438 1570 1504 βίον,κ.
1596 1456 1649 1492 τ.
1677 1438 1728 1493 λ.

325 1527 451 1580 ’Ότι
487 1528 585 1598 μὲν
625 1526 712 1581 διὰ
759 1529 887 1598 μιᾶς
930 1527 1053 1582 ὁδοῦ
1094 1527 1204 1580 τῶν
1236 1528 1374 1600 πρὸς
1396 1529 1493 1593 τὰς
1519 1530 1631 1583 ἀνω
1672 1529 1839 1599 μονάς

248 1618 349 1672 τοῦ
388 1618 603 1690 Πατρὸς
641 1619 958 1688 ἁναγουσῶν
992 1618 1178 1683 καλῶς
1222 1619 1662 1693 κατορθωθείσης
1699 1616 1839 1674 οἶδεν

247 1711 499 1766 δικαιοῦν
532 1713 658 1778 τοὺς
686 1711 1089 1784 κατορθοῦντας
1113 1714 1141 1766 6
1159 1711 1312 1777 Θεὸς,
1349 1712 1518 1766 Ῥαάϐ
1538 1730 1618 1775 τε,
1650 1712 1837 1783 φησὶν,

248 1807 285 1877 ἡ
319 1806 492 1877 πόρνη
527 1808 622 1859 καὶ
658 1806 688 1858 6
735 1805 974 1877 τελώνης
1017 1804 1377 1879 μαρτυροῦσι.
1434 1805 1544 1877 Τὴν
1585 1806 1684 1878 μὲν
1728 1806 1838 1877 γάρ

246 1898 495 1970 ἄκοσμον
525 1883 694 1952 τᾶλλα
721 1898 1131 1969 τυγχάνουσαν,
1176 1899 1396 1972 κλεινὴν
1434 1899 1529 1955 καὶ
1567 1900 1838 1970 ἐπίσημον

247 1993 282 2062 ἠ
321 1991 604 2062 ἀκροτάτη
636 1990 913 2062 φιλοξενία
936 1990 1277 2062 ἀναδέδειχεν
1307 2009 1325 2026 θ
1351 1994 1380 2046 6
1403 1992 1640 2063 τελώνης
1662 1991 1719 2066 es
1743 1991 1837 2044 καὶ

242 2083 417 2147 αὐτὸς
439 2083 528 2137 διά
552 2083 655 2154 τῆς
683 2084 977 2155 ἀμέμπτου
1003 2083 1507 2156 ταπεινοφροσύνης
1531 2082 1624 2137 τοῦ
1647 2081 1837 2138 ἑαυτὸν

243 2176 588 2240 δικαιοῦντος
613 2177 882 2249 ὑπερέσχε
921 2177 1241 2251 Φαρισαίου.

244 2292 553 2361 Βέλτερον
583 2291 812 2362 ἁζυγίη.
848 2311 901 2346 κ.
933 2310 986 2347 τ.
1022 2292 1172 2363 ἑξῆς.

329 2384 518 2441 Εἰπὼν
542 2425 558 2448 ,
590 2385 672 2438 ὅτι
704 2384 929 2439 δυνατὸν
962 2384 1061 2439 καὶ
1085 2384 1173 2439 διὰ
1208 2385 1340 2457 μιᾶς
1367 2383 1488 2439 ὁδοῦ
1527 2384 1708 2448 καλῶς
1736 2400 1839 2437 κα-

241 2476 621 2551 τορθουμένης
640 2476 748 2529 τῶν
766 2476 1032 2547 οὐρανίων
1054 2476 1196 2539 τινὸς
1222 2475 1577 2530 ἐπιλαϐέσθαι
1598 2474 1834 2547 σκηνῶν,

242 2568 339 2624 ἴνα
370 2569 445 2639 μή
474 2584 557 2631 τις
584 2567 740 2640 οἰηθῇ
755 2568 872 2639 -την
898 2567 1101 2639 ἀρετὴν
1124 2570 1189 2639 τῇ
1208 2567 1377 2639 κακίᾳ
1394 2566 1695 2639 λεληθότως
1717 2567 1838 2620 ἑπι-

246 2658 622 2732 μεμιγμένην,
652 2659 728 2724 ὡς
750 2659 845 2712 ἐπὶ
871 2658 980 2713 τῶν
1011 2658 1323 2731 ὑποκριτῶν
1353 2658 1501 2711 ἐστιν
1514 2659 1648 2729 όρᾷν
1686 2658 1839 2713 δύνα-

248 2753 381 2806 σθαι
403 2752 540 2806 Θεοῦ
567 2751 1008 2823 κατεργάσασθαι
1025 2751 1395 2822 δικαιοσύνην,
1413 2751 1783 2820 εύαγγελικῶς
1809 2752 1838 2805 6

246 2844 574 2907 διδάσκαλος
588 2842 666 2914 τῷ
683 2842 786 2914 τῆς
804 2844 1133 2915 διακρίσεως
1158 2841 1431 2913 πνεύματι
1456 2842 1838 2914 διασαφηνίζει

247 2936 323 2988 τὰ
350 2933 576 2988 τοιαῦτα
600 2949 614 2964 ·
647 2929 913 3005 εἶναιγὰρ
947 2932 1225 3005 ἀρίστους,
1246 2931 1360 2986 ἀλλ’
1392 2933 1453 2985 οὑ
1483 2929 1836 2995 δοκεῖν,ὁτοῦ

254 3025 573 3097 Πνεύματος
620 3025 787 3095 νόμος
836 3022 1084 3094 βούλεται
1131 3023 1227 3076 καὶ
1280 3021 1578 3093 νομοθέτης
1620 3039 1636 3055 ·
1691 3021 1755 3075 δι’
1810 3021 1840 3074 ὅ

254 3119 404 3188 λέγει
435 3136 450 3149 ⁸
487 3117 668 3174 Καλὸν
723 3119 757 3189 ἠ
807 3116 1012 3185 άζυγία
1038 3157 1054 3183 ,
1098 3115 1193 3168 καὶ
1243 3113 1338 3169 τοῦ
1400 3115 1580 3186 γάμου
1631 3114 1839 3186 βέλτιον

262 3212 460 3282 εἴποιμ’
488 3211 578 3275 ἂν,
606 3209 718 3264 ἀλλ’
760 3210 795 3281 ἡ
827 3208 995 3270 ὅντως
1034 3207 1235 3276 ἀξυγία
1268 3207 1361 3261 καὶ
1387 3206 1680 3279 παρθενία,
1715 3207 1840 3261 ἐπί-

268 3321 451 3374 μικτος
472 3303 529 3356 δὲ
549 3303 630 3374 τῷ
656 3302 845 3373 κόσμῳ
870 3301 1153 3371 γινομένη,
1181 3300 1275 3353 καὶ
1303 3301 1421 3363 ταῖς
1449 3299 1841 3371 παρεισάκτοις

265 3396 306 3466 ἢ
338 3397 453 3460 ταῖς
489 3395 555 3449 τά
590 3395 752 3466 γήϊνα
794 3391 1120 3464 φρονούσαις
1161 3390 1609 3462 συναυλιζομένη,
1643 3391 1840 3463 χείρων

266 3487 364 3558 τῆς
383 3488 469 3542 τοῦ
494 3488 676 3559 γάμου
706 3484 966 3554 συζυγίας
989 3483 1137 3538 ἐστίν
1171 3500 1187 3514 ⁸
1214 3482 1436 3554 δόκησιν
1482 3483 1591 3554 γάρ
1626 3499 1841 3554 σωφρο-

270 3579 430 3651 σύνης
454 3583 565 3643 τοῖς
606 3576 915 3648 ἀνθρώποις
949 3578 1008 3629 εν
1039 3574 1119 3647 τῷ
1148 3574 1390 3646 φανερῷ,
1427 3574 1544 3628 ἀλλ’
1572 3575 1672 3627 οὑκ
1711 3574 1843 3645 ἀλή-

268 3672 414 3728 θειαν
457 3674 516 3727 ἐν
564 3671 643 3744 τῷ
690 3670 919 3742 κρυπτῷ
961 3670 1293 3724 ἐπιδείκνυσι
1338 3668 1582 3741 Χριστῷ.
1621 3668 1792 3722 Πάλιν
1823 3681 1841 3697 ⁸

268 3766 502 3839 Σώφρων
529 3766 629 3837 μὲν
656 3767 685 3817 6
712 3764 825 3834 βίος
856 3765 951 3818 xui.
982 3763 1186 3834 ὑψηλὸς
1214 3762 1311 3817 καὶ
1337 3760 1700 3833 ἐμφιλόσοφος
1732 3760 1842 3814 τῶν

264 3858 586 3929 ἀκτημόνων
626 3857 721 3911 καὶ
762 3853 1132 3927 όρεσιτρόφων
1180 3850 1429 3924 μοναχῶν
1451 3892 1468 3916 ,
1516 3851 1612 3904 καὶ
1645 3850 1844 3913 αὑτοὺς

264 3950 330 4005 iis
368 3951 618 4015 πολλάκις
656 3948 751 4003 ἐπὶ
785 3950 853 4019 τῇ
898 3948 1069 4018 ἀρετῇ
1117 3944 1465 4015 τυφωθέντας
1515 3943 1595 4006 είς
1641 3941 1844 4013 πτῶμα

267 4045 600 4116 κατήνεγκεν
622 4044 659 4114 ἡ
686 4042 882 4112 οίησις.
922 4038 999 4092 Οὑ
1028 4037 1137 4108 γὰρ
1160 4037 1258 4107 τὴν
1286 4033 1467 4090 αὐτῶν
1494 4034 1696 4106 ἀρετὴν
1731 4035 1845 4098 τοῖς

269 4135 538 4203 κρείττοσι
574 4129 1060 4205 παραμετροῦντες
1088 4131 1183 4184 καὶ
1222 4126 1578 4199 τελειοτέροις
1600 4165 1617 4190 ,
1658 4142 1847 4179 ταπει-

266 4224 481 4280 νοῦνται
505 4242 521 4258 ’
559 4223 675 4278 ἔστι
715 4222 772 4276 δὲ
800 4223 888 4275 ὅτε
935 4220 1071 4292 πρὸς
1116 4219 1244 4282 τοὺς
1284 4216 1702 4287 ταπεινοτέρους
1749 4216 1845 4269 καὶ

263 4316 482 4388 χείρους
503 4315 605 4387 τὴν
632 4311 814 4367 αὐτῶν
836 4312 1088 4387 ἄσκησιν,
1108 4307 1491 4379 συγκρίνοντες
1509 4345 1527 4371 ,
1557 4306 1651 4359 καὶ⁵
1684 4307 1845 4359 ἐπαι-

268 4406 510 4478 ρόμενοι,
531 4408 589 4470 ἐς
626 4405 904 4476 ἁμαρτίαν
937 4401 1436 4473 καταῤῥήγνυνται.
1485 4396 1756 4461 Πολλάκις
1790 4396 1847 4449 δὲ
1897 4451 1901 4456 _

266 4499 372 4554 καὶ
394 4499 585 4571 ζεούσῃ
624 4495 827 4568 θερμὸν
858 4495 1110 4569 ᾇττοντες
1137 4494 1205 4563 τῇ
1236 4489 1517 4563 προθυμίᾳ
1561 4490 1657 4543 τοῦ
1689 4489 1810 4554 νοὸς
1829 4528 1846 4552 ,

263 4592 631 4662 ἀγυμνάστων
667 4588 864 4643 πώλων
894 4587 990 4642 καὶ
1022 4584 1354 4656 δυσχαλίνων
1389 4582 1668 4654 ὁμοιότητι
1684 4622 1702 4645 .
1752 4581 1848 4635 καὶ

263 4683 316 4753 ἦ
337 4682 600 4753 νηστείαις
633 4681 914 4753 ἀμέτροις,
938 4678 975 4751 ἢ
997 4677 1329 4750 ἀγρυπνίαις
1351 4676 1626 4747 ἀκαίροις,
1657 4675 1691 4746 ἡ
1710 4691 1849 4728 τισιν

260 4773 459 4838 ἄλλαις
490 4772 867 4843 ἐπιτηδεύσεσι
899 4769 1447 4843 ὑπερφρονήσαντες.
1488 4768 1619 4839 παρ’
1664 4766 1693 4819 ὅ
1742 4765 1850 4819 ἔδει

262 4868 490 4935 φρονεῖν
516 4906 532 4930 ,
571 4866 665 4919 καὶ
722 4864 785 4917 ού
853 4863 996 4915 κατά
1042 4859 1135 4914 τὸν
1191 4857 1491 4930 ἀσκητικὸν
1539 4858 1701 4927 νόμον
1751 4856 1852 4927 τὴν

260 4954 472 5027 πρᾶξιν
530 4955 1044 5030 μεταχειρισάμενοι
1100 4953 1198 5023 τῆς
1258 4949 1502 5022 ἀρετῆς,
1556 4949 1745 5021 πόρρω
1790 4965 1850 5001 τε

252 5052 381 5121 τῆς
401 5051 596 5115 νύσσης
624 5048 717 5103 καὶ
754 5046 863 5101 τῶν
908 5045 1007 5115 τῆς
1039 5042 1195 5113 νίκης
1235 5039 1515 5111 στεφάνων
1541 5037 1854 5109 ἀπωλίσοη-

254 5160 405 5199 cur.
428 5143 632 5200 Τούτου
660 5140 726 5212 δὴ
758 5140 940 5211 χάριν,
964 5140 995 5191 6
1023 5133 1336 5207 θαυμαστὸς
1362 5127 1516 5198 οὗτος
1549 5131 1853 5202 σύμϐουλός

251 5248 440 5306 φησιν
467 5251 482 5267 ⁸
515 5235 586 5288 Ἢ
626 5232 879 5302 ἐλαφροῖς
913 5226 1169 5299 πτέρυξιν
1210 5225 1440 5295 ὲπαίρου
1486 5223 1586 5292 τῆς
1614 5223 1718 5294 γῆς
1760 5223 1854 5276 καί

248 5324 612 5397 τᾶινγῇνων
654 5321 1057 5394 περισπασμῶν
1096 5322 1193 5373 καὶ
1235 5316 1544 5388 ἐπιθυμιῶν
1571 5317 1638 5368 δι’
1683 5317 1856 5387 ἀκτηο

250 5416 412 5479 σίας
448 5418 657 5482 τελείας
713 5416 807 5470 καὶ
856 5410 1354 5484 ταπεινοφροσύνης
1404 5408 1710 5485 ἀκροτάτης
1760 5409 1856 5462 καὶ

246 5507 618 5581 τελειοτάτης
662 5507 964 5571 ἀπαθείας,
1008 5506 1044 5577 ἦ
1092 5505 1243 5558 κάτω
1296 5501 1470 5573 μένων
1521 5500 1618 5554 καὶ
1663 5501 1855 5553 ἑαυτὸν

244 5597 570 5662 ἐξουδενῶν
599 5598 695 5653 καὶ
721 5595 998 5667 φαυλίζων
1019 5634 1034 5657 ,
1067 5591 1269 5663 μηδένα
1307 5588 1363 5642 δὲ
1394 5586 1552 5641 ἄλλον
1581 5587 1782 5656 κρίνων
1821 5584 1856 5654 ἢ

248 5691 664 5755 γαταὸικάζων
692 5687 949 5759 ἀσφαλῶς
971 5684 1154 5757 τρέχε,
1200 5683 1274 5753 μή
1310 5695 1439 5733 ποτε
1476 5678 1511 5748 ἦ
1543 5675 1859 5744 ἐπιθυμίαις

242 5778 530 5848 ἀνοήτοις
582 5782 618 5853 ἢ
648 5780 836 5850 θυμοῖς
867 5777 1085 5840 ἀλόγοις
1105 5816 1119 5839 ,
1154 5774 1187 5841 ἢ
1220 5772 1499 5839 λογισμοῖς
1531 5767 1857 5837 ὑπερόγκοις

1232 322 1296 390 ΙΝ
1334 318 1650 378 ΩΑΒΜΙΝᾹ
1687 318 1966 376 ΑιιεΑΝΑ
2007 321 2065 375 S.
2097 321 2451 379 GREGOllll.

3409 323 3520 380 ’ἳῗο

1945 438 2052 488 tem
2068 441 2120 487 te
2132 434 2340 499 videas,
2357 434 2412 489 in
2427 435 2527 490 hac
2538 450 2700 506 quam
2719 435 2956 490 maxime
2972 434 3310 491 incessanter
3321 451 3517 507 perge:

1942 526 1986 579 si
2016 541 2111 596 per
2141 542 2334 582 omnes
2368 527 2622 584 incedere
2657 544 2852 600 queas,
2888 528 3154 600 optimum
3185 536 3237 583 et
3270 531 3515 584 omnium

1939 615 2434 686 perfectissimum;
2467 618 2512 674 si
2548 635 2645 690 per
2670 634 2872 690 paucas
2889 620 3058 683 vales,
3082 618 3314 674 inferius
3351 620 3509 683 illttd,

1941 707 2225 779 primaque
2252 710 2568 766 conditione
2600 712 2816 778 minus;
2841 711 2888 766 si
2917 713 3080 766 etiam
3111 711 3329 766 unicam
3359 726 3519 766 man-

1944 795 2155 853 sionem
2175 798 2424 856 obtinere
2444 801 2656 855 viarum
2679 801 2745 856 ad
2775 817 3047 857 summum
3072 801 3328 871 possibile
3348 811 3519 868 esset,

1939 895 1993 942 et
2021 887 2073 943 id
2107 887 2215 944 Deo
2240 890 2463 960 placens
2487 899 2540 946 et
2574 902 2849 962 acceptum
2874 900 3040 958 esset;
3060 891 3314 945 onmibus
3336 902 3520 945 autem

1940 995 2039 1050 per
2062 979 2281 1051 pietatis
2319 982 2437 1036 vias
2465 992 2612 1037 recte
2642 964 2993 1037 currentibus
3028 991 3082 1036 et
3110 980 3519 1037 ardentioribus

1939 1081 1995 1126 et
2031 1072 2477 1142 perfectioribus,
2515 1074 2923 1130 remissioribus
2947 1083 3108 1145 atque
3146 1074 3519 1145 imperfectio-

1942 1165 2127 1229 ribus,
2161 1173 2362 1220 statera
2393 1174 2448 1221 et
2490 1182 2746 1220 mensura
2786 1183 2975 1237 :equa,
3015 1178 3068 1221 et
3109 1166 3388 1221 mercedes
3418 1182 3516 1236 pro

1942 1253 2187 1323 ipsorum
2234 1256 2619 1326 progressibus
2657 1258 3047 1313 convenienter
3090 1257 3233 1329 apud
3271 1257 3515 1327 jndicem
3610 1318 3614 1325 ,

1941 1345 2322 1400 universorum
2356 1356 2541 1416 parata
2568 1354 2719 1402 sunt.

1938 1436 2009 1489 57
2032 1435 2216 1491 Rahab
2245 1439 2415 1492 minus
2443 1439 2715 1493 honestam
2747 1438 2968 1493 ducebat
2999 1440 3179 1505 vitam,
3212 1451 3314 1494 etc.

2007 1528 2163 1595 Quod
2183 1531 2404 1600 quidem
2430 1547 2523 1600 per
2540 1532 2759 1586 unicam
2789 1532 2999 1585 viarum
3017 1547 3138 1602 qua:
3160 1533 3226 1586 ad
3250 1547 3514 1602 supernas

1938 1616 2118 1674 Patris
2147 1620 2464 1676 mansiones
2480 1621 2688 1677 ducunt
2719 1630 2865 1677 recte
2887 1638 3161 1678 emensam
3187 1622 3516 1692 judicaverit

1943 1710 2089 1767 Deus
2131 1711 2436 1781 justiticare
2471 1714 2607 1769 bene
2637 1714 3032 1778 incedentes,et
3061 1713 3283 1776 llabab,
3317 1715 3518 1784 inquit,

1941 1803 2196 1858 meretrix
2249 1813 2305 1859 et
2359 1805 2683 1875 publicanus
2735 1813 2902 1860 testes
2957 1813 3107 1861 sunt.
3166 1805 3312 1860 Illam
3370 1807 3516 1861 enim

1942 1906 2137 1952 ctetera
2165 1895 2530 1952 inordinatam
2551 1938 2566 1959 ,
2600 1897 2870 1952 celebrem
2896 1905 2949 1951 et
2977 1897 3244 1968 insignem
3274 1897 3517 1968 perfecta

1945 1985 2297 2057 hospitalitas
2341 1989 2611 2057 ostendit;
2648 1988 2975 2058 publicanus
3014 2004 3141 2043 vero
3179 1996 3233 2042 et
3266 1989 3384 2059 ipse
3425 2005 3520 2060 per

1940 2079 2484 2151 irreprebeusibilem
2529 2082 2884 2138 humilitatem
2917 2079 3196 2136 Pltarisaro
3221 2096 3280 2137 se
3306 2082 3518 2150 justum

1938 2172 2259 2243 prmdicanti
2291 2174 2565 2244 prmstitit.
2662 2232 2667 2237 ,

1939 2287 2132 2344 Melior
2158 2287 2465 2354 cwlibatus,
2495 2296 2603 2345 etc.

2010 2379 2207 2436 Dicens
2239 2380 2387 2450 quod
2414 2380 2674 2449 possibile
2693 2387 2778 2436 est
2804 2387 2859 2436 et
2890 2395 2987 2450 per
3008 2397 3172 2436 unam
3201 2383 3343 2438 viam
3374 2393 3521 2439 recte

1936 2486 2216 2527 emensam
2249 2470 2556 2526 cwlestium
2594 2472 2649 2526 in
2681 2486 2848 2525 unum
2881 2474 3355 2528 tabernaculorum
3396 2492 3523 2531 sus-

1938 2562 2156 2632 cipi,ne
2170 2561 2297 2631 quis
2326 2561 2596 2631 cogitaret
2624 2562 2881 2617 virtutem
2919 2563 3105 2618 furtim
3134 2551 3333 2620 malitia
3364 2582 3517 2620 (‘Olll-

1937 2652 2196 2716 misceri,
2232 2653 2374 2708 sicut
2403 2652 2589 2710 videre
2620 2660 2704 2709 est
2747 2653 2891 2723 apud
2936 2654 3403 2725 comoedos,quasi
3438 2659 3520 2715 sie

1939 2751 2126 2813 posset
2172 2758 2334 2814 agere
2382 2742 2593 2812 iustitia
2650 2742 2775 2803 Dei.
2825 2745 3182 2800 conformiter
3230 2747 3518 2820 Evangelii)

1939 2832 2132 2889 doctor
2160 2834 2217 2889 in
2251 2834 2446 2905 spiritu
2474 2834 2731 2905 judicans
2759 2836 2876 2892 haec
2920 2838 3115 2894 illustr:
3138 2848 3179 2895 t.
3213 2839 3346 2897 Esse
3374 2846 3518 2898 enim

1938 2925 2303 2994 optimos,sed
2349 2940 2459 2979 non
2489 2927 2912 2988 conlidere,vult
2944 2928 3025 2982 lex
3045 2928 3281 2998 Spiritus
3304 2940 3356 2986 et
3391 2935 3525 3005 legi-

1940 3015 2046 3080 fer,
2075 3016 2196 3070 ideo
2221 3015 2387 3072 dicit:
2415 3015 2601 3072 Bonus
2624 3017 2916 3073 caelibatus
2941 3027 2994 3073 et
3027 3022 3377 3078 matrimonio
3405 3042 3522 3080 tne-

1945 3108 2049 3163 Iior
2092 3106 2394 3173 dicendus,
2427 3107 2522 3163 sed
2549 3123 2675 3163 vere
2714 3108 3039 3175 emlibatus,
3080 3112 3197 3169 sive
3214 3114 3523 3182 virginitas.

1940 3199 2147 3255 mundo
2193 3199 2241 3254 si
2283 3198 2572 3255 commista
2620 3199 2710 3254 liat
2755 3209 2812 3257 et
2852 3199 3052 3256 furtive
3090 3201 3383 3257 insinuatis
3429 3213 3522 3257 aut

1941 3290 2294 3347 terrestribus
2331 3292 2756 3361 cogitationibus
2799 3292 3147 3353 consociata,
3206 3293 3523 3362 nuptiarum

1943 3387 2335 3458 conjunctione
2375 3386 2529 3456 pejor
2569 3394 2692 3441 est:
2742 3385 2981 3456 speciem
3025 3383 3170 3438 enim
3224 3384 3525 3453 prudentiae

1943 3478 2260 3534 hominibus
2278 3479 2646 3541 extrinsecus,
2670 3477 2765 3532 sed
2792 3492 2901 3531 non
2926 3474 3207 3530 veritatem
3232 3474 3283 3527 in
3308 3474 3526 3529 reculto

1943 3571 2181 3628 ostendit
2208 3570 2451 3625 Christo.
2488 3568 2701 3624 Rursus
2729 3586 2742 3622 :
2769 3566 3016 3621 Prudens
3047 3568 3156 3620 vita
3177 3575 3230 3619 et
3259 3574 3439 3621 erecta
3470 3576 3525 3619 et

1943 3663 2270 3736 philosopho
2298 3662 2462 3732 digna
2489 3674 2790 3733 pauperum
2825 3668 2881 3712 et
2913 3659 2967 3712 in
3003 3658 3276 3710 montibus
3302 3658 3521 3711 consis-

1946 3758 2176 3813 tentium
2227 3753 2650 3811 monachorum,
2680 3758 2734 3805 et
2791 3750 2942 3822 ipsos
2998 3762 3141 3817 saepe
3197 3747 3266 3802 de
3320 3750 3523 3801 virtute

1946 3856 2220 3906 tumentes
2247 3847 2302 3902 iu
2331 3860 2519 3900 casum
2559 3842 2783 3898 abstulit
2818 3838 3192 3911 praesumptio.
3225 3838 3343 3895 Non
3379 3838 3528 3891 enim

1944 3939 2223 4013 propriam
2252 3939 2509 3994 virtutem
2541 3934 2862 3990 melioribus
2893 3939 3277 4001 comparantes
3313 3942 3365 3984 et
3401 3945 3531 4000 per-

1948 4032 2268 4088 fectioribus
2309 4028 2712 4091 humiliantur;
2756 4024 2955 4079 accidit
3003 4030 3062 4078 ut
3104 4037 3229 4076 cum
3268 4021 3532 4091 aljectlo—

1948 4123 2103 4179 ribus
2149 4130 2205 4177 et
2250 4118 2532 4191 peioribus
2569 4113 3050 4186 morigerationem
3096 4125 3249 4165 suam
3288 4110 3528 4179 a’qltipzt-

1948 4224 2134 4270 rantes
2176 4221 2232 4269 et
2271 4209 2684 4281 superbientes,
2730 4208 2784 4262 in
2824 4191 3104 4276 peccatum
3141 4201 3531 4266 ell'undantur;

1950 4325 2095 4381 saepe
2134 4316 2188 4364 et
2229 4306 2458 4363 ferventi
2509 4305 2627 4359 zelo
2673 4304 2903 4373 spiritus
2951 4299 3329 4360 vehementes,
3374 4295 3533 4349 indu.

1950 4411 2210 4465 mitorum
2253 4403 2581 4473 equulorum
2612 4409 2668 4455 et
2709 4400 3128 4453 intractatorum
3171 4394 3364 4456 instar,
3415 4394 3535 4447 sive

1945 4505 2173 4577 jejuniis
2198 4499 2593 4562 immoderatis,
2619 4497 2732 4552 sive
2758 4494 2959 4566 vigiliis
2982 4490 3386 4563 inopportunis,
3414 4490 3535 4545 sive

1951 4604 2075 4660 aliis
2107 4599 2436 4672 quibusdam
2467 4593 2958 4652 exercitationibus
2987 4605 3047 4646 se
3076 4589 3397 4644 evtollentes
3433 4602 3534 4641 ex-

1952 4711 2036 4756 tra
2066 4698 2286 4753 modum
2320 4706 2373 4751 et
2406 4710 2569 4764 supra
2596 4692 2646 4747 id
2682 4692 2825 4761 quod
2852 4687 3167 4760 oportebat,
3203 4702 3303 4740 nec
3331 4699 3530 4740 secun—

1952 4804 2080 4855 dum
2119 4796 2410 4852 asceticam
2445 4794 2613 4864 legem
2658 4788 2869 4860 praxim
2913 4796 3239 4841 exercentes
3287 4784 3535 4843 virtutis.

1953 4895 2144 4968 procul
2181 4906 2212 4946 a
2255 4897 2395 4944 meta
2423 4897 2479 4943 et
2507 4903 2539 4941 a
2583 4884 2775 4939 bravio
2821 4883 3132 4951 perierunt;
3178 4876 3540 4949 quamobrem

1955 4987 2295 5049 admirabilis
2322 4987 2411 5041 ille
2434 4980 2785 5039 consiliarius
2812 4977 2990 5046 inquit
3022 4974 3148 5029 :Vel
3185 4974 3395 5028 levibus
3430 4974 3538 5027 alis

1955 5101 2188 5159 exsurge.
2214 5101 2245 5140 a
2273 5092 2418 5137 terra
2454 5089 2509 5135 et
2540 5094 2570 5133 a
2605 5073 2963 5130 terrestribus
2988 5068 3453 5124 sollicitudinibus
3482 5076 3539 5123 et

1956 5183 2242 5243 desideriis
2265 5195 2359 5251 per
2379 5180 2749 5250 paupertatem
2775 5168 3069 5240 perfectam
3097 5175 3150 5222 et
3172 5165 3537 5221 humilitatem

1957 5282 2214 5355 optimam
2262 5284 2317 5331 et
2365 5284 2633 5325 summam
2688 5264 3049 5336 cupiditatum
3092 5263 3537 5331 exemptionem,

1957 5381 2040 5437 vel
2065 5380 2119 5435 in
2151 5374 2337 5431 intimo
2373 5382 2603 5424 manens
2637 5371 2691 5419 et
2723 5370 2776 5418 te
2826 5364 3004 5431 ipsum
3036 5359 3190 5414 nihili
3239 5356 3452 5410 faciens
3482 5360 3540 5406 et

1958 5474 2277 5533 bumilians,
2310 5465 2581 5523 neminem
2605 5461 2768 5516 etiam
2806 5459 2969 5511 alium
2990 5455 3246 5524 judicans
3279 5458 3371 5503 aut
3402 5462 3539 5502 conc

1960 5573 2226 5629 demnans
2283 5570 2401 5619 tuto
2462 5574 2624 5615 curre
2673 5571 2741 5611 ne
2784 5554 2923 5608 forte.
2977 5550 3059 5604 vel
3110 5546 3399 5602 desideriis
3449 5543 3539 5597 in-

1962 5664 2330 5737 sipientibus,
2400 5657 2478 5713 vel
2533 5654 2830 5725 impetibus
2888 5644 3391 5707 irrationabilinus,
3454 5637 3543 5737 te!

1963 5733 2215 5820 consiliis
2258 5756 2513 5829 superbis
2570 5744 3036 5823 praesumptionis.
3070 5742 3269 5799 mentis
3304 5740 3408 5795 alis
3454 5733 3544 5787 iﬂ'
