4030 6232
617 323 719 378 ’171

618 450 944 510 gravescens
987 441 1041 487 et
1074 429 1139 485 ad
1181 438 1383 484 terram
1425 440 1689 497 praeceps,
1717 439 1849 479 casu
1888 419 2203 477 miserando

630 529 930 598 multisque
959 525 1128 596 digno
1174 521 1428 591 laerymis
1468 518 1753 575 concidas.

619 725 692 781 53
730 723 910 778 Parva
937 724 1227 790 navifqua!
1248 718 1487 788 pluribus
1518 711 1788 790 compacta
1814 714 1978 790 claris
1994 721 2072 768 est
2091 753 2109 778 ,

620 795 691 850 58
800 792 1022 848 Gravius
1085 787 1186 861 [ἐι-ι
1245 787 1376 843 eum
1429 804 1620 858 magna
1679 787 1836 861 cujus
1893 789 2034 838 laxa:
2079 791 2204 839 sunt

1816 853 2134 928 [compagem

707 955 906 1010 Dicens
934 954 1079 1026 quod
1110 953 1306 1008 melius
1327 951 1398 1007 sit
1415 948 1920 1020 bumigradientem
1946 957 2001 1002 et
2026 944 2208 1000 humi-

624 1046 814 1100 liatqu
853 1034 972 1099 tuto
998 1061 1243 1106 currere,
1272 1058 1436 1112 quam
1468 1041 1727 1112 Operibus
1749 1053 1914 1110 supra
1947 1037 2091 1092 vires
2120 1036 2208 1091 in-

622 1137 969 1194 cumbentem
998 1149 1052 1190 et
1078 1153 1137 1190 se
1167 1136 1514 1188 extollentem
1544 1132 1693 1202 gravi
1728 1131 1870 1186 casu“
1893 1130 2205 1193 concidere,

623 1231 877 1300 exempto
918 1230 1125 1284 dictum
1171 1226 1539 1284 continuavit.
1581 1224 1781 1279 Videre
1831 1231 1952 1288 est,
1994 1223 2205 1294 inquit,

625 1337 848 1393 parvam
880 1328 933 1374 et
954 1327 1238 1389 angustam
1275 1332 1468 1371 navem
1499 1313 2063 1384 quae,abundautibus
2097 1313 2209 1366 cla-

623 1415 710 1468 vis
755 1421 901 1466 recte
943 1409 1310 1478 consolidata,
1408 1407 1594 1476 plures
1645 1419 1861 1460 merces
1906 1401 2211 1457 transvehit

623 1519 788 1574 quam
822 1515 1015 1571 magna
1056 1498 1212 1552 navis
1247 1504 1302 1551 et
1337 1496 1477 1550 male
1505 1481 1892 1566 colligataisic
1931 1500 1986 1549 et
2018 1492 2212 1546 solita-

627 1593 744 1644 rius
783 1589 947 1642 ltomo
980 1603 1180 1656 parvus
1216 1593 1271 1640 et
1295 1584 1625 1640 auctoritate
1657 1584 1855 1648 minor,
1893 1583 1986 1654 qui
2020 1582 2208 1652 paucis

643 1683 914 1750 imperare
955 1680 1191 1740 videtur,
1222 1677 1312 1731 cui
1352 1691 1552 1730 nomen
1585 1676 1807 1732 minime
1850 1690 2130 1745 magnum.
2155 1682 2211 1728 et

627 1774 747 1845 ipse
784 1773 941 1842 quasi
989 1772 1158 1826 clavis
1203 1770 1612 1824 abundantibus
1649 1768 1889 1839 Spiritus
1929 1776 2211 1839 protectus

625 1867 878 1921 consiliis
924 1874 977 1920 et
1028 1867 1179 1920 intus
1224 1853 1447 1920 divitias
1491 1864 1754 1918 virtutum
1809 1861 2208 1923 transvehens,

625 1967 812 2015 enatat
855 1975 886 2013 e
939 1958 1323 2027 spiritualibns
1369 1956 1560 2026 piratis
1601 1964 1656 2009 et
1716 1953 1922 2022 absque
1969 1950 2212 2020 periculo

638 2067 813 2104 arvum
864 2048 1122 2118 transigit
1170 2047 1367 2118 dignos
1413 2046 1645 2100 Domino
1687 2060 1788 2100 suo
1829 2044 2038 2098 fructus
2085 2043 2213 2098 atie-

627 2155 785 2203 rens;
817 2141 946 2193 dum
978 2140 1121 2192 alius
1149 2141 1257 2192 alta
1285 2138 1354 2192 de
1387 2138 1680 2191 sanctitate
1707 2136 1956 2206 cogitans
1986 2143 2040 2190 et
2069 2135 2212 2190 mul-

627 2240 713 2284 tos
738 2231 951 2284 salvare
983 2245 1350 2298 praesumens,
1385 2244 1494 2282 non
1539 2228 1794 2282 absolute
1821 2212 2070 2282 consiliis
2087 2227 2214 2296 δρία

627 2323 768 2376 ritus
786 2337 845 2376 se
865 2328 1082 2377 exercet
1105 2320 1482 2391 quibusquasi
1509 2320 1761 2390 ligaturis
1781 2334 1977 2374 carens
1991 2318 2214 2387 haecque

626 2413 980 2482 despiciens,
1036 2413 1177 2468 forte
1231 2413 1452 2468 inﬂatur
1498 2411 1752 2467 laudibus
1783 2411 2118 2467 -advcntitiis
2159 2419 2215 2467 et

628 2507 861 2558 multum
895 2505 997 2559 sibi
1041 2504 1489 2578 arrogagsubito
1529 2506 1672 2560 facta
1716 2505 2014 2575 agitatione
2051 2505 2216 2575 spiri-

634 2596 768 2650 tuali
834 2595 1160 2651 irruentium
1210 2594 1518 2649 dzemouum
1563 2605 1618 2650 et
1666 2596 2020 2650 consiliorum
2074 2591 2214 2648 insi—

628 2688 895 2757 pientium
921 2699 1249 2758 assurgente
1266 2695 1613 2757 tempestate,
1635 2687 1976 2758 periclitatur
1995 2694 2050 2742 et
2073 2688 2233 2756 perit,

624 2790 682 2836 et
709 2795 849 2851 quas
877 2791 1097 2852 portare
1136 2782 1357 2837 divitias
1399 2780 1730 2847 conﬁdebat,
1765 2781 1851 2837 hae
1920 2781 2081 2836 facile
2119 2782 2214 2836 de-

626 2873 931 2940 perduntur
957 2879 1012 2926 et
1037 2871 1470 2940 pmipitantur.
1514 2871 1816 2940 Angustam
1847 2880 2058 2939 portam
2089 2884 2212 2939 qua:

625 2964 694 3016 ad
713 2972 972 3015 aeternam
1003 2963 1169 3014 vitatu
1195 2961 1350 3014 ducit
1374 2999 1389 3024 ,
1415 2959 1600 3012 divina
1627 2959 1954 3013 documenta
1993 2959 2216 3022 docent,

626 3053 828 3108 multas
873 3061 1054 3106 autem
1101 3052 1218 3107 vias
1260 3065 1383 3121 quae
1431 3049 1643 3105 ducunt
1694 3049 1762 3103 ad
1809 3049 2011 3104 ostium
2061 3050 2216 3119 quasi

625 3144 832 3199 tonitru
872 3159 974 3198 vox
1005 3141 1188 3196 divina
1230 3141 1508 3212 praedicat,
1545 3153 1604 3198 et
1637 3141 1739 3196 bos
1775 3156 1872 3212 per
1897 3140 2060 3202 hanc,
2092 3140 2217 3195 illos

625 3249 723 3304 per
748 3235 895 3287 illam
925 3233 993 3287 ad
1019 3231 1382 3287 incedendum
1405 3233 1618 3298 invitat,
1643 3243 1804 3303 prout
1833 3231 2217 3301 unusquisque

625 3341 686 3381 se
710 3333 896 3379 natum
923 3333 978 3378 et
1009 3323 1265 3380 idoneum
1299 3323 1779 3388 aestimat,tantum
1816 3338 1887 3378 ne
1914 3323 2212 3393 spatiosam

621 3426 678 3473 et
721 3419 884 3472 tatam
917 3427 970 3473 et
1012 3418 1080 3474 ad
1117 3419 1418 3490 perniciem
1454 3416 1768 3482 ducentem,
1797 3418 1892 3475 sed
1919 3427 2131 3474 arctam
2160 3426 2216 3474 et

623 3520 910 3584 angustam
937 3520 1178 3568 teneant.

626 3784 807 3853 Neque
841 3803 947 3840 una
972 3788 1238 3855 omnibus,
1264 3799 1371 3846 etc.

696 3877 874 3938 Sicut,
901 3880 1101 3949 inquit,
1151 3897 1258 3937 non
1311 3898 1417 3937 una
1466 3891 1522 3939 et
1554 3882 1748 3938 eadem
1782 3896 1910 3938 esca
1953 3881 2212 3938 omnibus

625 3965 909 4024 bmuimnn
966 3972 1374 4030 conditionibus
1435 3974 1739 4029 secundum
1790 3981 2042 4028 naturam
2096 3974 2212 4043 pla-

622 4074 755 4114 cens
781 4067 836 4114 et
866 4069 1012 4132 apta.
1045 4065 1138 4118 sed
1163 4065 1254 4119 alii
1279 4065 1425 4120 aliud
1461 4066 1781 4120 alimentqu
1819 4073 2107 4135 appetunt:
2130 4066 2212 4119 sic

620 4159 675 4202 et
702 4150 1034 4207 Christianis
1066 4169 1177 4207 non
1218 4169 1325 4208 una
1363 4163 1418 4210 et
1455 4154 1643 4209 eadem
1685 4154 1798 4208 vita
1837 4155 2097 4209 omnibus
2125 4163 2210 4209 est

621 4249 747 4310 apta
779 4251 834 4296 et
856 4242 1098 4311 juctmda
1133 4263 1148 4300 :
1175 4245 1267 4299 alii
1292 4245 1438 4299 enim
1463 4245 1795 4314 apostolicos
1821 4259 2004 4302 mores
2031 4261 2206 4317 quan-

619 4343 736 4390 tum
766 4346 996 4404 possunt
1039 4338 1243 4394 imitari
1279 4348 1584 4403 conantur,
1621 4340 1713 4394 alii
1749 4351 2050 4412 martyrum
2082 4355 2206 4394 sor-

621 4437 728 4481 tem
761 4427 1098 4493 dcsiderant;
1137 4431 1383 4502 plerique
1414 4433 1706 4486 ascetieam
1741 4432 1901 4486 vitam
1945 4443 1999 4486 et
2045 4432 2208 4503 spiri-

620 4519 822 4574 tualem
861 4521 1259 4591 suscipientes,
1305 4523 1539 4578 diversis
1585 4523 1860 4579 habilibus
1901 4531 1955 4579 et
1998 4523 2205 4594 regulis

621 4610 768 4665 illam
820 4612 974 4682 sequi
1047 4613 1286 4670 student.
1365 4613 1507 4669 Sunt
1560 4624 1741 4670 autent
1799 4616 2052 4687 lacrymte
2105 4631 2205 4687 pro

619 4703 873 4758 omnibus
919 4702 1172 4758 similiter
1211 4710 1266 4758 et
1313 4721 1454 4760 verae
1503 4706 1806 4760 secundum
1847 4705 2015 4762 Deum
2049 4723 2202 4763 cum-

620 4795 933 4861 punetiuuis
968 4795 1216 4856 tristitia,
1250 4796 1447 4865 vigilia:
1475 4805 1532 4850 et
1564 4798 1754 4853 Iaudes
1788 4808 1842 4854 et
1868 4801 1921 4854 in
1945 4802 2203 4869 precibus

621 4884 1028 4948 perseverantia
1054 4894 1107 4940 et
1139 4885 1544 4955 fervor,qnibus
1567 4887 1748 4941 modis
1774 4895 1828 4942 et
1862 4889 2201 4958 impurarum

618 4977 978 5043 cupiditatum
1030 4979 1246 5033 insania
1294 4979 1548 5034 domatur
1585 4989 1640 5035 et
1683 4981 2019 5051 reprimitur.
2057 4985 2203 5039 Plae-

621 5073 766 5118 terea
803 5079 856 5120 et
895 5069 1170 5124 fastidium
1209 5072 1542 5126 domandum
1571 5080 1656 5127 est
1680 5084 1732 5127 et
1766 5054 2116 5140 vincendum,
2147 5082 2202 5130 et

579 5221 582 5226 η
618 5156 882 5212 adversus
924 5159 1175 5216 libidines
1208 5165 1596 5233 pugnandum;
1639 5165 1820 5218 adhuc
1859 5174 1914 5220 et
1948 5167 2014 5220 de
2052 5167 2198 5222 omni

577 5602 592 5631 δ

569 5242 573 5248 ’
615 5265 780 5319 opere
801 5257 855 5303 et
880 5250 1048 5304 verbo
1061 5253 1205 5321 quod
1235 5252 1572 5308 facitnusaut
1596 5254 1836 5312 dicimus
1860 5257 1963 5313 sub
1980 5267 2199 5328 potente

612 5339 820 5397 Citriin
855 5356 1020 5396 manu
1052 5341 1450 5398 humiliandum
1508 5354 1594 5401 est
1625 5359 1751 5402 cum
1776 5348 1976 5419 pietate
1993 5354 2048 5402 et
2078 5348 2197 5420 jugi

613 5434 812 5489 timore
850 5433 917 5488 de
963 5440 1193 5487 venturo
1231 5431 1400 5504 ipsius
1439 5435 1630 5504 judicii
1668 5434 1778 5491 die.
1830 5433 1952 5489 llam
1985 5437 2193 5502 omnia,

612 5525 691 5580 ait
733 5526 978 5581 divinqu
1033 5521 1420 5588 Verbum,uon
1471 5526 1595 5582 aliis
1627 5526 1790 5594 bona,
1824 5535 1879 5583 et
1925 5527 2048 5584 aliis
2079 5543 2214 5598 nou,

706 5702 796 5772 69)
835 5702 969 5772 Cod.
1004 5701 1487 5772 καταϐαρυνομένη
1509 5702 1656 5771 tsie).

739 5772 794 5834 0)
823 5771 955 5824 Cod.
987 5770 1248 5839 Usdpxta}
1285 5785 1336 5824 ν.
1357 5770 1531 5840 supra
1560 5770 1732 5828 carm.
1761 5771 1816 5841 8,
1843 5785 1987 5830 vers.
2001 5770 2185 5830 22-31.

1984 303 2282 360 NICETAS
2321 302 2532 359 DAVID

3777 308 3870 368 77!

2306 419 2553 488 οἰήσεως,
2589 417 2686 472 τοῦ
2723 415 2815 471 νοῦ
2853 417 2914 471 τὸ
2953 417 3154 490 πτερὸν
3196 419 3710 492 καταϐαρυνόμενος
3749 422 3865 492 (69).

2305 509 2400 562 καὶ
2427 508 2767 572 κατανεύσας
2793 511 2874 573 είς
2902 511 3029 580 γῆν,
3063 511 3266 582 πτῶμα
3299 510 3530 564 ἐλεεινὸν
3559 513 3654 566 καὶ
3680 513 3869 568 πολλῶν

2304 601 2455 666 ἄξιον
2483 601 2737 672 ὀδυρμῶν
2757 601 3112 672 κατενεχθῇς.

2306 692 2377 746 55
2411 692 2577 760 Νηῦς
2616 694 2788 762 ὀλίγη
2821 695 3142 762 γόμφοισιν
3175 694 3515 760 ἀρηραμέιη
3551 695 3868 762 πυκινοῖσι,

2306 763 2377 818 54
2483 765 2711 834 Φόρτον
2740 765 2867 833 ἄγει
2893 763 3165 834 μεγάλης
3193 765 3449 818 πλείονα
3473 763 3584 832 τῆς
3614 766 3839 822 ἁδέτου.

2378 937 2562 994 Εἰπὼν
2589 940 2845 1011 κρεῖσσον
2865 933 3006 992 εἶναι
3029 939 3204 1010 χαμαὶ
3230 939 3482 1009 βαίνοντα
3502 941 3596 994 καὶ
3611 943 3872 997 ταπεινού-

2313 1049 2473 1102 μενον
2505 1031 2768 1102 ἀσφαλῶς
2799 1031 3037 1105 τρέχειν,
3076 1032 3109 1102 ἢ
3149 1035 3262 1095 τοῖς
3309 1033 3450 1102 ὑπὲρ
3495 1032 3729 1104 δύναμιν
3770 1035 3872 1086 ὲπι-

2309 1123 2574 1177 ϐάλλοντα
2609 1123 2702 1177 καὶ
2753 1123 3187 1195 ὑπεραιρόμενον
3227 1122 3482 1193 πτώματι
3527 1131 3872 1191 καταπεσεῖν,

2311 1217 2669 1286 ὑποδείγματι
2723 1215 3065 1269 ἐπιστώσατο
3115 1214 3206 1268 τὸν
3246 1215 3421 1284 λόγον.
3475 1217 3654 1279 Ἔστι,
3709 1218 3871 1288 φησὶν,

2309 1308 2462 1379 ὀλίγη
2506 1308 2638 1372 ναῦς
2680 1308 2773 1361 καὶ
2828 1308 3001 1380 μικρά
3061 1308 3156 1361 καὶ
3199 1308 3340 1378 αὕτη
3390 1309 3622 1378 γόμφοις
3675 1313 3874 1373 πυκνοῖς

2309 1400 2596 1470 ἀραρότως
2642 1400 2986 1471 ἡρμοσμένη,
3016 1400 3239 1453 πλείονα
3279 1401 3350 1454 τά
3391 1400 3653 1472 ἀγώγιμα
3683 1403 3874 1473 κομίζει

2308 1495 2408 1565 τῆς
2443 1493 2687 1563 μεγάλης
2717 1494 2811 1546 καὶ
2841 1493 3027 1546 άδέτου
3056 1493 3205 1562 νηός.
3251 1492 3407 1546 Οὕτω
3445 1495 3539 1547 καὶ⁸
3569 1495 3875 1566 μονότροπος

2311 1585 2616 1656 ἄνθρωπος,
2648 1585 2856 1656 βραχύς
2882 1602 2941 1638 τε
2972 1585 3066 1638 καὶ
3092 1583 3274 1654 ὀλίγος
3301 1627 3316 1649 ,
3358 1585 3453 1639 καὶ
3481 1586 3679 1656 ὀλίγων
3713 1589 3876 1660 ἄρχειν

2313 1674 2488 1728 δοκῶν
2507 1714 2522 1738 ,
2559 1674 2654 1728 καὶ
2687 1674 2860 1746 ἃνομα
2911 1674 3060 1745 αὐτῷ
3116 1675 3177 1728 ού
3224 1677 3368 1745 μέγα
3394 1717 3410 1741 ,
3467 1679 3563 1732 καὶ
3607 1673 3761 1742 οὗτος
3806 1673 3876 1732 οἷα

2313 1768 2548 1840 γόμφοις
2592 1769 2820 1831 πυκνοῖς
2869 1766 2962 1820 τοῦ
3021 1767 3338 1839 Πνεύματος
3393 1773 3876 1845 κατησφαλισμένος

2311 1865 2426 1926 τοῖς
2463 1861 2778 1930 λογισμοῖς,
2825 1861 2920 1914 καὶ
2958 1861 3192 1915 πλοῦτον
3231 1863 3378 1916 ἔνδον
3427 1866 3765 1936 ὲπικομίζων
3788 1867 3875 1920 τῶν

2313 1955 2550 2027 ἀρετῶν,
2591 1954 2929 2009 διαλανθάνει
2956 1971 3015 2007 τε
3046 1954 3176 2018 τοὺς
3207 1957 3433 2024 νοητοὺς
3469 1960 3766 2028 πειρατὰς,
3805 1961 3876 2011 καὶ

2311 2043 2612 2108 ἀκινδύνως
2641 2044 2734 2097 τὸν
2765 2044 2877 2115 βίον
2906 2043 3414 2114 διαπεραιούμενος,
3447 2045 3576 2111 ἀξια
3601 2047 3676 2117 τῷ
3714 2045 3872 2101 ἑαυτοῦ

2312 2141 2559 2210 Δεσπότῃ
2605 2145 2978 2210 καρποφορεῖ·
3004 2139 3164 2204 ἄλλος
3203 2140 3260 2193 δὲ
3307 2143 3450 2212 μέγα
3520 2144 3612 2196 ἐπὶ
3652 2144 3872 2212 ἁγιότητι

2314 2229 2550 2302 φρονῶν,
2583 2230 2680 2284 καὶ⁸
2718 2230 2913 2295 σώζειν
2959 2230 3188 2295 πολλοὺς
3226 2233 3602 2303 κατοιόμενος,
3654 2235 3720 2286 ού
3759 2233 3870 2284 πάνυ

2312 2318 2370 2372 δὲ
2401 2320 2514 2382 τοῖς
2537 2318 2635 2373 τοῦ
2675 2320 2996 2392 Πνεύματος
3035 2322 3545 2394 συγκεκροτημένος
3581 2323 3870 2394 λογισμοῖς,

2313 2409 2500 2474 ἄδετος
2531 2409 2588 2464 δὲ
2617 2410 2832 2476 τούτοις
2873 2411 2949 2465 ὢν
2987 2413 3084 2466 καὶ
3132 2413 3490 2482 καταφρονῶν
3512 2453 3527 2477 ,
3561 2415 3682 2486 εἰκῆ
3717 2415 3769 2468 δὲ
3795 2431 3874 2482 φυ-

2316 2503 2602 2572 σιούμενος
2640 2505 2754 2567 τοῖς
2801 2503 3048 2569 ἐπαίνοις
3095 2506 3203 2558 τῶν
3237 2504 3528 2576 πλανητῶν
3568 2510 3662 2562 καὶ
3709 2507 3874 2571 ἀλαζο-

2315 2593 2624 2664 νευόμενος,
2657 2593 2812 2664 ἄφνω
2839 2593 3007 2665 ζάλης
3037 2595 3202 2649 αὐτὸν
3231 2597 3430 2667 νοητῆς
3452 2637 3467 2660 ,
3511 2598 3608 2651 καὶ
3633 2597 3873 2669 δαιμόνων

2315 2685 2688 2757 ὲμπτώσεως,
2739 2687 2834 2740 καὶ
2881 2686 3161 2758 λογισμῶν
3218 2687 3436 2741 ἀτόπων
3492 2688 3876 2756 καταλαεούσης

2313 2776 2612 2848 τρικυμίας
2638 2815 2653 2840 ,
2689 2777 2992 2831 κινδυνεύει
3015 2817 3030 2839 ,
3061 2778 3156 2832 καὶ
3183 2777 3402 2832 δλλυται
3427 2818 3443 2841 ,
3480 2781 3575 2833 καὶ
3602 2779 3659 2832 ὃν
3688 2779 3875 2848 ἐνόμιζε

2316 2867 2546 2924 πλοῦτον
2587 2869 2947 2940 ἐπιφέρεσθαι
2972 2911 2987 2935 ,
3033 2871 3350 2940 άοςαιρεῖται
3397 2870 3595 2940 ῥαδίως
3635 2871 3726 2925 καί
3768 2887 3880 2923 σκυ-

2318 2958 2553 3012 λεύεται.
2592 2961 2792 3030 Στενὴν
2835 2961 2934 3031 μὲν
2975 2959 3076 3031 τὴν
3117 2959 3296 3032 πύλην
3333 2961 3432 3031 τὴν
3461 2962 3776 3030 εἰσάγουσαν
3810 2960 3879 3022 είς

2313 3051 2416 3120 ,τὴν
2450 3052 2667 3106 αἰώνιον
2700 3051 2844 3123 ζωὴν
2877 3052 2946 3107 τὰ
2975 3053 3244 3123 θεαρχικά
3284 3053 3400 3122 (70)
3436 3053 3591 3118 λόγια
3620 3054 3879 3114 διδάσκει,

2317 3141 2518 3206 πολλάς
2543 3143 2599 3197 δὲ
2626 3143 2726 3206 τὰς
2753 3144 2906 3208 ὁδοὺς
2933 3143 3030 3209 τάς
3064 3145 3201 3216 πρὸς
3240 3145 3412 3215 αὐτὴν
3454 3145 3758 3212 ἀναγούσας
3794 3144 3881 3214 τὴν

2315 3236 2523 3290 εἴσοδον
2557 3238 2590 3308 ἡ
2618 3237 2881 3308 θεηγόρος
2901 3237 3040 3308 αὕτη
3073 3236 3270 3308 βροντὴ
3297 3238 3636 3306 ὑπαγορεύει,
3672 3237 3882 3296 καὶτοῖς

2319 3327 2422 3398 μὲν
2451 3328 2630 3399 τήνδε,
2658 3332 2772 3392 τοῖς
2796 3330 2852 3382 δὲ
2884 3329 3040 3400 τήνδε
3078 3315 3312 3400 βαδίζειν
3346 3327 3712 3398 παραγγέλλει
3743 3327 3880 3395 (71),

2317 3420 2437 3474 καθ’
2463 3421 2494 3474 ὃ
2530 3437 2616 3485 τις
2662 3421 2854 3475 ἑαυτὸν
2912 3422 3140 3492 ὲμφυῶς
3187 3423 3372 3492 ἔχοντα
3425 3421 3520 3474 καὶ
3575 3421 3881 3492 ἐπιτηδείως

2314 3513 2638 3586 δοκιμάζοι,
2685 3516 2846 3585 μόνον
2879 3515 2954 3585 μὴ
3003 3515 3101 3585 τῆς
3143 3513 3452 3587 εύρυχώρου
3498 3516 3596 3567 καὶ
3638 3513 3883 3573 πλατείας

2315 3607 2410 3660 καὶ
2461 3608 2541 3670 εἰς
2590 3605 2866 3660 ἀπώλειαν
2907 3605 3180 3677 ἀγούσης,
3235 3605 3370 3660 ἀλλά
3406 3606 3508 3677 τῆς
3557 3606 3743 3676 στενῆς
3797 3603 3880 3658 καὶ

2313 3697 2685 3769 τεθλιμμένης
2707 3695 3084 3769 ὲξεχομένους.

2308 3790 2458 3843 Οὔτε
2491 3789 2550 3856 ῖη
2583 3788 2942 3853 πάντεσσιν,
2975 3805 3030 3842 κ.
3057 3805 3109 3842 τ.
3139 3789 3186 3842 ὲ.

2389 3882 2598 3951 Ὥσπερ
2620 3919 2635 3940 ,
2670 3881 2856 3950 φησιν,
2884 3881 2944 3932 ού
2978 3880 3078 3951 μία
3104 3879 3198 3933 καὶ
3230 3881 3263 3950 ἡ
3304 3879 3444 3951 αὐτὴ
3485 3879 3660 3952 τροφὴ
3698 3878 3880 3937 πάσαις

2311 3972 2615 4044 ἀνθρώπων
2664 3973 2810 4038 ἕξεσι
2861 3971 3002 4026 κατά
3039 3971 3201 4040 φύσιν
3230 3972 3491 4043 ἁρμόδιος
3539 3971 3631 4024 καὶ
3671 3966 3876 4040 ὲραστὴ.

2311 4064 2462 4118 ἄλλοι
2494 4063 2551 4117 δὲ
2585 4062 2722 4134 πρὸς
2751 4063 2879 4117 ἄλλο
2906 4082 2960 4117 τι
2992 4062 3101 4116 τῶν
3143 4063 3376 4116 ἐδεστῶν
3417 4062 3621 4134 μᾶλλον
3649 4062 3747 4132 τὴν
3773 4060 3878 4130 δρε-

2315 4157 2396 4223 ξιν
2437 4157 2801 4210 συντείνουσιν
2833 4174 2848 4189 ο
2881 4155 3023 4211 οὕτω
3056 4159 3151 4211 καὶ
3181 4158 3224 4210 Χ
3233 4159 3532 4229 ριστιανοῖς
3557 4157 3653 4226 οὐχ
3693 4152 3768 4217 εἷς
3800 4149 3878 4204 καὶ

2311 4249 2340 4301 ὁ
2366 4250 2528 4314 αὐτὸς
2556 4249 2670 4320 βίος
2709 4250 2914 4304 ἅπασίν
2953 4250 3101 4302 ἐστιν
3139 4249 3398 4320 ἁρμόδιος
3433 4248 3529 4301 καὶ
3570 4243 3875 4318 προσφιλής·

2311 4342 2374 4394 Οἱ
2418 4340 2518 4412 μὲν
2565 4339 2675 4412 γάρ
2712 4339 2805 4393 τὸν
2852 4338 3211 4394 ἀποστολικὸν
3252 4339 3329 4402 ὡς
3366 4332 3480 4392 οἶόν
3515 4353 3576 4390 τε
3613 4331 3874 4408 μιμεῖσθαι

2305 4433 2507 4504 τρόπον
2545 4431 2886 4504 ἐγχειροῦσιν
2917 4449 2932 4465 ο
2966 4431 3114 4486 ἄλλοι
3163 4431 3220 4484 δὲ
3264 4431 3355 4485 τὸν
3405 4427 3741 4501 μαρτυρικὸν
3769 4426 3874 4477 ἑπι-

2309 4525 2564 4579 ποθοῦσιν
2598 4542 2614 4556 ο
2669 4525 2718 4578 οἱ
2768 4523 2986 4588 πλείους
3037 4524 3095 4578 δὲ
3149 4524 3242 4578 τὸν
3292 4522 3595 4593 ἀσκητικὸν
3636 4521 3750 4592 βίον
3795 4514 3876 4568 καὶ

2307 4614 2675 4687 πνευματικὸν
2725 4615 3182 4686 ὲπαναιρούμενοι
3207 4655 3223 4678 ,
3297 4613 3581 4684 διαφόροις
3655 4611 3874 4680 σχήμασι

2306 4708 2495 4763 τοῦτον
2541 4708 2783 4780 μετιέναι
2829 4708 3192 4773 σπουδάζουσι
3235 4707 3330 4762 καὶ
3369 4707 3618 4778 τρόποις.
3680 4704 3874 4771 Δάκρυει

2305 4800 2362 4854 δὲ
2393 4801 2559 4854 πᾶσιν
2595 4799 2797 4869 δμοίως
2829 4801 2924 4852 καὶ
2955 4798 3015 4851 τὺ
3053 4798 3194 4852 κατά
3229 4796 3360 4850 Θεὸν
3397 4795 3498 4866 τῆς
3527 4794 3756 4865 γνησίας
3793 4804 3874 4860 με-

2305 4889 2521 4952 τανοίας
2553 4888 2748 4952 πένθος
2773 4929 2788 4953 ,
2821 4887 3122 4960 ἀγρυπνίαι
3142 4903 3202 4939 τε
3240 4884 3336 4938 καὶ
3361 4883 3667 4952 δοξολογίαι
3705 4879 3794 4932 καὶ
3826 4877 3875 4926 ἐν

2305 4983 2427 5042 ταῖς
2466 4982 2794 5051 προσευχαῖς
2842 4977 3131 5050 καρτερίαι
3180 4977 3276 5029 καὶ
3320 4975 3654 5044 φιλοπονίαι,
3705 4971 3772 5024 δι’
3811 4960 3873 5018 ὧν

2257 5079 2264 5086 ⁷
2305 5071 2399 5123 καὶ
2451 5072 2483 5140 ἡ
2531 5070 2639 5123 τῶν
2665 5069 2990 5140 ἀκαθάρτων
3032 5066 3222 5121 παθῶν
3259 5063 3434 5117 λύσσα
3474 5065 3758 5134 κρατεῖται
3795 5053 3877 5109 καὶ

2303 5160 2662 5231 κατάγχεται.
2718 5159 2860 5231 Πρὸς
2889 5157 3102 5221 τούτοις
3139 5157 3194 5211 δὲ
3234 5158 3328 5211 καὶ
3365 5156 3457 5209 τὸν
3489 5155 3650 5226 κόρον
3691 5146 3877 5220 αἰχμά-

2301 5249 2418 5315 ζειν
2443 5290 2457 5314 ,
2487 5251 2604 5321 ἦτοι
2639 5249 2896 5317 πολεμεῖν
2939 5251 3032 5302 καὶ
3078 5245 3467 5317 ἀπομάχεσθαι
3507 5249 3574 5316 τῇ
3603 5238 3838 5312 ἀκρασία
3860 5250 3872 5263 ⁸

2301 5342 2394 5395 ἐπὶ
2433 5343 2565 5396 πᾶσι
2607 5341 2664 5395 δὲ
2714 5344 2828 5405 τοῖς
2870 5342 3054 5410 ἔργοις
3099 5341 3193 5393 καὶ
3230 5339 3430 5406 λόγοις,
3476 5331 3558 5400 οἷς
3605 5327 3873 5405 δρῶμενῆ

2302 5433 2589 5504 λαλοῦμεν,
2625 5434 2730 5488 ὑπὸ
2763 5434 2863 5505 τὴν
2895 5432 3163 5503 κραταιάν
3191 5428 3429 5503 Χριστοῦ
3463 5431 3618 5500 χεῖρα
3649 5421 3875 5479 κεῖσθαι.

2302 5524 2756 5590 εὐλαϐουμένους,
2809 5525 2905 5580 καὶ
2952 5525 3258 5596 τρέμοντας
3302 5520 3394 5576 ἀεὶ
3439 5525 3538 5592 τὴν
3583 5511 3878 5589 ἐρχομένην

2362 5705 2476 5778 (τι)
2509 5704 2644 5764 Cod.
2690 5703 3016 5776 παραγέλει.
