4030 6232
324 300 439 358 πε.

313 420 417 485 τῆς
448 413 618 472 αὐτοῦ
656 414 891 486 κρίσεως
924 413 1159 488 ἡμέραν.
1207 414 1392 468 Ταῦτα
1419 413 1599 468 πάντα
1622 453 1639 478 ,
1674 411 1840 485 φησὶν
1875 413 1906 465 ό

316 510 463 583 ἱερὸς
511 509 666 578 λόγος
687 547 702 570 ,
754 508 816 560 οὐ
868 509 981 571 τοῖς
1033 507 1133 585 μὲν
1151 547 1166 570 ,
1200 508 1313 571 τοῖς
1349 506 1395 560 δ’
1427 504 1521 568 οὒ,
1559 503 1697 558 ἀλλά
1738 503 1905 558 πᾶσιν

313 600 518 672 ἄριστα
572 598 668 651 καὶ
716 596 987 667 λυσιτελῆ,
1047 597 1141 650 καὶ
1196 594 1399 667 ὁμοίως
1448 595 1616 648 πᾶσιν
1671 591 1905 665 ἁρμόδια

315 691 530 761 πέφυκε
563 690 933 761 Χριστιανοίς.
973 688 1034 743 Ei
1062 688 1107 741 δ’
1129 688 1307 759 ἀκρην
1336 685 1539 749 τελέως
1569 685 1669 749 ίοις
1696 684 1902 757 τρίϐον,

310 781 462 837 τοῦτ’
512 780 694 843 ἔστιν,
746 782 795 833 εί
843 780 902 834 δὲ
940 780 1041 849 τὴν
1087 777 1396 850 ἀκροτάτην
1428 777 1525 832 καὶ
1556 774 1905 844 τελειοτάτην

314 873 459 927 κατά
504 870 739 943 θεωρίαν
783 871 929 941 φημὶ
966 870 1062 923 καὶ
1106 869 1304 941 πρᾶξιν
1348 869 1441 924 τοῦ
1505 866 1742 939 Χριστοῦ
1785 865 1905 920 ὁδὸν

312 963 598 1035 διαϐιῴης,
636 962 824 1016 οὐκέτι
854 961 1108 1033 καθάπερ
1139 956 1220 1026 εἷς
1253 961 1363 1014 τῶν
1394 958 1623 1031 βροτῶν,
1654 957 1792 1012 ἀλλά
1818 974 1903 1023 τις

310 1057 565 1129 οὐράνιος
590 1054 658 1109 ἂν
686 1055 803 1126 ετης
834 1052 1122 1125 ἄνθρωπος
1161 1056 1273 1117 τοῖς
1306 1049 1610 1123 Γρηγορίου
1639 1066 1900 1121 κατηρτι-

313 1146 511 1219 σμένος
527 1146 732 1216 νόμοις.
896 1186 903 1192 .

323 1226 329 1230 ’
432 1295 444 1309 τ
666 1235 830 1303 Ὅροι
849 1233 997 1299 ,ϐίου
1029 1234 1167 1305 (72).

313 1323 341 1378 ﬁ
388 1324 622 1393 Ὠμοσα
648 1321 971 1392 τὸνΛὼοον
994 1323 1204 1389 αὐτόν,
1241 1341 1299 1378 κ.
1331 1341 1389 1379 τ.
1411 1323 1463 1381 λ.

391 1411 610 1483 Ἐπειδὴ
670 1411 734 1465 οὐ
781 1410 958 1481 ψιλοῖς
1010 1411 1104 1465 καὶ
1137 1413 1411 1484 ἀκάρποις
1456 1411 1634 1481 λόγοις
1680 1409 1903 1481 διδαχῆς

298 1503 338 1557 δ
366 1502 737 1574 πνευματικὸς
778 1503 942 1573 νόμος
977 1504 1034 1555 ὲν
1089 1504 1202 1567 τοῖς
1255 1502 1480 1566 τελείοις
1525 1501 1899 1577 παραδίδοται,

302 1590 499 1663 ὥσπερ
546 1593 579 1645 ὁ
628 1592 837 1663 Ἰησοῦς
896 1592 1058 1656 αὐτὸς
1109 1593 1138 1646 ὀ
1181 1592 1274 1646 τοῦ
1324 1593 1632 1664 πνεύματος
1683 1592 1902 1646 τελειω-

302 1681 406 1753 τὴς
450 1683 544 1735 καὶ
590 1682 906 1752 νομοθέτης,
948 1682 1132 1755 ἔργοις
1187 1681 1402 1754 πρῶτον
1456 1682 1709 1752 ποιήσας,
1757 1680 1902 1735 οὕτω

301 1780 420 1841 τοῖς
477 1776 655 1844 λόγοις
709 1774 965 1840 ἐδίδαξεν,
1013 1776 1303 1831 οὕτωκαὶ
1340 1777 1391 1829 οί
1448 1776 1658 1847 γνήσιοι
1706 1774 1899 1828 τούτου

297 1869 475 1940 δρῶσι
515 1867 784 1939 μαθηταὶ,
820 1866 966 1922 οὕτω
1003 1868 1096 1922 καὶ
1132 1869 1162 1921 ὁ
1210 1866 1776 1940 ίεροτελεστικώτατος
1806 1861 1900 1921 οὗ·

298 1977 397 2024 τος
431 1960 540 2014 τῶν
583 1958 744 2013 θείων
780 1958 990 2032 μύστης
1028 1961 1120 2015 καὶ
1156 1959 1536 2031 μυσταγωγὸς,
1577 1958 1900 2029 ὑπογράψας

298 2055 432 2119 τοὺς
468 2051 576 2107 τῶν
609 2052 895 2123 μακαρίων
944 2053 1021 2116 ὡς
1074 2052 1132 2105 ὲν
1176 2052 1488 2121 κεφαλαίοις
1533 2051 1702 2122 βίους,
1740 2050 1898 2104 ὓστε-

299 2165 400 2219 ρον
429 2148 484 2201 δὲ
526 2147 615 2200 τὸν
654 2145 988 2200 τελειότατον
1037 2144 1348 2215 ἐπενεγκὼν
1388 2146 1554 2217 (φημὶ
1587 2146 1651 2217 δὴ
1697 2144 1760 2199 τὸ
1790 2144 1899 2198 πά-

296 2255 405 2303 σας
461 2238 561 2309 μὲν
601 2236 701 2307 τῆς
746 2235 943 2299 κακίας
995 2236 1148 2300 ὁδοὺς
1199 2237 1561 2307 ἀποστυγείν,
1601 2237 1738 2308 πρὸς
1793 2237 1897 2291 πά-

296 2348 405 2394 σας
440 2330 498 2385 δὲ
542 2330 747 2401 Κυρίου
783 2327 1180 2400 κατωρθῶσθαι
1223 2329 1323 2393 τὰς
1372 2328 1641 2396 ἐντολὰς),
1663 2329 1755 2382 τὸν
1795 2329 1897 2382 αῦ-

292 2421 396 2476 τοῦ
442 2421 556 2492 βίον
599 2419 782 2474 λοιπὸν
809 2420 935 2491 ὅρον
981 2418 1071 2472 καί⁵
1108 2419 1273 2491 νόμον
1301 2420 1666 2490 παραδίδωσι⁸
1708 2419 1797 2473 ναὶ
1830 2418 1894 2491 δὴ

294 2513 399 2566 καὶ
426 2511 527 2574 τὰς
573 2511 758 2582 εὐχὰς,
787 2508 854 2574 ἃς
890 2508 1095 2579 ηῠξατο
1127 2508 1350 2579 Κυρίῳ,
1376 2508 1642 2579 σφραγῖδα
1669 2509 1767 2579 τῆς
1794 2508 1894 2561 αῦ-

290 2602 398 2656 τοῦ
424 2602 647 2673 διδαχῆς
673 2602 767 2657 καὶ
808 2600 907 2672 τῆς
954 2598 1315 2670 εῦαηελικῆς
1340 2597 1579 2669 βιώσεως
1604 2598 1894 2668 βεϐαίωσιν

291 2672 623 2764 προτίθησιν
679 2693 834 2763 ἡμῖν,
889 2689 1173 2761 μονονουχὶ
1225 2688 1399 2742 ταῦτα
1442 2690 1608 2743 πᾶσιν
1656 2688 1892 2760 ὲμϐοῶν,

290 2787 383 2839 ὅτι
413 2785 677 2854 Mummi
719 2800 840 2853 μου
871 2783 1133 2852 γίνεσθε,
1176 2782 1364 2848 καθὼς
1407 2781 1570 2853 κάγὼ
1597 2781 1854 2849 Χριστοῦ
1874 2798 1888 2811 ·

291 2875 509 2945 ὤμοσα
568 2876 677 2949 γάρ
727 2876 827 2931 καί
891 2876 1127 2943 ἕστησα
1146 2913 1164 2938 ,
1219 2873 1359 2927 κατὰ
1417 2872 1510 2926 τὸν
1571 2872 1893 2944 ίεροψάλτην

290 2968 486 3034 Δαϐὶδ,
519 2968 628 3022 τοῦ
671 2967 1053 3038 φυλάξασθαι
1100 2968 1174 3022 τὰ
1222 2967 1473 3034 κριᾏιατα
1513 2962 1625 3033 τῆς
1665 2963 1893 3019 δικαιο-

290 3061 500 3128 σύνης
526 3058 634 3114 τοῦ
660 3059 944 3128 Χριστοῦ.
966 3058 1175 3129 Ὠμοσα
1212 3057 1303 3111 τὸν
1331 3056 1502 3125 Λόγον
1538 3055 1705 3110 αὑτοῦ
1737 3054 1891 3127 πρῶ-

291 3166 391 3204 τον
417 3149 945 3221 ἐπιμαρτυρόμενος,
975 3148 1032 3211 ὃς
1065 3160 1154 3218 μοι
1189 3148 1283 3200 καὶ
1309 3145 1442 3209 Θεός
1470 3146 1586 3199 ἐστι
1612 3145 1888 3216 μέγιστος,

289 3243 362 3309 εξ
383 3241 653 3295 ἀθανάτου
692 3240 907 3312 nam;
950 3238 1047 3299 ὣν.
1084 3237 1160 3302 ὼς
1188 3238 1246 3304 ἐξ
1281 3236 1456 3307 ἀρχῆς
1496 3236 1661 3308 ἀρχὴ,
1689 3235 1784 3289 καὶ
1810 3236 1893 3288 εί-

291 3332 414 3387 κὼν
446 3329 863 3403 ἀπαράλλακτος
892 3328 985 3383 τοῦ
1020 3326 1349 3400 ἀρχετύπου,
1378 3327 1438 3391 ὃς
1484 3329 1543 3381 ὲν
1575 3328 1664 3400 ἴσῃ
1696 3329 1791 3380 καὶ
1820 3329 1889 3398 τῇ

290 3423 439 3494 αὐτῇ
473 3422 632 3492 φύσει
660 3421 755 3475 τοῦ
776 3418 1105 3491 Γεννήτορος
1130 3419 1411 3489 ὑπάρχων,
1435 3419 1514 3482 είς
1555 3418 1647 3470 τὸν
1672 3416 1780 3470 τῶν
1803 3418 1892 3471 ἀν-

292 3514 537 3585 θρώπων
583 3512 697 3582 βίον
730 3512 1021 3583 οὐρανόθεν
1060 3510 1302 3581 καθῆκεν
1349 3508 1634 3581 ἀτρέπτως
1674 3508 1887 3562 ἑαυτόν.

294 3605 505 3659 Τοῦτον
524 3602 739 3675 ὤμοσα,
756 3603 911 3673 φησὶ,
926 3603 1019 3657 τδν
1032 3603 1221 3671 Λόγον,
1238 3599 1427 3671 καὶτῷ
1447 3598 1565 3669 ἐμῷ
1589 3596 1667 3668 νῷ
1685 3597 1891 3669 ἐστησα

291 3697 393 3753 τὸν
436 3697 600 3769 ὅρκον
640 3694 735 3749 τοῦ
792 3697 1003 3767 μήποτε
1046 3694 1256 3767 πονηρὰ
1295 3691 1571 3763 ἑννοήσειν
1605 3689 1747 3744 κατά
1795 3689 1888 3743 τοῦ

292 3787 460 3849 θεοῦ,
483 3787 625 3841 ὥστε
654 3787 689 3859 ἦ
713 3786 808 3840 τὸν
848 3785 1020 3857 μέγαν
1039 3785 1184 3841 Νοῦν
1203 3784 1297 3836 καὶ
1335 3783 1555 3854 Πατέρα
1584 3781 1782 3852 ῥίψειν,
1811 3780 1890 3835 εί-

292 3897 430 3933 τουν
453 3879 764 3949 ἀτιμάσειν,
787 3877 868 3948 τῷ
903 3876 977 3947 μὴ
1004 3877 1118 3930 ἴσον
1142 3874 1236 3927 καὶ
1256 3874 1434 3945 ἑαυτῷ
1456 3873 1740 3944 ὀμοούσιον
1766 3890 1891 3943 γεν·

295 3974 401 4043 νᾷν
431 3971 634 4040 λέγειν,
671 3972 707 4043 ἢ
754 3970 916 4024 αὐτὸν
967 3966 1230 4037 ἀθετῆσαι
1280 3965 1371 4020 τὸν
1413 3967 1584 4036 Λόγον
1624 3966 1891 4037 ἀλλοτρίῳ

293 4066 448 4134 λόγῳ
474 4062 856 4136 ἀλλοτριοῦντα
876 4059 1065 4114 τοῦτον
1097 4056 1193 4111 τοῦ
1220 4057 1454 4130 Πατρός.
1491 4057 1648 4111 Κατά
1675 4057 1891 4128 πρῶτον

296 4157 408 4228 μὲν
439 4152 533 4211 οῦν
560 4155 719 4225 λόγον
755 4154 946 4208 τοῦτον
973 4151 1163 4222 ὤμοσα
1191 4150 1283 4204 τὸν
1314 4151 1476 4220 ὅρκον
1513 4148 1643 4220 περὶ
1680 4149 1781 4219 τῆς
1831 4148 1892 4200 ὲν

296 4251 430 4320 ἐμοὶ
467 4249 724 4314 πίστεως,
758 4248 806 4300 εί
852 4246 951 4317 τὴν
992 4243 1122 4315 μίαν
1170 4242 1264 4295 καὶ
1315 4237 1741 4311 ὺπερηνωμένην
1775 4238 1893 4291 θεό-

294 4357 443 4412 τητα
499 4341 598 4411 τῆς
646 4338 966 4409 ὕπερφὼτου
1028 4333 1256 4406 Τριάδος
1304 4331 1646 4402 διακόψαιμι,
1697 4331 1892 4401 ῥοπαῖς

299 4434 514 4505 καιρῶν
562 4432 817 4504 πονηρῶν
867 4431 962 4485 καὶ
1001 4429 1278 4502 ἀρχόντων
1339 4426 1603 4496 ἑπόμενος
1660 4424 1893 4494 νεύμασι

295 4524 549 4581 ἀσεϐῶν·
578 4522 721 4577 κατά
753 4519 1005 4592 δεύτερον
1043 4518 1100 4572 δὲ
1144 4518 1301 4588 λόγον
1332 4516 1517 4587 ὀμόσω
1545 4518 1674 4586 περὶ
1701 4513 1897 4586 φιλαρ-

296 4617 447 4688 χίας,
470 4616 520 4668 εί
551 4613 765 4686 μεγάλῃ
791 4611 1028 4683 καθέδρᾳ
1052 4612 1145 4665 καὶ
1164 4608 1259 4665 τοῦ
1282 4608 1471 4683 θρόνου
1492 4606 1593 4677 τῆς
1626 4602 1894 4677 βασιλίδος

295 4707 601 4780 προεδρείᾳ
628 4709 658 4761 ό
693 4707 823 4777 ἐμός
862 4721 991 4759 ποτε
1039 4703 1163 4767 νοῦς
1204 4700 1678 4773 παροιστρήσειεν,
1706 4695 1892 4764 ἀλογί-

299 4817 447 4865 στως
473 4800 617 4870 ἐρῶν
638 4800 731 4854 καὶ
758 4796 1234 4869 πρωτοκαθεδρίας
1256 4793 1634 4864 ἀντεχόμενος,
1656 4789 1691 4861 ἢ
1718 4788 1894 4844 ἄλλων

298 4895 401 4947 ἐπὶ
422 4892 596 4946 ταῦτα
628 4889 963 4962 βιαζομένων
985 4887 1285 4959 ἀλλοτρίοις
1320 4886 1505 4947 πόθοις
1529 4883 1627 4953 τὴν
1658 4879 1892 4953 ἐμαυτοῦ

297 4986 466 5057 χεῖρα
493 4980 921 5053 συνελκυσθῆναι
959 4977 1261 5051 παραδοίην
1278 4993 1292 5007 ·
1321 4976 1403 5030 ἔτι
1431 4975 1490 5028 δὲ
1521 4974 1701 5045 τρίτον
1737 4971 1898 5041 ὠμω-

297 5076 491 5132 κόκειν
530 5072 665 5145 περὶ
702 5070 798 5127 τοῦ
842 5070 1158 5127 πεποιθέναι
1204 5069 1292 5122 ἐπ’
1325 5065 1665 5138 ἀνθρώπους,
1707 5064 1755 5117 εί
1796 5062 1897 5132 ἔμ-

302 5168 513 5239 προσθε
544 5166 640 5220 τοῦ
669 5157 805 5219 Θεοῦ
830 5161 1042 5219 καὶτοῦ
1082 5160 1318 5234 Χριστοῦ
1347 5158 1515 5214 αὐτοῦ
1543 5157 1642 5228 τῆς
1670 5153 1896 5227 βεϐαίας

301 5258 519 5332 πέτρας
566 5258 664 5313 καὶ
705 5256 979 5327 ἀσφαλοῦς
1021 5256 1092 5310 τὰ
1140 5253 1416 5325 πείσματα
1453 5252 1548 5307 καὶ
1590 5251 1716 5315 τοὺς
1748 5248 1897 5317 λογι-

330 5533 341 5561 ς
382 5489 498 5561 (72)
523 5487 679 5561 Apud
707 5485 922 5561 militum
953 5501 1136 5561 carm.
1157 5484 1311 5561 ίιιιιι,Δ
1334 5480 1672 5561 inscriptum
1695 5476 1894 5561 Ὀρκρι

301 5558 349 5632 ἢ
374 5547 703 5628 ἐπαγγέλίαι
724 5558 793 5611 δι⁹
813 5556 1402 5680 ὃρκου,ίιιιίιιναιιάυηι
1432 5547 1692 5621 Gregorii.
1735 5563 1787 5618 p.
1814 5547 1897 5634 .92

301 5630 401 5680 ml.
432 5631 630 5680 Colon.
669 5645 724 5680 ι).
748 5627 857 5680 949
887 5628 976 5680 ed.
1055 5625 1306 5680 euvencl.
1334 5624 1445 5680 (ed.
1496 5637 1625 5675 nov.
1677 5635 1729 5680 ι).
1758 5618 1892 5680 ϐὺὸ,

300 5618 401 5684 ἑιΙ.
432 5618 630 5685 sub...
669 5645 724 5698 p.
748 5618 862 5682 949'
886 5628 976 5698 ed.
1010 5618 1306 5698 Leuvencl.
1334 5624 1445 5694 (ed.
1496 5618 1625 5675 nov.
1677 5635 1729 5690 p.
1758 5618 1892 5698 665,

303 5701 419 5755 urb
443 5700 606 5755 titulo
638 5695 836 5769 Ὂρκοι
876 5695 1225 5769 Γρηγορίου).
1259 5696 1674 5769 inargumento
1710 5697 1892 5742 autem

304 5770 462 5841 quod
504 5760 767 5839 praemisit
803 5760 1204 5824 commentario
1242 5763 1379 5819 dicit
1411 5760 1602 5815 Billius
1635 5760 1735 5815 hoc
1764 5772 1892 5811 car—

1329 293 1397 350 ῐΝ
1430 291 1744 350 CABMINA
1769 288 2046 351 ARCANA
2105 290 2529 350 S.GREGORII.

3488 288 3592 346 ττι

2022 409 2121 467 sed
2164 410 2421 467 omnibus
2462 408 2666 480 optima
2709 416 2765 464 et
2797 409 2952 475 utilia
2996 417 3051 465 et
3095 410 3296 480 pariter
3330 415 3590 472 omnibus

2008 500 2203 558 idonea
2244 514 2466 558 manent
2499 502 2855 559 Christianis.
2905 502 2961 557 Si
3003 510 3187 556 tamen
3232 505 3588 560 excellentem

2006 592 2245 662 perfecte
2295 596 2545 648 semitam
2593 601 2818 657 teneas.
2857 591 2912 646 id
2945 600 3066 655 est,
3117 592 3162 647 si
3212 607 3482 648 summam
3532 603 3590 650 et

2006 686 2465 758 perfectissimam
2489 727 2506 753 ,
2539 685 2841 740 secundum
2876 683 3118 739 divinam
3153 683 3587 749 meditationem,

2004 778 2152 843 dico,
2201 785 2256 832 et
2303 777 2516 849 praxim
2566 775 2771 831 Christi
2825 776 2970 831 viam
3027 775 3266 843 degeris,
3316 791 3590 845 nusquam

2004 867 2165 939 quasi
2203 882 2348 922 unus
2378 866 2726 928 mortalium,
2754 865 2851 921 sed
2878 866 3123 922 cmlestis
3157 866 3380 935 quidam
3425 866 3589 922 homo

2007 974 2185 1024 esses,
2212 958 2426 1030 legibus
2467 956 2716 1030 Gregorii
2746 957 3068 1014 conformis.

2150 1229 2286 1285 Viue
2318 1230 2549 1301 κεραίαν.

2004 1321 2030 1377 ί
2072 1320 2265 1377 Juravi
2309 1322 2529 1378 Verbum
2560 1326 2729 1393 ipsum
2753 1365 2770 1388 ,
2798 1334 2908 1381 etc.

2075 1414 2131 1469 Si
2187 1415 2408 1485 quidem
2460 1431 2568 1470 non
2628 1418 2834 1472 vilibus
2878 1425 2934 1474 et
2979 1418 3341 1474 infructuosis
3395 1419 3580 1476 verbis

1999 1505 2336 1571 documenti,
2366 1506 2671 1577 spiritualis
2704 1508 2789 1562 lex
2813 1510 2868 1563 in
2886 1508 3142 1579 perfectis
3172 1510 3579 1575 traditur,sicnt

2000 1596 2162 1653 Jesus
2184 1597 2304 1667 ipse
2321 1597 2579 1668 spiritum
2599 1597 2892 1668 perliciens
2920 1600 3240 1671 legibusque
3255 1600 3582 1669 subjiciens,

2001 1703 2129 1742 cum
2162 1686 2342 1757 primo
2375 1688 2639 1758 operibus
2673 1687 2895 1744 fecisset
2922 1689 3004 1745 sic
3028 1689 3210 1743 verbis
3235 1687 3463 1755 docuit,
3498 1690 3581 1744 sic

2000 1786 2056 1834 et
2083 1778 2195 1834 veri
2237 1778 2410 1848 ipsius
2443 1778 2654 1835 faciunt
2695 1780 2988 1851 discipuli,
3028 1782 3110 1835 sic
3139 1787 3194 1836 et
3225 1790 3453 1839 sanctus
3491 1780 3582 1836 ille

1998 1869 2217 1926 arcanis
2249 1870 2497 1936 initians,
2545 1871 2600 1925 in
2646 1874 2908 1941 mysteria
2951 1872 3138 1927 divina
3188 1880 3485 1942 penetrans
3524 1880 3583 1928 et

1999 1960 2268 2017 inducens
2289 2003 2305 2026 ,
2340 1977 2467 2017 cum
2505 1960 2576 2017 de
2606 1961 2889 2018 beatorum
2924 1964 3034 2018 vita
3067 1964 3381 2034 scripsisset
3418 1965 3581 2034 quasi

1998 2068 2096 2123 per
2127 2054 2332 2124 capita,
2362 2053 2662 2111 novissime
2684 2053 3144 2124 perfectissimum
3166 2053 3487 2123 aggrediens
3507 2082 3583 2101 --

1997 2144 2122 2200 dico
2165 2153 2315 2201 certe
2362 2160 2556 2202 omnes
2602 2146 2828 2202 malitiae
2876 2146 2996 2202 vias
3045 2147 3305 2201 detestari
3335 2154 3393 2202 et
3419 2146 3580 2216 juxta

1996 2236 2184 2292 omnia
2230 2238 2491 2293 mandata
2543 2236 2706 2310 dirigi
2758 2266 2832 2279 --
2880 2236 3265 2309 perfectissimi
3312 2238 3579 2309 reliquam

1997 2332 2164 2387 vitam
2187 2371 2204 2395 ,
2238 2332 2484 2397 regulam
2513 2343 2567 2388 et
2597 2333 2770 2402 legem
2802 2331 3013 2397 tradit,
3043 2345 3175 2402 ergo
3203 2346 3393 2402 preces
3437 2345 3580 2401 quas

1996 2419 2231 2476 Domino
2269 2422 2542 2485 adhibuit,
2567 2406 2924 2490 signaculum
2956 2421 3271 2486 documenti
3321 2420 3494 2488 ipsius
3523 2428 3582 2473 ct

1994 2511 2341 2583 Evangeliea:
2369 2516 2494 2570 vita:
2525 2512 3000 2568 conﬁrmationem
3032 2514 3213 2582 prodit
3243 2512 3433 2575 nobis,
3464 2509 3580 2565 fere

1994 2604 2110 2660 haec
2138 2606 2386 2660 clamans
2415 2605 2675 2660 omnibus
2695 2622 2710 2659 :
2728 2602 3045 2657 .Imitatores
3080 2603 3183 2657 mei
3212 2612 3413 2665 estote,
3441 2603 3579 2657 sicut

1992 2705 2043 2749 et
2077 2712 2173 2767 ego
2219 2695 2421 2751 Christi
2453 2697 2497 2766 (l
2526 2694 2655 2752 Cur.
2686 2713 2763 2760 ιι,
2790 2696 2883 2765 Ι);
2922 2709 3048 2749 nam
3078 2695 3263 2764 juraai
3301 2704 3351 2748 ct
3385 2698 3575 2760 statui,

1993 2788 2297 2844 secundum
2340 2787 2690 2844 Psalmistam
2724 2786 2916 2851 David,
2939 2787 3205 2842 custodire
3225 2786 3433 2856 judicia
3455 2786 3579 2854 jus-

1995 2880 2127 2934 titiae
2176 2879 2362 2951 (Psal.
2405 2895 2608 2944 cum,
2646 2880 2789 2950 £06)
2833 2879 3057 2936 Christi.
3110 2878 3298 2937 Juravi
3338 2877 3577 2935 Verbum

1993 2972 2118 3040 ejas
2145 2972 2378 3040 primum
2405 2972 2690 3028 obtestans
2717 2971 2939 3036 Filium,
2964 2975 3059 3042 qui
3087 2971 3223 3026 mihi
3248 2980 3304 3024 et
3331 2968 3471 3024 Deus
3491 2978 3577 3024 est

1993 3063 2268 3119 maximus
2290 3103 2308 3128 ,
2338 3078 2409 3118 ex
2444 3063 2759 3119 immortali
2780 3062 2977 3130 Patre,
3024 3065 3168 3119 sicut
3204 3078 3271 3118 ex
3306 3063 3578 3132 principio

1992 3154 2321 3225 principium
2357 3163 2413 3210 et
2461 3155 2643 3226 imago
2680 3156 2966 3212 verissima
3012 3154 3410 3225 archetypinjui
3448 3169 3573 3208 cum

1991 3247 2065 3299 sit
2094 3247 2149 3300 in
2175 3246 2364 3301 eadem
2392 3253 2446 3302 et
2468 3246 2663 3317 aequali
2695 3254 2890 3302 natura
2920 3262 3046 3302 cum
3076 3245 3269 3308 Patre,
3305 3247 3359 3298 iu
3395 3246 3576 3298 homi-

1990 3351 2122 3391 num
2149 3336 2315 3392 vitam
2347 3336 2417 3393 de
2444 3338 2602 3393 cmlis
2635 3339 2875 3409 seipsum
2906 3338 3113 3408 absque
3146 3336 3448 3391 mutatione
3480 3336 3578 3390 de-

1990 3426 2226 3484 scendit.
2259 3426 2670 3498 Supradictum,
2706 3428 2903 3499 inquit,
2939 3426 3177 3482 Verbum
3207 3426 3390 3495 juravi
3429 3434 3485 3480 et
3520 3427 3579 3480 in

1992 3534 2113 3574 mea
2163 3526 2347 3574 mente
2390 3519 2555 3573 statui
2603 3517 2976 3588 juramentmn
3036 3531 3317 3586 nunquam
3358 3516 3426 3571 de
3466 3515 3578 3571 Deo

1992 3610 2137 3663 mala
2172 3609 2658 3680 cogitandi,’neve
2697 3610 2954 3680 magnum
2972 3607 3236 3677 Spiritum
3275 3614 3330 3662 et
3362 3606 3577 3662 Patrem

1991 3698 2269 3753 destruant
2292 3707 2348 3754 et
2387 3697 2712 3754 lnhonorem
2735 3698 2793 3753 in
2818 3696 3222 3764 dicendo,quod
3253 3713 3363 3751 non
3387 3712 3575 3767 aequa-

1992 3791 2096 3847 lem
2127 3791 2231 3863 ipsi
2267 3800 2321 3846 et
2351 3791 2737 3873 homoousium
2771 3786 3276 3867 consubstantialem
3304 3790 3574 3858 genui-rit,

1994 3900 2129 3940 neve
2144 3886 2324 3955 ipsum
2341 3882 2638 3953 despiciam
2663 3881 2902 3938 Verbum
2925 3879 3105 3933 alieno
3128 3878 3297 3934 verbo
3320 3880 3368 3935 si
3396 3880 3577 3950 ipsum

1993 3995 2025 4032 a
2039 3976 2201 4033 Patre
2213 3976 2582 4047 separaverim
2592 3974 2802 4042 .Quoad
2819 3973 3053 4043 primum
3064 3986 3198 4041 ergo
3210 3973 3442 4027 verbum
3451 3973 3578 4037 ,hoc

1988 4069 2379 4140 jusjurandum
2406 4067 2588 4139 juravi
2616 4066 2686 4123 de
2717 4065 2823 4121 fide
2852 4078 2976 4137 quae
2999 4065 3054 4119 in
3087 4079 3174 4118 me
3201 4071 3308 4126 est,
3339 4065 3387 4119 si
3414 4079 3575 4118 unam

1992 4169 2048 4217 et
2079 4174 2294 4216 summe
2324 4159 2535 4213 unitam
2563 4155 2907 4211 divinitatem
2934 4154 3263 4210 clarissimae
3291 4151 3577 4206 Trinitatis

1992 4250 2360 4307 destruxerim
2390 4248 2818 4305 durissimarum
2848 4246 2905 4301 in
2943 4253 3221 4302 momento
3270 4252 3576 4313 temporum

1993 4349 2048 4397 et
2093 4339 2508 4396 dominantibus
2557 4339 2743 4409 impiis
2769 4375 2786 4403 ,
2837 4352 3115 4394 consensu
3165 4336 3573 4405 obtemperans.

1994 4430 2185 4499 Quoad
2216 4428 2517 4486 secundum
2552 4430 2779 4487 verbum
2799 4470 2816 4497 ,
2844 4427 3045 4500 jurabo
3077 4426 3146 4481 de
3173 4426 3492 4488 ambitione,
3528 4424 3577 4479 si

1994 4522 2064 4577 ad
2113 4535 2366 4593 magnam
2417 4521 2738 4577 cathedram
2794 4528 2850 4576 et
2898 4516 3364 4590 praeeminentiam
3391 4516 3577 4570 throni

1993 4612 2198 4684 reginae
2238 4612 2384 4668 forte
2417 4627 2574 4668 mens
2606 4626 2728 4666 mea
2766 4610 2991 4666 irruerit
3028 4607 3432 4664 inconsiderate
3460 4620 3578 4659 am—

1995 4704 2153 4762 biens
2195 4714 2250 4761 et
2283 4704 2492 4775 primas
2536 4702 2698 4759 sedes
2743 4702 3011 4766 retinens,
3037 4708 3134 4755 aut
3174 4698 3300 4754 aliis
3347 4696 3417 4752 ad
3468 4697 3578 4752 ista

1995 4797 2152 4861 omni
2175 4812 2278 4866 ope
2308 4806 2473 4866 atque
2506 4809 2673 4864 opera
2696 4793 3038 4849 enitentibus
3067 4791 3266 4847 alienis
3286 4788 3580 4845 desideriis

1996 4902 2219 4942 manum
2247 4902 2422 4942 meam
2446 4885 2669 4941 extendi
2692 4883 3060 4949 aﬂ‘ectarerim
3083 4900 3100 4950 ;
3127 4882 3303 4937 adhuc
3333 4888 3389 4935 et
3417 4881 3581 4935 tertio

1992 4975 2309 5047 juravcram
2358 4976 2427 5031 de
2459 4976 2787 5032 conﬁdendo
2831 4976 2886 5029 in
2922 4973 3259 5036 hominibus.
3297 4973 3345 5027 si
3391 4987 3579 5026 coram

1996 5064 2111 5123 Deo
2136 5078 2191 5122 et
2218 5066 2443 5123 Christo
2470 5064 2626 5133 ejus,
2658 5072 2813 5136 petra
2845 5063 2999 5117 lirnta
3037 5072 3092 5118 et
3125 5071 3240 5117 tuta
3265 5103 3279 5128 ,
3321 5061 3579 5116 fiduciam

1995 5167 2051 5215 et
2073 5158 2305 5214 consilia
2334 5157 2520 5212 cordis
2545 5156 2777 5211 atterens
2803 5155 3082 5210 hominem
3109 5154 3391 5209 habuerim
3421 5153 3580 5206 ausi-

1996 5250 2244 5306 liatorem
2270 5258 2325 5304 et
2349 5247 2682 5319 adjutorem;
2709 5255 2898 5320 postea
2915 5246 3100 5318 juravi
3138 5245 3319 5302 adhuc
3336 5243 3405 5298 de
3425 5255 3554 5296 arro
3568 5269 3582 5284 -

1998 5497 2122 5537 men
2167 5482 2222 5536 in
2262 5480 2404 5536 libro
2442 5475 2821 5546 manuscripts
2867 5485 3181 5546 connexum
3233 5466 3403 5521 fuisse
3446 5479 3576 5519 rum

1997 5553 2375 5623 praecedente,
2405 5546 2552 5621 quod
2596 5539 2941 5623 ipse'tamen
2991 5557 3103 5623 non
3138 5539 3259 5623 sine
3285 5551 3580 5623 causam:

1996 5607 2118 5677 ξιυεί
2168 5607 2379 5692 codicis
2425 5607 2816 5676 auctoritatem
2854 5622 3087 5671 secutus
3120 5607 3577 5682 distinguendum

1998 5694 2294 5763 putaverit.
