4030 6232
552 279 642 312 HD

533 372 742 446 gentia.
785 384 881 424 seu
911 367 1196 422 ferocitate
1221 365 1417 420 anima:
1439 365 1496 437 tsi
1532 365 1671 417 forte
1697 364 1837 418 bona
1877 361 2110 416 faciente

536 472 632 519 aut
659 463 875 517 dicente
911 459 1148 530 quodam
1181 458 1453 527 superbia:
1481 455 1768 510 ratiocinia
1811 469 2111 523 praesump-

538 555 740 614 serim,
783 551 866 606 vel
909 566 940 604 e
967 559 1160 603 contra
1202 548 1360 601 malis
1399 554 1452 601 et
1506 545 1686 614 impiis
1723 560 2025 597 occurrens
2063 543 2109 598 si

536 645 788 714 ignavum
815 649 869 697 et
894 642 1184 697 remissum
1214 655 1299 696 me
1327 637 1651 708 praebuerim
1676 652 1704 689 a
1736 636 1875 690 facie
1896 650 2108 694 eorum.

533 736 743 804 absque
774 733 1194 804 exprobratione
1224 730 1488 785 malitiam
1519 731 1724 784 sinens.
1761 728 1943 786 Juravi
1971 735 2025 780 et
2044 727 2111 780 de

528 828 747 896 justitia
793 834 958 894 atque
1000 824 1301 880 remotione
1339 822 1586 877 delectus
1634 834 2025 890 personarum.
2063 818 2110 874 si

537 922 677 973 forte
713 919 804 986 jus
845 920 1038 972 dicens
1070 915 1458 972 declinaverim
1507 928 1535 966 a
1587 913 1918 967 rectitudine
1955 911 2110 979 juxta

535 1011 729 1078 legem,
763 1016 856 1060 aut
890 1006 1095 1076 aliquid
1129 1014 1549 1075 pra-tcrgressns
1608 1001 1803 1056 fuerim
1836 1003 1903 1054 de
1937 1000 2109 1068 aequi-

534 1110 646 1153 tate
670 1099 970 1154 secundum
999 1097 1268 1166 justitiam
1291 1135 1306 1158 ,
1335 1104 1389 1148 et
1414 1094 1460 1149 si
1498 1094 1550 1148 in
1578 1109 1662 1148 me
1693 1094 1762 1146 ob
1794 1093 2107 1162 primatum,

531 1193 767 1244 verenda
811 1192 883 1244 sit
912 1191 1201 1242 oculorum
1243 1185 1558 1240 cxtollentia
1604 1185 1657 1237 in
1699 1185 1912 1253 judicio
1950 1187 2109 1238 inno-

533 1283 708 1335 centis
741 1288 794 1332 ct
828 1281 1100 1349 pauperis.
1134 1278 1286 1334 Unde
1327 1286 1382 1333 et
1425 1278 1564 1332 hanc
1595 1276 1835 1346 regulam
1874 1277 1926 1330 in
1957 1275 2112 1345 jura-

534 1373 732 1425 mentis
767 1369 971 1439 prrchui
1003 1370 1070 1424 de
1108 1371 1224 1424 zelo
1255 1384 1356 1423 nec
1390 1367 1649 1422 laudabili
1683 1383 1782 1419 nec
1815 1376 2031 1429 sancto,
2064 1366 2110 1422 si

533 1461 707 1514 malos
763 1461 1048 1523 homines,
1110 1460 1442 1513 inhumanos
1490 1453 1552 1512 ἐι
1629 1458 1945 1528 pestilentes
2018 1459 2111 1529 qui

531 1551 738 1620 scopuli
789 1559 918 1605 sinit
959 1559 1121 1617 atque
1165 1537 1434 1620 pernicies
1461 1551 1748 1614 honorum,
1782 1567 1920 1621 quos
1948 1567 2111 1622 opere

529 1651 588 1698 et
643 1643 888 1697 consiliis
941 1643 1202 1698 inducere
1258 1651 1312 1697 et
1372 1657 1567 1712 rapere
1621 1650 1837 1697 tentant
1893 1644 1949 1697 in
2007 1644 2111 1699 im-

538 1736 757 1803 pietatis
783 1735 1105 1794 barathrum
1136 1735 1188 1788 in
1216 1750 1328 1804 quo
1352 1735 1453 1803 ipsi
1483 1733 1964 1806 la:tantur.Siergo
1989 1736 2111 1788 tali-

539 1826 640 1876 bus
674 1824 987 1889 tranquillis
1028 1835 1080 1877 ct
1115 1825 1392 1892 prosperis
1433 1825 1504 1878 oh
1552 1839 1690 1877 vana
1737 1823 2023 1878 inviderim
2057 1834 2112 1879 et

537 1930 722 1982 pacem
761 1920 1109 1982 peccaturum
1136 1915 1326 1968 videns
1363 1914 1474 1970 fere
1497 1914 1694 1968 similia
1724 1913 1894 1968 David
1921 1915 2111 1972 dolue-

534 2006 757 2069 rim,iia
807 2014 863 2058 ut
907 2006 1188 2060 solvantur
1225 2007 1580 2077 compagines
1623 2006 1853 2076 spiritus
1933 2008 1985 2060 in
2025 2022 2112 2061 me

529 2112 675 2164 aegre
709 2099 902 2153 ferenti
944 2106 1000 2151 et
1029 2113 1058 2150 a
1103 2098 1293 2152 dextra
1324 2099 1409 2151 via
1453 2099 1760 2168 assurgenti
1788 2107 1842 2154 et
1870 2102 2092 2169 agitato.

498 2189 732 2252 ,lieindc
772 2197 826 2242 et
860 2190 992 2244 illud
1035 2189 1198 2257 jnro,
1238 2190 1283 2243 si
1318 2189 1520 2242 invidia
1553 2190 1818 2244 tabuerim
1847 2204 1940 2244 aut
1972 2192 2110 2246 forte

533 2278 771 2331 tabuerit
815 2291 971 2331 mens
1001 2278 1068 2330 de
1112 2277 1276 2330 vicini
1318 2278 1680 2347 prosperitate
1713 2278 1904 2334 dolens
1937 2281 2026 2331 aut
2061 2279 2108 2333 si

535 2368 765 2434 proximi
797 2383 983 2422 casum
1021 2368 1260 2430 riserim,
1298 2370 1457 2438 quasi
1490 2371 1604 2440 ipse
1632 2385 1808 2425 essem
1837 2370 1971 2441 pede
1998 2380 2111 2426 sta-

533 2460 660 2512 bilis
686 2466 740 2513 et
769 2445 912 2513 bono
939 2460 1276 2528 praecellens,
1299 2461 1462 2514 etiam
1491 2461 1612 2516 aliis
1634 2477 1742 2515 non
1774 2464 1980 2516 sanctis
2009 2477 2111 2518 nec

524 2549 675 2616 juste
712 2550 1025 2619 agentibus.
1079 2550 1202 2605 llaec
1251 2557 1436 2604 autem
1489 2550 1621 2604 mihi
1669 2551 2000 2620 juramentis
2058 2563 2111 2608 et

529 2639 734 2709 regulis
763 2649 1160 2710 proponantur,
1190 2641 1235 2694 si
1261 2641 1409 2695 intus
1433 2640 1513 2694 ira
1548 2641 1776 2696 ferventi
1798 2651 1853 2696 et
1879 2643 2107 2698 tumenti

535 2743 690 2782 meus
715 2730 986 2784 obcaacata
1005 2740 1060 2784 et
1089 2746 1251 2797 supra
1279 2747 1501 2785 sensum
1519 2741 1765 2786 aestuans
1795 2733 2111 2790 indecenter

526 2825 668 2875 elata
713 2822 821 2887 sit;
868 2823 913 2875 si
961 2830 1014 2874 et
1066 2822 1248 2892 lingua
1296 2823 1389 2876 ira:
1431 2823 1643 2876 insania
1699 2833 1850 2893 rapta
1903 2825 2112 2894 absque

531 2912 687 2964 freno
716 2919 770 2964 et
806 2911 968 2964 modo
1015 2913 1159 2980 quod
1206 2912 1360 2965 nefas
1404 2918 1491 2964 est
1539 2913 2109 2982 scm'rilitateSpro'u-

530 3003 693 3065 ierit;
728 3003 773 3054 si
817 3012 868 3055 et
909 3016 1005 3054 cor
1055 3009 1262 3055 secreta
1297 3016 1394 3053 sua
1431 3001 1499 3055 de
1549 3003 1822 3057 illecebris
1859 3003 2112 3059 dissolu-

529 3093 730 3146 tionem
766 3091 1137 3146 redolentibus
1173 3107 1282 3145 non
1322 3093 1600 3162 castigans
1651 3092 1922 3149 desideria
1945 3135 1959 3159 ,
2013 3112 2110 3167 pro

531 3197 823 3252 corpu'um
839 3184 1033 3236 decore
1056 3186 1254 3236 arserit
1277 3192 1329 3236 et
1353 3182 1744 3237 inﬂannnatum
1772 3183 1956 3247 fuerit,
1986 3203 2111 3240 ocu-

529 3271 639 3327 lum
685 3275 943 3328 lascivum
991 3284 1044 3329 et
1084 3273 1414 3342 impudicum
1451 3281 1506 3328 ct
1535 3277 1705 3346 stupri
1749 3279 2007 3346 cupidum
2055 3280 2108 3333 in

527 3364 658 3417 talia
675 3362 860 3416 furtim
899 3372 954 3418 et
980 3366 1301 3433 voluptuose
1331 3365 1606 3436 deligens;
1636 3368 1681 3421 si
1713 3385 1872 3438 quem
1901 3370 2108 3425 oderim

529 3455 731 3509 frustra
769 3463 824 3510 et
855 3457 1162 3511 detestatus
1193 3459 1319 3522 sim,
1342 3474 1442 3513 nec
1469 3459 1623 3527 juxta
1654 3459 1933 3515 Dominica
1969 3478 2110 3529 prae-

526 3555 687 3614 cepta
727 3545 1021 3615 divinaque
1053 3547 1306 3601 tnaudata
1340 3551 1495 3619 quasi
1530 3558 1678 3605 esset
1709 3552 1849 3606 inter
1878 3551 1969 3606 Dei
2003 3553 2110 3606 ini-

528 3639 703 3691 micos
733 3646 786 3692 et
811 3637 879 3692 ad
906 3647 1133 3693 mortem
1163 3639 1448 3695 evidenter
1476 3650 1788 3712 peccantes;
1821 3644 1867 3698 si
1898 3643 2107 3699 hostem

530 3746 711 3783 meum
741 3730 1043 3797 puniverim
1072 3729 1255 3784 furtim
1287 3739 1339 3785 et
1364 3731 1552 3788 dolose
1582 3743 1674 3786 aut
1697 3735 1897 3803 palam.
1917 3735 2109 3790 Adhuc

522 3821 791 3890 expositis
808 3821 1065 3876 omnibus
1079 3820 1407 3890 juramentis
1422 3833 1475 3876 et
1493 3825 1698 3893 regulis
1717 3825 1916 3894 quibus
1930 3825 2108 3893 juravi

526 3918 582 3964 ct
626 3911 794 3964 statui
840 3912 1153 3981 evangelice
1179 3922 1233 3967 et
1262 3913 1426 3984 digne
1453 3915 1675 3968 Christo
1707 3931 1871 3984 super
1908 3925 2106 3970 terram

526 4018 613 4057 me
635 4004 928 4069 victurum;
963 4004 1009 4059 si
1043 4021 1273 4060 vacuam
1307 4022 1335 4060 a
1365 4007 1528 4062 domo
1559 4023 1675 4061 mea
1700 4009 1852 4077 egeni
1887 4025 2106 4062 manum

525 4092 830 4148 dimiserim
863 4103 916 4150 et
947 4097 1224 4165 pauperis,
1247 4098 1362 4153 sive
1377 4099 1724 4169 eleemosyna
1754 4108 1808 4154 et
1836 4101 2107 4168 corporali

526 4185 822 4254 indigentis
881 4188 1168 4250 subsidio,
1240 4205 1340 4243 nec
1403 4190 1783 4243 convenientia
1842 4200 2105 4260 quantum

527 4277 758 4332 facultas
790 4278 921 4331 mihi
955 4287 1040 4333 est
1067 4278 1376 4344 tribuerim,
1411 4279 1523 4337 sive
1549 4280 1801 4336 caelestes
1829 4281 2027 4336 sitierit
2055 4291 2108 4336 et

525 4370 800 4424 salutares
859 4386 1161 4436 sermones,
1223 4387 1324 4427 nec
1381 4373 1592 4428 avidam
1649 4375 1886 4428 animam
1945 4385 2106 4444 prout

521 4463 732 4533 justum
755 4474 838 4518 est
859 4463 1074 4518 abunde
1096 4464 1392 4519 infundens
1418 4466 1772 4535 expleveriin,
1799 4467 1890 4520 alii
1917 4466 2103 4522 Chris-

525 4563 618 4611 tus
647 4563 701 4610 et
740 4571 845 4610 non
887 4555 1020 4608 mihi
1054 4555 1231 4609 bonus
1266 4555 1336 4610 sit
1369 4565 1422 4609 et
1469 4558 1764 4626 propitius,
1805 4558 1858 4612 in
1900 4574 1959 4613 se
1993 4566 2105 4612 tre-

527 4648 786 4702 mendum
819 4647 1018 4700 divinis
1041 4646 1390 4700 sermonibus
1417 4648 1608 4716 plenus
1634 4647 1953 4716 pronuntiat
1972 4647 2107 4703 Grc-

526 4737 717 4805 gorius
752 4737 1082 4806 imprecans,
1106 4736 1243 4788 adeo
1275 4741 1332 4788 ut
1360 4735 1405 4788 si
1441 4736 1508 4789 de
1533 4735 1618 4789 his
1641 4752 1762 4804 qua:
1783 4737 2106 4806 deprecatus

528 4840 650 4878 sum
694 4826 977 4895 hucusque
1005 4827 1206 4894 juratis
1235 4826 1458 4896 regulis,
1492 4825 1536 4878 si
1577 4825 1728 4894 quid,
1770 4827 1864 4893 ait,
1899 4815 2102 4881 horum

527 4918 953 4986 contempserim
983 4927 1396 4985 transgressus,
1454 4917 1593 4971 alios
1648 4917 1866 4987 quidem
1915 4917 2101 4988 diligat

527 5003 783 5058 Christus
827 5013 1084 5075 tanquam
1137 5007 1222 5062 sui
1269 5006 1604 5070 imitatores,
1652 5015 1832 5063 rectos
1883 5017 1937 5062 et
1982 5023 2106 5062 vere

532 5091 738 5156 bonos,
775 5092 878 5146 mei
921 5102 1101 5147 autem
1141 5110 1332 5151 omnes
1372 5112 1544 5166 usque
1576 5097 1644 5152 ad
1680 5096 1784 5152 hoc
1818 5099 2109 5155 senectutis

535 5183 752 5237 labores
785 5191 838 5236 et
869 5182 1213 5253 fatigationes
1247 5189 1420 5242 ventis
1456 5189 1592 5259 rapti
1629 5189 1946 5244 abolcantur
1970 5198 2023 5245 et
2053 5189 2104 5243 in

530 5273 826 5329 oblivionis
871 5274 1101 5343 abyssos
1139 5277 1543 5349 demergantur.
1587 5280 1684 5335 llis
1719 5282 2104 5350 pronuntiatis,

528 5369 681 5424 brevi
715 5367 927 5436 epilogo
957 5364 1268 5433 juramenta
1302 5366 1594 5430 conclusit,
1629 5367 1714 5420 his
1750 5368 1981 5438 legibus,
2017 5367 2103 5421 di-

527 5473 684 5522 cens,
725 5477 743 5508 ι
797 5454 1023 5510 Definivi
1059 5453 1224 5508 vitam
1273 5470 1471 5511 meam.
1515 5453 1582 5507 Et
1631 5457 1676 5510 si
1725 5455 1983 5511 desiderii
2035 5455 2102 5510 ad

530 5551 690 5603 tinem
721 5547 1060 5619 pervenerim
1082 5586 1096 5610 ,
1131 5545 1474 5612 immortalis,
1513 5549 1607 5602 tibi
1639 5549 1892 5618 gratiam.
1936 5566 1954 5599 ι
1991 5546 2104 5618 Ego

528 5639 777 5706 quidem,
835 5640 1041 5709 inquit,
1097 5640 1180 5696 bis
1239 5640 1470 5708 spiritus
1524 5641 1732 5711 legibus
1782 5650 1834 5696 et
1897 5641 2102 5713 regulis

1873 246 2036 302 NICE‘
2048 245 2170 302 I‘AS
2214 244 2423 302 D.\"lD
3692 250 3785 304 πθ

2225 362 2392 430 σμοίλς
2439 361 2532 431 τῆς
2582 361 2806 432 καρδίας
2847 361 3212 430 ἀναψάμενος.
3256 360 3538 432 ἄνθρωπον
3589 363 3787 437 τιθείην

2224 449 2506 520 ἐπίκουρον
2542 468 2630 520 μοι
2662 451 2754 504 καὶ
2787 450 2998 520 βοηθόν.
3034 451 3172 520 Πρὸς
3214 451 3418 510 τούτοις
3469 452 3657 520 ῶμοσα
3696 457 3787 507 πάρ

2219 540 2301 592 λιν
2352 542 2480 612 περὶ
2523 541 2884 612 ὑπεροψίαςῆ
2939 542 3292 611 στερρότητος
3327 541 3524 612 ψυχῆς,
3567 545 3620 595 εἴ
3671 545 3788 597 ποτέ

2218 649 2360 697 τινος
2409 632 2588 700 ἀγαθά
2624 633 2856 702 δρῶντος
2899 634 2932 702 ἣ
2985 632 3269 697 λαλοῦντος
3320 637 3376 686 ἐν
3428 635 3789 704 ὑπερηφανίας

2219 725 2612 795 ὑπερφρονοίην
2636 723 2898 795 λογισμῷ.
2931 724 2962 795 ἢ
2997 725 3260 777 ἀνάπαλιν
3301 729 3488 790 κακοῖς
3531 729 3626 780 καὶ
3673 730 3789 782 dae-

2220 813 2340 866 ὅέσι
2375 813 2699 884 περιτυχὼν,
2735 817 2782 867 εἰ
2816 813 3016 883 ἀδρανῆ
3063 813 3156 867 καῖ.
3202 815 3661 886 ὑποστελλόμενον
3701 822 3790 889 ip.-

2217 904 2379 956 αὑτὸν
2409 904 2746 974 ἐνδειξαίμην
2780 905 2844 956 ἐκ
2872 903 3160 974 προσώπου
3194 904 3394 964 αὐτῶν,
3421 906 3791 974 ἀνεξέλεγκτον

2218 995 2315 1063 τὴν
2343 995 2537 1048 κακίαν
2561 994 2757 1064 ἀφιείς.
2796 995 3007 1065 Ὠμοσα
3047 995 3140 1048 καὶ
3179 997 3306 1066 περὶ
3334 996 3680 1068 δικαιοσύνης
3711 999 3792 1052 καὶ

2219 1085 2735 1157 ἀπροσωποληψίας,
2780 1087 2827 1138 εἰ
2873 1085 3026 1156 δίκην
3073 1087 3201 1138 ποτὲ
3245 1085 3479 1148 δικάζων
3529 1090 3793 1161 παρατρέ-

2217 1176 2382 1246 ψαιμι
2413 1178 2510 1246 τῆς
2553 1177 2694 1230 κατά
2721 1178 2882 1247 νόμον
2912 1176 3222 1247 εὐθύτητος,
3256 1178 3288 1247 ἢ
3317 1194 3367 1229 τι
3401 1180 3792 1249 παρακλίναιμι

2217 1269 2316 1337 τῆς
2350 1268 2486 1320 κατὰ
2517 1268 2577 1320 τὸ
2619 1269 2822 1321 δίκαιον
2863 1269 3121 1340 ἰσότητος.
3164 1270 3211 1320 εἰ
3253 1269 3310 1320 δέ
3345 1287 3435 1339 μοι
3489 1271 3582 1322 καὶ
3632 1271 3793 1342 ὀφρῦς

2219 1358 2512 1430 ἀρχοντικὴ
2541 1358 2793 1428 τιμηθείη
2818 1361 2875 1411 ἐν
2909 1359 3085 1429 κρίσει
3107 1360 3244 1426 ὑπὲρ
3267 1360 3410 1412 ὅσιον
3441 1361 3534 1412 καὶ
3568 1362 3790 1432 πτωχόν.

2223 1448 2453 1500 Ἔπειτα
2499 1448 2592 1500 καὶ
2639 1447 2829 1501 τοῦτον
2857 1448 2944 1501 τὸν
2975 1449 3098 1519 ὅρον
3124 1453 3234 1512 τοῖς
3267 1450 3451 1521 ὅρκοις
3478 1450 3793 1522 προσετίθην

2220 1539 2350 1609 περὶ
2396 1540 2558 1610 ζήλου
2613 1540 2712 1594 οὐκ
2749 1541 3029 1594 ἐπαινετοῦ
3068 1541 3175 1595 οὐδ’
3217 1541 3467 1609 εὐαγοῦς,
3504 1545 3554 1596 εἰ
3602 1546 3792 1608 κακοὺς

2219 1632 2437 1704 ἄνδρας,
2486 1634 2714 1705 ἀπηνεῖς
2767 1651 2826 1688 τε
2878 1635 2972 1688 καὶ
3020 1634 3258 1704 λοιμοὺς,
3303 1636 3351 1687 οἳ
3397 1635 3658 1689 σκόπελοι
3712 1639 3792 1688 καί

2219 1727 2451 1798 κρημνοί
2490 1729 2594 1780 εἰσι
2618 1728 2727 1779 τῶν
2759 1728 2998 1797 ἀγαθῶν,
3025 1725 3107 1792 οἷς
3140 1747 3195 1782 τε
3227 1728 3390 1800 δρῶσι
3419 1730 3512 1782 καὶ
3546 1724 3631 1792 οἷς
3667 1747 3792 1799 συμ-

2220 1819 2563 1873 ϐουλεύουσιν
2601 1822 2680 1883 εἰς
2720 1820 2810 1873 τὸν
2850 1819 3031 1890 ὅμοιον
3072 1821 3282 1883 ἑαυτοῖς
3323 1821 3420 1890 τῆς
3461 1822 3696 1890 ἀνομίας
3725 1823 3792 1890 βόε

2220 1914 2344 1984 Θρον
2380 1912 2777 1976 συνελκύοντες.
2812 1912 2874 1967 Εἰ
2917 1909 3010 1965 οὖν
3039 1913 3163 1975 τοῦς
3195 1911 3467 1975 τοιούτους
3503 1914 3792 1984 γαληνιῶν-

2217 2021 2315 2066 τας
2356 2003 2494 2056 κατὰ
2522 2002 2590 2056 τά
2623 2003 2827 2072 μάταια
2869 2002 3136 2072 ἐζήλωσα,
3177 2004 3271 2056 καὶ
3304 2005 3528 2074 εἰρήνην
3555 2006 3794 2077 ἁμαρτω·

2217 2096 2323 2148 λῶν
2355 2097 2575 2168 θεωρῶν
2613 2095 2813 2149 ἔπαθον
2851 2096 2978 2166 παρ’
3005 2095 3182 2163 ὀλίγον
3214 2095 3273 2148 τὸ
3316 2095 3409 2148 τοῦ
3454 2097 3645 2162 Δαείδ,
3680 2095 3792 2150 ὥστ’

2218 2188 2512 2259 ἐκχυθῆναί
2549 2205 2637 2258 μοι
2666 2187 2732 2240 τὰ
2765 2187 2856 2240 τοῦ
2881 2187 2996 2250 νοὸς
3037 2187 3345 2258 διαδήματα
3381 2188 3792 2260 παροξυνομένῳ

2219 2282 2313 2334 καὶ
2365 2283 2462 2350 τῆς
2513 2279 2691 2343 δεξιᾶς
2745 2278 2863 2332 ὀδοῦ
2909 2269 3245 2349 ἐξισταμένῳ
3291 2280 3385 2332 καὶ
3438 2281 3791 2350 σαλευομένῳ.

2222 2372 2450 2423 Ἔπειτα
2491 2371 2692 2440 ὅμνυμι
2735 2370 2828 2423 καὶ
2872 2369 3048 2430 τοῦτο,
3095 2371 3142 2422 εἰ
3177 2369 3368 2438 φθόνος
3397 2370 3620 2441 ἐξέτηξέ
3658 2371 3791 2442 μοιῆ

2220 2459 2465 2531 ἐκτήξειέ
2495 2478 2623 2513 ποτε
2663 2461 2760 2532 τὴν
2795 2459 2982 2530 φρένα,
3020 2461 3112 2512 ἐπί
3141 2463 3254 2523 τοῖς
3289 2460 3680 2531 εὐπραγήμασι
3710 2460 3792 2515 τοῦ

2219 2554 2454 2622 γείτονος
2483 2552 2788 2622 ἀνιωμένῳ,
2819 2552 2850 2622 ἦ
2880 2553 2926 2604 εἰ
2951 2551 3242 2621 γελάσαιμι
3264 2551 3356 2605 τοῦ
3386 2553 3558 2616 πέλας
3587 2554 3790 2624 πτῶμα,

2219 2645 2292 2708 ὡς
2323 2645 2484 2708 αὐτὸς
2535 2644 2672 2714 ἔχων
2727 2642 2976 2695 ἄπτωτον
3020 2641 3154 2694 πόδα
3200 2643 3289 2695 καὶ
3336 2643 3693 2714 ἐρηρισμένον
3725 2642 3795 2712 τῷ

2220 2733 2390 2804 καλῶ,
2415 2739 2509 2787 καὶ
2535 2732 2705 2786 ταῦτα
2740 2732 2836 2801 οὐχ
2872 2732 3032 2784 ὁσίων
3076 2731 3253 2784 αὐτῶν
3293 2731 3412 2784 οὐδὲ
3451 2732 3673 2786 δικαίων
3701 2734 3794 2786 ὑπο

2218 2826 2516 2895 ἀρχόντων.
2547 2824 2654 2878 Καὶ
2703 2820 2878 2875 ταῦτα
2918 2819 2979 2871 δέ
3027 2839 3116 2892 μοι
3157 2825 3268 2884 τοῖς
3313 2823 3500 2893 ὅρκοις
3533 2826 3625 2876 καὶ
3664 2826 3795 2894 ὅροις

2220 2911 2612 2983 προστιθέσοω,
2645 2912 2691 2963 εἰ
2720 2912 2887 2980 θυμὸν
2921 2911 3066 2964 ἐνδον
3091 2914 3406 2982 κυμαίνοντι
3438 2917 3532 2968 καὶ
3559 2916 3796 2985 πλημμυ-

2223 3002 2400 3072 ροῦντι
2435 3003 2462 3054 ὁ
2493 3000 2616 3062 νοῦς
2640 3003 2997 3069 καταπνιγείς
3025 3003 3114 3056 ὑπ’
3148 3003 3310 3055 αὑτοῦ
3343 3005 3436 3057 καὶ
3475 3005 3798 3074 ἀυςρονευσά-

2223 3107 2380 3160 μενος
2410 3091 2802 3161 ἀσχημονήσαι.
2849 3089 2910 3144 Εἰ
2954 3091 3009 3144 δὲ
3059 3094 3152 3146 καὶ
3247 3093 3467 3159 γλῶσσα
3495 3099 3561 3166 τῇ
3589 3095 3678 3148 τοῦ
3714 3093 3800 3146 θυ-

2223 3180 2325 3250 μοῦ
2362 3180 2552 3251 ἀλογίᾳ
2593 3181 2864 3252 φερομένη
2906 3182 3171 3251 ἀχαλίνως
3215 3201 3271 3236 τε
3317 3186 3409 3237 καί
3446 3184 3728 3256 προπετῶς
3766 3185 3803 3238 ἃ.

2223 3269 2298 3340 μὴ
2325 3270 2403 3322 δεῖ
2431 3270 2830 3339 ἀποςρθέγξαιτο
2871 3272 3153 3342 λογύδρια·
3192 3274 3239 3325 εἰ
3275 3273 3328 3326 δὲ
3371 3274 3462 3326 καὶ
3502 3275 3532 3342 ἠ
3581 3273 3799 3343 καρδία,

2219 3361 2319 3432 τὴν
2353 3361 2581 3432 κρύφιον
2616 3361 2784 3431 αὐτῆς
2825 3363 2885 3414 οὔ
2928 3363 3205 3417 κολάσασα
3234 3363 3354 3434 περὶ
3397 3362 3496 3426 τὰς
3533 3363 3802 3434 λυομένας

2218 3452 2554 3523 ὡραιότητας
2585 3453 2895 3523 ἐπιθυμίαν,
2927 3456 3054 3523 περὶ
3082 3455 3149 3508 τὰ
3194 3455 3300 3507 τῶν
3330 3455 3594 3525 σωμάτων
3628 3455 3799 3525 κάλλη

2220 3548 2465 3598 πτοείται
2500 3547 2591 3598 καὶ
2638 3545 2925 3617 πυροῦ-ται,
2976 3547 3178 3618 μάχλον
3213 3549 3386 3618 ὅμμα,
3417 3549 3514 3601 καί.
3555 3548 3796 3617 ἀσελγὲς,

2220 3640 2314 3690 καὶ
2344 3637 2596 3707 πορνικὸν
2625 3637 2832 3703 τούτοις
2884 3639 3167 3709 κρυφαίως
3212 3641 3306 3692 καὶ
3349 3639 3642 3709 ἡδυπαθῶς
3687 3640 3800 3692 ἐπι·

2222 3728 2568 3799 στηρίζουσα.
2603 3729 2666 3783 Εἰ
2703 3730 2758 3783 δὲ
2812 3732 2905 3784 καί
2957 3749 3077 3784 τινα
3134 3731 3308 3803 μάτην
3355 3733 3657 3804 ἐχθραίνων
3711 3733 3800 3785 καὶ

2218 3822 2336 3891 οὐχ’»⁸
2363 3820 2450 3874 διὰ
2491 3824 2908 3893 προστάγματος
2937 3824 3264 3876 Δεσποτικοῦ
3289 3824 3381 3876 καὶ
3407 3825 3561 3888 θείας
3588 3824 3798 3894 ἐντολῆς

2217 3908 2291 3971 ὡς
2325 3911 2414 3962 ἐπὶ
2446 3909 2553 3962 τῶν
2577 3911 2668 3963 τοῦ
2700 3911 2833 3963 Ε)εοῦ
2873 3913 3081 3984 ἐχθρῶν
3112 3915 3206 3966 καὶ
3253 3915 3388 3984 πρὸς
3417 3916 3649 3969 θάνατον
3675 3933 3801 3986 προ-

2219 4000 2403 4066 φανῶς
2431 4001 2876 4070 ἁμαρτανόντων·
2907 4005 2953 4056 εί
2984 4003 3037 4055 δὲ
3073 4004 3167 4056 καὶ
3199 4005 3389 4074 ἐχθρὸν
3419 4007 3552 4077 ἐμὸν
3572 4007 3802 4078 τιμωρή-

2219 4107 2372 4161 σαιμι
2403 4094 2584 4163 κρυφῆ
2625 4094 2716 4146 καὶ
2745 4095 2930 4157 δολίως
2959 4096 2990 4168 ἢ
3023 4097 3340 4164 ἀναφανδόν.
3382 4099 3504 4150 Ἔτι
3539 4098 3678 4171 πρὸς
3700 4101 3803 4162 τοῖς

2216 4183 2530 4253 εἰρημένοις
2561 4184 2764 4237 ἅπασιν
2807 4186 2988 4255 ὅρκοις
3018 4189 3111 4238 καὶ
3150 4187 3314 4258 ὅροις,
3355 4183 3438 4252 οἷς
3481 4189 3680 4258 ὤμοσα
3718 4189 3806 4242 καὶ

2217 4272 2419 4342 ἔστησα
2462 4274 2556 4329 τοῦ
2596 4276 2965 4345 εὐαγγελικῶς
3011 4295 3068 4330 τε
3108 4279 3200 4330 καὶ
3244 4280 3685 4350 Χριστοπρεπῶς
3721 4280 3806 4334 ἐπὶ

2217 4365 2318 4433 γῆς
2361 4364 2621 4424 διαϐιοῦν.
2659 4369 2707 4419 εἰ
2750 4368 2911 4438 κενὴν
2946 4369 3044 4438 τῆς
3087 4371 3226 4441 ἐμῆς
3266 4371 3444 4433 οἰκίας
3487 4376 3652 4444 χεῖρα
3695 4374 3803 4425 ἐπι-

2215 4461 2366 4524 δεοῦς
2398 4463 2779 4533 ἐποπέμψαιμι
2821 4465 2911 4517 καὶ
2952 4465 3199 4535 πένητος,
3233 4466 3262 4536 ἦ
3305 4465 3686 4539 ἐλεημοσὺνης
3718 4469 3806 4522 καὶ

2217 4555 2533 4625 σωματικῆς
2573 4556 2877 4626 χρῄζουσαν
2927 4559 3263 4630 ἐπικουρίας,
3306 4560 3354 4612 εί
3400 4560 3476 4631 μὴ
3524 4563 3594 4616 τὰ
3640 4578 3803 4633 προσ-

2216 4645 2439 4714 ήκοντα,
2476 4647 2596 4699 καθ’
2621 4648 2649 4700 ὅ
2683 4648 2862 4718 ἰσχύος
2902 4649 3028 4719 ἔχω,
3072 4652 3460 4721 ἐπαρκέσαιμι.
3495 4652 3804 4725 ῆοὺρανίου

2215 4736 2372 4804 λόγου
2403 4739 2494 4790 καί
2526 4738 2898 4809 σωτηριὼδους
2925 4741 3052 4813 δίψῃ
3076 4741 3402 4812 πιεζομένην
3427 4743 3639 4816 ψυχὴν,
3665 4747 3711 4796 εἰ
3736 4744 3805 4815 μὴ

2215 4829 2335 4882 καθ’
2388 4829 2416 4881 ὃ
2466 4828 2622 4898 θέμις
2661 4831 3212 4902 ἐπιδαῴιλευσάμενος
3261 4833 3636 4905 ἐμπλήσαιμί.
3670 4835 3805 4902 ἄλλῳ

2214 4921 2447 4991 Χριστὸς
2475 4921 2675 4990 μᾶλλον
2703 4922 2835 4991 ἐμοῦ
2886 4924 3119 4992 εὐμενής
3164 4941 3221 4977 τε
3267 4926 3351 4993 εἴη
3402 4927 3496 4977 καὶ
3556 4927 3736 4990 ἵλεως,
3780 4927 3806 4976 ό

2215 5011 2668 5079 θεολογικὼτατος
2708 5013 2883 5083 ἑαυτῷ
2921 5014 3294 5086 ἐπαρώμενος,
3325 5016 3385 5068 τὸ
3429 5019 3808 5085 φρικωδέσταο

2211 5118 2302 5154 τον
2349 5102 2702 5170 ἀποφαίνεται
2757 5104 3069 5175 Γρηγόριος,
3110 5104 3208 5168 ὼς,
3251 5104 3305 5156 εί
3345 5123 3398 5158 τι
3439 5100 3517 5158 ὧν
3553 5094 3806 5178 ηὐξάμην

2213 5189 2320 5241 τῶν
2383 5190 2878 5262 προεκτεθειμένων
2930 5193 3164 5263 ἐνόρκων
3208 5194 3388 5264 ὅρων,
3438 5197 3494 5249 εἴ
3548 5216 3626 5263 τι,
3650 5198 3804 5268 φησι.

2212 5278 2415 5331 τούτων
2446 5280 2769 5352 ἀθετήσαιμι
2808 5283 3159 5353 παρανομῶν,
3187 5283 3364 5348 ἄλλοις
3406 5285 3507 5354 μὲν
3534 5287 3807 5354 ἀγαθὺιαι

2210 5372 2238 5423 ὁ
2270 5371 2500 5440 Χριστὸς
2529 5372 2603 5435 ὼς
2629 5374 3089 5444 Χριστομιμήτοις
3113 5370 3252 5436 οὖσι,
3303 5375 3400 5427 καὶ
3448 5377 3662 5436 εὐθέσι,
3716 5377 3804 5430 καὶ

2211 5459 2288 5531 τῷ
2326 5461 2438 5515 ὅντι
2467 5464 2720 5530 ἀγαθοῖς·
2755 5461 2890 5535 ἐμοῦ
2928 5465 2983 5518 δὲ
3025 5467 3117 5520 καὶ
3150 5469 3275 5530 τοὺς
3307 5469 3434 5538 ἄχρι
3477 5469 3586 5539 τῆς
3617 5472 3808 5541 πολιᾶς

2210 5551 2414 5624 ταύτης
2443 5555 2721 5622 καμάτους
2758 5557 2850 5609 καὶ
2874 5558 3068 5620 πόνους
3101 5553 3262 5629 αὖραι
3296 5559 3560 5613 λαϐοῦσαι
3610 5563 3807 5630 ἀφανί-

2212 5662 2381 5710 σαιεν,
2410 5647 2501 5700 καὶ
2541 5648 2709 5718 λήθης
2745 5651 3032 5718 παραδοῖεν
3068 5651 3267 5719 βυθοῖς.
3300 5651 3484 5707 Ταῦτα
3512 5654 3810 5724 ἀποφηνά-
