3984 6208
343 259 452 318 777

340 398 530 449 μενος,
557 381 751 456 βραχεί
774 387 1006 460 ἐπιλόγῳ
1029 391 1330 446 συνέκλεισε
1353 395 1476 458 τοὺς
1495 397 1712 468 ὅρκους,
1737 396 1918 450 Τοῖσδε

343 471 548 543 νόμοις,
573 473 766 543 λέγων,
794 476 960 550 ἔδησα
987 481 1114 551 ἐμὸν
1141 482 1254 552 βίον
1273 501 1288 512 ·
1312 485 1360 536 εί
1391 485 1448 538 δὲ
1481 486 1665 540 πόθοιο
1684 487 1741 551 ἐς
1768 487 1919 551 τέλος

343 562 584 635 ἱκοίμην,
613 567 860 636 Ἀφθιτε,
891 573 999 623 σεῖο
1031 573 1207 644 χάρις.
1250 575 1392 645 Ἐγὼ
1434 577 1554 647 μὲν,
1589 578 1714 649 ἔφη,
1744 579 1918 632 τοῖσδε

339 651 436 704 τοῦ
476 654 792 725 Πνεύματος
837 663 950 724 τοῖς
995 662 1180 733 νόμοις
1216 666 1310 718 xui.
1353 668 1498 737 ὅροις
1541 667 1632 721 τὸν
1679 669 1918 739 ἐμαυτοῦ

339 743 456 815 βίον
485 749 994 822 κατησφαλισάμην’
1037 757 1086 807 εξ
1126 756 1183 810 δὲ
1223 756 1317 812 τοῦ
1360 758 1524 812 πόθου
1558 759 1704 824 ἄξιόν
1738 778 1828 831 μοι
1860 761 1921 814 τὸ

1373 276 1437 331 ΙΝ
1476 278 1784 335 CAltMi’NA
1827 276 2101 335 ARCANA
2145 281 2200 335 S.
2244 281 2592 342 GREGORII.

3497 298 3601 353 778

2029 399 2194 452 vitam
2242 415 2415 458 meam
2463 404 2746 472 conclusi;
2777 405 2825 462 si
2874 415 3053 463 autem
3099 409 3371 468 desiderio
3403 416 3600 487 il'gnus

2027 489 2155 544 mihi
2204 490 2327 549 ﬁnis
2362 495 2673 566 contigerit,
2704 497 2803 553 tibi
2839 500 3032 570 gloria,
3067 509 3120 557 et
3144 504 3342 573 gratia,
3380 510 3598 574 etlaus.

2025 578 2427 652 incorruptibili
2464 596 2518 641 et
2566 604 2735 659 super
2773 605 2938 648 omne
2997 595 3145 665 quod
3188 605 3274 651 est
3330 612 3385 654 et
3438 604 3600 658 unius

2025 670 2382 744 ejusdemque
2410 677 2732 736 substantiae
2769 681 3024 740 Trinitati
3045 726 3062 751 ,
3109 688 3164 742 in
3198 692 3396 746 mula
3427 708 3600 750 sarcu-

2027 761 2220 819 lorum.
2251 765 2444 822 Amen.

335 837 492 901 τέλος
533 838 792 907 ἀποϐαίη,
821 845 904 897 σοὶ
945 845 977 914 ἡ
1006 844 1129 910 δόξα
1169 850 1263 902 καὶ
1301 851 1332 920 ἡ
1365 849 1523 922 χάρις
1567 851 1660 904 καὶ
1691 852 1725 922 ἡ
1759 850 1964 914 αἶνεσις
1998 853 2064 921 τῇ
2095 851 2356 926 ἀφθάρτῳ
2397 858 2490 911 καὶ
2537 861 2844 936 ὑπερουσίῳ
2879 868 2970 920 καὶ
3012 869 3280 941 δμοουσίῳ
3303 872 3492 943 Τριάδι
3519 875 3597 929 είς

333 928 462 992 τοὺς
491 929 691 995 αἰῶνας
715 933 822 987 τῶν
844 935 1071 992 αἰώνων.
1109 940 1298 1012 Ἀμήν.

346 1019 668 1104 Ἐξήγῃςνις
703 1027 803 1104 ἐἰς
848 1025 961 1104 tinf-
989 1034 1394 1104 γνωμολογίαν
1435 1037 1542 1092 τοῦ
1578 1038 1764 1104 ἔπους
1810 1036 1916 1089 τοῦ

395 1091 666 1179 ιέεγὰἷιου
687 1091 1021 1179 Γρηχρ-ρίοὺ
1064 1091 1170 1156 τοῦ
1207 1091 1523 1177 Θὲολόγου,
1562 1103 1638 1179 ἧς
1670 1109 1708 1176 ἡ
1741 1091 1918 1176 Expo-

403 1174 502 1212 στι
507 1161 604 1229 χὶς
634 1163 786 1234 αὕτη
806 1161 926 1238 (73)
941 1181 952 1193 '

331 1251 574 1337 amara}
610 1256 1257 1337 anroplov,_6lartxoc
1290 1269 1525 1337 εὐεπῖη,

345 1321 598 1377 Ἐσθλὸν
635 1321 864 1396 ἄθυρμα
902 1321 1058 1398 νέοις
1090 1321 1186 1389 κάξ
1220 1321 1393 1406 λάριξ
1416 1321 1640 1409 ἐξοδίη.

403 1416 528 1470 Ἔτι
568 1417 720 1504 ,πρὸς
766 1423 884 1486 ταῖς
930 1423 1118 1490 ἄλλαις
1171 1428 1327 1499 ἡμῶν
1363 1431 1675 1504 ὲξηγήσεσι,
1733 1433 1800 1497 ἃς
1853 1437 1914 1489 ὲν

328 1504 440 1567 τοῖς
475 1503 731 1573 φθάσασι,
767 1507 856 1562 διὰ
890 1511 991 1582 τῆς
1035 1513 1129 1567 τοῦ
1171 1514 1421 1588 θεολόγου
1468 1503 1762 1591 πρεσϐείας
1818 1527 1913 1578 καὶ

325 1593 568 1664 χάριτος,
596 1599 705 1661 τοῖς
729 1598 1186 1676 ἀπορῥητοτέροις
1226 1608 1392 1663 αὑτοῦ
1439 1611 1547 1666 τῶν
1595 1613 1744 1668 ἐπῶν
1789 1631 1922 1670 κατ-

321 1685 667 1758 ετεινάμεθα,
715 1691 810 1744 καὶ
863 1693 1067 1767 ταύτην
1114 1698 1243 1768 ἡμῖν
1297 1701 1356 1754 ἐν
1411 1705 1477 1774 τῇ
1531 1703 1759 1776 δυνάμει
1816 1707 1911 1760 τοῦ

329 1776 641 1849 Πνεῦματος
689 1782 982 1856 ὲξηγητέον
1037 1787 1134 1860 τὴν
1178 1793 1570 1864 γνωμολογίαν.
1616 1795 1771 1851 Ἐστι
1812 1801 1910 1870 μὲν

321 1863 420 1922 οὖν
450 1869 662 1942 γνώμη,
699 1874 841 1928 κατά
865 1876 991 1941 τοὺς
1017 1879 1302 1948 παλαιοὺς,
1329 1883 1484 1954 λόγος
1509 1863 1906 1961 κεφαλαιώδης.

327 1963 720 2032 προτρεπτικὸς
754 1965 786 2036 ἢ
815 1967 1244 2040 -άππρεπτικός,
1285 1974 1347 2029 Οί
1395 1975 1494 2046 μὲν
1524 1973 1616 2032 οὖν
1665 1980 1772 2034 τῶν
1817 1981 1910 2034 θύ-

328 2052 491 2123 ραθεν
522 2054 826 2126 φιλοσόφων
855 2061 950 2112 καὶ
976 2061 1220 2134 ρητόρων
1251 2065 1462 2136 ἄριστοι
1489 2070 1583 2124 καὶ
1606 2071 1910 2142 νομοθετῶν

323 2146 686 2216 νομιζόμενοι,
713 2147 814 2218 τῆς
843 2147 1024 2204 αὐτῶν
1058 2153 1248 2222 σοφίας
1281 2158 1374 2212 καὶ
1400 2159 1599 2232 ἀρετῆς
1632 2163 1909 2231 ἀναλόγως

320 2235 418 2288 καὶ
439 2236 907 2310 πολυρῤημονοῦσι
935 2243 1046 2315 (74)
1073 2244 1210 2318 πρὸς
1234 2247 1360 2312 τοὺς
1390 2249 1621 2315 οἰκείους
1650 2254 1745 2306 καὶ
1765 2270 1907 2322 γνω-

324 2327 604 2396 μοδοτοῦσι
623 2345 636 2358 ⁸
667 2331 774 2384 τῶν
804 2332 926 2386 καθ’
958 2336 1105 2405 ἡμᾶς
1142 2336 1198 2391 δὲ
1246 2337 1507 2408 θεολόγων
1555 2342 1584 2393 ὁ
1617 2343 1907 2414 κράτιστος

314 2413 472 2484 οὗτος
513 2422 607 2474 καὶ
655 2423 1172 2494 ἰεροφαντικώτατος
1218 2430 1533 2503 Γρηγόριος,
1563 2438 1743 2491 πᾶσαν
1776 2439 1906 2492 ἀπο-

318 2509 576 2582 χρώντως
607 2514 705 2586 τὴν
742 2515 849 2570 ἀπὺ
880 2516 989 2570 τῶν
1020 2517 1124 2586 ἔξω
1151 2522 1352 2591 σοφῶν,
1391 2526 1485 2578 καὶ
1519 2529 1778 2598 ποιητῶν,
1811 2531 1905 2584 καὶ

317 2603 580 2673 τεχνικῶν
633 2605 899 2675 ὠφέλειαν
939 2613 1398 2684 καρπωσάμενος,
1447 2616 1523 2688 τῷ
1558 2621 1692 2690 πρὸς
1724 2622 1902 2687 πάσας

317 2693 498 2748 αὐτῶν
525 2695 623 2760 τὰς
650 2697 845 2769 τέχνας
885 2701 977 2754 καὶ
1012 2703 1318 2774 ἐπιστήμας
1357 2709 1768 2780 κατωρθῶσθαι,
1807 2713 1902 2767 καὶ

317 2783 426 2835 πᾶν
459 2783 518 2837 τὸ
553 2785 736 2850 σθένος
763 2787 855 2840 τοῦ
897 2787 1078 2858 λόγου,
1113 2792 1206 2846 καὶ
1246 2795 1352 2848 πᾶν
1393 2797 1454 2850 τὸ
1490 2798 1591 2869 τῆς
1621 2799 1898 2872 ἀνθρωπί-

314 2891 415 2944 νης
459 2875 697 2940 διανοίας
758 2878 888 2949 ὕψος
942 2880 1126 2953 ἄκρως
1179 2889 1684 2959 προασκησάμενος,
1726 2891 1900 2957 οὕτως

317 2967 423 3021 ὕπο
441 2968 600 3033 πόδας
617 2970 716 3042 τῆς
737 2972 1094 3046 εὐαγγελικῆς
1109 2977 1288 3048 φέρων
1309 2979 1574 3052 ὑπέρριψε
1592 2982 1895 3055 θεοσοφίας,

315 3061 411 3114 καὶ
446 3063 569 3115 ὅσον
613 3063 711 3133 μὲν
749 3068 814 3137 τῇ
859 3065 1201 3140 θεοπνεὺστῳ
1233 3072 1420 3145 Γραφῇ
1452 3075 1546 3129 καὶ
1569 3079 1633 3148 τῇ
1669 3078 1896 3154 ἀληθεία

311 3155 408 3209 τοῦ
441 3156 772 3226 Εὐαγγελίου
806 3158 1126 3228 συμφωνοῦν
1158 3162 1450 3234 κατενόησε
1481 3166 1574 3220 καὶ
1600 3169 1734 3239 πρὸς
1763 3171 1894 3226 θεω-

313 3247 437 3318 ρίαν
465 3246 561 3299 xai.
598 3247 795 3318 πρᾶξιν
824 3249 1237 3320 ὁμογνωμονοῦν
1256 3289 1271 3314 ,
1315 3253 1542 3319 οἰκείαις
1574 3258 1892 3331 εἰσηγήσεστ⁸

313 3339 407 3392 καὶ
432 3337 684 3410 θεωρίαις
710 3338 785 3404 ὡς
811 3339 1066 3410 ἀληθείας
1094 3343 1389 3416 συνήγορος
1420 3346 1660 3420 ἐνέκρινέ
1694 3369 1756 3405 τε
1783 3355 1895 3418 τοῖς

312 3430 478 3484 αἰτοῦ
521 3430 858 3502 συντάγμασι
905 3432 998 3486 xui.
1040 3433 1513 3508 ἑγνωμοδότησεν·
1549 3439 1671 3493 ὅσον
1709 3441 1763 3494 δὲ
1813 3446 1893 3509 εἰς

316 3520 518 3590 μύθους
551 3521 645 3574 καὶ
686 3521 895 3587 πλάνας
936 3524 1031 3577 xai.
1080 3524 1353 3590 ἀπωλείας
1382 3529 1546 3600 φέρον
1576 3530 1769 3600 διέγνω
1800 3533 1893 3603 βυ-

313 3614 458 3677 θοὺς,
486 3613 782 3677 διαπτὺσας
815 3615 871 3678 ἐς
919 3615 1158 3687 κόρακας
1202 3618 1559 3691 ἀπερῤῐψατο,
1609 3623 1732 3677 Ἐπὶ
1775 3629 1893 3692 ταῖς

314 3702 499 3769 ἄλλαις
529 3701 620 3759 οὖν
665 3705 828 3759 αὐτοῦ
865 3708 1398 3780 σωτηριωδεστάταις
1433 3712 1894 3786 θεορῤημοσύναις

313 3797 391 3850 ἔτι
423 3797 515 3851 καὶ
545 3798 644 3869 τὴν
680 3799 1045 3871 προκειμένην
1073 3804 1355 3875 γνωμικὴν
1406 3805 1758 3878 προστίθησιν
1789 3809 1893 3863 ὑπὸ

310 3889 657 3960 ἀκροστιχίδα
693 3892 1098 3962 πραγματείαν,
1147 3894 1214 3966 ἢν
1269 3896 1362 3949 καὶ
1414 3895 1617 3965 ἀγαθὸν
1672 3899 1891 3972 ἄθυρμα

309 3983 421 4045 τοῖς
466 3981 606 4045 νέοις
653 3983 1003 4054 παραδιδόναι
1057 3984 1223 4053 λέγει,
1287 3987 1491 4056 ἀγαθὸν
1542 3990 1641 4060 μὲν
1694 3990 1781 4044 διὰ
1831 3991 1892 4045 τὸ

311 4071 586 4144 ὠφέλιμον
607 4073 705 4143 τῆς
740 4074 1071 4145 συμϐουλίας
1109 4076 1202 4129 xai.
1233 4077 1594 4148 σωτηριῶδες,
1643 4081 1890 4149 παίγνιον

309 4161 368 4215 δὲ
398 4162 482 4217 διὰ
510 4163 570 4216 τὸ
605 4165 1049 4236 κεκομψευμένον
1084 4167 1182 4236 τῆς
1222 4168 1530 4240 ποιητικῆς,
1556 4170 1674 4241 ἦτοι
1702 4187 1889 4243 μετρι-

310 4256 415 4326 κῆς
444 4255 638 4322 λέξεως
667 4257 762 4310 καὶ
793 4258 1065 4329 φράσεως,
1091 4260 1175 4328 ἐφ’
1203 4254 1284 4323 οἷς
1308 4255 1413 4313 οἶδε
1445 4262 1569 4326 τοὺς
1595 4264 1890 4334 νεωτέρους

312 4351 409 4418 οὐχ
441 4348 638 4419 ἣκιστα
678 4347 971 4419 ἡδομένους
1027 4348 1120 4401 καὶ
1172 4348 1672 4422 φιλοτιμουμένους.
1719 4352 1890 4406 Τοῦτο

309 4439 438 4508 γοῦν
482 4439 574 4495 καὶ
612 4440 812 4508 ἐξόδιον
861 4440 1019 4513 χάριν
1067 4440 1419 4508 άπεκάλεσεν,
1467 4443 1542 4505 ὼς
1585 4445 1888 4499 τελευταῖον

311 4533 405 4585 καὶ
448 4527 560 4584 οἷον
604 4531 903 4586 ἐνδιάθετον
951 4532 1284 4604 ἀπόφθεγμα
1323 4535 1681 4616 τοῖςοίκείοις
1715 4537 1888 4606 φίλοις

309 4621 403 4674 xui.
437 4621 666 4690 μῦσταις
692 4622 1070 4695 χαριζόμενος.

312 4713 335 4766 1
371 4714 608 4782 Γυμνύς
633 4712 776 4780 ὅλος
794 4713 1022 4778 ,βιότοιο
1045 4713 1244 4782 τέμοις
1266 4714 1402 4778 ἅλα,
1430 4733 1488 4769 κ.
1526 4733 1575 4769 τ.
1609 4718 1661 4770 ὲ.
1809 4789 1816 4798 _

375 4803 662 4858 Θάλασσαν
698 4805 797 4877 μὲν
821 4805 1263 4877 ὁμολογουμένως
1289 4805 1379 4859 τὸν
1413 4806 1507 4859 τοῦ
1542 4807 1743 4876 κόσμου
1773 4805 1885 4875 βίον

309 4894 597 4964 Γραφικῶς
618 4895 884 4951 ἀποκαλεῖ
907 4896 995 4950 διά
1019 4914 1077 4949 τε
1106 4897 1166 4951 τὸ
1199 4897 1428 4952 ἄστατον
1457 4899 1644 4952 τούτου
1673 4900 1766 4953 καὶ
1791 4917 1886 4952 πο-

305 4989 603 5060 λύστροφον
649 4988 744 5042 καὶ
785 4989 1178 5053 ἀκατάστατον,
1208 4989 1300 5042 διά
1333 5007 1388 5042 τε
1429 4989 1488 5043 τὸ
1530 4990 1768 5061 ἁλμυρὸν
1792 4991 1886 5044 καὶ

310 5077 500 5151 πικρὸν
521 5079 622 5151 τῆς
647 5077 915 5150 ἁμαρτίας
939 5076 1142 5131 καὶτοῦ
1171 5077 1235 5131 δι’
1267 5079 1433 5150 αὐτὴν
1456 5078 1702 5133 θανάτου.
1743 5080 1888 5150 Παρ-

308 5171 560 5240 αγγέλλει
594 5170 704 5240 (75)
733 5168 912 5223 τοίνυν
945 5171 974 5223 ὁ
1015 5169 1176 5238 σοφὸς
1212 5169 1320 5224 τῶν
1364 5169 1646 5242 ἡμετέρων
1689 5170 1888 5242 κυϐερ-

308 5263 476 5333 νήτης
510 5261 720 5333 ψυχῶν,
764 5261 1000 5332 γυμνοὺς
1041 5259 1138 5331 τὴν
1173 5259 1443 5314 Θάλασσαν
1491 5260 1691 5332 ταύτην
1737 5262 1886 5332 ἡμᾶς

307 5350 591 5422 διαπερᾷν,
625 5349 770 5403 τοῦτ’
808 5348 954 5402 ἔστιν
1002 5349 1314 5419 άκτήμονας
1363 5349 1456 5401 καὶ
1502 5350 1880 5421 ἀπράγμονας,

306 5442 541 5514 κούφους
585 5444 682 5496 xui.
723 5439 988 5511 ἐλαφροὺς
1023 5439 1363 5512 ὲκκολυμϐᾷν
1407 5440 1612 5505 εἰδότας
1650 5441 1736 5495 διὰ
1765 5441 1882 5506 νοὸς

379 5620 488 5690 (75)
514 5620 713 5694 carm,
743 5618 834 5684 62,
888 5635 943 5691 p.
1002 5618 1113 5694 μθ
1157 5618 1241 5675 ed.
1289 5619 1522 5691 Colon.;
1567 5638 1618 5694 p.
1661 5623 1763 5681 989
1791 5626 1877 5682 ed.

316 5689 601 5753 murencl.
631 5692 737 5761 (eil.
766 5689 969 5759 nova.
999 5689 1145 5759 585).
1287 5695 1299 5703 '

613 5829 882 5890 PATROL
932 5827 1046 5890 Gn.
1098 5829 1149 5888 X
1165 5827 1450 5890 XXi'ili.

2017 1031 2450 1110 Conmtentqrius
2483 1037 2546 1110 de
2584 1043 2902 1097 sententiose
2944 1047 3196 1110 carmine,
3233 1065 3322 1102 seu
3365 1050 3595 1104 (inama-

2088 1103 2243 1223 Ιοξιὶἱι⁸
2272 1102 2452 1176 Magni
2497 1107 2736 1178 Gregorii
2793 1112 3038 1185 Tlteologi
3083 1102 3232 1185 cujus
3281 1102 3390 1172 lucc
3433 1102 3595 1174 berb-

2088 1184 2186 1223 sttc
2207 1189 2270 1223 ns
2295 1189 2314 1223 :

2087 1184 2270 1227 81261118
2295 1189 2314 1226 .°

2015 1259 2300 1341 Sententia:
2334 1262 2593 1341 Gregorii,
2629 1268 2854 1326 disticha
2889 1285 3166 1341 venustas,

2016 1329 2179 1386 Utilis
2208 1332 2354 1387 lusus
2374 1329 2682 1404 juvenibus,
2716 1358 2906 1397 munus
2935 1329 3274 1413 posti-eniam.

2088 1421 2276 1479 Adhuc
2334 1438 2458 1498 post
2481 1430 2588 1486 alia
2609 1437 3001 1492 commentaria
3021 1449 3208 1495 nostra
3235 1457 3356 1512 quae
3373 1443 3441 1499 de
3466 1454 3593 1501 ante

2017 1513 2160 1570 datis
2204 1531 2234 1570 a
2272 1516 2550 1593 Theologo
2588 1527 2940 1583 veneratione
2981 1537 3037 1584 et
3071 1533 3242 1600 gratia
3287 1535 3592 1605 conspicuo

2015 1608 2234 1663 arcanis
2273 1612 2579 1668 carminum
2618 1614 2794 1686 ipsius
2825 1619 3240 1691 explicavimus,
3273 1632 3330 1680 et
3363 1639 3393 1680 a
3426 1627 3590 1682 nobis

2020 1695 2074 1750 in
2117 1695 2354 1768 Spiritus
2400 1702 2601 1760 virtute
2655 1711 3138 1767 commentandum
3190 1719 3586 1774 sententiosum

2015 1801 2260 1845 carmen.
2285 1791 2382 1849 Est
2395 1809 2526 1867 ergo
2544 1799 2814 1854 sententia
2841 1803 3145 1859 secundum
3169 1813 3380 1864 veteres
3406 1823 3588 1864 sermo

2015 1882 2372 1948 summaries,
2407 1885 2692 1944 dissuasor
2732 1898 2828 1944 aut
2869 1894 3184 1963 suasorius;
3241 1895 3366 1951 hinc
3396 1897 3585 1968 optimi

2015 1971 2463 2044 philosophorum
2477 1984 2531 2033 et
2551 1978 2829 2036 rhetorum
2843 1990 3227 2041 extraneorum
3244 1994 3298 2043 et
3318 1989 3589 2059 legislatu-

2011 2077 2131 2117 rum
2149 2066 2380 2133 reputati
2416 2069 2682 2138 sapientia
2703 2085 2804 2126 sua
2833 2078 2888 2127 et
2919 2073 3234 2142 virtutibus,
3259 2079 3514 2135 similiter
3531 2092 3588 2136 et

2009 2153 2180 2206 nmlta
2204 2155 2394 2211 dicunt
2425 2159 2491 2213 ad
2527 2159 2824 2217 familiares
2846 2171 2898 2217 et
2926 2179 3087 2222 sensa
3105 2168 3439 2238 exprimunt;
3458 2171 3586 2227 inde

2007 2252 2188 2299 autem
2215 2246 2589 2319 theologorum
2616 2253 2761 2322 apud
2787 2267 2887 2312 nos
2919 2257 3161 2326 optimus
3195 2260 3300 2317 iste
3329 2270 3384 2317 et
3399 2263 3582 2321 divina

2006 2335 2250 2403 pand’ens
2284 2338 2580 2412 Gregorius
2613 2345 2797 2400 omnia
2836 2346 3176 2407 sufﬁcienter
3203 2353 3271 2410 de
3303 2359 3582 2414 extraneis

1997 2428 2371 2497 sapientibus,
2385 2440 2438 2486 et
2456 2435 2655 2503 poetis,
2671 2445 2724 2492 et
2741 2437 3074 2505 rhetoribus,
3090 2444 3244 2500 utilia
3268 2447 3487 2518 collegit
3512 2454 3578 2505 ad

2003 2517 2347 2591 dirigentium
2380 2539 2434 2578 in
2466 2528 2682 2581 cunctis
2712 2527 2928 2584 illorum
2974 2532 3185 2590 artibus
3214 2543 3272 2590 et
3310 2517 3579 2602 scientiis.

2002 2618 2056 2665 et
2087 2625 2305 2668 omnem
2330 2612 2591 2668 sermonis
2616 2632 2843 2673 nervum
2886 2628 3050 2692 atque
3087 2638 3304 2681 omnem
3355 2627 3578 2684 humani

2003 2701 2205 2774 ingenii
2230 2703 2520 2760 elationem
2548 2707 2818 2778 profunde
2845 2713 3160 2784 meditatus,
3191 2717 3270 2772 sic
3293 2718 3399 2774 sub
3420 2721 3575 2791 pedi-

2004 2793 2105 2851 bus
2145 2795 2480 2868 Evangelicze
2520 2814 2638 2869 qua:
2666 2816 2695 2856 a
2726 2802 2838 2859 Deo
2886 2814 2972 2862 est
3005 2805 3299 2878 Sapientia:
3344 2811 3578 2872 afferens

2002 2885 2254 2954 subjecit,
2274 2896 2326 2942 et
2360 2890 2726 2962 quodcunque
2749 2896 2967 2964 quidem
3000 2898 3264 2958 divinitus
3296 2904 3577 2976 inspirata:

2001 2973 2294 3045 Scripturze
2303 2986 2358 3033 et
2370 2979 2640 3052 Evangelii
2656 2984 2864 3040 veritati
2879 2997 3303 3048 consentaneum
3318 2973 3579 3054 intellexit

1998 3073 2051 3120 et
2086 3065 2333 3125 theorice
2384 3075 2735 3147 practiceque
2776 3079 3136 3138 conformitcr
3170 3101 3415 3155 sensum,
3453 3091 3572 3146 ido-

2000 3156 2120 3212 neis
2151 3160 2505 3219 suasionibus
2547 3172 2601 3220 et
2649 3166 2899 3236 theoriis,
2929 3172 3088 3241 quasi
3120 3176 3370 3233 veritatis
3410 3179 3578 3235 advo-

1999 3255 2173 3312 catus,
2190 3251 2410 3309 admisit
2439 3256 2555 3310 suis
2585 3256 2638 3311 in
2670 3262 3159 3330 compositionibus
3192 3275 3245 3322 ct
3274 3274 3577 3329 sententias

1998 3340 2232 3412 recepit;
2284 3344 2654 3417 quodcunque
2696 3365 2827 3406 vero
2881 3354 2947 3408 ad
3001 3354 3213 3414 fabulas
3266 3370 3318 3416 et
3369 3366 3576 3419 erroris
3668 3437 3671 3440 _

1998 3430 2499 3508 destruetionisque
2535 3440 2765 3510 abyssos
2799 3443 3007 3501 ducens
3040 3454 3294 3518 cognovit
3320 3493 3334 3516 ,
3367 3459 3576 3525 respuit

1997 3523 2131 3578 etad
2156 3538 2285 3580 aves
2315 3527 2545 3597 rejccit;
2580 3531 2705 3587 aliis
2736 3547 2869 3604 ergo
2903 3536 3077 3606 ipsius
3105 3542 3331 3596 omnino
3362 3523 3572 3602 saluta-

1995 3613 2146 3669 ribus
2175 3615 2374 3673 divinis
2397 3618 2684 3690 colloquiis
2717 3623 2943 3690 addens,
2973 3627 3151 3683 adliuc
3180 3639 3235 3686 et
3264 3635 3570 3702 expositum

1994 3710 2388 3766 sententiosum
2435 3711 2593 3778 offert
2633 3713 2736 3770 sub
2773 3719 3156 3778 acrostichidis
3200 3722 3373 3780 forma
3406 3744 3568 3799 opus.

1993 3802 2138 3871 quod
2189 3802 2391 3858 bonum
2439 3804 2895 3864 oblectamentum
2935 3809 3231 3876 juvenibus
3256 3815 3374 3871 dari
3403 3819 3566 3875 dicit:

1993 3895 2197 3949 bonum
2224 3895 2442 3967 quidem
2469 3903 2652 3967 utpote
2675 3901 2920 3958 consiliis
2955 3903 3182 3962 utilibus
3212 3908 3568 3965 salutaribus-

1993 4000 2098 4054 que
2147 3986 2434 4052 refertum,
2481 3989 2939 4047 oblectamentum
2997 4011 3126 4051 vero
3175 4000 3404 4069 puerile,
3440 4006 3567 4072 quia

1992 4078 2214 4147 poetica:
2243 4086 2337 4134 aut
2368 4081 2606 4136 metricae
2634 4081 2928 4141 locutionis
2954 4093 3007 4140 et
3034 4088 3251 4158 phrasis
3282 4091 3351 4144 sit
3381 4108 3566 4163 comp—

1992 4179 2136 4234 tum,
2185 4171 2326 4226 sicut
2375 4171 2605 4242 juvenes
2655 4175 2807 4229 novit
2842 4191 2948 4230 non
2997 4193 3188 4249 parum
3233 4182 3470 4250 gaudere
3513 4193 3567 4240 et

1990 4259 2290 4330 gloriosum
2326 4261 2545 4318 habere.
2584 4263 2720 4319 illud
2763 4280 2891 4337 ergo
2925 4277 2974 4323 et
3029 4284 3166 4340 opus
3211 4286 3564 4333 coronantem

1988 4352 2218 4421 gratiam
2266 4356 2603 4424 nuncupavit
2654 4357 2810 4426 quasi
2859 4358 3020 4416 liuale
3057 4369 3114 4416 et
3161 4364 3383 4421 obvium
3434 4383 3565 4438 apo-

1990 4439 2278 4512 plithcgma
2315 4443 2523 4499 idoneis
2551 4447 2889 4504 amatoribus
2915 4457 2968 4504 et
2999 4451 3243 4521 mysticis
3263 4454 3564 4526 jucundum

1989 4545 2210 4602 parans.

1991 4706 2014 4759 i
2058 4705 2256 4762 Nudus
2290 4718 2427 4765 totus
2456 4711 2572 4766 vita:
2603 4713 2752 4767 καίεο
2776 4717 2992 4785 pelagus
3016 4759 3030 4781 ,
3068 4728 3173 4776 etc.

2061 4799 2208 4858 Mare
2251 4804 2469 4872 quidem
2514 4807 2904 4864 convenienter
2955 4813 3117 4883 hujus
3158 4819 3345 4874 nmudi
3397 4822 3560 4878 vitam

1989 4906 2095 4945 una
2150 4908 2274 4947 eum
2317 4892 2600 4966 Scriptura
2647 4908 2805 4954 vocat
2856 4903 2924 4956 ob
2976 4904 3150 4973 ipsius
3207 4907 3458 4975 instabile
3508 4925 3562 4969 et
3628 4960 3634 4967 .

1985 4983 2243 5038 versatile
2283 4992 2338 5039 et
2383 4989 2821 5056 tumultuosum,
2872 5001 3036 5066 atque
3081 4998 3152 5052 ob
3205 5003 3462 5058 acerbum
3507 5018 3562 5061 et

1986 5086 2231 5127 amarum
2285 5076 2491 5144 peccati
2550 5087 2604 5133 et
2652 5095 2748 5150 per
2805 5081 2934 5138 illud
2995 5087 3208 5162 mortis;
3257 5096 3564 5163 praescribit

1985 5179 2114 5235 ergo
2140 5165 2361 5234 sapiens
2397 5175 2708 5226 nostrarum
2741 5175 3071 5245 gubernator
3100 5183 3427 5249 animarum,
3459 5204 3561 5241 nu-

1990 5256 2089 5311 dos
2119 5272 2266 5313 mare
2289 5259 2419 5314 illud
2446 5269 2803 5329 transmeare,
2824 5268 2874 5323 id
2908 5280 3012 5336 est,
3045 5289 3309 5346 pauperes
3333 5287 3383 5331 et
3413 5280 3562 5333 curis

1990 5349 2111 5403 vita:
2138 5351 2441 5419 expeditos,
2473 5353 2619 5410 leves
2649 5369 2702 5411 et
2737 5359 2903 5430 agiles
2929 5368 3392 5422 transnatantihus
3411 5371 3563 5424 suni-

1989 5442 2070 5497 les
2121 5457 2228 5511 prae
2276 5443 2468 5512 spiritu
2517 5448 2768 5516 precibus
2817 5455 3087 5519 avolante,
3134 5472 3242 5526 prae
3277 5464 3460 5515 anima
3506 5473 3563 5518 et

2185 5627 2318 5714 (ἱρὴ
2336 5630 2606 5714 πολυρημ.
2623 5642 2744 5688 etv.
2762 5635 3069 5714 25_iisopr,p..
3095 5639 3155 5696 V.
3179 5656 3349 5696 Carm.
3369 5643 3418 5701 7.
3437 5660 3554 5714 sup,

2059 5696 2170 5768 (75)
2201 5698 2332 5754 (Iud.
2379 5696 2578 5756 itet‘uiit
2629 5696 3206 5779 παρσγέλειύῖδιεῃιτι
3237 5729 3288 5782 p.
3328 5696 3527 5780 “3,

3158 5853 3236 5915 25
