4030 6232
446 337 559 395 Ἴτε)

452 461 688 518 corpore
714 439 1147 512 temperantibus
1171 450 1269 493 nec
1294 451 1460 491 onere
1486 433 1765 506 gravibus;
1799 449 1868 488 ne
1895 434 2040 490 sicut

453 539 610 594 navis
643 534 829 590 nimiis
863 531 1050 586 mundi
1096 528 1339 583 materiis
1374 534 1427 581 et
1456 525 1817 596 cupiditatum
1856 524 2039 578 oneri-

455 631 562 683 bus
589 626 761 680 instar
793 621 1055 678 mercium
1095 626 1385 689 aggravata
1413 615 1652 686 peccatis
1682 627 1942 683 properes
1970 608 2039 664 ad

449 728 701 783 mortem,
723 713 1065 785 naufragium
1091 720 1143 767 et
1168 711 1222 765 in
1241 709 1440 763 ﬂuctus
1464 706 1892 777 depressionem.
1920 701 2037 757 Hoc

448 811 665 882 quidem
715 808 952 879 primunt
998 803 1396 859 sententiosum
1439 803 1790 869 praeceptum.
1824 793 2035 850 Secun-

446 902 614 955 dum:
658 912 875 967 semper
913 903 1040 950 ante
1071 892 1263 948 oculos
1302 894 1534 944 mortem
1570 883 1870 942 habeamus
1905 884 2036 939 hor-

449 998 614 1052 tatur,
634 999 687 1043 et
716 986 869 1058 quasi
899 991 1221 1055 pmsentem
1248 978 1662 1036 meminerimus
1685 977 1739 1031 in
1756 975 2034 1029 omnibus.

450 1081 542 1136 Sic
566 1080 710 1135 enim
737 1080 877 1149 ipsa,
901 1074 1100 1146 inquit,
1123 1074 1177 1128 in
1212 1070 1475 1127 memoria
1504 1077 1739 1132 servata,
1768 1065 1821 1119 in
1855 1065 1907 1120 vi
1937 1078 2036 1120 sua

448 1173 793 1236 absorbetur,
823 1178 876 1225 et
896 1176 953 1223 tu
986 1180 1094 1221 non
1129 1163 1417 1220 horrenda:
1454 1178 1557 1217 nec
1600 1157 1897 1215 tremenda:
1938 1172 2039 1212 nec

448 1266 721 1329 molestae,
752 1263 845 1317 sed
878 1262 1035 1315 victa:
1073 1266 1128 1313 et
1157 1262 1455 1312 mansuetae
1485 1267 1743 1308 occurres
1773 1258 1828 1306 et
1865 1250 2033 1305 dulci.

447 1355 730 1409 Tertium:
772 1367 1008 1423 semper,
1066 1349 1164 1415 ait,
1206 1362 1401 1403 navem
1443 1345 1557 1401 Deo
1602 1352 1754 1397 tuum
1791 1356 2037 1412 prarpara

447 1448 737 1518 spiritum;
761 1452 816 1499 et
837 1458 1039 1513 corpus
1062 1450 1115 1497 et
1136 1442 1371 1495 animam
1404 1453 1500 1509 per
1524 1436 1681 1492 ﬁdem
1711 1450 1819 1490 non
1854 1435 2036 1487 tietam

448 1549 503 1594 ct
562 1541 725 1609 digna
792 1536 896 1591 fide
930 1550 1125 1604 Opera;
1161 1534 1243 1588 sic
1292 1532 1440 1588 enim
1495 1529 1668 1583 Deum
1725 1528 1779 1582 in
1844 1527 2036 1580 intimo

451 1642 669 1701 pectore
688 1630 1109 1691 ﬁrmamentum,
1125 1633 1180 1680 et
1196 1624 1385 1689 robur,
1403 1631 1459 1679 et
1481 1621 1752 1692 refugium
1781 1634 2034 1689 magnum

456 1724 701 1779 habebis.
765 1721 992 1791 Insuper
1048 1732 1217 1773 nosce
1264 1717 1523 1787 teipsum,
1576 1728 1611 1769 ο
1659 1713 1884 1784 optime.
1930 1726 2031 1766 nec

453 1815 769 1870 memoriam
793 1813 1037 1884 deponas
1060 1809 1393 1865 conditionis
1432 1816 1569 1874 tuaa,
1598 1805 1744 1877 quod
1779 1820 1810 1859 a
1845 1804 1955 1859 Deo
1979 1812 2033 1858 et

451 1906 517 1961 ad
548 1905 722 1977 ipsius
744 1904 1036 1974 imaginem
1064 1902 1367 1973 plasmatus
1390 1898 1487 1965 sis,
1503 1908 1556 1954 et
1576 1896 2033 1968 cognosce,quis-

449 1997 574 2068 quis
607 1994 730 2060 fias,
760 1993 907 2066 quod
933 1993 1096 2047 homo
1121 1991 1300 2046 factus
1332 1991 1409 2046 sis
1433 1997 1487 2044 et
1516 2004 1625 2042 non
1652 1987 1796 2043 Deus
1823 2002 1853 2042 e
1887 1995 2033 2040 terra

450 2097 725 2159 sumptus;
758 2099 886 2142 caro
922 2084 1091 2149 enim,
1133 2096 1162 2135 ιι
1198 2081 1306 2136 Deo
1335 2094 1466 2135 vero
1504 2078 1838 2149 spiraculum
1880 2090 2035 2131 acce-

450 2180 596 2250 pisti,
630 2179 856 2249 spiritus
885 2176 1029 2233 enim
1061 2190 1123 2231 es
1152 2174 1297 2242 ;hoc
1332 2172 1512 2227 sciens
1553 2178 1608 2225 et
1648 2171 2032 2239 plasmatorern

450 2270 748 2324 honorabis
763 2269 835 2324 ob
853 2269 1107 2339 gratiam,
1129 2274 1182 2322 et
1207 2266 1496 2322 elationem
1518 2263 1692 2334 fugies
1714 2263 1785 2316 ob
1801 2271 2027 2329 terram;

449 2361 530 2417 sic
558 2362 877 2417 humiliatus
908 2360 1062 2430 ipse,
1096 2356 1489 2430 proutjustum
1513 2364 1595 2411 est
1617 2394 1632 2420 ,
1663 2356 1912 2409 exaltans
1942 2371 2035 2411 au-

450 2461 559 2508 tem
602 2452 1004 2508 benefactorem
1026 2490 1041 2514 ,
1072 2449 1308 2506 faciliter
1340 2449 1409 2503 ad
1445 2448 1647 2503 bonum
1680 2446 2032 2519 archetypum

451 2544 759 2615 pervenies,
792 2543 846 2598 in
884 2541 1037 2614 praxi
1073 2542 1311 2613 teipsum
1339 2538 1670 2602 humilians,
1708 2538 1762 2591 in
1798 2539 2033 2593 medita-

448 2638 595 2695 tione
628 2650 757 2693 vero
784 2634 1102 2692 Creatorem
1135 2633 1382 2689 exaltans
1414 2638 1470 2689 et
1496 2630 1890 2701 contemplans.

448 2850 482 2903 9
522 2847 643 2905 Dies
672 2847 740 2902 ad
765 2845 902 2901 diem
928 2854 975 2899 te
1005 2842 1344 2910 transmittit,
1377 2853 1483 2898 etc.

520 2959 877 3031 Unaquzeque
899 2957 1020 3012 dies
1039 2956 1358 3027 przetcricns
1372 2956 1623 3024 sequenti
1650 2963 1703 3009 te
1730 2953 1881 3010 ducit
1898 2954 2031 3022 dici;

446 3053 702 3122 quisquis
751 3065 884 3119 ergo
920 3048 1058 3103 levis
1111 3056 1165 3101 et
1197 3050 1524 3102 inconstans
1578 3046 1778 3116 spiritu
1822 3053 1877 3100 et
1922 3062 2033 3101 non

447 3148 792 3212 compactus,
821 3138 953 3208 ligni
990 3135 1128 3192 levis
1166 3136 1339 3191 instar
1375 3152 1404 3189 a
1444 3137 1617 3192 maris
1654 3137 1830 3191 fluctu
1877 3139 2032 3193 volu-

447 3241 597 3287 tatur
625 3240 681 3287 et
711 3232 979 3301 jactatur,
1010 3229 1148 3283 alias
1176 3227 1242 3281 ad
1280 3228 1386 3281 alia
1416 3229 1656 3299 cogitata
1703 3238 1925 3285 mutans
1974 3239 2028 3285 et

447 3338 653 3395 opera;
705 3322 835 3375 dum
868 3319 1263 3391 quiconstanti
1295 3326 1349 3373 ct
1384 3320 1539 3373 firma
1563 3321 1840 3374 sententia
1885 3320 2031 3376 sicut

447 3423 603 3487 petra
647 3416 815 3470 verbo
859 3413 1113 3469 veritatis
1161 3412 1411 3467 firmatur
1446 3421 1500 3466 ct
1542 3413 1821 3479 consistit,
1857 3414 2030 3469 indis-

446 3507 741 3565 solubilem
786 3515 841 3561 et
879 3514 1294 3575 permanentem
1349 3506 1403 3559 in
1440 3504 1623 3573 seipso
1657 3506 1803 3560 diem
1842 3506 2028 3571 habet,

449 3600 685 3654 humana
718 3598 959 3653 transire
992 3604 1051 3649 ut
1082 3596 1274 3651 volunt
1301 3596 1369 3651 ab
1401 3594 1546 3649 infra
1571 3596 1723 3663 sinit,
1755 3598 1872 3668 ipse
1901 3613 2031 3654 vero

445 3693 589 3749 diem
642 3705 810 3745 unam
861 3689 1114 3745 stabilem
1172 3703 1337 3759 super
1391 3686 1605 3743 dierum
1654 3688 2030 3760 humanorum

446 3781 615 3836 millia
650 3790 706 3836 et
740 3780 1106 3836 azternitatem
1142 3794 1308 3834 unam
1348 3794 1642 3849 perennem
1682 3789 1850 3852 atque
1888 3790 1990 3837 tem
2013 3807 2041 3826 ο

447 3886 549 3942 pus
586 3886 699 3926 non
785 3868 1003 3927 elabens
1073 3871 1285 3927 habens
1330 3870 1520 3935 Deum,
1562 3873 1788 3927 ﬁrmiter
1822 3882 1876 3929 et
1902 3877 2027 3928 abso
2063 3941 2075 3950 θ

443 3977 552 4032 que
592 3961 979 4017 vicissitudine
1015 3962 1069 4015 in
1108 3962 1229 4032 ipso
1262 3962 1620 4030 obfirmatur;
1651 3994 1718 4003 ——
1750 3965 2029 4035 quomodo

443 4051 589 4108 enim
639 4051 940 4107 confideret
1002 4053 1057 4107 in
1109 4053 1195 4107 his
1238 4053 1331 4123 qui
1382 4053 1585 4107 abeunt
1643 4064 1698 4109 et
1753 4055 1865 4125 jam
1916 4072 2025 4111 non

444 4145 615 4202 sunt?
637 4175 706 4185 —
738 4143 848 4200 Nec
886 4145 942 4199 in
974 4146 1326 4201 venientibus
1358 4146 1617 4200 fiduciam
1643 4146 1811 4200 habet
1844 4154 1899 4202 et
1932 4162 2028 4218 ap-

446 4237 960 4309 propinquantibus,
1005 4238 1190 4293 sciens
1236 4238 1383 4307 qqu
1459 4238 1670 4308 pariter
1716 4254 1843 4293 eum
1903 4239 2026 4310 ipso

446 4330 559 4383 lucc
588 4328 766 4394 ibunt,
802 4329 1119 4384 transibunt
1149 4336 1203 4383 et
1237 4344 1514 4400 nusquam
1547 4334 1733 4384 erunt.
1763 4329 1867 4394 Qui
1891 4346 2026 4402 ergo

442 4417 665 4476 conﬁdit
700 4419 754 4474 in
796 4419 916 4475 istis
947 4428 1002 4475 et
1036 4427 1249 4490 sperat,
1303 4421 1445 4474 sciat
1479 4435 1540 4476 se
1589 4420 1645 4475 in
1691 4418 1858 4475 ﬂuvio
1897 4436 2026 4492 pro-

441 4508 641 4566 ﬂuente
668 4509 949 4566 confidere
993 4507 1143 4578 quod
1190 4523 1410 4579 semper
1442 4518 1696 4564 moretur
1726 4518 1781 4565 et
1825 4513 2025 4566 transit

442 4617 542 4657 nec
576 4618 814 4673 unquam
874 4601 1090 4655 ﬁrmum
1125 4614 1351 4654 manere
1395 4609 1614 4670 potest;
1657 4616 1850 4656 verum
1896 4618 2021 4656 cum

440 4694 551 4749 duo
583 4696 697 4750 haec
729 4696 841 4750 sint
869 4694 1010 4750 inter
1043 4709 1165 4766 qua:
1195 4692 1579 4765 appretiantur
1609 4693 1813 4748 bonum
1831 4701 1884 4749 et
1912 4708 2020 4748 ma-

442 4785 577 4850 lum,
615 4785 826 4855 justum
857 4794 912 4840 et
944 4784 1237 4855 iniustum,
1274 4782 1440 4839 vitam
1469 4783 1594 4838 dico
1628 4789 2023 4846 etsermonem,

440 4882 536 4927 aut
564 4877 803 4944 praxim,
829 4884 886 4932 et
916 4875 1341 4945 theoriam,'par
1372 4873 1506 4928 mihi
1553 4874 1783 4942 malum,
1814 4875 2018 4945 inquit,

440 4963 551 5019 vita
584 4972 638 5019 et
676 4965 890 5037 loquela
940 4966 1265 5022 criminosa.
1299 4963 1513 5019 Etenim
1560 4962 1672 5017 vita
1700 4964 1916 5035 impura
1964 4971 2020 5020 et

440 5052 712 5109 scelerata
788 5064 841 5110 et
897 5071 1130 5113 manens
1204 5053 1570 5111 correctionis
1629 5054 1882 5126 incapax,
1962 5054 2017 5109 in

440 5146 680 5200 haereses
724 5145 982 5201 mortales
1043 5155 1099 5203 et
1155 5162 1441 5203 sermones
1511 5147 1917 5202 contaminatos
1963 5155 2018 5201 et

438 5236 809 5309 blasphemias
838 5237 1152 5308 praecipitat
1181 5246 1521 5309 peccantem.
1556 5238 1622 5295 Et
1650 5252 1831 5294 sermo
1851 5254 1881 5292 a
1914 5238 2020 5293 fide

437 5329 742 5394 deducens,
778 5328 1005 5384 haeresis
1034 5328 1217 5384 fautor
1266 5330 1332 5385 ad
1373 5328 1828 5388 scclestissimam
1876 5328 2019 5399 rapit

437 5423 628 5477 vitam.
682 5423 741 5478 ιιι
802 5438 1135 5495 quocunque
1193 5422 1389 5479 horum
1451 5430 1768 5496 perseveret
1818 5422 2020 5494 aliquis

433 5515 789 5586 eampiacens
820 5514 923 5572 sibi
964 5524 1369 5585 consequenter
1391 5524 1445 5572 et
1474 5516 1529 5571 in
1565 5515 1798 5572 alterum
1834 5514 2015 5571 cadet.

434 5602 770 5663 Eontumelia
788 5624 908 5664 eum
941 5610 1029 5681 qui
1058 5608 1298 5678 impurus
1318 5616 1423 5675 est,
1458 5617 1512 5663 et
1543 5622 1662 5678 seq.

506 5695 664 5751 Sicut
692 5715 827 5769 pura
859 5716 1093 5771 corpora
1125 5708 1179 5755 et
1225 5706 1415 5756 sancta
1443 5700 1512 5753 ad
1544 5708 1739 5755 sancta
1774 5706 1828 5754 et
1876 5712 2015 5769 pura

438 5787 692 5846 accedere
721 5800 935 5862 Oportet
957 5800 1011 5849 et
1042 5791 1222 5851 sacris
1244 5792 1395 5864 fungi
1431 5790 1647 5861 omciis,
1682 5791 1761 5848 sic
1791 5799 2007 5863 oportet

1818 316 2113 375 NICETAS
2179 313 2389 371 DAVID

3638 314 3745 370 780

2150 428 2517 502 πτερουμένου
2570 430 2891 502 προσευχαῖς
2915 469 2932 494 ,
2982 426 3070 483 διὰ
3115 424 3301 500 ψυχῆς
3343 430 3440 486 καὶ
3492 429 3748 502 σώματος

2150 522 2451 593 ἐγκρατοῦς
2491 521 2584 575 καὶ
2626 520 2889 592 ἀϐαροῦς,
2924 522 3012 576 ἴνα
3058 521 3132 593 μὴ
3172 522 3248 587 ὼς
3284 524 3416 587 ναῦς
3462 524 3601 593 ἄγαν
3645 525 3746 589 τὰς

2148 611 2281 676 ὕλας
2305 611 2397 665 τοῦ
2426 611 2632 682 κόσμου
2666 611 2758 664 καὶ
2796 610 2865 663 τὰ
2904 609 3044 682 βάρη
3086 609 3196 665 τῶν
3224 612 3524 684 ἀγωγίμων
3552 613 3749 667 παθῶν

2149 702 2578 775 πεφορτισμένη,
2610 702 2842 773 ἑτοίμως
2885 704 3007 766 ταῖς
3058 702 3353 775 ἁμαρτίαις
3396 704 3477 767 εἰς
3515 702 3748 758 θάνατον

2147 796 2467 851 καταδύοιτο
2524 794 2620 847 καὶ
2670 792 3137 857 καταποντίζοιτο.
3177 794 3349 848 Τοῦτο
3384 794 3485 864 μὲν
3526 796 3748 867 πρῶτον

2147 887 2513 960 παράγγελμα
2537 887 2843 957 γνωμικόν·
2866 886 3138 958 δεύτερον,
3178 886 3267 941 ἀεὶ
3310 887 3417 959 πρὸ
3448 887 3753 958 ὀψθαλμῶν

2146 977 2289 1049 ἐχειν
2321 975 2411 1030 τὸν
2444 976 2670 1032 θάνατον
2703 977 3014 1047 παρεγγυᾷ,
3050 976 3144 1029 καὶ
3167 975 3242 1040 ὼς
3264 976 3428 1030 αὑτοῦ
3460 978 3747 1049 παρεστῶ-

2145 1086 2237 1133 τος
2267 1067 2674 1140 μιμνήσκεσθαι
2703 1067 2791 1121 διὰ
2822 1066 3039 1131 παντός.
3073 1066 3231 1122 Οὕτω
3258 1066 3390 1141 γὰρ,
3426 1071 3609 1139 ςησὶν,
3642 1070 3743 1123 αύμ-

2143 1159 2234 1224 τός
2266 1177 2324 1213 τε
2363 1160 2831 1230 μνημονευόμενος
2865 1158 3143 1223 ἐξασθενεῖ
3173 1160 3270 1213 καὶ
3318 1161 3382 1214 σὺ
3423 1161 3483 1214 ού
3527 1161 3747 1233 φρικτῷ

2144 1251 2317 1323 τούτῳ
2370 1250 2488 1304 ούδέ
2538 1250 2749 1321 φοϐερῷ
2799 1249 2894 1303 καὶ
2945 1249 3207 1321 χαλεπῷ,
3253 1250 3368 1304 ἀλλ’
3417 1251 3601 1321 ἥττονι
3648 1253 3749 1307 καὶ

2144 1344 2337 1415 ἡμέρῳ
2385 1342 2756 1413 ἀντιϐολήσεις
2804 1342 2897 1395 καὶ
2949 1341 3097 1413 ἡδεῖ’
3146 1341 3367 1413 τρίτον,
3417 1344 3525 1406 ἀεὶ,
3580 1344 3742 1414 φησὶ,

2143 1434 2269 1489 ναὸν
2302 1434 2381 1505 τῷ
2404 1434 2523 1505 Θεῷ
2549 1434 2638 1487 τὸν
2679 1433 2771 1488 σὺν
2812 1433 3187 1497 κατασκεύαζε
3218 1433 3364 1500 νοῦν,
3413 1436 3508 1488 καὶ
3555 1436 3742 1506 σῶμα,

2144 1526 2238 1579 καὶ
2284 1525 2461 1597 ψυχὴν
2508 1526 2576 1578 δι’
2624 1524 2948 1598 εἰλικρινοῦς
2995 1526 3232 1590 πίστεως
3279 1526 3375 1581 καὶ
3427 1528 3593 1594 ἀξίων
3636 1530 3744 1597 τῆς

2144 1614 2379 1677 πίστεως
2422 1614 2600 1684 ἔργων
2640 1613 2878 1685 δηλαδή·
2928 1611 3073 1666 οὕτω
3113 1612 3223 1684 γὰρ
3265 1613 3334 1666 ἂν
3378 1613 3539 1667 αὐτὸν
3588 1612 3743 1667 ἔνδον

2141 1705 2243 1775 τῆς
2291 1705 2391 1776 σῆς
2436 1705 2579 1775 ἔχοις
2629 1701 2858 1773 καρδίας
2916 1706 3216 1778 στήριγμα,
3276 1706 3602 1778 κραταίωμα
3643 1707 3742 1760 καὶ

2135 1796 2335 1867 θάρσος
2385 1797 2546 1868 μέγα.
2602 1797 2747 1868 Πρὸς
2791 1797 3002 1862 τούτοις
3032 1798 3199 1867 γνῶθι
3253 1798 3497 1865 σεαυτὸν,
3531 1793 3577 1852 ὦ
3609 1799 3739 1869 βέλ-

2139 1906 2311 1957 τιστε,
2338 1891 2433 1943 καὶ
2460 1890 2535 1961 μὴ
2571 1889 2774 1958 ἀγνόει,
2807 1890 2889 1943 ὃτι
2929 1891 2992 1943 ἐκ
3021 1888 3115 1943 τοῦ
3151 1888 3288 1943 Θεοῦ
3323 1892 3419 1946 καὶ
3459 1892 3598 1944 κατά
3635 1891 3747 1961 τὴν

2142 1980 2355 2035 ἐκείνου
2395 1982 2579 2035 είκόνα
2633 1979 2989 2051 διεπλάσθης·
3045 1980 3141 2035 καὶ
3187 1980 3538 2049 ἐπιγίνωσκε,
3584 1982 3739 2041 ὅστις

2134 2072 2392 2145 ἐτύχθης,
2421 2074 2503 2127 ὅτι
2539 2072 2823 2143 ἄνθρωπος
2860 2073 3107 2141 γέγονας,
3142 2074 3237 2126 καλ⁵
3269 2072 3333 2125 οὐ
3376 2072 3528 2135 Θεὸς,
3561 2071 3749 2142 γῆθεν

2136 2163 2237 2230 μὲν
2280 2162 2535 2233 ληφθείς·
2590 2162 2727 2234 σὰρξ
2784 2162 2920 2235 γάρ·
2975 2162 3157 2217 θεόθεν
3212 2162 3268 2217 δὲ
3334 2164 3729 2234 ἐμπνευοθείς·

2133 2254 2357 2326 πνεῦμα
2395 2256 2522 2325 γάρ.
2556 2254 2725 2309 Τοῦτο
2769 2251 2863 2309 οῦν
2894 2255 3070 2321 είδὼς,
3119 2256 3215 2310 καὶ
3254 2256 3347 2311 τὸν
3380 2256 3627 2327 Πλάστην
3651 2275 3739 2311 ττ-

2137 2351 2331 2420 μήσεις
2354 2347 2444 2401 διὰ
2466 2347 2566 2420 τὴν
2593 2349 2773 2421 χάριν,
2799 2348 2893 2401 καὶ
2928 2346 3025 2419 τὴν
3068 2348 3299 2420 ἔπαρσιν
3333 2348 3503 2422 φεύξῃ
3525 2349 3612 2402 διὰ
3639 2348 3740 2401 τόν

2134 2438 2295 2511 χοῦν·
2359 2438 2500 2494 οὓτω
2546 2438 2605 2491 δὲ
2653 2438 3077 2510 ταπεινούμενος
3121 2438 3221 2510 μὲν
3264 2439 3446 2505 αὐτὸς,
3474 2439 3548 2503 ὡς
3578 2436 3739 2503 ἄξιόν

2135 2534 2305 2596 ἐστιν,
2343 2530 2496 2601 ὑψῶν
2524 2530 2581 2585 δὲ
2606 2530 2697 2585 τὸν
2740 2529 3055 2602 εὐεργέτην,
3088 2530 3241 2601 ῥᾷστ’
3270 2529 3337 2584 ἂν
3379 2529 3473 2584 τοῦ
3507 2529 3737 2601 ἀρχετύτ

2135 2639 2237 2676 που
2273 2624 2734 2694 κατευστοχήσαις
2784 2622 2977 2688 καλοῦ,
3023 2622 3224 2693 πράξει
3261 2623 3360 2693 μὲν
3408 2622 3599 2677 ἐαυτὸν
3632 2639 3734 2677 τα-

2136 2714 2359 2781 πεινῶν,
2395 2713 2598 2788 θεωρίᾳ
2625 2715 2682 2768 δὲ
2707 2714 2798 2769 τὸν
2832 2714 3073 2787 Ποιητὴν
3099 2715 3249 2785 ὑψῶν
3270 2714 3367 2769 καὶ
3394 2715 3643 2787 θεωρῶν.

2134 2840 2168 2895 9
2195 2836 2384 2911 Ἦμαρ
2413 2841 2506 2895 ἐπ’
2535 2837 2693 2911 ἦμαρ
2726 2841 2854 2911 ἄγει
2878 2857 2974 2909 σε,
3005 2849 3113 2897 etc.

2216 2950 2453 3023 Ἐκάστη
2491 2952 2672 3023 ἡμέρα
2724 2950 2955 3017 διιοῦσα,
2990 2955 3057 3024 τῇ
3090 2951 3324 3025 ἐπιούσῃ
3367 2955 3634 3026 προσάγει
3659 2972 3726 3012 σε

2132 3042 2337 3113 ἡμέρᾳ.
2373 3043 2566 3106 Ὅστις
2627 3039 2720 3097 οὖν
2750 3044 2983 3116 ἐλαφρὸς
3014 3044 3111 3097 καὶ
3155 3044 3411 3109 ἀϐέϐαιος
3444 3046 3595 3099 πέλει
3628 3047 3732 3099 τὸν

2134 3132 2259 3187 νοῦν
2286 3132 2381 3186 καὶ
2425 3133 2665 3205 ἀπαγὴς,
2700 3129 2853 3189 οἷάτι
2889 3134 3045 3200 ξύλον
3072 3133 3275 3204 κοῦςον
3311 3136 3403 3189 ἐπὶ
3435 3134 3731 3191 θαλαττίου

2134 3225 2377 3297 κύματος
2403 3225 2711 3280 κυλίνδεται
2735 3230 2831 3281 καὶ
2859 3229 3245 3301 μεταφέρεται,
3271 3230 3442 3284 ἄλλοτ’
3465 3227 3555 3281 ἐπ’
3579 3229 3733 3285 ἄλλα·

2134 3319 2380 3388 νοήματα
2420 3318 2817 3390 μεθιστάμενος
2847 3320 2942 3373 καὶ
2965 3322 3265 3393 πράγματα
3285 3338 3298 3351 ο
3329 3321 3385 3384 ὃς
3414 3320 3593 3391 μέντοι
3615 3321 3718 3373 εύ-

2132 3414 2299 3479 παγεῖ
2328 3411 2422 3464 καὶ⁵
2447 3411 2641 3483 βεϐαίᾳ
2665 3412 2858 3484 γνώμῃ
2891 3413 2966 3476 ὡς
2998 3414 3173 3486 πέτρᾳ
3196 3413 3268 3484 τῷ
3292 3412 3431 3483 λόγῳ
3460 3412 3559 3481 τῆς
3574 3412 3722 3485 ἀλη-

2133 3501 2281 3565 θείας
2314 3503 2522 3572 ἵδρυται
2552 3505 2646 3558 καὶ
2673 3504 2940 3575 πέπηγεν.
2980 3505 3170 3560 ἀλυτον
3205 3506 3434 3577 ἔχεικαὶ
3470 3506 3726 3563 ἑστῶσιν

2132 3597 2189 3649 ἐν
2216 3594 2391 3666 ἑαυτῷ
2446 3596 2678 3667 ἡμέραν,
2732 3596 2799 3650 τά
2844 3596 3161 3669 ἀνθρώπινα
3194 3598 3293 3667 μὲν
3330 3599 3465 3669 ῥεῖν,
3499 3599 3571 3662 ὡς
3597 3598 3727 3652 ἐθέ-

2128 3686 2299 3751 λουσι,
2330 3689 2481 3742 κάτω
2516 3690 2753 3761 παριεὶς,
2788 3690 2949 3755 αὐτὸς
2975 3692 3029 3744 δὲ
3059 3692 3151 3745 καὶ
3185 3692 3403 3764 ἡμέραν
3432 3694 3560 3765 μίαν
3589 3694 3727 3747 ἀσά-

2129 3776 2314 3829 λευτον
2358 3777 2499 3849 ὑπὲρ
2536 3778 2783 3847 χιλιάδας
2813 3779 2922 3833 τῶν
2951 3779 3309 3851 ἀνθρωπίνων
3345 3781 3589 3852 ἡμερῶν,
3622 3785 3723 3835 καὶ

2130 3866 2301 3921 αἰῶνα
2330 3868 2427 3921 ἕνα
2457 3868 2796 3922 ἀκατάλυτον
2833 3870 2928 3923 καὶ
2952 3870 3142 3941 χρόνον
3170 3872 3431 3942 ἄρευστον
3467 3872 3604 3942 ἔχων
3625 3872 3721 3925 τὸν

2128 3955 2280 4021 Θεὸν,
2330 3956 2541 4023 παγίως
2596 3957 2861 4028 ἦδρασται
2916 3958 3013 4012 καὶ
3058 3960 3411 4030 ἀμεταθέτως
3444 3962 3501 4015 ἐν
3541 3961 3731 4032 αύτῴσ

2130 4048 2269 4119 (πῶς
2298 4050 2405 4121 γὰρ
2430 4052 2539 4109 τοῖς
2558 4050 2872 4116 ἀπελθοῦσι,
2902 4051 2994 4104 καὶ
3020 4053 3217 4122 μηκέτι
3273 4047 3478 4123 suam)
3513 4052 3633 4106 οὔτε
3657 4054 3720 4107 δὲ

2126 4143 2239 4204 τοῖς
2275 4141 2662 4213 ἐπερχομένοις
2697 4141 3111 4213 ἐπιστηρίζεται
3140 4146 3233 4197 καὶ
3258 4144 3525 4212 ἐπιοῦσιν,
3555 4146 3733 4213 εἰδὼς

2128 4232 2202 4299 ὡς
2230 4233 2515 4288 καὶταῦτα
2538 4234 2653 4303 ἅμα
2682 4252 2741 4287 τε
2774 4234 3051 4289 ἐλεύσεται
3095 4236 3188 4288 καὶ
3213 4236 3591 4301 ἀπελεύσεται,
3619 4240 3725 4293 καὶ

2126 4326 2308 4379 οὐκέτι
2350 4326 2521 4380 ἔσται.
2554 4327 2748 4381 Τοίνυν
2787 4330 2816 4380 ό
2860 4331 2972 4391 τοῖς
3019 4328 3278 4394 τοιούτοις
3312 4330 3587 4394 πεποιθὼς
3616 4333 3719 4386 καὶ

2126 4418 2478 4488 ἐπηλπικὼς,
2520 4419 2654 4473 ἴστω
2712 4420 2946 4491 ῥεύματι
3004 4423 3257 4495 ποταμίῳ
3306 4424 3713 4489 πεπιστευκὼς,

2126 4509 2213 4563 ἀεὶ
2267 4509 2365 4580 μὲν
2422 4512 2725 4580 κινουμένῳ
2782 4512 2876 4564 καὶ
2915 4512 3345 4583 παρερχομένῳ,
3413 4513 3533 4566 ούδέ
3578 4532 3717 4567 ποτε

2125 4599 2480 4671 στηριχθῆναι
2524 4600 2825 4671 δύναμένῳ.
2866 4603 3023 4655 Δυοϊν
3055 4602 3111 4655 δὲ
3133 4602 3336 4656 τούτων
3377 4603 3577 4668 όντων,
3629 4599 3729 4669 οἷς

2122 4690 2150 4744 ὃ
2179 4708 2235 4744 τε
2267 4691 2468 4761 ἀγαθὸς
2523 4691 2617 4745 καὶ
2648 4693 2838 4757 κακδς,
2886 4693 2915 4745 ὅ
2956 4710 3014 4746 τε
3045 4692 3253 4758 δίκαιος
3308 4696 3403 4749 καὶ
3444 4698 3472 4749 ό
3522 4696 3718 4762 ἄδικος

2121 4781 2608 4855 χαρακτηρίζεται,
2643 4782 2759 4853 βίου
2807 4784 2951 4855 φημὶ
2980 4776 3044 4849 δὴ
3074 4785 3168 4840 καὶ
3194 4785 3371 4855 λόγου,
3411 4788 3529 4859 ἦτοι
3558 4790 3712 4860 πρά-

2122 4874 2257 4941 ξεως
2287 4876 2381 4930 καὶ
2435 4875 2687 4947 θεωρίας,
2728 4875 2839 4928 ἴσον
2873 4876 3018 4946 ἐμοὶ,
3064 4878 3220 4950 φησι,
3261 4880 3429 4934 κακὸν
3460 4880 3571 4950 βίος
3612 4884 3715 4936 καῖ

2119 4967 2277 5038 λόγος
2323 4966 2559 5039 ἀλιτρός.
2596 4968 2665 5020 ’⁸0
2707 4983 2765 5020 τε
2800 4966 2908 5039 γὰρ
2948 4968 3083 5040 βίος,
3137 4970 3444 5043 ἀκάθαρτος
3473 4971 3569 5037 ὣν,
3612 4976 3717 5028 καὶ

2123 5059 2339 5131 μιαρὸς,
2389 5058 2484 5113 καὶ
2532 5058 2710 5131 μένων
2764 5059 3110 5132 ἀδιόρθωτος,
3143 5063 3222 5126 εἰς
3243 5063 3517 5129 ἀπωλείας
3546 5065 3711 5139 αἱρέ-

2123 5167 2235 5214 σεις
2264 5149 2360 5203 καὶ
2386 5149 2578 5218 λόγους
2629 5150 2841 5218 ἐναγεῖς
2880 5153 2975 5206 καὶ
3023 5153 3377 5225 βλασφήμους
3424 5157 3721 5212 ύπολισθείν

2118 5242 2210 5295 τὸν
2235 5241 2617 5313 ἀμαρτάνοντα
2644 5259 2655 5272 ·
2676 5243 2704 5296 ὅ
2723 5260 2783 5296 τε
2816 5242 2995 5312 λόγος,
3017 5245 3116 5316 τῆς
3147 5246 3382 5311 πίστεως
3399 5248 3715 5323 ἐξεστραμρ-

2122 5334 2300 5406 μένος,
2338 5334 2431 5388 καὶ
2476 5335 2803 5410 αἱρεσιώτης
2863 5338 2962 5403 ὢν,
3005 5340 3085 5401 εἰς
3144 5338 3551 5410 μυσαρώτατονυ
3583 5342 3710 5414 βίον

2119 5427 2395 5497 κατασπᾷ.
2460 5426 2738 5501 ὐποτέρῳ
2792 5424 2885 5483 οῦν
2943 5429 3148 5484 τούτων
3178 5432 3542 5504 τις-ἐπιμένοι
3572 5451 3715 5490 συν-

2118 5517 2394 5591 ηδόμενος,
2424 5518 2733 5584 ἀκολούθως
2761 5520 2856 5574 καὶ
2885 5520 2962 5591 τῷ
2986 5520 3161 5595 ἑτέρῳ
3183 5524 3499 5595 περιπέσοι.

2122 5612 2310 5679 Ὕϐρις
2336 5610 2600 5681 ἄναγνον
2626 5612 2825 5680 ἐόντα,
2843 5630 2898 5669 κ.
2921 5630 2971 5667 τ.
2997 5614 3042 5667 ἐ.

2189 5702 2397 5773 Ὠσπερ
2422 5702 2487 5757 τὰ
2516 5701 2729 5773 καθαρά
2764 5704 2989 5774 σώματα
3017 5706 3112 5760 καὶ
3138 5706 3268 5776 ἀγια
3297 5710 3409 5773 τοῖς
3435 5710 3702 5783 καθαρλς

2117 5796 2209 5851 καὶ
2234 5794 2407 5866 ἁγίοις
2438 5794 2719 5865 προσιέναι
2740 5796 2846 5868 χρὴ
2873 5798 2963 5852 καὶ
2996 5797 3345 5875 λειτουργεῖν,
3368 5800 3541 5867 οὕτως
3564 5802 3699 5856 ἀκό-
