4030 6232
469 308 584 367 7385

466 433 693 488 unicam
735 424 1074 483 divinitatem
1095 437 1440 495 comparare,
1481 422 1741 495 sicutper
1769 426 2056 494 speculum

476 526 753 579 sincerum
804 518 1009 588 spiritu
1064 517 1500 586 conspicientem
1540 525 1598 573 et
1647 517 1703 571 in
1757 517 1937 586 ipsum
1978 512 2061 569 in-

466 619 738 676 tuentem,
763 617 963 666 cuncta
982 616 1167 664 autem
1197 616 1254 663 et
1288 608 1434 664 hunc
1448 607 1872 679 corruptibilem
1901 621 2063 659 mun-

478 706 604 760 dum
634 711 689 758 et
717 716 841 773 quae
866 702 921 757 in
951 716 1020 756 eo
1058 701 1249 757 multis
1268 700 1617 756 aestimantur
1656 714 1879 770 magna,
1936 712 2062 751 ara-

470 810 711 853 nearum
744 794 875 850 telis
920 792 1206 862 fragilibus
1260 799 1318 845 et
1374 789 1578 845 vitiatis
1621 790 1825 844 similia
1870 787 2060 857 despi-

478 903 643 954 cere;
670 900 908 955 namque
941 892 1141 939 cuncta
1165 882 1393 937 omnino
1426 882 1553 935 vita:
1592 880 1877 935 hominum
1914 880 2060 935 bona

478 986 741 1033 extranea
777 984 832 1030 et
881 976 1061 1030 aliena
1109 972 1385 1036 videntur,
1435 972 1551 1027 sola
1598 972 1781 1026 virtus
1822 970 2061 1025 humana

479 1077 583 1132 est,
617 1067 842 1136 solaque
891 1065 1186 1135 prtesentis
1225 1062 1534 1118 subsidium
1578 1061 1702 1116 vitae
1751 1070 1809 1115 et
1853 1062 2062 1116 utilitas

480 1166 675 1219 anima:
697 1182 713 1217 :
737 1163 842 1218 hoc
859 1168 914 1218 et
937 1162 1116 1231 ipsum
1148 1162 1529 1232 incorruptmn
1550 1169 1603 1214 et
1626 1159 1939 1213 immortale
1962 1159 2060 1213 Dei

480 1256 704 1311 verbum
734 1254 992 1309 omnibus
1022 1253 1238 1323 populis
1288 1254 1513 1316 clamat,
1557 1250 1794 1321 illosque
1841 1265 2060 1304 cenvo-

479 1357 568 1403 cat
589 1366 603 1401 :
627 1348 790 1419 agite,
822 1362 1035 1412 omnes,
1061 1347 1268 1409 venite,
1311 1346 1382 1400 ad
1410 1344 1703 1399 Trinitatis
1739 1360 1907 1414 super
1948 1359 2064 1398 ca:-

482 1443 564 1497 los
590 1442 840 1497 exaltata:
868 1440 1238 1511 cognitionem
1254 1440 1721 1511 expergiscimini,
1752 1447 1807 1493 et
1832 1440 2063 1495 univer-

484 1550 605 1588 sum
669 1531 939 1589 mundum
968 1543 1021 1586 et
1054 1546 1178 1602 qua:
1216 1532 1273 1585 in
1302 1546 1368 1586 eo
1406 1538 1537 1585 sunt
1581 1538 1839 1600 tanquam
1882 1532 2064 1586 aliena

482 1631 855 1687 transeuntes,
881 1637 976 1692 per
1023 1622 1249 1676 verbum
1294 1628 1349 1676 et
1392 1622 1911 1692 contemplationem
1968 1638 2065 1679 ve-

480 1730 657 1775 strum
673 1718 935 1789 requirite
957 1718 1185 1775 bonum.

486 1968 559 2023 55
596 1966 785 2021 Ponite
822 1965 874 2019 in
925 1963 1022 2019 ltoc
1052 1963 1311 2026 animum,
1361 1968 1619 2030 quotquot
1670 1959 1796 2030 vita:
1823 1967 2065 2012 sanctum

1354 2029 1679 2153 gronjugiuru
1722 2029 1983 2097 alligavit,

1024 2101 1133 2153 ibus
1157 2100 1352 2153 cmlesti
1389 2116 1449 2153 us
1484 2100 1791 2153 ampliorem
1824 2099 1983 2153 fructi

490 2106 561 2163 54
682 2104 749 2160 Ut
781 2101 1133 2159 torcularibus
1157 2099 1449 2157 cmlestibus
1484 2100 1809 2240 ampliorlem,
1823 2099 2054 2221 {mictum

1727 2185 1781 2221 ιιι
1804 2184 1895 2222 era
1923 2185 1991 2223 is.

556 2305 671 2363 Hoc
692 2306 847 2362 vobis
876 2304 1106 2361 verbum
1139 2305 1194 2359 in
1225 2302 1491 2375 spiritum
1532 2315 1803 2372 reponere
1834 2302 1958 2353 volo
1983 2308 2065 2353 at-

484 2417 591 2474 que
618 2400 762 2455 hanc
785 2398 987 2454 vestris
1022 2396 1079 2450 in
1125 2394 1388 2449 cordibus
1443 2392 1693 2448 auditam
1736 2390 1923 2445 facere
1969 2405 2067 2445 vo-

486 2495 772 2549 luntatem.
804 2489 1087 2565 Quotquot
1113 2486 1336 2558 quidem
1361 2486 1487 2541 vita:
1534 2484 1932 2555 colligaverunt
1972 2496 2067 2537 ca-

486 2595 585 2641 sta:
623 2592 677 2640 et
700 2583 957 2654 legitima:
986 2581 1214 2652 nuptiaz,
1271 2595 1302 2635 a
1324 2578 1563 2635 vinculis
1585 2592 1712 2633 cum
1760 2576 1924 2632 facile
1956 2591 2066 2631 non

484 2678 559 2732 sit
596 2676 760 2741 solvi,
805 2689 904 2746 pro
933 2673 1259 2731 cmlestibus
1305 2670 1675 2743 receptaculis
1723 2678 1778 2725 et
1819 2668 2066 2725 ecclesiis

486 2767 579 2821 Dei
606 2773 756 2820 tanto
781 2764 907 2834 plus
934 2763 1174 2818 fructum
1206 2763 1414 2818 referre
1437 2761 1547 2816 Deo
1580 2761 1815 2822 debetis,
1858 2767 2067 2831 quanto

486 2856 642 2927 plura
666 2854 826 2911 vobis
859 2855 1087 2907 veniunt
1116 2853 1303 2906 mundi
1338 2852 1481 2905 bona
1519 2868 1532 2904 :
1560 2864 1802 2918 namque
1827 2848 1893 2903 de
1912 2849 2067 2917 prole

487 2963 608 3018 quae
646 2947 821 3000 oritur
850 2958 919 2998 ex
952 2943 1129 3008 vobis,
1159 2952 1213 2997 et
1247 2940 1315 2995 de
1348 2939 1798 3009 possessionibus
1835 2940 1889 2992 in
1915 2947 2059 2993 terra

486 3046 540 3093 et
568 3037 635 3092 de
658 3036 934 3089 fructuum
954 3033 1198 3086 omnium
1242 3032 1509 3085 varietate
1541 3030 1751 3099 Optima
1769 3028 1969 3085 offerre
2007 3038 2064 3085 et

492 3129 723 3186 reddere
748 3127 797 3183 ei
814 3126 904 3196 qui
922 3125 1105 3179 omnia
1125 3122 1272 3179 dedit
1289 3122 1513 3177 omnino
1537 3128 1771 3191 oportet;
1793 3129 2063 3192 quotquot

487 3231 670 3278 autem
702 3220 759 3275 in
811 3217 1064 3273 caelibatu
1095 3226 1149 3271 et
1198 3215 1517 3286 virginitate
1567 3215 1751 3271 vivere
1801 3215 2063 3285 eligentes

487 3314 701 3375 animae,
740 3322 1000 3380 magnum
1031 3305 1127 3360 Dei
1156 3306 1409 3371 verbum,
1468 3305 1627 3375 quasi
1653 3313 1821 3360 castae
1850 3321 2066 3375 sponsa:

485 3411 540 3459 et
570 3402 888 3471 spirituales
936 3406 990 3454 et
1030 3396 1262 3461 mundae,
1316 3397 1569 3467 amplecti
1600 3397 1903 3466 pretiosum
1962 3397 2063 3451 ha-

486 3494 682 3560 beatis,
712 3496 911 3545 cuncta
944 3488 1055 3543 Deo
1075 3486 1369 3551 adducere,
1388 3500 1578 3541 omnes
1608 3485 1821 3541 fructus
1840 3486 2061 3541 Christo

486 3584 716 3641 reddere
742 3595 970 3637 necesse
1002 3588 1105 3646 est,
1153 3578 1293 3633 nihil
1328 3577 1485 3637 vobis
1520 3576 1655 3647 ipsis
1691 3586 2060 3642 reservantes,

486 3683 540 3731 et
570 3672 875 3744 periculum
916 3670 971 3725 in
997 3669 1199 3741 aliquid
1234 3667 1547 3739 seponendo
1580 3668 1822 3723 Ananiae
1848 3679 1901 3724 et
1927 3666 2065 3739 Sap.

487 3766 645 3836 phira
723 3766 1035 3823 ostendunt.
1108 3763 1363 3832 Splendor
1432 3762 1690 3833 refulgens
1770 3758 2061 3814 solitarius.

486 3856 680 3914 Omnis
711 3854 893 3909 anima
933 3868 1053 3924 quae
1086 3851 1391 3905 solitariam
1443 3852 1612 3903 vitam
1647 3856 1701 3904 et
1734 3849 2061 3920 virginalem

486 3954 542 4003 et
576 3947 783 4014 absque
810 3943 943 4014 jugo
979 3941 1123 3996 vovit
1158 3939 1391 3996 Domino
1426 3948 1482 3995 et
1526 3939 1609 3995 sic
1645 3938 1835 3995 vivere
1882 3938 2060 4010 eligit,

488 4030 748 4106 splendor
774 4030 994 4100 quidam
1026 4038 1078 4083 et
1134 4028 1227 4082 lux
1276 4027 1476 4081 ardens
1523 4024 1839 4079 videntibus
1892 4038 2063 4094 appa-

487 4140 609 4179 rere
632 4122 814 4189 debet,
840 4119 937 4177 sed
967 4118 1278 4174 dividentes
1311 4118 1476 4171 vitam
1516 4129 1675 4169 suam
1712 4129 1742 4168 a
1778 4113 1985 4169 mundo
2008 4122 2063 4169 et

487 4214 806 4270 hominibus
864 4210 1164 4266 mundanis
1212 4216 1269 4263 et
1319 4205 1634 4261 carnalibus
1695 4202 1857 4273 quasi
1902 4203 2063 4274 longe

487 4312 697 4361 stantes
718 4313 773 4358 et
800 4302 868 4356 ab
905 4301 1151 4371 ipsorum
1215 4295 1569 4352 commerciis
1619 4301 1680 4348 ut
1712 4292 1963 4363 plerique
2006 4300 2062 4348 et

485 4394 866 4450 meretricibus
890 4392 1171 4447 amoribus
1203 4388 1610 4444 retrocedentes
1636 4402 1653 4451 ;
1688 4386 1830 4441 sicut
1852 4380 2074 4450 autem,‘

487 4486 685 4557 inquit,
726 4484 888 4539 fallax
915 4481 1266 4555 pulchritudo
1290 4478 1541 4549 corporis
1578 4486 1633 4535 et
1657 4476 2059 4533 contumeliosa

486 4579 768 4633 coloribus
810 4576 1029 4647 depicta
1080 4588 1187 4644 qua
1222 4571 1432 4627 vultqu
1479 4569 1784 4625 illinientes
1819 4568 2063 4624 meretri-

485 4686 604 4736 ces,
632 4685 763 4726 suos
794 4666 1077 4737 decipiunt
1099 4672 1397 4727 amatores,
1430 4661 1515 4718 sic
1541 4661 1783 4717 dedecus
1810 4670 1895 4716 est
1918 4659 2060 4717 Deo-

486 4778 595 4833 que
621 4762 826 4817 odibile
856 4775 967 4814 non
998 4755 1258 4813 cordibus
1281 4754 1348 4809 ad
1368 4753 1537 4809 Deum
1568 4751 1943 4817 tendentibus,
1965 4752 2061 4809 sed

487 4853 771 4908 coloribus
821 4844 1045 4917 fucatis,
1101 4843 1159 4904 et
1210 4847 1385 4919 nigris
1436 4845 1685 4901 vestibus
1729 4852 1785 4900 et
1816 4844 2062 4900 vultibus

489 4942 806 4998 macilentis
848 4949 1064 4997 tantum
1121 4939 1431 4996 solitariam
1496 4938 1757 4993 virtutem
1796 4944 1852 4991 et
1899 4934 2059 4991 ﬁdem

488 5034 746 5089 affectare
786 5051 803 5088 :
832 5034 945 5089 haec
970 5034 1117 5089 enim
1157 5032 1318 5088 facile
1349 5031 1731 5087 simulantium
1762 5038 1957 5085 ornata
2005 5036 2061 5086 et

489 5124 659 5200 polita
694 5128 840 5181 intus
867 5124 1127 5179 latentem
1155 5123 1554 5194 turpitudinem
1585 5129 1849 5193 arguunt.
1906 5120 2058 5185 Mihi,

499 5215 672 5289 tnquit
704 5211 1010 5285 spiritualis
1057 5215 1244 5281 sponsi
1301 5214 1737 5285 paranymphus,
1786 5213 1862 5269 ah
1914 5212 2061 5269 intus

490 5302 843 5380 pulchritudo
861 5301 1047 5358 cordis
1076 5310 1132 5356 et
1166 5304 1471 5357 secundum
1522 5311 1778 5358 naturam
1823 5302 2058 5373 spiritus

486 5410 749 5457 venustas
782 5396 959 5469 placet
980 5394 1122 5451 sicut
1141 5402 1195 5449 et
1226 5392 1333 5450 Deo
1366 5396 1561 5451 virtus.

1856 309 2151 369 NICETAS
2189 310 2401 368 DAVlD

3629 317 3733 375 734

2160 426 2463 495 σιουργίαν,
2520 427 2615 481 καὶ
2676 426 2929 482 πλουτεῖν
2962 426 3061 499 μὲν
3086 425 3260 500 μόνην
3280 429 3380 501 τὴν
3410 427 3638 502 θεότητα
3662 435 3735 497 ὥς

2159 518 2219 571 ὲν
2236 518 2485 589 ἐσόπτρῳ
2508 518 2713 590 ταύτην
2739 520 3021 585 εἰλικρινεῖ
3039 521 3117 591 τῷ
3148 522 3263 592 ίδίῳ
3294 521 3373 593 νῷ
3396 524 3733 595 φανταζόμε-

2161 609 2305 679 νονῆ
2340 610 2775 681 καταθεώμενον,
2830 612 3007 666 πάντα
3054 613 3111 665 δὲ
3139 611 3229 666 τὸν
3273 613 3510 685 φθαρτὸν
3533 618 3737 671 τουτονὶ

2160 701 2365 770 κόσμον
2388 701 2570 755 καὶτὰ
2590 703 2649 755 ἐν
2678 702 2828 772 αὐτῷ
2857 703 3067 773 μεγάλα
3097 706 3209 766 τοῖς
3228 704 3441 769 πολλοῖς
3458 706 3734 773 δοκοῦντα,

2165 794 2254 848 ῐσα
2288 794 2383 847 καὶ
2414 794 2732 866 ἀραχναίοις
2783 795 2987 865 νήμασι
3014 797 3124 859 τοῖς
3164 796 3500 862 εὐδιαλύτοις
3520 800 3611 853 καὶ
3642 819 3737 854 σα-

2163 886 2445 957 θροτάτοις
2507 888 2772 957 παρορᾷν.
2820 888 2929 940 Καὶ
2976 886 3086 957 γὰρ
3120 888 3298 941 πάντα
3349 890 3447 959 μὲν
3480 890 3647 961 ἄρδην
3674 892 3739 945 τὰ

2163 972 2313 1025 τοῦδε
2366 970 2461 1024 τοῦ
2529 971 2645 1041 βίου
2679 972 2785 1024 τῶν
2825 970 3127 1044 ἀνθρώπιον
3163 972 3345 1041 ἀγαθὰ
3371 974 3639 1047 ἀλλότριά
3682 995 3735 1030 τε

2164 1064 2340 1117 αὐτῶν
2367 1064 2463 1116 καὶ
2525 1062 2723 1129 ἔξωθεν
2756 1064 2969 1133 δρᾶται,
3004 1063 3141 1134 μόνη
3180 1064 3238 1117 δὲ
3267 1067 3300 1135 η
3333 1065 3499 1137 ἀρετὴ
3534 1068 3738 1139 ἀνθρω-

2165 1156 2294 1227 πίνη
2318 1156 2452 1218 ἐστὶ,
2481 1156 2576 1208 καὶ
2599 1155 2735 1224 αὕτη
2760 1155 2897 1226 μόνη
2918 1156 3019 1225 τῆς
3042 1155 3275 1209 ἐνταῦθα
3295 1156 3534 1227 βιώσεως
3559 1160 3738 1229 ὄνησίς

2166 1249 2283 1301 ἐστι
2333 1249 2429 1301 καὶ
2487 1248 2721 1318 ὠφέλεια
2771 1250 2837 1318 τῇ
2893 1248 3060 1318 ψυχῇ.
3098 1246 3269 1302 Τοῦτο
3300 1249 3364 1321 δὴ
3410 1251 3505 1305 καὶ
3532 1250 3737 1315 αὐτδςό

2165 1339 2438 1412 ἄφθαρτος
2491 1341 2586 1395 καὶ
2638 1340 2905 1405 ἀθάνατος
2945 1340 3038 1395 τοῦ
3070 1340 3205 1395 Θεοῦ
3246 1342 3400 1411 λόγος
3430 1345 3567 1397 πᾶσι
3597 1344 3738 1409 λαοῖς

2167 1432 2340 1503 ἐμϐοᾷ
2389 1434 2483 1487 καὶ
2535 1434 2919 1502 συγκαλεῖται·
2956 1432 3114 1505 Δεῦρ’
3148 1434 3250 1503 ἴτε,
3282 1437 3502 1503 πάντες,
3539 1438 3736 1501 ἔλθετε,

2167 1523 2303 1595 πρὸς
2334 1524 2431 1593 τὴν
2456 1524 2553 1593 τῆς
2580 1523 2976 1595 ὑπερουρανίου
3009 1525 3239 1596 Τριάδος
3276 1527 3573 1594 ἐπίγνωσιν
3602 1527 3738 1579 ἐπεί-

2168 1614 2352 1683 γεσθε,
2378 1615 2473 1668 καὶ
2509 1615 2687 1670 πάντα
2730 1615 2820 1668 τὸν
2857 1615 3060 1686 κόσμον
3091 1617 3187 1670 καὶ
3211 1616 3279 1669 τὰ
3306 1618 3363 1669 ἐν
3385 1617 3535 1688 αὐτῷ
3558 1618 3631 1682 ὡς
3653 1619 3739 1671 ἀλ-

2166 1706 2353 1778 λότρια
2385 1707 2515 1760 ὂντα
2535 1707 2978 1781 ὑπερϐαίνοντες,
3014 1708 3101 1763 διὰ
3121 1710 3276 1779 λόγου
3315 1711 3409 1765 καὶ
3430 1710 3661 1784 θεωρίας
3682 1709 3738 1764 τὸ

2166 1802 2430 1873 ὑμέτερον
2458 1801 2795 1873 ὲκζητήσατε
2820 1800 3003 1855 καλόν.

2164 1957 2234 2011 55
2261 1953 2451 2012 Θέσθε
2504 1957 2670 2021 νόον,
2701 1956 2889 2021 βιότῳ
2935 1955 3053 2025 μὲν
3101 1957 3290 2023 ὅσους
3327 1957 3522 2031 γάμος-ξ
3564 1960 3733 2031 ἁγνὸς

2166 2096 2235 2151 δι
2335 2095 2554 2166 Ληνοῖς
2581 2097 2888 2163 οὐρανίαις
2924 2098 3177 2153 πλείονα
3207 2028 3670 2170 καρπὸέἐξέἶῗ

2235 2297 2433 2351 Τοῦτον
2486 2298 2616 2367 ὑμῖν
2643 2296 2733 2351 τὸν
2772 2296 2927 2367 λόγον
2955 2298 3204 2353 ἐνθέσθαι
3236 2299 3496 2373 βούλομαι
3542 2302 3620 2374 τῷ
3646 2302 3731 2373 νῷ,

2166 2388 2261 2443 καὶ
2295 2388 2497 2459 ταύτην
2527 2390 2647 2451 ταῖς
2676 2388 2967 2467 ὑμετέραις
2987 2391 3234 2461 καρδίαις
3257 2393 3616 2463 ὲνωτισθῆναι
3642 2395 3730 2464 τὴν

2168 2477 2390 2550 βουλήν.
2415 2479 2611 2542 Ὃσους
2637 2480 2734 2550 μὲν
2765 2480 2927 2548 ἁγνὸς
2946 2481 3123 2551 γάμος
3159 2482 3253 2535 καὶ
3286 2482 3509 2555 ἔννομος
3537 2485 3616 2556 τῷ
3646 2486 3734 2556 βίῳ

2168 2569 2476 2640 συνέδησεν,
2533 2571 2655 2623 ἐπεὶ
2699 2570 2774 2641 μὴ
2802 2572 2930 2642 ῥᾷον
2973 2571 3303 2627 ἀπολύεσθαι
3353 2577 3461 2629 τῶν
3506 2578 3729 2650 δεσμῶν,

2167 2665 2288 2725 ταῖς
2317 2662 2593 2733 οὐρανίαις
2627 2662 2807 2733 ληνοῖς
2839 2664 2932 2717 καὶ
2958 2667 3078 2728 ταῖς
3106 2665 3199 2719 τοῦ
3229 2666 3365 2719 Θεοῦ
3396 2669 3731 2741 Ἑκκλησίαις

2170 2754 2314 2809 κατὰ
2335 2755 2588 2809 τοσοῦτον
2617 2756 2836 2810 πλείονα
2856 2762 3227 2829 καρποφορεῖν
3260 2759 3506 2829 ὀφείλετε
3536 2764 3727 2835 Κυρίῳ,

2168 2845 2293 2900 καθ’
2356 2847 2480 2901 ὅσον
2537 2846 2631 2900 καὶ
2662 2845 2901 2901 πλεόνων
2962 2848 3093 2918 ὑμῖν
3124 2848 3342 2919 μέτεστι
3382 2852 3492 2904 τῶν
3518 2853 3622 2906 ἀπὸ
3645 2851 3728 2905 τοῦ

2172 2939 2377 3009 κόσμου
2431 2938 2795 3007 ἀγαθῶν.¹Ἐκ
2837 2956 2897 2991 τε
2940 2940 3049 3011 γὰρ
3088 2942 3195 2994 τῶν
3228 2942 3514 3012 φυομένων
3543 2944 3731 2997 τέκνων

2170 3031 2230 3095 ἐξ
2260 3030 2435 3102 ὑμῶν,
2472 3031 2536 3084 ἐκ
2554 3049 2614 3084 τε
2652 3031 2759 3086 τῶν
2797 3032 2907 3086 ἀπὸ
2928 3036 3028 3105 τῆς
3058 3034 3161 3103 γῆς
3190 3037 3624 3107 περιουσιασμῶν
3646 3036 3729 3089 καὶ

2168 3124 2271 3193 τῆς
2318 3122 2427 3176 τῶν
2471 3124 2699 3193 καρπῶν
2742 3125 2999 3179 ἁπάντων
3042 3127 3315 3190 ποικιλίας
3375 3128 3444 3181 τὰ
3489 3128 3729 3182 κάλλιστα

2174 3215 2499 3287 προσφέρειν
2531 3215 2625 3269 καὶ
2678 3217 3034 3287 καρποδοτεῖν
3079 3218 3157 3288 τῷ
3180 3216 3426 3272 δεδωκότι
3461 3220 3527 3272 τὰ
3560 3219 3725 3277 πάντα

2170 3306 2389 3369 πάντως
2438 3305 2649 3377 χρεών
2690 3307 2813 3361 ὅσαι
2860 3306 2916 3360 δὲ
2960 3308 3175 3380 ἀγαμία
3224 3314 3317 3362 καὶ
3346 3308 3597 3379 παρθενίᾳ
3626 3309 3721 3377 ζῇν

2170 3398 2587 3469 αἱρετισάμεναι
2618 3398 2807 3470 ψυχαὶ,
2826 3398 2917 3452 τὸν
2942 3400 3115 3471 μέγαν
3151 3400 3244 3455 τοῦ
3277 3400 3405 3454 Θεοῦ
3439 3400 3622 3469 Λόγον,
3650 3398 3723 3462 ὡς

2170 3488 2329 3558 ἁγναὶ
2359 3488 2568 3559 νύμφαι
2604 3490 2697 3543 καὶ
2729 3490 2915 3561 νοεραὶ
2956 3490 3051 3543 καὶ
3084 3491 3344 3561 καθαραὶ,
3373 3490 3553 3544 τοῦτον
3580 3493 3727 3557 ἐναγ-

2170 3576 2485 3642 καλίζεσθαι
2502 3578 2835 3649 προείλεσθε,
2868 3579 3046 3634 πάντα
3074 3579 3192 3650 Θεῷ
3224 3580 3540 3652 προσάγειν,
3566 3580 3726 3633 πάντα

2168 3666 2386 3737 Χριστῷ
2414 3670 2678 3738 προσήκει
2716 3672 3107 3739 καρποφορεῖν,
3130 3670 3295 3741 μηδὲν
3315 3670 3727 3741 ὑπολειπομένας

2168 3759 2385 3821 ἑαυταῖς
2414 3774 2429 3789 ·
2460 3760 2553 3812 καὶ
2580 3758 2672 3812 τὸν
2718 3760 2826 3814 ἀπὸ
2861 3759 2957 3813 τοῦ
2991 3761 3349 3830 νοσφίσασθαί
3396 3780 3450 3815 τι
3502 3764 3726 3816 κίνδυνον

2169 3850 2198 3902 ὁ
2231 3850 2480 3914 ’Δνανίας
2504 3850 2599 3903 καὶ
2641 3853 2675 3920 ἡ
2704 3850 2817 3923 (77)
2851 3852 3137 3924 Σάπφειρα
3165 3854 3599 3924 παραδεικνΰτω.

2166 3940 2355 4012 ᾼῑγλη
2380 3942 2793 4010 παμφανόωσα
2820 3944 3213 4011 μονότροπος.

2169 4032 2325 4088 Πᾶσα
2389 4034 2530 4106 ψυχή
2602 4034 2923 4107 μονότροπον
2993 4035 3105 4103 βίον
3165 4034 3260 4087 καὶ
3292 4033 3615 4105 παρθενικδν
3645 4032 3727 4086 καὶ

2168 4120 2348 4189 ἄζυγα
2383 4120 2654 4192 εὐξαμένη
2704 4121 2782 4193 τῷ
2807 4122 2995 4194 Κυρίῳ
3028 4123 3123 4177 καὶ
3164 4122 3307 4177 οὕτω
3340 4124 3494 4194 βιοῦν
3523 4123 3727 4197 προελο-

2173 4210 2329 4280 μένη,
2389 4209 2552 4281 αἴγλη
2587 4226 2670 4273 τις
2718 4210 2811 4264 καὶ
2843 4212 3121 4281 φωτισμὸς
3151 4214 3452 4284 παμφανὴς
3480 4218 3588 4277 τοῖς
3606 4211 3728 4285 όρῶ-

2170 4319 2253 4354 σιν
2286 4302 2489 4372 ὀφείλει
2528 4302 3010 4357 καταδείκνυσθαι·
3068 4304 3182 4357 ἀλλ’
3229 4306 3727 4361 ἀποδιαστέλλουσαι

2168 4393 2266 4466 τὴν
2301 4394 2510 4448 ἑαυτῶν
2538 4393 2683 4464 ζωὴν
2727 4395 2820 4448 τοῦ
2855 4395 3061 4466 κόσμου
3087 4398 3181 4449 κα)⁸
3206 4397 3314 4448 τῶν
3338 4396 3620 4468 ’ωσμικῶν
3643 4396 3727 4447 ἀν-

2170 4484 2403 4556 θρώπων
2437 4486 2530 4540 καὶ
2551 4487 2851 4559 σαρκικῶν,
2874 4487 2948 4551 ὡς
2981 4489 3172 4560 πόρρω
3196 4488 3617 4558 καθιστάμεναι,
3646 4485 3727 4539 καὶ

2166 4569 2265 4632 τὰς
2288 4570 2422 4641 πρὸς
2444 4572 2638 4636 αὐτοὺς
2654 4573 2937 4637 κοινωνίας
2966 4576 3041 4638 ὡς
3061 4576 3130 4628 τὰ
3159 4576 3329 4630 πολλὰ
3350 4578 3442 4630 καὶ
3466 4574 3728 4649 ἐταιρικὰς

2163 4662 2454 4734 φιλότητας
2482 4664 2824 4718 ὲκκλίνουσαι
2846 4681 2859 4695 ·
2896 4665 3086 4737 ὥσπερ
3115 4669 3191 4735 δὲ,
3215 4670 3370 4739 φησι,
3401 4669 3597 4739 ψευδὲς
3613 4668 3728 4723 κάλ-

2158 4753 2249 4817 λος
2283 4754 2535 4825 σώματος
2564 4756 2660 4809 καὶ
2688 4756 3014 4829 ὲφύδριστον
3037 4758 3099 4811 τὸ
3117 4762 3174 4814 ὲν
3195 4760 3447 4831 χρώμασι
3484 4757 3728 4822 διανθιζό-

2162 4861 2341 4914 μενον,
2368 4846 2399 4897 δ
2430 4846 2790 4918 ἑταιρίστριαι
2818 4850 2932 4912 τοῖς
2965 4851 3144 4904 αὐτῶν
3180 4852 3499 4922 προσώποις
3521 4849 3725 4906 ὑπαλεί-

2159 4951 2374 5003 φουσαι,
2399 4937 2523 5000 τοὺς
2558 4938 2735 4991 αὐτῶν
2758 4939 2992 5009 ἐραστὰς
3010 4941 3375 4996 διαπλανῶσιν
3395 4959 3408 4973 ο
3434 4944 3605 5006 οὕτως
3624 4942 3727 4996 ἄτι-

2168 5043 2267 5095 μον
2300 5029 2393 5080 καὶ
2420 5027 2710 5097 θεοστυγὲς
2762 5029 2837 5101 μὴ
2878 5032 2935 5084 ἐν
2973 5033 3224 5104 καρδίαις
3258 5034 3724 5105 θεοφορουμέναις,

2164 5117 2282 5172 ἀλλ’
2313 5121 2370 5173 ὲν
2420 5120 2705 5192 χρώμασιν
2748 5124 3127 5194 ἀσκουμένων,
3161 5127 3255 5180 καὶ
3297 5126 3723 5198 μελανοφορίαεςν

2163 5210 2256 5264 κα)⁵
2284 5212 2527 5281 σχήμασι
2552 5213 2726 5282 ψιλοῖς
2761 5214 2943 5284 μόνοις
2962 5216 3061 5287 τὴν
3097 5216 3392 5287 μοναδικῆν
3414 5216 3613 5289 ἀρετὴν
3640 5212 3726 5265 καὶ

2159 5302 2344 5355 πίστιν
2389 5303 2811 5358 ἐπιδείκνυσθαι.
2858 5306 3041 5359 Ταῦτα
3098 5307 3206 5379 γὰρ
3255 5308 3320 5361 ἂν
3375 5308 3589 5379 ῥᾳδίως,
3625 5303 3726 5357 τῶν

2161 5394 2603 5465 ὑποκρινομένων
2626 5397 2959 5452 ὲκπλυθέντα
2972 5401 3066 5453 καὶ
3088 5400 3474 5465 ἀποξεσθέντα,
3496 5397 3592 5470 τὴν
3608 5398 3723 5448 λαν-

488 5493 751 5548 θάνουσαν
791 5489 939 5543 ἔνδον
996 5486 1381 5558 ἀσχημοσύνην
1421 5485 1721 5555 ἀπελέγξαι
1746 5504 1760 5519 ·
1812 5485 1939 5557 ἐμοὶ
1976 5484 2051 5546 δὲ,
2101 5486 2273 5556 φησὶν
2304 5487 2332 5537 ὀ
2372 5487 2465 5540 τοῦ
2506 5489 2699 5559 νοητοῦ
2758 5492 2993 5563 νυμφίου
3050 5492 3419 5563 νυμφεστόλος
3490 5493 3556 5547 τὸ
3593 5484 3723 5540 κατὰ

488 5586 651 5658 βάθος
684 5584 878 5649 κάλλος
909 5584 1008 5655 τῆς
1038 5581 1262 5654 καρδίας
1286 5581 1380 5635 καὶ
1411 5583 1445 5653 ή
1480 5582 1682 5671 φυσικὴ
1714 5580 1810 5636 τοῦ
1839 5582 1958 5645 νοὸς
1987 5580 2254 5658 ὡραιότης
2280 5586 2604 5659 προσφιλὴς,
2634 5588 2709 5658 ὡς
2731 5590 2825 5647 καὶ
2846 5588 2965 5663 Θεῷ
2993 5589 3180 5666 ἀρετή.

558 5763 672 5834 t7?)
704 5761 765 5816 V.
802 5776 971 5816 carm.
1005 5762 1059 5830 3,
1094 5760 1199 5817 4'52
1230 5768 1277 5813 et
1306 5776 1480 5828 γνωμ.
1512 5764 1577 5829 η’,
