3984 6208
337 356 436 413 1‘83

330 483 390 554 tl
421 483 582 554 Μήτε
603 464 998 554 δικαιοσύνην
1022 480 1129 554 τιν’
1145 481 1419 551 ἀκαμπέιι
1439 481 1590 553 μήτε
1605 487 1905 554 φρόνησιν

338 552 400 604 6:3
538 552 980 620 Ἄγκυλόεσσαν
1010 553 1193 621 ἔχειν.

403 641 587 694 Πάντα
625 639 830 711 μέτρῳ,
865 642 1040 693 πάντα
1065 640 1292 711 σταθμῷ
1316 639 1388 694 τά
1413 657 1472 693 τε
1501 639 1606 711 ήθη
1634 641 1728 694 καὶ
1755 640 1900 711 πάθη

332 726 616 798 ῥυθμίζειν
665 728 763 796 τῆς
813 727 1016 799 ψυχῆς,
1057 728 1151 782 καί
1193 746 1256 798 γε
1288 728 1388 793 τάς
1413 730 1472 782 ὲν
1496 729 1678 793 αὐτοῖς
1705 747 1903 802 κατορο

329 819 598 889 θουμένας
622 818 730 870 τῶν
763 818 971 888 ἀρετῶν
999 819 1289 873 διευθετεῖν
1316 820 1421 892 χρὴ
1450 822 1544 875 καὶ
1573 820 1786 874 τάττειν
1809 821 1904 875 καὶ

330 911 576 978 κοσμεῖν.
605 909 668 961 Ei
701 909 810 979 γὰρ
841 911 936 965 καὶ
967 910 1131 963 καλὸν
1161 912 1194 977 ή
1229 911 1543 982 δικαιοσύνη
1582 913 1677 966 καὶ
1709 913 1742 982 ή
1767 911 1902 982 φρό-

328 1016 484 1069 νησις
528 997 715 1069 (καλαὶ
770 1001 879 1070 γὰρ
935 1001 1030 1055 καὶ
1095 1001 1205 1054 τῶν
1249 1002 1458 1073 ἀρετῶν
1505 1002 1562 1055 αί
1617 1001 1902 1056 κάλλισται

329 1090 670 1160 ὑμνοῦνται),
715 1091 831 1144 ἀλλ’
862 1093 915 1145 εί
963 1109 1046 1155 τις
1077 1093 1522 1165 ὑπερϐαλλόντως
1545 1093 1641 1146 καὶ
1674 1091 1833 1146 πλέον
1868 1091 1902 1162 ἢ

326 1183 410 1235 δεῖ
437 1181 497 1234 τὸ
524 1181 731 1239 δίκαιον
761 1182 960 1252 μετίοι,
1020 1185 1102 1248 είς
1154 1185 1388 1255 ἀκαμπῆ
1441 1184 1534 1238 καὶ
1569 1181 1902 1252 ἀνελεήμονα

329 1270 554 1340 γνώμην
586 1271 890 1324 διαπίπτων
930 1273 1024 1324 καὶ
1056 1272 1434 1344 διαμαρτάνων
1459 1273 1557 1344 τῆς
1584 1273 1902 1336 ἐπιεικείας,

329 1363 404 1425 ὡς
441 1363 502 1414 οὐ
557 1361 782 1424 δικαίως
831 1362 894 1414 τὸ
940 1361 1146 1416 δίκαιον
1207 1363 1437 1426 διώκων,
1483 1363 1584 1416 οὐκ
1624 1362 1904 1426 ἐπαινετὸς

331 1455 484 1508 ἔσται
502 1470 517 1486 ο
536 1455 696 1508 πάλιν
715 1469 727 1481 ·
770 1454 836 1506 Ἦ
862 1455 1119 1525 φρόνησις
1148 1455 1209 1508 τὸ
1247 1454 1518 1518 λυσιτελὲς
1541 1455 1627 1518 ἀεὶ
1655 1455 1749 1508 καὶ
1777 1471 1904 1508 συν-

330 1546 473 1596 οῖσον
501 1540 876 1612 ἑπινοουμένη,
933 1543 981 1594 εί
1009 1543 1085 1612 μὴ
1111 1542 1249 1612 μετά
1283 1541 1591 1614 ἁπλότητος
1623 1543 1718 1597 καὶ
1741 1541 1903 1614 ὀρθοῦ

330 1633 511 1703 λόγου,
540 1631 676 1687 ἀλλά
696 1631 1034 1704 σκολιότητος
1059 1635 1153 1688 καὶ
1186 1633 1320 1705 πρὸς
1347 1633 1521 1689 ἄλλων
1542 1633 1746 1705 ζημίαν
1775 1634 1904 1688 ἴδιον

270 1789 285 1798 _
332 1723 520 1794 κέρδος
573 1723 976 1796 ὲξευρίσκουσα,
1025 1723 1218 1777 οὔκουν
1267 1725 1436 1796 ἀρετὴ
1475 1724 1620 1777 τοῦτ’
1667 1725 1736 1779 ἀν
1778 1725 1903 1796 εἴης

337 1811 442 1864 οὐδ’
469 1811 694 1866 ἐπαίνου
751 1811 948 1883 μᾶλλον
997 1812 1032 1883 ἢ
1077 1811 1245 1883 ψόγου
1307 1814 1400 1866 καὶ
1426 1813 1679 1885 διαϐολῆς
1717 1813 1866 1879 ἄξιον
1886 1829 1900 1848 ·

332 1902 470 1958 ἀλλὰ
499 1903 594 1958 καὶ
619 1902 683 1956 τὸ
715 1902 914 1974 θάρσος
939 1901 1094 1968 αὐτὸ,
1136 1903 1290 1973 φησὶ,
1323 1903 1616 1974 νωμάσθω,
1647 1905 1740 1958 καὶ
1768 1923 1906 1976 συμ-

335 1994 549 2066 μέτρως
599 1993 789 2066 ὲχέτω,
812 1994 906 2047 καὶ
940 1991 1244 2064 μεριζέσθω
1288 1994 1466 2058 καλῶς
1487 2009 1500 2023 ·
1531 1993 1675 2049 οὔτω
1703 1994 1810 2067 γὰρ
1836 1995 1904 2050 ἂν

328 2086 523 2157 ἀνδρία
546 2085 772 2153 γένοιτο,
791 2087 884 2139 καὶ
911 2085 1035 2150 ἀξία
1060 2084 1280 2139 ἐπαίνου
1305 2085 1475 2159 ἀρετή
1499 2103 1509 2115 ·
1537 2088 1584 2140 εί
1599 2086 1657 2140 δέ
1676 2103 1739 2155 γε
1761 2087 1906 2156 πέρα

329 2174 425 2227 τοῦ
454 2173 663 2238 δέοντος
691 2171 851 2228 ἇττον
872 2172 1192 2246 ὑπερπέσοι,
1221 2173 1404 2228 οὐκέτι
1431 2173 1622 2245 ἀνδρία
1646 2177 1741 2228 καὶ
1771 2173 1906 2245 κρά-

329 2283 444 2329 τος,
467 2265 600 2318 ἀλλά
619 2265 816 2336 θράσος
843 2265 993 2318 ἔσται
1016 2265 1110 2318 καὶ
1141 2265 1419 2336 μωμητόν.
1436 2263 1592 2318 Οὕτω
1619 2266 1710 2318 καὶ
1799 2281 1904 2319 σω-

330 2355 571 2427 φροσύνη
599 2356 700 2408 οὐκ
726 2357 782 2408 ὲν
815 2354 892 2426 τῷ
923 2354 1198 2426 ὲμϐριθῶς
1230 2355 1368 2424 ἄγαν
1389 2354 1484 2408 καὶ
1515 2355 1786 2426 στιϐαρῶς
1818 2356 1905 2410 ἀεὶ

331 2449 429 2502 καὶ
481 2447 613 2518 πρὸς
669 2446 870 2509 πάντας
891 2445 972 2517 τῷ
1017 2445 1400 2516 ἐπιθυμητικῷ
1440 2445 1760 2517 κεχρῆσθαι,
1791 2444 1905 2499 ἀλλ’

330 2540 480 2593 εστιν
509 2541 598 2593 ὅτε
628 2540 720 2592 καὶ
747 2538 885 2610 πρός
931 2555 984 2591 τι
1017 2538 1124 2591 τῶν
1157 2519 1508 2609 ἐπιθυμηῖῶν
1536 2536 1783 2609 γαληνῶς
1813 2538 1906 2590 καὶ

331 2629 512 2697 ἠπίως
542 2627 842 2681 διακεῖσθαι
877 2625 1231 2698 σωφροσύνης
1261 2625 1428 2678 ἐστίν.
1465 2623 1575 2677 Καὶ
1610 2622 1783 2676 ταῦτα
1806 2622 1905 2692 μὲν

331 2719 471 2788 πρός
496 2735 548 2770 τι
575 2718 669 2772 καὶ
689 2716 832 2772 κατά
857 2716 947 2770 τὸν
969 2718 1312 2788 προσήκοντα
1344 2713 1650 2786 μετρείσθω
1680 2712 1869 2784 καιρόν
1896 2729 1904 2742 '

330 2809 426 2864 τὸν
453 2809 576 2862 νοῦν
628 2808 683 2862 δὲ
734 2808 826 2861 τοῦ
864 2808 998 2861 Θεοῦ
1049 2808 1250 2877 λογίοις
1297 2805 1614 2873 ὑπανοίγειν
1639 2803 1734 2858 καὶ
1788 2806 1920 2866 ταῖς

331 2901 508 2964 θείαις
531 2901 780 2972 μελέταις
828 2901 916 2954 ἀεὶ
969 2899 1361 2972 προσασχολεῖν
1395 2897 1678 2951 κάλλιστόν
1722 2913 1782 2949 τε
1815 2895 1910 2948 καὶ

329 2992 668 3046 τελειότατον
689 2994 807 3054 ταῖς
867 2990 1244 3054 θεοπνεύστοις
1305 2987 1623 3059 ίερολογίαις
1673 2975 1912 3051 ἁπάσαις

334 3085 693 3156 μαρτυρεῖται
715 3099 730 3114 ·
791 3082 932 3136 οὕτω
978 3081 1088 3154 γὰρ
1116 3081 1180 3134 ἄν
1208 3097 1292 3144 τις
1327 3079 1435 3133 τῶν
1464 3078 1730 3150 οὐρανίων
1763 3077 1910 3150 νομί-

333 3192 454 3244 μων
482 3174 576 3227 τοῦ
601 3171 903 3243 πνεύματος
951 3172 1276 3242 ἐπιστήμων
1319 3169 1690 3240 καθειστήκοι.
1727 3167 1905 3220 Σπεύ-

330 3264 448 3317 δειν
467 3262 565 3333 μὲν
579 3259 673 3316 οὖν
695 3261 913 3334 ἄριστον
933 3258 1094 3326 εἶναι,
1115 3259 1400 3314 κάλλιστόν
1425 3275 1485 3312 τε
1506 3259 1599 3312 καὶ
1615 3257 1905 3328 παγκλεές·

330 3353 591 3425 ἀρέσκειν
611 3353 668 3407 δὲ
698 3352 772 3424 μὴ
806 3353 998 3406 πᾶσιν·
1035 3353 1095 3405 οὐ
1127 3351 1235 3422 γὰρ
1267 3351 1361 3404 καλ⁸
1395 3353 1508 3413 τοῖς
1542 3352 1731 3413 κακοῖς
1759 3349 1912 3402 δυνα-

332 3445 449 3509 τὸν,
479 3445 592 3498 ἀλλ’
640 3439 721 3507 οἷς
773 3441 922 3508 ἀξιον
963 3443 1238 3514 ἀρέσκειν,
1285 3443 1398 3504 τοῖς
1423 3441 1645 3509 ἀγαθοῖς
1672 3440 1873 3512 δηλαδή
1894 3455 1940 3518 '-

334 3537 541 3598 κακοὺς
558 3535 666 3607 γὰρ
685 3535 924 3606 τέρπειν,
941 3533 1067 3600 δόξα
1086 3532 1201 3584 ἐστὶ
1229 3530 1492 3601 δυσκλεής
1512 3531 1604 3584 καὶ
1631 3529 1908 3600 θεομισής.

341 3627 414 3684 49
449 3628 716 3694 Αίσχρὸν
766 3625 1014 3693 ἄριστον
1070 3624 1269 3686 ἐόντα,
1337 3619 1912 3760 συνήπῐοὲᾶῖτέἕμεν

415 3784 642 3857 Λίσχρὸν
667 3786 781 3854 ἆμα
807 3784 900 3838 καὶ
922 3783 1103 3838 ἄδικον
1129 3782 1226 3835 κα)⁵
1251 3781 1488 3853 πονηρὸν
1505 3819 1522 3846 ,
1556 3779 1758 3848 ἀγαθὸν
1786 3779 1916 3832 ὄντα

337 3883 510 3951 ἄνδρα
545 3877 638 3933 καὶ
669 3877 874 3931 δίκαιον
905 3876 1017 3947 (78)
1037 3916 1052 3941 ,
1094 3877 1392 3946 συνήγορον
1421 3873 1652 3947 ὁρᾶσθαι
1673 3873 1780 3925 τῶν
1817 3890 1916 3927 πο-

346 3970 526 4040 νπρῶν
573 3969 666 4021 καὶ
712 3965 916 4020 κακῶν.
965 3965 1075 4020 Καὶ
1117 3965 1226 4035 γὰρ
1261 3965 1466 4035 ὅμοιον,
1498 3963 1651 4034 φησὶ,
1682 3964 1774 4016 καὶ
1805 3963 1917 4017 ἴσον

343 4060 575 4130 ὑπάρχει
601 4058 660 4112 τὸ
690 4055 994 4126 φιλιοῦσθαι
1024 4058 1134 4119 τοῖς
1163 4057 1351 4119 κακοῖς
1378 4053 1474 4107 καί
1509 4071 1659 4123 σφισι
1697 4069 1920 4124 συνήγο-

340 4157 457 4223 ρεῖν
487 4150 582 4221 τῷ.
606 4150 706 4220 τῆς
743 4147 920 4202 αὐτῶν
949 4148 1146 4211 κακίας
1180 4147 1328 4210 ἐντὸς
1375 4139 1513 4200 εἶναι
1557 4145 1650 4200 καὶ
1700 4147 1758 4199 ὲν
1799 4147 1918 4209 ταῖς

337 4247 478 4308 ὁδοῖς
493 4241 673 4296 αὐτῶν
694 4238 1037 4311 πορεύεσθαι.
1071 4239 1268 4293 Πάλιν·
1298 4237 1438 4308 [lupi
1461 4237 1558 4307 μὲν
1589 4235 1683 4290 καὶ
1713 4253 1918 4307 χωνευ-

346 4335 521 4404 τηρίῳ
547 4333 640 4385 τὸν
682 4331 882 4402 χρυσὸν
912 4329 1247 4400 δαμάζεσθαι
1285 4329 1682 4400 μεμαθήκαμεν
1713 4329 1808 4382 καὶ
1836 4328 1920 4381 δο-

335 4424 676 4497 κιμάζεσθαι
702 4423 926 4495 ’,ἄνδρα
953 4423 1010 4477 δὲ
1033 4421 1234 4490 ἀγαθὸν
1260 4425 1374 4485 τοῖς
1398 4421 1616 4496 ἄλγεσιν
1643 4423 1800 4492 ἴσμεν
1825 4421 1919 4474 καὶ

341 4519 529 4580 πίνοις
554 4513 957 4568 ταπεινοῦσθαι.
975 4513 1064 4583 Μὴ
1091 4507 1182 4566 οὖν
1208 4511 1306 4574 τὰς
1338 4511 1652 4582 ἀλγηδόνας,
1669 4505 1714 4564 ὧ
1740 4502 1916 4575 οὗτος,

340 4606 608 4668 πολλάκις
639 4603 844 4669 δεδιὼς,
875 4603 1175 4674 ὐπενεχθῇς
1207 4605 1272 4673 τῇ
1306 4601 1532 4672 ἀσεϐείᾳ
1565 4601 1658 4654 καὶ
1687 4617 1919 4672 συνηγο-

341 4698 459 4768 ρὼν
488 4696 660 4766 ὀφθῇς
683 4697 792 4758 τοῖς
821 4695 1032 4757 κακοῖς.
1073 4687 1203 4746 Οἶδα
1242 4691 1369 4762 γὰρ,
1406 4689 1560 4761 φησὶ,
1592 4689 1654 4742 τὸ
1671 4688 1920 4744 διέὐσέ-

340 4787 500 4839 ϐειαν
535 4785 697 4854 ἄλγος
737 4784 1062 4853 κουφότερον
1101 4779 1160 4834 ὃν
1189 4779 1290 4849 τῆς
1341 4777 1634 4840 εὐπαθείας
1664 4778 1770 4831 τῶν
1789 4777 1920 4831 ἀσε-

341 4877 461 4930 ϐῶν
511 4875 607 4930 καὶ
652 4875 713 4927 τὺ
744 4874 881 4946 μετά
930 4871 1166 4944 Χριστοῦ
1208 4871 1465 4938 πάσχειν,
1517 4868 1610 4921 τοῦ
1641 4866 1780 4938 μετά
1814 4867 1922 4922 τῶν

338 4965 744 5038 Χριστομάχων
779 4965 987 5036 τρυφᾷν
1031 4960 1387 5034 αἱρετώτερον
1425 4959 1519 5013 καὶ
1555 4957 1812 5030 ήδύτερον
1837 4957 1920 5011 ὅτι

343 5059 587 5130 μάλιστα
616 5056 694 5126 τῷ
734 5054 968 5110 εὐσεϐεῖ.
1011 5053 1179 5107 Πάλιν
1206 5067 1222 5084 °
1266 5051 1475 5122 Ῥᾴδιον
1504 5049 1568 5104 ἀν
1597 5048 1685 5118 εἴη
1713 5049 1806 5102 καὶ
1830 5048 1920 5101 τὸν

342 5148 530 5220 μέγαν
558 5143 901 5216 ἀρνήσασθαι
923 5143 1054 5197 Θεὸν
1077 5141 1237 5196 παντὶ⁵
1261 5140 1340 5210 τῷ
1366 5140 1596 5210 ἑτοίμως
1624 5138 1798 5208 ἔχοντι
1828 5137 1921 5190 τὸν

337 5239 550 5293 οἰκεῖον
584 5236 792 5306 πατέρα
822 5232 1218 5306 ἀπαρνεῖσθαι·
1261 5230 1365 5302 χρὴ
1397 5229 1474 5293 δὲ,
1504 5229 1578 5300 μὴ
1603 5228 1678 5292 ὡς
1709 5227 1922 5296 φύσεως

341 5331 535 5402 μόνον,
565 5326 697 5381 ἀλλά
725 5327 818 5379 καὶ
846 5325 922 5386 ὼς
954 5323 1232 5386 εὐσεϐείας
1273 5321 1539 5392 γενετῆρα
1571 5320 1758 5374 τοῦτον
1789 5318 1923 5375 εἰδέ-

341 5440 439 5478 ναι
481 5437 542 5473 τε
580 5419 673 5472 καὶ
726 5419 922 5489 τιμᾷ-ι,
964 5418 1013 5469 εί
1048 5415 1178 5486 μήτι
1215 5431 1279 5483 γε
1323 5413 1601 5485 προδήλως
1635 5412 1923 5483 θεομαχεῖν

341 5509 756 5578 καταναγκάζοι
773 5526 787 5540 ·
830 5507 972 5562 οὕτω
993 5507 1101 5579 γὰρ
1143 5507 1240 5577 οὐχ
1264 5505 1339 5568 ὼς
1368 5503 1645 5567 εὐσεϐείας
1673 5504 1919 5573 γενέτην,

342 5603 467 5658 ἀλλ’
492 5601 567 5663 ὼς
591 5594 840 5665 ἀσεϐείας
867 5579 1158 5670 συνήγορον
1185 5596 1426 5650 εὐσεϐεῖν
1453 5595 1766 5668 βουλόμενος
1787 5596 1923 5650 ἀπο-

351 5692 664 5762 στραφήσῃ.

421 5801 539 5874 (78)
572 5801 706 5868 Cod.
750 5801 912 5857 δίκον.

1340 361 1410 417 IN
1447 359 1758 420 CARMINA
1798 359 2078 418 AliCANA
2116 360 2172 416 S.
2219 358 2566 416 GREGORII.

3450 359 3564 420 786’

2009 482 2070 535 ll
2122 479 2231 534 Nec
2252 481 2520 550 justitiam
2551 478 2911 548 inﬂexibilem,
2934 491 3091 548 neque
3119 473 3452 545 prudentiam

2009 551 2078 606 Ω
2119 549 2385 606 Callidum
2417 554 2624 610 fiebant.

2076 643 2288 698 Cuncta
2320 657 2598 704 mensura,
2626 649 2826 696 cuncta
2856 648 3061 696 statera
3095 647 3209 695 tum
3240 655 3421 698 mores
3453 650 3570 695 tum

2009 732 2241 787 allectus
2289 733 2592 803 penderarc
2641 733 2836 787 anima?
2887 739 2944 788 et
3000 733 3253 786 ordinata
3306 733 3568 786 virtutum

2001 823 2140 878 bene
2169 822 2464 894 disponere
2513 829 2730 892 oportet
2787 830 2842 878 et
2907 836 3214 888 exornare;
3267 823 3369 878 etsi
3423 822 3569 877 enim

2002 913 2291 984 pulchrum
2323 914 2396 970 sit
2419 912 2634 982 iustitia
2663 920 2717 968 et
2745 912 3312 983 prudentia,pulcbra:
3339 914 3485 968 enim
3515 921 3588 969 et-

2001 1004 2267 1058 virtutum
2320 1003 2702 1073 pulcherrima:
2753 1004 3140 1069 celebrantur;
3193 1003 3289 1059 sed
3347 1005 3396 1060 si
3447 1005 3572 1074 quis

2003 1095 2329 1152 suﬁicienter
2357 1103 2411 1150 et
2425 1095 2660 1165 amplius
2679 1110 2842 1166 quam
2864 1103 3074 1166 oportet
3103 1096 3310 1166 justum
3359 1084 3591 1152 affectet-

2003 1188 2058 1242 in
2103 1186 2452 1242 inflexibilem
2489 1194 2542 1242 et
2578 1185 3062 1241 inmisericordem
3089 1201 3295 1242 morem
3367 1187 3594 1242 labitur

2001 1285 2057 1332 et
2087 1285 2278 1348 peccat
2305 1284 2499 1332 contra
2533 1276 2874 1347 aequitatem,
2893 1287 2950 1331 et
2983 1277 3055 1330 ita
3083 1276 3284 1346 injuste
3303 1277 3570 1346 justitiam

2003 1381 2336 1438 persequens
2385 1381 2492 1420 non
2525 1366 2631 1420 erit
2665 1365 2975 1420 laudabilis.
3007 1367 3206 1420 lterum
3238 1384 3253 1420 :
3284 1367 3593 1436 prudentia-

2002 1458 2134 1513 utile
2165 1472 2376 1528 semper
2395 1464 2451 1512 et
2487 1471 2789 1527 congruum
2823 1456 3103 1522 alfcctans,
3129 1457 3179 1516 si
3210 1457 3405 1512 non-in
3433 1456 3571 1511 sim-

2002 1549 2246 1619 plicitate
2278 1558 2332 1604 et
2353 1558 2502 1605 recta
2534 1549 2769 1613 ratione,
2799 1547 2895 1604 sed
2917 1548 2974 1603 in
3013 1547 3372 1619 perversitate
3397 1558 3450 1604 et
3474 1562 3584 1619 pen

2001 1639 2238 1694 alienum
2299 1638 2690 1706 detrimentum
2744 1639 2961 1692 lucrum
3034 1639 3312 1708 proprium
3355 1637 3577 1707 quaesit,

2003 1744 2133 1783 num
2170 1729 2347 1784 virtus
2378 1729 2486 1784 erit
2517 1729 2690 1783 illud?
2737 1744 2848 1784 non
2875 1727 3036 1783 laude
3074 1727 3247 1797 magis
3275 1742 3440 1796 quam
3469 1727 3573 1781 .νὶ-

2003 1820 2345 1890 tuperatione
2383 1830 2438 1876 et
2468 1821 2824 1876 accusatione
2867 1820 3064 1890 digna;
3095 1818 3188 1875 sed
3221 1826 3276 1874 et
3306 1817 3574 1874 fortitudo

2002 1911 2119 1980 ipsa
2150 1911 2430 1982 reguletur
2457 1919 2514 1966 et
2560 1917 2894 1980 temperetur
2935 1918 2988 1965 ct
3015 1911 3154 1965 bene
3189 1908 3573 1974 distribuatur,

2004 2002 2086 2058 sic
2108 2002 2253 2058 enim
2283 2003 2458 2058 virilis
2500 2003 2721 2058 animus
2753 2002 2842 2058 lict
2871 2009 2927 2056 ct
2969 2000 3130 2057 laude
3165 2001 3328 2071 digna
3363 1999 3573 2064 virtus;

2003 2093 2088 2148 sin
2120 2100 2302 2148 autem
2349 2093 2493 2149 ultra
2525 2092 2579 2148 id
2633 2093 2780 2162 quod
2831 2099 3044 2163 oportet
3088 2091 3314 2161 propius
3347 2090 3574 2152 incidat,

1997 2185 2111 2256 jam
2141 2172 2252 2240 non
2275 2184 2450 2240 virilis
2468 2186 2686 2240 animus
2703 2191 2756 2240 et
2786 2182 3075 2248 fortitudo,
3099 2182 3194 2239 sed
3221 2181 3574 2238 temerarium

2003 2276 2110 2330 erit
2140 2283 2196 2331 et
2225 2273 2641 2346 vituperandum
2679 2292 2694 2328 ε
2727 2273 2807 2328 sic
2843 2279 2900 2328 et
2945 2272 3306 2342 temperantia
3354 2287 3463 2327 non
3521 2271 3576 2326 in

2005 2366 2248 2436 graviter
2272 2373 2328 2422 et
2350 2367 2516 2430 lente,
2563 2379 2780 2435 semper
2817 2371 2874 2420 et
2913 2365 2982 2420 ad
3017 2363 3222 2428 omnia,
3261 2361 3578 2432 cupiditati-

2005 2458 2107 2514 bus
2135 2458 2358 2521 utendo,
2391 2457 2488 2513 sed
2515 2463 2736 2511 constat
2779 2471 2904 2510 cum
2949 2455 3015 2509 ad
3057 2452 3427 2508 desideratum
3473 2451 3577 2504 ali-

2005 2547 2136 2618 quid
2154 2547 2367 2616 placide
2389 2553 2444 2602 et
2470 2544 2764 2614 tranquille
2800 2557 3066 2613 paramur,
3097 2540 3198 2594 hoc
3217 2537 3576 2607 temperantia

2005 2642 2127 2702 est;
2175 2642 2230 2688 et
2271 2635 2386 2688 haec
2443 2633 2670 2688 relative
2699 2640 2755 2686 et
2795 2645 2894 2700 pro
2935 2636 3181 2698 tempore
3224 2635 3350 2697 apto
3393 2625 3579 2680 mode-

2008 2732 2219 2780 rentur.
2252 2721 2486 2777 Mentem
2515 2728 2696 2776 autem
2728 2719 2820 2775 Dei
2853 2719 3078 2774 vocibus
3105 2717 3317 2788 aperire
3340 2724 3396 2771 et
3435 2715 3578 2770 divi-

2009 2815 2096 2870 nis
2127 2814 2575 2870 meditationibus
2599 2802 2814 2882 semper
2844 2825 3102 2867 exercere
3143 2808 3577 2880 pulcherrimum

2009 2913 2064 2960 et
2090 2905 2558 2976 perfectissimum
2586 2919 2732 2967 esse,
2759 2919 2790 2957 a
2822 2901 2933 2956 Deo
2954 2900 3218 2969 inSpirata
3242 2906 3430 2954 sancta
3463 2897 3580 2951 elo-

2010 2996 2139 3066 quia
2171 3005 2444 3051 testantur
2464 2995 2648 3049 omnia
2687 3012 2702 3048 :
2745 2993 2826 3048 sic
2862 2993 3006 3046 enim
3042 2989 3242 3060 aliquis
3272 2988 3578 3044 caelestium

2013 3087 2243 3158 Spiritus
2283 3101 2495 3142 morum
2523 3084 2722 3140 doctus
2759 3090 3081 3154 appareret;
3137 3080 3322 3135 studio
3385 3077 3578 3133 inferri

2015 3185 2075 3233 ut
2106 3179 2279 3234 simus
2298 3178 2511 3247 optimi,
2536 3175 2964 3248 pulcherrimum
2990 3181 3044 3230 et
3065 3171 3221 3227 valde
3247 3171 3579 3242 gloriosum,

2015 3268 2109 3324 sed
2139 3282 2249 3322 non
2275 3267 2476 3322 bonum
2519 3277 2606 3324 est
2658 3267 2875 3338 placere
2917 3262 3198 3326 omnibus,
3243 3276 3371 3317 nam
3419 3261 3582 3316 malis

2012 3362 2225 3433 placere
2253 3375 2358 3414 non
2403 3359 2661 3430 possibile
2702 3367 2808 3423 est,
2855 3357 2992 3412 bene
3015 3369 3143 3409 vero
3187 3353 3257 3408 iis
3300 3351 3392 3423 qui
3432 3350 3581 3421 digni

2010 3456 2159 3513 sunt,
2208 3449 2418 3503 scilicet
2455 3449 2643 3514 bonis;
2697 3463 2827 3502 nam
2883 3445 3057 3499 malos
3093 3443 3368 3499 delectare
3405 3441 3582 3511 gloria

2011 3548 2096 3596 est
2145 3555 2254 3594 non
2278 3539 2420 3593 bona
2477 3546 2531 3592 ct
2557 3535 2664 3591 Deo
2696 3536 2899 3593 odiosa.

2013 3629 2080 3683 49
2121 3628 2292 3696 Turpe
2335 3638 2414 3683 est
2461 3643 2578 3682 eum
2632 3625 2720 3696 qui
2755 3625 2980 3692 optimus
3009 3634 3085 3679 est
3136 3632 3419 3696 patronum
3467 3637 3579 3676 esse

3142 3693 3512 3764 [nefariorum

2083 3789 2268 3860 Turpe
2297 3787 2469 3844 simul
2498 3794 2552 3843 et
2576 3786 2841 3856 iniustum
2868 3794 2923 3841 et
2955 3785 3264 3849 molestum,
3293 3785 3341 3839 si
3373 3785 3458 3837 vir
3484 3783 3584 3836 bo-

2012 3897 2119 3937 nus
2152 3890 2207 3936 et
2237 3881 2424 3950 justus
2481 3877 2781 3933 advocatus
2815 3877 3069 3932 videatur
3098 3877 3406 3940 malorum;
3458 3889 3582 3928 nam

2013 3983 2338 4043 congruum,
2367 3969 2568 4040 inquit,
2597 3977 2653 4026 et
2677 3968 2857 4025 simile
2884 3977 2970 4024 est
2997 3968 3270 4023 amicitias
3311 3980 3436 4021 cum
3469 3979 3586 4018 ma-

2014 4067 2082 4123 lis
2116 4065 2345 4137 jungere
2389 4071 2444 4120 et
2473 4064 2716 4134 ipsorum
2746 4075 2943 4116 causas
2969 4059 3260 4115 defendere
3285 4057 3435 4112 illum
3489 4055 3584 4124 qui

2016 4154 2086 4209 ab
2111 4155 2259 4208 intus
2289 4152 2496 4207 malitia
2525 4151 2721 4208 similis
2751 4149 2889 4220 ipsis
2912 4155 2998 4204 est
3025 4155 3080 4202 et
3103 4162 3199 4217 per
3212 4145 3437 4201 easdem
3467 4145 3590 4207 vias,

2016 4246 2240 4300 incedit.
2259 4245 2458 4300 lterum
2489 4260 2504 4299 :
2539 4243 2666 4314 Igne
2692 4249 2748 4297 et
2785 4239 3106 4297 conflatorio
3160 4253 3354 4294 aurum
3399 4237 3585 4292 elabo:

2017 4334 2126 4388 rari
2159 4333 2455 4388 didicimus
2475 4339 2530 4387 et
2559 4329 2808 4401 probari,
2838 4329 3114 4385 hominem
3151 4336 3333 4383 autem
3377 4326 3584 4385 bonum

2017 4423 2466 4479 tribulationibus
2486 4431 2538 4478 et
2567 4421 2954 4477 afflictionibus
2973 4419 3264 4478 humiliari.
3323 4417 3400 4474 Ne
3433 4433 3611 4490 ergo”

2018 4523 2158 4582 otu,
2210 4513 2592 4569 tribulationes
2641 4514 2841 4583 saepius
2877 4512 3078 4568 timens
3129 4510 3202 4571 ad
3253 4510 3614 4580 impietatem~

2017 4605 2297 4660 inclineris
2317 4611 2370 4658 et
2391 4603 2650 4660 defensor
2674 4606 2942 4658 malorum
2969 4602 3208 4659 videaris
3229 4617 3244 4665 ;
3265 4601 3391 4656 novi
3413 4600 3583 4664 enim,

2018 4693 2217 4764 inquit,
2269 4692 2681 4748 tribulationem
2719 4691 2788 4747 ob
2827 4687 3103 4759 pietatem,
3163 4689 3420 4747 leviorem
3464 4703 3618 4750 esse.

2019 4799 2184 4856 quam
2223 4783 2517 4854 impiorum
2584 4782 2892 4847 felicitatem
2958 4789 3013 4837 et
3080 4781 3187 4852 pati
3263 4795 3389 4836 cum
3425 4780 3589 4836 Chri-

2021 4883 2108 4930 sto
2129 4872 2300 4942 magis
2322 4886 2486 4942 quam
2511 4886 2638 4928 cum
2663 4871 2905 4932 inimicis
2920 4869 3124 4926 Christi
3142 4869 3355 4941 epulari
3378 4869 3590 4942 eligen:

2023 4964 2151 5019 dum
2173 4977 2297 5019 esse
2337 4969 2392 5017 et
2425 4977 2588 5034 quam
2634 4961 2871 5025 maxime
2904 4960 3065 5017 dulce
3086 4963 3176 5033 pio
3212 4960 3440 5017 homini.
3487 4961 3591 5016 lte-

2025 5073 2144 5112 rum
2180 5074 2194 5111 :
2227 5053 2413 5110 Facile
2436 5061 2585 5114 esset
2615 5063 2669 5108 et
2698 5067 2954 5123 magnum
2992 5067 3188 5124 negare
3217 5051 3383 5108 Deum
3413 5052 3610 5112 cuivis.

2025 5155 2216 5220 parato
2258 5145 2326 5200 ad
2379 5144 2687 5216 negandum
2735 5144 3017 5214 proprium
3072 5153 3307 5216 patrem.
3354 5144 3590 5214 Oportet.

2025 5245 2206 5294 autem
2230 5252 2341 5294 non
2364 5236 2542 5290 solum
2574 5243 2632 5289 ut
2653 5243 2862 5289 natura:
2897 5235 2992 5289 sed
3023 5243 3077 5290 et
3118 5244 3173 5290 ut
3207 5236 3423 5308 pietatis
3447 5233 3594 5304 geni-

2027 5337 2197 5383 torem
2230 5327 2381 5382 illum
2411 5340 2708 5398 agnoscere
2747 5333 2803 5381 et
2837 5325 3137 5392 honorare,
3174 5327 3281 5381 nisi
3319 5325 3458 5380 forte
3507 5339 3590 5378 co-

2026 5429 2119 5492 gat
2149 5421 2204 5474 in
2228 5419 2411 5488 aliquo
2445 5417 2736 5473 manifeste
2770 5417 3036 5473 adversus
3080 5416 3248 5472 Deum
3295 5429 3539 5485 pugnare
3571 5433 3585 5470 :

2027 5512 2112 5568 sic
2132 5511 2277 5566 enim
2304 5524 2413 5564 non
2447 5516 2504 5563 ut
2531 5508 2752 5579 pietatis
2783 5509 3109 5578 genitorem,
3129 5506 3224 5561 sed
3255 5513 3314 5560 ut
3337 5501 3590 5578 impieta-

2030 5601 2103 5661 tis
2131 5607 2417 5673 patronum
2450 5599 2539 5675 pie
2565 5598 2754 5655 volens
2778 5597 2959 5656 vivere
2984 5596 3210 5653 vitares.
