3984 6208
482 340 569 397 7U!

471 460 672 530 poterit
708 473 848 515 verte
874 459 1157 531 sapientia:
1198 468 1251 515 et
1282 458 1585 529 spiritualis
1639 455 1812 520 visus,
1856 462 1916 509 ut
1950 453 2047 509 de-

474 558 581 615 ut,
625 550 900 621 particeps
946 550 1091 617 ﬁeri;
1145 549 1269 604 ideo
1300 549 1435 604 dicit
1474 548 1871 603 :Percontetur
1911 543 2047 598 mihi

474 644 674 712 aliquis
721 643 1006 712 spirituale
1046 642 1289 697 studium
1340 641 1585 711 mystica:
1631 636 2051 707 contemplatio-

476 736 563 791 nis
596 735 1034 805 apprehendens,
1068 749 1169 804 ego
1192 734 1357 789 istum
1386 748 1496 787 non
1530 730 1734 787 mundo
1778 729 1944 785 corde
1973 727 2049 781 vi-

474 830 711 886 ventem,
758 820 853 877 sed
885 831 938 876 et
966 822 1222 891 turpibus
1274 819 1610 875 maculatum
1669 816 1884 877 videns,
1927 815 2050 869 dico

477 926 585 964 non
614 909 839 964 landum
870 925 995 965 esse
1035 909 1278 965 studium
1329 908 1433 962 hoc
1461 906 1567 962 nisi
1617 905 1771 977 prius
1812 905 2049 974 teipsum

478 1000 856 1057 inundaveris.
923 1000 989 1054 Et
1049 1002 1139 1056 ille
1190 1002 1388 1055 iterum
1424 998 1519 1054 :Si
1583 997 1893 1052 maculatus
1950 995 2048 1059 fui,

477 1090 571 1143 sed
597 1104 705 1143 non
736 1104 924 1153 nunc:
959 1089 1075 1144 inec
1116 1088 1261 1142 enim
1298 1102 1394 1158 per
1415 1087 1686 1141 sermonis
1735 1090 2051 1139 contextum

477 1177 902 1233 subaudiuntur.
964 1177 1027 1232 Et
1070 1193 1171 1246 ego
1208 1177 1273 1231 ad
1326 1178 1478 1231 illum
1511 1196 1523 1231 :
1552 1174 1609 1230 Si
1638 1184 1692 1231 et
1736 1189 1881 1229 nunc
1928 1188 2051 1243 pru-

477 1273 694 1325 dentem
723 1280 776 1325 te
800 1270 961 1331 dicis,
1000 1272 1094 1337 sit,
1124 1270 1217 1324 sed
1245 1270 1349 1325 nisi
1385 1268 1453 1323 de
1496 1268 1777 1324 veteribus
1822 1263 2054 1320 maculis

479 1360 778 1416 mundatus
811 1360 1002 1425 fueris,
1038 1360 1190 1415 nefas
1207 1368 1289 1414 est
1321 1361 1413 1414 tibi
1444 1360 1499 1413 in
1530 1357 1805 1428 mysteriis
1828 1356 2054 1425 spiritus

478 1461 681 1507 sortem
709 1453 870 1520 dare;
901 1467 1139 1522 namque
1167 1460 1386 1523 oportet
1422 1461 1479 1505 ut
1520 1464 1667 1504 nunc
1701 1464 1797 1519 per
1844 1447 2053 1517 praxim

478 1559 639 1597 omne
670 1544 1023 1613 vituperium,
1067 1558 1284 1598 omnem
1337 1541 1608 1595 maculam
1651 1538 1880 1609 spiritus
1958 1550 2058 1605 pu-

486 1634 659 1689 rifices
758 1641 813 1687 et
863 1634 1081 1698 animae,
1131 1640 1186 1688 et
1221 1634 1301 1689 sic
1325 1632 1580 1688 sublimis
1631 1630 1907 1701 particeps
1959 1626 2056 1682 tias

480 1723 791 1778 divinorum
824 1724 1326 1795 contemplationis.
1379 1723 1445 1777 Et
1481 1723 1792 1793 exemplum
1834 1719 2055 1775 obvium

482 1828 821 1883 prorsusque
873 1812 1128 1867 idoneum
1162 1812 1217 1866 in
1264 1828 1395 1868 vase
1424 1812 1652 1867 fetorem
1705 1809 1970 1865 redolenti
2008 1816 2061 1862 et

480 1910 742 1973 corrupto
764 1910 818 1959 et
854 1919 963 1958 non
994 1905 1212 1960 sincero
1262 1919 1423 1961 nemo
1471 1904 1733 1976 unguenti
1785 1903 2059 1974 pretiosis-

481 1997 679 2049 simum
714 1994 955 2050 infundit
987 1996 1230 2051 odorem.

482 2086 516 2140 θ
565 2084 678 2140 Nec
709 2086 906 2141 absiste
939 2103 1032 2141 nec
1065 2087 1185 2142 cede
1219 2087 1364 2141 omm‘
1401 2088 1654 2155 sermoni,
1686 2094 1793 2142 etc.

554 2360 853 2433 Postquam
904 2363 1093 2420 docuit
1147 2366 1499 2422 necessarias
1550 2366 1615 2419 ad
1671 2364 2062 2435 perfectionem

481 2466 609 2507 esse
640 2453 757 2521 pari
851 2458 1059 2511 ratione
1118 2466 1229 2512 tttm
1291 2458 1538 2528 praxim,
1590 2465 1702 2511 tum
1763 2451 2066 2517 theoriam,

480 2544 680 2599 exinde
710 2543 778 2600 de
822 2545 1064 2615 generali
1100 2552 1155 2600 et
1200 2545 1495 2601 universali
1552 2543 1895 2615 philosophia
1949 2552 2067 2598 tra-

484 2644 599 2689 ctat
627 2644 682 2690 et
708 2636 912 2692 virtute
964 2652 1088 2707 qua:
1121 2636 1279 2708 quasi
1319 2636 1373 2690 in
1416 2636 1609 2707 ﬁguris
1646 2636 2067 2706 contemplatio-

484 2742 607 2781 nem
635 2734 684 2782 et
722 2727 936 2784 praxim
963 2727 1252 2799 discernit.
1297 2726 1584 2794 Quomodo
1611 2742 1744 2799 ergo
1792 2728 1899 2782 illa;
1935 2728 2072 2783 diri—

482 2822 672 2887 genda:
700 2819 812 2873 sint
850 2825 945 2873 aut
969 2818 1246 2888 quomodo
1277 2828 1528 2889 agentem
1569 2817 2070 2873 considerationem

486 2910 681 2967 offerre
707 2909 817 2966 Deo
851 2919 1099 2982 oporteat
1132 2927 1228 2981 per
1251 2911 1528 2980 expositas
1567 2910 1808 2965 ostendit
1852 2919 2073 2965 senten—

486 3004 615 3064 tias.
642 3018 746 3057 nec
770 3002 1032 3058 resistere
1064 3004 1322 3056 omnibus
1366 3001 1715 3057 sermonibus
1760 3001 2071 3071 jurgiornm

489 3102 787 3149 amatorem
816 3093 1198 3149 adversantem
1245 3106 1497 3164 monens,
1544 3092 1713 3162 impio
1742 3091 1890 3162 quod
1920 3090 2074 3147 ﬁeret

495 3198 663 3247 more,
687 3199 789 3240 nec
814 3199 946 3255 ergo
979 3184 1235 3239 omnibus
1284 3184 1489 3257 pariter
1553 3184 1838 3239 cedentem
1882 3198 2070 3238 aurem

492 3274 752 3350 praebere,
792 3273 942 3346 quod
979 3276 1099 3330 sine
1139 3273 1353 3346 judicio
1389 3272 1579 3340 ﬁeret;
1634 3275 1728 3330 sed
1782 3273 2069 3330 sciendum

490 3373 561 3425 .te
611 3368 989 3438 contemplatu
1038 3374 1092 3422 et
1129 3376 1253 3422 actu
1297 3367 1422 3424 istis
1467 3370 1669 3440 opponi
1725 3376 1778 3423 et
1817 3366 2074 3422 resistere

490 3473 614 3529 quae
647 3458 845 3513 novisti
882 3458 1027 3513 dicta
1059 3458 1239 3513 aliena
1281 3460 1350 3515 ab
1379 3460 1696 3531 evangelica
1727 3459 1997 3529 sapientia
2020 3465 2076 3511 et

495 3548 874 3619 iegislatione;
915 3548 1253 3619 ipsisautem
1278 3550 1537 3605 comitem
1596 3557 1652 3605 et
1719 3551 2070 3619 subsequen-

494 3648 604 3693 tem
630 3637 829 3693 adesse
857 3638 949 3707 qui
981 3637 1145 3709 digne
1186 3636 1395 3709 Spiritu
1441 3646 1635 3694 sancto
1675 3648 2078 3694 conversantur

495 3738 712 3795 tecum;
740 3739 793 3784 et
818 3728 941 3785 istis
971 3730 1025 3784 in
1059 3744 1318 3785 mensura
1359 3739 1414 3785 et
1448 3739 1716 3801 quantum
1762 3730 1940 3795 decet,
1986 3745 2073 3785 re-

496 3820 803 3876 sistendum
836 3836 961 3876 eum
998 3822 1259 3877 resistere
1284 3822 1489 3877 bonum
1521 3829 1629 3888 est,
1664 3829 1719 3877 et
1753 3821 2076 3876 consocium

498 3921 550 3966 te
594 3909 943 3981 praebendum
981 3919 1249 3981 quantum
1313 3911 1572 3966 comitem
1612 3910 1728 3965 lieri
1787 3911 2076 3976 convenit;

498 4015 552 4060 et
590 4005 859 4061 ambobus
910 4003 1134 4074 quando
1175 4010 1548 4073 opportunum
1598 4009 1683 4055 est
1716 4008 1933 4071 tempus
1960 4001 2080 4056 sive

500 4097 805 4156 ubsistendi
839 4097 957 4153 sive
1000 4094 1407 4152 consentiendi.
1461 4083 1752 4149 Subdittﬁu
1802 4107 1926 4148 esse
1968 4090 2080 4147 Deo

500 4188 1014 4259 pizescrLIiitpotius
1040 4202 1205 4258 quam
1257 4185 1553 4247 dominari,
1602 4184 1816 4240 scilicet
1872 4183 2079 4251 bonum

502 4298 627 4337 esse
659 4297 755 4352 per
783 4282 943 4337 [idem
974 4281 1257 4337 adhaerere
1285 4278 1419 4343 Deo,
1450 4293 1668 4334 onmem
1705 4277 1760 4331 in
1800 4277 1919 4347 ipso
1941 4276 2082 4331 ﬁdu-

503 4372 646 4424 ciam
672 4370 956 4436 habentes,
984 4372 1167 4442 potius
1200 4385 1362 4441 quam
1394 4368 1584 4424 multis
1615 4368 1967 4424 sermonibus
1988 4368 2086 4422 do-

507 4459 707 4515 minari
732 4460 788 4515 in
828 4460 1007 4532 ipsum
1035 4468 1090 4517 et
1116 4460 1291 4516 videri
1321 4460 1675 4515 reluctantes.
1694 4459 1915 4525 Quare?
1945 4459 2085 4526 Quia

506 4551 679 4607 multa
710 4553 983 4622 loquentis
1027 4561 1082 4607 et
1111 4567 1305 4622 sapere
1357 4550 1688 4606 conlhlentis
1728 4552 1783 4605 in
1831 4552 2081 4607 multilo-

508 4644 641 4713 quin
667 4644 943 4715 superﬂuo
971 4660 1080 4699 non
1113 4645 1288 4700 deerit
1310 4655 1595 4716 peccatum
1614 4652 1667 4698 et
1696 4645 1878 4697 omnis
1899 4660 2083 4700 sermo

511 4736 567 4790 in
625 4736 917 4791 adversum
975 4742 1167 4791 contra
1210 4735 1386 4804 ipsum
1422 4734 1791 4789 resistentiam
1843 4734 2083 4801 ali'erret,

511 4834 566 4879 et
593 4826 881 4882 molestum
906 4837 988 4883 est
1020 4827 1128 4881 hoc
1155 4844 1170 4886 :
1226 4835 1419 4880 contra
1446 4826 1613 4881 vitam
1652 4827 2004 4897 tranquillam
2033 4835 2089 4884 et

512 4918 850 4987 spiritualem
884 4930 937 4976 et
967 4919 1181 4974 actibus
1215 4917 1585 4973 abundantem
1613 4917 1853 4989 degenti,
1874 4920 2088 4977 minus-

1822 329 2121 389 NICETAS
2153 328 2361 386 DAVID

3623 308 3720 364 τος

2148 450 2324 522 χθείη,
2356 448 2455 501 οὐκ
2494 445 2558 499 ἂν
2586 444 2799 498 δύναιτο
2828 441 2929 512 τῆς
2962 435 3324 509 ἁληθοσοφίας
3352 432 3447 489 καὶ
3479 446 3719 522 πνευμα-

2148 520 2305 610 τικῆς
2324 538 2564 610 ὁράσεως
2583 536 2658 599 ὡς
2683 536 2790 606 χρὴ
2824 533 3114 605 μετασχεῖν
3132 546 3147 560 ⁸
3184 529 3250 583 δι’
3279 527 3307 580 ὃ
3332 524 3481 593 λέγει
3507 541 3519 555 ·
3568 520 3720 575 Ἐπὸο

2150 630 2274 684 θετό
2316 647 2400 692 τις
2444 627 2578 699 ἐμοῦ
2616 626 2905 698 πρόϐλημα
2944 618 3315 692 πνευματικὸν
3359 615 3456 670 καὶ
3491 612 3725 685 θεωρίας

2150 722 2406 793 ἐχόμενον
2431 719 2697 791 μυστικῆς
2712 734 2726 748 ο
2751 715 2861 780 ἐγὼ
2883 716 2940 769 δὲ
2964 714 3149 767 τοῦτον
3173 710 3272 780 οὐχ
3290 708 3469 778 ἀγνῶς
3485 704 3723 777 βιούντα,

2151 811 2285 866 ἀλλά
2318 811 2412 864 καὶ
2459 810 2671 879 αἴσχεσι
2703 806 2956 878 ῥυπῶντα
2986 802 3141 865 εἰδὼς
3162 841 3177 867 ,
3214 802 3371 869 ἔφην,
3410 798 3501 868 Μὴ
3536 795 3728 867 ῥητέον

2151 898 2291 955 εἶναι
2319 901 2379 954 τὸ
2410 898 2740 972 προϐληθὲν,
2782 896 2874 950 ἐὰν
2902 895 2975 965 μὴ
3022 892 3238 964 πρῶτον
3270 886 3613 959 ὲκκαθαρθῇς
3635 903 3652 916 ο
3702 887 3730 938 δ

2156 993 2212 1045 δὲ
2240 991 2403 1045 πάλιν
2427 1008 2440 1021 ·
2475 991 2541 1043 Εἴ
2566 1006 2695 1042 ποτε
2720 988 2813 1041 καὶ
2842 986 3028 1058 ῥυπῶν
3060 980 3148 1055 ῆν,
3176 980 3289 1036 ἀλλ’
3323 979 3445 1050 οὐχὶ
3474 979 3570 1031 καὶ
3592 977 3691 1029 νῦν
3713 992 3727 1007 ⁸

2152 1083 2325 1138 ταῦτα
2354 1083 2462 1153 γὰρ
2516 1084 2580 1152 τῇ
2608 1081 2701 1134 τοῦ
2753 1079 2912 1147 λόγου
2946 1073 3380 1129 συνυπακούεται
3408 1069 3729 1139 ἀκολουθίᾳο

2154 1174 2310 1244 κάγὼ
2358 1175 2491 1246 πρὸς
2534 1174 2730 1227 αὐτόν’
2779 1172 2842 1224 Εἰ
2881 1169 2973 1223 καὶ
3016 1167 3111 1220 νῦν
3143 1166 3439 1238 σωφρονεῖν
3464 1164 3568 1234 φῂς
3598 1161 3733 1231 (82),

2154 1266 2267 1319 ἀλλ’
2304 1264 2397 1317 ἐὰν
2444 1263 2517 1334 μὴ
2549 1263 2642 1316 καὶ
2678 1260 2783 1314 τῶν
2823 1258 2989 1313 πάλαι
3023 1258 3209 1329 ρύπων
3239 1252 3623 1326 ἀπορῤυφθῇς,
3676 1253 3735 1304 οὐ

2157 1354 2313 1424 οὲμις
2345 1369 2428 1405 σοι
2449 1351 2556 1405 τῶν
2582 1350 2675 1403 τοῦ
2703 1348 3011 1419 πνεύματος
3036 1345 3350 1418 μυστηρίων
3378 1343 3735 1414 μεταλαχεῖν·

2156 1445 2236 1499 δεῖ
2266 1444 2373 1514 γάρ
2406 1461 2464 1497 σε
2495 1443 2589 1496 νῦν
2616 1441 2703 1496 διὰ
2728 1441 2981 1513 πράξεως
3013 1441 3188 1495 πάντα
3218 1438 3408 1509 μῶμον
3434 1436 3525 1489 καὶ
3556 1435 3741 1487 σπῖλον

2157 1536 2276 1600 νοὸς
2320 1534 2768 1605 ὲκκαθηράμενον
2809 1532 2903 1586 καὶ
2950 1531 3148 1601 ψυχῆς,
3202 1527 3345 1582 οὕτω
3386 1527 3485 1597 τῆς
3530 1524 3740 1595 ὺᾲηλῆς

2160 1626 2424 1698 ἐπήϐολον
2452 1621 2588 1677 εἶναι
2622 1622 2731 1676 τῶν
2768 1622 2929 1676 θείων
2952 1620 3204 1691 θεωρίας.
3239 1618 3352 1671 Καὶ
3378 1618 3439 1670 τὸ
3476 1615 3740 1686 παράδει-

2159 1735 2275 1788 γμα
2309 1718 2505 1771 οἰκεῖον
2548 1715 2642 1768 κα).
2690 1713 2885 1785 κομιδῇ
2924 1711 3203 1784 προσφυὲς
3228 1709 3375 1781 (83)·
3424 1708 3610 1761 σκεύει
3640 1704 3741 1775 γὰρ

2160 1806 2425 1869 δυσωδίας
2444 1804 2702 1868 ἀπόζοντι
2728 1804 2822 1858 καὶ
2849 1803 3210 1875 μεμιασμένῳ
3237 1802 3331 1855 καὶ
3357 1798 3552 1870 σαπρῷ
3572 1796 3739 1859 οὐδεὶς

2160 1898 2228 1952 ἂν
2260 1900 2325 1969 τῇ
2363 1896 2456 1950 τοῦ
2500 1895 2675 1968 μύρου
2709 1893 3153 1966 τιμαλφεστάτην
3196 1888 3627 1945 καταπιπεύσοι
3655 1887 3743 1939 εὖ·

2160 1990 2348 2044 ωδίαν.

2162 2082 2195 2134 9
2226 2080 2370 2147 Μήτ’
2396 2080 2690 2147 ἀντίτεινε
2715 2077 2865 2134 πᾶσι
2889 2077 3028 2147 μήθ’
3057 2076 3209 2147 ἕπου
3235 2076 3439 2147 λόγοις
3459 2088 3477 2104 ⁶

2164 2152 2232 2205 10
2255 2144 2408 2204 Ἀλλ’
2444 2145 2535 2214 οἷς
2566 2150 2785 2216 ἐπίστῃ
2816 2144 2914 2201 καὶ
2940 2147 3091 2201 ὅσον
3118 2144 3216 2199 καὶ
3248 2146 3476 2216 πηνίκα
3497 2160 3514 2175 ·

2164 2222 2225 2275 ‘ll
2269 2222 2416 2275 Θεοῦ
2454 2212 2524 2272 δέ
2559 2212 2810 2288 pinax
2833 2218 3049 2286 ἐξέχου
3080 2212 3640 2288 ἢᾼπρορξτὰτειίὸηίγ

2166 2291 2234 2344 19.
2260 2292 2427 2359 Λόγῳ
2460 2284 2701 2344 παλαίει
2732 2286 2852 2353 πᾶς
2881 2284 3084 2357 λόγος,
3110 2286 3229 2350 ,ϐίῳ
3259 2284 3327 2337 δὲ
3355 2284 3483 2348 τίςέ

2236 2380 2463 2445 Διδάξας
2498 2379 2802 2448 ἀναγκαίας
2828 2376 2994 2443 οὔσας
3021 2376 3099 2448 τῷ
3120 2375 3311 2445 τελείῳ
3341 2375 3441 2445 τήν
3466 2391 3524 2427 τε
3551 2372 3747 2444 πρᾶξιν

2166 2472 2366 2543 ὁμοίως
2394 2472 2485 2525 κα)¹
2518 2470 2615 2543 τὴν
2654 2469 2922 2541 Θεωρίαν,
2959 2467 3207 2521 ἐντεῦθεν
3245 2466 3373 2537 περὶ
3401 2465 3499 2534 τῆς
3526 2464 3743 2533 γενικῆς

2168 2565 2264 2619 καὶ
2318 2562 2548 2616 καθόλου
2600 2561 2918 2631 φιλοσοφίας
2982 2557 3336 2629 διαλαμϐάνει
3389 2555 3487 2609 κα)⁸
3528 2554 3741 2625 ἀρετῆς,

2167 2654 2289 2724 ἥτις
2324 2650 2512 2723 ῶσπερ
2543 2651 2621 2714 είς
2660 2650 2775 2719 εἴδη
2808 2648 3039 2720 θεωρίαν
3074 2648 3174 2700 καὶ
3210 2645 3412 2718 πρᾶξιν
3438 2644 3740 2715 διαιρεῖται.

2171 2742 2296 2807 Πῶς
2322 2737 2415 2795 οὖν
2458 2742 2629 2805 αὑτὰς
2671 2739 3068 2812 κατορθωτέον,
3109 2738 3144 2809 ἢ
3172 2738 3287 2802 πῶς
3316 2737 3633 2808 ἔμπρακτον
3657 2735 3745 2803 τὴν

2173 2832 2405 2905 θεωρίαν
2447 2833 2755 2888 ἀποδιδόναι
2786 2833 2892 2904 χρὴ
2924 2832 3002 2904 τῷ
3026 2831 3144 2903 Θεῷ
3164 2829 3306 2901 (85),
3351 2830 3439 2883 διὸ
3486 2830 3593 2883 τῶν
3620 2846 3743 2900 προ-

2177 2922 2446 2993 κειμένων
2477 2921 2809 2974 ὲπιδείκνυσι
2840 2918 3093 2990 γνωμῶν,
3126 2917 3251 2991 μήτ’
3280 2915 3599 2970 ἀντιτείνειν
3621 2915 3745 2966 πᾶσι

2177 3013 2354 3082 λόγοις
2370 3011 2686 3081 φιλονείκως
2704 3010 3105 3081 ἀντιτιθέμενον
3124 3007 3403 3076 παραινῶν
3424 3022 3437 3036 ο
3462 3005 3744 3068 ἀνευλαϐὲς

2178 3103 2313 3173 γάρ·
2348 3102 2471 3174 μήτ’
2501 3098 2595 3156 οὖν
2624 3101 2787 3156 πᾶσιν
2813 3102 3009 3172 ὁμοίως
3045 3098 3315 3169 ὑπέχοντα
3339 3096 3400 3166 to
3432 3091 3523 3159 οὖς
3554 3097 3749 3147 ἐπακοο

2178 3194 2385 3246 λουθεῖν
2409 3208 2422 3223 ⁶
2455 3194 2769 3264 ἀδιάκριτον
2792 3194 2900 3263 γάρ
2928 3208 2941 3222 ⁸
2986 3190 3099 3245 ἀλλ’
3151 3188 3347 3242 εἰδέναι
3377 3186 3504 3257 περί
3541 3202 3599 3238 τε
3642 3184 3749 3237 τῶν

2180 3283 2496 3357 θεωρητέων
2540 3284 2632 3337 καὶ
2662 3282 2948 3353 πρακτέων
2977 3279 3202 3344 ἐκείνοις
3227 3277 3532 3333 ἀντιτείνειν
3555 3291 3614 3327 τε
3654 3272 3753 3325 καὶ

2179 3373 2570 3437 ἀνθίστασθαι,
2607 3366 2688 3436 οἷς
2734 3367 2878 3435 οἶδας
2927 3369 3221 3441 ἀλλοτρίως
3260 3367 3354 3437 τῆς
3393 3362 3752 3433 εὖαγγελικῆς

2179 3466 2495 3535 λεγομένοις
2527 3464 2811 3532 θεοσοφίας
2847 3463 2937 3516 καὶ
2965 3459 3306 3532 νομοθεσίας,
3326 3456 3592 3517 κάκείνοις
3622 3453 3753 3506 ’ἑπε-

2184 3556 2307 3609 σθαι
2349 3556 2444 3609 καὶ
2478 3556 2710 3625 στοιχεῖν
2744 3556 2855 3617 τοῖς
2896 3552 3061 3616 ἀξίως
3110 3549 3204 3603 τοῦ
3244 3549 3399 3618 ἁγίου
3444 3544 3753 3615 Πνεύματος

2181 3645 2529 3716 λαλουμένοις
2560 3644 2696 3715 πρὸς
2728 3644 2809 3707 σὲ,
2850 3644 2944 3696 καὶ
2973 3642 3183 3704 τούτοις
3222 3641 3278 3692 ὲν
3309 3639 3493 3709 μέτρῳ
3518 3636 3614 3689 κα)⁸
3637 3635 3753 3687 ὅσον

2182 3737 2262 3790 δεῖ
2286 3737 2378 3789 καὶ
2406 3735 2727 3803 ἀντιλέγειν,
2751 3728 2831 3797 οἷς
2857 3733 3171 3787 ἀντιτείνειν
3202 3730 3375 3795 ἀξιον,
3403 3729 3498 3782 καὶ
3534 3722 3751 3779 ἔπεσθαι

2183 3829 2304 3882 ὅσον
2331 3827 2643 3882 ἀκολουθεῖν
2670 3826 2935 3897 προσῆκε,
2974 3822 3069 3875 καὶ
3096 3822 3301 3875 τούτων
3321 3821 3526 3891 ἀμφοῖν
3551 3814 3753 3886 ὁπηνίκ’

2186 3921 2312 3992 δινῆ
2348 3920 2538 3992 καιρὸς
2575 3917 3009 3990 ἀντιρρήσεωςῆ
3053 3913 3484 3984 ἀκολουθήσεως.
3522 3908 3658 3963 Θεοῦ
3703 3905 3754 3959 δὲ

2189 4012 2388 4083 μᾶλλον
2416 4009 2695 4080 ἐξὲχεσθαι
2736 4010 2769 4081 ἢ
2801 4010 3129 4077 προστατεῖν
3154 4004 3528 4059 διακελεύεται
3551 4020 3565 4033 ·
3606 3999 3756 4055 καλὸν

2187 4104 2324 4159 εἶναι
2352 4103 2438 4157 διὰ
2492 4104 2728 4165 πίστεως
2774 4100 3104 4173 ἐξηρτῆσθαι
3151 4098 3247 4152 τοῦ
3279 4096 3437 4161 Θεοῦ,
3491 4095 3595 4167 τὴν
3642 4091 3759 4161 ὅλην

2188 4196 2275 4247 ἐπ’
2302 4191 2450 4264 αὐτῷ
2485 4190 2807 4262 πεποίθησιν
2837 4191 3055 4261 ἔχοντας
3074 4232 3089 4256 ,
3120 4188 3153 4259 ἢ
3183 4187 3396 4250 πολλοῖς
3427 4184 3613 4254 λόγοις
3633 4197 3757 4254 «pm

2190 4287 2419 4339 στατεῖν
2449 4282 2614 4337 αὑτοῦ
2654 4285 2748 4337 καὶ
2777 4282 2933 4353 δῆθεν
2963 4282 3318 4354 ὑπερμαχεῖν.
3353 4278 3517 4340 Τίνος
3552 4278 3759 4337 ἓνεκενς

2191 4378 2313 4431 Ὅτι
2353 4376 2430 4447 τῷ
2472 4374 2641 4429 πολλά
2674 4375 2884 4444 λέγοντι
2919 4374 3014 4428 καὶ
3054 4371 3392 4442 σοφιζομένῳ
3439 4369 3678 4442 περισσὰ
3702 4367 3760 4418 ἐκ

2190 4470 2288 4539 τῆς
2312 4470 2635 4538 πολυλογίας
2667 4468 2767 4521 οὐκ
2800 4467 3065 4536 ἐπιλείψει
3097 4466 3307 4537 μῶμος,
3346 4463 3444 4517 καὶ
3482 4465 3592 4527 πᾶς
3617 4460 3763 4529 λόγος

2188 4559 2267 4621 εἰς
2293 4558 2580 4612 ἀντίπαλον
2603 4557 2750 4626 αὐτῷ
2776 4557 3183 4627 παραστήσεται
3202 4553 3337 4625 (86),
3354 4552 3449 4605 καὶ
3482 4551 3645 4606 τοῦτο
3670 4565 3760 4601 που

2190 4650 2351 4721 νηρόν
2379 4667 2392 4681 ο
2428 4648 2527 4721 βίῳ
2554 4651 2609 4704 δὲ
2639 4649 2828 4721 ἡσύχῳ
2853 4649 2946 4704 καὶ
2979 4644 3336 4717 πνευματικῷ
3366 4643 3465 4697 καὶ
3500 4644 3573 4697 τὰ
3608 4638 3763 4696 πολλᾶ

2192 4743 2319 4814 περὶ
2350 4742 2574 4815 πρᾶξιν,
2623 4739 2785 4816 ἦττον
2817 4743 2874 4796 δὲ
2912 4742 3038 4812 περὶ
3081 4741 3235 4808 λόγον
3268 4738 3585 4809 ποιουμένῳ
3621 4736 3701 4798 τίς
3736 4734 3762 4785 ὁ

2193 4836 2558 4890 ἀντιπαλαίων
2598 4836 2631 4907 ἢ
2677 4834 3193 4905 ἀντιδιατιθέμενοςς
3247 4832 3467 4894 πάντως
3515 4831 3551 4901 ἢ
3601 4826 3763 4888 οὐδεὶς

2192 4925 2343 4980 ἔσται
2369 4928 2400 4998 ἢ
2434 4930 2526 4982 καὶ
2551 4924 2704 4992 οὗτος
2731 4927 2839 4980 τῶν
2864 4922 3346 4994 κατεγνωσμένων.

516 5030 623 5084 que
665 5016 834 5072 verbo
872 5016 1079 5087 potenti
1128 5015 1252 5086 quis
1305 5014 1538 5071 obsistet
1568 5022 1663 5069 aut
1700 5015 2047 5073 adversarius
2073 5019 2277 5076 stabit?
2299 5023 2548 5081 Profecto
2582 5032 2675 5079 aut
2706 5022 2888 5078 nullus
2920 5029 3014 5075 aut
3040 5019 3087 5076 si
3118 5019 3243 5090 quis
3264 5026 3351 5073 est
3380 5032 3411 5071 e
3437 5015 3763 5071 condemna-
3818 5058 3825 5061 .

518 5107 594 5162 tis
623 5105 713 5159 ille
750 5106 1096 5163 adversarius
1121 5107 1244 5164 erit.

597 5237 710 5306 (82)
740 5234 874 5306 god.
891 5236 1052 5306 φήις.

598 5303 710 5378 (83)
749 5304 849 5378 Sic
888 5303 1145 5378 Horatius
1170 5321 1214 5378 :_
1239 5303 1637 5378 Sincermuest
1656 5305 1896 5378 nisibus.
1930 5306 2086 5378 quod-

524 5373 725 5448 cunque
762 5374 1004 5448 infundis
1046 5373 1235 5448 acescit
1269 5373 1474 5448 _(_Epi._st.
1521 5376 1570 5448 |_,
1608 5374 1665 5435 2.
1700 5374 1809 5444 54).
1843 5374 1903 5428 Et
1934 5373 2095 5448 Chri-

526 5442 649 5505 stus
681 5451 794 5517 ipse
841 5447 896 5502 in
912 5442 1204 5511 Evangelio
1235 5442 1449 5517 (Manli.
1485 5445 1560 5514 ix)
1599 5442 1785 5517 vetat,
1820 5461 1888 5499 ne
1910 5446 2094 5499 viuum

529 5514 729 5573 novum
772 5516 825 5569 in
860 5526 1073 5569 veteres
1108 5521 1257 5567 utres
1289 5514 1553 5567 mittatur.
1599 5514 1836 5568 Βιιωυε.

601 5588 712 5650 (84)
738 5586 872 5640 Cod.
907 5583 1250 5656 προστάττει.
1285 5582 1671 5656 Βιιεὶιηπλεῖον.
1701 5583 1885 5656 Venet.
1914 5584 2095 5656 πλεῖοι)

531 5657 718 5726 ιξὲχου
759 5658 792 5725 ἢ
825 5652 1155 5726 προστάττῃ.
1185 5652 1423 5726 Zonaras
1454 5653 1545 5726 fol.
1578 5653 1690 5726 7v.
1714 5653 1897 5726 éﬁéxou
1925 5653 2095 5726 δὲκαὶ

412 5752 475 5795 μ
532 5721 798 5795 ἐξήρτησό
824 5721 915 5777 τοῦ
957 5721 1583 5795 Θεοῦζπεποιμθῲςᾲμῄτε
1615 5723 1907 5795 ἐπιλογων
1934 5721 2092 5795 δυνά-

182 5766 515 5861 f“
532 5766 664 5867 ῖιέἶῖ
677 5766 816 5865 illi};
834 5766 935 5846 τέ·
960 5766 1435 5862 ἔξξὶἱυέξίζῆἷῖς
1448 5766 1916 5862 Ἦλῐρὲξςὶιῆἶπέι
1938 5766 2093 5863 Μὶν

2193 5236 2342 5308 Θεῷ·
2375 5239 2531 5293 τοῦτο
2552 5238 2660 5309 γάρ
2697 5233 3091 5309 ἐστιξτὺλθεοῦ
3112 5233 3169 5309 δὲ
3199 5232 3382 5286 πλεῖον
3406 5232 3607 5309 ἐξεχού
3637 5227 3767 5309 παρὸ

2194 5300 2536 5380 προστάττῃ·
2564 5300 2729 5380 ’παρὸ
2757 5306 2957 5380 δηλαδὴ
2996 5305 3301 5375 παρίστασο
3334 5302 3429 5355 καὶ
3462 5300 3767 5371 ὑπερμάχει

2194 5369 2354 5431 αὖτοῦ
2389 5382 2445 5431 ἐν
2475 5369 2672 5445 λ’όγοιςξ

2264 5449 2374 5517 (85)
2407 5441 2686 5518 (1ηι1ίχρῆ
2712 5445 2788 5516 τῷ
2813 5445 2861 5500 0.
2894 5452 2949 5518 et
2978 5459 3142 5518 supra
3170 5442 3203 5511 ἦ
3232 5441 3640 5518 s_ctjptunt_va_z.

2266 5506 2376 5587 (86')
2410 5506 2848 5589 Παραστήσετίαι,
2874 5515 2953 5571 sic
2977 5506 3139 5589 etiam
3165 5506 3289 5566 c'od.
3315 5506 3557 5589 Sirlctti;
3590 5506 3767 5589 Btﬂius

2197 5576 2399 5643 mavuit
2428 5576 2815 5659 περιστήσεται
2838 5576 3012 5653 atque
3033 5583 3277 5637 Nicetam
3305 5583 3601 5659 vituperat,
3628 5576 3763 5659 quod

2204 5673 2333 5739 non.
2366 5654 2511 5716 satis
2547 5654 2829 5730 perispicuc
2861 5664 3117 5726 exponat,
3173 5666 3294 5722 quae
3341 5654 3410 5707 sit
3447 5666 3608 5705 mens
3645 5654 3769 5707 ϐω·

2201 5744 2358 5799 gorn.
