4030 6232
341 281 449 337 795

345 401 414 457 l3
444 400 512 454 Ἠ
535 396 622 468 μὴ
643 395 978 463 διδάσκειν,
1012 395 1393 466 ἣδιδάσκειν
1414 397 1495 463 τῷ
1524 397 1740 465 τρόπῳ.

417 487 597 544 Καλὸν
638 491 673 559 ὴ
730 488 934 561 σιωπὴ,
983 489 1146 558 φησὶν
1175 492 1204 543 6
1233 489 1375 552 θεῖος
1399 487 1746 554 Διδάσκαλος,
1773 487 1931 559 δῆλον

341 583 426 636 ὅτι
454 583 568 644 τοῖς
597 580 924 662 ἀρχομένοις
952 580 1301 646 ἐξασκεῖσθαι
1323 580 1424 651 τὴν
1452 579 1673 652 ἀρετὴν*
1695 581 1790 634 καὶ
1821 580 1929 652 μὴ’

344 695 435 734 πω
453 677 656 746 ταύτην
674 675 948 729 διδάσκειν
971 672 1330 745 κεκλημένοις
1353 689 1368 704 ο
1395 674 1444 726 εί
1465 672 1521 725 δὲ
1544 673 1638 726 καὶ
1657 671 1931 726 διδάσκειν

343 769 624 840 ἐρωτικῶς
663 767 877 837 ἔχουσιν
916 759 1099 830 οὗτοι,
1156 765 1234 837 τῷ
1270 765 1458 837 τρόπῳ
1490 765 1690 838 μᾶλλον
1727 766 1821 819 καὶ
1864 768 1928 837 τῇ

345 861 677 916 καταστάσει
717 860 816 930 τῆς
845 859 964 913 κατ’
1010 859 1209 924 αὐτοὺς
1257 858 1533 922 πολιτείας
1570 859 1669 930 τὴν
1711 857 1932 929 διδαχὴν

344 949 829 1006 ὲπιδεικνύτωσαν.
880 951 1036 1002 Δυοῖν
1077 949 1186 1020 γὰρ
1223 949 1422 1024 χειρῶν
1456 948 1648 1016 ὄντων,
1689 948 1802 1019 βίου
1837 949 1932 1001 καὶ

348 1044 528 1108 λόγου,
559 1042 620 1094 οὐ
643 1040 849 1093 δίκαιον
875 1038 984 1092 οὐδ’
1003 1039 1222 1103 εὐσεϐὲς
1257 1039 1323 1094 ἂν
1347 1038 1432 1112 εἴη
1455 1042 1521 1111 τῇ
1551 1041 1650 1110 μιᾷ
1667 1039 1764 1110 μὲν
1789 1039 1936 1110 χειρὶ

343 1137 473 1200 τοὺς
507 1133 879 1206 μανθάνοντας
911 1131 1266 1202 ἐφέλκεσθαι,
1329 1135 1394 1204 τῇ
1432 1132 1595 1204 ἑτέρᾳ
1624 1132 1681 1185 δὲ
1709 1131 1932 1195 τούτους

344 1225 685 1283 ἀπωθεῖσθαι
713 1243 728 1258 ο
755 1225 844 1280 διὰ
867 1225 960 1279 τοῦ
992 1224 1107 1297 βίου
1139 1226 1240 1298 μὲν
1269 1226 1574 1298 προτείνειν
1605 1224 1928 1296 ἀμώμητον,

343 1322 500 1391 λόγον
525 1321 582 1374 δὲ
617 1321 876 1392 μωμητόν
897 1335 913 1352 ⁸
963 1319 997 1390 ἢ
1034 1321 1179 1392 λόγῳ
1213 1319 1312 1392 μὲν
1345 1319 1494 1373 εὐθεῖ
1528 1318 1620 1374 καὶ
1651 1317 1932 1390 ὀρθοτόμῳ

344 1415 602 1487 χρῆσθαι,
638 1415 737 1486 βίῳ
773 1414 832 1467 δὲ
869 1413 1229 1485 ῥυπαίνεσθαι
1272 1413 1492 1484 ἀνάγνῳ
1521 1413 1613 1466 καὶ
1647 1409 1927 1482 μοχθηρῷ.

346 1507 456 1560 Καὶ
497 1505 606 1578 γὰρ
655 1506 945 1576 κράτιστον
989 1505 1090 1576 μὲν
1133 1504 1464 1576 ἀμφοτέροις
1493 1502 1832 1572 εὐδοκιμεῖνο
1880 1500 1930 1552 εί

340 1598 389 1652 δ’
417 1598 618 1666 ἀμφοῖν
645 1596 946 1668 ἀμήχανον,
967 1595 1066 1666 τῆς
1092 1593 1234 1648 κατά
1258 1593 1456 1665 πρᾶξιν
1483 1591 1578 1645 καὶ
1606 1590 1719 1662 βίον
1743 1589 1931 1659 σεμνό-

342 1707 506 1762 τητος
547 1688 748 1761 μᾶλλον
783 1687 1160 1759 ἐπιμελητέον,
1207 1685 1300 1740 καὶ
1338 1683 1510 1755 ταύτῃ
1560 1682 1654 1736 τοῦ
1681 1681 1840 1750 λόγου
1871 1679 1932 1733 τὸ

341 1783 528 1836 λεῖπον
557 1779 1001 1852 ἀναπληρωτέον.
1046 1779 1136 1842 Ὧς
1179 1776 1289 1848 γὰρ
1331 1777 1360 1828 6
1412 1774 1704 1847 ζωγράφος
1741 1773 1808 1826 οὐ
1842 1789 1931 1825 το-

344 1876 555 1939 σοῦτον,
589 1874 745 1945 φησὶ,
776 1876 889 1936 τοῖς
917 1871 1097 1940 λόγοις
1124 1870 1247 1923 ὅσον
1277 1869 1391 1932 τοῖς
1423 1865 1790 1937 ὐποδείγμασι
1822 1863 1930 1917 τῶν

344 1967 673 2041 ἀρχετύπων
699 1967 825 2030 τούς
862 1965 955 2019 ὐπ’
998 1962 1149 2032 αὐτῷ
1200 1962 1300 2033 τὴν
1325 1959 1604 2033 γραφικὴν
1635 1956 1931 2030 μανθάνον-

342 2077 445 2126 τας
479 2060 707 2131 ὠφελεῖ,
755 2059 927 2121 οὕτως
965 2059 1016 2111 οἱ
1042 2056 1133 2110 τὸν
1167 2058 1377 2127 μονήρη
1404 2053 1518 2124 βίον
1553 2053 1611 2106 ὲν
1645 2051 1931 2123 ἀμωμήτῳ

345 2155 542 2228 πράξει
575 2152 987 2226 κατορθοῦντες,
1012 2152 1072 2203 ὲν
1094 2147 1268 2220 τούτῳ
1293 2147 1494 2218 μᾶλλον
1521 2144 1931 2215 οίκοδομοῦντες

339 2249 472 2311 τοὺς
513 2246 857 2315 ὲγγίζοντας,
905 2236 1069 2314 ⁴ἦττον
1106 2239 1202 2294 τοῦ
1244 2238 1404 2308 λόγου
1446 2237 1546 2308 τῆς
1581 2235 1930 2297 διδασκαλίας

344 2338 668 2393 ὲπιδέονται.

351 2435 416 2490 17
449 2433 617 2501 Ὑμῖν
648 2429 804 2500 λέγω
836 2427 1103 2501 μάλιστα
1128 2425 1253 2501 τοῖς
1280 2423 1390 2480 τοῦ
1410 2423 1709 2501 βήματος,

349 2507 416 2561 18
460 2496 794 2572 Ὀφθαλμὸν
816 2499 971 2556 εἶναι
996 2498 1082 2569 μὴ
1105 2498 1369 2564 σκότους
1406 2496 1863 2564 πεπλησμένον.

321 2661 326 2665 4
427 2596 617 2666 ’Υμεῖς
651 2595 701 2647 οἱ
741 2592 868 2665 περὶ
894 2590 966 2644 τὸ·
996 2589 1150 2661 βῆμα
1192 2586 1289 2641 καὶ
1318 2585 1417 2658 τὴν
1457 2585 1611 2658 ίεράν
1642 2583 1927 2656 τράπεζαν

343 2690 572 2754 ἑαυτοὺς
601 2685 946 2759 παρενείρειν
973 2683 1070 2737 καὶ
1100 2680 1351 2736 είσωθεῖν
1376 2683 1443 2736 ὲκ
1478 2678 1785 2749 φιλοδοξίας
1834 2677 1928 2730 καὶ

345 2781 639 2856 φιλαρχίας
676 2777 1010 2851 βιαζόμενοι,
1057 2775 1169 2829 τῶν
1208 2773 1304 2827 τοῦ
1343 2771 1584 2846 μεγάλου
1626 2771 1928 2842 ἀρχιερέως

345 2872 674 2940 ἐνωτίζεσθε
715 2870 943 2942 φωνῶν*
986 2871 1116 2941 ὑμῖν
1141 2869 1257 2932 τοῖς
1282 2865 1392 2920 τῶν
1428 2864 1590 2936 ίερῶν
1628 2863 1774 2917 λαῶν
1801 2863 1926 2914 ἐπι-

349 2968 572 3032 σκόποις
610 2965 710 3038 τὴν
761 2963 1084 3037 παραίνεσιν
1126 2960 1333 3029 ταύτην
1385 2955 1819 3027 ἐπιφθέγγομαι·
1851 2952 1926 3025 μὴ

345 3060 615 3134 ὀφθαλμοὶ
638 3056 1010 3129 πεπλησμένοι
1031 3054 1278 3120 σκότους,
1296 3051 1434 3107 ἀλλὰ
1462 3049 1693 3121 πλήρεις
1708 3045 1925 3116 γίνεσθε

346 3156 524 3226 φωτός
543 3173 556 3188 ·
607 3153 682 3226 μὴ
717 3151 928 3215 ἀδικίας
956 3149 990 3221 ἢ
1040 3147 1263 3217 ἀγνοίας
1293 3145 1328 3217 ἢ
1366 3141 1646 3207 ἀσεϐείας,
1678 3139 1816 3194 ἀλλά
1845 3138 1930 3192 δι-

347 3249 641 3321 καιοσύνης
673 3246 768 3300 καὶ
790 3242 1046 3314 γνώσεως
1077 3241 1172 3295 καὶ
1201 3236 1486 3300 εὐσεϐείας
1519 3234 1804 3307 ἀρχέτυπα
1838 3247 1931 3301 γε-

348 3331 578 3417 νήθητε·
625 3341 842 3412 ἀνάγκη
887 3338 997 3410 γάρ
1031 3336 1158 3400 τοὺς
1197 3333 1302 3389 ὐπὸ
1347 3335 1509 3405 χεῖρα
1561 3329 1745 3394 λαοὺς,
1795 3326 1932 3399 πρὸς

351 3437 494 3507 ὑμᾶς
525 3432 852 3506 ἀφορῶντας
880 3429 1015 3500 (87),
1048 3422 1106 3480 εὖ
1136 3442 1197 3479 τε
1236 3424 1332 3478 καὶ
1363 3423 1440 3487 ὡς
1470 3421 1674 3492 ἑτέρως
1708 3417 1933 3489 ἔχοντας

351 3525 812 3600 ἐξομοιοῦσθαιτῇ
848 3522 1110 3594 μιμήσει*
1142 3519 1302 3590 ὑμεῖς
1331 3516 1442 3587 γάρ
1469 3517 1596 3568 ὲστε
1618 3511 1812 3582 λύχνος
1835 3510 1930 3563 τοῦ

354 3619 605 3691 σώματος
638 3617 736 3688 τῆς
777 3611 1127 3685 Ἐκκλησίας.
1173 3610 1387 3679 ’Ὠσπερ
1419 3600 1512 3660 οὖν
1547 3602 1702 3674 ὐμῶν
1744 3600 1934 3654 ἁπλῶν

353 3711 542 3773 ὅντων,
585 3708 682 3762 καὶ
721 3703 1052 3776 φωτοειδῶν,
1096 3703 1192 3756 καὶ
1218 3698 1478 3770 καθαρῶν
1513 3694 1674 3761 ὅλων,
1705 3695 1764 3746 ὲν
1795 3692 1935 3762 φωτὶ⁸

353 3805 415 3858 τὸ
453 3804 616 3875 σῶμα
649 3798 942 3872 πορεύεται
977 3797 1072 3851 καὶ
1101 3792 1426 3849 κατευθύνει
1452 3789 1554 3862 τὴν
1587 3787 1705 3841 ὁδὸν
1729 3783 1895 3839 αὐτοῦ
1917 3800 1933 3815 ο

353 3897 526 3960 οὔτως
554 3891 794 3965 ἔμπαλιν
840 3890 1008 3961 ζόφου
1042 3886 1321 3957 ἀγνωσίας
1357 3883 1451 3938 καὶ
1499 3879 1776 3953 ἁμαρτίας
1806 3878 1937 3932 ὐπο-

355 3988 626 4060 κειμένων
683 3983 1136 4056 αἰτιάμασιν,ὂλη
1153 3977 1340 4041 κακῶς
1378 3975 1579 4044 πάσχει
1626 3969 1721 4026 καὶ
1770 3984 1938 4060 novt}-

362 4055 580 4152 ρεύεται
621 4075 941 4148 Ἐκκλησία.
977 4069 1150 4144 Είπέρ
1187 4065 1302 4134 οὖν,
1336 4067 1524 4138 φησὶν,
1571 4065 1599 4118 6
1631 4061 1747 4134 φῶς
1793 4055 1938 4115 εἷναι

355 4174 529 4231 δοκῶν
557 4173 655 4228 καὶ
669 4170 948 4241 ὀφθαλμὸς
973 4167 1083 4222 τῶν
1110 4164 1214 4218 ὐπὸ
1236 4165 1392 4235 χεῖρα
1412 4160 1654 4222 πάντων,
1680 4158 1738 4210 ὲν
1763 4155 1940 4225 σκότῳ

360 4265 674 4338 πορεύεται,
710 4261 872 4324 αὐτὸς
900 4262 928 4314 6
961 4257 1049 4313 ἀεὶ
1067 4258 1179 4320 τοῖς
1207 4255 1398 4318 κακοῖς
1423 4249 1779 4322 ὲνισχημένος
1807 4247 1936 4311 λαὸς

359 4360 510 4431 πόσῳ
548 4355 748 4430 μᾶλλον
771 4355 838 4425 τῇ
863 4351 1034 4423 κακίᾳ
1058 4343 1613 4418 κατακρατηθήσεται
1636 4358 1652 4409 ;

356 4453 421 4508 21
471 4429 751 4518 Ἄ
768 4445 946 4516 ἔργον
965 4441 1254 4512 κρεῖσσον
1269 4436 1578 4506 ἀπράκτου
1593 4433 1782 4504 λόγου
1800 4429 1936 4502 (88).

430 4542 735 4598 Κάλλιστον
765 4537 885 4609 μὲν,
933 4535 1098 4606 φησὶν
1138 4533 1167 4586 6
1199 4525 1745 4604 ίεροφαντικώτατος,
1775 4521 1853 4593 τῷ
1877 4537 1938 4573 τε

357 4637 504 4707 λόγῳ
535 4634 633 4689 καὶ
663 4631 764 4703 βίῳ
790 4629 882 4684 τὸν
918 4624 1246 4699 Ἐκκλησίας
1266 4622 1433 4687 ἀξίως
1458 4618 1786 4692 προστατεῖν
1825 4613 1944 4684 βου-

357 4732 589 4803 λόμενον
611 4720 1135 4796 προκατωρθῶσθαι·
1149 4717 1243 4772 τοῦ
1260 4715 1378 4779 ἐνὸς
1389 4714 1446 4768 δὲ
1460 4711 1667 4766 τούτων
1684 4710 1810 4763 ύστε
1820 4706 1944 4803 ρού-

366 4795 550 4895 μένον,
585 4795 840 4890 κρεῖσσον
862 4795 928 4868 ἀν
954 4810 1042 4882 εἴη
1068 4808 1163 4864 καὶ¹
1181 4803 1621 4873 λυσιτελέστερον
1645 4801 1712 4869 τῇ
1740 4795 1939 4895 πράξει

361 4885 461 4985 τῆς
483 4885 688 4982 ἀρετῆς
711 4908 809 4962 καὶ
838 4904 916 4976 τῷ
959 4903 1060 4975 βίῳ
1085 4898 1242 4972 ’μετά
1269 4894 1539 4956 ἰδιωτείας
1573 4889 1669 4945 καὶ
1692 4885 1941 4959 ἀφωνίας

360 4978 539 5075 λόγου-
546 4978 749 5074 μᾶλλον
765 4993 1143 5068 εὐδοκιμεῖν,ἦ
1160 4991 1305 5062 λόγῳ
1320 4985 1460 5060 ψιλῷ
1477 4985 1570 5068 κάὶ
1589 4981 1824 5075 ἀκάρπῳ

363 5071 634 5170 ἀπράκτῳ
659 5092 964 5166 χρώμενον,
997 5087 1126 5158 είκῆ
1159 5079 1664 5170 μεγαλορῥημονεῖν
1685 5073 1780 5128 καὶ
1799 5071 1944 5170 διδά-

366 5160 518 5241 σκέιν
759 5160 1188 5250 ὑπολαμϐάνειν,
1221 5173 1366 5244 άπερ
1394 5169 1455 5222 οὐ
1475 5165 1734 5238 δέδρακεν
1756 5160 1938 5223 αὐτός.

364 5273 524 5336 Τίνος
560 5271 786 5334 ἓνεκεν;
821 5267 946 5323 Ὀτι
1000 5265 1116 5336 βίου
1174 5261 1275 5334 μὲν
1317 5257 1488 5331 χωρὶς
1517 5255 1614 5309 τοῦ
1660 5252 1804 5309 κατά
1843 5251 1943 5323 τὴν

366 5366 568 5436 πρᾶξιν
591 5363 695 5433 τῆς
726 5362 942 5432 ἐντολῆς
975 5357 1197 5425 καὶτῆς
1233 5351 1433 5425 ἀρετῆς
1477 5347 1652 5410 οὐδεὶς
1703 5344 1811 5399 ἀπὸ
1850 5343 1944 5397 τοῦ

365 5435 561 5524 αἰῶνος
603 5458 829 5530 ὑψηλὸς,
875 5452 1051 5516 οὐδεὶς
1087 5445 1347 5516 ἐδοξάσθη
1383 5442 1459 5505 ὡς
1485 5440 1713 5510 ἐγγίσας
1755 5435 1946 5509 Κυρίῳ

367 5553 464 5610 καὶ
487 5529 775 5623 ἀγιασθείς
794 5568 806 5581 ·
838 5547 933 5602 τοῦ
956 5541 1158 5617 σεμνοῦ
1183 5541 1240 5594 δὲ
1267 5538 1430 5609 λόγου
1465 5535 1558 5589 καὶ
1573 5531 1824 5604 τερπνῶς
1851 5529 1946 5584 καὶ

436 5733 550 5803 (87)
585 5730 720 5786 Cod.
752 5727 1098 5803 ἀφορῶν-ποις..

589 5777 1151 5860 laudat
1185 5791 1424 5850 Joannes
1467 5787 1663 5857 Georg.
1706 5782 1763 5840 in
1797 5778 2040 5841 Gnomol.
2078 5781 2140 5837 V.
2174 5779 2369 5838 Anccd.
2410 5777 2497 5835 Gr.

1345 279 1413 338 IN
1453 277 1774 338 CARMIMA
1814 279 2092 337 ARCANA
2132 279 2190 337 Ξ.
2233 278 2586 338 ρῐιεοοιιιι.

3513 281 3623 337 791»

2034 397 2102 452 15
2151 397 2241 451 νει
2262 415 2364 452 non
2395 397 2523 452 doce
2561 397 2639 452 vel
2677 397 2806 452 doce
2832 395 3091 462 moribus,
3119 403 3225 452 etc.

2101 488 2313 544 Bonum
2350 489 2657 558 silentium,
2698 490 2836 545 dicit
2881 488 3104 544 divinus
3151 487 3429 559 Magister,
3473 496 3618 560 pater

2030 580 2177 652 quod
2222 581 2611 650 incipientibus
2645 596 2704 636 se
2739 595 2996 636 exercere
3031 579 3097 634 ad
3131 579 3386 634 virtutem
3415 589 3471 634 et
3508 595 3619 634 non

2029 676 2240 731 vocatis
2277 675 2344 729 ad
2380 675 2556 744 ipsam
2584 670 2926 740 docendam;
2959 679 3014 727 et
3046 671 3093 728 si
3123 670 3358 726 docendi
3379 685 3624 724 antorem

2031 767 2124 823 isti
2155 766 2415 835 habeant,
2450 766 2700 822 moribus
2733 752 2920 836 potius
2961 773 3016 820 et
3051 763 3397 818 institutione
3426 761 3621 833 agendi

2032 860 2264 915 rationis
2322 859 2721 914 documentum
2773 857 3072 912 ostendant
3115 873 3130 910 :
3184 856 3422 910 duarum
3475 854 3620 909 enim

2032 969 2293 1008 manuum
2331 953 2508 1009 instar
2548 952 2692 1008 datis
2723 952 2835 1006 vita
2865 959 2920 1007 et
2963 964 3241 1014 sermone,
3277 962 3381 1002 nec
3405 947 3620 1016 justqu

2032 1060 2131 1100 nec
2168 1045 2316 1115 pium
2353 1054 2499 1100 esset
2531 1043 2576 1099 si
2604 1059 2709 1097 una
2741 1059 2907 1098 manu
2940 1043 3217 1098 discentes
3245 1039 3619 1101 traherentur,

2031 1137 2205 1191 altera
2260 1151 2390 1191 vero
2451 1137 2901 1206 repellerentur;
2947 1135 2993 1191 si
3043 1149 3140 1204 per
3187 1133 3353 1187 vitam
3393 1131 3620 1201 quidem

2031 1236 2434 1300 proponeretur
2481 1227 2988 1299 irreprehensibile,
3041 1238 3297 1280 sermone
3344 1237 3474 1276 vero
3528 1236 3621 1274 rc-

2032 1320 2398 1391 prehensioue
2448 1319 2718 1389 dignum;
2770 1325 2865 1372 aut
2907 1331 3160 1373 sermone
3198 1321 3348 1368 recto
3386 1319 3440 1366 et
3484 1325 3622 1364 sano

2032 1411 2288 1479 polleres,
2342 1400 2452 1463 vita
2483 1424 2615 1464 vero
2655 1407 3018 1462 macularcris
3055 1420 3163 1459 non
3217 1412 3368 1457 casta
3409 1409 3463 1456 et
3496 1415 3622 1471 per-

2031 1516 2229 1557 versa:
2261 1501 2464 1557 etenim
2506 1515 2784 1556 summum
2815 1506 2899 1553 est
2941 1495 3210 1551 ambobus
3248 1501 3534 1564 praastare;
3571 1489 3620 1545 si

2033 1595 2302 1650 ambobus
2332 1599 2604 1664 praestare
2624 1589 2964 1663 impossibile
2987 1589 3058 1672 sit
3078 1631 3092 1655 ,
3125 1583 3378 1658 gravitati
3418 1599 3617 1640 secun-

2032 1688 2163 1744 dum
2211 1691 2427 1759 praxim
2463 1697 2520 1744 et
2551 1687 2714 1742 vitam
2760 1685 2933 1754 magis
2984 1679 3292 1738 curandum
3323 1695 3420 1749 per
3452 1692 3618 1748 quam

2031 1781 2274 1836 sermoni
2298 1779 2666 1851 supplendum
2697 1793 2796 1848 pro
2817 1776 3050 1845 reliquo.
3080 1771 3235 1826 Sicut
3265 1771 3408 1826 enim
3442 1769 3610 1840 pictor

2030 1888 2142 1927 non
2179 1879 2415 1935 tantum,
2461 1869 2664 1939 inquit,
2699 1883 2797 1939 per
2833 1881 3121 1922 sermones
3177 1878 3340 1934 quam
3389 1876 3483 1932 per
3525 1875 3619 1912 ar-

2030 1966 2389 2037 chetyporum
2417 1961 2755 2033 exemplaria
2795 1957 3088 2030 discipulis
3140 1957 3260 2013 suis
3302 1955 3358 2008 in
3403 1953 3622 2024 pictura

2029 2059 2283 2124 inservit,
2305 2061 2386 2115 sic
2403 2057 2747 2114 eremiticam
2770 2054 2941 2110 vitam
2966 2047 3440 2122 irreprehensibili
3461 2044 3619 2117 praxi

2029 2152 2330 2223 dirigentes
2378 2166 2444 2207 eo
2495 2151 2670 2220 magis
2719 2146 2846 2202 illos
2899 2146 2994 2216 qui
3043 2143 3180 2214 ipsis
3235 2139 3622 2212 approximant

2028 2244 2300 2301 aediﬁcant
2322 2245 2623 2314 minusque
2648 2238 3000 2296 documentis
3026 2251 3123 2308 per
3153 2235 3319 2290 verba
3350 2229 3618 2301 indigent.

2030 2425 2097 2480 17
2147 2422 2302 2477 Vobis
2333 2422 2450 2475 dico
2487 2421 2738 2483 maxime,
2763 2417 2853 2489 qui
2881 2413 3207 2489 pnesidem,

2030 2494 2098 2550 18
2137 2493 2260 2547 Non
2291 2493 2409 2546 sitis
2440 2491 2625 2545 oculus
2658 2485 2992 2543 tenebrarum
3029 2485 3237 2552 plenus.

2099 2585 2211 2640 Vos
2257 2583 2352 2655 qui
2391 2581 2460 2637 ad
2505 2581 2824 2637 cathedram
2873 2586 2929 2634 et
2978 2576 3045 2630 ad
3089 2581 3339 2631 sanctam
3374 2583 3620 2626 mensam

2027 2679 2394 2747 vosmetipsos
2430 2675 2716 2729 insinuare
2741 2679 2795 2727 et
2827 2668 3131 2742 provehere
3159 2681 3272 2737 prae
3302 2663 3542 2719 elatione
3567 2672 3622 2716 et

2028 2770 2322 2826 ambitione
2345 2765 2642 2829 conamini,
2663 2763 2841 2834 magni
2861 2773 2913 2818 et
2932 2757 3132 2817 summi
3155 2755 3460 2814 sacerdotis
3511 2770 3617 2809 au-

2027 2863 2139 2919 dite
2172 2875 2356 2916 vooes.
2406 2857 2578 2913 Vobis
2631 2863 2949 2913 sanctorum
2997 2852 3322 2924 populorum
3345 2846 3624 2919 episcopis

2028 2953 2464 3012 exhortationem
2493 2950 2652 3005 istam
2682 2947 2948 3018 pandam;
2969 2959 3038 3000 ne
3061 2944 3187 3001 sitis
3215 2942 3360 2996 oculi
3382 2939 3626 2995 tenebris

2029 3046 2240 3110 referti,
2283 3044 2379 3100 sed
2427 3042 2637 3097 lumine
2672 3039 2821 3110 pleni
2869 3039 3050 3105 liatis;
3105 3051 3173 3090 nc
3202 3033 3495 3104 iniustitia:
3530 3039 3627 3086 aut

2031 3136 2420 3212 imprudentia:
2446 3144 2541 3189 aut
2579 3131 2908 3203 impietatis,
2946 3127 3045 3184 sed
3076 3126 3313 3198 iustitiae
3348 3131 3404 3179 et
3445 3121 3628 3178 scieno

2031 3232 2122 3288 tite
2166 3238 2222 3288 et
2257 3227 2482 3301 pietatis
2535 3225 2838 3297 archetypa
2874 3221 3057 3288 ﬁatis;
3091 3233 3319 3275 necesse
3365 3223 3450 3271 est
3479 3213 3628 3270 enim

2034 3334 2094 3382 ut
2140 3325 2329 3397 populi
2364 3323 2460 3395 qui
2502 3321 2610 3377 sub
2656 3336 2822 3374 manu
2853 3325 3036 3374 vestra
3084 3323 3215 3371 sunt
3246 3328 3342 3368 vos
3373 3308 3630 3366 conside-

2033 3424 2159 3473 rent
2187 3425 2352 3488 atque
2379 3413 2540 3486 quasi
2570 3412 2728 3467 vobis
2754 3412 2916 3481 longe
2961 3407 3085 3464 aliis
3117 3405 3328 3463 similes
3358 3402 3491 3455 [iant
3532 3414 3631 3470 per

2034 3512 2424 3568 imitationem.
2485 3505 2636 3562 Estis
2681 3504 2828 3559 enim
2874 3501 2968 3558 lux
3027 3497 3278 3568 corporis
3342 3491 3626 3546 Ecclesiae.

2037 3605 2193 3660 Sicut
2233 3617 2364 3673 ergo
2409 3599 2568 3656 vobis
2614 3592 2958 3665 simplicibus
2990 3600 3046 3645 et
3093 3585 3407 3644 lucentibus
3451 3591 3506 3638 et
3559 3582 3630 3638 de

2037 3705 2156 3753 toto
2203 3695 2352 3768 puris
2430 3695 2486 3749 in
2540 3691 2749 3747 lumine
2808 3702 3012 3757 corpus
3065 3683 3314 3756 graditur
3362 3688 3416 3737 et
3469 3694 3628 3734 suam

2035 3789 2184 3844 viam
2249 3785 2475 3856 dirigit,
2527 3783 2602 3837 ita
2647 3797 2678 3836 e
2713 3788 2906 3834 contra
2956 3775 3114 3853 vobis
3158 3776 3213 3830 in
3273 3772 3626 3829 tenebrarum

2040 3878 2363 3950 ignorantia:
2415 3884 2472 3933 et
2530 3873 2738 3944 peccati
2788 3868 3104 3942 jacentibus
3151 3867 3464 3936 vituperio,
3517 3873 3629 3920 tota

2039 3972 2182 4028 male
2218 3970 2426 4042 patitur
2458 3983 2524 4023 ac
2568 3967 2800 4022 moleste
2829 3963 2934 4018 fert
2970 3961 3233 4016 Ecclesia.
3267 3960 3324 4016 Si
3358 3975 3511 4030 ergo,
3543 3959 3629 4013 in-

2039 4064 2180 4136 quit,
2213 4063 2309 4134 qui
2353 4061 2446 4115 lux
2495 4066 2550 4115 et
2596 4057 2791 4113 oculus
2837 4069 2962 4110 esse
2997 4053 3212 4109 videtur
3244 4052 3489 4106 omnium
3531 4050 3625 4120 qui

2040 4159 2145 4214 sub
2193 4171 2358 4211 manu
2389 4154 2511 4225 ejus
2545 4158 2695 4218 sunt,
2723 4149 2776 4204 in
2816 4147 3061 4204 tenebris
3092 4146 3357 4208 ambulat,
3399 4143 3502 4198 iste
3530 4142 3626 4212 qui

2042 4264 2260 4320 semper
2292 4248 2458 4304 malis
2493 4253 2580 4302 est
2621 4246 2917 4302 obvolutus
2955 4243 3193 4316 populus
3217 4248 3422 4312 quanto
3454 4241 3628 4310 magis

2043 4357 2075 4396 ε
2107 4341 2316 4395 malitia
2344 4338 2744 4395 dominabitur.

2043 4433 2109 4488 9i
2156 4433 2300 4502 Opus
2321 4433 2434 4487 sine
2459 4429 2612 4486 verba
2633 4437 2853 4500 prwslat
2893 4429 3043 4483 verbo
3067 4427 3178 4482 sine
3200 4442 3374 4494 opere,
3402 4433 3509 4480 etc.

2117 4523 2583 4586 Pulcherrimum,
2639 4521 2819 4592 inquit
2869 4519 3089 4575 divinus
3119 4529 3168 4572 ct
3211 4519 3410 4588 dignus
3456 4526 3627 4577 vates,

2049 4626 2104 4672 et
2135 4615 2304 4672 verbo
2333 4625 2388 4670 et
2427 4614 2536 4669 vita
2585 4613 2822 4685 primum
2869 4611 3179 4682 prmcellere
3226 4625 3348 4665 eum
3395 4607 3488 4679 qui
3522 4605 3626 4661 Ec-

2049 4707 2234 4788 clesiae
2265 4707 2428 4779 digne
2466 4705 2584 4758 vult
2629 4703 2900 4775 praeesse;
2949 4703 3045 4759 sed
3080 4701 3251 4755 altero
3299 4699 3492 4754 horum
3535 4714 3630 4753 ca-

2049 4811 2258 4855 rentem
2291 4797 2487 4854 melius
2531 4804 2679 4852 esset
2709 4803 2764 4850 et
2795 4793 2989 4849 utilius
3024 4807 3122 4863 per
3161 4791 3379 4846 virtutis
3416 4790 3630 4860 praxim

2047 4899 2105 4947 et
2127 4891 2316 4956 vitam,
2345 4905 2470 4944 cum
2516 4887 2828 4960 ignorantia
2858 4893 2914 4940 et
2953 4884 3102 4939 verbi
3139 4883 3500 4953 ineapacitatc
3537 4896 3631 4936 no-

2049 4999 2174 5037 men
2208 4981 2409 5036 habere
2439 4980 2642 5035 bonum
2674 4993 2839 5049 quam
2887 4991 3136 5033 sermone
3176 4976 3412 5046 eleganti
3461 4985 3516 5030 et
3547 4974 3631 5030 in-

2051 5076 2332 5130 iructuoso
2378 5082 2433 5129 et
2482 5071 2744 5128 ineliicaci
2799 5077 3044 5124 utentem
3109 5069 3336 5139 grandia
3389 5068 3538 5140 loqui
3576 5075 3633 5123 et

2043 5167 2184 5221 alios
2229 5166 2517 5220 docturum
2558 5180 2619 5220 se
2657 5162 2794 5218 dare
2845 5176 2910 5217 ea
2947 5176 3069 5231 quae
3112 5177 3223 5216 non
3266 5161 3396 5216 fecit
3440 5160 3634 5215 doctor

2013 5327 2018 5333 ἡ
2046 5259 2172 5314 iste.
2198 5257 2350 5328 Cur?
2383 5256 2523 5323 Quia
2560 5256 2682 5312 sine
2713 5257 2822 5310 vita
2854 5271 2975 5327 qua:
3008 5265 3093 5311 est
3127 5253 3430 5311 secundum
3475 5266 3633 5305 man-

2046 5350 2296 5406 datorum
2319 5359 2374 5406 et
2397 5349 2618 5404 virtutis
2652 5349 2860 5419 praxim
2881 5363 3042 5404 nemo
3071 5362 3102 5401 a
3124 5347 3325 5403 saeculo
3354 5358 3629 5410 summus,

2048 5459 2212 5500 nemo
2228 5442 2624 5514 gloriﬁcabitur
2650 5443 2809 5513 quasi
2835 5440 3063 5495 Domino
3086 5439 3369 5509 proximus
3397 5444 3452 5490 et
3479 5450 3634 5494 sano-

2052 5535 2318 5602 tificatus,
2356 5535 2484 5590 dum
2517 5534 2637 5593 sine
2678 5547 2933 5590 sermone
2985 5527 3275 5601 magniﬁco
3300 5535 3354 5584 et
3399 5524 3624 5588 auribus

2532 5747 2853 5836 Boissonadi
2880 5773 2923 5838 ι.
2959 5773 3045 5831 ιι.
