3984 6208
252 164 363 219 7θῖ

249 284 333 342 33
369 287 717 359 Πανήγυριν
744 284 938 357 νόμιζε
972 288 1142 344 τόνδε
1179 292 1287 345 τὸν
1308 294 1454 357 ,βίον
1489 294 1623 365 (95).

326 383 463 435 Νόει
526 399 653 452 μοι,
709 373 756 434 ὧ
807 374 965 445 οὗτος
1010 381 1082 453 (ἡ
1135 382 1399 455 θεηγόρος
1453 402 1536 439 σοι
1590 387 1837 453 θεσπίζει

242 472 522 540 γλῶσσα),
537 472 687 525 ὥσπε
695 488 726 543 ρ
749 469 806 525 ἐν
826 489 933 525 τινι
962 474 1267 545 πανηγύρει
1293 475 1427 546 τῷδε
1444 476 1523 547 τῷ
1553 477 1652 550 βίῳ
1673 482 1839 534 ποιεῖ-

246 562 391 614 σθαι
422 561 518 632 τὴν
563 561 934 632 ἀναστροφήν.
988 562 1115 615 Ἐὰν
1157 563 1255 633 μὲν
1285 560 1379 617 οὖν
1403 566 1551 636 εἰδῇς
1578 583 1839 638 πραγμα-

246 650 577 715 τεύσασθαι,
630 650 820 722 κέρδος
877 652 1126 706 ἐντεῦθεν
1165 653 1259 707 καὶ
1288 654 1519 721 πλοῦτός
1551 674 1634 710 σοι
1670 675 1839 728 προσ-

253 741 414 795 έσται
437 756 450 769 ·
482 740 790 795 τούναντίον
836 742 913 806 δὲ,
954 743 1141 807 κακῶς
1178 745 1416 815 μετιόντι
1447 748 1544 818 τὴν
1590 752 1836 820 πανήγυ-

256 851 381 905 ριν,
433 832 608 904 ζημία
651 834 747 886 καὶ
796 834 1061 904 πτωχεία.
1117 835 1243 899 Πῶς
1298 833 1393 890 οὖν
1439 840 1835 912 πραγματεύσῃ

256 925 446 988 καλῶς
467 943 480 989 ;
500 925 674 996 Εἴπερ
701 923 766 994 δὴ
798 924 865 978 τὰ
890 925 1105 995 μεγάλα
1129 927 1222 981 καὶ
1240 928 1471 999 οὐράνια
1496 931 1605 982 τῶν
1623 932 1835 1002 μικρῶν

257 1019 360 1072 καὶ⁵
403 1019 605 1088 γηΐνων
638 1016 967 1090 ἀνταλλάξῃ,
1005 1019 1098 1071 καὶ
1129 1019 1198 1072 τὰ
1241 1020 1460 1092 φθαρτά
1494 1024 1634 1076 κατὰ
1675 1024 1836 1093 φύσιν

254 1110 362 1163 καὶ
395 1108 587 1179 ῥέοντα
633 1108 939 1179 προέμενος
966 1109 1037 1162 τά
1073 1110 1353 1182 ἄρρευστα
1387 1114 1708 1186 κατακτήσῃ
1742 1116 1837 1169 καὶ

248 1199 429 1254 ἀΐδια.
467 1199 611 1250 Ὅσα
651 1197 762 1269 γὰρ
805 1198 941 1269 πρὸς
984 1199 1198 1271 ἡδονὴν,
1234 1201 1328 1254 καὶ
1360 1202 1590 1274 τρυφὴν,
1622 1205 1717 1259 καὶ
1744 1204 1834 1257 θε-

256 1287 493 1359 ραπείαν
527 1287 864 1359 πρόσκαιρον
908 1287 1159 1359 σώματος
1193 1294 1306 1355 τοῖς
1336 1291 1406 1346 τὰ
1437 1293 1654 1363 ἐπίγεια
1700 1312 1834 1366 φρο-

247 1379 413 1432 νοῦσι
440 1378 831 1445 σπουδάζεται,
867 1380 1115 1451 παριείςο
1149 1383 1250 1436 ὅσα
1283 1382 1339 1436 δὲ
1374 1385 1719 1455 πνευματικὰ
1741 1385 1835 1439 καὶ

245 1470 383 1540 Θεῷ
408 1471 558 1541 φίλα,
592 1471 692 1523 ὅσα
727 1470 889 1538 ἀγνά,
928 1471 1028 1524 ὅσα
1055 1470 1301 1545 εὔφημα,
1344 1474 1398 1527 εί
1420 1492 1506 1539 τις
1536 1476 1706 1548 ἁρετὴ
1738 1477 1835 1530 καὶ

248 1562 311 1615 εἴ
338 1578 425 1625 τις
457 1560 701 1625 ἔπαινος,
747 1559 920 1615 ταῦτα
944 1563 1107 1617 παντὶ
1136 1562 1310 1617 σθένει
1341 1565 1434 1618 καὶ
1460 1564 1611 1639 πάσῃ
1646 1582 1835 1638 κατερ-

246 1652 567 1723 γαζόμενος
620 1654 860 1724 μηχανῇ,
887 1653 1151 1707 κάλλιστα
1197 1656 1600 1727 πραγματεύσῃ
1644 1656 1739 1711 καὶ
1767 1660 1837 1711 τά

244 1744 497 1814 μέγιστα
539 1744 819 1814 κερδανεῖς
844 1761 858 1775 '
891 1745 1000 1800 τῶν
1026 1746 1320 1818 ἀκηράτων
1351 1748 1407 1801 δὲ
1434 1748 1526 1801 καὶ
1557 1752 1679 1803 κατ’
1706 1751 1837 1822 ἀρε-

239 1835 358 1907 τὴν
401 1835 649 1906 πράξεων
686 1836 1021 1908 παραμελῶν
1074 1839 1169 1892 καὶ
1213 1838 1590 1912 ὑπερφρονῶν,
1646 1842 1742 1895 καὶ
1777 1842 1840 1896 τδ

238 1927 385 1981 ὅλον
416 1926 783 1999 θησαυρίζων,
839 1927 1192 2000 θησαυρίζεις
1234 1932 1304 1985 τὰ
1351 1931 1701 2002 ἀπολλύμενα
1746 1934 1839 1987 ἐπὶ

240 2016 359 2087 τῆς
409 2016 532 2086 γῆς,
571 2016 728 2087 δῆλον
759 2017 840 2069 ὄτι
880 2016 1206 2092 ζημιωθήσῃ
1238 2020 1337 2093 τὴν
1382 2023 1496 2084 τοῖς
1531 2022 1839 2087 σπουδαίοις

240 2108 630 2178 ἀποκειμένην
670 2108 964 2179 σωτηρίαν.
1007 2110 1242 2181 Τοιαύτη
1269 2112 1424 2184 μὲνὴ
1460 2113 1554 2166 τοῦ
1593 2113 1711 2184 βίου
1734 2132 1840 2169 πα-

241 2198 512 2268 νήγυρις,
553 2198 648 2250 καὶ
676 2197 767 2250 τὸν
795 2199 1085 2270 εἰρημένον
1113 2200 1315 2271 τρόπον
1337 2202 1633 2273 ἐπικερδης
1658 2221 1714 2256 τε
1743 2204 1839 2257 καὶ

243 2286 551 2358 ἐπιζήμιος
580 2286 939 2340 καθίσταται·
974 2287 1181 2360 ταύτης
1207 2288 1263 2341 δὲ
1300 2290 1702 2363 παρελθούσης,
1736 2291 1835 2346 ἅλ-

240 2377 349 2443 λος
378 2379 474 2432 οὐκ
497 2380 564 2432 ἂν
590 2379 843 2451 εὑρεθείη
873 2381 1260 2451 πραγματείας
1286 2382 1498 2453 καιρός.

242 2471 319 2526 57
358 2470 557 2537 Πολὺς
577 2471 693 2539 μέν
721 2471 894 2525 ἐστιν
924 2474 958 2526 ό
994 2473 1382 2540 προκείμενος
1405 2472 1645 2541 δρόμος.

337 2562 430 2624 Ὦς
462 2561 522 2626 ἐξ
558 2561 885 2625 ἀντιθέσεως
907 2562 1005 2633 τῆς
1038 2563 1338 2635 εἰρημένης
1370 2562 1592 2635 γνώμης
1633 2558 1837 2635 ταύτην

242 2651 573 2707 ἀκουστέον.
615 2651 754 2705 Ἀλλ’
789 2653 967 2723 ἐρεῖς,
1002 2654 1166 2723 φησὶν
1187 2694 1201 2718 ,
1246 2653 1322 2717 ῶς
1354 2652 1520 2716 πολὺς
1561 2655 1590 2705 δ
1616 2654 1834 2726 δρόμος,

240 2745 275 2797 ὁ
317 2742 514 2814 χρόνος
544 2744 751 2814 μακρὸς
782 2745 875 2797 καὶ
916 2745 945 2796 ὁ
978 2744 1119 2814 ὑπὲρ
1155 2743 1256 2813 τῆς
1285 2744 1485 2815 ἀρετῆς
1530 2746 1689 2808 πόνος
1742 2744 1838 2796 καὶ

244 2836 428 2897 κόπος
457 2833 689 2906 σκληρὸς
716 2835 814 2888 καὶ
843 2833 1011 2913 βαρύς
1031 2851 1044 2864 ⁸
1077 2834 1170 2887 καὶ
1191 2834 1273 2898 τίς
1299 2835 1511 2888 ὑποίσει
1535 2836 1625 2889 τὸν
1653 2835 1838 2905 ἀγῶνα

248 2925 680 2995 διαγωνίσασθαι
709 2927 789 2989 είς
814 2927 993 2995 rem;
1028 2925 1160 2981 ἀλλά
1199 2927 1273 2997 μὴ
1309 2927 1446 2999 πρὸς
1488 2928 1581 2981 τὸν
1614 2928 1835 2992 σκοπὸν,

250 3020 399 3091 πρὸς
425 3018 483 3071 δὲ
528 3019 627 3091 τὴν
674 3017 783 3071 τῶν
829 3018 1005 3071 πόνων
1034 3019 1215 3090 ἀφόρα
1245 3020 1669 3090 μισθαποδοσίαν
1690 3038 1706 3052 ⁸
1743 3021 1836 3074 καὶ

248 3112 365 3181 γὰρ
391 3109 523 3163 πολὺ
554 3109 752 3162 πλείων
780 3110 926 3162 ἐστὶν
959 3110 987 3163 ὁ
1018 3109 1229 3179 μισθὸς,
1254 3110 1313 3163 οὐ
1344 3110 1638 3166 διπλασίων
1663 3113 1695 3182 ἢ
1719 3132 1837 3186 τρι-

252 3200 524 3263 πλασίων,
547 3198 986 3270 ἀπειροπλασίων
1014 3199 1090 3263 δὲ,
1125 3199 1249 3253 καθ’
1270 3200 1392 3254 ὅσον
1420 3202 1514 3255 καὶ
1539 3201 1600 3255 τὸ
1626 3203 1833 3270 ἀϊδίως,

251 3293 435 3346 εἶτουν
470 3291 583 3363 (94)
628 3290 860 3354 αἱωνίως
888 3330 902 3355 ,
942 3289 1123 3362 μένειν
1164 3292 1223 3344 ὲν
1269 3290 1347 3361 τῷ
1396 3292 1587 3364 ἀγαθῷ
1631 3294 1726 3347 τοῦ
1780 3295 1838 3347 ὲν

253 3384 455 3457 βραχεῖ
479 3381 868 3455 περαινομένου
898 3382 1072 3454 χρόνῳ
1097 3381 1363 3453 λυπηροῦ.
1388 3384 1460 3437 Σὺ
1481 3380 1572 3437 οὖν
1604 3384 1679 3456 μὴ
1703 3385 1839 3458 πρὸς

249 3476 317 3528 τὸ
365 3476 475 3528 πᾶν
521 3473 637 3545 ἅμα
681 3474 772 3527 τοῦ
826 3474 1018 3545 χρόνου
1053 3472 1154 3543 τῆς
1204 3475 1599 3545 ἐνεργουμένης
1636 3475 1839 3547 ἀρετῆς

253 3564 538 3627 ἑνωδύνως
566 3562 783 3634 ἀφορῶν
808 3604 824 3629 ,
865 3563 960 3616 καὶ
995 3562 1072 3633 τῷ
1124 3562 1234 3616 δέει
1268 3562 1656 3628 ἀποκναισθεὶς
1680 3604 1696 3629 ,
1740 3553 1839 3618 καὶ

251 3654 562 3718 ῶκλακὼς,
594 3654 851 3725 ἀποπήδα
895 3653 989 3707 τοῦ
1027 3653 1239 3722 ἀγῶνος
1262 3669 1277 3684 ·
1317 3653 1438 3707 οὐδὲ
1486 3653 1594 3725 γάρ
1628 3655 1739 3727 (95)
1788 3656 1837 3708 οἱ

249 3748 356 3820 τὴν
385 3745 658 3801 θάλασσαν
694 3745 979 3812 πλέοντες,
1013 3745 1134 3800 ὅλον
1167 3744 1283 3816 ἅμα
1311 3744 1371 3798 τὸ
1404 3744 1638 3823 πέλαγος
1672 3745 1841 3817 δρῶν-

251 3853 349 3900 τες
368 3872 387 3900 ,
422 3836 518 3889 καὶ
563 3834 886 3898 ναυτιῶντες
908 3877 923 3901 ,
946 3834 1108 3899 εὐθὺς
1143 3834 1461 3889 ἀναδύονται
1511 3835 1604 3888 τὸν
1636 3834 1802 3890 πλοῦν
1822 3851 1836 3865 ⁸

251 3926 373 3980 ἀλλ’
392 3926 608 3998 ἡμέραν
638 3926 698 3991 ἐξ
730 3925 941 3997 ἡμέρας
973 3926 1033 3979 τὸ
1065 3925 1164 3996 τῆς
1189 3925 1549 3998 ποντοπορίας
1578 3924 1839 3979 κλέπτον-

250 4036 348 4082 τες
385 4019 678 4091 διάστημα,
704 4021 827 4082 ταῖς
860 4016 1001 4071 κατά
1043 4017 1237 4090 μικρὸν
1277 4017 1610 4089 μεταϐάσεσι
1640 4017 1839 4072 λανθα-

252 4109 592 4179 νόντοκςπὺν
626 4108 984 4182 προκείμενον
1027 4110 1211 4173 αὐτοῖς
1254 4109 1375 4162 ὅλον
1425 4109 1637 4163 δίαυλον
1677 4111 1841 4164 ἐκπε-

259 4202 565 4275 ραιοῖηται.
600 4201 709 4255 Καὶ
756 4201 865 4272 γὰρ
910 4198 1193 4254 καὶτοῦτο
1245 4199 1413 4271 πεῖρά
1458 4200 1542 4264 τίς
1585 4202 1701 4255 ἐστι
1743 4201 1838 4254 τοῦ

268 4292 502 4365 Ἐχθροῦ
530 4292 626 4346 καὶ
651 4293 1039 4364 κακομήχανος
1078 4289 1341 4362 ἐπιϐουλὴ
1368 4331 1383 4356 ,
1414 4291 1473 4345 ἐν
1509 4293 1706 4362 ἀρχαῖς
1744 4290 1838 4345 τοῦ

1214 176 1282 231 ΙΝ
1316 176 1623 234 CARMlNA
1664 178 1944 236 ARCANA
1974 181 2036 243 8.
2078 180 2425 237 GRECORII.

3416 186 3553 246 7‘38~

1941 298 2012 354 5'5
2052 296 2335 352 Nundinas
2364 315 2475 354 esse
2508 298 2642 353 hanc
2686 301 2848 355 vitant
2877 300 3144 357 existima.

2008 389 2201 460 Cogita
2232 390 2388 455 mihi,
2437 390 2691 460 quisquis
2735 392 2833 457 sis,
2873 392 3132 460 praedicat
3179 391 3276 446 tibi
3333 392 3516 464 lingua

1936 496 2099 551 quam
2128 479 2359 550 inspirat
2388 479 2552 545 Deus,
2577 481 2721 536 sicut
2749 481 2803 535 in
2837 495 3003 536 scena
3034 480 3294 551 quadam,
3329 483 3383 536 in
3415 483 3518 539 hac

1937 571 2048 625 vita
2095 570 2214 626 ﬁeri
2259 570 2641 626 curriculum:
2685 571 2731 627 si
2772 580 3056 642 operatum
3104 570 3277 628 fuisse
3322 579 3377 628 te
3421 588 3517 627 co-

1936 660 2227 730 gnoveris,
2289 659 2505 713 lucrum
2558 659 2753 715 exinde
2810 668 2864 714 et
2923 658 3127 715 divitiae
3183 661 3277 715 tibi
3334 669 3515 724 erunt,

1936 758 2160 805 econtra
2208 752 2349 805 male
2396 750 2691 821 negligenti
2736 766 2980 817 scenam,
3034 752 3421 808 detrimentum
3465 764 3519 809 et

1936 850 2229 911 paupertas
2270 852 2449 896 erunt.
2497 840 2781 907 Quomodo
2810 857 2942 913 ergo
2981 842 3119 898 bene
3159 844 3520 913 operaberis?

1939 931 1995 988 Si
2040 946 2234 1002 magna
2270 944 2323 988 et
2358 933 2603 988 cmlestia
2632 935 2815 1003 parvis
2843 943 2898 990 et
2928 936 3285 992 terrestribus
3318 945 3519 1006 praetu—

1936 1022 2087 1090 leris,
2117 1029 2171 1078 et
2199 1024 2576 1093 corruptibilia
2609 1024 2677 1079 de
2715 1032 2910 1078 natura
2939 1041 3037 1081 sua
3065 1035 3118 1081 et
3161 1027 3304 1080 lluxa
3342 1027 3518 1096 negli-

1936 1128 2069 1184 gens
2109 1116 2483 1184 permanentia
2525 1126 2579 1171 et
2602 1127 2807 1173 aeterna
2851 1120 3211 1189 acquisieris;
3245 1127 3517 1189 quotquot

1933 1206 2078 1260 enim
2118 1215 2340 1276 propter
2397 1208 2730 1278 voluptatem
2783 1217 2840 1263 et
2883 1210 3111 1266 delicias
3167 1216 3222 1264 et
3268 1210 3517 1279 corporis

1934 1296 2309 1350 transitoriam
2326 1311 2515 1351 curam
2548 1298 2617 1352 ab
2647 1298 2714 1353 iis
2747 1298 2842 1368 qui
2876 1307 3092 1353 terrena
3118 1298 3335 1367 sapiunt
3363 1314 3516 1368 quaa-

1935 1395 2130 1439 runtur
2158 1386 2605 1455 praetermittens,
2651 1403 2995 1458 quiscunque
3036 1395 3217 1444 autem
3253 1388 3516 1459 spiritua-

1934 1475 2007 1530 lia
2058 1485 2111 1532 et
2160 1475 2273 1533 Deo
2328 1485 2506 1548 grata,
2558 1493 2899 1549 quaecunque
2952 1489 3127 1546 casta,
3177 1493 3517 1549 quaecunque

1934 1567 2091 1623 bona:
2112 1567 2287 1633 famae,
2316 1569 2360 1624 si
2387 1584 2495 1639 qua
2526 1570 2718 1636 virtus,
2747 1570 2793 1624 si
2820 1584 2927 1640 qua
2945 1569 3206 1639 laus,hzec
3234 1570 3383 1624 omni
3411 1584 3517 1638 ope

1937 1666 1993 1714 et
2024 1673 2188 1728 opera
2216 1673 2488 1728 quaerens,
2523 1659 2728 1729 optima
2762 1668 3020 1729 operatus
3047 1660 3159 1714 eris
3184 1666 3238 1713 et
3271 1658 3511 1712 maxima

1940 1745 2182 1801 lucratus
2221 1745 2420 1810 fueris;
2470 1760 2635 1817 opera
2666 1760 2793 1801 vero
2831 1747 3042 1816 absque
3077 1746 3306 1803 mistura
3338 1753 3391 1800 et
3431 1762 3517 1800 se—

1938 1838 2179 1892 cundum
2214 1838 2476 1892 virtutem
2517 1838 2797 1909 negligens
2825 1845 2880 1892 et
2917 1837 3258 1907 despiciens;
3293 1838 3518 1891 omnino

1940 1925 2318 1983 tliesanrizans
2367 1926 2708 1982 thesaurizas
2759 1927 3001 1996 peritura
3058 1942 3224 1995 super
3290 1936 3513 1985 terram.

1938 2025 2086 2088 patet
2118 2018 2262 2087 quod
2289 2018 2682 2074 detrimentum
2726 2019 2972 2091 patieris,
3013 2017 3299 2074 deﬁciente
3346 2016 3517 2071 ﬁdeli-

1938 2113 2042 2169 bus
2072 2114 2235 2169 obvio
2274 2114 2469 2170 salute.
2507 2113 2581 2168 Ea
2621 2122 2706 2169 est
2728 2114 2891 2185 hujus
2916 2114 3038 2169 vitae
3079 2111 3515 2183 ﬁgura,etjuxta

1938 2203 2147 2258 dictum
2179 2220 2386 2260 morem
2417 2204 2679 2260 lucranda
2715 2214 2769 2261 et
2805 2205 3077 2276 perdenda
3107 2212 3355 2269 constat;
3381 2217 3519 2273 prte-

1938 2296 2097 2351 terita
2145 2304 2327 2352 autem
2359 2297 2474 2368 jam
2526 2314 2634 2353 non
2697 2299 2943 2355 invenies
2980 2296 3126 2353 aliud
3180 2294 3517 2368 operationis

1939 2397 2173 2456 tempus.
2888 2378 2893 2383 ’

1938 2476 2007 2530 57
2045 2474 2235 2545 Ingens
2260 2476 2467 2545 quidem
2490 2477 2583 2530 tibi
2612 2478 2913 2545 propositus
2938 2493 3148 2531 cursus.

2009 2565 2176 2631 Quasi
2198 2582 2261 2621 ex
2287 2567 2542 2623 antitliesi
2569 2568 2727 2623 dicta:
2754 2568 3038 2623 sententiae
3065 2568 3179 2622 haec
3199 2565 3470 2623 audienda
3496 2585 3511 2623 :

1942 2658 2047 2713 Sed
2066 2657 2236 2723 dices,
2258 2656 2455 2726 inquit,
2484 2658 2627 2727 quod
2655 2659 2884 2712 multum
2906 2657 3265 2722 curriculum,
3293 2657 3509 2729 longum

1938 2754 2153 2818 tempus
2191 2757 2246 2803 et
2283 2749 2431 2803 circa
2471 2749 2729 2802 virtutem
2757 2750 2909 2802 calor
2931 2757 2983 2803 et
3015 2748 3260 2819 fatigatio
3287 2750 3422 2802 dura
3461 2761 3516 2805 et

1938 2838 2121 2908 gravia
2143 2846 2224 2902 ;et
2241 2837 2365 2908 quis
2381 2836 2434 2891 in
2452 2852 2623 2907 agone
2640 2837 2970 2892 contendere
2993 2836 3060 2892 ad
3088 2838 3245 2892 linem
3273 2839 3513 2893 sustine—

1939 2929 2051 2983 bit?
2081 2928 2186 2984 Sed
2216 2944 2284 2983 ne
2327 2936 2545 2991 metam,
2586 2929 2723 2983 bene
2757 2944 2886 2983 vero
2917 2929 3168 2983 laborum
3210 2928 3515 2983 mercedem

1937 3019 2285 3085 consideres;
2334 3034 2569 3089 namque
2621 3019 2791 3074 multo
2834 3019 3010 3089 major
3040 3026 3124 3073 est
3168 3034 3515 3084 merces,non

1938 3109 2160 3180 duplex,
2197 3120 2289 3163 aut
2321 3110 2537 3178 triplex,
2567 3108 2659 3164 sed
2700 3124 2864 3178 supra
2895 3110 3112 3162 modum
3153 3107 3431 3177 multiplex
3461 3114 3515 3161 et

1938 3206 2201 3269 quantum
2226 3214 2440 3267 semper
2460 3205 2514 3252 et
2544 3198 2597 3251 in
2619 3210 2881 3252 anernum
2907 3198 2959 3250 in
2984 3198 3125 3251 bono
3148 3198 3359 3251 mansio
3382 3211 3515 3267 pra:-

1938 3298 2049 3345 stat
2078 3291 2133 3345 in
2166 3290 2350 3345 brevis
2375 3290 2637 3359 temporis
2659 3289 2977 3344 transitoria
3006 3289 3257 3344 molesta.
3280 3288 3361 3342 Tu
3386 3304 3521 3359 ergo
3582 3279 3586 3283 ’

1940 3396 2007 3435 ne
2035 3378 2187 3434 omni
2221 3386 2468 3449 tempore
2497 3380 2711 3449 agentis
2758 3378 2812 3432 in
2854 3378 3042 3433 dolore
3075 3378 3290 3432 virtutis
3335 3377 3516 3431 inten-

1938 3470 2075 3525 dens
2106 3477 2162 3524 et
2188 3479 2331 3523 metu
2359 3467 2643 3523 confectus
2690 3477 2743 3522 et
2775 3469 3013 3523 lassatus
3048 3468 3235 3537 pedem
3267 3467 3514 3521 retrahas

1939 3560 2009 3615 ab
2041 3575 2216 3630 agone
2246 3577 2260 3615 :
2293 3575 2402 3614 non
2437 3560 2474 3613 ii
2513 3558 2608 3629 qui
2644 3575 2793 3615 mare
2822 3558 3105 3630 trajiciunt
3150 3558 3310 3613 simul
3346 3573 3409 3611 ac
3438 3558 3519 3611 al-

1940 3661 2053 3705 tum
2094 3665 2244 3704 mare
2270 3657 2570 3703 tenuerunt
2597 3657 2651 3703 et
2677 3664 2913 3705 nauseas
2944 3648 3172 3717 experti,
3208 3647 3457 3717 protinus
3483 3660 3516 3699 a

1940 3743 2171 3811 trajectu
2213 3740 2523 3803 discedunt,
2553 3739 2649 3795 sed
2681 3739 2748 3794 de
2768 3739 2857 3795 die
2898 3739 2952 3793 in
2978 3739 3120 3794 diem
3155 3737 3520 3809 navigationis

1942 3847 2153 3903 tempus
2177 3833 2334 3903 quasi
2384 3832 2701 3890 fraudantes
2744 3831 3005 3903 paulatim
3047 3846 3143 3901 per
3186 3828 3521 3884 mutationes

1942 3924 2138 3981 furtive
2184 3932 2450 3981 statutum
2501 3925 2633 3995 ipsis
2689 3932 2863 3979 totum
2918 3923 3157 3978 stadium
3204 3921 3522 3989 trajiciunt;

1941 4016 2172 4072 tentatio
2204 4017 2349 4072 enim
2377 4015 2625 4087 quaedam
2666 4024 2752 4071 est
2788 4014 2961 4070 hostis
2990 4024 3045 4069 et
3078 4015 3143 4069 ad
3196 4014 3397 4068 malum
3428 4012 3514 4065 in-

1942 4108 2195 4163 sidiantis
2243 4108 2519 4178 suggestio
2565 4107 2621 4162 in
2659 4107 2852 4177 agonis
2888 4100 3198 4176 principiis,
3231 4102 3518 4174 pusillani-

1943 4200 2182 4254 mitatem
2228 4200 2492 4263 insinuat,
2529 4199 2774 4254 acediam
2824 4197 3031 4252 inducit
3074 4204 3131 4252 et
3178 4195 3246 4249 ad
3294 4209 3356 4250 ea
3395 4209 3519 4263 qua:

1900 4278 1911 4287 ’
1943 4299 2091 4347 retro
2121 4298 2251 4346 sunt
2280 4290 2510 4346 reducit.

254 4385 469 4454 ἀγῶνος
510 4384 859 4455 όλιγοψυχίαν
909 4383 1295 4455 ἐμποιοῦντος,
1347 4387 1442 4439 κιῖύ⁸
1500 4386 1729 4457 ἀκηδίαν
1777 4386 2315 4458 παρασκευάζοντος,
2361 4386 2455 4440 καὶ
2500 4385 2579 4448 είς
2638 4383 2705 4437 τὶ
2760 4382 2934 4436 ὀπίσω
2993 4382 3411 4453 ἀνατρέποντος.

252 4476 319 4532 ιι
362 4474 458 4542 Μὴ
490 4473 727 4543 σφόδρα
762 4472 1001 4543 θαρῤεῖν
1032 4473 1172 4543 μηδ’
1212 4475 1557 4535 ἀπελπίζειν
1581 4476 1756 4546 ἄγαν.

327 4567 492 4637 Μήτε
529 4566 649 4619 λίαν
692 4564 1048 4637 τεθαρρηκὼς
1093 4565 1186 4619 καὶ
1214 4565 1308 4619 τοῦ
1347 4567 1707 4638 προκειμένου
1741 4567 1839 4638 τῆς

256 4659 463 4730 ἀρετῆς
486 4656 695 4727 ἀγῶνος
731 4657 806 4721 ὡς
832 4657 1049 4720 πάντως
1075 4657 1462 4729 περιεσόμενος
1493 4659 1586 4712 τοῦ
1615 4659 1842 4713 ἀντιπά-

256 4750 352 4805 λου
386 4749 720 4821 κατακαυχῶ
749 4766 761 4780 ·
805 4749 978 4821 θρασὺ
1008 4750 1145 4821 γάρο
1178 4750 1307 4820 μήτ’
1332 4744 1429 4803 οὖν
1465 4750 1528 4803 ὲκ
1550 4748 1645 4803 τοῦ
1690 4750 1843 4803 ὲναν-

255 4844 375 4897 τίου
400 4841 562 4897 πάλιν
594 4843 797 4914 σφόδρα
829 4841 1180 4915 μικροψύχως
1211 4840 1538 4914 ἀπηλπικὼς
1587 4840 1725 4913 πρὸς
1750 4842 1842 4896 τὸν

256 4936 465 5008 δρόμον
508 4936 813 5007 ὑποχωρεῖν
847 4936 943 4990 καὶ
987 4933 1448 4988 ὑποστέλλεσθαι*
1490 4933 1661 4989 δειλὸν
1690 4934 1797 5005 γάρ
1824 4950 1839 4965 ·

260 5029 359 5083 καὶ
388 5027 675 5100 ἀμφότερα
720 5027 981 5091 ὡσαύτως
1013 5025 1317 5097 ὲπισφαλῖγ
1367 5025 1597 5097 καὶγὰρ
1651 5024 1710 5078 τὸ
1743 5026 1843 5095 μὲν

261 5118 427 5174 πλέον
452 5119 587 5189 ἧδεῖ
604 5117 821 5189 θαρσεῖν
852 5116 1071 5169 ἔκλυσιν
1099 5109 1238 5168 οἶδεν
1267 5114 1513 5184 ἐμποιεῖν
1547 5112 1640 5165 καὶ
1671 5111 1841 5182 ῥαθυ-

267 5210 397 5280 μίαν
421 5228 436 5241 ο
467 5210 528 5263 τὸ
570 5209 613 5262 δ’
648 5209 787 5277 ἄγαν
821 5206 1145 5277 ἀνελπιστίᾳ
1186 5202 1589 5273 καταφέρεσθαι
1631 5219 1842 5273 προφα·

263 5300 362 5372 νής
398 5300 499 5369 τῆς
525 5298 763 5367 ἀγωνίας
786 5296 1063 5367 ἀνατροπὴ
1098 5295 1192 5348 καὶ
1216 5291 1591 5363 ὑποχώρησις
1621 5291 1683 5344 σὺ
1724 5286 1839 5355 οὖν,

264 5395 294 5447 δ
317 5390 417 5463 τῆς
446 5390 784 5464 συμμετρίας
829 5390 921 5443 καὶ
958 5389 1057 5461 τῆς
1104 5386 1306 5457 ἀρετῆς
1338 5384 1597 5454 ἀλείπτης
1630 5399 1840 5455 παραγ-

344 5549 454 5615 (95)
497 5549 592 5603 Est
618 5564 815 5604 versus
841 5546 1145 5607 Menandri,
1179 5545 1412 5600 Sentent.
1442 5543 1635 5615 singul.
1661 5540 1783 5597 444.
1826 5569 1840 5584 -
1880 5564 1893 5565 ί

338 5612 453 5691 (ω)
488 5620 622 5677 Cod.
660 5620 757 5675 εἴτ’
790 5615 914 5688 οὖν,
952 5626 1006 5672 ut
1036 5631 1286 5688 semper;
1318 5630 1368 5671 γ.
1398 5629 1450 5685 p.
1488 5612 1540 5682 5,
1572 5614 1621 5667 7.

1937 4476 1999 4530 41
2039 4475 2122 4530 Ne
2172 4477 2405 4549 nimium.
2437 4475 2677 4544 conﬁdas
2718 4491 2810 4528 nec
2845 4474 3065 4527 nimium
3117 4472 3375 4539 desperes.

2007 4565 2197 4636 Neque
2259 4567 2417 4625 nimis
2481 4565 2691 4622 audens
2740 4574 2794 4620 et
2843 4566 2898 4620 in
2949 4564 3198 4636 praasenti
3223 4562 3291 4617 de
3320 4562 3526 4616 virtute

1938 4673 2112 4729 agone
2149 4665 2409 4729 tanquam
2463 4656 2688 4712 omnino
2735 4666 3001 4727 przestans
3069 4663 3261 4710 contra
3310 4652 3517 4707 hostem

1942 4751 2216 4819 glorieris,
2254 4750 2579 4815 temerarie;
2626 4764 2805 4819 neque
2848 4762 2879 4803 e
2920 4756 3135 4809 contra,
3169 4747 3387 4806 iterum,
3432 4759 3521 4797 ve-

1945 4842 2225 4896 hementer
2304 4854 2414 4911 pra:
2486 4840 2939 4912 pusillanimitate
2999 4838 3255 4906 desperes
3318 4845 3371 4890 et
3434 4835 3522 4887 in-

1943 4941 2130 5004 specto
2151 4932 2330 4987 stadio
2370 4932 2684 4987 retrOcedas
2730 4938 2784 4986 et
2820 4930 3006 4995 abeas,
3042 4927 3272 4995 timide;
3364 4935 3518 4983 utra-

1943 5039 2050 5095 que
2086 5024 2338 5079 similiter
2370 5024 2679 5093 periculosa
2709 5042 2722 5077 :
2758 5036 2995 5091 namque
3039 5021 3160 5091 plus
3193 5034 3350 5089 aequo
3379 5032 3515 5074 con-

1949 5114 2118 5169 fidere
2181 5113 2615 5169 debilitationem
2675 5124 2728 5169 et
2786 5115 3188 5169 enervationem
3249 5110 3569 5167 adducere.

1947 5204 2104 5272 solet,
2126 5210 2180 5258 et
2212 5204 2375 5259 nimis
2422 5219 2518 5273 spe
2546 5200 2702 5271 dejici
2740 5211 2924 5274 aperta
2956 5210 3039 5258 est
3077 5202 3143 5256 ab
3178 5214 3350 5270 agone
3380 5212 3517 5251 con-

1947 5293 2127 5348 versio
2169 5300 2225 5348 et
2267 5293 2411 5364 fuga.
2456 5292 2537 5347 Tn
2570 5308 2722 5362 ergo,
2768 5291 3159 5347 moderationis
3206 5296 3260 5342 et
3300 5284 3519 5345 virtutis

1946 5390 2000 5440 te
2038 5384 2232 5440 invitat
2280 5386 2557 5457 magister,
2606 5385 2733 5442 hinc
2787 5384 3067 5457 dispositis
3118 5381 3217 5435 tibi
3252 5377 3318 5432 ad
3370 5374 3522 5440 viam

2024 5546 2134 5619 (95)
2170 5546 2302 5602 Cod.
2343 5545 2394 5597 οἱ
2421 5543 2478 5597 δὲ
2514 5542 2637 5615 γάρ.
