4030 6232
447 251 556 309 799

1762 252 2065 314 NICETAS
2096 255 2303 313 DAVID

3609 248 3724 304 εὶΟο

449 364 645 424 mediis
701 368 957 440 dirigaris
1012 371 1078 426 ad
1116 380 1319 427 metam
1382 372 1602 436 bonam,
1649 370 1777 427 inde
1832 373 2032 428 cohibe

2177 376 2335 439 έλλει,
2366 374 2425 429 τὸ
2455 375 2551 446 μὲν
2581 373 2847 445 κατόρθου
2872 372 2981 425 τῶν
3011 371 3128 425 καθ’
3155 369 3274 425 ὀδόν
3310 385 3392 423 σοι
3422 360 3726 441 προκειμε-

452 460 783 516 activitatem
832 462 1234 518 incessabiliter
1266 464 1343 516 tui
1372 471 1563 533 potens
1589 478 1690 518 nec
1716 462 2036 534 imperfecte

2170 485 2248 521 ων
2278 468 2357 530 είς
2387 467 2558 537 πέρας
2584 465 2754 533 δεξιὸν
2781 466 2950 543 ἄγων,
2984 463 3078 517 τοῦ
3108 462 3152 516 δ’
3186 462 3310 532 ἔχου
3340 463 3437 532 τῆς
3457 458 3728 531 ἐργασίας

452 566 565 621 pra:
593 551 808 621 pigritia
837 567 1146 608 remaneas.
1205 572 1223 605 ι
1257 553 1386 609 Inde
1420 569 1521 608 nec
1563 553 1789 609 invidia.
1830 573 1847 606 ι
1888 555 1953 607 Et
1992 554 2038 609 si

2170 557 2454 622 ιδιακόπως
2484 560 2841 629 ἀντεχόμενος
2887 556 2981 609 καὶ
3021 555 3095 626 μὴ
3136 554 3423 609 ἀτέλεστον
3471 553 3541 607 δι’
3568 552 3729 606 ὄκνον

454 657 709 711 magnum
766 643 897 712 quid
978 646 1135 713 quasi
1198 661 1363 716 supra
1421 654 1674 701 naturam
1741 647 2041 704 secundum

456 731 624 787 Deum
654 735 750 789 tibi
783 737 1045 791 statuitur
1076 737 1143 791 ad
1185 738 1422 807 praxim,
1462 738 1702 808 judicas,
1727 755 1797 794 ne
1821 747 2046 810 pr0pter

454 825 559 878 lioc
611 833 841 895 stupens
888 829 1238 895 rctrocedas;
1289 845 1399 883 non
1446 830 1592 885 enim
1644 830 1845 885 invidia
1899 830 2044 901 apud

458 915 625 970 Deum
677 918 769 987 qui
812 918 1014 973 bonum
1061 936 1186 975 vere
1233 936 1357 976 cum
1391 923 1595 990 pietate
1624 928 1678 976 et
1730 921 1837 976 fide.
1865 920 2046 979 facere

459 1006 747 1076 eligentem
778 1009 832 1063 in
860 1024 1059 1063 vanum
1088 1011 1333 1065 remittat
1361 1020 1415 1066 et
1456 1012 1702 1082 repellat.
1740 1031 1757 1063 ι
1800 1011 1912 1067 Nec
1950 1014 2043 1082 qui

459 1098 562 1152 vim
609 1099 857 1155 inutilem
911 1101 1100 1155 reddat
1154 1103 1426 1172 reliquum
1483 1102 1745 1158 laborem.
1814 1123 1833 1156 ι
1891 1102 2046 1169 Quod

458 1190 612 1255 dicit,
643 1192 749 1247 hoc
798 1195 930 1248 milii
983 1194 1200 1250 videtur
1229 1212 1352 1253 esse
1389 1196 1505 1253 :De
1566 1198 1682 1253 vias
1736 1198 1791 1253 in
1842 1199 2048 1253 mundo

461 1284 905 1351 aggredientibus
960 1287 1005 1341 si
1040 1288 1106 1341 ad
1142 1289 1241 1342 viae
1283 1300 1505 1353 metam,
1544 1289 1609 1345 ad
1658 1290 2046 1360 perfectionem

462 1389 571 1427 non
598 1375 851 1429 adveniat
879 1377 1074 1443 viator,
1114 1379 1323 1435 inutilis
1369 1380 1522 1434 labor
1558 1387 1864 1445 sustentus,
1909 1394 2049 1434 vana

463 1475 713 1535 reputata
744 1476 828 1522 est
879 1470 1124 1541 fatigatio
1171 1491 1183 1525 :
1220 1470 1322 1538 Qui
1359 1472 1425 1526 ad
1480 1472 1651 1527 Deum
1696 1474 2050 1529 ascensiones

461 1570 562 1624 per
618 1558 830 1626 praxim
880 1568 936 1614 et
996 1560 1405 1617 meditationem
1455 1562 1722 1632 disponit,
1786 1562 1936 1629 hinc,
1993 1570 2053 1616 ut

462 1646 667 1701 dictum
698 1659 803 1713 est,
835 1650 947 1720 jam
991 1655 1252 1718 correxit,
1283 1655 1409 1709 inde
1446 1671 1593 1709 nunc
1620 1656 1871 1727 corrigit,
1904 1670 2052 1710 nunc

464 1749 562 1804 spe
606 1753 704 1791 sua
742 1742 1025 1808 praevenit,
1071 1743 1197 1797 licet
1228 1753 1408 1798 tamen
1450 1746 1519 1799 ad
1566 1762 1836 1802 summam
1886 1746 2056 1818 perfe-

463 1828 700 1882 ctionem
735 1834 1079 1889 ascensionis
1110 1835 1177 1888 ad
1223 1835 1389 1890 Deum
1438 1854 1546 1892 non
1592 1838 1898 1908 perveniat,
1950 1854 2059 1893 non

463 1917 714 1988 desperet
766 1941 778 1976 :
838 1939 948 1977 non
1003 1926 1145 1980 enim
1193 1927 1405 1983 inutilis
1455 1928 1557 2001 ipsi
1608 1930 1763 1985 labor
1807 1930 1949 1986 sicut
1984 1930 2059 1986 illi

462 2010 556 2078 qui
592 2026 620 2063 a
652 2013 738 2066 via
769 2013 1045 2083 declinat;
1086 2019 1141 2073 in
1182 2029 1447 2090 quantum
1482 2037 1810 2093 progressus
1836 2032 1916 2077 est
1941 2030 2061 2076 ten-

463 2101 601 2156 dens
688 2104 754 2158 ad
818 2106 1207 2176 perfectionem
1265 2120 1320 2166 et
1379 2111 1446 2166 ad
1495 2112 1739 2182 judicem
1801 2128 2056 2183 superum

464 2194 771 2251 vocationis
829 2201 1296 2272 appropinquans,
1350 2219 1447 2273 per
1482 2219 1634 2273 spem
1683 2204 1915 2260 salutem
1951 2204 2054 2261 ob-

464 2290 650 2347 tinuit.

465 2380 767 2455 λειπομένῳ
800 2387 900 2456 τῆς
955 2388 1074 2442 ὀδοῦ
1102 2406 1115 2419 ⁶
1163 2389 1284 2443 ὅσον
1312 2390 1367 2443 δὲ
1411 2392 1690 2462 προκόψας
1732 2392 1867 2464 ἔφθη
1892 2434 1909 2461 ,
1969 2394 2049 2464 τῷ
2096 2393 2245 2447 τέλει
2282 2393 2376 2446 καὶ
2399 2390 2474 2463 τῷ
2526 2390 2764 2465 βραϐείῳ
2786 2392 2883 2462 τῆς
2907 2392 3019 2446 ἅνω
3038 2389 3283 2461 κλήσεως
3328 2388 3745 2463 προσηγγικὼς,

463 2473 552 2527 διὰ
579 2476 679 2545 τῆς
704 2478 917 2542 ἐλπίδος
948 2481 1046 2550 τὴν
1075 2481 1348 2553 σωτηρίαν
1376 2484 1692 2555 ἐκομίσατο.

466 2583 536 2638 45
565 2587 643 2639 Ne
668 2587 895 2642 calidius
929 2590 1167 2644 assilias.

540 2675 736 2731 lterum
794 2688 1019 2735 sanctus
1072 2682 1293 2739 virtutis
1349 2684 1631 2755 legislator
1695 2684 1948 2744 hortatur
1991 2702 2061 2743 ne

469 2767 675 2837 impetu
711 2771 912 2836 irruas,
972 2789 1147 2842 neque
1197 2775 1508 2844 petulanter
1584 2777 1843 2846 operibus
1896 2793 2064 2849 supra

470 2860 613 2914 vires
648 2869 742 2914 aut
781 2864 1337 2934 conteuiplationibus
1380 2866 1707 2923 sublimibus
1742 2868 2060 2937 extollaris;

470 2950 525 3005 in
559 2952 759 3020 quibus
806 2963 988 3007 autem
1025 2955 1187 3009 rebus
1213 2956 1412 3025 aliquis
1446 2972 1543 3025 per
1578 2958 1847 3026 judicium
1893 2969 1947 3015 et
1971 2975 2064 3015 co-

471 3043 767 3111 gitationes
822 3042 1123 3112 prudentes
1174 3054 1229 3100 et
1282 3046 1670 3102 conﬁdentiam
1724 3058 1883 3107 actus
1927 3067 2067 3121 quos

474 3133 751 3201 reputavit
815 3132 1182 3205 undequaque
1253 3135 1770 3205 irreprebensibilcs
1820 3142 2070 3197 animad-

474 3232 691 3277 vcrtcns
744 3224 1083 3292 cognoverit,
1148 3226 1206 3280 in
1257 3226 1343 3283 his
1388 3228 1546 3283 decet
1579 3237 1639 3283 ut
1695 3232 1965 3288 stabiliter
2014 3236 2071 3289 et

474 3309 595 3363 sine
667 3311 967 3365 mutatione
1041 3322 1387 3382 permaneat,
1437 3314 1615 3374 donec
1672 3317 1782 3372 Deo
1834 3320 2055 3390 dignius

475 3399 677 3468 aliquid
711 3401 780 3453 ab
810 3401 921 3454 alto
951 3402 1051 3471 ipsi
1080 3403 1433 3474 designetur;
1458 3406 1633 3477 magis
1654 3408 1800 3462 enim
1833 3411 2055 3479 expedit

478 3490 767 3545 humiliora
795 3493 980 3549 multis
1010 3498 1279 3550 aestimata
1318 3497 1613 3569 eligentem
1658 3515 1851 3569 parum
1882 3501 1936 3555 in
1970 3501 2058 3559 bis

478 3583 729 3653 progredi
756 3600 920 3653 quam
950 3586 1209 3641 sublimia
1232 3589 1611 3659 intempestive
1650 3598 1763 3646 tum
1786 3593 1837 3646 in
1866 3594 2056 3663 gradi-

479 3674 580 3731 bus
605 3676 780 3731 Sacris
810 3686 925 3731 tum
959 3679 1011 3732 in
1040 3680 1164 3737 aliis
1199 3696 1310 3751 pra:
1352 3682 1652 3738 ambitione
1700 3692 2055 3753 quarrentem,

479 3787 600 3825 mox
623 3788 945 3843 progressus
974 3774 1216 3830 minuere
1235 3783 1291 3830 et
1315 3774 1565 3830 decidere
1580 3786 1633 3831 et
1653 3777 1916 3832 minorem
1944 3778 2060 3833 fieri

480 3859 535 3913 in
568 3861 708 3915 bono
736 3879 749 3914 :
783 3863 911 3916 mali
950 3864 1097 3918 enim
1133 3864 1244 3920 Deo
1286 3876 1508 3922 auctore
1543 3877 1808 3923 vocantur
1830 3886 1938 3925 non
1967 3871 2062 3941 qui

482 3949 725 4004 infimum
758 3959 811 4005 et
859 3952 1222 4009 humillimum
1257 3956 1398 4011 inter
1436 3957 1690 4014 homines
1726 3962 1905 4016 sortiti
1935 3972 2065 4019 sunt

482 4040 685 4107 locum,
711 4042 806 4096 sed
835 4042 927 4113 qui
951 4046 1069 4098 zelo
1104 4046 1303 4101 rationi
1331 4064 1439 4103 non
1462 4060 1833 4106 conscntaneo
1852 4054 2064 4123 seipsos

480 4135 723 4188 exaltant
759 4151 871 4207 pra:
919 4138 1178 4208 superbia
1233 4147 1286 4192 et
1319 4139 1470 4195 humi
1523 4141 1729 4196 cadunt
1759 4159 1872 4214 pra:
1908 4155 2089 4217 pctu-.

483 4224 675 4281 lautia.

482 4360 553 4415 49
602 4360 690 4414 Vel
735 4362 860 4416 levis
898 4362 1136 4418 scintilla
1185 4364 1443 4435 ingentem
1492 4366 1765 4435 ﬂammam
1805 4370 2064 4425 accendit.

556 4520 1023 4585 Quemadmodum
1086 4524 1355 4579 seminum
1456 4528 1890 4598 unumquodque
1967 4530 2072 4584 mi-

484 4613 693 4667 nimum
753 4630 877 4669 cum
912 4616 1006 4683 sit,
1048 4616 1139 4670 ubi
1172 4614 1368 4671 cecidit
1419 4616 1473 4671 in
1502 4625 1702 4672 terram
1728 4629 1782 4675 et
1816 4619 2067 4675 idoneum

486 4706 803 4761 alimentum
833 4706 1043 4762 invenit
1068 4715 1122 4761 et
1150 4706 1507 4763 tumefactum
1532 4707 1697 4774 est,in
1727 4710 2068 4769 altitudinem

486 4796 745 4863 paulatim
782 4796 983 4852 crescit
1013 4804 1067 4852 et
1093 4795 1249 4865 juxta
1274 4812 1447 4867 genus
1475 4812 1622 4851 nunc
1653 4798 2070 4868 multiplicatur,

487 4888 631 4941 sicut
659 4894 713 4941 et
756 4888 995 4944 scintilla
1021 4904 1088 4944 ex
1117 4888 1275 4943 silice
1317 4887 1463 4957 quod
1494 4886 1638 4942 ferro
1674 4888 1937 4944 caadimus
1970 4889 2073 4957 mi-

487 4978 659 5042 nima,
686 4979 887 5047 agitata
918 4980 973 5034 in
1006 4994 1257 5049 magnam
1307 4956 1560 5050 prorupit
1591 4978 1889 5045 flammam,
1927 4956 2073 5037 sicut

486 5076 543 5121 ct
595 5066 793 5135 vipera:
847 5082 1119 5122 venenum
1162 5068 1385 5138 guttula:
1413 5069 1591 5123 simile
1626 5070 1857 5125 latenter
1896 5069 2074 5124 bomi-

488 5158 573 5213 nis
602 5172 805 5227 curpus
851 5167 1118 5226 penetrat,
1148 5168 1379 5216 mortem
1405 5176 1548 5231 saepe
1580 5176 1677 5231 per
1718 5177 1963 5217 morsum
1982 5162 2067 5217 in-

488 5250 725 5317 vehens;
766 5247 847 5303 sic
879 5256 932 5303 et
978 5258 1262 5317 peccatum
1294 5268 1520 5308 oarvum
1570 5269 1630 5309 se
1663 5254 1899 5323 primum
1929 5254 2063 5310 insi-

490 5346 624 5393 nuat
662 5346 719 5393 et
774 5335 1096 5406 despicitur,
1128 5353 1250 5391 mox
1294 5341 1552 5409 pauialim
1602 5342 1955 5411 progrediens
2009 5351 2088 5417 et.

490 5444 742 5486 crescens
769 5442 1024 5500 magnum
1054 5427 1255 5482 malum
1288 5438 1343 5485 et
1388 5433 1584 5487 anima;
1614 5433 1828 5487 ruinam
1886 5434 1939 5486 in
1970 5448 2064 5489 eos

488 5521 583 5589 qui
627 5521 760 5576 illud
787 5521 1083 5577 admittunt
1118 5518 1303 5575 infert.
1371 5521 1543 5593 llujus
1572 5525 1747 5595 gratia
1778 5524 2062 5579 mirandus

489 5613 839 5671 consiliarius
891 5616 974 5670 vel
1024 5614 1304 5669 minimam
1348 5624 1696 5685 apparentem
1741 5616 1957 5686 culpam
1993 5616 2064 5669 ti-

493 5705 672 5758 mendi
709 5706 802 5760 dat
848 5708 1158 5774 consilium,
1190 5718 1243 5766 ct
1290 5708 1461 5765 donec
1512 5724 1677 5780 parva
1715 5718 1797 5765 cst
1825 5716 1878 5765 et
1905 5709 2057 5779 levis,

2146 666 2220 701 πα
2227 646 2483 721 ραλιπὼν,

2366 740 2476 795 Τοῦ
2501 739 2553 792 δ’
2575 740 2647 792 οὺ
2674 740 2919 807 φθόνος.

2218 831 2280 884 Εἰ
2313 832 2406 885 καὶ
2438 832 2581 902 μέγα
2607 848 2659 884 τι
2697 826 2807 883 οἷον
2844 829 2938 883 καὶ
2968 828 3110 900 ὑπὲρ
3138 827 3298 897 φύσιν
3333 828 3396 883 τὸ
3424 827 3567 884 κατὰ
3595 829 3733 883 Θεόν

2150 939 2232 976 σοι
2262 922 2677 993 προτεινόμενον
2710 923 2789 984 εἰς
2828 918 3027 990 πρᾶξιν
3074 919 3474 986 ὑποπτεύεται,
3511 920 3586 991 μὴ
3642 920 3731 973 διά

2147 1013 2303 1066 τοῦτο
2333 1011 2766 1083 ἀναϐαλλόμενος
2790 1014 2869 1076 είς
2893 1011 2961 1065 τά
2996 1011 3169 1065 ὀπίσω
3195 1009 3467 1082 ὑποχώρει
3491 1028 3507 1042 ·
3536 1012 3598 1065 οὐ
3622 1012 3734 1082 γὰρ

2149 1104 2343 1175 φθόνος
2376 1103 2529 1175 παρά
2554 1103 2633 1175 τῷ
2678 1102 2831 1174 Θεῷ,
2867 1102 3007 1156 ὥστε
3038 1103 3129 1156 τὸν
3174 1101 3291 1171 μετ’
3325 1101 3611 1166 εὐλαϐείας
3641 1103 3735 1154 καὶ

2150 1197 2386 1260 πίστεως
2406 1195 2465 1248 τὸ
2494 1195 2661 1259 ὅντως
2683 1194 2883 1264 ἀγαθὸν
2920 1196 3091 1247 ποιεῖν
3135 1193 3564 1266 προαιρούμενον
3599 1196 3736 1247 ἀπο-

2152 1288 2474 1361 σκορακίσαι
2507 1288 2603 1342 καὶ
2636 1286 2982 1343 ἀπώσασθαι.

2333 1382 2455 1449 Οὐχ
2486 1380 2565 1447 ὠς
2600 1379 2744 1435 ὀδοῦ
2772 1382 2836 1434 τὸ
2860 1381 3071 1435 λεῖπον
3090 1381 3127 1436 ἁ
3131 1380 3320 1450 χρειοῖ
3336 1381 3549 1435 πόνον.

2227 1474 2293 1526 Ὃ
2323 1472 2378 1525 δὲ
2406 1471 2592 1540 λέγει,
2631 1471 2869 1525 τοιοῦτον
2920 1468 3058 1526 είναί
3102 1489 3190 1544 μοι
3229 1471 3421 1525 δοκοῦν
3446 1489 3460 1502 ·
3490 1471 3585 1524 ἐπὶ
3638 1472 3741 1543 μὲν

2151 1565 2260 1618 τῶν
2292 1565 2391 1629 τὰς
2438 1565 2747 1635 ὁδοιπορίας
2797 1566 2854 1618 ὲν
2901 1566 3091 1635 κόσμῳ
3136 1563 3505 1634 στελλομένων
3559 1564 3611 1616 εί
3663 1563 3737 1633 μή

2154 1656 2293 1710 κατὰ
2318 1656 2409 1709 τὸν
2446 1654 2645 1708 σκοτὼν
2678 1656 2775 1724 τῆς
2813 1654 2933 1708 ὁδοῦ
2987 1655 3048 1708 τὸ
3074 1655 3226 1718 τέλος
3254 1657 3282 1708 ὀ
3326 1654 3607 1725 ὀδοιπόρος
3642 1670 3743 1705 κα-

2155 1748 2413 1811 ταλάϐοι,
2442 1748 2659 1817 ἀχρεῖος
2705 1746 2803 1816 μὲν
2851 1746 2879 1798 ὀ
2925 1744 3212 1817 προλαϐὼν
3242 1746 3439 1810 πόνος,
3476 1746 3740 1815 ἀνόνητος

2156 1841 2213 1895 δὲ
2242 1840 2552 1910 νενόμισται
2585 1840 2612 1891 6
2643 1838 2810 1902 κόπος
2840 1855 2853 1867 ·
2893 1840 2921 1892 ὀ
2962 1837 3099 1911 πρὸς
3132 1838 3263 1892 Θεὸν
3292 1838 3349 1892 δὲ
3388 1838 3487 1902 τὰς
3531 1838 3740 1893 ἁναϐά⁴

2162 1946 2274 1995 σεις
2305 1930 2393 1983 διὰ
2419 1931 2669 2002 πράξεως
2694 1930 2788 1983 καὶ
2812 1928 3045 1998 θεωρίας
3067 1929 3324 1992 διατιθεὶς
3346 1928 3406 1981 τὸ
3428 1928 3528 1999 μὲν
3549 1927 3742 1999 ὥσπερ

2159 2025 2383 2096 εἰρήκεια
2404 2019 2784 2093 κατωρθωκὼς
2824 2020 2923 2091 ήδη
2946 2059 2962 2083 ,
2988 2020 3049 2073 τὸ
3082 2019 3137 2072 δὲ
3173 2019 3290 2073 νυνὶ
3330 2019 3610 2091 κατορθῶν
3630 2058 3647 2083 ,
3682 2017 3745 2074 ιδ

2158 2117 2215 2169 δὲ
2242 2118 2308 2186 τῇ
2338 2115 2513 2168 ἐλπίδι
2539 2112 3097 2185 προκαταλαμϐάνων,
3131 2112 3178 2164 εί
3207 2112 3300 2164 καὶ
3337 2112 3411 2182 μὴ
3442 2111 3537 2165 τοῦ
3574 2113 3742 2182 ἀκρο-

2159 2207 2320 2261 τάτου
2367 2205 2553 2269 τέλους
2588 2204 2884 2275 ἐπιϐέϐηκε
2919 2204 3021 2273 τῆς
3056 2202 3192 2275 πρὸς
3224 2201 3355 2256 Θεὸν
3407 2204 3740 2273 ἀναγωγίας,

2169 2301 2244 2371 μὴ
2276 2297 2577 2368 ἀπογνώτω
2600 2315 2613 2327 '
2649 2297 2710 2349 οὑ
2739 2296 2850 2367 γὰρ
2878 2296 3095 2367 ἀχρεῖος
3128 2294 3275 2366 αὐτῷ
3302 2297 3330 2349 ό
3361 2296 3525 2360 πόνος
3558 2296 3633 2360 ὡς
3666 2296 3747 2366 τῷ

2168 2597 2234 2652 45
2256 2595 2352 2664 Μὴ
2393 2592 2611 2664 θερμόν
2643 2591 2862 2660 ᾷττειν.

2236 2689 2405 2747 Πάλιν
2445 2691 2473 2740 ὀ
2502 2686 2646 2758 ίερδς
2673 2689 2770 2757 τῆς
2814 2684 3014 2757 ἀρετῆς
3060 2684 3358 2767 νομοθέτης
3384 2688 3645 2757 παραινεῖ
3672 2689 3750 2759 μὴ

2168 2779 2369 2850 θερμὸν
2402 2778 2614 2850 ᾀττειν,
2653 2776 2791 2846 μηδὲ
2831 2774 3125 2845 προπετῶς
3167 2776 3288 2837 ταῖς
3333 2775 3474 2847 ὑπὲρ
3517 2775 3751 2847 δύναμιν

2169 2868 2433 2942 πράξεσιν
2468 2868 2504 2939 ἢ
2532 2867 2791 2938 θεωρίαις
2840 2864 3172 2937 ὑπερφυέσιν
3217 2866 3641 2937 ὑπεραίρεσθιιι⁹
3669 2866 3751 2931 οἷς

2168 2963 2212 3015 δ’
2244 2962 2309 3016 ἀν
2352 2978 2435 3024 τις
2484 2961 2549 3012 ἐκ
2581 2959 2905 3030 διακρίσεως
2940 2958 3035 3011 καὶ⁸
3061 2956 3471 3030 Δλελογισμένης
3514 2956 3755 3023 διανοίας

2172 3054 2266 3106 καὶ
2294 3050 2663 3123 πληροφορίας
2689 3027 3022 3120 πανταχόθεν
3053 3027 3114 3103 τὸ
3135 3048 3367 3120 ἄμωμον
3395 3048 3503 3102 τῶν
3528 3048 3757 3120 δοκιμα-

2174 3142 2417 3214 ζομένων
2459 3140 2931 3213 περισκεψάμενος
2982 3139 3429 3211 καταμανθάνοι,
3464 3142 3522 3193 ἐν
3566 3140 3760 3204 αὐτοῖς

2177 3234 2459 3306 ἀραρότως
2495 3232 2676 3303 μένειν
2723 3232 2927 3300 ὀφείλει
2979 3232 3072 3284 καὶ
3100 3229 3543 3301 δυσμεταθέτως,
3584 3229 3764 3301 ἄχρις

2162 3325 2227 3379 ἄν
2252 3342 2303 3377 τι
2339 3323 2609 3393 θειότερον
2642 3320 2849 3375 ἄνωθεν
2893 3320 3168 3389 ὑποφανῄ
3207 3317 3310 3371 Καὶ
3338 3315 3443 3386 γὰρ
3474 3314 3769 3371 λυσιτελεῖ

2163 3416 2363 3488 μᾶλλον
2395 3417 2455 3469 τὸ
2498 3413 2880 3484 ταπεινότερον
2912 3415 3024 3475 τοῖς
3055 3410 3267 3473 πολλοῖς
3310 3406 3564 3479 νομισθὲν
3596 3408 3766 3460 ἐκλε-

2160 3510 2410 3579 γόμενον,
2440 3507 2558 3559 κατ’
2594 3504 2773 3573 ὀλίγον
2802 3506 3130 3573 προκόπτειν
3160 3504 3217 3554 ὲν
3251 3499 3433 3569 αὐτῷ,
3463 3498 3498 3569 ἢ
3519 3498 3583 3551 τὸ
3611 3498 3761 3569 ὑψη-

2162 3598 2251 3651 λὸν
2281 3597 2522 3667 ἀκαίρως
2551 3595 2642 3648 ὲπί
2665 3611 2723 3646 τε
2755 3592 2979 3664 βαθμῶν
3005 3592 3187 3663 ἱερῶν,
3223 3590 3313 3644 ὲπί
3343 3607 3400 3643 τε
3434 3588 3545 3642 τῶν
3579 3589 3766 3645 ἄλλων

2164 3686 2227 3739 ὲκ
2264 3684 2553 3757 φιλαρχίας
2587 3682 2951 3755 προελόμενον
2977 3721 2992 3747 ,
3041 3678 3160 3736 εἶτα
3192 3682 3527 3753 προκόπτειν
3564 3678 3763 3743 ὲξατο-

2164 3779 2391 3842 νοῦντα,
2424 3777 2758 3831 ἀποκόπτειν
2804 3776 2899 3829 καὶ
2948 3773 3363 3828 ὲλαττονοῦσθαι
3414 3772 3510 3827 τοῦ
3564 3772 3761 3826 καλοῦ.

2164 3866 2323 3924 Οὗτοι
2358 3868 2468 3940 γὰρ
2494 3869 2587 3922 καὶ
2621 3868 2782 3921 κακοὶ
2806 3866 3010 3938 κυρίως
3043 3865 3420 3936 ὀνομάζονται,
3450 3866 3551 3935 οὐχ
3584 3867 3632 3917 οἱ
3657 3866 3767 3934 τὴν

2166 3964 2317 4017 κάτω
2370 3964 2466 4016 καὶ
2511 3960 2907 4030 ταπεινοτάτην
2955 3960 3014 4012 ὲν
3062 3957 3370 4029 ἀνθρώποις
3424 3956 3769 4026 διειληχότες

2163 4056 2337 4121 τάξιν,
2375 4054 2493 4107 ἀλλ’
2519 4055 2567 4106 oi.
2598 4052 2894 4124 θερμότητι
2931 4049 3201 4121 ἀλογίστῳ
3233 4051 3460 4112 ἑαυτοὺς
3492 4047 3769 4117 ὑψοῦντες

2167 4151 2231 4203 ὲκ
2269 4146 2598 4219 φιλοδοξίας,
2625 4145 2721 4199 καὶ
2755 4142 2968 4215 χαμάζε
3004 4142 3298 4205 πίπτοντες
3322 4140 3383 4206 ἐξ
3403 4139 3727 4202 αὐθαδείας.

2169 4365 2237 4421 49
2269 4364 2535 4431 Σπινθὴρ
2568 4359 2817 4417 ἀνάπτει
2859 4360 2957 4413 καί
2979 4358 3223 4429 ,βραχὺς
3254 4356 3497 4426 πολλὴν
3527 4359 3764 4428 φλόγα.

2244 4520 2453 4590 Ὥσπερ
2498 4517 2608 4570 τῶν
2653 4517 2986 4589 σπερμάτων
3014 4516 3245 4571 ἕκαστον
3290 4515 3632 4589 βραχύτατον
3674 4515 3767 4582 ὃν,

2174 4596 2240 4679 τῇ
2287 4611 2358 4678 γῇ
2392 4607 2449 4660 δὲ
2488 4606 2871 4677 καταϐληθὲν,
2910 4606 3003 4659 καὶ
3047 4606 3147 4676 τῆς
3191 4603 3501 4677 προσφυοῦς
3544 4606 3773 4675 τροφῆς

2179 4700 2431 4771 ὲπιτυχόν
2454 4741 2469 4765 ,
2507 4700 2601 4753 καὶ
2630 4696 2897 4768 αὐξηθὲν,
2943 4700 3023 4762 εἰς
3078 4698 3307 4769 μέγεθος
3346 4697 3556 4768 πρόεισι
3613 4700 3772 4753 κατὰ

2176 4791 2391 4862 μικρὸν,
2422 4791 2517 4844 καὶ
2543 4791 2624 4853 είς
2653 4789 2857 4859 πλῆθος
2883 4790 3066 4860 ἡλίκον
3088 4790 3211 4843 ὅσον
3237 4788 3543 4842 ἐπιδίδωσιν
3564 4805 3578 4818 υ
3610 4786 3771 4843 οὕτω

2172 4889 2267 4941 καὶ
2314 4886 2546 4959 σπινθὴρ
2592 4888 2656 4940 ὲκ
2698 4886 2847 4940 λίθου
2903 4888 2969 4957 τῇ
2997 4884 3092 4937 τοῦ
3148 4882 3366 4953 σιδήρου
3414 4878 3770 4951 παρατρίψει

2171 4980 2449 5049 ἐλάχιστος
2478 4978 2919 5049 άποπαλλόμενος
2939 5015 2955 5041 ,
2989 4976 3068 5038 είς
3099 4972 3362 5045 μεγίστην
3386 4968 3769 5042 άνερῤιπίσθη

2173 5072 2346 5140 φλόγα
2366 5088 2378 5101 ·
2410 5070 2553 5124 οὕτω
2577 5071 2672 5124 καὶ
2698 5070 2921 5141 σπέρμα
2958 5067 3057 5137 τῆς
3089 5066 3332 5136 ἐχίδνης,
3366 5059 3456 5116 οἷά
3489 5079 3575 5125 τις
3620 5062 3773 5132 βρα-

2172 5164 2377 5234 χυτάτη
2430 5162 2645 5232 σταγὼν
2696 5162 2999 5234 λεληθότως
3036 5158 3326 5229 ἀνθρώπου
3367 5155 3578 5226 σώματι
3612 5156 3773 5208 ἐνιεο

2174 5251 2309 5324 μένη
2330 5292 2344 5315 ,
2371 5250 2597 5304 θάνατον
2623 5252 2907 5320 ἐνεποίησε
2937 5248 3196 5311 πολλάκις
3238 5246 3315 5317 τῷ
3341 5244 3614 5315 δηχθέντι.
3645 5244 3772 5300 Τὸν

2170 5342 2331 5395 αὑτὸν
2380 5342 2579 5413 τρόπον
2627 5342 2721 5395 καὶ
2770 5343 2805 5413 ἡ
2854 5340 3097 5412 ἁμαρτία
3146 5337 3319 5409 μικρὰ
3366 5333 3769 5407 προσϐαλοῦσα

2170 5434 2386 5506 πρῶτον
2426 5434 2519 5486 καὶ
2570 5433 2967 5505 παροραθεῖσα,
3002 5430 3121 5487 εἷτα
3162 5433 3279 5485 κατ’
3310 5432 3487 5499 ὀλίγον
3542 5431 3768 5499 προκό-

2171 5541 2376 5578 πτουσα
2405 5524 2497 5577 καὶ
2526 5522 2783 5589 αὔξουσα,
2822 5524 2964 5593 μέγα
2988 5523 3159 5578 κακὸν
3191 5524 3285 5576 καὶ
3324 5522 3499 5593 ψυχῆς
3526 5520 3767 5591 ὀλεθρον

2169 5619 2279 5679 τοῖς
2304 5615 2505 5687 ταύτην
2534 5614 2921 5686 ἐργαζομένοις
2954 5616 3224 5688 ἐπιφέρει.
3268 5615 3471 5669 Τούτου
3493 5613 3555 5683 δὴ
3579 5612 3761 5682 χάριν

2169 5709 2197 5762 ὀ
2223 5708 2530 5782 θαυμαστὸς
2561 5706 2856 5778 σύμϐουλος
2889 5708 2981 5764 καὶ
3019 5708 3117 5781 τὴν
3152 5706 3519 5785 σμικροτάτην
3554 5702 3757 5760 δοκοῦ·
