3984 6208
229 291 327 345 θοι

229 419 330 456 σαν
356 402 627 476 ἁμαρτίαν
652 403 977 458 ὑποπτεύειν
1002 402 1495 475 συμϐουλεύει.καὶ
1521 401 1628 464 ἓως
1650 401 1807 471 ὀλίγη

225 496 348 549 ἐστὶ
398 496 490 549 καὶ
527 495 796 568 ἀδρανὴς,
829 496 930 567 τὴν
981 497 1077 550 ἀπ’
1110 496 1281 566 αὐτῆς
1325 494 1685 565 φυλάττεσθαι
1717 493 1809 546 λύ-

225 604 361 657 μην,
393 588 486 639 καὶ
518 587 821 658 ὲξαναιρείν
846 590 911 657 τῇ
947 586 1205 657 μετανοίᾳ
1228 628 1243 651 ,
1278 587 1363 639 ἵνα
1412 585 1485 656 μὴ
1513 584 1808 655 χρονίσασα

223 680 326 732 καὶ
354 678 696 743 δυνασθεῖσα,
731 680 811 741 εἰς
841 678 1059 731 ἀνίατον
1093 677 1417 748 καταλήξειε
1452 676 1639 729 κακόν.

223 772 299 827 53
341 771 585 839 Ἑρεύνα
618 769 852 823 σαυτὸν
887 769 1099 824 πλεῖον
1130 769 1168 838 ἢ
1200 768 1269 823 τὰ
1303 768 1421 822 τῶν
1453 768 1663 833 πέλας.

296 862 516 933 Ἐπειδὴ
548 862 842 933 πρόχειρον
880 861 1185 933 ἀνθρώποις
1218 863 1305 915 ἀεὶ
1336 862 1430 915 καὶ
1458 862 1553 933 ἡδὺ
1593 861 1711 913 λίαν
1739 861 1807 915 τά

217 954 482 1025 ἀλλότρια
515 956 872 1026 περισκοπεῖν
905 953 1046 1008 καλά
1072 972 1131 1007 τε
1179 955 1307 1009 ὄντα
1332 954 1365 1025 ἢ
1400 954 1565 1019 κακὰ,
1592 955 1701 1008 τῶν
1732 956 1809 1008 οί-

216 1045 393 1099 κείων
428 1044 485 1097 δὲ
507 1044 581 1108 ὠς
608 1044 808 1098 ἐπίπαν
840 1045 1135 1116 ύπερορᾷν,
1173 1049 1431 1116 παραινεῖ
1463 1048 1491 1099 6
1520 1045 1661 1109 θεῖος
1698 1046 1807 1099 τῶν

215 1136 469 1200 εὐσεϐῶς
510 1136 801 1190 ἐθελόντων
847 1137 946 1207 ζῇν
994 1137 1308 1209 καθηγητὴς
1351 1138 1550 1209 μᾶλλον
1593 1138 1660 1191 τὰ
1701 1139 1808 1191 ἱδια

215 1227 618 1301 ἀνεμυνᾶσθαι
654 1229 688 1301 ἢ
728 1229 797 1283 τὰ
830 1227 938 1281 τῶν
970 1229 1138 1293 πέλας
1171 1230 1668 1301 πολυπραγμονεῖν.
1698 1232 1808 1284 Καὶ

214 1319 339 1391 γὰρ
368 1321 435 1391 τῇ
468 1316 577 1371 τῶν
612 1319 758 1372 ίδίων
787 1318 1177 1389 πλημμελειῶν
1210 1318 1556 1392 ἐξερευνήσει
1586 1321 1748 1384 αύτὸς
1777 1324 1806 1375 6

214 1411 421 1465 ἑαυτὸν
453 1410 761 1483 ἀνακρίνων
809 1410 1131 1480 ὠφελεῖται,
1171 1411 1246 1475 ὡς
1280 1412 1401 1480 ὅφιν
1435 1411 1698 1484 κρυπτῶς
1739 1416 1805 1485 τῇ

212 1500 393 1556 αὑτοῦ
413 1501 611 1572 καρδίᾳ
634 1501 1020 1572 ὲμφωλεύοντα
1047 1502 1304 1573 ἐλέγχων,
1330 1506 1425 1556 καὶ
1448 1505 1513 1574 τῇ
1548 1502 1808 1577 ὲξηγορία

212 1592 530 1665 ἑξαναιρῶν
568 1592 665 1665 τὴν
698 1593 956 1665 ἀνομίαν’
986 1592 1055 1646 τά
1085 1592 1179 1645 τοῦ
1228 1592 1397 1655 πέλας
1424 1592 1480 1645 δὲ
1523 1591 1809 1664 διερευνώ-

214 1701 394 1757 μενος
414 1682 509 1736 καὶ
530 1682 858 1753 ἀνακρίνων,
885 1682 1081 1752 ἐκείνῳ
1104 1684 1202 1753 μὲν
1235 1682 1425 1753 κέρδος
1452 1682 1805 1753 προύξένησε,

212 1776 423 1833 ἑαυτὸν
446 1773 861 1845 ἀσφαλιζομένῳ
885 1772 972 1827 διὰ
991 1772 1090 1844 τὴν
1115 1772 1383 1841 ὲξέλεγξιν
1406 1773 1501 1827 καὶ
1520 1772 1612 1826 τοῦ
1639 1774 1811 1845 ἀμαρ-

212 1870 415 1923 τάνειν
458 1869 587 1930 ῐσως
617 1864 939 1936 παυομένῳ,
977 1864 1139 1927 αὐτὸς
1175 1864 1233 1918 δὲ
1282 1863 1607 1935 ζημιοῦται,
1660 1864 1713 1917 εῖ
1744 1881 1808 1933 γε

213 1964 339 2035 ἄρα
372 1961 448 2032 μὴ
481 1958 802 2030 κηδεμονία,
832 1958 967 2013 ἀλλά
1011 1956 1188 2028 φθόνῳ
1215 1958 1309 2011 καὶ
1343 1958 1577 2029 πονηρίᾳ
1611 1957 1679 2011 τά
1713 1956 1808 2010 τοῦ

208 2054 467 2125 γείτονος
498 2050 947 2123 περιεργάζοιτο·
980 2049 1046 2102 δι’
1075 2049 1103 2102 6
1145 2049 1290 2117 λέγει
1337 2048 1575 2117 κρείσσω
1606 2049 1697 2102 τὸν
1722 2048 1810 2101 λο-

206 2147 423 2219 γισμὸν
449 2146 557 2199 τῶν
588 2143 843 2216 πράξεων
872 2137 1012 2195 εἶναι
1062 2142 1157 2195 καλ⁵
1194 2142 1479 2210 ἀνάκρισιν
1513 2142 1658 2213 ἥπερ
1700 2140 1808 2193 τῶν

206 2239 547 2311 χρημάτων.
572 2234 759 2289 Ταῦτα
784 2235 881 2306 μὲν
916 2234 1024 2304 γάρ
1050 2234 1160 2304 ὅσῳ
1191 2231 1291 2286 κᾶν
1314 2230 1503 2305 λογίζῃ
1529 2233 1620 2287 τὸν
1649 2232 1809 2286 πλεο-

206 2330 435 2401 νασμὸν
460 2370 474 2394 ,
517 2330 627 2398 ὅσῳ
654 2327 758 2381 κᾶν
793 2325 1287 2398 ὲξακριὸαζόμενος
1318 2324 1579 2396 πληθύειν
1608 2324 1773 2396 δοκῇς
1792 2364 1807 2388 ,

205 2424 327 2495 -τῆς
367 2422 539 2493 φορᾶς
583 2420 734 2482 ὄντα,
781 2417 959 2471 ἄλλοτ’
1000 2419 1079 2481 εἰς
1119 2415 1312 2481 ἀλλους
1356 2417 1683 2489 μεταρῤέει,
1717 2415 1811 2469 καὶ⁵

212 2513 669 2585 μετακινούμενα
715 2510 775 2563 ού
823 2509 1131 2581 παραμένει
1176 2524 1292 2561 σοι·
1329 2510 1362 2579 ἡ
1398 2507 1506 2561 τῶν
1558 2508 1810 2578 πράξεων

209 2609 277 2663 δὲ
322 2606 624 2676 συζήτησις
646 2643 662 2667 ,
697 2602 791 2655 καὶ
827 2600 937 2654 τῶν
970 2598 1248 2670 λογισμῶν
1276 2599 1374 2670 τῆς
1402 2599 1580 2671 ψυχῆς
1600 2599 1811 2669 διάκρι-

214 2717 307 2764 σις
343 2698 440 2751 καὶ
476 2696 745 2767 κάθαρσις
768 2734 783 2758 ,
834 2694 914 2757 είς
966 2690 1234 2747 ἀπάθειαν
1272 2691 1514 2760 ἄγουσα,
1573 2692 1808 2756 ἵσταται,

214 2794 325 2847 καὶ
366 2792 447 2854 είς
473 2788 563 2843 τὸν
591 2787 764 2843 αιῶνα
794 2784 1059 2857 διαμένει.

219 2884 297 2940 57
345 2882 402 2934 Ὀ
438 2880 586 2947 νοῦς
613 2879 707 2933 ἀεί
734 2893 832 2932 σοι
858 2874 1531 2947 καμνέτωντυπούμενος

218 2956 296 3011 58
334 2953 525 3017 Θείοις
551 2946 853 3019 νοήμασιν
880 2946 943 3001 τέ
979 2947 1075 3002 καὶ
1104 2946 1250 3010 βίου
1271 2946 1494 3015 λόγοις.

312 3041 631 3112 Ἀκούωμεν
659 3041 708 3093 οἱ
729 3038 821 3092 τὸν
849 3035 1147 3109 ἀσκητικὸν
1176 3035 1271 3089 καὶ
1306 3035 1426 3089 κατ’
1470 3032 1670 3106 ἀρετὴν
1699 3031 1814 3103 βίον

220 3137 388 3211 βιοῦν
422 3133 863 3206 προαιρούμενοι,
897 3124 984 3183 οἷα
1003 3129 1136 3200 δρᾷν
1174 3130 1202 3182 6
1222 3127 1322 3198 τῆς
1351 3127 1553 3199 ἀρετῆς
1591 3125 1816 3196 νομοθέ-

216 3246 328 3300 της
391 3211 713 3296 εἰσηγὲῖται.
744 3221 849 3273 Τὸν
901 3220 997 3291 μὲν
1050 3218 1175 3272 νοῦν
1226 3219 1358 3288 ἡμῖν
1392 3218 1505 3289 (96)
1550 3214 1814 3286 διηνεκῶς

218 3320 573 3393 ὲμμέριμνον
603 3311 762 3378 εἷναι,
798 3315 909 3375 τοῖς
931 3329 991 3365 τε
1023 3312 1187 3382 ἱεροῖς
1213 3310 1307 3364 καὶ
1360 3309 1525 3372 θείοις
1552 3311 1815 3380 νοήμασιν

220 3409 628 3482 ἀδολεσχοῦντα
648 3447 664 3471 ,
694 3407 791 3461 καὶ
827 3408 938 3469 τοῖς
963 3404 1165 3473 λογίοις
1188 3403 1290 3473 τῆς
1320 3404 1541 3474 χάριτος
1579 3402 1815 3473 ἐμμελε-

218 3504 433 3565 τῶντα,
476 3500 571 3554 καὶ
596 3497 805 3561 τούτοις
840 3497 934 3550 τὸν
965 3494 1076 3565 βίον
1104 3493 1441 3565 τυπούμενον
1475 3494 1567 3547 καὶ
1600 3511 1813 3547 κανονι-

220 3598 463 3666 ζόμενον
484 3634 497 3659 ,
530 3592 668 3662 πρός
695 3606 754 3642 τε
786 3588 886 3659 τὴν
919 3584 1121 3658 πρᾶξιν
1147 3584 1544 3657 κατορθοῦσθαι
1585 3585 1680 3638 καὶ
1716 3585 1815 3656 τὴν

222 3688 501 3759 θεωρίαν·
541 3683 641 3754 τῆς
687 3680 937 3750 γλώσσης
969 3679 1026 3732 δὲ
1064 3677 1338 3748 φείδεσθαι
1384 3677 1478 3731 καὶ
1515 3676 1717 3746 ταύτης
1755 3677 1817 3729 τὸ

221 3778 476 3851 ἀκρατὲς
500 3774 827 3831 ἀνακόπτειν
860 3768 1270 3842 παραγγέλλει,
1302 3768 1378 3832 ὡς
1410 3768 1484 3838 μὴ
1510 3767 1817 3839 προχείρως

224 3871 375 3945 μηδὲ
408 3864 696 3939 προπετῶς
723 3862 893 3933 αὐτὴν
918 3862 997 3925 είς
1026 3860 1088 3914 τὸ
1114 3859 1385 3914 διδάσκειν
1416 3859 1449 3929 ἢ
1472 3858 1816 3929 δογματίζειν

222 3958 642 4024 αὑθαδίζεσθαι.
672 3956 782 4010 Καὶ
830 3952 939 4025 γὰρ
976 3950 1245 4022 ἀχαλίνως
1282 3948 1420 4020 αὕτη
1450 3949 1587 4021 πρὸς
1616 3966 1815 4002 παντο-

227 4050 556 4128 ρημοσύνας
614 4044 1045 4116 ὲξανισταμένη,
1100 4043 1181 4105 είς
1247 4040 1523 4104 ἀπωλείας
1572 4039 1818 4128 αἱρέσεις

222 4124 364 4205 Imb;
400 4138 476 4210 μὴ
511 4137 611 4207 τὴν
643 4136 737 4190 ἀπ’
777 4133 951 4203 αύτῆς
998 4130 1204 4202 βλάϐην
1238 4129 1657 4201 εὐλαϐουμένοις
1709 4124 1814 4183 οἶδε

223 4226 531 4296 γιτασπᾷν
566 4224 660 4276 καὶ
692 4222 925 4284 εὐκόλως
953 4219 1220 4283 κινδύνοις
1264 4218 1558 4290 ὑποφέρειν
1587 4218 1685 4291 τὴν
1722 4219 1818 4288 ψυ-

224 4322 339 4393 χήν
368 4337 384 4349 ο
412 4316 593 4380 καλῶς
618 4315 675 4369 δὲ
697 4313 865 4382 αὐτῆς
892 4311 1246 4382 κινουμένης,
1279 4310 1373 4364 καὶ
1400 4309 1710 4381 ὀρθοτόμως
1727 4309 1817 4362 τὸν

226 4413 336 4484 τῆς
395 4407 674 4468 εὐσεϐείας
706 4404 862 4473 λόγον
913 4403 1435 4476 ἀποφθεγγομένης,
1470 4403 1519 4455 εί
1561 4402 1635 4473 μὴ
1670 4402 1764 4454 καὶ
1790 4402 1818 4455 6

230 4505 356 4575 βίος
381 4499 679 4572 ἀμώμητος
714 4496 789 4550 ῶν
826 4496 1001 4568 τύχοι,
1028 4490 1189 4567 ἦττον
1214 4495 1274 4549 τὺ
1302 4495 1410 4548 ἀπὸ
1454 4495 1551 4565 τῆς
1584 4494 1821 4564 εὐγλωτ-

228 4598 360 4660 τίας
411 4594 597 4664 κέρδος
626 4590 721 4645 καὶ
753 4590 814 4643 ού
861 4588 1029 4662 πολλὴ
1063 4590 1099 4661 ἡ
1130 4586 1365 4659 ὠφέλεια
1416 4588 1527 4652 τοῖς
1561 4584 1819 4641 ἀκούουσι

230 4686 597 4758 παρίσταται.

228 4781 295 4835 (ii
332 4780 509 4846 Ὄψις
542 4773 941 4845 σωήρπασέν
962 4789 1061 4843 με,
1096 4770 1264 4840 πλὴν
1287 4770 1425 4825 ἀλλ’
1455 4768 1700 4839 ἐσχέθη.

304 4867 618 4929 Κανονίσας
647 4865 739 4918 τὸν
763 4864 887 4919 νοῦν
914 4862 1009 4916 καὶ
1038 4862 1136 4935 τὴν
1168 4861 1421 4931 γλῶσσαν
1442 4862 1470 4914 6
1492 4858 1825 4915 θεοειδέστα-

229 4980 362 5027 τος,
396 4958 644 5013 ἐντεῦθεν
674 4956 859 5011 λοιπὸν
885 4955 1089 5028 ἑκάστῃ
1109 4954 1217 5009 τῶν
1240 4952 1485 5023 ψυχικῶν
1517 4951 1823 5022 αἰσθήσεων

235 5052 537 5126 ῥυθμίζει,
580 5050 775 5121 Ὀψις,
832 5047 1037 5117 λέγων,
1097 5047 1440 5117 συνήρπασεν
1493 5042 1821 5109 ἐξαπιναίως

234 5143 501 5213 σώματος
533 5140 763 5205 κάλλος,
807 5138 1181 5210 ἀστραφθεῖσα
1213 5136 1320 5190 τῶν
1351 5136 1451 5189 ὅσα
1486 5136 1685 5207 λίχνοις
1718 5136 1822 5206 δμ-

236 5252 413 5308 μασιν
473 5233 771 5287 ὑποπίπτει
821 5230 1149 5302 θαυμαστά·
1205 5229 1395 5300 ὅρασις
1440 5226 1579 5299 αῦτη
1643 5228 1825 5298 πάσης

234 5327 553 5398 αἰσθήσεως
601 5323 913 5395 κυριωτέρα
948 5323 1040 5375 καὶ
1090 5318 1422 5392 τιμιωτέρα,
1461 5318 1537 5383 ὡς
1589 5319 1682 5372 καὶ
1731 5318 1825 5372 τοῦ

236 5417 526 5481 καλλίονος
561 5415 670 5469 τῶν
699 5413 971 5485 αἰσθητῶν
1008 5413 1262 5467 ἁπάντων
1291 5408 1424 5467 οὖσα
1460 5410 1638 5481 φωτὸς
1678 5411 1825 5465 ἀντι-

232 5512 508 5586 ληπτικὴ.
542 5509 691 5579 Δῦτη
730 5506 908 5561 τοίνυν
940 5504 1198 5573 ἐξαίφνης
1216 5504 1329 5575 (97)
1371 5501 1555 5556 ἰδοῦσά
1580 5518 1634 5554 τι
1664 5500 1823 5573 σῶμα

238 5602 537 5676 φωταυγὲς
570 5600 604 5672 ἢ
633 5596 989 5670 περικαλλὲς,
1026 5593 1372 5667 συνήρπασέν
1419 5610 1487 5665 με
1512 5633 1527 5662 ,
1566 5591 1821 5665 ὲξέστησέ

320 5759 436 5835 (96)
472 5758 605 5817 Cod.
645 5758 743 5831 μὲν
780 5749 873 5812 οῦν
902 5755 1055 5829 ἡμῖν.

1216 287 1282 342 ΙΝ
1320 284 1625 343 CARMINA
1652 284 1936 340 ARCANA
1975 284 2032 341 S.
2075 285 2425 343 GRI‘IGORII.

3389 299 3493 354 8ὸῖ

1911 402 1980 457 ab
2008 404 2183 473 ipsius
2216 405 2420 460 damno
2459 408 2686 462 cavendi
2721 416 2777 463 et
2816 408 3141 479 pmnitentia
3189 411 3363 483 ipsam
3392 417 3490 471 de-

1910 492 2078 557 lendi,
2117 510 2186 549 ne
2216 496 2516 552 inveterata
2546 507 2601 553 et
2624 500 2855 555 validior
2891 500 3036 556 facta
3072 502 3127 557 in
3168 504 3489 564 irremedia-

1911 583 2018 640 bile
2061 584 2277 640 desinat
2320 588 2547 643 malum.

1910 741 1979 795 55
2020 741 2272 797 Scrutare
2305 745 2480 813 potius
2512 756 2561 799 te
2594 746 2763 815 ipsum
2811 765 2966 818 quam
3004 768 3086 806 res
3117 753 3346 809 alienas.

1981 832 2262 904 Siquidem
2310 837 2413 891 sub
2460 854 2623 891 manu
2661 855 2877 909 semper
2935 852 3019 897 est
3069 845 3382 902 hominibus
3433 854 3488 902 et

1909 937 2123 996 gratum
2154 927 2318 983 nimis
2341 927 2517 982 aliena
2536 930 2865 1001 investigare
2893 940 3007 986 tum
3032 935 3170 989 bona
3191 945 3303 990 tum
3324 936 3485 999 mala,

1910 1019 2131 1090 propria
2177 1035 2308 1075 vero
2339 1021 2497 1093 quasi
2533 1023 2787 1079 universe
2818 1025 2954 1080 nihil
2986 1040 3202 1090 curare,
3237 1026 3489 1081 hortatur

1909 1112 2068 1166 divus
2112 1114 2374 1183 magister
2404 1130 2500 1169 eos
2534 1116 2627 1184 qui
2665 1116 2752 1185 pie
2793 1118 2983 1171 volunt
3032 1118 3217 1172 vivere
3247 1119 3313 1172 ad
3370 1133 3491 1188 pro-

1908 1204 2027 1273 pria
2078 1205 2255 1274 magis
2300 1204 2606 1277 indaganda
2642 1223 2806 1278 quam
2852 1210 3085 1279 proximi
3118 1224 3281 1279 opera
3306 1209 3490 1264 curio—

1910 1295 2027 1349 sius
2082 1296 2409 1364 requirenda
2469 1314 2482 1351 :
2536 1299 2880 1367 propriarum
2951 1299 3098 1353 enim
3154 1312 3248 1369 per
3313 1297 3492 1368 negli-

1910 1387 2213 1456 gentiarum
2261 1404 2488 1443 examen
2539 1391 2771 1461 quisque
2817 1406 2877 1445 se
2904 1406 3306 1462 recognoscens
3341 1391 3490 1445 utili-

1910 1488 2072 1535 tatem
2120 1481 2373 1553 percipit,
2432 1490 2740 1553 serpentem
2791 1482 2989 1540 furtive
3049 1485 3104 1537 in
3168 1483 3341 1553 ipsius
3390 1498 3490 1537 cor

1910 1568 2239 1640 irrepentem
2288 1574 2545 1643 detegens
2606 1583 2661 1629 et
2705 1574 3052 1630 confessione
3106 1575 3363 1629 delictum
3402 1590 3490 1629 re-

1906 1659 2139 1729 jiciens;
2208 1662 2301 1733 qui
2363 1680 2496 1718 vero
2566 1681 2731 1737 opera
2796 1666 3029 1736 proximi
3086 1674 3367 1720 scrutatur
3435 1672 3490 1719 rt

1908 1752 2193 1818 discernit,
2264 1754 2339 1808 illi
2395 1756 2612 1825 quidem
2671 1756 2884 1810 lucrum
2950 1756 3189 1827 acquirit
3246 1756 3489 1825 seipsmn

1908 1846 2083 1899 tuenti
2113 1855 2337 1916 propter
2378 1846 2821 1919 objurgationem
2862 1857 2914 1903 et
2962 1864 2991 1901 a
3047 1856 3275 1919 peccato
3327 1847 3492 1903 simul

1908 1938 2181 2005 cessanti;
2228 1938 2548 2011 objurgator
2601 1948 2779 1994 autem
2831 1940 3215 1995 detrimentum
3256 1940 3490 2012 patitur.

1908 2027 1954 2083 si
1996 2028 2133 2083 forte
2172 2045 2280 2085 non
2315 2032 2452 2096 zelo,
2513 2031 2609 2087 sed
2661 2031 2863 2087 invidia
2907 2042 2960 2087 et
3010 2033 3218 2087 malitia
3253 2031 3491 2103 proximi

1908 2135 2072 2191 opera
2107 2120 2470 2193 indagaverit;
2507 2123 2694 2195 itaque
2731 2123 2865 2178 dicit
2901 2124 3183 2179 meliorem
3220 2122 3490 2178 rationem

1907 2227 2132 2284 operum
2159 2228 2281 2269 esse
2315 2221 2369 2270 et
2414 2216 2885 2285 percontationem
2921 2231 3085 2288 quam
3120 2216 3438 2270 divitiarum
3470 2232 3486 2247 ·

1910 2304 2103 2359 harum
2128 2306 2272 2361 enim
2343 2315 2612 2377 quantum
2675 2298 2999 2379 supputabis
3072 2308 3492 2375 abundantiam,

1908 2400 2129 2467 quantis
2159 2414 2361 2455 curans
2408 2400 2632 2454 etfocari
2656 2399 2950 2465 videberis,
3004 2401 3334 2455 transitorize
3367 2415 3491 2469 qua:

1909 2498 2063 2554 sunt,
2092 2491 2211 2545 alia:
2240 2491 2311 2545 ad
2331 2490 2469 2547 alios
2490 2491 2708 2545 eﬂluent
2733 2498 2786 2546 et
2816 2492 3033 2563 agitatae
3068 2506 3179 2546 non
3200 2491 3295 2546 tibi
3319 2504 3493 2545 rema-

1910 2582 2153 2648 nebunt,
2209 2596 2434 2652 operum
2502 2596 2634 2637 vero
2684 2582 3025 2652 comparatio
3095 2590 3152 2637 et
3213 2582 3488 2637 rationum

1911 2673 2105 2727 anima:
2151 2672 2415 2728 discretio
2463 2680 2518 2727 et
2567 2674 2874 2743 purificatio
2905 2674 2971 2728 ad
3012 2674 3492 2746 morigerationem

1910 2764 2118 2819 ducens
2150 2763 2398 2818 firmatur
2426 2772 2479 2820 et
2501 2765 2555 2819 in
2586 2773 2854 2821 aeternum
2891 2774 3196 2837 permanet.

1912 2855 1978 2910 57
2012 2855 2307 2909 Continuus
2339 2855 2432 2909 tibi
2458 2855 2611 2910 labor
2653 2857 2800 2911 situt
2842 2874 2987 2911 mens
3046 2868 3135 2912 tua
3179 2859 3495 2929 informatur

1914 2949 1983 3003 58
2037 2947 2242 3003 Divinis
2288 2950 2696 3019 cogitationibus
2764 2960 2813 3003 et
2862 2951 3195 3005 salutaribus
3254 2957 3496 3014 monitis.

1983 3039 2306 3105 Audiamus,
2341 3041 2436 3111 qui
2465 3040 2760 3094 asceticam
2785 3052 2837 3095 et
2865 3041 3022 3111 juxta
3051 3044 3308 3100 virtutem
3329 3048 3494 3104 vitam

1914 3133 2200 3203 elegimus,
2230 3147 2350 3203 qua:
2376 3133 2572 3189 suadet
2619 3141 2677 3187 ut
2713 3131 2980 3189 faciamus
3024 3134 3242 3190 virtutis
3276 3137 3498 3208 legisla-

1916 3231 2020 3277 tor.
2064 3222 2302 3293 Spiritus
2348 3223 2508 3279 nobis
2560 3222 2942 3277 indesinenter
2990 3223 3064 3278 sit
3114 3224 3384 3281 sollicitus
3427 3226 3495 3282 de

1916 3315 2121 3369 sanctis
2147 3321 2203 3369 et
2233 3313 2436 3368 divinis
2467 3313 2893 3385 cogitationibus
2927 3315 3245 3370 conversari
3280 3324 3332 3371 et
3375 3333 3497 3387 qua)

1917 3405 2147 3475 gratiam
2180 3412 2429 3474 spectant
2461 3415 2640 3470 curet,
2696 3414 2861 3475 alque
2913 3406 3215 3461 secundum
3266 3408 3370 3463 ista
3413 3410 3498 3463 in-

1918 3496 2113 3550 formet
2156 3504 2211 3551 et
2245 3497 2498 3552 instituat
2553 3497 2716 3549 vitam
2773 3496 3014 3567 dirigens
3071 3497 3136 3553 ad
3187 3499 3397 3568 praxim
3442 3509 3497 3555 et

1917 3586 2364 3655 meditationem;
2422 3587 2621 3658 linguae
2684 3602 2911 3657 parcere
2965 3595 3019 3644 et
3074 3589 3250 3659 ipsius
3287 3590 3497 3645 inordi-

1916 3687 2102 3733 natum
2136 3678 2432 3749 reprimere
2466 3679 2792 3748 praescribit,
2824 3679 2899 3733 ita
2936 3690 2991 3733 ut
3026 3694 3127 3735 nec
3184 3680 3343 3736 facile
3394 3697 3496 3737 nec

1920 3767 2226 3838 petulanter
2256 3775 2505 3837 erumpat
2532 3766 2587 3820 in
2621 3764 2870 3821 docendo
2894 3777 2986 3821 aut
3026 3768 3445 3838 dogmatizando
3478 3790 3492 3826 :

1917 3874 2156 3930 namque
2193 3874 2319 3913 cum
2364 3874 2473 3913 non
2517 3857 2806 3913 refra'nata
2866 3866 3117 3915 movetur
3164 3860 3217 3914 in
3278 3876 3496 3916 omnem

1917 3966 2247 4015 sermonem,
2281 3951 2336 4004 in
2387 3949 2615 4005 lethales
2644 3950 2879 4007 haereses
2920 3950 3043 4022 illos
3070 3951 3161 4021 qui
3197 3967 3308 4007 non
3336 3967 3366 4005 a
3396 3950 3495 4007 de-

1917 4045 2061 4099 lictis
2107 4059 2204 4114 per
2251 4044 2422 4113 ipsam
2456 4050 2766 4113 praecavent
2798 4044 3230 4099 novitinduccre
3259 4052 3312 4099 et
3340 4044 3501 4100 facile

1918 4136 2177 4206 periculis
2226 4149 2501 4204 exponere
2568 4122 2845 4201 animam;
2934 4136 3052 4205 ipsa
3107 4141 3288 4188 autem
3350 4141 3497 4188 recte

1919 4235 2206 4280 moveatur
2261 4232 2316 4278 et
2380 4223 2520 4279 bene
2572 4239 2882 4280 sermonem
2955 4224 3172 4295 pietatis
3230 4224 3493 4293 proferat,

1918 4319 1998 4373 sic
2069 4316 2517 4388 repreliensibilis
2593 4332 2705 4371 non
2779 4324 2864 4374 est
2933 4316 3084 4386 ,vita,
3151 4316 3335 4371 minus
3412 4323 3499 4370 est

1918 4408 2075 4463 bonae
2123 4408 2351 4478 loquelae
2408 4407 2622 4463 lucrum
2680 4423 2783 4465 nec
2821 4409 2989 4464 multa
3018 4408 3226 4465 utilitas
3269 4406 3499 4463 audien-

1918 4501 2066 4557 tibus
2100 4500 2396 4572 praebetur.

1922 4769 1982 4824 6|
2021 4770 2274 4839 Asperitas
2311 4784 2391 4824 me
2413 4767 2665 4837 abripuit,
2700 4766 2790 4822 sed
2830 4774 3003 4821 tamen
3025 4781 3105 4821 me
3126 4764 3352 4820 cohibiti.

1998 4858 2314 4915 Moderatus
2356 4858 2612 4927 spiritum
2646 4864 2702 4911 et
2735 4856 2977 4926 linguam
3019 4856 3240 4911 divinus
3281 4853 3496 4921 doctor,

1924 4941 2125 5005 exin'de
2159 4949 2398 5019 reliquos
2430 4962 2629 5003 sensus
2665 4947 2942 5002 naturales
2978 4946 3275 5017 componit.
3311 4944 3499 5009 Visus,

1925 5041 2138 5112 inquit,
2199 5040 2381 5096 subito
2422 5039 2603 5109 rapuit
2671 5052 2964 5108 corporum
3034 5037 3499 5109 pulchritudinem

1928 5133 2270 5199 illuminans,
2304 5140 2571 5202 quantum
2607 5130 2859 5185 miranda
2886 5130 3064 5187 oculis
3097 5130 3503 5200 concupiscen-

1928 5225 2017 5279 tia:
2040 5225 2204 5281 obvia
2240 5224 2399 5279 fiunt.
2431 5223 2597 5277 Visus
2634 5226 2751 5294 ipse
2780 5238 2970 5279 omnes
3010 5238 3207 5279 sensus
3234 5234 3500 5289 superans

1926 5317 2165 5374 cﬂtcacia
2198 5324 2253 5372 et
2297 5315 2615 5371 reverentiae
2649 5316 2994 5382 necessitate,
3027 5314 3227 5385 quippe
3249 5311 3340 5381 qui
3382 5324 3501 5364 om-

1931 5410 2084 5463 nium
2126 5407 2471 5463 sensibilium
2515 5407 2886 5476 pulchriorem
2928 5407 3190 5475 fulgorem
3230 5398 3499 5473 percipit;

1932 5500 2085 5555 visus
2131 5513 2263 5568 ergo
2316 5498 2503 5553 subito
2557 5513 2759 5570 corpus
2812 5498 3083 5569 quoddam
3140 5493 3354 5563 fulgens
3409 5496 3507 5543 aut

1934 5588 2320 5660 perpulchrum
2352 5602 2585 5644 cernens
2616 5602 2703 5644 me
2735 5587 2946 5658 rapuit,
2978 5584 3213 5639 alienum
3255 5597 3341 5636 me
3373 5578 3504 5635 abs-

2009 5746 2120 5820 (97)
2151 5746 2287 5804 Cod.
2321 5746 2584 5820 ὲξαίφνις.
