4030 6232
538 329 643 389 803

541 452 685 516 tuiit,
712 460 887 504 totum
920 448 1163 503 incendit
1196 456 1322 504 ante
1349 456 1702 520 conspectam
1732 449 2104 519 pulchritudi-

542 557 701 609 nem;
749 541 845 597 sed
889 555 1176 612 repressus
1201 550 1305 609 est,
1352 540 1447 596 sed
1474 542 1751 597 cohibitus
1791 550 1876 597 est
1919 543 2116 599 timore

542 634 638 689 Dei
662 641 713 688 et
747 632 1129 687 mandatorum
1160 632 1561 697 recordatione,
1587 634 1668 688 sic
1702 648 2002 690 conversus
2033 643 2118 690 est

543 735 598 779 et
643 724 946 779 exstinctus
984 732 1095 787 est,
1145 724 1218 778 ita
1259 732 1317 777 ut
1359 724 1413 778 in
1464 725 1643 778 anima
1685 740 1794 780 non
1841 737 2119 781 remaneat

544 814 981 883 repraesentatio,
1004 812 1119 868 sive
1148 816 1433 885 vestigium
1464 828 1556 870 aut
1586 817 1781 870 umbra
1810 817 1937 870 mali
1973 818 2119 873 desi-

544 906 699 961 derii.
755 904 968 958 Primus
1020 904 1240 975 gradus,
1286 911 1340 960 et
1388 906 1591 977 absque
1629 914 1852 977 peccato
1884 908 2010 977 quia
2062 907 2119 960 fit

554 1012 700 1051 mera
740 997 936 1066 imago.
976 995 1034 1050 Si
1072 1004 1253 1051 autem
1295 998 1473 1068 imago
1523 1008 1629 1054 stet
1662 1008 1715 1054 et
1746 1014 1867 1069 qua:
1904 999 2121 1070 conspi-

544 1086 689 1139 citur
746 1084 919 1140 forma
979 1093 1071 1139 aut
1122 1086 1474 1155 pulchritudo
1529 1104 1653 1143 cum
1708 1090 2123 1159 perturbatione

545 1174 599 1226 in
649 1172 1002 1242 intelligentia
1050 1175 1422 1242 inscribatur,
1478 1177 1754 1233 secundus
1802 1187 1886 1235 est
1920 1177 2122 1249 gradus

544 1269 598 1315 ct
650 1261 1062 1330 sciui-perfecta
1108 1264 1267 1333 culpa
1301 1272 1555 1333 vocatur;
1590 1266 1638 1321 si
1680 1274 1857 1322 tamen
1886 1267 2124 1338 fugiatur

543 1360 922 1406 consummata
978 1368 1075 1422 per
1126 1356 1515 1425 experientiam
1564 1358 1746 1429 culpa.
1803 1356 1939 1415 Tres
1995 1350 2124 1429 ergo

543 1443 637 1497 isti
686 1445 886 1515 gradus
923 1445 1081 1501 lucta:
1119 1456 1248 1501 sunt
1281 1448 1580 1518 spiritualis
1626 1464 1657 1504 a
1696 1451 1975 1505 communi
2021 1449 2124 1504 ini-

545 1536 690 1590 mi'co
733 1538 936 1593 nostris
986 1538 1274 1594 animabus
1329 1541 1517 1609 oblati,
1568 1541 1769 1614 imago,
1814 1542 2123 1607 delectatio,

543 1628 909 1698 experientia.
938 1628 1243 1684 Fortissimi
1275 1641 1359 1685 est
1380 1632 1559 1701 primo
1587 1635 1771 1687 audito
1801 1635 2124 1687 intentatam

543 1733 577 1773 a
609 1720 961 1790 sequentibus
992 1721 1288 1789 resistere;
1317 1734 1370 1777 et
1394 1725 1440 1777 si
1472 1724 1528 1779 in
1570 1725 1871 1780 secundum
1908 1726 2124 1781 induci-

546 1826 689 1873 mur,
741 1810 988 1866 secundo
1039 1811 1212 1882 gradu
1256 1813 1461 1867 bonum
1506 1825 1654 1871 esset
1696 1817 1867 1871 multa
1914 1826 2122 1890 tempe-

546 1904 722 1957 rantia
757 1912 809 1957 et
849 1904 1102 1974 prudenti
1136 1904 1319 1959 animo
1352 1915 1568 1963 utentes
1600 1908 1815 1962 ruinam
1841 1910 2124 1981 experien-

543 1996 633 2050 tiae
668 1995 887 2050 totalem
922 1997 1117 2051 vitare.

542 2129 617 2187 65
651 2128 788 2187 Cera
810 2147 965 2188 aures
996 2131 1207 2187 obsim
1232 2131 1480 2187 adversus
1505 2148 1690 2202 pravos
1708 2148 1992 2189 sermones.

612 2223 1083 2290 Quemadmodum
1131 2240 1226 2294 per
1273 2226 1449 2280 vi~um
1490 2225 1647 2294 quasi
1691 2239 1789 2295 per
1848 2225 2125 2282 fenestras

538 2317 940 2386 cupiditatibus
963 2317 1031 2373 ad
1066 2316 1487 2373 fornicationem
1519 2317 1898 2372 allicientibus
1920 2318 2126 2373 intrare

522 2407 601 2461 in
624 2409 862 2463 animam
894 2410 1249 2472 conantibus.
1280 2410 1374 2479 qui
1409 2409 1670 2478 prudenti
1695 2410 1869 2465 utitur
1892 2412 2127 2467 consilio

542 2499 767 2551 obturat
800 2500 994 2553 oculos
1026 2505 1081 2553 et
1110 2500 1179 2553 ab
1213 2499 1300 2553 his
1325 2499 1546 2554 divertit
1574 2507 1628 2555 et
1647 2501 1939 2565 alienatur,
1967 2502 2049 2557 sic
2076 2510 2129 2557 et

545 2605 641 2659 per
670 2588 915 2645 auditum
956 2589 1174 2643 allicere
1207 2595 1441 2643 conante
1484 2589 1829 2659 impudente,
1865 2606 1992 2646 cera
2024 2606 2126 2646 au-

510 2696 635 2739 .res
672 2681 889 2745 obtura,
929 2679 1250 2748 pronuntiat
1296 2679 1459 2735 divus
1504 2690 1699 2750 pater;
1747 2681 1816 2736 ad
1859 2683 2126 2738 amatoria

544 2771 710 2826 verba
742 2779 796 2824 et
827 2771 1137 2825 indecentia
1170 2778 1223 2824 ct
1264 2771 1441 2841 turpia
1472 2779 1526 2826 et
1560 2771 1847 2827 cautiones
1878 2774 2129 2827 meretri-

540 2862 663 2916 cias
691 2860 865 2914 allicit
898 2861 1160 2922 animam.
1204 2860 1559 2913 cantionibus
1595 2859 1888 2915 diabolicis
1919 2859 1986 2915 ad
2026 2874 2125 2914 vo-

510 3018 513 3021 _
544 2952 811 3019 iuptatem
844 2948 1191 3003 trahentibus
1219 2948 1369 3002 omni
1411 2963 1514 3019 Ope
1556 2949 1887 3005 difﬂuentem
1916 2959 1970 3004 et
1998 2950 2127 3005 effe-

541 3042 812 3094 minatum
854 3038 1086 3093 reddere
1133 3038 1385 3107 spiritum
1428 3039 1542 3092 vult
1588 3040 1832 3104 auditus,
1872 3056 2031 3110 quem
2066 3049 2125 3095 tu

541 3128 771 3181 omnino
818 3126 1021 3181 cohibe
1069 3145 1083 3180 :
1130 3126 1604 3191 Quemadmodum
1662 3130 1755 3200 qui
1816 3130 2124 3186 sirenarum

543 3235 718 3291 prope
768 3218 1089 3274 mansiones
1149 3219 1462 3274 canentium
1516 3220 1621 3276 iter
1670 3229 1917 3292 agentes,
1964 3237 2127 3279 aures

543 3326 670 3366 cera
701 3310 858 3379 juxta
891 3318 1080 3379 poetas
1113 3310 1538 3376 obturaverunt,
1580 3312 1665 3369 sic
1709 3319 1763 3367 et
1800 3319 1884 3373 tu,
1926 3314 2125 3384 inquit,

544 3400 716 3458 surdo
750 3400 950 3456 similis
985 3416 1097 3456 non
1138 3402 1371 3458 audiens
1409 3403 1791 3475 symphoniam
1833 3403 2129 3463 fornicarie

544 3493 890 3556 canentium,
926 3492 1183 3559 declina;
1221 3493 1357 3548 solis
1389 3502 1569 3550 autem
1602 3495 1845 3566 pulchris
1873 3505 1927 3552 et
1967 3497 2127 3555 bonis

543 3581 789 3654 Spiritus
829 3584 1069 3639 oraculis
1103 3598 1297 3639 aurem
1332 3600 1546 3656 semper
1586 3585 1885 3642 admovens
1919 3588 2124 3654 cordis,

504 3718 507 3721 .
546 3675 834 3730 incumbas
882 3674 953 3728 ad
1008 3675 1303 3731 dicendum
1362 3676 1471 3732 Deo
1517 3676 1696 3733 laudis
1748 3688 1822 3743 et;
1858 3680 2126 3737 orationis

546 3766 773 3821 verbum
801 3774 857 3821 et
886 3765 951 3819 ad
980 3766 1313 3822 audiendum
1342 3768 1411 3822 ab
1442 3767 1565 3837 ipso
1601 3783 1746 3838 stepe
1776 3784 1898 3839 ιιιιιιι
1938 3770 2127 3825 audire

500 3920 505 3923 ἓ
543 3867 798 3927 Oportet;
827 3864 883 3910 et
915 3856 1119 3911 interea
1160 3873 1225 3913 ex
1257 3858 1344 3913 his
1385 3873 1509 3929 qua:
1543 3860 1611 3914 ad
1663 3859 1832 3914 Deum
1889 3860 2122 3926 diceres,

508 3957 734 4001 ,alllei
781 3947 864 4002 his
895 3963 1016 4018 qua:
1067 3949 1137 4001 ab
1190 3948 1310 4018 ipso
1356 3948 1601 4014 audires,
1656 3949 1838 4005 facere
1890 3952 1977 4006 vel
2021 3952 2125 4005 ali-

543 4038 678 4110 quid
710 4052 957 4108 parvum,
993 4038 1046 4094 id
1079 4039 1360 4096 evidenter
1381 4047 1657 4113 praecepto
1694 4049 1748 4097 et
1777 4040 1981 4099 virtute
2032 4044 2120 4099 di-

544 4144 713 4200 gnum
748 4136 855 4184 est.

546 4221 615 4275 69
651 4219 774 4274 Non
806 4229 853 4276 te
878 4219 1027 4275 valde
1052 4221 1343 4277 dissoluant
1377 4220 1564 4277 odores
1587 4222 1895 4292 e/feminoti.

618 4311 878 4367 Mundatis
926 4313 1156 4369 maculis
1190 4330 1312 4384 quae
1346 4330 1442 4385 per
1467 4314 1645 4369 visum
1679 4324 1735 4369 et
1771 4314 2020 4370 auditum
2068 4315 2125 4370 in

498 4401 788 4459 .animam
844 4403 1123 4469 incidunt,
1183 4420 1309 4475 qua:
1359 4405 1427 4460 ab
1464 4404 1587 4460 aliis
1639 4405 1895 4461 sensibus
1935 4421 2129 4461 conse-

544 4498 792 4560 quuntur
821 4492 1234 4563 inquinamenta
1256 4504 1307 4549 et
1332 4494 1482 4549 Iabes
1515 4502 1707 4567 purgat
1735 4495 2031 4553 exhortans
2054 4496 2127 4552 ad

547 4598 658 4638 non
689 4585 852 4640 nimis
883 4584 1381 4641 intumescendum.
1413 4585 1490 4641 De
1518 4586 1624 4651 his,
1659 4603 1759 4643 nec
1791 4582 1893 4644 nos
1921 4588 2130 4645 effemi-

547 4677 762 4732 nandos
780 4676 835 4731 in
858 4676 1224 4732 suavitatibus
1246 4677 1475 4732 odorum
1492 4676 1793 4735 dissolutos
1814 4689 1865 4735 et
1882 4681 1938 4735 in
1960 4680 2130 4736 varie-

548 4770 757 4829 tatibus
781 4768 1189 4824 esculentorum
1223 4768 1464 4824 mellitos
1496 4778 1551 4824 et
1585 4770 1641 4825 iu
1666 4779 1922 4827 contactu
1949 4771 2128 4828 delec-

547 4869 694 4918 tatos
734 4869 790 4917 et
830 4860 1027 4916 furtive
1067 4859 1344 4925 inductos,
1388 4861 1591 4931 quibus
1625 4862 1878 4919 comitem
1903 4878 1962 4919 se
1989 4863 2129 4921 dans

548 4951 969 5022 intemperantia
1000 4960 1054 5007 ct
1078 4952 1471 5009 incontinentia
1492 4968 1522 5007 a
1547 4953 1642 5009 Dei
1676 4954 1871 5010 timore
1899 4964 1953 5012 et
1975 4970 2131 5009 man-

496 5095 500 5099 ,
548 5042 694 5098 datis
730 5043 1012 5113 elongant;
1052 5045 1138 5101 his
1177 5045 1321 5101 enim
1354 5047 1723 5116 voluptatibus
1768 5047 1958 5119 ignave
1998 5063 2127 5102 sue-

550 5134 817 5189 cnmbens
839 5143 895 5189 et
927 5147 1238 5201 enervatus,
1269 5137 1401 5192 dicit
1433 5138 1824 5209 cupiditatibus
1847 5147 2129 5209 exemptus

550 5239 755 5281 sermo.
781 5223 841 5277 In
871 5240 979 5293 quo
1001 5225 1196 5281 anima:
1214 5236 1479 5296 quaestum
1501 5240 1556 5283 et
1574 5229 1740 5283 animi
1764 5230 1930 5284 robur
1944 5238 2129 5285 osten-

546 5318 688 5374 des?
718 5314 961 5386 Namque
994 5315 1253 5374 odoratus
1285 5336 1380 5389 per
1401 5322 1597 5377 odores
1624 5323 1929 5387 excitatur,
1968 5336 2130 5393 sapo-

550 5410 708 5465 ribus
740 5415 933 5482 gustus
973 5408 1117 5463 ultra
1145 5409 1365 5464 modum
1394 5412 1591 5482 gaudet
1627 5419 1681 5468 et
1708 5414 1957 5479 inservit,
1986 5412 2128 5468 lenia

548 5509 757 5556 tactum
795 5509 1061 5557 recreant.
1104 5498 1260 5557 Unde
1294 5502 1460 5574 igitur
1487 5520 1609 5575 qua:
1641 5505 1816 5560 virum
1850 5513 2129 5561 sanctum-

548 5606 659 5656 que
680 5591 864 5647 dicent
890 5591 1205 5663 concipies?
1232 5589 1361 5647 llam
1387 5594 1532 5649 enim
1564 5594 1750 5649 omnia
1782 5595 1978 5650 animae
2017 5609 2129 5649 non

550 5680 725 5736 virilis
759 5690 814 5736 et
854 5681 1101 5740 femineae
1123 5695 1177 5739 et
1207 5685 1449 5757 gentium
1473 5685 1841 5759 peccatricum
1884 5687 1939 5743 in
1980 5693 2126 5743 terra

624 5810 738 5887 (98)
770 5812 905 5871 Cod.
942 5814 1303 5886 καταθεογομ.

1878 326 2172 387 NICETAS
2242 326 2453 384 DAVlD

3688 324 3803 379 θοι

2219 468 2308 520 με,
2342 451 2460 502 ὅλον
2496 445 2658 518 ἐξῆψε
2688 444 2781 499 τοῦ
2821 442 3095 514 θεωμένου
3122 426 3374 505 κάλλους
3428 438 3543 492 ἀλλ’
3570 441 3800 511 ἐπεσχέι

2217 541 2282 611 θη
2306 583 2319 605 ,
2356 539 2469 592 ἀλλ’
2500 538 2741 607 ἀνεκόπη
2781 535 2932 605 φόϐῳ
2958 531 3124 594 Θεοῦ,
3159 531 3255 584 καὶ
3288 530 3387 599 τῆς
3414 529 3632 601 ἐντολῆς
3663 531 3796 585 ὐπο-

2222 634 2413 702 μνήσει
2439 649 2453 663 ο
2482 628 2655 692 οὕτως
2685 627 2961 698 ἀνετράπη
3004 641 3063 678 τε
3093 624 3185 676 καὶ
3217 621 3519 684 ἀπολώλει,
3552 622 3630 684 ῶς
3663 620 3797 692 μηδὲ

2219 721 2436 774 εἴδωλον
2459 762 2473 784 ,
2501 718 2676 772 είτουν
2710 718 2855 787 ίχνος
2886 715 2919 786 ἢ
2948 714 3261 783 φάντασμα,
3293 708 3589 780 ἐπιθυμίας
3621 711 3799 780 κακῆς

2221 815 2553 883 παραμεῖναι
2614 811 2680 881 τῇ
2736 809 2906 878 ψυχῇ.
2956 805 3130 859 Τοῦτο
3180 806 3395 876 πρῶτος
3448 802 3655 873 saepe;
3706 804 3801 857 καὶ

2220 904 2493 976 ἁμαρτίας
2516 903 2717 973 χωρἰς,
2769 900 2851 953 ὅτι
2878 898 3008 969 ψιλὴ
3047 897 3237 966 γέγονε
3270 893 3542 966 προσϐολή
3566 910 3579 922 ο
3620 894 3715 945 ὲάν
3742 892 3801 945 δὲ

2221 997 2436 1054 εἴδωλον
2466 998 2564 1067 στῇ
2596 994 2689 1048 καὶ
2727 992 2789 1047 τὸ
2813 992 2908 1045 τοῦ
2943 990 3203 1060 ὀφθέντος
3239 985 3375 1050 εἶδος
3403 988 3435 1058 ἢ
3469 986 3668 1050 κάλλος
3698 985 3801 1055 ἑμ-

2223 1089 2412 1152 παθῶς
2438 1090 2473 1159 ἡ
2495 1086 2701 1140 διάνοια
2727 1086 2892 1155 ἑαυτῇ
2924 1078 3569 1151 ἐναπογράψηται,τοῦτο
3595 1076 3802 1147 βαθμδς

2223 1180 2473 1250 δεύτερος
2527 1179 2621 1232 καὶ
2675 1175 2937 1247 ἡμιτελὴς
2972 1174 3216 1245 ἁμαρτία
3258 1170 3621 1244 χρηματίζει,
3656 1170 3707 1223 εί
3732 1187 3800 1236 γε

2221 1271 2331 1341 ἄρα
2351 1269 2449 1340 τὴν
2474 1268 2561 1323 διὰ
2581 1268 2777 1339 πείρας
2808 1266 3020 1319 τελείαν
3043 1262 3307 1327 ὑπαλύξαι
3331 1260 3624 1332 ἁμαρτίαν.
3639 1262 3804 1331 Τρεῖς

2225 1356 2318 1413 οὖν
2346 1354 2490 1412 οὗτοι
2522 1356 2721 1427 βαθμοί
2772 1357 2878 1407 εἰσι
2926 1352 3025 1423 τῆς
3060 1351 3236 1421 πάλης
3286 1350 3389 1420 τῆς
3430 1349 3661 1420 νοητῆς,
3697 1348 3802 1401 ὑπὸ

2224 1449 2320 1504 τοῦ
2352 1447 2533 1502 κοινοῦ
2578 1444 2884 1518 Δυσμενοῦς
2912 1446 3031 1508 ταῖς
3065 1442 3362 1513 ἡμετέραις
3394 1440 3802 1509 ὑποτεινόμενοι

2224 1541 2452 1611 ψυχαῖς,
2496 1535 2799 1609 προσϐολὴ,
2836 1533 3103 1603 φαντασία
3139 1550 3199 1586 τε
3240 1531 3335 1585 καὶ
3370 1532 3556 1601 πεῖρα.
3595 1530 3823 1600 Κράτιι

2230 1647 2354 1684 στον
2390 1630 2487 1701 μὲν
2534 1625 2627 1682 οὖν
2672 1627 2763 1681 τδν
2795 1626 3011 1697 πρῶτον
3042 1622 3562 1694 άποκρουσαμένους
3583 1660 3598 1683 ,
3641 1620 3803 1673 ἀπεί-

2228 1737 2389 1793 ρατον
2421 1721 2604 1793 μένειν
2634 1718 2741 1772 τῶν
2769 1717 2896 1787 ἑξῆς
2924 1733 2939 1748 ο
2976 1717 3024 1769 εί
3053 1716 3110 1768 δὲ
3157 1714 3251 1767 καὶ
3277 1712 3356 1784 τῷ
3392 1712 3632 1783 δευτέρῳ
3676 1710 3803 1764 ὕπε-

2225 1813 2566 1885 νεχθείημεν,
2597 1810 2848 1882 δεύτερον
2880 1807 3044 1863 καλὸν
3073 1806 3139 1861 ἂν
3172 1805 3258 1877 είη
3278 1848 3293 1872 ,
3319 1803 3480 1876 νήψει
3508 1804 3679 1874 πολλῇ
3706 1802 3803 1855 καὶ

2228 1905 2463 1975 σώφρονι
2489 1902 2564 1975 νῷ
2587 1899 2991 1974 χρησαμένους,
3001 1898 3098 1971 τὴν
3124 1897 3211 1953 διά
3235 1896 3432 1968 πείρας
3452 1896 3645 1966 φυγεῖν
3669 1911 3803 1949 παν·

2226 1998 2364 2051 ωλεθ
2371 1996 2513 2070 ρίαν.

2228 2132 2298 2189 65
2335 2131 2506 2201 Κηρῷ
2543 2133 2614 2185 τὰ
2643 2122 2762 2184 ῶτα
2799 2127 3039 2198 φράσω-ε
3072 2124 3221 2193 πρὸς
3256 2122 3532 2193 φαύλους
3558 2120 3801 2190 λόγους.

2299 2227 2546 2295 Ὥσπερ,
2594 2223 2682 2278 διά
2714 2222 2950 2295 θυρίδος.
2984 2220 3085 2290 τῆς
3144 2218 3390 2291 ὁράσεως
3445 2214 3540 2269 τοῦ
3604 2214 3805 2277 πάθους

2228 2315 2655 2389 προσϐάλλοντος
2680 2313 2771 2366 τοῦ
2800 2313 2899 2382 τῆς
2928 2307 3180 2381 πορνείας
3210 2305 3514 2379 ὲπεισρέειν
3542 2308 3607 2375 τῇ
3638 2304 3804 2374 ψυχῇ,

2224 2409 2256 2463 ὁ
2289 2408 2525 2480 σώφρονι
2558 2405 2841 2478 χρώμενος
2866 2402 2942 2472 τῷ
2968 2399 3213 2472 λογισμῷ
3234 2439 3251 2465 ,
3281 2398 3381 2469 τὴν
3404 2397 3529 2467 ὄψιν
3553 2396 3805 2450 ἀποκλεί-

2230 2516 2359 2563 σας,
2381 2498 2441 2563 ἐξ
2474 2496 2668 2552 ἑαυτοῦ
2689 2495 2894 2564 ταύτην
2922 2491 3267 2565 ἀπερῤάπισε
3292 2488 3384 2542 καὶ
3410 2487 3765 2559 διεκρούσατο
3783 2500 3805 2519 ο

2228 2591 2370 2646 οὓτω
2407 2590 2502 2643 καὶ
2538 2588 2605 2642 δι’
2647 2588 2815 2657 ἀκοῆς
2856 2582 3153 2656 παραδύειν
3182 2580 3281 2650 τῆς
3320 2577 3570 2641 ἀναιδῶς
3601 2578 3808 2647 ἐπιχει-

2231 2678 2430 2750 ρορσης
2451 2715 2467 2742 ,
2498 2672 2653 2748 κηρῷ
2689 2674 2899 2746 φράσσε
2932 2673 3000 2724 τά
3038 2665 3183 2734 ὦτα,
3221 2671 3249 2722 ὁ
3275 2667 3414 2730 θεῖος
3445 2666 3635 2737 Πατὴρ
3665 2684 3808 2734 γνω-

2232 2744 2441 2841 μοδοτεῖ
2465 2785 2478 2797 ·
2521 2744 2635 2819 καὶ*
2665 2744 2801 2837 πρὸς
2829 2763 3125 2835 ἐρωτικοὺς
3171 2759 3362 2830 λόγους
3393 2758 3489 2812 καὶ
3540 2759 3807 2828 ἀσεμνους

2228 2862 2323 2915 καὶ
2350 2860 2664 2931 ἀσχήμονας
2690 2897 2706 2923 ,
2728 2858 2815 2910 ναὶ
2845 2857 2910 2927 δὴ
2935 2856 3026 2909 καὶ
3054 2854 3275 2925 ᾄσματα
3304 2852 3541 2923 πορνικά
3567 2867 3807 2919 κατακη-

2230 2952 2422 3006 λοῦντα
2451 2950 2629 3021 ψυχὴν
2650 2990 2665 3015 ,
2698 2948 2840 3020 ιξιδάς
2882 2965 2942 3000 τε
2977 2944 3292 3008 διαϐολικάς
3345 2944 3482 3014 πρὸς
3513 2943 3707 3014 ἡδονὴν
3742 2941 3808 2993 τὸ

2230 3045 2350 3098 ὅλον
2374 3042 2728 3113 ήρμοσμένας
2748 3083 2763 3107 ,
2790 3037 3124 3111 θηὶευνούσας
3154 3055 3215 3090 τε
3244 3030 3809 3107 καϊκαταχαυνούσας

2229 3135 2320 3189 τὸν
2352 3133 2478 3192 νοῦν
2498 3172 2513 3197 .
2553 3133 2867 3188 παντάπασι
2900 3131 2997 3201 τὴν
3045 3128 3214 3199 ἀκοὴν
3246 3126 3548 3197 ἀπαγαγὼν
3573 3166 3587 3190 ,
3619 3125 3810 3195 ὥσπερ

2232 3225 2280 3279 οί
2310 3222 2408 3294 τὴν
2436 3222 2741 3292 Σειρήνειον
2771 3217 3160 3291 παροδεύοντες
3188 3218 3449 3289 φθογγὴν,
3481 3218 3576 3270 καὶ
3601 3216 3671 3269 τά
3692 3211 3812 3269 ὦτα

2232 3312 2417 3385 κηρῷ,
2465 3311 2607 3366 κατά
2638 3312 2736 3384 τὴν
2771 3311 2989 3382 ποίησιν
3014 3350 3031 3376 ,
3060 3310 3458 3382 ἐμφράττοντες
3478 3347 3493 3372 ,
3528 3306 3673 3359 οὕτω
3710 3309 3814 3362 καὶ

2234 3406 2299 3459 σὺ
2325 3444 2340 3469 ,
2386 3405 2551 3475 φησιν
2574 3444 2590 3468 ,
2620 3403 2753 3456 ὡσεὶ
2785 3401 2965 3472 κωφὸς
2998 3402 3098 3455 οὐκ
3142 3401 3349 3455 ἀκούων
3388 3397 3455 3452 τά
3488 3397 3812 3468 λυγίσματα

2231 3498 2338 3551 τῶν
2372 3487 2634 3567 μοιχικῶν
2667 3494 2935 3565 ὲκτρὲπου
2967 3491 3168 3563 μελῶν,
3198 3492 3376 3563 μόνοις
3399 3491 3456 3545 δὲ
3480 3492 3591 3555 τοῖς
3617 3491 3813 3556 καλοῖς

2232 3588 2327 3641 καὶ
2356 3585 2807 3655 ἀγαθοῖς,λογίοις
2827 3583 2922 3637 τοῦ
2953 3583 3270 3654 Πνεῦματος
3300 3582 3363 3635 τὸ
3390 3577 3483 3644 οὖς
3520 3581 3606 3634 ἀεὶ
3637 3598 3814 3651 παρα-

2232 3678 2443 3733 ϐάλλων
2479 3677 2579 3747 τῆς
2616 3674 2873 3747 καρδίας,
2923 3673 3019 3727 καὶ
3068 3675 3241 3727 εἰπεῖν
3281 3671 3418 3743 πρὸς
3473 3672 3605 3723 Θεὸν
3652 3671 3811 3742 ῥῆμα

2231 3770 2489 3833 αἰνέσεως
2530 3769 2626 3821 καὶ
2660 3764 3005 3839 προσευχῆς,
3054 3766 3151 3821 καὶ
3196 3764 3430 3819 ἀκοῦσαι
3477 3763 3604 3837 παρ’
3640 3763 3809 3816 αὑτοῦ

2231 3863 2493 3925 πολλάκις
2513 3900 2528 3926 ,
2572 3859 2716 3931 άπερ
2745 3858 2966 3912 ἀκούειν
3000 3856 3178 3929 χρεὼν
3202 3897 3218 3923 ,
3256 3857 3397 3911 δίδου
3417 3872 3432 3886 ·
3468 3855 3565 3909 καὶ
3601 3853 3810 3926 μεταξὺ

2227 3954 2307 4019 δὲ,
2335 3947 2413 4007 ὧν
2439 3952 2500 4006 τέ
2525 3968 2609 4015 τις
2631 3950 2769 4021 πρὸς
2798 3950 2930 4003 θεὸν
2959 3949 3130 4017 λέγοι,
3161 3948 3255 4002 καὶ
3282 3940 3357 4001 ὧν
3378 3946 3444 4001 ἀν
3463 3946 3651 4001 ἀκούοι
3679 3946 3811 4015 παρ’

2230 4044 2395 4098 αὑτοῦ
2421 4082 2436 4107 ,
2467 4042 2562 4098 καὶ
2590 4044 2762 4095 ποιεῖν
2792 4059 2843 4095 τι
2873 4041 3091 4113 μικρὸν,
3120 4040 3267 4107 ἀξιον
3288 4039 3445 4111 δῆλον
3474 4040 3557 4092 ὅτι
3590 4038 3690 4109 τῆς
3714 4038 3809 4089 ὲν-

2228 4136 2389 4205 τολῆς
2414 4135 2507 4189 καὶ
2534 4137 2634 4204 τῆς
2661 4133 2889 4204 ἀρετῆς.

2224 4228 2295 4283 69
2328 4225 2424 4293 Μὴ
2454 4226 2597 4279 λίαν
2623 4222 2829 4293 ὀσμῶν
2862 4224 3087 4278 ἐκλύου
3110 4224 3515 4293 θηλύσμασιν.

2311 4315 2690 4388 ’Δνακαθάρας
2716 4314 2815 4378 τὰς
2840 4315 2906 4368 δι’
2937 4314 3113 4385 ὅψεως
3165 4316 3260 4368 καὶ
3305 4315 3475 4384 ἀκοῆς
3505 4313 3818 4384 ἐμπιπτού-

2232 4425 2331 4473 σας
2354 4407 2558 4479 βλάϐας
2585 4410 2650 4478 τῇ
2682 4407 2828 4478 ψυχῇ
2851 4446 2866 4470 ,
2902 4406 2999 4460 καὶ
3025 4406 3095 4459 τά
3116 4405 3224 4460 ἀπὸ
3256 4405 3362 4459 τῶν
3398 4405 3573 4460 ἄλλων
3608 4405 3812 4476 αἰσθή-

2232 4516 2371 4554 σεων
2401 4498 2758 4571 παρεπόμενα
2781 4497 2930 4571 eam,
2958 4497 3053 4552 καὶ
3087 4497 3410 4569 μολυσματα
3439 4497 3813 4566 διακαθαίρει,

2231 4590 2512 4663 παραινῶν
2537 4589 2613 4661 μὴ
2639 4589 2761 4643 λίαν
2785 4587 3225 4660 ὕποχαυνοῦσθαι
3258 4590 3379 4643 κατ’
3403 4587 3573 4650 αὐτὰς
3602 4588 3698 4641 καὶ
3718 4587 3818 4658 θη-

2228 4680 2482 4734 λύνεσθαι
2503 4718 2518 4744 ,
2546 4679 2603 4731 ἐν
2632 4694 2691 4730 τε
2717 4677 2837 4740 ταῖς
2861 4674 2969 4730 τῶν
3012 4677 3198 4748 ὀσμῶν
3243 4675 3501 4749 ήδὺτησιν
3548 4676 3819 4744 ἐκλυομέ-

2228 4790 2352 4837 νους
2371 4812 2386 4837 ,
2422 4772 2480 4825 ἐν
2504 4788 2565 4825 τε
2585 4772 2706 4832 ταῖς
2734 4768 2843 4822 τῶν
2876 4768 3112 4823 ἐδεστῶν
3151 4768 3444 4832 ποικιλίαις
3476 4767 3816 4837 καταθελγο-

2232 4864 2426 4935 μένους
2455 4862 2565 4933 (98)
2591 4902 2607 4925 ,
2647 4861 2706 4915 ἐν
2733 4878 2792 4916 τε
2820 4863 2942 4925 ταῖς
2973 4860 3082 4915 τῶν
3118 4860 3305 4915 ἁπτῶν
3333 4859 3568 4931 ὁμιλίαις
3598 4877 3819 4932 γαργα-

2228 4952 2544 5025 λιζομένους
2597 4952 2692 5006 καὶ
2756 4951 3191 5023 κλεπτομένους,
3242 4947 3324 5016 οἷς
3382 4951 3628 5021 ἀκρασία
3690 4969 3819 5004 συν-

2229 5044 2531 5115 εζευγμένη
2564 5045 2660 5098 καὶ
2698 5044 2964 5099 ἀκολασία
2988 5084 3004 5111 ,
3032 5044 3126 5098 τοῦ
3177 5042 3342 5113 φόϐου
3375 5043 3510 5097 Θεοῦ
3542 5044 3818 5117 μακρῶιει

2228 5137 2322 5188 καί
2351 5135 2449 5205 τῆς
2478 5134 2718 5203 ἐντολῆς.
2746 5134 2963 5189 Τούτων
2986 5140 3095 5206 γάρ
3135 5134 3243 5188 τῶν
3274 5132 3616 5205 ἡδυπαθειῶν
3651 5138 3822 5203 ἀγεν-

2228 5226 2335 5289 νῶς
2365 5226 2930 5297 ὑποκατακλινόμενος
2958 5226 3053 5280 καὶ
3086 5224 3451 5296 θηλυνόμενος
3480 5227 3501 5297 (
3528 5228 3557 5279 ό
3591 5226 3823 5298 ἀπαθὴς

2229 5315 2335 5387 ἔφη
2360 5316 2575 5386 λόγος),
2619 5320 2679 5373 ὲν
2708 5319 2814 5374 τίνι
2840 5318 2899 5371 τὸ
2936 5318 3087 5389 λῆμα
3125 5318 3224 5388 τῆς
3250 5317 3426 5387 ψυχῆς
3460 5318 3557 5369 καὶ
3586 5318 3685 5371 τοῦ
3722 5319 3822 5373 »γιῦ

2227 5407 2327 5480 τὴν
2384 5410 2716 5482 στερρότητα
2764 5410 3061 5477 ὲνδείξαιος
3116 5410 3242 5472 Τοῖς
3297 5410 3490 5479 ἀτμοῖς
3544 5408 3662 5480 γὰρ
3717 5413 3825 5480 τὴν

2229 5499 2497 5572 ὄσφρησιν
2530 5502 2962 5573 παθαινόμενος,
2998 5504 3110 5566 τοῖς
3147 5504 3339 5573 χυμοῖς
3377 5501 3435 5555 δὲ
3469 5502 3572 5573 τὴν
3622 5502 3825 5570 γεῦσιν

2230 5592 2375 5664 πέρα
2424 5593 2518 5647 τοῦ
2550 5594 2763 5659 δέοντος
2795 5594 3122 5666 ἡδυνόμενος
3160 5595 3255 5649 καὶ
3292 5593 3822 5667 καταδουλούμενος,

2228 5688 2347 5750 ταῖς
2376 5685 2613 5758 λειότησι
2639 5687 2699 5742 δὲ
2722 5686 3303 5759 καταμαλακιζόμενος
3330 5684 3428 5758 τὴν
3455 5688 3605 5761 ἁφὴν
3633 5728 3649 5753 ,
3695 5690 3825 5742 πότ’
