3984 6208
302 320 413 377 εῐιδ

306 437 376 487 ἀν
399 432 774 506 ἀνδροπρεπές
792 450 845 488 τι
867 434 961 489 καὶ
983 435 1316 509 άγιοπρεπὲς
1336 439 1676 509 ὲννοηθείηςς
1701 438 1885 493 Ταῦτα

306 524 419 595 γὰρ
441 523 621 578 πάντα
644 524 908 595 ἀνάνδρου
934 524 1113 597 ψυχῆς
1142 528 1270 595 ῐδια,
1299 530 1393 583 καὶ
1425 528 1755 599 γυναικώδη,
1784 529 1884 582 καὶ

306 615 417 670 τῶν
463 614 807 687 ἁμαρτωλῶν
852 616 1020 671 ἐθνῶν
1068 619 1161 672 ἐπὶ
1207 622 1309 690 γῆς
1364 621 1432 674 τὰ
1472 621 1881 691 σπουδάσματα,

1334 323 1401 379 IN
1421 324 1731 381 CARMINA
1772 325 2050 382 ARCANA
2090 318 2546 389 δέοιιειιοιιιι.

3462 339 3575 397 ευρ,

1993 441 2198 507 studia,
2219 443 2350 497 nihil
2367 459 2657 501 commune
2685 447 2939 503 habentia
2958 464 3080 505 cum
3102 454 3384 523 generosis
3404 464 3574 526 atque

1988 533 2240 590 virilibus
2288 551 2477 591 eorum
2534 539 2629 609 qui
2677 540 3010 612 mancipium
3066 542 3120 597 in
3167 545 3323 601 etelis
3369 546 3583 629 habenti

1990 623 2436 693 cegitationibus.

310 711 470 766 ούὸὲν
502 710 559 764 δὲ
605 710 783 765 κοινὸν
809 710 1001 784 ἔχοντα
1038 713 1175 784 πρὸς
1207 713 1278 767 τά
1323 714 1615 787 ἀρρενωπά
1638 716 1733 770 καὶ
1764 715 1981 787 ἀνδρεῖα
2011 718 2120 771 τῶν
2139 719 2196 770 ὲν
2217 719 2465 791 οὐρανοῖς
2498 722 2557 775 τὸ
2586 723 2886 795 πολίτευμα
2909 723 3139 796 ἐχόντων
3160 728 3501 799 φρονήματα.

304 893 376 948 73
418 894 550 958 Δὸς,
576 890 707 949 εἷπε
743 897 993 965 γαστήρ.

376 986 629 1049 Κολάσας
675 989 776 1058 τὴν
817 989 905 1044 διὰ
950 989 1058 1044 τῶν
1096 989 1398 1063 αἰσθήσεων
1451 993 1888 1064 προσγινομένην

300 1076 576 1147 ἀκρασίαν
609 1078 704 1132 καὶ
737 1079 1048 1151 φιληδονίαν
1081 1085 1147 1153 τῇ
1193 1082 1367 1154 ψυχῇ,
1395 1084 1494 1155 τὴν
1530 1101 1879 1157 γαστριμαρ-

301 1168 431 1235 γίαν
455 1170 512 1222 ἐν
537 1171 749 1235 τούτοις
766 1213 778 1234 ,
804 1171 881 1236 ὠς
911 1173 1355 1246 δραστικωτάτην
1382 1173 1548 1230 οὖσαν
1573 1177 1752 1230 αἰτίαν
1779 1177 1881 1247 τῆς

301 1258 600 1330 πορνείας,
652 1261 964 1317 ἐπικόπτων
1000 1264 1029 1316 6
1062 1265 1493 1334 φιλοσοφώτατος
1513 1304 1530 1332 ,
1577 1266 1710 1330 Δὸς,
1755 1262 1876 1319 εἷπε

298 1352 519 1423 γαστὴρ
540 1393 553 1417 ,
580 1353 681 1407 ὅσα
718 1354 849 1424 ἡδέα
875 1356 939 1408 ἐκ
965 1356 1068 1425 γῆς
1087 1395 1101 1419 ,
1129 1356 1194 1409 ὲκ
1243 1356 1516 1428 Θαλάσσης
1533 1397 1549 1423 ,
1593 1357 1655 1422 ἐξ
1698 1356 1874 1428 ἀέρος,

298 1444 405 1496 ὅσα
428 1442 615 1514 βρωτά
642 1444 1125 1516 ὲπιδαψιλευομένη
1146 1448 1177 1516 ἡ
1210 1449 1583 1519 μεγαλόδωρος
1598 1447 1731 1505 Θεοῦ
1756 1447 1879 1517 χεὶρ

297 1536 383 1598 εἰς
404 1535 707 1589 ἀπόλαυσιν
733 1537 1074 1608 ἐδωρήσατο*
1110 1538 1229 1603 δὸς,
1261 1541 1294 1610 ἡ
1323 1540 1535 1611 γαστὴρ
1563 1535 1715 1593 εἶπεν
1733 1580 1747 1605 ,
1780 1555 1879 1593 καο

295 1626 651 1698 τεδηδοκέναι
676 1628 771 1682 καὶ
795 1622 1005 1692 τούτοις
1043 1628 1333 1701 ἀπλήστως
1363 1632 1703 1703 ὲπεντρυφᾷν
1727 1648 1742 1661 ·
1768 1630 1878 1699 ἐγὼ

294 1719 358 1772 δὲ
392 1720 532 1792 πρὸς
572 1719 776 1792 αὐτὴν,
828 1721 905 1785 ώς
949 1722 1071 1775 Ἐἀν
1131 1722 1425 1794 σωφρόνως
1474 1723 1569 1777 καὶ
1606 1726 1686 1787 εἰς
1722 1723 1878 1789 δόξαν

293 1810 441 1864 θεοῦ
466 1814 580 1875 τοῖς
605 1812 899 1883 διδομένοις
920 1813 1154 1885 χρῆσθαι
1180 1813 1324 1884 εἰδῇς
1342 1852 1357 1876 ,
1379 1813 1534 1868 δώσω
1561 1814 1875 1886 προθύμως,

286 1904 441 1957 καθὸ
464 1904 719 1975 θεμιστόν
735 1921 750 1935 ⁸
782 1905 950 1959 ἐὰνδὲ
977 1907 1051 1978 μὴ
1077 1906 1367 1976 σωφρόνως
1396 1907 1530 1978 μηδὲ
1554 1908 1879 1979 συμμέτρως

291 1999 367 2067 τῇ
420 1994 718 2049 ἀπολαύσει
755 1996 1071 2067 κεχρημένη
1097 2035 1114 2060 ,
1152 1996 1288 2066 πρὸς
1319 1997 1387 2049 τά
1423 1997 1572 2051 κάτω
1598 1998 1654 2052 δὲ
1688 1999 1877 2053 καὶτὰ

294 2082 645 2155 ὑπογάστρια
713 2083 858 2155 πάθη
936 2082 1262 2137 συννεύουσα
1290 2123 1305 2148 ,
1364 2084 1692 2157 ὑπέκκαυμα
1742 2087 1878 2159 πρὸς

290 2174 589 2241 ἀσέλγειαν
609 2174 703 2228 καὶ
724 2173 882 2246 ὓϐριν
911 2175 978 2228 λα
986 2175 1195 2246 μὸάνῃς
1217 2173 1311 2227 τοῦ
1346 2178 1703 2247 πεποιηκότος
1722 2216 1737 2241 ,
1762 2177 1883 2241 πῶς.

291 2265 491 2331 δώσως
518 2264 551 2336 ἢ
578 2266 782 2337 κόπρον
809 2266 927 2337 μὲν,
960 2268 1078 2338 ἦτοι
1100 2268 1198 2337 τὴν
1219 2267 1523 2335 ἀναγκαίαν
1547 2269 1639 2322 καὶ
1660 2265 1727 2340 ἧς
1748 2270 1875 2327 ἄνευ

292 2358 401 2429 ζῇν
429 2358 532 2411 οὐκ
576 2357 687 2423 ενι,
740 2357 884 2430 λήψῃ
916 2358 1121 2431 τροφὴν
1148 2397 1163 2423 ,
1197 2356 1558 2421 σπανίζουσαν
1584 2360 1642 2413 δὲ
1689 2360 1782 2414 καὶ
1813 2361 1874 2413 ού

290 2446 528 2519 δαψιλῆ,
560 2449 633 2511 ὡς
668 2447 737 2502 ἂν
771 2449 847 2520 μὴ
879 2449 968 2503 διά
998 2450 1090 2505 τὸν
1135 2452 1296 2523 κόρον
1340 2450 1721 2522 ὲκπυρουμένη
1754 2450 1877 2518 ὲξυ-

292 2544 513 2617 ϐρίζοις
535 2557 549 2571 ⁸
579 2542 762 2595 εἴποτε
791 2539 886 2605 δὲ,
921 2540 1056 2612 φησὶ
1078 2580 1095 2607 ,
1124 2541 1552 2613 σωφρονισθεῖσα
1579 2544 1644 2611 τῇ
1678 2542 1871 2613 ἐνδείᾳ,

289 2635 503 2705 ἑαυτήν
533 2650 593 2685 τε
625 2631 952 2701 κατάσχοις,
1007 2632 1101 2685 καὶ
1144 2633 1241 2696 τὰς
1274 2632 1501 2700 ἀλόγους
1530 2631 1738 2702 ὀρέξεις
1778 2633 1872 2685 τού

291 2725 553 2796 σώματος
583 2720 1047 2791 ἀνασειράξουσα“
1067 2723 1162 2775 καὶ
1204 2722 1584 2776 ἀνακόπτουσα
1614 2739 1881 2776 ταπεινω-

290 2817 485 2887 θείης,
518 2814 580 2868 ού
614 2812 953 2883 φθονήσομέν
986 2830 1066 2866 σοι
1095 2814 1190 2866 καὶ
1228 2812 1325 2884 τὴν
1357 2813 1683 2884 ἀποχρῶσαν
1713 2814 1873 2867 πλου·

290 2907 460 2963 σιώτε
470 2923 559 2976 ρον
585 2904 980 2975 ὲπιχορηγῆσαι
1019 2904 1243 2974 τροφήν.

290 3001 363 3052 77
397 2998 599 3064 I‘élwr;
632 2982 888 3066 γέλωτος
920 2989 988 3048 εὖ
1010 2994 1343 3063 φρονοῦσιν
1369 2995 1555 3061 ἄξιος.

381 3087 713 3149 ’Δκολούθως
750 3088 778 3139 6
836 3086 1209 3155 σωφρονιστὴς
1254 3086 1361 3139 τῶν
1411 3085 1546 3141 νέων
1591 3084 1868 3157 θεηγόρος,

292 3176 438 3249 μετὰ
463 3176 524 3229 τὸ
560 3174 815 3244 ἐπικόψαι
844 3174 1197 3245 λαιμαργίαν,
1232 3176 1326 3228 καὶ
1348 3175 1445 3247 τὴν
1480 3176 1570 3232 ἐπὶ
1601 3178 1718 3241 ταῖς
1741 3194 1873 3249 τραο

288 3265 495 3331 πέζαις
529 3264 932 3334 κοιλιομανίαν,
966 3264 1061 3319 καὶ
1110 3265 1200 3319 τὸν
1236 3266 1659 3338 συνεζευγμένον
1690 3270 1873 3333 αὐτοῖς

286 3359 509 3428 γέλωτα
533 3355 791 3427 πορνικὸν
816 3354 1165 3427 ἐπιρραπίζει
1183 3373 1195 3386 ·
1222 3360 1315 3410 καὶ
1337 3359 1513 3412 πάντα
1543 3360 1642 3430 μὲν
1661 3358 1872 3428 γέλωτα

286 3447 532 3517 γέλωτος
566 3444 713 3509 ἄξιον
748 3439 885 3496 εἶναι
910 3484 926 3511 ,
961 3443 1020 3497 ού
1059 3448 1218 3516 μόνον
1266 3447 1342 3511 ώς
1369 3449 1673 3519 παιδαρίοις
1702 3451 1870 3504 ἀπαι-

285 3538 502 3601 δεύτοις
524 3536 865 3609 προσήκοντα
904 3534 999 3589 καὶ
1029 3536 1275 3608 ἀνοήτοις
1296 3576 1310 3602 ,
1334 3533 1415 3602 οἷς
1446 3539 1562 3602 ὅλος
1585 3542 1613 3592 6
1634 3538 1747 3610 βίος
1770 3557 1868 3593 κα-

284 3629 627 3698 ταγέλαστος
650 3667 665 3692 ,
701 3626 796 3679 καὶ
844 3626 1175 3695 ἀκόλαστος,
1216 3630 1310 3681 καὶ
1360 3630 1605 3701 ἀκρατὴς
1630 3670 1646 3696 ,
1680 3632 1873 3701 εὐτρα-

285 3720 509 3784 πελίαις
549 3720 642 3773 καὶ
688 3718 1090 3789 αἰσχρολογίαις
1142 3719 1280 3784 ζῶσι
1329 3722 1421 3775 καὶ¹
1468 3722 1716 3793 ἡδοναῖς,
1769 3724 1869 3793 οὐχ

284 3813 496 3883 ἣκιστα
537 3810 594 3863 δὲ
638 3808 728 3863 τὸν
765 3808 1021 3879 πορνικὸν
1076 3810 1455 3863 κατάπτυστον
1506 3812 1869 3882 ἀποφαίνεται

284 3904 389 3959 καὶ
422 3902 688 3972 θεοστυγῆ
722 3901 816 3954 καὶ
846 3898 1133 3969 βδελυκτὸν
1154 3940 1168 3963 ,
1202 3901 1277 3965 ὼς
1302 3903 1395 3955 καὶ
1423 3902 1753 3975 ταλανισμοῦ
1774 3905 1869 3959 τοῦ

284 3994 449 4065 παρά
476 3996 587 4055 τοῖς
627 3990 979 4059 Εὑαγγελίοις
1008 3989 1153 4056 ἄξιον
1176 4030 1190 4055 ,
1227 3992 1321 4045 καὶ
1346 3993 1454 4045 τῶν
1491 3996 1547 4047 ὲν
1575 3998 1641 4065 τῇ
1676 3996 1868 4068 γεέννῃ

284 4086 508 4157 θρήνων
540 4083 634 4136 καὶ
671 4083 923 4154 ὀδυρμῶν
963 4083 1242 4156 πρόξενον.
1273 4085 1427 4137 Ἐστι
1479 4084 1536 4137 δὲ
1570 4086 1677 4140 τῶν
1705 4089 1767 4141 ὲν
1791 4088 1868 4160 τῷ

288 4175 544 4247 μέλλοντι
574 4174 730 4227 αἰῶνι
784 4174 877 4228 καὶ
929 4177 992 4245 τῇ
1046 4174 1224 4245 κρίσει
1278 4173 1528 4245 δακρύων
1582 4177 1865 4249 προοίμιον

284 4270 427 4340 ὁρᾷν
458 4267 684 4337 ἐναργὲς
732 4264 791 4319 τὸ
824 4266 882 4318 ὲν
926 4267 1063 4338 αὐτῇ
1110 4268 1174 4337 τῇ
1222 4265 1441 4337 ἀτάκτῳ
1479 4267 1724 4339 διαχύσει
1768 4269 1862 4325 τοῦ

283 4356 593 4414 ἀκολάστου
617 4356 849 4425 γέλωτος
869 4356 928 4425 ἐξ
937 4356 1030 4410 ints
1040 4355 1371 4428 ρϐαλλούσης
1390 4357 1483 4410 καὶ
1506 4358 1738 4430 σφοδρᾶς
1756 4359 1863 4416 τῶν

289 4445 503 4518 μορίων
550 4445 843 4509 διατάσεως
896 4446 990 4498 καὶ
1039 4445 1380 4515 ἀποθλίψεως
1426 4447 1533 4500 τῶν
1571 4448 1864 4520 ὀφθαλμῶν

286 4537 441 4590 ἔστιν
465 4536 553 4589 ὅτε
574 4535 806 4607 δάκρυον
829 4535 1134 4599 ἀποστάζον
1163 4539 1275 4600 τοῖς
1308 4536 1538 4602 πολλοῖς.
1575 4535 1741 4604 Οὗτος
1766 4542 1865 4611 μὲν

285 4624 384 4682 οὖν
425 4629 539 4691 τοῖς
573 4626 811 4698 σώφροσι
845 4627 1250 4696 καταγέλαστος
1277 4629 1306 4681 ὀ
1346 4628 1551 4697 γέλως,
1585 4631 1659 4696 ὡς
1693 4633 1750 4685 ὲν
1786 4632 1865 4704 τῷ

283 4718 541 4790 γίνεσθαι
576 4720 719 4789 μόνῳ
751 4719 921 4772 δοκῶν
944 4715 1101 4784 εἶναι,
1130 4719 1225 4773 καὶ
1253 4719 1450 4791 μᾶλλον
1479 4720 1580 4775 οὐκ
1603 4720 1679 4776 ὣν
1709 4723 1747 4795 ῆ’
1765 4722 1861 4788 ὢν,

286 4809 758 4883 περισπούδαστος
810 4811 922 4872 rei;
971 4808 1170 4881 ἄφροσι
1219 4810 1466 4877 γίνεται·
1521 4810 1722 4864 ἔστιδὲ
1770 4813 1865 4866 καὶ

282 4900 561 4963 οἷκτιστος
594 4902 622 4952 6
662 4898 852 4962 αὐτὸς,
878 4898 954 4962 ώς
1001 4900 1220 4953 αἰωνίου
1262 4899 1518 4971 πρόξενος
1546 4900 1820 4973 κλαυθμοῦ
1846 4920 1862 4937 ο

285 4991 356 5045 δι’
385 4990 418 5043 δ
445 5007 611 5060 φησιν
633 4992 662 5043 6
686 4990 829 5062 ἱερὸς
848 4990 1039 5060 λόγος,
1077 4992 1329 5059 κρεῖσσον
1359 4986 1494 5044 εἶναι
1535 4992 1628 5045 καὶ
1657 4992 1872 5062 βέλτιον

282 5081 372 5135 ὃτι
399 5080 635 5151 μάλιστα
654 5075 786 5151 ἦθος
809 5081 1051 5151 κατηφὲς
1072 5080 1106 5151 ἢ
1133 5081 1508 5153 τεθρυμμένον
1528 5082 1622 5135 καὶ
1643 5084 1863 5157 ἀσέμνῳ

282 5172 491 5243 γέλωτι
516 5170 883 5243 διαχεόμενον.

280 5403 350 5462 81
394 5403 637 5470 Κάλλας
668 5403 862 5475 νόμιζε
897 5404 1011 5474 τὴν
1041 5406 1274 5475 φρενῶν
1300 5411 1646 5480 εὐκοσμίαν.
1699 5394 1702 5398 ’

358 5518 424 5569 Οἰ
453 5516 523 5569 τά
554 5515 663 5569 τῶν
699 5518 967 5588 σωμάτων
1012 5519 1182 5588 κάλλη
1229 5521 1735 5594 περιεργαζόμενοι,
1767 5525 1861 5581 καὶ

281 5607 348 5661 τὸ
390 5606 492 5677 τῆς
527 5608 704 5678 ψυχῆς
749 5608 970 5681 φίλτρον
1016 5610 1451 5680 ἀναπτεροῦντες
1507 5614 1646 5685 πρὸς
1696 5617 1856 5683 αὐτὰ,

283 5699 659 5768 κατανοήσατε
698 5700 792 5753 καὶ
823 5699 1031 5763 σύνετε,
1060 5699 1136 5764 ώς
1170 5702 1383 5772 ματαίῳ
1412 5703 1505 5755 καὶ
1527 5702 1860 5777 ψευδωνύμῳ

285 5786 475 5846 κάλλει
506 5787 873 5863 έπερείδεσθε.
908 5791 1120 5855 Κάλλας
1151 5793 1257 5865 γὰρ
1280 5791 1493 5863 ἀληθῶς
1531 5793 1626 5851 καὶ
1654 5795 1858 5870 κυρίως

1987 902 2059 958 75
2096 903 2177 957 Da
2197 945 2210 966 ,
2243 904 2413 975 inquit
2444 917 2638 962 venter.

2054 993 2347 1065 Postquam
2385 1013 2481 1065 per
2502 1014 2698 1054 sensus
2728 1000 2922 1054 animze
2944 1002 3311 1058 adhaerentem
3364 1004 3565 1059 intemv

1984 1086 2283 1155 perantiam
2309 1096 2360 1140 et
2390 1088 2729 1158 voluptatum
2754 1105 2994 1146 amorem
3020 1093 3349 1163 objurgavit,
3376 1095 3564 1165 gulam

1982 1173 2041 1227 in
2075 1173 2197 1229 istis
2232 1180 2489 1245 tanquam
2524 1178 2956 1235 ellicacissimam
3006 1180 3383 1239 fornicationis
3424 1199 3558 1238 eau-

1982 1277 2097 1318 sam
2128 1264 2527 1333 reprehendens
2560 1267 2714 1321 valde
2742 1267 3096 1339 philosophus
3119 1270 3220 1336 vir,
3255 1269 3351 1338 Da,
3383 1274 3560 1341 inquit

1980 1362 2180 1424 gaster,
2208 1364 2474 1425 quotquot
2506 1358 2694 1412 suavia
2718 1359 2784 1413 de
2815 1366 2980 1426 terra,
3030 1361 3098 1416 de
3126 1362 3285 1425 mari,
3313 1361 3381 1417 de
3407 1379 3555 1431 aere;

1979 1452 2247 1515 quotquOt
2292 1447 2547 1501 alimenta
2581 1447 2796 1503 abunde
2844 1448 3079 1507 fundens
3124 1451 3410 1522 magniﬁca
3464 1452 3562 1507 lh-i

1981 1552 2177 1592 manus
2228 1538 2293 1592 ad
2345 1538 2636 1593 fruendum
2680 1541 2907 1609 sparsit.
2960 1541 3067 1606 Da,
3119 1542 3298 1612 inquit
3340 1549 3555 1611 gaster,

1979 1628 2194 1697 plenius
2233 1632 2570 1699 gustavisse,
2609 1639 2664 1685 et
2709 1632 2829 1687 istis
2869 1633 3252 1688 insatiabiliter
3291 1634 3557 1704 repletum

1980 1730 2124 1781 esse;
2150 1725 2204 1771 et
2231 1731 2333 1788 ego
2372 1726 2585 1788 gastro:
2623 1719 2681 1773 Si
2711 1720 2989 1790 sapienter
3012 1728 3069 1776 et
3098 1722 3165 1776 ad
3202 1722 3297 1776 Dei
3327 1723 3553 1794 gloriam

1980 1807 2121 1864 datis
2151 1809 2227 1862 uti
2261 1809 2515 1873 sciveris,
2543 1819 2739 1881 sponte
2761 1813 2902 1868 dabo
2927 1821 3190 1883 quantum
3212 1813 3422 1883 justum
3446 1831 3554 1882 est;

1982 1899 2027 1953 si
2069 1909 2248 1954 autem
2284 1916 2392 1955 non
2424 1901 2700 1972 sapienter
2730 1918 2829 1958 nec
2860 1894 3233 1975 temperanter
3258 1907 3552 1964 esculent:s

1979 2000 2140 2046 utens
2171 1993 2236 2047 ad
2279 1992 2497 2048 intimas
2524 2002 2581 2048 et
2613 1994 2877 2049 ventralcs
2899 1995 3218 2065 cupiditates
3247 1998 3552 2063 declinans,

1979 2079 2310 2136 incentivum
2344 2083 2410 2137 ad
2436 2084 2719 2139 lasciviam
2751 2093 2807 2141 et
2829 2084 3077 2143 Faetoris
3110 2090 3368 2159 injuriam
3392 2076 3555 2145 aﬂ‘ec-

1980 2178 2083 2234 tas,
2118 2172 2247 2242 quid
2283 2174 2472 2229 dabo?
2507 2175 2625 2232 Nisi
2655 2174 2862 2244 limum,
2901 2192 3035 2234 sane
3094 2181 3459 2236 necessariam
3499 2193 3555 2237 et

1978 2262 2095 2317 sine
2153 2280 2260 2335 qua
2318 2266 2503 2322 vivere
2547 2268 2845 2339 nequimus
2898 2282 3147 2327 assumes
3187 2286 3405 2336 escam,
3456 2273 3553 2329 sed

1977 2354 2193 2409 brevem
2243 2367 2297 2410 et
2340 2372 2451 2413 non
2494 2359 2897 2428 abundantem,
2931 2376 3002 2416 ne
3048 2348 3325 2418 satianter
3351 2363 3552 2433 impin-

1977 2454 2172 2513 guatus
2205 2445 2524 2511 iusolescas,
2558 2449 2605 2502 si
2637 2448 2799 2515 forte,
2832 2450 3034 2520 inquit,
3067 2450 3282 2521 jejunio
3308 2452 3552 2521 prudens

1975 2533 2200 2590 effectus
2219 2536 2454 2605 teipsum
2480 2538 2740 2593 cohibeas
2766 2547 2821 2593 et
2846 2540 3249 2596 irrationabiles
3277 2542 3558 2611 appetitus

1975 2624 2224 2692 corporis
2247 2640 2511 2683 revocans
2534 2636 2588 2682 et
2611 2642 2817 2683 sanans
2832 2628 3054 2685 humilis
3072 2629 3191 2696 tias,
3213 2646 3321 2685 non
3346 2632 3551 2685 invide-

1975 2709 2157 2767 bimus
2183 2713 2279 2767 tibi
2301 2713 2665 2771 sullieientem
2686 2717 3059 2775 abundantius
3083 2734 3266 2775 escam
3288 2720 3552 2791 praebere.

1975 2984 2044 3040 77
2086 2985 2244 3040 Risus
2277 2987 2388 3041 risu
2419 2987 2611 3057 dignus
2635 2998 2714 3042 est
2747 2988 3009 3046 carduus,

2044 3077 2456 3147 Consequcnter
2509 3078 2731 3145 sapiens
2785 3078 3048 3147 jurenum
3108 3080 3161 3133 in
3193 3079 3396 3136 divinis
3429 3096 3549 3136 ma~

1972 3167 2170 3239 gistcr,
2200 3176 2491 3239 postquam
2540 3169 2838 3238 ingluviem
2876 3169 3190 3240 objurgavit
3228 3177 3284 3223 et
3326 3171 3556 3226 sedendi

1972 3261 2040 3315 ad
2083 3276 2301 3317 mensas
2353 3263 2745 3328 voracitatem,
2800 3264 3121 3333 adjunctum
3178 3266 3311 3335 ipsis
3376 3268 3555 3323 risum

1972 3354 2314 3407 luxuriosum
2350 3353 2699 3423 reprehendit
2739 3366 2793 3409 et
2842 3356 3010 3411 risum
3044 3371 3259 3411 omnem
3312 3359 3426 3412 risu
3460 3360 3547 3414 di-

1971 3457 2135 3511 gnum
2168 3443 2444 3508 ostendit,
2479 3444 2695 3499 scilicet
2745 3458 2853 3499 non
2896 3444 3073 3499 solum
3120 3453 3375 3514 tanquam
3410 3462 3545 3517 pueo

1969 3547 2154 3586 rerum
2191 3533 2565 3601 insipientium
2601 3542 2655 3588 et
2682 3534 2971 3604 disciplina
3003 3536 3307 3590 carentium
3342 3546 3545 3605 partes.

1969 3624 2174 3694 quibus
2220 3624 2479 3679 universa
2516 3626 2629 3678 vita
2676 3624 2908 3679 ridicula
2940 3637 2995 3679 et
3037 3641 3147 3680 non
3189 3627 3453 3695 castigata
3492 3636 3550 3683 et

1970 3717 2220 3771 licentior
2244 3715 2300 3769 in
2325 3715 2756 3770 scurrilitatibus
2780 3727 2831 3771 et
2859 3714 3072 3771 facetiis
3092 3724 3147 3769 et
3178 3717 3544 3786 voluptatibm

1967 3806 2298 3870 viventibus,
2330 3805 2426 3859 sed
2451 3805 2614 3859 etiam
2642 3821 2748 3859 non
2778 3806 2959 3859 minus
2989 3806 3327 3861 luxuriosum
3360 3818 3538 3863 osten-

1969 3900 2047 3955 dit
2077 3896 2489 3967 despiciendum
2531 3904 2589 3950 et
2624 3895 2737 3951 Deo
2771 3896 3032 3951 odibilcm
3069 3907 3125 3952 et
3160 3897 3551 3952 detestandum

1966 3968 2229 4060 tanquam
2266 3988 2423 4058 juxta
2454 3986 2746 4055 Evangelia
2778 3986 2997 4059 dignum
3029 3988 3324 4059 gemitibus
3362 3997 3414 4044 et
3445 3991 3547 4044 lle—

1972 4082 2117 4135 tibus
2137 4080 2188 4133 in
2215 4079 2461 4149 gehenna
2477 4086 2532 4132 et
2560 4077 2804 4132 dentium
2829 4077 3161 4133 stridoribus
3190 4094 3378 4135 ausam
3405 4095 3549 4149 pra:-

1971 4172 2225 4236 bcntem;
2261 4179 2344 4225 est
2397 4177 2580 4224 autem
2631 4169 2994 4240 lacry-marum
3052 4170 3106 4224 in
3148 4173 3452 4226 aeternitate
3491 4181 3549 4226 et

1968 4264 2174 4337 judicio
2215 4262 2539 4333 proemium
2580 4270 2770 4331 patens
2813 4261 2999 4317 videre
3053 4260 3107 4317 in
3158 4262 3262 4317 ista
3311 4264 3540 4319 cachin-

1971 4369 2167 4409 norum
2238 4351 2773 4421 indisciplinatorum
2840 4350 3204 4406 immoderata
3272 4350 3552 4409 effusione

1972 4442 2452 4515 superabundante
2470 4450 2525 4496 et
2556 4440 2928 4495 membrorum
2951 4443 3289 4507 extensione,
3314 4450 3367 4497 et
3389 4426 3552 4513 pres-

1970 4538 2125 4593 sioue
2161 4534 2478 4599 oculorum,
2523 4532 2670 4588 unde
2704 4532 3033 4603 quandoque
3075 4534 3317 4605 lacryma
3354 4535 3550 4589 multis

1970 4628 2160 4686 stillat.
2197 4626 2304 4683 lste
2324 4640 2455 4696 ergo
2501 4624 2850 4695 sapientibus
2874 4624 2988 4679 risu
3027 4623 3408 4697 dignus'risus
3445 4627 3547 4697 quia

1969 4729 2183 4776 tantum
2213 4717 2431 4774 videtur
2468 4731 2625 4781 esse,
2660 4725 2716 4771 et
2758 4717 2932 4787 magis
2975 4734 3085 4773 non
3119 4729 3203 4775 est
3236 4734 3397 4790 quam
3431 4727 3547 4784 est...

1970 4822 2024 4868 et
2053 4813 2121 4866 ab
2153 4807 2591 4881 imprudentibus
2621 4807 2833 4863 ardenti
2859 4808 3221 4865 insectatione
3251 4809 3546 4880 quaeritur.

1969 4903 2067 4959 Est
2098 4913 2151 4960 et
2178 4902 2522 4959 miserandus
2559 4900 2664 4955 iste
2698 4907 2956 4969 tanquam
2998 4908 3329 4955 aeternorum
3364 4901 3547 4971 gemio

1958 5004 2121 5053 .tuum
2152 5004 2377 5060 auctor;
2404 4992 2629 5059 idcirco,
2660 4992 2836 5062 inquit
2858 4997 3084 5047 sanctus
3109 5006 3308 5057 sermo,
3341 4991 3542 5047 melius

1966 5096 2051 5145 est
2085 5096 2139 5142 et
2166 5084 2384 5156 expedit
2415 5085 2591 5155 magis
2624 5083 2871 5138 moribus
2909 5083 3197 5139 taciturnis
3227 5098 3346 5139 esse
3372 5097 3541 5152 quam

1967 5180 2023 5235 in
2057 5179 2269 5234 deliciis
2301 5177 2537 5232 ellusum
2578 5183 2633 5231 et
2676 5175 2733 5230 in
2783 5174 2987 5233 risibus
3017 5177 3109 5247 qui
3154 5175 3225 5231 ad
3268 5175 3541 5230 rationem

1968 5287 2075 5327 non
2102 5270 2396 5341 pertinent.

1964 5413 2026 5469 81
2076 5411 2527 5467 Pulclrritudinem
2567 5413 2814 5471 existima
2855 5412 3041 5469 mentis
3086 5420 3353 5467 ornatum.

2026 5526 2130 5590 Qui
2180 5540 2474 5596 corporum
2528 5535 2875 5583 venustatem
2921 5522 3184 5594 deperitis
3231 5526 3288 5575 et
3332 5518 3539 5573 anima?

1957 5615 2183 5671 allectus
2199 5614 2265 5669 ad
2290 5616 2451 5671 istam
2483 5615 2667 5681 cietis,
2702 5616 2877 5687 sapite
2903 5623 2959 5669 et
2989 5611 3300 5681 intelligite,
3328 5623 3531 5665 vanam

1954 5711 2009 5760 et
2050 5703 2174 5760 falsi
2243 5706 2484 5762 nominis
2554 5705 3020 5776 pulchritudinem
3075 5701 3536 5763 animadvertit-cz

1954 5796 2307 5867 pulchritudo
2334 5798 2482 5857 enim
2513 5814 2642 5857 vere
2670 5808 2724 5857 et
2751 5797 2994 5872 proprie,
3033 5805 3088 5855 ct
3122 5803 3209 5853 est
3239 5803 3292 5852 ct
3313 5804 3539 5849 truncu-
