4030 6232
454 268 561 324 8¹1⁶ἔ

454 400 621 461 patur
649 387 956 443 animorum
981 383 1258 441 ordinatio
1282 401 1294 437 :
1333 381 1559 454 pulcher
1581 386 1665 437 est
1693 380 1875 436 cordis
1901 394 2031 435 can-

452 483 561 536 dor
589 490 642 536 et
672 480 899 549 spiritus
921 478 1189 541 decentia,
1215 476 1306 532 sed
1330 490 1437 529 non
1468 473 1598 528 illud
1627 474 2035 547 proprievoca-

424 574 429 577 ’
465 580 612 625 retur
648 570 998 640 pulchritudo
1040 568 1186 640 quod
1223 567 1502 622 hominum
1541 579 1746 636 manus
1794 563 2033 633 scripse-

459 668 589 715 runt
620 669 714 713 aut
746 660 1193 724 delineaverunt;
1228 656 1582 726 corruptibile
1612 652 1778 710 enim.
1798 652 1904 708 Sed
1936 666 2036 706 nec

462 754 606 823 quod
643 760 840 807 natura
880 752 1037 806 tinxit
1071 761 1163 805 aut
1208 749 1499 816 formavit;
1544 746 1780 801 mortale
1810 746 1955 800 enim
1983 750 2036 799 et

466 841 853 904 marcescibile,
898 851 1142 913 tempore
1184 840 1413 896 solvitur
1444 847 1498 893 et
1528 838 1581 892 in
1618 844 1818 892 terram
1852 849 2037 890 rever-

464 934 621 989 titur.
649 932 758 988 Nec
781 934 924 1004 quod
951 935 1142 989 oculus
1164 942 1360 988 eterra
1389 929 1655 985 oriundus
1689 928 1781 998 qui
1813 935 2038 981 externa

465 1026 871 1094 contemplatur,
895 1025 1165 1096 iudicatur
1189 1023 1470 1093 pulchrum
1490 1063 1505 1089 ,
1536 1020 1630 1077 sed
1672 1019 2039 1091 quodcunque

467 1116 757 1186 prudentis
796 1115 1025 1184 spiritus
1081 1114 1363 1169 meditatio
1411 1112 1696 1183 intelligit,
1751 1118 1806 1165 et
1853 1109 2040 1163 divino

468 1204 695 1275 Spiritui
733 1205 1061 1260 illuminanti
1096 1204 1394 1269 consentit,
1426 1204 1478 1258 id
1508 1202 1792 1272 pulchrum
1825 1207 1878 1255 et
1920 1198 2041 1269 pul-

466 1296 740 1360 chritudo,
768 1296 819 1349 id
844 1297 1077 1351 amabile
1100 1294 1369 1350 nominari
1402 1301 1455 1347 et
1469 1292 1788 1349 aestimabile
1817 1290 2040 1359 dignum

466 1386 813 1457 praedicatur.
861 1386 1329 1453 Quemadmodum
1371 1398 1501 1455 ergo
1540 1381 1887 1454 pulchritudo
1931 1394 2040 1434 non

466 1478 789 1534 aestimanda
841 1480 895 1534 in
937 1479 1307 1534 membrorum
1365 1474 1652 1531 harmonia
1689 1488 1812 1528 cum
1857 1472 2043 1527 colore

470 1570 668 1626 litando
689 1586 817 1625 cum
841 1571 908 1626 iis
930 1570 1021 1640 qui
1053 1582 1317 1640 corporea
1353 1577 1560 1623 tantum
1589 1565 1907 1636 inSpiciunt,
1946 1561 2042 1619 sed

468 1657 530 1713 in
578 1660 773 1713 anima:
810 1673 1022 1713 morum
1058 1656 1403 1714 institutione
1452 1663 1507 1712 et
1560 1654 1818 1726 symetria
1866 1652 2043 1706 admi-

475 1750 670 1813 randa,
690 1749 836 1803 omni
869 1764 1098 1805 excessu
1125 1748 1452 1829 deiectuque
1475 1746 1709 1808 sublato,
1741 1742 1918 1815 gratia
1948 1740 2044 1795 Dei

468 1843 698 1913 spiritus
718 1855 885 1909 supra
910 1838 1088 1895 omnis
1109 1839 1308 1894 coloris
1333 1838 1651 1893 suavitatem
1678 1836 1934 1905 fulgente,
1964 1831 2045 1886 sic

470 1942 525 1989 et
571 1932 806 1987 dedecus
853 1947 961 1986 non
1002 1930 1056 1986 in
1100 1940 1321 2002 compto
1363 1940 1419 1987 et
1464 1931 1516 1985 in
1564 1930 1931 1985 membrorum
1964 1925 2046 1981 in-

469 2021 779 2090 aequalitate
812 2020 1094 2091 eorporis,
1126 2020 1223 2078 sed
1255 2030 1474 2091 propter
1503 2019 1879 2088 intelligentiae
1910 2030 2043 2071 con-

474 2113 741 2166 fusionem
772 2119 824 2165 et
855 2110 1282 2181 imprudentiam
1315 2111 1541 2182 spiritus
1569 2108 1934 2180 reputabitur.

474 2294 542 2346 83
582 2290 839 2346 Molestia:
867 2296 1111 2343 venerunt
1133 2329 1146 2349 ,
1179 2287 1467 2355 voluptates
1488 2327 1502 2349 ,
1531 2286 1760 2355 ﬁduciw,
1794 2285 2043 2352 timores,

473 2364 544 2414 86
586 2362 822 2422 Divitia',
853 2359 1368 2428 paupertangloria
1390 2398 1402 2418 ,
1434 2356 1654 2410 dedecus
1676 2396 1691 2422 ,
1729 2356 1937 2409 throni:

474 2433 544 2485 ’37
587 2429 783 2484 Fluant
808 2427 863 2481 ut
900 2430 1088 2482 volent.
1131 2427 1453 2480 Nihitexiis

471 2502 546 2556 88
585 2502 715 2566 Quae
749 2509 1020 2552 transeunt
1041 2498 1216 2567 tangit
1241 2498 1413 2550 virum
1434 2504 1782 2550 constantem.

548 2592 809 2648 Honores
831 2590 1072 2646 incidere
1100 2590 1277 2644 solent
1302 2588 1369 2644 de
1388 2603 1569 2643 rerum
1599 2595 1901 2643 amatarum
1934 2588 2050 2659 jac-

474 2690 599 2738 tura
645 2692 699 2738 et
732 2682 800 2738 de
845 2696 1029 2737 rerum
1071 2696 1192 2750 qua:
1239 2688 1528 2749 sperantur
1564 2687 1621 2734 et
1666 2678 2053 2741 desiderantur

476 2776 705 2830 adverso
735 2786 1017 2839 successu;
1040 2771 1429 2827 delectationes
1454 2786 1485 2825 e
1507 2778 1721 2835 contra,
1750 2785 1874 2824 cum
1896 2770 2050 2839 juxta

478 2873 601 2920 vota
640 2864 958 2935 attingimus
991 2872 1085 2917 aut
1123 2878 1248 2917 eum
1294 2874 1471 2917 amata
1518 2863 1679 2918 nobis
1728 2871 2047 2919 occurrunt.

476 2952 703 3010 Fiducia
734 2956 913 3025 agitur
941 2970 1065 3008 eum
1087 2954 1244 3022 juxta
1268 2954 1605 3008 curriculum
1632 2956 1741 3009 vita
1768 2955 1970 3009 labitur
1996 2963 2051 3010 et

476 3060 567 3099 res
588 3036 886 3098 occurrunt
914 3044 1215 3098 secundum
1246 3041 1641 3109 intentionem;
1667 3044 1891 3098 timores
1923 3044 2057 3100 infe-

478 3135 664 3190 licium
694 3141 889 3187 eontra
912 3147 1062 3201 spem
1092 3131 1429 3186 obviantium
1459 3141 1512 3188 et
1532 3132 1833 3190 odientium
1868 3137 1923 3190 in
1953 3152 2054 3194 nos

479 3224 775 3277 valentium
805 3240 821 3277 :
856 3221 1068 3277 Divitia:
1101 3232 1403 3278 evenerunt
1442 3222 1734 3291 superﬂuis
1771 3225 2056 3281 abundan-

482 3315 659 3378 tibus,
700 3324 754 3368 et
785 3330 816 3369 e
864 3322 1057 3367 contra
1099 3322 1392 3384 paupertas
1434 3316 1738 3371 imminutis
1767 3326 1821 3371 et
1863 3331 2057 3373 caren-

482 3407 631 3461 tibus
662 3405 1017 3461 necesSariis.
1054 3403 1269 3471 Gloria,
1316 3407 1384 3461 ab
1415 3410 1691 3463 extraneis
1739 3410 1879 3465 bona
1914 3410 2058 3464 faiua

478 3505 536 3553 et
581 3507 799 3567 propter
843 3498 1078 3551 honores
1120 3497 1403 3553 hominum
1450 3506 1504 3554 et
1553 3507 1745 3557 tronos
1796 3502 2055 3571 plausus,

480 3590 834 3655 obscuritas,
870 3588 1105 3657 abjectio
1138 3589 1195 3642 in
1242 3588 1330 3644 his
1365 3597 1420 3644 et
1455 3590 1509 3643 in
1549 3591 1866 3659 ignominiis
1907 3609 2059 3648 eom-

484 3680 712 3751 puttctio
743 3687 799 3733 et
839 3679 1247 3735 condemnatio.
1279 3678 1405 3735 Haec
1430 3684 1645 3744 o'mnia,
1672 3684 1909 3738 ludibria
1936 3687 2061 3741 vita:

480 3781 538 3827 et
574 3772 856 3842 paululum
901 3771 1145 3842 jucunda
1193 3781 1287 3825 aut
1346 3774 1617 3841 molesta,
1665 3776 1924 3829 vexantia
1970 3786 2063 3831 aut

483 3864 776 3933 placentia,
804 3863 1100 3917 exultantia
1123 3872 1217 3916 aut
1241 3864 1609 3928 humiliantia,
1637 3866 1886 3922 avolante
1911 3882 2062 3922 som-

484 3952 581 4006 nio
611 3952 956 4006 transeuntia
988 3955 1365 4021 praeterimus,
1398 3962 1452 4009 et
1483 3955 1625 4010 sicut
1649 3957 1847 4011 vellent
1877 3958 2062 4013 venire

485 4047 580 4094 aut
600 4040 768 4104 abire,
796 4039 1148 4110 negligentes,
1176 4040 1369 4096 horum
1392 4043 1791 4097 assecutionem
1811 4060 1879 4099 ne
1902 4046 2063 4102 nobis

482 4145 829 4186 assumamus
856 4130 1072 4200 quando
1097 4131 1201 4186 hoc
1226 4132 1307 4186 vel
1334 4131 1464 4187 illud
1496 4133 1803 4204 contigerit;
1832 4145 2062 4206 pereunt

482 4222 627 4277 enim
658 4237 819 4291 quam
848 4223 1115 4278 citissime
1146 4223 1233 4276 illa
1265 4239 1385 4293 quae
1423 4225 1627 4279 nullam
1658 4226 1857 4282 habent
1889 4228 2059 4283 ﬁrmi-

482 4321 653 4367 tatem
682 4322 774 4367 aut
803 4315 1173 4382 stabilitatem;
1202 4315 1438 4371 hominis
1473 4327 1557 4373 est
1598 4333 1721 4374 vere
1753 4320 2058 4391 philosophi

483 4412 539 4459 et
577 4407 850 4475 sapienter
889 4406 1071 4476 gravis
1104 4415 1157 4460 et
1200 4406 1256 4461 in
1295 4409 1544 4466 veritatis
1582 4413 1934 4468 sermonibus
1970 4416 2061 4469 lir-

487 4496 647 4551 miter
672 4498 963 4566 perstantis
993 4512 1092 4551 nec
1122 4498 1191 4552 de
1231 4496 1439 4555 dextris
1471 4503 1655 4556 extolli
1683 4511 1737 4558 et
1775 4506 2060 4574 superbire

488 4601 586 4656 pro
634 4587 858 4657 spiritus
914 4588 1048 4651 acie,
1099 4604 1196 4643 nec
1252 4588 1321 4645 de
1368 4591 1606 4647 sinistris
1663 4596 2054 4665 apparentibus

488 4682 755 4734 coarctari
787 4689 839 4734 et
858 4680 1041 4734 animo
1067 4681 1281 4737 cadere.

1825 260 1933 317 ΝΚ)
1942 259 2118 319 ETAS
2151 260 2358 319 DAViD

3598 261 3721 315 868

2134 379 2228 434 καὶ
2275 379 2390 433 ἔστι
2439 377 2531 431 καὶ
2566 376 2877 448 ὠνόμασται
2927 378 2961 448 ἡ
2995 375 3261 447 εὐκοσμία
3306 376 3415 430 τῶν
3456 379 3719 449 φρενῶν

2136 470 2330 532 κάλλος
2369 470 2516 522 ἐστὶν
2547 470 2581 540 ἡ
2618 469 2713 539 τῆς
2754 468 2977 540 καρδίας
3007 469 3279 540 ὼραιότης
3307 468 3402 523 καὶ
3438 471 3473 539 ἡ
3507 468 3723 540 εὐπρέο

2136 580 2266 615 πεια
2296 560 2389 613 τοῦ
2436 559 2560 615 νοῦ’
2599 560 2714 614 ἀλλ’
2746 561 2807 614 οὐ
2849 560 3010 613 τοῦτο
3048 561 3252 631 κυρίως
3293 560 3360 614 ἂν
3379 561 3720 630 όνομασθείη

2137 657 2352 721 κάλλος,
2402 655 2431 709 ὂ
2476 657 2658 726 χεῖρες
2704 654 2991 727 ἀνθρώπου
3033 654 3423 723 διαγράφουσιν
3456 654 3489 723 ἢ
3531 653 3725 707 διατυο

2138 747 2300 801 ποῦσι
2321 763 2334 776 ·
2370 746 2604 817 φθαρτὸν
2652 745 2794 818 γάρ’
2841 745 2956 799 ἀλλ’
2984 744 3094 798 οὐδ’
3129 745 3160 797 δ
3204 744 3361 813 φύσις
3394 744 3723 815 ὲμόριρωσεν

2138 839 2171 908 ἢ
2234 836 2528 890 διέπλασεο
2595 834 2786 906 θνητὸν
2832 835 2943 904 γὰρ
2986 836 3079 889 καὶ
3127 834 3488 905 εὐμάραντον,
3535 835 3722 905 χρόνῳ

2139 928 2395 998 λυόμενον
2440 928 2534 980 καὶ
2585 928 2665 990 εἰς
2725 925 2853 997 χοῦν
2912 925 3342 995 ἀφανιζόμενον
3394 926 3504 979 οὐδ’
3575 926 3723 995 ὅπερ

2141 1020 2413 1091 ὀφθαλμὸς
2448 1018 2711 1091 γηγενοῦς
2748 1021 2776 1073 ὁ
2807 1019 2873 1072 τὰ
2894 1017 3090 1083 ἔξωθεν
3113 1017 3325 1088 βλέπων
3347 1017 3611 1089 διακρίνει
3636 1018 3722 1081 ὡς

2141 1112 2338 1166 καλόν⁴
2398 1112 2512 1166 ἀλλ’
2566 1113 2703 1183 ὅπερ
2744 1109 3017 1183 σώφρονος
3060 1109 3151 1163 νοῦ
3181 1108 3405 1179 θεωρίᾳ,
3433 1108 3723 1178 Πνεύματι

2144 1203 2507 1274 φωτιζομένου
2521 1202 2673 1274 θείῳ,
2690 1206 3033 1257 κατανοεῖται
3064 1202 3161 1255 καὶ¹
3188 1200 3530 1272 γνωρίζεται,
3555 1200 3724 1254 τοῦτο

2142 1295 2305 1349 καλὸν
2340 1295 2432 1347 καὶ
2462 1293 2677 1358 κάλλος,
2732 1292 2891 1347 τοῦτο
2936 1295 3034 1348 καὶ
3064 1279 3725 1362 ἀγαπητὺνόξιωνύμως

2145 1386 2238 1440 καὶ
2269 1384 2494 1456 ἐραστδν
2541 1384 3026 1457 προσαγορεύεται.
3056 1384 3269 1454 Ὠσπερ
3309 1378 3399 1438 οὖν
3434 1385 3493 1436 τὸ
3520 1383 3725 1445 κάλλος

2143 1476 2243 1529 οὐκ
2272 1477 2331 1529 ἐν
2368 1478 2433 1545 τῇ
2466 1474 2575 1528 τῶν
2612 1473 2789 1544 μελῶν
2838 1474 3151 1546 συμμετρίᾳ
3185 1474 3302 1545 μετ’
3331 1474 3583 1545 εὐχροίας
3604 1476 3727 1535 τοῖς

2145 1567 2214 1621 τὰ
2246 1566 2533 1637 σωματικά
2563 1566 2698 1636 μόνα
2740 1565 3025 1636 βλέπουσιν
3072 1564 3370 1637 ὁρώμενον,
3402 1564 3514 1617 ἀλλ’
3549 1565 3606 1616 ἐν
3652 1565 3725 1633 τῇ

2148 1658 2256 1712 τῶν
2282 1657 2430 1729 ⁴ὴθῶν
2473 1657 2572 1728 τῆς
2607 1656 2784 1727 ψυχῆς
2837 1655 3167 1709 καταστάσει
3198 1672 3258 1711 τε
3303 1653 3585 1724 θεωρεῖται
3623 1652 3728 1704 καὶ

2148 1754 2214 1822 τῇ
2246 1750 2575 1822 συμμετρίᾳ,
2626 1748 2806 1821 πάσης
2840 1748 2938 1818 μὲν
2968 1746 3274 1820 ὑπερϐολῆς
3297 1745 3391 1799 καὶ
3429 1743 3722 1813 ἐλλείψεως

2150 1841 2535 1911 ἀποιχομένης,
2572 1840 2790 1911 χάριτος
2827 1839 2884 1892 δὲ
2931 1838 3066 1892 Θεοῦ
3100 1837 3413 1907 Πνεύματος
3435 1835 3575 1905 ὑπὲρ
3616 1836 3727 1887 πεῖ-

2153 1951 2250 1987 σαν
2279 1932 2534 2003 εῠχροιαν
2566 1931 2645 2003 τῷ
2674 1931 2823 2002 καλῷ
2855 1928 3303 2001 περιλαμπούσης
3324 1944 3336 1957 ·
3370 1926 3514 1980 οὕτω
3543 1926 3633 1979 καὶ
3664 1926 3731 1978 τδ

2152 2022 2361 2097 αἶσχος,
2395 2027 2495 2079 οὐκ
2520 2027 2577 2078 ἐν
2600 2028 2667 2096 τῇ
2696 2024 2937 2096 ἀκοσμίᾳ
2968 2024 3061 2077 καὶ
3093 2020 3375 2092 ἀνωμαλίᾳ
3409 2019 3518 2073 τῶν
3549 2017 3731 2088 μελῶν

2150 2119 2245 2172 τοῦ
2278 2118 2548 2189 σώματος,
2577 2118 2694 2172 ἀλλ’
2735 2118 2793 2171 ἐν
2835 2120 2902 2188 τῇ
2948 2117 3045 2187 τῆς
3089 2115 3326 2178 διανοίας
3353 2110 3733 2180 damnaui;

2154 2212 2248 2265 atad.
2275 2213 2552 2282 ἀφροσύνῃ
2581 2210 2897 2282 κριθήσεται
2922 2208 3016 2262 τοῦ
3050 2207 3161 2263 νοῦ.

2155 2303 2225 2357 85
2261 2304 2455 2356 Λύπαι
2487 2300 2838 2370 προσῆλθον
2871 2300 3004 2367 (99),
3027 2297 3276 2370 ridenti,
3303 2295 3509 2370 θᾴῤῥη,
3532 2294 3727 2363 φόϐοι,

2155 2370 2224 2426 86
2260 2367 2550 2437 Πλοῦτος,
2587 2367 2782 2433 πενία,
2813 2369 2982 2434 δόξα,
3014 2368 3339 2437 δύσκλεια,
3364 2367 3561 2433 θρόνοι
3583 2380 3595 2393 ·

2156 2444 2221 2496 87
2274 2436 2592 2496 Ῥείτωσίαν
2622 2441 2701 2505 ὠς
2739 2440 3053 2495 θέλουσιν·
3090 2436 3271 2505 οὐδὲν
3306 2436 3551 2490 ἅπτεται

2157 2512 2227 2567 88
2267 2513 2391 2567 Τῶν
2422 2513 2491 2565 οὐ
2518 2504 2822 2581 μενόντων
2853 2508 3071 2577 ἀνδρὸς
3103 2504 3171 2562 εὖ
3198 2506 3549 2572 βεϐηκότος.

2228 2604 2409 2658 Δύπαι
2447 2603 2543 2671 μὲν
2569 2600 2791 2655 εἰώθασι
2822 2600 3153 2671 συμπίπτειν
3180 2597 3273 2651 ἐπί
3299 2613 3359 2649 τε
3385 2596 3495 2649 τῶν
3520 2596 3735 2665 ἀγαπη-

2157 2696 2263 2750 τῶν
2290 2698 2408 2759 ταῖς
2435 2694 2743 2759 ἀποϐολαῖς,
2776 2692 2868 2747 ἐπί
2904 2708 2962 2746 τε
2991 2692 3100 2745 τῶν
3126 2688 3495 2761 ἐλπιζομένων
3538 2686 3733 2740 ἐπιθυ-

2164 2788 2349 2860 μητῶν
2389 2790 2509 2850 ταῖς
2539 2785 2845 2851 ἀτευξίαιςυ
2886 2785 3071 2857 ἡδοναὶ
3110 2783 3164 2838 δὲ
3197 2782 3454 2853 ἔμπαλιν,
3483 2781 3611 2834 ὅταν
3634 2779 3734 2832 et)-

2162 2880 2438 2949 στοχῶμεν
2462 2880 2575 2940 τοῖς
2602 2878 2721 2930 κατ’
2758 2877 2943 2947 εὐχὴν,
2972 2876 3004 2947 ἢ
3034 2876 3159 2929 ὅταν
3186 2876 3295 2937 τοῖς
3324 2872 3572 2943 ἐραστοῖς
3594 2872 3733 2941 ἡμῖν

2158 2969 2663 3041 περιτυγχάνωμεν.
2720 2968 2831 3021 Καὶ
2902 2966 3079 3039 θάρρη
3140 2965 3236 3037 μὲν
3280 2962 3536 3035 προσίασι
3588 2961 3734 3015 κατὰ

2158 3061 2285 3134 ῥοῦν
2325 3059 2622 3131 φερομένου
2655 3058 2750 3112 τοῦ
2786 3058 2901 3129 βίου
2937 3056 3031 3111 καὶ⁵
3066 3056 3174 3108 τῶν
3205 3053 3545 3124 πραγμάτων
3577 3050 3734 3101 ἀντι-

2156 3152 2454 3206 ϐολούντων
2476 3150 2618 3206 κατά
2650 3151 2848 3203 σκοπόν
2870 3165 2885 3181 ⁸
2912 3147 3065 3218 φόϐοι
3088 3146 3143 3199 δέ
3170 3143 3435 3200 ἀνάπαλιν
3461 3142 3568 3194 τῶν
3596 3141 3736 3211 παρ’

2156 3244 2347 3297 ἐλπίδα
2396 3240 2674 3313 δυσχερῶν
2725 3236 3087 3293 ἀπαντώντων
3128 3234 3223 3289 καὶ
3268 3233 3375 3287 τῶν
3418 3229 3741 3300 ἐχθραινόνφ

2156 3351 2265 3388 των
2297 3336 2428 3405 ἡμῖν
2453 3330 2884 3387 δυναστευόντων
2902 3345 2915 3359 ·
2945 3328 3039 3382 καὶ
3077 3325 3300 3388 πλοῦτος
3330 3322 3424 3393 μὲν
3448 3320 3738 3392 προσῆλθε

2156 3426 2266 3479 τῶν
2297 3424 2606 3497 προσόντων
2625 3422 2854 3488 ἐξάπινα
2878 3418 3287 3491 πληθυομένων,
3303 3413 3459 3467 πενία
3489 3411 3545 3465 δέ
3571 3408 3741 3477 αὖθις

2159 3516 2564 3586 ἐλαττουμένων
2594 3514 2689 3567 καὶ
2719 3512 3085 3570 σπανιζόντων
3114 3509 3222 3562 τῶν
3255 3504 3570 3577 ἐπιτηδείων
3588 3520 3603 3534 ·
3635 3504 3742 3557 καὶ

2158 3607 2285 3673 δόξα
2334 3609 2433 3678 μὲν
2474 3607 2582 3660 τῶν
2612 3605 2811 3670 ἔξωθεν
2848 3606 2902 3658 αί
2952 3602 3215 3674 εὐφημίαι
3268 3601 3364 3654 καὶ
3406 3601 3440 3671 ὴ
3475 3599 3564 3651 ἐπὶ
3610 3598 3741 3660 ταῖς

2158 3700 2346 3768 τιμαῖς
2377 3697 2483 3750 τῶν
2512 3695 2812 3766 ἀνθρώπων
2856 3694 2953 3748 καὶ
2979 3697 3088 3758 τοῖς
3119 3691 3327 3763 θρόνοις
3357 3687 3738 3761 ἐπικράτησις,

2161 3788 2417 3842 δύσκλεια
2459 3788 2515 3841 δέ
2558 3789 2592 3858 ἡ
2642 3784 2937 3859 ἀπόρριψις
2978 3784 3182 3837 τούτων
3213 3783 3308 3835 καὶ⁵
3350 3781 3442 3834 ἐπ’
3489 3777 3741 3849 ἀτιμίαις

2161 3879 2451 3943 κατάνυξις
2491 3878 2585 3932 καὶ
2629 3878 2990 3946 κατάγνωσις.
3049 3874 3231 3928 Ταῦτα
3270 3872 3445 3927 πάντα
3506 3869 3743 3937 παίγνια

2160 3971 2255 4025 τοῦ
2280 3971 2393 4041 βίου
2415 3970 2561 4033 ὄντα,
2599 3971 2692 4023 καὶ
2726 3970 2861 4041 πρὸς
2888 3968 3065 4037 ὀλίγον
3086 3968 3353 4038 τέρποντα
3399 3966 3431 4037 ἢ
3476 3964 3741 4029 ἀνιῶντα,

2161 4062 2429 4135 τρύχοντα
2462 4062 2495 4133 ἢ
2530 4062 2807 4133 ὴδύνοντα,
2843 4060 3080 4131 ὑψοῦντα
3129 4060 3161 4129 ἢ
3199 4055 3577 4121 ταπεινοῦντα,
3599 4056 3749 4107 ὀνεί-

2168 4169 2263 4223 ρου
2310 4152 2691 4222 ἀφιπταμένου
2736 4154 2847 4224 ῥεῖν
2894 4149 3346 4223 παραχωρῶμεν,
3390 4148 3483 4201 καὶ
3540 4146 3617 4209 ὡς
3667 4145 3747 4199 ἂν

2165 4242 2398 4297 ἐθέλοιεν
2428 4242 2639 4296 ἐπιέναι
2670 4259 2728 4295 τε
2768 4242 2860 4296 καὶ
2883 4241 3105 4295 ἀπιέναι
3136 4239 3456 4309 παριέντες,
3489 4237 3586 4307 τὴν
3612 4237 3747 4290 τού-

2163 4351 2272 4387 των
2330 4333 2685 4405 προσέλευσιν
2742 4332 2815 4405 μὴ
2859 4330 3301 4404 προσποιῶμεθα,
3341 4330 3467 4383 ὅταν
3500 4328 3657 4381 τοῦτο
3705 4330 3745 4399 ἦ

2162 4423 2324 4477 τοῦτο
2377 4427 2559 4496 παρῇ·
2608 4425 2811 4495 οίχεται
2873 4423 2981 4494 γάρ
3036 4424 3117 4476 ὅτι
3176 4421 3405 4491 τάχιστα
3460 4419 3647 4472 στάσιν
3702 4420 3743 4491 ἦ

2164 4514 2369 4586 ἵδρυσιν
2414 4515 2722 4585 κεκτημένα
2761 4514 3052 4585 οὐδεμίαν·
3106 4512 3298 4584 ἀνδρὸς
3343 4511 3399 4564 δὲ
3425 4509 3746 4579 ’φιλοσόφου

2158 4605 2237 4674 τῷ
2279 4605 2390 4659 ὕντι
2419 4607 2513 4659 καὶ
2543 4601 2601 4659 εὖ
2635 4605 2929 4677 βεϐηκότος
2959 4605 3054 4658 καὶ
3094 4606 3208 4667 τοῖς
3241 4603 3339 4673 τῆς
3368 4600 3623 4671 ἀληθείας
3653 4600 3753 4653 λο-

2159 4695 2299 4765 γίοις
2334 4697 2615 4769 ἀραρότως
2642 4698 3002 4768 ἡδρασμένου,
3040 4696 3177 4767 μήτε
3217 4698 3329 4757 τοῖς
3361 4692 3551 4760 δεξιοῖς
3582 4692 3750 4743 ἐπαί-

492 4773 680 4840 ρεσθαι
724 4771 758 4842 ἢ
805 4770 1235 4841 ὐποχαυνοῦσθαι
1274 4774 1336 4828 τὸ
1380 4773 1589 4830 ἔντονον
1636 4776 1732 4830 τοῦ
1781 4776 1892 4845 νοῦ,
1929 4780 2053 4851 μήτ’
2080 4777 2174 4839 οὖν
2214 4790 2326 4852 τοῖς
2380 4789 2686 4861 ἀριστεροῖς
2725 4787 2941 4841 δοκοῦσι
2993 4786 3373 4841 συστέλλεσθαι
3422 4787 3514 4840 καὶ
3570 4801 3751 4839 κατα-

491 4863 734 4917 πίπτειν.

492 4957 561 5011 89
598 4957 793 5011 Attolle
827 4968 872 5014 te
901 4961 1006 5015 vita
1042 4962 1216 5031 potius
1246 4976 1402 5031 quam
1431 4961 1779 5031 cogitatione,
1812 4972 1920 5018 etc.

565 5045 688 5100 Vita
734 5050 1012 5104 extollitur
1047 5051 1139 5121 qui
1187 5068 1283 5123 per
1322 5053 1635 5123 diligentem
1681 5056 2063 5111 mandatorum

492 5139 894 5195 observantiam
925 5144 1106 5197 carnis
1126 5143 1435 5212 superbiam
1462 5145 1756 5201 mortiﬁcat
1786 5156 1840 5201 et
1868 5162 2066 5218 corpus

494 5231 802 5287 humilitate
852 5229 965 5286 fere
1006 5231 1222 5299 domat;
1272 5238 1584 5307 arrogantia
1632 5253 1761 5293 vero
1793 5242 2068 5296 extollitur

493 5325 587 5396 qui
613 5339 721 5381 non
753 5340 812 5380 se
834 5339 862 5378 a
887 5326 1305 5396 pm‘sumptionc
1325 5329 1570 5394 mundat,
1597 5330 1689 5385 sed
1722 5346 1859 5386 vana
1890 5333 2068 5386 homi-

495 5433 624 5471 num
658 5418 827 5488 gloria
872 5414 1093 5472 ellertur
1132 5431 1298 5487 seque
1333 5419 1474 5473 inter
1503 5420 1816 5491 hypocritas
1846 5424 2068 5478 consti-

494 5508 619 5561 tuit.
646 5506 907 5563 Hortatur
934 5522 1063 5581 ergo
1095 5507 1314 5565 divinus
1342 5508 1638 5582 Gregorius
1669 5519 1725 5568 ut
1752 5512 1860 5570 vita
1894 5513 2067 5569 extol-

570 5698 681 5770 {99}
721 5701 842 5757 Ald.
877 5710 932 5760 et
965 5704 1127 5762 Basil.
1167 5703 1457 5798 προῆλθονζ

2165 4968 2233 5024 89
2277 4961 2457 5037 ’Υψοῦ
2492 4969 2611 5035 βίῳ
2651 4969 2717 5023 τὸ
2745 4968 2957 5023 πλεῖον
2983 4969 3020 5038 ἢ
3046 4968 3397 5038 φρονήματι.

2246 5059 2507 5129 ’Υψοῦται
2544 5060 2621 5131 τῷ
2653 5059 2751 5131 βίῳ
2782 5062 2811 5113 ὁ
2852 5063 2917 5131 τῇ
2951 5061 3170 5131 ἀκριϐεῖ
3197 5061 3294 5132 τῆς
3326 5061 3542 5132 ἐντολῆς
3564 5063 3751 5133 τηρήο
3816 5088 3823 5091 ~

2167 5166 2248 5201 σει
2288 5149 2349 5203 τδ
2392 5150 2644 5221 φρόνημα
2687 5150 3149 5215 καταθανατὼσας
3180 5152 3278 5223 τῆς
3312 5151 3514 5223 σαρκὸς
3555 5153 3653 5205 καὶ
3682 5154 3755 5207 τὺ

2169 5240 2327 5310 σῶμα
2356 5242 2454 5311 τῆς
2479 5241 2857 5305 ταπεινώσεως
2891 5242 3072 5311 ὀλίγου
3099 5244 3211 5296 δεῖν
3244 5244 3487 5313 ὑπερϐάς
3512 5261 3524 5273 ·
3577 5245 3759 5315 ὑψοῦ-

2170 5347 2261 5383 ται
2294 5331 2349 5382 δέ
2382 5332 2688 5403 φρονήματι
2723 5334 2751 5384 ό
2787 5331 2860 5402 μὴ
2887 5331 2987 5401 τῆς
3017 5335 3243 5403 οἰήσεως
3270 5333 3525 5405 καθαρῶς
3567 5337 3755 5399 dun).-

2168 5422 2461 5491 λαγμένος,
2514 5423 2648 5477 ἀλλά
2696 5421 2775 5493 τῷ
2824 5422 2964 5494 κενῷ
3008 5423 3240 5495 δοξαρίῳ
3287 5423 3395 5477 τῶν
3436 5424 3753 5496 ἀνθρώπων

2174 5512 2531 5589 ἐπαιρόμενος
2573 5516 2667 5570 καὶ
2707 5514 2897 5571 ἑαυτὸν
2941 5514 3083 5570 κατά
3112 5516 3235 5580 τοὺς
3282 5516 3582 5591 ὑποκριτὰς
3620 5534 3754 5572 συντ»
