3984 6208
302 279 411 336 809

302 398 495 452 ιστῶν.
531 397 795 469 Παραινεῖ
819 398 999 453 τοίνυν
1016 402 1047 454 ό
1075 399 1345 467 θειότατος
1386 404 1687 474 Γρηγόριος
1716 404 1883 474 ὑψοῦ-

304 487 432 542 σθαι
486 486 588 558 μὲν
631 486 710 558 τῷ
756 487 857 559 βίῳ
898 488 988 543 διὰ
1036 490 1402 564 θεομιμησίας
1448 493 1765 563 ἐγγίζοντας
1808 495 1887 566 τῷ

307 581 475 652 πραεῖ
501 579 596 632 καὶ
622 579 864 652 ταπεινῷ
895 581 994 653 τὴν
1037 584 1264 654 καρδίαν
1303 580 1502 656 Ἰησοῦ,
1538 585 1674 639 ἀλλά
1708 587 1782 657 μὴ
1808 588 1888 658 τῷ

302 669 618 740 φρονήματι
662 669 1047 739 κατοιομένους
1078 674 1173 724 καὶ
1205 673 1684 743 καταφρονοῦντας
1713 676 1885 745 ὑπερ-

256 759 597 849 ίαίρεσθαιο
647 760 761 813 θεοῖ
791 761 888 830 μὲν
913 761 1020 833 γὰρ
1051 764 1080 815 ὁ
1112 763 1227 832 βίος
1252 768 1317 836 τῇ
1358 768 1585 838 μιμήσει
1621 765 1717 820 τοῦ
1752 768 1887 839 xm-

303 851 456 914 στοῦ,
489 854 557 923 τῇ
602 851 1049 924 μεγαλοφροσύνῃ
1098 854 1154 908 δὲ
1202 856 1347 926 μέγα
1392 857 1593 927 πτῶμα
1630 858 1770 911 κατά
1817 858 1886 912 τά

302 942 576 1014 θεαρχικά
623 942 901 1015 μαρτύρια
943 942 1244 999 ἀκολουθεῖ.
1281 945 1450 1000 Πόθεν
1490 942 1583 1001 οῦν
1630 946 1883 1020 ἐπιτεύξῃ

296 1037 406 1107 τῆς
445 1034 709 1105 ὑψούσης,
744 1035 863 1104 ἦτοι
902 1033 1129 1105 θεούσης
1153 1036 1687 1108 ταπεινοφροσύνης;
1731 1039 1763 1109 ἢ
1805 1038 1885 1109 τῷ

302 1122 386 1194 μὴ
438 1125 549 1186 τοῖς
599 1124 816 1193 μικροῖς
858 1122 1051 1176 ἐαυτὸν
1095 1124 1397 1195 μετροῦντα
1436 1126 1531 1179 καὶ
1572 1126 1711 1198 πρὸς
1756 1128 1883 1192 τοὺς

300 1213 680 1285 χαμαιζήλους
714 1212 1072 1284 συγκρίνοντα
1106 1216 1227 1285 είκῆ
1264 1216 1623 1287 ὑπερφρονεῖν
1656 1220 1749 1272 καὶ
1781 1236 1881 1290 με·

299 1303 772 1375 γαλοῤῥημονεῖν·
826 1304 861 1374 ὴ
920 1305 1028 1375 γὰρ
1080 1301 1235 1376 πρὸς
1261 1307 1388 1371 τοὺς
1437 1310 1637 1380 ἥττους
1687 1312 1881 1366 ἐαυτοῦ

298 1392 726 1464 παραμετρησις
755 1394 850 1446 καὶ
893 1392 1240 1460 ἀντεξέτασις
1266 1398 1327 1451 τὸ
1368 1400 1621 1472 φρόνημα
1667 1403 1882 1468 πάντως

297 1484 403 1537 καὶ
430 1483 522 1536 τὸν
541 1482 665 1536 νοῦν
697 1483 774 1546 ῶς
794 1483 902 1537 τῶν
932 1483 1142 1538 πολλῶν
1165 1487 1500 1559 ὑπερέχοντα
1525 1493 1845 1562 μετεωρίζει
1865 1509 1878 1523 ·

306 1572 387 1625 Σὺ
401 1573 477 1637 δέ,
501 1570 657 1641 φησὶ,
688 1571 825 1641 πρὸς
850 1572 950 1642 τὴν
979 1572 1199 1645 ἐντολὴν
1230 1576 1450 1648 ἀφορῶν
1478 1580 1570 1634 καὶ
1603 1581 1765 1635 αὑτὸν
1790 1581 1881 1635 τὸν

293 1658 405 1723 τὰς
431 1660 707 1731 σωτηρίας
740 1660 1112 1732 ἐντελλόμενον
1151 1663 1256 1717 κᾶν
1295 1664 1391 1717 ἐπὶ
1419 1667 1553 1721 πολὺ
1591 1668 1700 1723 τῶν
1741 1669 1882 1723 ἐθνι-

296 1742 420 1810 κῶς
451 1747 669 1812 ζώντων
713 1748 907 1821 ἀρθῇς,
950 1750 1052 1806 κᾶν
1098 1752 1315 1817 πολλοῖς
1362 1756 1475 1811 τῶν
1521 1754 1580 1812 εὖ
1624 1759 1882 1828 βιούντων

292 1840 576 1911 ὁμαωθῇς
600 1843 659 1895 ἐν
689 1842 943 1915 ἀληθείᾳ,
972 1844 1090 1914 ὕψει
1118 1846 1269 1901 κάτω
1299 1848 1546 1921 κείμενον
1574 1853 1764 1908 ἐαυτὸν
1793 1855 1888 1910 καὶ

295 1931 413 2001 τῆς
443 1932 619 2004 ἄκρας
648 1934 1078 2006 ἀπολειπόμενον
1110 1938 1467 2011 τελειότητος.

291 2024 378 2101 9³3
411 2023 603 2101 ἒρξίέν
631 2024 807 2101 δίωκῆ
828 2025 983 2101 Mt!
1008 2027 1381 2101 «iactavi?
1410 2031 1597 2101 ἄγαν*

292 2093 379 2149 94
413 2094 716 2163 Κρεῖσσον
745 2093 855 2167 γὰρ
900 2093 1052 2152 εἶναι
1081 2099 1189 2154 τοῦ
1212 2093 1430 2157 δοκεῖν.

381 2208 535 2261 Ἔστι
571 2207 698 2274 δόξα
747 2208 842 2263 καὶ
896 2210 1052 2282 φήμη
1101 2229 1185 2277 τις
1237 2213 1415 2286 ἀγαθὴ
1465 2214 1558 2269 καὶ
1600 2216 1692 2270 ἐπὶ
1752 2216 1885 2272 πολὺ

296 2296 473 2368 μέρος
504 2298 599 2351 τοῦ
636 2298 843 2370 κόσμου
878 2300 1017 2372 πρὸς
1047 2302 1238 2373 καιρὸν
1266 2306 1498 2377 χεομένη
1534 2307 1628 2360 καὶ
1656 2309 1736 2370 είς
1784 2307 1890 2379 μά-

290 2406 458 2442 ταιον
485 2392 597 2449 τοῖς
628 2390 1003 2462 δοξαζομένοις
1023 2392 1371 2466 πληθυομένη
1402 2396 1496 2450 καὶ
1525 2397 1781 2469 κενὸν,ἥν
1799 2400 1890 2453 ἐπὶ

294 2479 484 2552 βλάϐῃ
515 2480 773 2535 πλειόνων
804 2483 1128 2552 μεγαλύνειν
1172 2483 1311 2538 οἶδεν
1343 2488 1372 2540 ὁ
1411 2486 1623 2559 ἐχθρός
1659 2490 1754 2543 καὶ
1773 2489 1887 2543 ἐστι

289 2571 432 2638 δόξα
459 2572 565 2625 τῶν
599 2573 760 2639 ὁσίως
786 2573 1045 2644 βιούντων
1077 2577 1170 2630 ἐπὶ
1202 2576 1300 2660 τῆς
1329 2579 1432 2649 γῆς
1461 2581 1884 2653 κραταιουμένη,

292 2666 430 2735 ἣτις
468 2664 560 2717 καὶ
595 2664 731 2736 πρὸς
761 2664 1048 2736 οἰκοδομὴν
1081 2666 1191 2720 τῶν
1235 2666 1565 2733 δοξαζόντων
1616 2671 1752 2741 πρὸς
1791 2673 1886 2726 τοῦ

291 2754 446 2808 Θεοῦ
487 2758 868 2827 συγκροτεῖται
898 2758 991 2810 καὶ
1036 2755 1263 2827 ὑψοῦται
1284 2774 1297 2787 ⁸
1334 2758 1399 2812 σὺ
1433 2759 1490 2812 δέ
1532 2761 1668 2832 μήτε
1707 2765 1887 2819 πᾶσαν

293 2845 445 2917 ἡγοῦ
467 2846 925 2917 περισπούδαστον
952 2850 1047 2901 καὶ
1074 2850 1250 2921 ἐαυτῷ
1280 2850 1609 2921 προσαύξειν
1637 2854 1886 2925 ἐπιζήτει

294 2938 453 2992 κατά
482 2943 608 3002 τοὺς
634 2937 932 3010 ὑποκριτὰς
958 2941 1052 2993 καὶ
1079 2939 1410 3011 δοξοχαρεῖς,
1442 2941 1568 3011 μήτ’
1596 2936 1689 2995 οῦν
1718 2943 1889 3014 αὐτῆς

293 3030 408 3099 τῆς
434 3029 500 3081 δι’
534 3030 736 3101 ἀρετὴν
762 3030 1130 3102 κροτουμένης
1173 3030 1313 3099 ἄγαν
1345 3031 1575 3101 ἀντέχου
1608 3032 1703 3086 καὶ
1741 3033 1887 3086 ἀντι-

295 3117 467 3172 ποιοῦ
491 3136 506 3149 ⁸
551 3120 603 3171 τί
632 3118 747 3190 γάρ
781 3136 865 3173 σοι
907 3121 1000 3175 καὶ
1032 3122 1098 3192 τῇ
1141 3120 1403 3192 ὑπολήψει
1437 3122 1545 3175 τῶν
1580 3122 1810 3189 πολλῶν,
1841 3116 1887 3192 ᾧ

292 3210 406 3266 τοῦ
438 3206 576 3265 εἶναι
612 3211 775 3277 πολὺς
808 3214 840 3264 ὁ
871 3212 1063 3281 λόγος;
1112 3215 1366 3283 κρεῖσσον
1402 3212 1510 3285 γάρ
1543 3215 1888 3285 ἀσυγκρίτως

294 3305 369 3360 τὸ
399 3298 538 3358 εἶναι
584 3304 678 3358 τοῦ
710 3305 886 3358 δοκεῖν
910 3321 924 3335 ’
968 3306 1048 3368 είς
1075 3305 1130 3359 τί
1172 3299 1266 3359 οῦν
1298 3322 1380 3359 σοι
1414 3306 1566 3376 μέλει
1614 3307 1889 3377 σπουδαίῳ

295 3395 426 3449 δντι
450 3393 545 3448 τοῦ
588 3394 889 3458 σπουδαίως
932 3390 1070 3448 εἶναι
1107 3394 1323 3461 δοκεῖν;
1376 3395 1619 3466 πλουσίῳ
1650 3396 1763 3452 δντι
1795 3397 1889 3451 καὶ

301 3485 534 3538 πάντων
546 3484 742 3556 πλήρει
764 3482 979 3552 ἀγαθῶν
996 3484 1049 3537 τί
1070 3500 1152 3537 σοι
1178 3484 1360 3554 μέλον,
1388 3486 1438 3538 εί
1466 3485 1611 3539 τοῦτ’
1630 3484 1890 3553 ἀγνοοῦν-

303 3590 408 3637 τες
437 3573 713 3644 ἄνθρωποι
743 3572 955 3642 πένητά
981 3588 1040 3625 σε
1074 3572 1166 3625 καὶ
1206 3573 1360 3644 ἐνδεῆ
1388 3571 1887 3643 ὑπολαμϐάνουσινς

307 3664 476 3720 Οὕτω
513 3666 607 3718 καλ⁸
645 3664 763 3736 Θεῷ
808 3664 960 3735 φίλον
988 3664 1121 3718 δντα
1144 3664 1273 3717 ποία
1310 3681 1394 3717 σοι
1436 3664 1674 3734 φροντὶς,
1718 3664 1765 3715 εί
1813 3661 1888 3732 μὴ

303 3755 473 3809 τοῦτο
503 3754 648 3810 ἴσασι
673 3754 859 3809 πολλοί
882 3772 897 3820 ;
919 3756 982 3808 Ei
1009 3755 1053 3808 δ’
1081 3754 1319 3826 ἄμετρος
1338 3751 1408 3819 εἷ,
1438 3752 1663 3817 πολλοὺς
1684 3751 1887 3805 ἐθέλων

311 3845 446 3907 τοὺς
483 3844 774 3908 ἐπαινέτας
806 3843 973 3914 ἔχειν,
1018 3843 1159 3898 ὥστε
1203 3844 1376 3917 ταύτῃ
1420 3843 1636 3908 πλείους
1689 3843 1891 3898 οἰκοδο-

317 3938 443 4006 μεῖν
483 3935 562 3999 είς
591 3935 811 4005 ἀρετὴν,
862 3934 996 3988 ἀλλά
1040 3935 1104 3987 σὺ
1137 3934 1214 4005 μὴ
1259 3934 1358 4005 τὴν
1406 3927 1642 4004 ματαίαν
1694 3932 1891 4004 θήρευε

313 4027 476 4093 δόξαν
519 4027 619 4098 τὴν
669 4028 733 4080 ἐκ
776 4025 885 4081 τῶν
942 4026 1066 4097 είκῆ
1123 4026 1534 4098 μακαριζόντων
1580 4043 1638 4079 σε
1685 4027 1892 4097 πλάνην

316 4114 777 4185 ἐγκομϐούμενος,
816 4115 952 4186 μηδὲ
982 4116 1083 4185 τὴν
1133 4115 1262 4168 νέαν
1305 4114 1395 4168 καὶ
1438 4114 1496 4181 ἐξ
1538 4115 1892 4186 ἀνθρωπίνων

316 4202 646 4273 ἀξιωμάτων
694 4204 788 4255 καὶ
831 4202 1037 4274 θρόνων
1078 4203 1509 4275 προστιθεμένην
1560 4204 1652 4257 καὶ
1696 4205 1888 4275 τιμῶν.

316 4294 382 4347 Τί
413 4293 526 4365 γὰρ
548 4294 737 4365 κέρδος
766 4294 1005 4365 πιθήκῳ,
1037 4293 1104 4348 ἂν
1129 4293 1266 4347 λέων
1295 4295 1557 4366 νομισθῇ;
1592 4294 1778 4360 Οὖτως
1806 4296 1893 4349 ού-

315 4386 483 4456 δεμία
523 4386 726 4455 ὄνησις,
777 4384 997 4456 ἐμπαθῆ
1040 4384 1169 4439 ὄντα
1210 4385 1304 4438 καὶ
1346 4386 1532 4456 ἀτελῆ,
1586 4385 1765 4456 ἀπαθῆ
1798 4385 1892 4439 καὶ

316 4477 525 4531 τέλειον
568 4477 877 4549 ἀνθρώποις
925 4472 1064 4530 εῖναι
1110 4476 1285 4530 δοκεῖν
1304 4492 1318 4506 ’
1366 4476 1591 4547 οὐδεμία
1637 4476 1892 4545 ὠφέλεια,

316 4569 538 4634 ἀνάξιον
567 4569 697 4623 ὄντα
731 4569 1003 4639 βασιλείας
1054 4569 1089 4640 ἢ
1143 4570 1446 4641 ίεραρχίας,
1492 4569 1641 4636 ἀξιον
1686 4568 1899 4640 νομίζε-

317 4660 445 4715 σθαι
466 4679 480 4692 ·
511 4660 702 4733 ὥσπερ
741 4661 863 4715 οὑδὲ
896 4662 1108 4733 πτωχὸν
1133 4663 1228 4716 καὶ
1261 4662 1426 4733 ἄρτου
1459 4660 1647 4730 ἐπιδεῆ
1695 4661 1895 4731 τυγχά-

316 4770 500 4816 νοντα,
531 4753 685 4806 οὑδὲν
728 4752 880 4808 ἔσται
928 4754 1067 4824 πρὸς
1111 4754 1319 4824 κέρδος,
1350 4751 1550 4824 χρυσοῦ
1587 4751 1894 4824 θησαυροὺς

317 4841 622 4912 κεκτῆσθαι
657 4841 866 4906 πολλοῖς
893 4842 1306 4912 ὑπονοούμενον.

316 4954 391 5012 97
416 4955 583 5009 Αἶνει
612 4953 729 5022 μὲν
764 4952 977 5016 ἄλλον,
1009 4952 1096 5022 μὴ
1131 4952 1336 5021 φρόνει
1367 4951 1419 5037 δ’
1448 4952 1821 5021 αἱνοὺμενος.

393 5067 601 5120 ’Ᾱλλονι
624 5068 741 5138 μὲν,
769 5068 935 5138 φησὶν
971 5069 1000 5120 δ
1034 5064 1323 5137 μακάριος,
1355 5066 1597 5118 ἐπαινεῖν
1634 5066 1722 5119 ἐπ’
1748 5066 1895 5119 εὐσε-

317 5157 445 5230 ϐείᾳ
509 5158 603 5211 καὶ
658 5159 826 5229 ἀρετῇ
879 5157 1062 5222 οὔπως
1112 5158 1178 5211 ἂν
1221 5156 1561 5227 κωλύσαιμι,
1611 5156 1747 5210 ἀλλά
1798 5158 1894 5211 καὶ

314 5246 751 5318 παραινέσαιμι·
787 5248 846 5300 σὲ
897 5247 953 5301 δὲ
996 5248 1135 5316 πρὸς
1162 5246 1335 5301 ἀλλων
1361 5244 1770 5316 ἐπαινούμενον,
1819 5247 1895 5319 μὴ

319 5338 766 5409 μεγαλοφρονεῖν,
801 5338 934 5409 μηδὲ
963 5341 1076 5401 τοῖς
1108 5337 1348 5401 ἐπαίνοις
1379 5338 1499 5409 είκῆ
1536 5337 1895 5409 φυσιούμενον

318 5430 718 5502 ὑψηλοφρονεῖν
778 5429 1094 5500 παρεγγυῶ.
1158 5428 1395 5483 Δεδιέναι
1461 5430 1565 5501 γὰρ
1590 5430 1755 5497 ’ἀξιον
1803 5433 1897 5485 καὶ

317 5518 666 5577 εὐλαϐεῖσθαι
689 5557 705 5582 ,
786 5520 980 5590 μήπως
1049 5517 1159 5571 τῶν
1224 5519 1598 5589 κροτουμένων
1664 5520 1896 5574 ἐπαίνων

319 5609 568 5682 ὑστερῶν
597 5608 958 5680 ἀπελεγχθῇς*
987 5606 1123 5662 ἀλλὰ
1151 5608 1243 5661 καὶ
1280 5608 1416 5678 πρὸς
1444 5607 1540 5678 τὴν
1572 5607 1681 5661 τῶν
1719 5609 1893 5665 ἄλλων

321 5701 601 5774 εὐφημίαν
629 5701 691 5754 οὑ
723 5700 1006 5772 πρόχειρον
1038 5700 1146 5752 οὐδ’
1188 5699 1403 5767 ἕτοιμον
1436 5694 1572 5751 εἷναί
1618 5716 1672 5751 σε
1719 5703 1746 5753 ό
1792 5702 1893 5771 τῆς

605 5796 875 5858 Ριτιιοι.
912 5794 1027 5855 Gs.
1064 5793 1244 5853 XXX
1259 5792 1425 5853 VH1.

1358 283 1425 338 IN
1449 236 1759 339 CARMlNA
1793 280 2074 339 ARCANA
2108 281 2164 337 S.
2196 281 2542 340 GREGORII.

3456 284 3560 336 810

1993 403 2169 459 tamur
2197 419 2293 472 per
2322 403 2678 460 imitationem
2710 404 2825 459 miti
2849 413 2902 460 et
2936 404 3125 461 humili
3154 405 3317 462 corde
3340 405 3558 463 Christo

1987 494 2492 565 appropinquantes
2517 536 2527 555 ,
2555 494 2650 549 sed
2680 508 2969 551 caveamus
2998 511 3068 551 ne
3104 495 3430 551 confidentia
3467 505 3559 551 tu-

1987 592 2199 638 mentes
2239 592 2293 639 et
2323 584 2703 653 superbientes
2744 598 2845 638 nos
2881 583 3311 654 magniﬁcemus.
3349 581 3558 643 Etenim

1985 672 2202 728 deiﬁcat
2236 677 2347 729 vita
2374 674 2577 729 Christi
2618 674 2878 729 imitatrix
2899 715 2913 739 ,
2954 681 3007 729 et
3037 674 3202 729 animi
3235 673 3561 729 extollentite

1981 764 2138 834 juxta
2178 766 2492 822 testimonia
2537 765 2721 820 divina
2770 767 2955 822 clades
3003 780 3195 836 magna
3244 765 3559 819 comitatur.

1986 854 2141 910 Unde
2178 869 2309 926 ergo
2354 857 2719 928 comparanda
2763 873 2886 927 quae
2938 857 3141 912 exaltat
3194 871 3294 911 seu
3346 855 3560 910 deiﬁcat

1988 946 2307 1001 humilitas?
2341 947 2489 1001 ilanc
2512 948 2779 1003 obtinebit
2804 949 2896 1018 qui
2923 963 3029 1003 non
3054 948 3292 1017 seipsum
3323 946 3561 1001 minimis

1985 1037 2292 1108 quibusque
2328 1039 2673 1108 mquiparans
2713 1046 2768 1094 et
2804 1054 2926 1094 cum
2970 1039 3197 1108 abiectis
3227 1051 3561 1106 componens

1985 1137 2186 1183 temere
2227 1128 2504 1195 superhiet
2542 1138 2595 1183 et
2638 1143 2697 1183 se
2731 1127 3131 1199 magniﬁcabit;
3168 1142 3405 1196 namque
3435 1142 3559 1181 cum

1984 1217 2339 1273 inferioribus
2377 1218 2732 1290 aequiparatio
2769 1219 2851 1273 sui
2905 1228 2956 1274 et
3000 1219 3219 1273 collatio
3255 1218 3560 1286 intelligen-

1982 1307 2114 1362 tiam
2160 1307 2384 1362 omnino
2415 1317 2469 1362 et
2514 1308 2755 1362 animum
2801 1309 2866 1362 ad
2912 1309 3276 1379 arrogantiam
3326 1307 3556 1371 inducit,

1982 1398 2137 1469 quasi
2171 1414 2334 1468 supra
2373 1398 2573 1454 multos
2614 1398 2923 1455 efferamur.
2974 1398 3054 1454 Tu
3094 1408 3309 1463 autem,
3344 1399 3559 1468 inquit,

1982 1490 2296 1545 mandatum
2323 1491 2680 1546 considerans
2700 1499 2753 1547 et
2778 1506 2901 1546 eum
2926 1492 3019 1561 qui
3045 1491 3272 1546 salutem
3299 1490 3556 1561 injnngit,

1982 1579 2109 1635 licet
2150 1581 2307 1652 longe
2336 1583 2551 1639 ethnice
2578 1584 2826 1639 viventes
2857 1598 3081 1652 superes
3103 1622 3117 1647 ,
3152 1581 3276 1637 licet
3305 1582 3558 1651 plurimis

1985 1671 2122 1726 bene
2136 1673 2431 1728 viventium
2455 1674 2649 1730 similis
2666 1675 2726 1729 in
2744 1673 2971 1729 veritate
2990 1674 3303 1740 inveniaris,
3322 1674 3554 1743 teipsum

1993 1760 2141 1814 humi
2163 1762 2435 1831 jacentem
2464 1765 2672 1820 videbis
2688 1773 2739 1820 et
2760 1765 2915 1836 longe
2943 1780 2971 1819 a
2998 1780 3208 1821 summa
3225 1764 3559 1836 perfectione

1991 1850 2309 1909 distantem.

2096 2023 2334 2099 gloriam
2361 2044 2664 2099 persequere
2712 2046 2812 2083 non
2839 2047 3156 2098 omnem,nrc
3191 2034 3514 2089 vehementer
3533 2052 3553 2089 :

1988 2093 2059 2147 94
2096 2094 2291 2151 Helius
2320 2093 2396 2153 est
2425 2093 2563 2153 enim
2589 2115 2704 2154 esse
2733 2116 2893 2169 quam
2916 2093 3102 2155 videri.

2060 2192 2236 2264 Est-et
2266 2210 2458 2281 gloria,
2482 2222 2566 2269 est
2594 2222 2650 2269 et
2678 2212 2820 2268 fama
2850 2214 2990 2269 bona
3024 2221 3078 2269 et
3106 2229 3202 2284 per
3222 2213 3413 2269 mundi
3442 2229 3560 2268 ma-
3635 2192 3646 2201 ’

1990 2315 2150 2370 gnam
2182 2312 2389 2371 partem
2417 2314 2724 2376 opportune
2753 2307 2948 2363 diffusa
2973 2316 3027 2362 et
3048 2308 3372 2377 insipienter
3396 2316 3561 2378 atque

1989 2392 2128 2445 vane
2160 2391 2214 2446 in
2256 2392 2569 2453 hominibus
2620 2398 2904 2453 aestimatis
2937 2398 3252 2459 abundans,
3293 2412 3456 2466 quam
3491 2398 3557 2451 ad

1989 2482 2284 2538 multorum
2312 2487 2606 2554 perniciem
2632 2488 2981 2558 magniﬁcare
3012 2489 3162 2543 novit
3192 2487 3477 2550 inimicus;
3505 2496 3561 2542 et

1989 2580 2074 2629 est
2104 2582 2290 2630 sancte
2312 2575 2611 2631 virentium
2635 2578 2808 2648 gloria
2837 2593 2998 2648 super
3026 2586 3226 2633 terram
3254 2580 3561 2648 praevalens

1989 2678 2111 2733 quia:
2159 2671 2214 2718 et
2261 2663 2330 2718 ad
2372 2664 2785 2721 aediﬁcationem
2836 2666 3174 2721 laudantium
3214 2661 3403 2722 'cnram
3450 2667 3561 2723 Deo

1990 2755 2363 2825 spectaculum
2393 2764 2477 2812 est
2510 2764 2564 2812 et
2595 2758 2853 2813 exaltatio
2878 2776 2892 2824 ;
2920 2766 2978 2813 tu
3011 2767 3190 2814 autem
3222 2776 3321 2816 nec
3342 2776 3560 2816 omnem

1983 2846 2166 2919 jndica
2198 2848 2378 2903 studio
2409 2847 2650 2918 dignam,
2683 2849 2772 2919 qui
2810 2849 2905 2904 tibi
2941 2858 3274 2907 crescentem
3314 2854 3562 2923 requiras

1986 2953 2104 2994 eam
2144 2938 2552 3010 hypocritarum
2585 2939 2760 2994 instar
2792 2948 2847 2994 et
2876 2941 3105 3010 gloriam
3145 2944 3557 3013 aucupantinm,

1990 3043 2091 3083 nec
2123 3044 2255 3098 ergo
2281 3030 2457 3099 ipsam
2498 3036 2723 3101 propter
2761 3031 3017 3086 virtutem
3051 3033 3366 3101 applausam
3398 3035 3565 3091 nimis

1993 3119 2261 3173 insertare
2294 3119 2394 3188 ipsi
2427 3120 2644 3175 obviam
2681 3134 2928 3175 currens.
2970 3120 3111 3186 Quid
3151 3122 3297 3177 enim
3334 3123 3430 3177 tibi
3464 3138 3566 3192 pu-

1988 3209 2128 3265 blica
2155 3212 2526 3278 existimatio,
2577 3211 2669 3266 cui
2712 3226 2833 3268 esse
2879 3226 3074 3284 magna
3102 3228 3192 3268 res
3217 3214 3339 3268 est?
3373 3213 3566 3269 Melius

1987 3301 2130 3354 enim
2178 3309 2263 3356 est
2313 3301 2433 3356 sine
2479 3301 2649 3356 dubio
2679 3316 2801 3356 esse
2833 3316 2994 3371 quam
3024 3301 3222 3357 videri.
3253 3301 3393 3368 Quid
3436 3317 3565 3373 ergo

1990 3400 2079 3444 tua
2120 3391 2368 3455 interest,
2388 3391 2621 3462 diligens
2664 3393 2755 3463 qui
2788 3393 2887 3460 sis,
2918 3393 3149 3464 diligens
3192 3394 3237 3450 si
3287 3392 3565 3449 videaris?

1990 3480 2151 3536 Dives
2176 3495 2301 3535 cum
2318 3483 2395 3537 sis
2409 3488 2462 3537 et
2478 3484 2731 3541 omnibus
2745 3484 2907 3539 bonis
2917 3484 3227 3550 abundans,
3243 3484 3373 3555 quid
3401 3484 3568 3539 refert

1990 3573 2038 3628 si
2094 3573 2196 3626 hoc
2253 3573 2567 3641 ignorantes
2612 3573 2864 3628 homines
2915 3588 3207 3643 pauperem
3252 3582 3304 3629 te
3333 3582 3388 3627 et
3424 3574 3569 3628 indi-

1990 3671 2203 3734 gentem
2247 3662 2609 3717 existiment?
2647 3663 2914 3719 Similiter
2950 3664 3127 3717 amico
3175 3663 3264 3718 Dei
3306 3665 3400 3718 tibi
3445 3680 3568 3735 quae

1991 3766 2157 3815 cura,
2196 3751 2241 3805 si
2287 3750 2415 3805 illud
2462 3765 2573 3805 non
2630 3753 2880 3805 noverint
2924 3753 3118 3806 multi?
3148 3754 3204 3807 Si
3231 3754 3434 3808 nimius
3483 3769 3565 3817 es,

1992 3841 2193 3895 multos
2221 3838 2451 3909 cupiens
2481 3838 2795 3896 laudatores
2825 3841 3047 3904 habere,
3077 3842 3233 3910 quasi
3267 3842 3393 3898 inde
3426 3845 3570 3898 mul-

1994 3940 2173 3986 torum
2218 3928 2382 3984 fuerit
2420 3929 2706 3985 aediﬁcatio
2739 3930 2809 3985 ad
2871 3931 3162 3995 virtutem,
3218 3932 3313 3988 sed
3356 3939 3412 3988 tu
3454 3935 3569 3989 noli

1991 4036 2187 4076 vanam
2246 4022 2430 4077 venari
2470 4021 2742 4092 gloriam,
2794 4035 2984 4077 errore
3033 4022 3314 4078 hominum
3366 4035 3570 4081 temere

1992 4111 2417 4168 beatiﬁcantium
2450 4121 2505 4168 te
2542 4112 2826 4168 involvens
2857 4129 2959 4189 nec
2988 4114 3159 4184 gloria
3199 4130 3336 4169 nova
3368 4117 3435 4169 ab
3465 4116 3568 4169 lm-

1994 4206 2173 4261 manis
2207 4204 2623 4276 dignationibus
2663 4216 2715 4261 et
2757 4205 2970 4261 thronis
2996 4214 3050 4259 ct
3085 4204 3387 4260 honoribus
3420 4204 3571 4260 deri-

1994 4303 2175 4351 vante.
2215 4294 2357 4361 Quid
2392 4295 2536 4350 enim
2572 4295 2784 4350 lucrum
2821 4296 3016 4360 simio,
3067 4296 3110 4351 si
3144 4296 3229 4351 leo
3272 4295 3572 4350 credatur?

1999 4389 2266 4444 Similiter
2312 4390 2464 4444 nulla
2530 4390 2774 4455 utilitas,
2828 4390 3224 4461 cupiditatibus
3288 4390 3572 4461 obtempc--

1995 4489 2206 4535 rantem
2254 4482 2308 4535 et
2361 4480 2761 4551 imperfectum,
2791 4481 3110 4536 hominibus
3161 4489 3342 4537 tamen
3397 4483 3569 4538 videri

1994 4570 2384 4641 morigeratnm
2411 4577 2465 4625 et
2489 4569 2819 4640 perfectum;
2851 4570 3000 4624 nulla
3027 4570 3254 4634 utilitas,
3285 4571 3567 4643 indignum

1994 4661 2324 4729 quemlibet,
2372 4662 2518 4731 regia
2575 4670 2669 4715 aut
2710 4660 3034 4716 sacerdotali
3068 4652 3332 4732 dignitate
3384 4678 3569 4732 parem

1994 4751 2275 4819 aestimari,
2311 4754 2454 4807 sicut
2490 4767 2591 4807 nec
2625 4752 2849 4822 pauperi
2879 4760 2932 4807 et
2958 4767 3096 4820 pane
3127 4753 3389 4823 indigenti
3418 4754 3571 4809 lucro

1998 4850 2107 4909 est,
2138 4843 2186 4899 si
2220 4843 2337 4898 auri
2372 4843 2661 4899 thesauros
2699 4844 2899 4897 multos
2940 4844 3230 4912 possidens
3262 4854 3568 4914 reputetnr.

1998 4953 2064 5009 97
2080 4951 2268 5006 Lauda
2283 4954 2487 5022 quidem
2514 4954 2704 5019 alium,
2719 4962 2774 5007 at-
2797 4954 3048 5007 laudatus
3066 4970 3127 5007 ne
3141 4955 3437 5023 superbias,
3457 4964 3566 5011 etC.

2068 5063 2251 5118 Alium
2281 5064 2540 5134 quidem,
2580 5064 2757 5134 inquit
2795 5066 3026 5133 beatus,
3078 5067 3305 5123 laudare
3350 5080 3571 5140 propter

2001 5153 2252 5222 pietatem
2284 5161 2339 5209 et
2372 5155 2629 5209 virtutem
2661 5169 2769 5209 non
2803 5156 3145 5227 probiberem
3166 5199 3181 5225 ,
3211 5159 3307 5214 sed
3333 5168 3388 5214 et
3412 5159 3481 5214 ad
3515 5150 3571 5215 id

1999 5245 2309 5312 provocabo
2335 5261 2351 5311 ;
2382 5251 2435 5297 te
2467 5251 2647 5298 autem
2673 5244 2743 5298 ab
2771 5246 2894 5301 aliis
2920 5246 3140 5302 laudato
3158 5264 3236 5314 ne
3261 5248 3568 5308 extollaris.

1997 5348 2133 5391 neve
2162 5342 2363 5389 temere
2389 5350 2499 5405 prae
2524 5335 2776 5391 laudibus
2802 5345 3076 5393 tumescas
3098 5339 3321 5394 suadeo.
3347 5337 3571 5393 Timen-

1998 5426 2124 5480 dum
2178 5427 2325 5483 enim
2376 5427 2677 5497 meritoque
2728 5427 3023 5483 verendum
3075 5436 3160 5483 est
3204 5444 3274 5482 ne
3317 5427 3571 5491 laudibus

2003 5517 2297 5574 celebratis
2330 5520 2509 5573 minor
2541 5521 2794 5589 arguaris
2821 5539 2835 5587 ;
2870 5519 2963 5576 sed
2993 5527 3049 5573 et
3073 5517 3141 5571 ad
3167 5518 3398 5572 aliorum
3429 5534 3571 5588 pra:-

1999 5610 2216 5664 coninm
2243 5627 2350 5667 non
2377 5610 2591 5667 facilem
2618 5626 2718 5666 nec
2748 5618 3056 5681 promptum
3085 5624 3205 5664 esse
3229 5624 3410 5671 sermo
3441 5626 3569 5665 san-

1999 5703 2069 5759 cti
2093 5702 2286 5773 jndicii
2313 5710 2365 5759 te
2392 5703 2697 5774 praescribit
2724 5720 2737 5758 :
2765 5700 3221 5774 quemadmodmn
3251 5704 3396 5757 enim
3426 5703 3569 5760 aesti-

3175 5798 3253 5856 ‘26

3544 5886 3597 5925 ἶ
