4030 6232
468 262 567 317 8H

467 370 676 418 rnatum
717 366 770 415 te
807 356 1000 411 timere
1033 360 1251 424 oportet
1290 370 1356 410 ne
1390 353 1649 411 laudibus
1689 352 1949 426 indiguus
1988 362 2041 410 et

467 458 637 530 gloria
670 455 941 516 videaris,
976 453 1058 509 sic
1091 461 1146 508 et
1184 458 1241 505 tu
1277 448 1509 506 laudans
1542 449 1709 504 alium
1743 463 1814 506 ne
1850 449 2041 517 copio-

466 549 586 604 sius
624 554 678 602 et
718 545 1014 607 libentius,
1054 542 1379 612 priusquam
1424 539 1760 610 experientia
1789 544 2043 603 constet,

468 653 536 693 ne
569 634 875 693 studiosius
908 634 963 688 in
1014 631 1207 688 laudes
1246 630 1597 694 immoreris,
1641 643 1713 684 ne
1753 626 1895 683 forte
1939 627 2045 683 isto

469 729 777 802 iniquitatis
820 726 1073 797 operario
1125 722 1390 795 temporis
1439 723 1496 777 in
1550 720 1838 777 intervallo
1877 733 2046 790 appa-

403 824 417 837 ‘
469 833 623 878 rente
645 864 659 888 ,
691 820 949 876 ruborem
981 816 1076 871 tibi
1102 816 1350 886 inﬂigas,
1386 812 1544 884 quasi
1570 825 1854 885 perperam
1873 849 1895 879 ,
1924 823 2046 880 qua

467 932 577 979 non
603 928 865 978 noveras,
896 918 1125 966 testans.

530 1087 624 1140 itii
662 1084 899 1138 Praestat
928 1080 1067 1134 male
1087 1078 1275 1133 audire
1295 1091 1455 1147 quam
1484 1074 1621 1128 male
1646 1072 1838 1127 dicere.

534 1176 708 1245 Magis
736 1171 956 1243 expedit
988 1170 1130 1225 mala
1165 1168 1358 1224 audire
1382 1208 1398 1235 ,
1429 1166 1505 1221 ait
1536 1175 1799 1230 sanctus,
1832 1169 1887 1218 et
1913 1176 2046 1216 con-

350 1288 353 1289 '
465 1265 709 1321 tumeliis
737 1261 876 1317 allici
907 1268 961 1315 et
991 1259 1270 1330 objurgari
1303 1256 1811 1312 tolerabilissimum
1860 1252 2044 1323 potius

465 1370 632 1425 quam
668 1354 793 1407 aliis
833 1352 948 1406 haec
988 1349 1157 1419 indigi
1192 1364 1221 1402 a
1256 1348 1434 1403 nobis.
1475 1345 1635 1401 Cur?
1673 1346 1835 1415 quia,
1874 1344 1921 1399 si
1964 1349 2047 1398 te-

466 1463 613 1501 mere
642 1460 869 1516 prorsus
906 1451 961 1497 et
986 1442 1193 1496 frustra
1233 1446 1457 1509 propter
1494 1437 1753 1491 virtutem
1792 1442 1845 1490 et
1878 1433 2049 1504 picta-

465 1548 575 1594 tem
599 1552 724 1592 cum
750 1534 934 1605 impiis
957 1530 1300 1588 ealumniose
1323 1529 1485 1585 nobis
1516 1542 1643 1599 pars
1671 1527 1852 1590 datur,
1883 1520 2050 1578 beati-

465 1628 717 1683 tudinum
770 1623 1177 1681 Dominicarum
1227 1627 1283 1675 et
1336 1618 1646 1674 caelestium
1697 1615 2048 1687 praemiorum

465 1719 615 1792 digni
648 1718 949 1781 habemur;
982 1715 1029 1769 si
1061 1720 1240 1767 autem
1273 1710 1599 1765 cadentibus
1644 1707 1840 1762 merito
1882 1704 2049 1759 nobis

467 1811 535 1865 de
564 1810 655 1865 his
682 1822 806 1879 quas
835 1805 1069 1860 facimus
1100 1801 1483 1858 conviciantur
1512 1798 1766 1853 homines
1786 1836 1800 1861 ,
1834 1796 1914 1852 sic
1944 1807 2050 1848 no-

468 1903 557 1957 bis
586 1905 817 1971 prosunt
846 1894 1116 1950 dedecora
1137 1934 1151 1957 ,
1184 1908 1281 1962 per
1305 1890 1550 1946 convicia
1585 1887 1786 1942 ablutis
1814 1896 1868 1941 et
1894 1886 2047 1939 lava-

467 1995 563 2048 tis.
596 1991 737 2045 Male
767 2003 895 2043 vero
929 1987 1218 2055 loquentes
1260 1990 1316 2037 et
1364 1983 1671 2053 proximum
1712 1978 1932 2049 injuriis
1965 1980 2047 2032 la-

467 2089 788 2147 cessentes,
828 2080 876 2136 si
912 2078 1116 2133 invidia
1149 2082 1244 2130 aut
1282 2074 1409 2129 odio
1447 2074 1707 2127 virtutem
1746 2072 2045 2127 colentium

465 2178 798 2237 laboramus,
826 2169 1175 2226 miserabiles
1199 2174 1254 2223 et
1283 2165 1558 2230 damnati,
1588 2164 1745 2235 quasi
1780 2163 2045 2234 quosdam

465 2284 498 2323 ο
521 2265 766 2321 minimis
802 2263 853 2317 in
884 2260 1070 2317 lesqu
1105 2257 1456 2314 credentibus
1487 2256 1928 2336 scandalizantes
1952 2253 2045 2323 ju-

466 2359 773 2414 dicabimur
801 2372 821 2422 ;
851 2352 999 2425 quod
1035 2351 1082 2407 si
1123 2365 1287 2422 prave
1328 2357 1553 2420 agentes
1594 2348 1793 2403 merito
1825 2347 2046 2417 vitupe-

470 2462 656 2503 ramus
677 2453 730 2501 et
753 2445 904 2516 juste
935 2441 1321 2513 redarguimus
1339 2481 1353 2507 ,
1383 2439 1508 2496 linis
1534 2438 1850 2495 omnimodo
1872 2452 1903 2491 a
1934 2436 2049 2492 Deo

468 2539 848 2609 redarguetur.
902 2533 1219 2605 Siquidem,
1270 2539 1334 2587 ut
1381 2532 1506 2587 istis
1557 2545 1655 2603 per
1702 2528 2044 2601 objurgatio-

466 2647 592 2692 ncm
619 2628 982 2685 correctionis
1004 2626 1319 2699 dederimus
1339 2631 1395 2680 et
1416 2622 1857 2694 compunetionis
1878 2621 2047 2685 viam,

464 2729 521 2776 et
555 2720 624 2775 iis
660 2720 755 2792 qui
791 2718 935 2789 apud
966 2731 1067 2772 nos
1100 2724 1231 2771 sunt
1271 2713 1757 2770 intercluderimus
1789 2710 1918 2766 mali
1959 2723 2047 2766 so-

465 2813 721 2868 cietatem
772 2821 828 2867 et
875 2809 1356 2882 participationem
1412 2822 1538 2863 cum
1589 2806 1750 2871 istis,
1803 2805 2045 2874 irrepre-

467 2903 772 2959 liensibiles
822 2904 1032 2972 absque
1079 2898 1538 2954 condemnatione
1580 2896 1732 2951 omni
1773 2894 2049 2965 iudicabi-

466 3009 619 3061 mur;
652 2995 745 3049 sin
770 3001 965 3048 contra
987 3032 1005 3058 ,
1036 3000 1095 3044 ut
1125 2990 1300 3044 zelum
1333 3002 1581 3043 amarum
1614 2995 1669 3042 et
1700 2985 1887 3041 odium
1916 2986 2045 3040 abs-

466 3102 573 3155 que
608 3084 819 3154 judieio
873 3097 1191 3152 sequamur,
1244 3079 1386 3133 male
1421 3078 1719 3147 loquimur,
1766 3076 2045 3147 quomodo

468 3174 866 3231 maledicentia
904 3181 998 3226 aut
1030 3169 1453 3226 insimulationis
1485 3169 1719 3239 proximi
1752 3168 2045 3224 vitabimus

464 3261 920 3321 accusationem?
944 3258 1087 3327 Quid
1118 3274 1248 3329 ergo
1284 3255 1632 3314 faciendum?
1658 3255 1889 3322 Quando
1924 3254 2044 3325 qui-

465 3356 627 3418 dam,
678 3353 894 3424 inquit,
949 3352 1004 3406 in
1039 3351 1277 3406 medium
1330 3348 1538 3420 profert
1596 3348 1931 3403 mentionem
1977 3347 2045 3403 de

463 3447 713 3518 proximo
740 3445 812 3500 ad
829 3439 1269 3515 exprobrandum
1294 3448 1349 3496 et
1371 3438 1832 3506 maledicendum,
1860 3439 2045 3510 prius-

464 3550 640 3607 quam
660 3549 849 3589 aurem
884 3532 1051 3588 saties
1084 3537 1138 3585 et
1171 3529 1420 3583 muleeas
1460 3535 1646 3591 tuam,
1680 3533 1814 3580 tunc
1850 3536 1903 3580 tu
1936 3526 2045 3582 fra-

465 3627 569 3682 tris
597 3625 796 3681 faciem
826 3635 1085 3692 tanquam
1120 3620 1353 3690 leipsum
1383 3619 1451 3674 ad
1481 3619 1790 3673 aculeatum
1820 3618 2042 3673 verbum

464 3716 764 3773 obnoxium
811 3714 1074 3784 opinans,
1120 3718 1174 3765 et
1218 3710 1317 3764 tibi
1370 3710 1474 3780 ipsi
1518 3718 1572 3765 et
1616 3709 1695 3765 illi
1745 3708 1954 3766 servies
1995 3707 2042 3762 si

468 3822 778 3867 sermonem
812 3802 1173 3861 obtrectantis
1201 3815 1356 3872 aeque
1385 3799 1556 3857 feras.

466 3900 571 3959 105
616 3899 875 3966 Prospere
905 3895 1160 3963 navigant
1184 3932 1199 3960 ,
1236 3908 1300 3947 ne
1327 3892 1570 3966 glorieris
1606 3901 1883 3966 antequam
1910 3907 2041 3966 pore

1546 3960 1681 4032 [tum
1712 3962 1970 4030 attigeris.

535 4056 1005 4128 Quemadmodum
1043 4054 1274 4110 feliciter
1308 4068 1459 4109 mare
1486 4051 1794 4123 naviganti,
1831 4052 1955 4106 licet
1988 4050 2042 4106 in

467 4156 700 4227 trajectu
728 4160 877 4209 recte
908 4151 1179 4219 dirigatur
1206 4148 1382 4210 navis,
1411 4153 1598 4216 utpote
1624 4144 1837 4200 incerto
1856 4144 2005 4200 exitu
2025 4183 2040 4209 ,

466 4264 575 4303 non
615 4254 791 4301 tutum
818 4251 925 4315 gest
969 4240 1229 4314 gloriari,
1264 4248 1317 4295 et
1348 4246 1474 4293 ante
1515 4238 1872 4294 retinaculum
1894 4278 1908 4303 ,
1944 4254 2045 4292 ru-

465 4342 681 4394 dentem
710 4336 833 4391 dico
859 4333 1052 4405 quoad
1086 4340 1302 4404 portum
1334 4330 1594 4401 religatur
1617 4330 1773 4385 navis
1792 4369 1807 4395 ,
1832 4330 2044 4401 magni-

468 4433 569 4485 ttce
599 4428 747 4498 loqui
790 4442 898 4481 non
932 4432 1182 4496 oportet,
1217 4424 1297 4478 sic
1342 4437 1443 4478 nec
1482 4422 1703 4478 divitem
1742 4422 2040 4478 secundum

467 4536 726 4586 carnem,
760 4518 1074 4573 divitiarum
1118 4513 1392 4570 conlidere
1433 4530 1543 4569 non
1597 4513 1815 4585 expedit
1857 4514 1912 4568 in
1962 4514 2045 4567 in-

465 4624 617 4670 certo
639 4653 655 4679 ,
686 4612 1096 4668 obliviscentem
1131 4622 1254 4662 eum
1283 4606 1376 4677 qui
1409 4606 1541 4660 dicit
1569 4624 1581 4660 :
1616 4605 1800 4659 Finem
1834 4603 2046 4673 inspice

467 4708 643 4777 longa:
670 4705 826 4770 vitm;
866 4705 947 4759 sic
981 4715 1081 4757 nec
1111 4715 1237 4755 eum
1266 4698 1361 4771 qui
1394 4697 1690 4753 virtutibus
1733 4695 1872 4750 bene
1914 4710 2043 4764 pro-

468 4799 579 4853 ﬁcit
606 4806 665 4853 et
697 4794 1124 4853 charismatibus
1161 4791 1547 4864 spiritualibus
1578 4790 1716 4844 bene
1754 4786 1957 4843 incedit
1988 4798 2043 4841 et

466 4887 644 4941 valide
671 4885 1205 4954 crescit,antequam
1255 4882 1498 4952 requiem
1550 4889 1749 4950 portus
1795 4879 2041 4936 caelestis

468 4977 742 5047 attigerit,
780 4975 1054 5046 grandiori
1085 4972 1215 5030 voce
1250 4973 1328 5028 uti
1368 4986 1477 5027 non
1517 4970 1694 5025 decet.
1737 4967 2041 5023 Multorum

466 5068 613 5122 extim
650 5082 745 5137 per
771 5066 967 5122 ﬂuetus
1001 5075 1055 5122 et
1089 5072 1439 5137 tempestates
1470 5063 1641 5118 maris
1666 5062 2002 5118 salvatorum
2026 5102 2039 5127 ,

467 5176 592 5215 cum
628 5160 693 5215 ad
724 5168 912 5230 portus
939 5159 1476 5230 appropinquarent,
1512 5155 1704 5210 subito
1730 5155 1785 5210 in
1816 5153 2041 5225 profun-

466 5249 597 5305 dum
624 5249 907 5305 submersa
941 5256 1026 5304 est
1054 5247 1247 5314 navis;
1275 5254 1331 5302 et
1366 5244 1522 5299 multi
1555 5245 1609 5298 in
1646 5244 2041 5313 irreprehensi-

467 5339 672 5394 bilibus
707 5340 955 5395 maribus
989 5337 1151 5407 digne
1177 5337 1447 5391 luctantes
1476 5344 1570 5388 aut
1609 5332 1891 5389 exercitati
1938 5333 2039 5389 visi

464 5439 612 5495 sunt,
639 5432 733 5502 qui
763 5431 1054 5486 occasione
1081 5426 1313 5497 quadam
1341 5425 1447 5482 levi
1478 5435 1531 5481 et
1553 5424 1673 5479 visu
1699 5422 1844 5478 facili
1877 5439 2041 5495 expo-

472 5522 881 5592 siti‘perielitati
909 5527 1037 5575 sunt
1059 5528 1111 5574 et
1139 5534 1166 5572 a
1196 5517 1527 5575 beatitudine
1557 5530 1790 5587 superna
1822 5515 2038 5574 deiece-

536 5676 554 5739 ί
564 5675 613 5737 ἰ)
652 5676 787 5733 Cod,
828 5679 1216 5744 ἀναφάναντος.

1808 238 2105 298 ΝΙΟΕΤΑΒ
2142 238 2351 297 DAVID

3618 239 3727 297 812

2149 356 2301 428 ἱερᾶς
2328 354 2651 426 διακρίσεως
2682 351 2837 423 λόγος
2870 352 3108 408 ἀπαιτεῖ.
3152 352 3241 416 Ὧς
3270 352 3378 424 γάρ
3411 352 3469 407 οὲ
3501 351 3726 420 δοξαζό-

2150 464 2310 519 μενον
2348 446 2630 516 φοϐεῖσθαι
2668 446 2794 516 χρὴ,
2834 444 2909 517 μὴ
2952 444 3061 497 τῶν
3091 443 3329 498 ἐπαίνων
3372 443 3588 510 ἀνάξιος
3626 449 3727 500 καὶ

2145 538 2248 608 τῆς
2274 537 2429 609 δόξης
2451 537 2621 608 ὀφθῇς
2642 554 2656 567 ·
2686 537 2829 590 οὕτω
2859 538 2951 590 καὶ
2986 537 3050 590 σὺ
3071 532 3433 604 ἐγκωμιάζων
3458 536 3617 590 ἄλλον
3647 538 3725 607 μὴ

2146 627 2611 699 ἀπληροφορήτως
2658 628 2754 680 καὶ
2797 626 3124 698 προχείρως,
3174 627 3307 697 πρὶν
3349 625 3383 695 ἢ
3435 629 3503 698 τῇ
3556 627 3729 699 πείρᾳ

2146 718 2424 789 διαγνοίης
2445 717 2851 789 ἀκριϐέστερον,
2883 720 2962 780 είς
2987 719 3111 781 τοὺς
3141 718 3397 780 ἐπαίνους
3424 722 3725 789 καταστῇς,

2150 812 2346 883 μήπως
2378 810 2571 863 τούτου
2618 808 2818 872 κακίας
2854 808 3088 880 ἐργάτου
3130 808 3220 862 διὰ
3245 808 3338 861 τοῦ
3366 809 3561 881 χρόνου
3596 811 3733 865 ἀνα-

2148 903 2409 974 φανέντος
2436 903 2537 974 (Ι),
2574 901 2837 974 αἰσχύνην
2870 900 3032 966 αὐτός
3052 901 3313 973 όφλήσῃς,
3342 902 3419 966 ὡς
3459 902 3726 974 ἀκαίρως,

2147 996 2185 1050 ἀ
2216 996 2315 1049 οὐκ
2340 996 2509 1066 ᾔδεις,
2544 993 2856 1066 μαρτυρῶν.

2153 1086 2244 1142 iOI
2294 1083 2502 1150 Κακῶς
2544 1084 2791 1138 ἀκούειν
2834 1081 3124 1152 κρεῖσσον
3168 1081 3209 1151 ἢ
3250 1082 3454 1152 λέγειν
3507 1081 3729 1148 κακῶς.

2219 1174 2503 1228 Λυσιτελεῖ
2551 1172 2749 1245 μᾶλλον
2784 1171 2970 1237 κακῶς
3001 1173 3246 1240 ἀκούειν,
3278 1171 3430 1228 εἶπεν
3475 1176 3504 1228 ό
3548 1175 3731 1244 ἅγιος,

2150 1266 2245 1320 καὶ
2270 1265 2627 1337 λοιδορεῖσθαι
2654 1264 2748 1319 καὶ
2777 1266 3261 1336 μωμοσκοπεῖσθαι
3301 1269 3733 1339 συμφορώτατον

2150 1354 2186 1427 ἢ
2223 1355 2403 1419 ἄλλοις
2426 1354 2581 1409 ταῦτ’
2612 1355 3015 1426 ἐπηρεάζεσθαι
3044 1355 3181 1428 πρὸς
3212 1357 3392 1429 ἡμῶν.
3425 1358 3585 1422 Τίνος
3613 1360 3735 1412 ἓνε-

2151 1464 2286 1513 κεν;
2338 1449 2481 1513 Ὅτι,
2511 1448 2559 1500 εί
2594 1446 2692 1517 μὲν
2728 1447 2851 1518 είκῆ
2883 1448 3056 1517 πάντη
3094 1449 3186 1501 καὶ
3218 1448 3394 1519 μάτην
3433 1450 3503 1502 δι’
3526 1450 3733 1522 ἀρετὴν

2151 1539 2185 1610 ἦ
2241 1538 2523 1593 εὐσέϐειαν
2566 1542 2680 1602 τοῖς
2735 1539 2988 1594 ἀσεϐέσιν
3044 1539 3557 1611 ὲνδιαϐαλλοίμεθα,
3619 1542 3735 1596 τῶν

2151 1629 2499 1683 Δεσποτικῶν
2528 1630 2743 1693 πάντως
2778 1630 3143 1702 μακαρισμῶν
3186 1633 3278 1686 καὶ
3316 1634 3424 1687 τῶν
3461 1635 3734 1704 οὐρανίων

2155 1718 2363 1789 μισθῶν
2400 1718 2835 1790 καταξιούμεθα·
2889 1722 2936 1773 εί
2981 1721 3039 1774 δὲ
3084 1723 3390 1786 πταίοντες,
3438 1724 3605 1790 ἀξίως
3654 1719 3732 1781 ὧν

2152 1811 2464 1881 πράττομεν
2500 1810 2575 1881 (‘2)
2605 1810 2993 1882 ὀνειδιζόμεθα,
3022 1814 3114 1867 καὶ
3148 1812 3319 1878 οὕτως
3346 1814 3731 1888 ὠφελούμεθα,

2148 1900 2214 1953 τά
2256 1902 2417 1972 αῐσχη
2465 1904 2582 1966 ταῖς
2616 1902 2839 1975 ὕϐρεσιν
2874 1905 3289 1976 ἀποσμήχοντες
3322 1905 3416 1959 καὶ
3458 1907 3735 1979 πλυνόμεσ

2149 2006 2250 2045 νοι.
2282 1991 2483 2056 Κακῶς
2526 1992 2582 2046 δὲ
2624 1993 2873 2061 λέγοντες
2912 1994 3009 2048 καὶ
3039 1998 3152 2058 τοῖς
3180 1995 3347 2060 πέλας
3380 1996 3736 2069 διαλοιδορούο

2153 2099 2323 2153 μενοι,
2357 2085 2405 2136 εί
2453 2084 2553 2155 μὲν
2594 2084 2915 2154 φθονοῦντες
2978 2087 3011 2158 ἢ
3052 2087 3334 2157 μισοῦντες
3381 2088 3490 2143 τῶν
3528 2108 3733 2161 κατορ-

2149 2170 2384 2225 θούντων
2414 2174 2514 2245 τὴν
2542 2174 2766 2246 ἀρετὴν,
2789 2176 2961 2231 ἄθλιοι
2990 2178 3086 2231 καὶ
3113 2179 3453 2250 κατάκριτοι,
3483 2182 3557 2244 ὥς
3577 2198 3739 2246 τινας

2147 2261 2257 2317 τῶν
2292 2262 2505 2334 μικρῶν
2530 2264 2637 2318 τῶν
2682 2266 2856 2336 Ἰησοῦ
2891 2268 3256 2323 πιστευόντων
3285 2272 3731 2338 σκανδαλίζοντες

2149 2352 2523 2425 κριθησόμεθα
2546 2370 2561 2385 ⁶
2607 2356 2656 2409 εί
2698 2356 2759 2410 δὲ
2786 2358 3293 2429 κακοπραγοῦντας,
3326 2361 3493 2428 ἀξίως
3535 2362 3730 2427 αὐτοὺς

2147 2444 2407 2516 ψέγομεν,
2435 2447 2529 2500 καὶ
2555 2447 2779 2512 δικαίως
2816 2450 3266 2522 ὲπιμεμφόμεθα,
3307 2456 3336 2506 ό
3365 2455 3568 2519 σκοπὸς
3596 2456 3731 2509 πάν-

2146 2552 2256 2599 τως
2282 2536 2386 2589 ύπδ
2412 2537 2503 2591 τοῦ
2542 2537 2677 2593 Θεοῦ
2706 2539 3164 2613 διελεγχθήσεται.
3198 2544 3260 2598 Εί
3292 2544 3401 2614 μὲν
3424 2544 3558 2599 ὥστ’
3584 2548 3730 2601 ὲκεί-

2148 2643 2261 2691 νοις
2312 2628 2410 2698 μὲν
2455 2628 2543 2683 διὰ
2584 2629 2695 2683 τῶν
2751 2630 2990 2702 ἐλέγχων
3031 2632 3367 2704 διορθώσεως
3407 2635 3591 2689 δοῦναι
3636 2640 3731 2691 καὶ

2152 2719 2441 2789 μετανοίας
2462 2720 2601 2786 ὁδὸν,
2631 2724 2746 2785 τοῖς
2768 2724 2889 2793 μεθ’
2914 2724 3070 2794 ήμῶν
3105 2725 3160 2778 δὲ
3195 2726 3294 2796 τὴν
3322 2726 3459 2797 πρὸς
3488 2729 3731 2793 ἐκείνους

2148 2808 2427 2863 ἐκκλεῖσαι
2469 2810 2752 2865 κοινωνίαν
2785 2813 2878 2867 τοῦ
2911 2814 3106 2878 κακοῦ,
3138 2816 3423 2870 ἀνεύθυνοι
3456 2818 3631 2882 οὕτως
3660 2819 3728 2872 ἄν

2148 2898 2245 2951 καὶ
2270 2899 2549 2970 ἄμεμπτοι
2583 2900 2933 2973 κριθείημενο
2985 2906 3035 2958 εί
3082 2904 3149 2973 δ’,
3210 2906 3296 2959 ἵνα
3326 2907 3496 2978 θυμὸν
3534 2907 3733 2976 ἄλογον

2150 2990 2245 3042 καὶ
2272 2993 2427 3061 μῖσος
2452 2991 2876 3065 θεραπεύσαιμεν
2896 2997 3136 3067 ἀκριτον,
3159 2997 3589 3069 κακολογοῦμεν,
3611 3000 3729 3061 mi);

2151 3078 2217 3133 ἂν
2247 3078 2345 3150 τὴν
2379 3081 2479 3151 τῆς
2527 3084 2854 3150 καταλαλιάς
2885 3087 2917 3157 ἢ
2968 3086 3059 3140 τοῦ
3092 3088 3319 3158 πλησίον
3349 3090 3730 3159 κατακρίσεως

2148 3167 2536 3241 διαδράσαιμεν
2562 3172 2659 3245 τὴν
2700 3173 2941 3243 ἐλεγξιν;
2984 3176 3048 3229 Τί
3092 3172 3185 3231 οὖν
3221 3178 3505 3250 ποιητέον;
3557 3180 3735 3232 Ὅταν

2148 3276 2253 3325 τις.
2284 3264 2438 3334 φησὶ,
2487 3265 2736 3339 προϐάλῃ
2774 3266 2896 3321 τινὰ
2947 3268 3057 3321 τῶν
3086 3269 3312 3340 πλησίον
3349 3271 3430 3333 είς
3470 3270 3531 3321 τὸ
3566 3286 3732 3340 κωμ-

2145 3353 2351 3426 ῳδῆσαι
2384 3356 2480 3409 κα)⁵
2516 3356 3016 3431 διαλοιδορήσασθαι
3070 3361 3208 3433 πρὸς
3235 3362 3294 3414 τὸ
3339 3361 3584 3415 ἑστιᾶσαι
3625 3364 3734 3417 καὶ

2146 3445 2443 3516 καθηδῦναί
2469 3465 2563 3503 σου
2609 3449 2705 3521 τὴν
2743 3450 2931 3523 ἀκοὴν,
2982 3450 3102 3505 τότε
3142 3453 3207 3507 σὺ
3257 3452 3315 3506 τὸ
3343 3451 3435 3505 τοῦ
3484 3452 3729 3523 ἀδελφοῦ

2147 3532 2436 3604 πρόσωπον
2469 3538 2544 3602 ὠς
2572 3538 2797 3593 σεαυτὸν
2828 3541 2909 3604 είς
2945 3542 3240 3613 κωμῳδίαν
3265 3543 3582 3613 ἐκκείμενον
3610 3544 3730 3599 δια-

2146 3625 2455 3697 νοούμενος,
2487 3630 2584 3683 καὶ
2614 3631 2844 3686 σεαυτὸν
2874 3634 3127 3689 κάκεῖνον
3157 3635 3484 3707 ὠφελήσεις,
3517 3636 3596 3708 τῷ
3626 3636 3731 3707 τῆς

2145 3715 2412 3789 λοιδορίας
2436 3720 2771 3793 δυσχεράνας
2799 3723 2961 3795 λόγῳ.

2148 3894 2250 3949 105
2281 3896 2489 3965 Μηδὲν
2501 3898 2634 3970 μέγ’
2651 3901 2827 3970 εἴπῃς
2849 3904 3132 3958 εὐπλοῶν
3154 3905 3267 3974 πρὸ
3288 3908 3641 3977 πείσματος.

2218 4052 2429 4123 Ὠσπερ
2458 4053 2536 4124 τῷ
2570 4054 2884 4113 εύπλοοῦντι
2916 4059 3055 4114 κατὰ
3079 4060 3373 4129 θάλασσαν,
3393 4066 3442 4118 εί
3463 4066 3556 4119 καὶ
3584 4067 3729 4121 κατά

2146 4141 2274 4212 ῥοῦν
2305 4143 2453 4215 αύτῷ
2499 4145 2880 4202 κατευθύνοιτο
2918 4151 2952 4220 ἡ
2994 4151 3148 4219 ναῦς,
3189 4154 3385 4225 ἀδήλου
3414 4156 3508 4209 τοῦ
3537 4157 3726 4221 τέλους

2144 4230 2316 4297 ὄντος,
2364 4234 2465 4287 ούκ
2510 4234 2752 4304 ἀσφαλὲς
2799 4238 2861 4292 τὸ
2908 4240 3288 4312 μεγαλαυχεῖν,
3333 4244 3429 4297 καὶ
3474 4245 3581 4316 πρὸ
3628 4246 3729 4300 τοῦ

2149 4322 2469 4391 πείσματος,
2502 4324 2594 4378 τοῦ
2626 4327 2861 4397 σχοινίου
2883 4330 3026 4400 φημὶ
3051 4331 3115 4402 δὴ
3141 4331 3233 4385 τοῦ
3260 4333 3394 4403 πρὸς
3417 4333 3509 4386 τὸν
3528 4334 3729 4404 λιμένα

2147 4413 2207 4467 τὸ
2235 4415 2439 4484 σκάφος
2470 4418 2946 4491 προσορμίζοντος,
2975 4425 3472 4496 μεγαλορῤημονεῖν
3495 4427 3558 4479 ού
3579 4428 3689 4498 χρή
3709 4446 3725 4460 ο

2144 4505 2316 4569 οὕτως
2367 4507 2488 4561 οὐδὲ
2545 4510 2635 4563 τὸν
2694 4511 3026 4567 πλουτοῦντα
3072 4515 3213 4570 κατὰ
3260 4516 3458 4589 σάρκα,
3514 4522 3583 4590 τῇ
3627 4518 3727 4573 τοῦ

2146 4595 2381 4650 πλούτου
2410 4597 2492 4652 δεῖ
2522 4600 2840 4655 πεποιθέναι
2878 4604 3184 4677 ἀδηλότητι,
3236 4608 3727 4679 ἐπιλανθανόμενον

2143 4688 2237 4742 τοῦ
2277 4689 2557 4759 λέγοντος’
2589 4692 2754 4755 Τέλος
2795 4694 2896 4765 ὅρα
2942 4697 3154 4767 μακροῦ
3201 4697 3352 4767 βίου’
3398 4698 3573 4763 οὕτως
3599 4700 3735 4754 ούδδ

2143 4782 2234 4835 τὸν
2258 4783 2315 4835 ὲν
2341 4782 2562 4852 ἀρεταῖς
2592 4783 3007 4855 εὐθηνούμενον,
3036 4789 3130 4842 καὶ
3160 4789 3457 4859 χαρίσμασι
3484 4807 3733 4862 πνευμαρ

2143 4878 2314 4936 τικοῖς
2336 4874 2707 4946 εὐοδούμενον,
2738 4878 2831 4931 καὶ
2865 4878 3365 4953 άναθάλλονταρτρὸ
3392 4882 3490 4953 τῆς
3513 4885 3594 4947 είς
3630 4885 3729 4938 τὸν

2142 4969 2255 5024 ἄνω
2306 4969 2499 5040 λιμένα
2548 4972 2947 5037 καταπαύσεως
3004 4975 3533 5050 μεγαλορρημοσύνῃ
3580 4979 3725 5048 χρῆ-

2144 5058 2291 5115 σθαι.
2324 5059 2545 5124 Πολλοῖς
2571 5059 2678 5131 γὰρ
2723 5062 2791 5114 ὲκ
2814 5063 3107 5134 τρικυμίας
3141 5065 3234 5118 καὶ
3264 5066 3432 5136 ζάλης
3454 5067 3729 5122 διασεσω-

2144 5149 2363 5221 σμένοις
2386 5151 2477 5204 τοῦ
2508 5153 2796 5223 πελάγους,
2836 5154 2970 5226 πρὸς
3011 5156 3194 5219 αὐτοῖς
3227 5158 3480 5226 ἢγγικόσι
3503 5162 3617 5222 τοῖς
3644 5159 3727 5215 λιν

2146 5239 2322 5309 μέσιν,
2371 5241 2523 5310 ἄφνω
2568 5243 2765 5295 κατέδυ
2792 5242 2853 5296 τὸ
2882 5244 3090 5313 σκάφος
3129 5248 3207 5310 είς
3241 5246 3400 5316 βυθόν
3424 5264 3436 5279 ⁸
3471 5247 3569 5301 καὶ
3601 5250 3729 5305 πολ-

2142 5328 2253 5392 λοῖς
2298 5330 2354 5383 έν
2399 5332 2673 5403 ἀμέμπτῳ
2722 5333 2899 5388 δοκεῖν
2952 5336 3197 5408 πολιτείᾳ
3238 5338 3668 5410 ἀγωνιζομένοις
3694 5343 3730 5414 ἦ

2142 5420 2531 5491 ἀσκουμένοις,
2581 5423 2638 5489 ἐξ
2689 5426 2866 5488 αἰτίας
2910 5427 3055 5490 τινὸς
3097 5427 3338 5497 ἀφανοῦς
3384 5429 3416 5501 ἢ
3479 5436 3731 5505 φανεράς

2142 5513 2578 5587 προδεδομένοις,
2610 5517 2950 5572 κινδυνεῦσαι
2978 5522 3072 5575 καὶ
3101 5522 3199 5594 τῆς
3246 5523 3356 5578 ἄνω
3390 5527 3735 5598 μακαριότιγ

2216 5674 2290 5741 (ἓ)
2331 5674 2462 5729 Cod.
2499 5675 2662 5740 ἀξίως
2696 5676 2769 5730 ὣν
2805 5677 2999 5747 π’ρέιττ.
