4030 6232
280 312 386 370 8l3

279 445 369 494 τος
401 428 686 482 ἐκπεσεῖν·
735 427 1002 498 ἀσφάλεια
1043 429 1100 484 δὲ
1141 431 1442 506 ἑκατέροις,
1489 438 1600 498 τοῖς
1632 453 1692 489 τε
1749 437 1846 507 τὴν

275 513 545 587 αἰσθητὴν
580 515 803 587 ταυτηνὶ
833 515 1122 586 θάλασσαν,
1150 522 1264 584 τοῖς
1287 539 1346 574 τε
1380 522 1480 594 τὴν
1511 524 1709 594 νοητὴν
1740 523 1853 577 δια-

1265 316 1334 370 IN
1379 315 1684 372 CARMINA
1725 315 2004 374 ARCANA
2071 320 2130 374 S.
2208 321 2554 382 GREGORIL

3413 341 3514 397 εει

1956 445 2101 492 runt.
2146 437 2398 510 Utrisque
2436 449 2677 498 tutamen
2709 454 2792 501 est
2814 488 2827 512 ,
2865 454 2919 503 et
2954 449 3021 505 iis
3054 451 3146 521 qui
3179 453 3434 512 sensibile
3463 466 3519 514 et

1956 526 2025 581 iis
2051 528 2144 596 qui
2177 530 2462 598 spirituale
2499 539 2838 590 transmeant
2890 540 3267 603 marc,timere
3304 558 3522 616 semper

279 605 514 676 περῶσι,
561 605 681 676 μία,
727 606 790 659 τὸ
813 607 1112 695 δφοϐεῖσθαι
1155 611 1243 664 ἀεὶ
1277 612 1370 664 καὶ
1414 611 1697 684 προσέχειν
1738 616 1847 667 ἐαυ-

1955 626 2009 672 et
2036 618 2142 674 sibi
2180 619 2626 691 circumspicere,
2648 625 2844 680 exinde
2877 643 2974 681 nec
3005 605 3442 698 periclitantibus
3467 636 3520 691 in

277 704 414 764 τοῖς,
462 701 538 764 ὡς
591 701 729 770 μήτε
775 704 887 765 τοῖς
934 701 1076 755 κατά
1121 702 1300 774 σάρκα
1349 705 1712 759 κινδυνεύουσι
1753 707 1852 771 τὰς

281 791 451 861 τύχας
497 790 797 854 ὀνειδίζειν,
849 793 985 863 μήτε
1017 795 1130 856 τοῖς
1155 794 1296 848 κατά
1322 796 1547 866 Πνεῦμα
1580 796 1674 849 τοῦ
1717 796 1850 850 Θεοῦ

285 884 687 955 ἁμαρτάνουσιν
707 884 800 936 καὶ
821 883 1214 938 ἀποπίπτουσιν
1233 886 1668 956 ὲπιχαιρεκάκως
1691 888 1853 958 ἐπεμ-

282 975 492 1029 ϐαίνειν
537 989 598 1026 τε
646 973 742 1026 καὶ
783 973 1153 1044 κατακρίνειν,
1196 973 1332 1028 ἀλλά
1375 977 1496 1039 ταῖς
1545 975 1852 1046 δυστυχίαις

281 1065 391 1120 τῶν
425 1063 596 1128 πέλας
625 1063 718 1118 καὶ
751 1067 872 1129 ταῖς
908 1067 1214 1136 συμφοραῖς
1239 1065 1544 1138 τρέμοντας
1579 1067 1673 1121 καὶ
1698 1067 1850 1138 φρίσ-

283 1173 473 1216 σοντας
504 1155 729 1219 ἑαυτοὺς
755 1156 1272 1225 κατασφαλίζεσθαι.

285 1287 382 1343 109
421 1285 720 1356 Κρεῖσσον
751 1288 948 1355 καλῶς
973 1287 1249 1354 βιοῦντα,
1283 1308 1336 1346 κ.
1368 1306 1418 1345 τ,
1453 1291 1503 1346 λ.

351 1401 597 1452 Ἤκουσα
622 1400 802 1464 καλῶς
833 1400 1088 1472 βιούντων
1113 1403 1205 1455 καὶ
1230 1404 1394 1468 ἀξίως
1422 1405 1847 1478 πολιτευομένων

271 1490 412 1546 8εοῦ
447 1493 742 1563 προφητῶν
779 1493 874 1547 καὶ
901 1493 1108 1548 πολλῶν
1132 1495 1300 1564 ἁγίων
1337 1497 1478 1570 ὑπὲρ
1507 1515 1565 1552 τε
1592 1498 1692 1568 τῆς
1729 1499 1849 1552 ἑαυ-

276 1582 386 1637 τῶν
436 1584 711 1654 πτωχείας
750 1585 844 1638 καὶ
889 1585 1286 1658 ταλαιπωρίας,
1309 1589 1450 1661 ὺπέρ
1494 1607 1555 1643 τε
1601 1593 1701 1661 τῆς
1739 1591 1848 1644 τῶν

277 1674 523 1744 πενήτων
556 1673 1007 1739 καταδυναστείας
1056 1677 1149 1730 καὶ
1189 1677 1441 1748 θλίψεως,
1488 1674 1560 1752 ἦς
1606 1679 1710 1734 ὑπὸ
1739 1678 1848 1733 τῶν

273 1763 605 1818 ἀδικούντων
636 1764 833 1828 αὐτοὺς
878 1767 1227 1838 ὑπομένουσι,
1271 1770 1721 1841 διαπονουμένους
1767 1771 1846 1824 ὅτι

271 1854 531 1924 μάλιστα,
561 1857 654 1910 καὶ
677 1858 1201 1927 ἀποδυσπετοῦντας,
1232 1862 1442 1932 καὶτῆς
1469 1861 1848 1935 μακροθυμίας

271 1943 407 1995 Θεοῦ
458 1943 1002 2012 καταγογγύζοντας’
1058 1947 1279 2019 ἑώρακα
1324 1949 1381 2002 δὲ
1437 1950 1628 2014 ἄλλους
1683 1952 1868 2004 πᾶσιν-

272 2033 760 2104 ὲνευθηνουμένους
823 2035 915 2090 τοῦ
985 2037 1106 2107 βίου
1157 2039 1251 2092 καὶ
1312 2039 1848 2103 κατασπαταλῶντας

269 2125 514 2194 ἀγαθοῖς,
544 2126 696 2180 οὐδὲν
717 2127 771 2179 δὲ
792 2127 992 2199 ἀρετῆς
1017 2129 1049 2199 ἢ
1078 2130 1489 2202 εὐαρεστήσεως
1511 2130 1660 2195 ἀξιον
1687 2147 1848 2184 κατα-

271 2217 678 2288 πραττομένους
712 2217 804 2271 τοῦ
833 2218 990 2284 Θεοῦ,
1028 2219 1168 2293 πλὴν
1195 2223 1250 2274 ἐν
1280 2223 1442 2276 παντὶ
1472 2222 1845 2293 εὐχαριστοῦν-

268 2325 370 2372 τας
416 2309 511 2362 καὶ
554 2308 1076 2382 ὲξομολογουμένους
1119 2311 1198 2382 τῷ
1239 2313 1452 2384 Κυρίῳ,
1475 2314 1602 2367 ὅταν
1651 2313 1850 2382 ἀγαθύ-

268 2417 491 2453 νωνται.
538 2402 806 2472 Κρείσσον
853 2397 946 2456 οὖν
983 2404 1030 2474 (ό
1073 2403 1172 2474 τῆς
1207 2405 1532 2476 διακρίσεως
1580 2403 1851 2473 ἀπεφθέγ-

272 2491 401 2556 ξατο
422 2493 689 2565 φωστὴρ),
712 2494 888 2558 καλῶς
916 2494 1009 2549 καὶ
1034 2496 1386 2568 ἀγιοπρεπῶς
1413 2496 1846 2567 πολιτευόμενον,

270 2581 371 2634 καὶ
410 2581 510 2653 βίῳ
543 2583 761 2654 ἀμώμῳ
806 2585 1194 2655 πορευόμενον,
1231 2585 1423 2657 μικρόν
1449 2604 1500 2639 τι
1543 2585 1850 2658 παρρησιά-

269 2672 464 2736 ζεσθαι
503 2673 592 2726 διὰ
623 2675 721 2746 τὴν
754 2675 998 2748 πύρωσιν
1042 2676 1149 2729 τῶν
1184 2677 1436 2747 θλίψεων,
1473 2678 1568 2730 καὶ
1609 2676 1842 2748 μετρίως

269 2778 392 2824 πως
421 2762 512 2814 ἐπὶ
542 2765 652 2826 τοῖς
687 2765 916 2836 κρίμασι
945 2765 1038 2818 τοῦ
1074 2765 1207 2820 Θεοῦ
1233 2766 1628 2836 διαγογγύζειν,
1659 2765 1692 2836 ἦ
1729 2765 1842 2824 τοῖς

268 2849 459 2920 ἔργοις
487 2855 586 2922 τῆς
629 2853 898 2924 ἀκρασίας
933 2854 1027 2909 καὶ
1079 2854 1391 2920 πλεονεξίας
1429 2857 1521 2909 καὶ
1556 2852 1842 2922 ἀσελγείας

1951 718 2117 760 carne
2139 721 2302 763 casus
2333 711 2687 778 exprobrare,
2721 728 2821 769 nec
2851 716 3115 772 adversus
3138 718 3399 788 Spiritum
3429 725 3520 778 Dei

1951 799 2306 865 peccantibus
2352 808 2406 855 et
2440 801 3018 877 cadentibusimprobe
3055 809 3226 864 laetari
3262 821 3316 866 et
3346 813 3524 868 insul-

1952 892 2069 940 tare
2102 889 2492 958 accusatione;
2528 893 2623 947 sed
2655 893 2722 948 de
2761 895 3165 955 calamitatibus
3201 901 3435 970 proximi
3468 914 3523 958 et

1953 973 2274 1034 infortuniis
2309 988 2618 1038 metuentes
2643 995 2703 1039 et
2733 985 2992 1044 timentes
3023 1005 3122 1045 nos
3166 990 3219 1044 in
3256 999 3375 1047 tuto
3408 1001 3524 1048 sta-

1952 1069 2106 1120 tuere
2137 1077 2371 1137 oportet.

1953 1281 2053 1338 109
2093 1283 2326 1340 Praestat
2360 1286 2489 1343 bene
2527 1290 2791 1363 viventem,
2824 1309 2932 1357 etc.

2016 1395 2216 1451 Audivi
2259 1397 2396 1455 bene
2439 1401 2686 1460 viventes
2715 1414 2767 1459 et
2799 1405 2962 1477 digne
2993 1417 3219 1478 agentes
3251 1410 3345 1466 Dei
3391 1427 3520 1482 pro-

1947 1486 2141 1557 phetas
2174 1497 2228 1543 et
2257 1501 2480 1548 sanctos
2511 1495 2710 1552 multos
2741 1499 2808 1552 de
2836 1507 3152 1570 paupertate
3195 1510 3249 1557 et
3294 1505 3520 1560 miseria

1949 1578 2206 1648 prepria,
2251 1589 2306 1636 et
2350 1582 2417 1638 de
2468 1599 2768 1655 pauperum
2801 1591 3158 1659 oppressione
3193 1600 3250 1647 et
3285 1595 3517 1650 tribula-

1947 1671 2100 1725 tione
2127 1687 2250 1740 qute
2276 1673 2344 1727 ab
2379 1675 2601 1744 injustis
2636 1680 3103 1752 sustinent,quam
3139 1685 3373 1741 maxime
3407 1687 3518 1743 las-

1951 1770 2101 1817 satos
2130 1763 2330 1833 aagrius
2361 1763 2596 1823 ferentes
2628 1779 2683 1824 et
2715 1769 2782 1825 de
2806 1771 3215 1842 longanimitate
3252 1775 3345 1831 Dei
3374 1793 3522 1832 mur-

1952 1859 2254 1909 murantes.
2286 1854 2405 1910 Vidi
2430 1865 2487 1912 et
2515 1858 2654 1914 alios
2681 1860 2936 1916 omnibus
2961 1861 3017 1916 in
3040 1865 3150 1917 vita
3181 1864 3523 1923 abundantes

1949 1951 2006 1997 et
2031 1942 2190 2000 bonis
2220 1945 2515 2014 eﬂ‘ocatos,
2547 1949 2682 2004 nihil
2712 1966 2840 2007 vero
2870 1952 3072 2010 virtute
3096 1963 3151 2009 et
3178 1955 3522 2027 beneplacito

1952 2030 2046 2086 Dei
2075 2032 2301 2104 dignum
2339 2034 2743 2102 iacientes,nisi
2775 2041 2919 2110 quod
2951 2042 3008 2096 in
3038 2044 3189 2098 omni
3223 2060 3283 2099 re
3317 2049 3522 2117 gratias

1947 2133 2116 2193 agunt
2140 2135 2196 2180 et
2229 2126 2416 2183 laudes
2451 2126 2710 2189 Domino.
2757 2146 2881 2186 cum
2933 2135 3290 2190 cumulantur
3336 2137 3518 2194 bonis.

1948 2211 2140 2270 Melius
2171 2231 2301 2285 ergo
2320 2256 2337 2283 ,
2369 2215 2503 2272 dicit
2525 2218 2716 2288 judicii
2739 2223 2863 2289 lux,
2888 2224 3093 2294 optime
3121 2234 3176 2282 et
3199 2226 3361 2298 digne
3388 2244 3521 2285 sau-

1948 2304 2054 2359 ctis
2105 2305 2376 2363 viventem
2423 2318 2480 2365 et
2523 2311 3039 2382 irreprebensibiles
3079 2316 3199 2374 dies
3235 2318 3520 2390 degentem

1945 2399 2151 2449 temere
2197 2399 2481 2466 paululum
2529 2415 2823 2472 erumpere
2872 2413 3098 2474 propter
3143 2407 3518 2464 tribulationis

1942 2491 2138 2539 aestum
2164 2495 2223 2540 et
2249 2502 2372 2542 cum
2405 2489 2780 2548 moderatione
2819 2495 3056 2564 quadam
3082 2496 3150 2552 de
3180 2496 3273 2551 Dei
3296 2497 3520 2567 judiciis

1948 2588 2296 2633 murmurare
2315 2618 2330 2644 ,
2366 2593 2530 2649 quam
2558 2581 2818 2652 operibus
2847 2582 3283 2653 intemperantiae
3319 2592 3374 2640 et
3401 2601 3520 2640 am-

1949 2665 2174 2723 bitionis
2225 2677 2279 2725 et
2313 2669 2552 2728 lasciviae
2582 2674 2762 2731 omnis
2793 2675 3175 2733 incumbentes
3221 2686 3278 2733 et
3322 2693 3382 2734 se
3420 2677 3520 2733 de-

1949 2757 2250 2823 lectantes,
2302 2776 2495 2832 pinnas
2537 2765 2593 2818 in
2643 2765 2731 2820 die
2771 2766 2963 2836 judicii
2998 2767 3165 2834 dare,
3203 2768 3332 2825 licet
3382 2769 3521 2825 nibil

1949 2848 2324 2907 irrationabile
2353 2863 2610 2924 operatos
2643 2854 2816 2912 fuisse
2846 2857 3203 2913 arbitrentur.

268 2946 456 3016 πάσης
495 2945 850 3018 σχολάζοντας
899 2949 995 3004 καὶ
1037 2949 1325 3015 θάλλοντας
1347 2992 1362 3018 ,
1396 2951 1550 3015 δίκας
1583 2952 1640 3003 ὲν
1676 2946 1864 3020 ἡμέρᾳ⁵
1907 2942 2144 3013 κρίσεως
2173 2945 2556 3013 ἀποτιννύναι,
2587 2947 2638 3000 εί
2675 2949 2768 3002 καὶ
2798 2949 2962 3019 μηδὲν
3003 2950 3212 3018 ἀλόγως
3251 2951 3520 3022 νομίζοιεν

269 3036 622 3107 ἐργάζεσθαι.

270 3152 296 3204 1
315 3152 379 3206 15
416 3153 608 3220 Πρόου
637 3153 709 3208 τὰ
734 3155 1061 3225 πάντα,και
1097 3156 1244 3211 Θεὸν
1274 3155 1493 3223 κτῆσαι
1526 3157 1735 3224 μόνον.

343 3264 504 3333 Τρεῖς
531 3265 710 3330 τάξεις
737 3267 843 3321 τῶν
869 3268 962 3321 ἐπὶ
991 3267 1066 3338 τῷ
1093 3266 1388 3337 σωματικῷ
1413 3267 1625 3338 πλούτῳ
1653 3268 1744 3320 καὶ
1771 3269 1835 3338 τῇ

265 3352 384 3406 τῶν
416 3355 710 3426 χρημάτων
741 3357 1022 3428 οἰκονομίᾳ
1071 3357 1512 3427 δοκιμαζομένων
1556 3359 1584 3411 ό
1629 3357 1842 3427 θαυμάο

269 3461 393 3509 ςιος
438 3447 764 3502 ἐπιδείκνυσι
802 3449 842 3500 Γ
843 3448 1132 3520 ρηγόριοςο
1186 3447 1409 3519 πρώτην
1459 3449 1576 3518 μὲν,
1622 3450 1717 3502 καὶ
1753 3465 1842 3500 τε-

267 3535 447 3599 λείαν,
477 3537 569 3590 καὶ⁵
601 3539 826 3604 τελείοις
865 3540 1264 3610 προσήκουσαν,
1290 3539 1350 3592 τὸ
1376 3540 1554 3592 πάντα
1579 3539 1841 3609 προέσθαι

269 3629 372 3686 καὶ
420 3630 740 3700 προπέμψαι
789 3629 860 3683 τά
899 3631 1170 3702 προσόντα
1212 3629 1331 3700 Θεῷ
1361 3630 1450 3684 διά
1485 3630 1717 3702 Χριστὸν
1750 3631 1844 3684 καὶ

268 3723 373 3795 τὴν
406 3723 640 3794 ἐντολὴν,
671 3721 812 3775 ὥστε
858 3719 1046 3774 τοῦτον
1089 3720 1536 3792 κατακτήσασθαι
1576 3720 1672 3773 καὶ
1695 3719 1844 3789 αὐτῴ

271 3816 428 3888 μόνῳ
474 3813 727 3886 καθαρῶς
773 3811 907 3883 ζῇν·
950 3811 1202 3883 ἀλλότρια
1231 3812 1340 3882 γὰρ
1368 3811 1432 3865 τά
1479 3828 1540 3864 τε
1583 3812 1844 3882 χρήματα

268 3908 370 3962 καὶ
415 3909 690 3976 κτήματα,
738 3906 814 3969 ὡς
859 3903 1058 3969 ἔξωθεν
1108 3903 1264 3974 ἡμῶν
1306 3905 1399 3957 καὶ
1447 3903 1546 3973 οὐχ
1602 3902 1844 3973 ἡμέτερα

265 3995 424 4049 ὥσπε
433 4013 465 4066 ρ
496 3995 554 4048 τὸ
583 3994 762 4064 σῶμα,
797 3993 933 4047 ἀλλά
963 3993 1090 4065 περὶ
1119 3994 1269 4064 ἡμᾶς
1293 3993 1442 4056 ὄντα,
1472 3986 1548 4046 ὧν
1573 3993 1847 4062 οἰκονόμοι

268 4085 372 4139 καὶ
418 4083 670 4154 μερισταὶ
716 4081 1134 4153 καθεστήκαμεν
1180 4083 1369 4152 ἡμεῖς’
1421 4082 1703 4136 κάλλιστον
1750 4083 1848 4152 μὲν

266 4171 392 4239 οὖν,
447 4175 538 4227 καὶ
591 4173 1018 4242 θεοφιλέστατον,
1054 4173 1148 4225 καὶ
1188 4172 1410 4237 τέλειον,
1462 4172 1677 4225 ἅπαντα
1723 4191 1848 4243 προ-

266 4266 464 4327 δόντας
497 4263 689 4326 ταῦτα,
730 4263 876 4334 μόνῳ
901 4263 1148 4314 πλουτεῖν
1175 4261 1266 4315 καὶ
1290 4262 1715 4333 ἀπερισπάστως
1747 4259 1846 4332 ζῇν

269 4355 357 4424 τῷ
394 4355 532 4424 Θεῷ.
566 4353 805 4425 Δευτὲρα
823 4352 882 4406 δὲ
903 4335 1078 4416 τάξις,
1100 4351 1168 4404 τὰ
1195 4351 1363 4404 πλείω
1391 4351 1572 4404 δοῦναι
1605 4352 1699 4406 καὶ
1725 4351 1848 4404 καλ-

270 4445 396 4507 λίω,
449 4446 515 4497 τά
563 4445 770 4498 ἐλάττω
816 4444 873 4496 δὲ
921 4443 1016 4496 καὶ
1050 4443 1219 4513 χείρω
1251 4444 1370 4506 ταῖς
1409 4441 1603 4496 ἑαυτοῦ
1638 4441 1848 4512 χρείαις

272 4535 738 4607 προσπορίζεσθαι
785 4534 880 4587 καὶ
913 4533 1074 4592 τοῦτο
1135 4534 1456 4586 ὲπαινετόνο
1517 4534 1739 4597 εὐσεϐὲς
1785 4533 1842 4587 δὲ

270 4629 374 4683 καὶ
427 4623 588 4699 ἧττον
637 4625 1069 4696 φιλανθρώπινον
1121 4625 1225 4677 κάν
1273 4627 1386 4687 τοῖς
1443 4623 1848 4696 περιττεύουσιν

269 4715 537 4776 εὐσεόεξν,
571 4715 667 4767 καὶ
701 4713 800 4783 τὴν
831 4713 1176 4785 χρηστότητα
1210 4712 1364 4783 δρᾷν,
1401 4713 1494 4766 καὶ
1527 4712 1586 4766 τὸ
1625 4713 1851 4782 μεγαλό-

269 4807 448 4877 ψυχον
482 4805 693 4868 τούτοις
726 4803 1132 4859 ἐπιδείκνυσθαι
1155 4821 1170 4836 ο
1206 4801 1266 4857 τὺ
1290 4803 1346 4856 δὲ
1385 4804 1486 4857 κάν
1523 4806 1635 4866 τοῖς
1673 4818 1851 4872 περιτο

271 4899 390 4959 τοῖς
424 4895 680 4965 φειδωλὸν
713 4891 854 4948 εἶναι
884 4895 977 4946 καὶ
997 4894 1240 4963 γνίφωνα
1270 4893 1364 4946 καὶ
1401 4892 1754 4962 μικρόψυχον,
1775 4889 1850 4954 ὡς

271 4987 360 5050 εἰς
403 4985 604 5056 χρυσὸν
637 4985 780 5039 αὐτὰ
810 4984 1131 5056 διαμείϐειν,
1171 4984 1266 5036 καὶ
1312 4983 1735 5052 καταχωννύειν,
1776 4981 1851 5044 ὡς

270 5075 397 5128 λίαν
441 5075 658 5142 ἀσεϐὲς,
708 5075 804 5129 καὶ¹
847 5073 1288 5145 άπανθρώπινον,
1331 5075 1423 5128 καὶ
1459 5073 1618 5145 ἔργον
1645 5072 1852 5126 εἰδωλο-

269 5165 551 5236 λατρείας,
599 5165 743 5220 κατά
785 5166 876 5219 τὸν
914 5165 1266 5230 Ἀπόστολον,
1308 5165 1399 5217 καὶ
1435 5165 1536 5236 τῆς
1582 5163 1675 5218 τοῦ
1714 5163 1850 5217 Θεοῦ

269 5257 556 5329 βασιλείας
585 5257 898 5329 ἀλλοτριοῦν
928 5255 1260 5310 ἱκανώτατον
1291 5256 1373 5320 ὃν,
1407 5255 1849 5327 παρεσιώπησεν.

271 5369 383 5426 117
411 5371 614 5425 Καλόν
640 5387 696 5424 τι
729 5369 930 5437 σητῶν
959 5363 1227 5436 ἁρπᾶσαι
1258 5365 1356 5421 καὶ
1391 5367 1496 5420 τοῦ
1529 5369 1774 5435 φθόνου.

348 5547 520 5600 τοῖτο
545 5546 713 5601 καλὸν
740 5543 834 5598 καὶ
855 5544 960 5597 τῶν
990 5543 1170 5596 καλῶν
1197 5543 1502 5606 κάλλιστον,
1532 5543 1639 5595 τῶν
1664 5561 1721 5595 τε
1753 5560 1846 5612 ση-

263 5637 385 5696 ὤν
406 5638 750 5709 ὑφαρπάζειν
766 5635 856 5690 τὸν
889 5634 1115 5688 πλοῦτον
1145 5634 1238 5688 καὶ
1275 5633 1366 5687 τοῦ
1404 5633 1597 5702 φθόνου
1615 5673 1628 5698 ,
1655 5635 1742 5702 ὑφ’
1771 5628 1846 5687 ὧν

266 5733 483 5797 ἐκεῖνος
496 5733 705 5804 πέφυκε
722 5731 1126 5803 διαφθείρεσθαι
1155 5731 1246 5786 καὶ
1265 5727 1539 5784 ὅλλνσθαι·
1565 5728 1842 5797 φθείρεται

1951 3151 2054 3206 115
2087 3150 2300 3220 Profice
2330 3149 2588 3214 oumia,et
2625 3150 2792 3204 Deum
2820 3151 3032 3218 posside
3067 3152 3261 3208 solum.

2019 3261 2157 3317 Tres
2200 3277 2338 3317 usus
2381 3276 2565 3316 rerum
2610 3277 2732 3331 quze
2789 3262 2842 3316 in
2890 3262 3097 3320 divitiis
3148 3267 3522 3338 corporalibus

1942 3363 1996 3409 et
2041 3353 2314 3408 bonorum
2366 3351 2781 3422 diapensatione
2826 3355 3189 3419 aestimantur,
3241 3359 3524 3416 mirandus

1945 3444 2187 3498 ostendit
2236 3442 2557 3513 Gregorius.
2612 3442 2831 3498 Primus
2878 3453 2932 3498 et
2977 3446 3251 3514 perfectus
3295 3461 3349 3502 et
3393 3465 3521 3518 per—

1943 3533 2098 3587 fectis
2133 3539 2424 3597 assuetus,
2461 3532 2644 3585 omnia
2681 3532 2948 3602 projicere
2981 3542 3037 3588 et
3071 3536 3385 3605 relinquere
3430 3555 3521 3594 su-

1943 3621 2150 3693 perﬂua
2200 3629 2424 3692 propter
2469 3621 2748 3676 Christum
2782 3630 2836 3677 et
2871 3624 3187 3679 mandatum
3241 3627 3396 3697 ejus,
3444 3629 3518 3683 ita

1945 3723 2005 3768 ut
2033 3729 2158 3769 eum
2201 3711 2584 3782 possideamus
2640 3721 2690 3768 et
2742 3714 2843 3783 ipsi
2897 3715 2999 3770 soli
3047 3732 3181 3785 pure
3229 3719 3518 3784 vivamus;

1945 3805 2121 3859 aliena
2147 3803 2292 3858 enim
2322 3813 2375 3857 et
2402 3801 2543 3856 bona
2567 3810 2621 3856 ct
2647 3816 2903 3872 possessa
2926 3806 3083 3870 quasi
3109 3804 3268 3860 nobis
3294 3812 3520 3861 externa

1946 3901 2002 3950 et
2030 3910 2140 3950 non
2177 3901 2361 3948 nostra
2396 3892 2539 3947 sicut
2569 3906 2798 3962 corpus,
2829 3893 2924 3948 sed
2958 3895 3103 3950 circa
3140 3911 3242 3952 nos
3275 3905 3485 3952 versata
3505 3939 3520 3958 .

1948 4002 2182 4057 quorum
2210 3985 2690 4040 administratores
2718 3993 2774 4040 et
2804 3985 3207 4054 dispensatores
3237 3989 3521 4044 constituti

1947 4092 2158 4134 sumus.
2195 4075 2470 4146 Optimum
2501 4085 2585 4130 est
2615 4090 2746 4145 ergo
2777 4083 2830 4131 et
2866 4074 2974 4130 Deo
3005 4078 3260 4147 placitum
3296 4088 3350 4132 et
3395 4093 3521 4147 per-

1946 4171 2183 4232 fectum,
2229 4168 2488 4224 omnibus
2529 4167 2650 4224 istis
2696 4167 2961 4238 abjectis,
3005 4168 3108 4223 soli
3146 4167 3254 4224 Deo
3301 4168 3520 4224 divitem

1949 4279 2076 4320 esse
2115 4273 2168 4318 et
2208 4262 2435 4316 ﬁrmiter
2466 4261 2668 4317 vivere.
2714 4261 3002 4317 Secundus
3035 4277 3168 4317 usus
3203 4261 3360 4331 plura
3391 4260 3524 4316 dare

1945 4363 2000 4410 et
2035 4353 2379 4424 pulchriora,
2413 4362 2466 4407 et
2496 4354 2711 4408 minora
2760 4352 3056 4423 pejoraque
3099 4353 3522 4408 necessitatibus

1950 4442 2066 4498 suis
2096 4442 2199 4497 sibi
2229 4441 2464 4496 retinere
2486 4481 2499 4504 ,
2529 4441 2636 4497 hoc
2665 4451 2718 4498 et
2749 4441 3038 4497 laudabile.
3070 4439 3224 4496 Pium
3261 4452 3440 4497 autent
3469 4451 3526 4497 et

1954 4535 2137 4589 minus
2169 4549 2295 4602 erga
2345 4533 2598 4589 homines
2643 4534 2948 4589 beneﬁcum
2991 4534 3058 4590 de
3101 4533 3392 4605 superﬂuis
3437 4534 3524 4604 pie

1947 4637 2108 4692 agere
2153 4633 2208 4677 et
2251 4622 2688 4678 misericordiam
2738 4622 2957 4693 operari
3009 4630 3062 4678 et
3117 4623 3520 4692 magnanimum

1948 4730 2008 4770 se
2033 4713 2341 4770 ostendere.
2372 4713 2476 4770 Sed
2507 4716 2572 4769 de
2600 4714 2891 4783 superﬂuis
2920 4729 3147 4784 parcum
3174 4729 3296 4768 esse
3318 4726 3371 4768 ct
3393 4729 3524 4768 ava-

1950 4822 2068 4861 rum
2101 4816 2158 4862 et
2201 4807 2384 4862 tenuis
2429 4807 2629 4870 animi,
2661 4807 2733 4860 ita
2767 4815 2823 4860 ut
2853 4805 2943 4858 illa
2975 4805 3028 4858 in
3060 4819 3252 4858 aurum
3305 4812 3523 4859 mutcna

1950 4905 2039 4952 tur
2065 4904 2121 4951 et
2154 4896 2568 4960 abstrudantur,
2583 4906 2844 4966 tanquam
2882 4895 3045 4950 nimis
3085 4894 3310 4965 impium
3334 4905 3387 4950 et
3422 4899 3523 4951 ltu-

1949 4985 2196 5041 mauitati
2224 4987 2536 5057 oppositum
2566 4996 2621 5042 et
2658 4986 2975 5041 idololatriae
3001 5001 3160 5056 opus,
3183 4987 3339 5056 juxta
3374 4989 3522 5058 Apo-

1950 5081 2152 5137 stolum
2184 5091 2240 5135 et
2265 5080 2422 5134 valde
2451 5091 2638 5150 aptum
2670 5081 2737 5134 ad
2767 5079 3114 5135 alienandum
3142 5095 3172 5134 a
3201 5079 3292 5136 Dei
3325 5096 3520 5152 regno,

1950 5173 2053 5228 sub
2081 5172 2304 5228 silentio
2338 5171 2706 5241 praetermisit.

1961 5372 2058 5425 H7
2107 5369 2433 5425 Prrrclarum
2467 5378 2545 5423 est
2577 5369 2781 5438 ahquid
2815 5373 3070 5426 tenuibus
3102 5381 3151 5425 et
3183 5371 3392 5510 ἰηυὶἱίὸω
3420 5371 3528 5422 eri-

3309 5455 3448 5506 pere.

3309 5455 3448 5506 pere.

2024 5549 2313 5604 Pulchrum
2370 5550 2499 5605 illud
2559 5559 2612 5606 ct
2679 5551 3030 5620 pulchrorum
3089 5548 3520 5620 pulcherrimum

1952 5639 2220 5694 vermium
2256 5639 2541 5709 subripere
2589 5641 2811 5696 divitias
2859 5649 2912 5696 et
2961 5640 3213 5705 invidiae,
3263 5656 3357 5712 per
3400 5657 3523 5712 quae

1955 5733 2276 5795 naturaliter
2305 5733 2506 5791 divitize
2538 5740 2962 5804 corrumpuntur
3003 5742 3056 5790 et
3085 5743 3331 5804 pereunt.
3380 5734 3521 5789 Cor-
