  <div class='ocr_page' id='page_1' title='image "/cluster/home/n/w/nwhite01/storage/ocr_20150623/38/hvd.32044069550002/415.png"; bbox 0 0 4030 6232; ppageno 0'>
   <div class='ocr_carea' id='block_1_1' title="bbox 480 288 590 344">
    <p class='ocr_par' dir='ltr' id='par_1_1' title="bbox 480 288 590 344">
     <span class='ocr_line' id='line_1_1' title="bbox 480 288 590 344; baseline -0.009 0"><span class='ocrx_word' id='word_1_1' title='bbox 480 288 590 344; x_wconf 72' lang='grc' dir='ltr'><strong>8ίῦ</strong></span> 
     </span>
    </p>
   </div>
   <div class='ocr_carea' id='block_1_2' title="bbox 483 403 2060 479">
    <p class='ocr_par' dir='ltr' id='par_1_2' title="bbox 483 403 2060 479">
     <span class='ocr_line' id='line_1_2' title="bbox 483 403 2060 479; baseline -0.003 -16"><span class='ocrx_word' id='word_1_2' title='bbox 483 416 817 479; x_wconf 81' lang='lat' dir='ltr'><strong>rumpuntur</strong></span> <span class='ocrx_word' id='word_1_3' title='bbox 866 422 960 478; x_wconf 89' lang='lat' dir='ltr'><strong>per</strong></span> <span class='ocrx_word' id='word_1_4' title='bbox 1017 420 1263 473; x_wconf 83' lang='lat' dir='ltr'><strong>vermes,</strong></span> <span class='ocrx_word' id='word_1_5' title='bbox 1313 418 1653 476; x_wconf 64' lang='lat' dir='ltr'><strong>quamcunque</strong></span> <span class='ocrx_word' id='word_1_6' title='bbox 1704 403 1955 459; x_wconf 76' lang='lat' dir='ltr'><strong>mortalia</strong></span> <span class='ocrx_word' id='word_1_7' title='bbox 2008 414 2060 459; x_wconf 87' lang='lat' dir='ltr'><strong>et</strong></span> 
     </span>
    </p>
   </div>
   <div class='ocr_carea' id='block_1_3' title="bbox 486 494 2064 572">
    <p class='ocr_par' dir='ltr' id='par_1_3' title="bbox 486 494 2064 572">
     <span class='ocr_line' id='line_1_3' title="bbox 486 494 2064 572; baseline -0.005 -17"><span class='ocrx_word' id='word_1_8' title='bbox 486 500 861 572; x_wconf 81' lang='lat' dir='ltr'><strong>putrescibilia</strong></span> <span class='ocrx_word' id='word_1_9' title='bbox 909 508 958 553; x_wconf 90' lang='lat' dir='ltr'><strong>et</strong></span> <span class='ocrx_word' id='word_1_10' title='bbox 1011 497 1387 567; x_wconf 89' lang='lat' dir='ltr'><strong>corruptibilia</strong></span> <span class='ocrx_word' id='word_1_11' title='bbox 1417 540 1429 562; x_wconf 91' lang='lat'><strong>,</strong></span> <span class='ocrx_word' id='word_1_12' title='bbox 1482 511 1578 566; x_wconf 93' lang='lat' dir='ltr'><strong>per</strong></span> <span class='ocrx_word' id='word_1_13' title='bbox 1620 494 1884 549; x_wconf 75' lang='lat' dir='ltr'><strong>invidiam</strong></span> <span class='ocrx_word' id='word_1_14' title='bbox 1932 509 2064 548; x_wconf 89' lang='lat' dir='ltr'><strong>vero</strong></span> 
     </span>
    </p>
   </div>
   <div class='ocr_carea' id='block_1_4' title="bbox 487 592 2063 661">
    <p class='ocr_par' dir='ltr' id='par_1_4' title="bbox 487 592 2063 661">
     <span class='ocr_line' id='line_1_4' title="bbox 487 592 2063 661; baseline -0.004 -16"><span class='ocrx_word' id='word_1_15' title='bbox 487 592 822 661; x_wconf 86' lang='lat' dir='ltr'><strong>diripiuntur</strong></span> <span class='ocrx_word' id='word_1_16' title='bbox 849 598 903 644; x_wconf 91' lang='lat' dir='ltr'><strong>et</strong></span> <span class='ocrx_word' id='word_1_17' title='bbox 935 597 1169 659; x_wconf 87' lang='lat' dir='ltr'><strong>pereunt</strong></span> <span class='ocrx_word' id='word_1_18' title='bbox 1198 603 1389 641; x_wconf 89' lang='lat' dir='ltr'><strong>aurum</strong></span> <span class='ocrx_word' id='word_1_19' title='bbox 1427 596 1481 642; x_wconf 90' lang='lat' dir='ltr'><strong>et</strong></span> <span class='ocrx_word' id='word_1_20' title='bbox 1512 595 1795 657; x_wconf 92' lang='lat' dir='ltr'><strong>argentum</strong></span> <span class='ocrx_word' id='word_1_21' title='bbox 1831 595 1885 641; x_wconf 89' lang='lat' dir='ltr'><strong>et</strong></span> <span class='ocrx_word' id='word_1_22' title='bbox 1912 601 2063 655; x_wconf 68' lang='lat' dir='ltr'><strong>qua:-</strong></span> 
     </span>
    </p>
   </div>
   <div class='ocr_carea' id='block_1_5' title="bbox 485 675 2064 753">
    <p class='ocr_par' dir='ltr' id='par_1_5' title="bbox 485 675 2064 753">
     <span class='ocr_line' id='line_1_5' title="bbox 485 675 2064 753; baseline -0.007 -14"><span class='ocrx_word' id='word_1_23' title='bbox 485 699 699 753; x_wconf 88' lang='lat' dir='ltr'><strong>cunque</strong></span> <span class='ocrx_word' id='word_1_24' title='bbox 728 682 1048 736; x_wconf 76' lang='lat' dir='ltr'><strong>naturaliter</strong></span> <span class='ocrx_word' id='word_1_25' title='bbox 1075 680 1161 735; x_wconf 79' lang='lat' dir='ltr'><strong>vix</strong></span> <span class='ocrx_word' id='word_1_26' title='bbox 1191 676 1874 749; x_wconf 81' lang='lat' dir='ltr'><strong>corrumpuntur.‘Bonum</strong></span> <span class='ocrx_word' id='word_1_27' title='bbox 1901 675 2064 746; x_wconf 78' lang='lat' dir='ltr'><strong>igitur</strong></span> 
     </span>
    </p>
   </div>
   <div class='ocr_carea' id='block_1_6' title="bbox 487 764 2060 843">
    <p class='ocr_par' dir='ltr' id='par_1_6' title="bbox 487 764 2060 843">
     <span class='ocr_line' id='line_1_6' title="bbox 487 764 2060 843; baseline -0.004 -17"><span class='ocrx_word' id='word_1_28' title='bbox 487 772 781 843; x_wconf 73' lang='lat' dir='ltr'><strong>prazvenire</strong></span> <span class='ocrx_word' id='word_1_29' title='bbox 840 770 1059 825; x_wconf 82' lang='lat' dir='ltr'><strong>Christo</strong></span> <span class='ocrx_word' id='word_1_30' title='bbox 1119 769 1470 832; x_wconf 73' lang='lat' dir='ltr'><strong>fenerantem,</strong></span> <span class='ocrx_word' id='word_1_31' title='bbox 1512 774 1568 820; x_wconf 87' lang='lat' dir='ltr'><strong>et</strong></span> <span class='ocrx_word' id='word_1_32' title='bbox 1626 765 1808 835; x_wconf 89' lang='lat' dir='ltr'><strong>ipsum</strong></span> <span class='ocrx_word' id='word_1_33' title='bbox 1874 764 2060 833; x_wconf 85' lang='lat' dir='ltr'><strong>potius</strong></span> 
     </span>
    </p>
   </div>
   <div class='ocr_carea' id='block_1_7' title="bbox 483 856 2057 930">
    <p class='ocr_par' dir='ltr' id='par_1_7' title="bbox 483 856 2057 930">
     <span class='ocr_line' id='line_1_7' title="bbox 483 856 2057 930; baseline -0.007 -10"><span class='ocrx_word' id='word_1_34' title='bbox 483 865 781 920; x_wconf 73' lang='lat' dir='ltr'><strong>debitorem</strong></span> <span class='ocrx_word' id='word_1_35' title='bbox 840 861 1040 916; x_wconf 84' lang='lat' dir='ltr'><strong>habere</strong></span> <span class='ocrx_word' id='word_1_36' title='bbox 1095 858 1313 930; x_wconf 80' lang='lat' dir='ltr'><strong>expedit</strong></span> <span class='ocrx_word' id='word_1_37' title='bbox 1372 856 1543 927; x_wconf 75' lang='lat' dir='ltr'><strong>magis</strong></span> <span class='ocrx_word' id='word_1_38' title='bbox 1612 869 1777 925; x_wconf 86' lang='lat' dir='ltr'><strong>quam</strong></span> <span class='ocrx_word' id='word_1_39' title='bbox 1864 868 2057 909; x_wconf 88' lang='lat' dir='ltr'><strong>omnes</strong></span> 
     </span>
    </p>
   </div>
   <div class='ocr_carea' id='block_1_8' title="bbox 483 944 2060 1023">
    <p class='ocr_par' dir='ltr' id='par_1_8' title="bbox 483 944 2060 1023">
     <span class='ocr_line' id='line_1_8' title="bbox 483 944 2060 1023; baseline -0.006 -13"><span class='ocrx_word' id='word_1_40' title='bbox 483 955 670 1010; x_wconf 83' lang='lat' dir='ltr'><strong>mundi</strong></span> <span class='ocrx_word' id='word_1_41' title='bbox 724 953 941 1009; x_wconf 83' lang='lat' dir='ltr'><strong>divitias</strong></span> <span class='ocrx_word' id='word_1_42' title='bbox 998 952 1373 1023; x_wconf 81' lang='lat' dir='ltr'><strong>possidentem</strong></span> <span class='ocrx_word' id='word_1_43' title='bbox 1445 947 1637 1004; x_wconf 85' lang='lat' dir='ltr'><strong>videri.</strong></span> <span class='ocrx_word' id='word_1_44' title='bbox 1684 946 1936 1002; x_wconf 85' lang='lat' dir='ltr'><strong>Christus</strong></span> <span class='ocrx_word' id='word_1_45' title='bbox 1981 944 2060 1001; x_wconf 91' lang='lat' dir='ltr'><strong>sic</strong></span> 
     </span>
    </p>
   </div>
   <div class='ocr_carea' id='block_1_9' title="bbox 483 1037 2060 1117">
    <p class='ocr_par' dir='ltr' id='par_1_9' title="bbox 483 1037 2060 1117">
     <span class='ocr_line' id='line_1_9' title="bbox 483 1037 2060 1117; baseline -0.007 -16"><span class='ocrx_word' id='word_1_46' title='bbox 483 1046 765 1117; x_wconf 78' lang='lat' dir='ltr'><strong>magniﬁce</strong></span> <span class='ocrx_word' id='word_1_47' title='bbox 814 1043 1151 1099; x_wconf 82' lang='lat' dir='ltr'><strong>feneratores</strong></span> <span class='ocrx_word' id='word_1_48' title='bbox 1206 1055 1337 1097; x_wconf 86' lang='lat' dir='ltr'><strong>suos</strong></span> <span class='ocrx_word' id='word_1_49' title='bbox 1385 1053 1741 1094; x_wconf 89' lang='lat' dir='ltr'><strong>remunerare</strong></span> <span class='ocrx_word' id='word_1_50' title='bbox 1779 1037 1965 1100; x_wconf 89' lang='lat' dir='ltr'><strong>novit,</strong></span> <span class='ocrx_word' id='word_1_51' title='bbox 1999 1047 2060 1090; x_wconf 88' lang='lat' dir='ltr'><strong>ut</strong></span> 
     </span>
    </p>
   </div>
   <div class='ocr_carea' id='block_1_10' title="bbox 482 1127 2059 1203">
    <p class='ocr_par' dir='ltr' id='par_1_10' title="bbox 482 1127 2059 1203">
     <span class='ocr_line' id='line_1_10' title="bbox 482 1127 2059 1203; baseline -0.007 -11"><span class='ocrx_word' id='word_1_52' title='bbox 482 1147 534 1193; x_wconf 89' lang='lat' dir='ltr'><strong>et</strong></span> <span class='ocrx_word' id='word_1_53' title='bbox 568 1137 826 1191; x_wconf 62' lang='lat' dir='ltr'><strong>caelorum</strong></span> <span class='ocrx_word' id='word_1_54' title='bbox 862 1149 1089 1203; x_wconf 83' lang='lat' dir='ltr'><strong>regnum</strong></span> <span class='ocrx_word' id='word_1_55' title='bbox 1139 1133 1249 1187; x_wconf 90' lang='lat' dir='ltr'><strong>illis</strong></span> <span class='ocrx_word' id='word_1_56' title='bbox 1299 1132 1394 1202; x_wconf 90' lang='lat' dir='ltr'><strong>qui</strong></span> <span class='ocrx_word' id='word_1_57' title='bbox 1445 1146 1567 1186; x_wconf 89' lang='lat' dir='ltr'><strong>cum</strong></span> <span class='ocrx_word' id='word_1_58' title='bbox 1612 1129 1715 1184; x_wconf 86' lang='lat' dir='ltr'><strong>ﬁde</strong></span> <span class='ocrx_word' id='word_1_59' title='bbox 1758 1127 2059 1198; x_wconf 74' lang='lat' dir='ltr'><strong>fragmento</strong></span> 
     </span>
    </p>
   </div>
   <div class='ocr_carea' id='block_1_11' title="bbox 483 1220 2059 1297">
    <p class='ocr_par' dir='ltr' id='par_1_11' title="bbox 483 1220 2059 1297">
     <span class='ocr_line' id='line_1_11' title="bbox 483 1220 2059 1297; baseline -0.005 -17"><span class='ocrx_word' id='word_1_60' title='bbox 483 1228 641 1297; x_wconf 82' lang='lat' dir='ltr'><strong>panis</strong></span> <span class='ocrx_word' id='word_1_61' title='bbox 674 1225 1011 1280; x_wconf 89' lang='lat' dir='ltr'><strong>Salvatorem</strong></span> <span class='ocrx_word' id='word_1_62' title='bbox 1047 1224 1338 1288; x_wconf 90' lang='lat' dir='ltr'><strong>nutriunt,</strong></span> <span class='ocrx_word' id='word_1_63' title='bbox 1396 1220 1708 1286; x_wconf 85' lang='lat' dir='ltr'><strong>retribuat;</strong></span> <span class='ocrx_word' id='word_1_64' title='bbox 1757 1234 1858 1273; x_wconf 89' lang='lat' dir='ltr'><strong>nec</strong></span> <span class='ocrx_word' id='word_1_65' title='bbox 1905 1234 2059 1289; x_wconf 74' lang='lat' dir='ltr'><strong>aquae</strong></span> 
     </span>
    </p>
   </div>
   <div class='ocr_carea' id='block_1_12' title="bbox 481 1311 2058 1387">
    <p class='ocr_par' dir='ltr' id='par_1_12' title="bbox 481 1311 2058 1387">
     <span class='ocr_line' id='line_1_12' title="bbox 481 1311 2058 1387; baseline -0.004 -17"><span class='ocrx_word' id='word_1_66' title='bbox 481 1317 688 1387; x_wconf 78' lang='lat' dir='ltr'><strong>frigidae</strong></span> <span class='ocrx_word' id='word_1_67' title='bbox 719 1327 905 1386; x_wconf 88' lang='lat' dir='ltr'><strong>potum</strong></span> <span class='ocrx_word' id='word_1_68' title='bbox 940 1315 1059 1369; x_wconf 85' lang='lat' dir='ltr'><strong>sine</strong></span> <span class='ocrx_word' id='word_1_69' title='bbox 1094 1314 1345 1368; x_wconf 88' lang='lat' dir='ltr'><strong>mercede</strong></span> <span class='ocrx_word' id='word_1_70' title='bbox 1378 1327 1503 1366; x_wconf 90' lang='lat' dir='ltr'><strong>esse</strong></span> <span class='ocrx_word' id='word_1_71' title='bbox 1538 1312 1678 1380; x_wconf 90' lang='lat' dir='ltr'><strong>apud</strong></span> <span class='ocrx_word' id='word_1_72' title='bbox 1713 1311 1891 1380; x_wconf 90' lang='lat' dir='ltr'><strong>ipsum</strong></span> <span class='ocrx_word' id='word_1_73' title='bbox 1925 1324 2058 1364; x_wconf 90' lang='lat' dir='ltr'><strong>con-</strong></span> 
     </span>
    </p>
   </div>
   <div class='ocr_carea' id='block_1_13' title="bbox 481 1400 2056 1471">
    <p class='ocr_par' dir='ltr' id='par_1_13' title="bbox 481 1400 2056 1471">
     <span class='ocr_line' id='line_1_13' title="bbox 481 1400 2056 1471; baseline -0.002 -13"><span class='ocrx_word' id='word_1_74' title='bbox 481 1404 756 1460; x_wconf 82' lang='lat' dir='ltr'><strong>ﬁdentiam</strong></span> <span class='ocrx_word' id='word_1_75' title='bbox 789 1404 884 1459; x_wconf 88' lang='lat' dir='ltr'><strong>tibi</strong></span> <span class='ocrx_word' id='word_1_76' title='bbox 918 1403 1108 1457; x_wconf 75' lang='lat' dir='ltr'><strong>afferat</strong></span> <span class='ocrx_word' id='word_1_77' title='bbox 1137 1402 1299 1457; x_wconf 83' lang='lat' dir='ltr'><strong>vidua</strong></span> <span class='ocrx_word' id='word_1_78' title='bbox 1346 1403 1415 1456; x_wconf 93' lang='lat' dir='ltr'><strong>ob</strong></span> <span class='ocrx_word' id='word_1_79' title='bbox 1454 1402 1561 1455; x_wconf 85' lang='lat' dir='ltr'><strong>duo</strong></span> <span class='ocrx_word' id='word_1_80' title='bbox 1605 1401 1802 1465; x_wconf 86' lang='lat' dir='ltr'><strong>obola,</strong></span> <span class='ocrx_word' id='word_1_81' title='bbox 1836 1414 1956 1471; x_wconf 72' lang='lat' dir='ltr'><strong>qua:</strong></span> <span class='ocrx_word' id='word_1_82' title='bbox 2000 1400 2056 1455; x_wconf 92' lang='lat' dir='ltr'><strong>in</strong></span> 
     </span>
    </p>
   </div>
   <div class='ocr_carea' id='block_1_14' title="bbox 480 1490 2053 1561">
    <p class='ocr_par' dir='ltr' id='par_1_14' title="bbox 480 1490 2053 1561">
     <span class='ocr_line' id='line_1_14' title="bbox 480 1490 2053 1561; baseline -0.002 -14"><span class='ocrx_word' id='word_1_83' title='bbox 480 1495 797 1549; x_wconf 88' lang='lat' dir='ltr'><strong>thesaurum</strong></span> <span class='ocrx_word' id='word_1_84' title='bbox 829 1492 1246 1558; x_wconf 84' lang='lat' dir='ltr'><strong>misit,laudata.</strong></span> <span class='ocrx_word' id='word_1_85' title='bbox 1286 1490 1575 1556; x_wconf 85' lang='lat' dir='ltr'><strong>Quomodo</strong></span> <span class='ocrx_word' id='word_1_86' title='bbox 1623 1490 1806 1561; x_wconf 91' lang='lat' dir='ltr'><strong>igitur,</strong></span> <span class='ocrx_word' id='word_1_87' title='bbox 1842 1490 2053 1559; x_wconf 85' lang='lat' dir='ltr'><strong>inquit,</strong></span> 
     </span>
    </p>
   </div>
   <div class='ocr_carea' id='block_1_15' title="bbox 478 1580 2053 1651">
    <p class='ocr_par' dir='ltr' id='par_1_15' title="bbox 478 1580 2053 1651">
     <span class='ocr_line' id='line_1_15' title="bbox 478 1580 2053 1651; baseline -0.004 -11"><span class='ocrx_word' id='word_1_88' title='bbox 478 1584 849 1640; x_wconf 82' lang='lat' dir='ltr'><strong>fenerabimnr</strong></span> <span class='ocrx_word' id='word_1_89' title='bbox 873 1583 1092 1638; x_wconf 85' lang='lat' dir='ltr'><strong>Christo</strong></span> <span class='ocrx_word' id='word_1_90' title='bbox 1119 1592 1172 1638; x_wconf 89' lang='lat' dir='ltr'><strong>et</strong></span> <span class='ocrx_word' id='word_1_91' title='bbox 1198 1581 1309 1637; x_wconf 90' lang='lat' dir='ltr'><strong>Deo</strong></span> <span class='ocrx_word' id='word_1_92' title='bbox 1330 1591 1385 1636; x_wconf 89' lang='lat' dir='ltr'><strong>et</strong></span> <span class='ocrx_word' id='word_1_93' title='bbox 1412 1582 1612 1636; x_wconf 89' lang='lat' dir='ltr'><strong>nullius</strong></span> <span class='ocrx_word' id='word_1_94' title='bbox 1638 1580 1897 1651; x_wconf 81' lang='lat' dir='ltr'><strong>indigenti</strong></span> <span class='ocrx_word' id='word_1_95' title='bbox 1920 1589 1973 1635; x_wconf 84' lang='lat' dir='ltr'><strong>et</strong></span> <span class='ocrx_word' id='word_1_96' title='bbox 1999 1580 2053 1633; x_wconf 95' lang='lat' dir='ltr'><strong>in</strong></span> 
     </span>
    </p>
   </div>
   <div class='ocr_carea' id='block_1_16' title="bbox 478 1670 2052 1736">
    <p class='ocr_par' dir='ltr' id='par_1_16' title="bbox 478 1670 2052 1736">
     <span class='ocr_line' id='line_1_16' title="bbox 478 1670 2052 1736; baseline -0.003 -6"><span class='ocrx_word' id='word_1_97' title='bbox 478 1675 633 1730; x_wconf 70' lang='lat' dir='ltr'><strong>ccelis</strong></span> <span class='ocrx_word' id='word_1_98' title='bbox 666 1675 731 1727; x_wconf 92' lang='lat' dir='ltr'><strong>ad</strong></span> <span class='ocrx_word' id='word_1_99' title='bbox 765 1674 1047 1729; x_wconf 80' lang='lat' dir='ltr'><strong>dexteram</strong></span> <span class='ocrx_word' id='word_1_100' title='bbox 1080 1673 1257 1728; x_wconf 85' lang='lat' dir='ltr'><strong>Patris</strong></span> <span class='ocrx_word' id='word_1_101' title='bbox 1303 1672 1559 1727; x_wconf 79' lang='lat' dir='ltr'><strong>sedenti?</strong></span> <span class='ocrx_word' id='word_1_102' title='bbox 1602 1670 1920 1736; x_wconf 89' lang='lat' dir='ltr'><strong>Christum,</strong></span> <span class='ocrx_word' id='word_1_103' title='bbox 1967 1686 2052 1726; x_wconf 87' lang='lat' dir='ltr'><strong>re-</strong></span> 
     </span>
    </p>
   </div>
   <div class='ocr_carea' id='block_1_17' title="bbox 478 1760 2041 1836">
    <p class='ocr_par' dir='ltr' id='par_1_17' title="bbox 478 1760 2041 1836">
     <span class='ocr_line' id='line_1_17' title="bbox 478 1760 2041 1836; baseline -0.002 -18"><span class='ocrx_word' id='word_1_104' title='bbox 478 1764 711 1836; x_wconf 88' lang='lat' dir='ltr'><strong>spondet</strong></span> <span class='ocrx_word' id='word_1_105' title='bbox 751 1764 847 1817; x_wconf 85' lang='lat' dir='ltr'><strong>tibi</strong></span> <span class='ocrx_word' id='word_1_106' title='bbox 890 1764 1199 1833; x_wconf 82' lang='lat' dir='ltr'><strong>theologice</strong></span> <span class='ocrx_word' id='word_1_107' title='bbox 1229 1763 1296 1817; x_wconf 91' lang='lat' dir='ltr'><strong>de</strong></span> <span class='ocrx_word' id='word_1_108' title='bbox 1328 1776 1393 1816; x_wconf 92' lang='lat' dir='ltr'><strong>eo</strong></span> <span class='ocrx_word' id='word_1_109' title='bbox 1429 1768 1675 1816; x_wconf 86' lang='lat' dir='ltr'><strong>tractans</strong></span> <span class='ocrx_word' id='word_1_110' title='bbox 1701 1800 1715 1824; x_wconf 89' lang='lat'><strong>,</strong></span> <span class='ocrx_word' id='word_1_111' title='bbox 1748 1768 1804 1815; x_wconf 90' lang='lat' dir='ltr'><strong>et</strong></span> <span class='ocrx_word' id='word_1_112' title='bbox 1838 1760 2041 1827; x_wconf 78' lang='lat' dir='ltr'><strong>vestis,</strong></span> 
     </span>
    </p>
   </div>
   <div class='ocr_carea' id='block_1_18' title="bbox 479 1851 2052 1925">
    <p class='ocr_par' dir='ltr' id='par_1_18' title="bbox 479 1851 2052 1925">
     <span class='ocr_line' id='line_1_18' title="bbox 479 1851 2052 1925; baseline -0.006 -13"><span class='ocrx_word' id='word_1_113' title='bbox 479 1865 532 1912; x_wconf 88' lang='lat' dir='ltr'><strong>et</strong></span> <span class='ocrx_word' id='word_1_114' title='bbox 566 1857 780 1923; x_wconf 87' lang='lat' dir='ltr'><strong>nutris,</strong></span> <span class='ocrx_word' id='word_1_115' title='bbox 817 1866 869 1911; x_wconf 88' lang='lat' dir='ltr'><strong>et</strong></span> <span class='ocrx_word' id='word_1_116' title='bbox 901 1856 1110 1925; x_wconf 89' lang='lat' dir='ltr'><strong>potioni</strong></span> <span class='ocrx_word' id='word_1_117' title='bbox 1158 1855 1391 1920; x_wconf 89' lang='lat' dir='ltr'><strong>invitas,</strong></span> <span class='ocrx_word' id='word_1_118' title='bbox 1442 1863 1494 1908; x_wconf 89' lang='lat' dir='ltr'><strong>et</strong></span> <span class='ocrx_word' id='word_1_119' title='bbox 1542 1853 1689 1907; x_wconf 92' lang='lat' dir='ltr'><strong>omni</strong></span> <span class='ocrx_word' id='word_1_120' title='bbox 1740 1851 2052 1907; x_wconf 86' lang='lat' dir='ltr'><strong>misericor-</strong></span> 
     </span>
    </p>
   </div>
   <div class='ocr_carea' id='block_1_19' title="bbox 475 1946 2052 2019">
    <p class='ocr_par' dir='ltr' id='par_1_19' title="bbox 475 1946 2052 2019">
     <span class='ocr_line' id='line_1_19' title="bbox 475 1946 2052 2019; baseline -0.004 -17"><span class='ocrx_word' id='word_1_121' title='bbox 475 1948 563 2002; x_wconf 81' lang='lat' dir='ltr'><strong>dia</strong></span> <span class='ocrx_word' id='word_1_122' title='bbox 597 1948 807 2013; x_wconf 83' lang='lat' dir='ltr'><strong>donas,</strong></span> <span class='ocrx_word' id='word_1_123' title='bbox 850 1963 990 2018; x_wconf 92' lang='lat' dir='ltr'><strong>opus</strong></span> <span class='ocrx_word' id='word_1_124' title='bbox 1031 1947 1138 2002; x_wconf 87' lang='lat' dir='ltr'><strong>tale</strong></span> <span class='ocrx_word' id='word_1_125' title='bbox 1182 1946 1433 2019; x_wconf 75' lang='lat' dir='ltr'><strong>przebens</strong></span> <span class='ocrx_word' id='word_1_126' title='bbox 1482 1959 1609 2016; x_wconf 88' lang='lat' dir='ltr'><strong>erga</strong></span> <span class='ocrx_word' id='word_1_127' title='bbox 1658 1958 1951 2015; x_wconf 87' lang='lat' dir='ltr'><strong>pauperem</strong></span> <span class='ocrx_word' id='word_1_128' title='bbox 2000 1949 2052 1998; x_wconf 91' lang='lat' dir='ltr'><strong>et</strong></span> 
     </span>
    </p>
   </div>
   <div class='ocr_carea' id='block_1_20' title="bbox 477 2026 749 2110">
    <p class='ocr_par' dir='ltr' id='par_1_20' title="bbox 477 2026 749 2110">
     <span class='ocr_line' id='line_1_20' title="bbox 477 2026 749 2110; baseline 0 -15"><span class='ocrx_word' id='word_1_129' title='bbox 477 2026 749 2110; x_wconf 30' lang='lat' dir='ltr'><strong>egenum;</strong></span> 
     </span>
    </p>
   </div>
   <div class='ocr_carea' id='block_1_21' title="bbox 479 2128 1906 2201">
    <p class='ocr_par' dir='ltr' id='par_1_21' title="bbox 479 2128 1906 2201">
     <span class='ocr_line' id='line_1_21' title="bbox 479 2128 1906 2201; baseline -0.003 -17"><span class='ocrx_word' id='word_1_130' title='bbox 479 2132 572 2186; x_wconf 73' lang='grc'><strong>121</strong></span> <span class='ocrx_word' id='word_1_131' title='bbox 601 2131 814 2201; x_wconf 86' lang='lat' dir='ltr'><strong>Pauper</strong></span> <span class='ocrx_word' id='word_1_132' title='bbox 841 2132 1097 2195; x_wconf 82' lang='lat' dir='ltr'><strong>accessit,</strong></span> <span class='ocrx_word' id='word_1_133' title='bbox 1125 2128 1314 2184; x_wconf 81' lang='lat' dir='ltr'><strong>deinde</strong></span> <span class='ocrx_word' id='word_1_134' title='bbox 1332 2128 1465 2183; x_wconf 80' lang='lat' dir='ltr'><strong>abiit</strong></span> <span class='ocrx_word' id='word_1_135' title='bbox 1487 2144 1574 2199; x_wconf 79' lang='lat' dir='ltr'><strong>spe</strong></span> <span class='ocrx_word' id='word_1_136' title='bbox 1598 2128 1906 2199; x_wconf 77' lang='lat' dir='ltr'><strong>frustratus.</strong></span> 
     </span>
    </p>
   </div>
   <div class='ocr_carea' id='block_1_22' title="bbox 549 2218 2052 2292">
    <p class='ocr_par' dir='ltr' id='par_1_22' title="bbox 549 2218 2052 2292">
     <span class='ocr_line' id='line_1_22' title="bbox 549 2218 2052 2292; baseline -0.003 -16"><span class='ocrx_word' id='word_1_137' title='bbox 549 2222 672 2277; x_wconf 63' lang='grc' dir='ltr'>ηερε</span> <span class='ocrx_word' id='word_1_138' title='bbox 701 2222 920 2292; x_wconf 83' lang='lat' dir='ltr'><strong>quidem</strong></span> <span class='ocrx_word' id='word_1_139' title='bbox 956 2222 1470 2292; x_wconf 82' lang='lat' dir='ltr'><strong>interpretationem</strong></span> <span class='ocrx_word' id='word_1_140' title='bbox 1501 2220 1808 2274; x_wconf 86' lang='lat' dir='ltr'><strong>evidentem</strong></span> <span class='ocrx_word' id='word_1_141' title='bbox 1849 2218 2052 2272; x_wconf 88' lang='lat' dir='ltr'><strong>habent</strong></span> 
     </span>
    </p>
   </div>
   <div class='ocr_carea' id='block_1_23' title="bbox 477 2310 2049 2383">
    <p class='ocr_par' dir='ltr' id='par_1_23' title="bbox 477 2310 2049 2383">
     <span class='ocr_line' id='line_1_23' title="bbox 477 2310 2049 2383; baseline -0.002 -17"><span class='ocrx_word' id='word_1_142' title='bbox 477 2314 680 2380; x_wconf 82' lang='lat' dir='ltr'><strong>verba;</strong></span> <span class='ocrx_word' id='word_1_143' title='bbox 716 2330 815 2369; x_wconf 89' lang='lat' dir='ltr'><strong>nec</strong></span> <span class='ocrx_word' id='word_1_144' title='bbox 859 2322 1042 2369; x_wconf 86' lang='lat' dir='ltr'><strong>tamen</strong></span> <span class='ocrx_word' id='word_1_145' title='bbox 1087 2327 1553 2383; x_wconf 84' lang='lat' dir='ltr'><strong>supervacaneum</strong></span> <span class='ocrx_word' id='word_1_146' title='bbox 1605 2318 1736 2381; x_wconf 90' lang='lat' dir='ltr'><strong>puto</strong></span> <span class='ocrx_word' id='word_1_147' title='bbox 1770 2310 2049 2380; x_wconf 87' lang='lat' dir='ltr'><strong>paululum</strong></span> 
     </span>
    </p>
   </div>
   <div class='ocr_carea' id='block_1_24' title="bbox 476 2402 2053 2473">
    <p class='ocr_par' dir='ltr' id='par_1_24' title="bbox 476 2402 2053 2473">
     <span class='ocr_line' id='line_1_24' title="bbox 476 2402 2053 2473; baseline -0.003 -14"><span class='ocrx_word' id='word_1_148' title='bbox 476 2406 544 2460; x_wconf 92' lang='lat' dir='ltr'><strong>de</strong></span> <span class='ocrx_word' id='word_1_149' title='bbox 577 2405 662 2459; x_wconf 86' lang='lat' dir='ltr'><strong>bis</strong></span> <span class='ocrx_word' id='word_1_150' title='bbox 695 2404 1015 2459; x_wconf 83' lang='lat' dir='ltr'><strong>conversari</strong></span> <span class='ocrx_word' id='word_1_151' title='bbox 1046 2423 1060 2470; x_wconf 89' lang='lat'><strong>;</strong></span> <span class='ocrx_word' id='word_1_152' title='bbox 1097 2418 1334 2473; x_wconf 89' lang='lat' dir='ltr'><strong>namque</strong></span> <span class='ocrx_word' id='word_1_153' title='bbox 1362 2404 1526 2457; x_wconf 91' lang='lat' dir='ltr'><strong>etiam</strong></span> <span class='ocrx_word' id='word_1_154' title='bbox 1566 2402 1671 2455; x_wconf 84' lang='lat' dir='ltr'><strong>lide</strong></span> <span class='ocrx_word' id='word_1_155' title='bbox 1703 2402 1927 2455; x_wconf 90' lang='lat' dir='ltr'><strong>minima</strong></span> <span class='ocrx_word' id='word_1_156' title='bbox 1954 2415 2053 2455; x_wconf 86' lang='lat' dir='ltr'><strong>au-</strong></span> 
     </span>
    </p>
   </div>
   <div class='ocr_carea' id='block_1_25' title="bbox 476 2493 2053 2561">
    <p class='ocr_par' dir='ltr' id='par_1_25' title="bbox 476 2493 2053 2561">
     <span class='ocr_line' id='line_1_25' title="bbox 476 2493 2053 2561; baseline -0.004 -11"><span class='ocrx_word' id='word_1_157' title='bbox 476 2496 755 2551; x_wconf 85' lang='lat' dir='ltr'><strong>dientibus</strong></span> <span class='ocrx_word' id='word_1_158' title='bbox 802 2497 1063 2551; x_wconf 88' lang='lat' dir='ltr'><strong>inserviet</strong></span> <span class='ocrx_word' id='word_1_159' title='bbox 1105 2494 1172 2550; x_wconf 91' lang='lat' dir='ltr'><strong>de</strong></span> <span class='ocrx_word' id='word_1_160' title='bbox 1220 2495 1306 2549; x_wconf 86' lang='lat' dir='ltr'><strong>his</strong></span> <span class='ocrx_word' id='word_1_161' title='bbox 1342 2494 1513 2547; x_wconf 88' lang='lat' dir='ltr'><strong>multa</strong></span> <span class='ocrx_word' id='word_1_162' title='bbox 1544 2493 1769 2547; x_wconf 89' lang='lat' dir='ltr'><strong>dicere:</strong></span> <span class='ocrx_word' id='word_1_163' title='bbox 1809 2506 2053 2561; x_wconf 88' lang='lat' dir='ltr'><strong>persua—</strong></span> 
     </span>
    </p>
   </div>
   <div class='ocr_carea' id='block_1_26' title="bbox 478 2584 2051 2657">
    <p class='ocr_par' dir='ltr' id='par_1_26' title="bbox 478 2584 2051 2657">
     <span class='ocr_line' id='line_1_26' title="bbox 478 2584 2051 2657; baseline -0.005 -14"><span class='ocrx_word' id='word_1_164' title='bbox 478 2604 597 2643; x_wconf 87' lang='lat' dir='ltr'><strong>sum</strong></span> <span class='ocrx_word' id='word_1_165' title='bbox 635 2589 779 2643; x_wconf 88' lang='lat' dir='ltr'><strong>enim</strong></span> <span class='ocrx_word' id='word_1_166' title='bbox 817 2588 1017 2642; x_wconf 91' lang='lat' dir='ltr'><strong>habere</strong></span> <span class='ocrx_word' id='word_1_167' title='bbox 1051 2593 1265 2657; x_wconf 82' lang='lat' dir='ltr'><strong>Oportet</strong></span> <span class='ocrx_word' id='word_1_168' title='bbox 1297 2584 1441 2656; x_wconf 92' lang='lat' dir='ltr'><strong>quod</strong></span> <span class='ocrx_word' id='word_1_169' title='bbox 1482 2584 1754 2654; x_wconf 84' lang='lat' dir='ltr'><strong>judicium</strong></span> <span class='ocrx_word' id='word_1_170' title='bbox 1800 2591 2051 2638; x_wconf 89' lang='lat' dir='ltr'><strong>nostrum</strong></span> 
     </span>
    </p>
   </div>
   <div class='ocr_carea' id='block_1_27' title="bbox 479 2674 2053 2749">
    <p class='ocr_par' dir='ltr' id='par_1_27' title="bbox 479 2674 2053 2749">
     <span class='ocr_line' id='line_1_27' title="bbox 479 2674 2053 2749; baseline -0.006 -14"><span class='ocrx_word' id='word_1_171' title='bbox 479 2696 582 2736; x_wconf 89' lang='lat' dir='ltr'><strong>nos</strong></span> <span class='ocrx_word' id='word_1_172' title='bbox 622 2679 1036 2749; x_wconf 84' lang='lat' dir='ltr'><strong>nobismetipsis</strong></span> <span class='ocrx_word' id='word_1_173' title='bbox 1083 2692 1360 2747; x_wconf 90' lang='lat' dir='ltr'><strong>paramus.</strong></span> <span class='ocrx_word' id='word_1_174' title='bbox 1389 2675 1674 2741; x_wconf 78' lang='lat' dir='ltr'><strong>Quomodo</strong></span> <span class='ocrx_word' id='word_1_175' title='bbox 1708 2682 1762 2729; x_wconf 88' lang='lat' dir='ltr'><strong>et</strong></span> <span class='ocrx_word' id='word_1_176' title='bbox 1798 2690 1905 2744; x_wconf 87' lang='lat' dir='ltr'><strong>qna</strong></span> <span class='ocrx_word' id='word_1_177' title='bbox 1924 2674 2053 2728; x_wconf 87' lang='lat' dir='ltr'><strong>via?</strong></span> 
     </span>
    </p>
   </div>
   <div class='ocr_carea' id='block_1_28' title="bbox 474 2764 2053 2843">
    <p class='ocr_par' dir='ltr' id='par_1_28' title="bbox 474 2764 2053 2843">
     <span class='ocr_line' id='line_1_28' title="bbox 474 2764 2053 2843; baseline -0.004 -18"><span class='ocrx_word' id='word_1_178' title='bbox 474 2764 721 2843; x_wconf 77' lang='lat' dir='ltr'><strong>Paupere</strong></span> <span class='ocrx_word' id='word_1_179' title='bbox 753 2771 819 2825; x_wconf 86' lang='lat' dir='ltr'><strong>ad</strong></span> <span class='ocrx_word' id='word_1_180' title='bbox 855 2786 941 2825; x_wconf 92' lang='lat' dir='ltr'><strong>me</strong></span> <span class='ocrx_word' id='word_1_181' title='bbox 970 2770 1222 2825; x_wconf 86' lang='lat' dir='ltr'><strong>veniente</strong></span> <span class='ocrx_word' id='word_1_182' title='bbox 1245 2808 1259 2831; x_wconf 91' lang='lat'><strong>,</strong></span> <span class='ocrx_word' id='word_1_183' title='bbox 1293 2768 1473 2837; x_wconf 91' lang='lat' dir='ltr'><strong>inquit</strong></span> <span class='ocrx_word' id='word_1_184' title='bbox 1505 2767 1781 2837; x_wconf 77' lang='lat' dir='ltr'><strong>magister,</strong></span> <span class='ocrx_word' id='word_1_185' title='bbox 1816 2772 1869 2819; x_wconf 91' lang='lat' dir='ltr'><strong>et</strong></span> <span class='ocrx_word' id='word_1_186' title='bbox 1908 2765 2053 2820; x_wconf 82' lang='lat' dir='ltr'><strong>elec-</strong></span> 
     </span>
    </p>
   </div>
   <div class='ocr_carea' id='block_1_29' title="bbox 477 2856 2053 2933">
    <p class='ocr_par' dir='ltr' id='par_1_29' title="bbox 477 2856 2053 2933">
     <span class='ocr_line' id='line_1_29' title="bbox 477 2856 2053 2933; baseline -0.004 -18"><span class='ocrx_word' id='word_1_187' title='bbox 477 2863 721 2933; x_wconf 88' lang='lat' dir='ltr'><strong>mosynis</strong></span> <span class='ocrx_word' id='word_1_188' title='bbox 758 2862 1072 2932; x_wconf 86' lang='lat' dir='ltr'><strong>indigente,</strong></span> <span class='ocrx_word' id='word_1_189' title='bbox 1109 2875 1238 2913; x_wconf 80' lang='lat' dir='ltr'><strong>mox</strong></span> <span class='ocrx_word' id='word_1_190' title='bbox 1270 2859 1477 2928; x_wconf 81' lang='lat' dir='ltr'><strong>absque</strong></span> <span class='ocrx_word' id='word_1_191' title='bbox 1519 2858 1864 2927; x_wconf 78' lang='lat' dir='ltr'><strong>eleemosyna</strong></span> <span class='ocrx_word' id='word_1_192' title='bbox 1915 2856 2053 2923; x_wconf 86' lang='lat' dir='ltr'><strong>reje—</strong></span> 
     </span>
    </p>
   </div>
   <div class='ocr_carea' id='block_1_30' title="bbox 476 2946 2052 3019">
    <p class='ocr_par' dir='ltr' id='par_1_30' title="bbox 476 2946 2052 3019">
     <span class='ocr_line' id='line_1_30' title="bbox 476 2946 2052 3019; baseline -0.004 -13"><span class='ocrx_word' id='word_1_193' title='bbox 476 2964 598 3019; x_wconf 79' lang='lat' dir='ltr'><strong>cto,</strong></span> <span class='ocrx_word' id='word_1_194' title='bbox 636 2963 815 3008; x_wconf 91' lang='lat' dir='ltr'><strong>metus</strong></span> <span class='ocrx_word' id='word_1_195' title='bbox 858 2961 912 3006; x_wconf 90' lang='lat' dir='ltr'><strong>et</strong></span> <span class='ocrx_word' id='word_1_196' title='bbox 952 2953 1115 3005; x_wconf 90' lang='lat' dir='ltr'><strong>timor</strong></span> <span class='ocrx_word' id='word_1_197' title='bbox 1168 2948 1455 3004; x_wconf 80' lang='lat' dir='ltr'><strong>confestim</strong></span> <span class='ocrx_word' id='word_1_198' title='bbox 1494 2947 1694 3002; x_wconf 86' lang='lat' dir='ltr'><strong>adsunt</strong></span> <span class='ocrx_word' id='word_1_199' title='bbox 1725 2962 1792 3001; x_wconf 91' lang='lat' dir='ltr'><strong>ne</strong></span> <span class='ocrx_word' id='word_1_200' title='bbox 1829 2946 1968 3000; x_wconf 81' lang='lat' dir='ltr'><strong>forte</strong></span> <span class='ocrx_word' id='word_1_201' title='bbox 2000 2954 2052 3000; x_wconf 80' lang='lat' dir='ltr'><strong>et</strong></span> 
     </span>
    </p>
   </div>
   <div class='ocr_carea' id='block_1_31' title="bbox 478 3036 2045 3113">
    <p class='ocr_par' dir='ltr' id='par_1_31' title="bbox 478 3036 2045 3113">
     <span class='ocr_line' id='line_1_31' title="bbox 478 3036 2045 3113; baseline -0.003 -18"><span class='ocrx_word' id='word_1_202' title='bbox 478 3058 579 3113; x_wconf 87' lang='lat' dir='ltr'><strong>ego</strong></span> <span class='ocrx_word' id='word_1_203' title='bbox 617 3051 709 3095; x_wconf 89' lang='lat' dir='ltr'><strong>tua</strong></span> <span class='ocrx_word' id='word_1_204' title='bbox 745 3041 1104 3095; x_wconf 88' lang='lat' dir='ltr'><strong>miseratione</strong></span> <span class='ocrx_word' id='word_1_205' title='bbox 1144 3040 1396 3109; x_wconf 86' lang='lat' dir='ltr'><strong>indigens</strong></span> <span class='ocrx_word' id='word_1_206' title='bbox 1431 3039 1759 3101; x_wconf 81' lang='lat' dir='ltr'><strong>adveniens,</strong></span> <span class='ocrx_word' id='word_1_207' title='bbox 1791 3036 2008 3092; x_wconf 87' lang='lat' dir='ltr'><strong>Christe</strong></span> <span class='ocrx_word' id='word_1_208' title='bbox 2031 3076 2045 3101; x_wconf 88' lang='lat'><strong>,</strong></span> 
     </span>
    </p>
   </div>
   <div class='ocr_carea' id='block_1_32' title="bbox 473 3129 2047 3202">
    <p class='ocr_par' dir='ltr' id='par_1_32' title="bbox 473 3129 2047 3202">
     <span class='ocr_line' id='line_1_32' title="bbox 473 3129 2047 3202; baseline -0.002 -15"><span class='ocrx_word' id='word_1_209' title='bbox 473 3147 681 3187; x_wconf 84' lang='lat' dir='ltr'><strong>vacuus</strong></span> <span class='ocrx_word' id='word_1_210' title='bbox 711 3133 943 3202; x_wconf 84' lang='lat' dir='ltr'><strong>repellar</strong></span> <span class='ocrx_word' id='word_1_211' title='bbox 982 3131 1141 3200; x_wconf 81' lang='lat' dir='ltr'><strong>juxta</strong></span> <span class='ocrx_word' id='word_1_212' title='bbox 1186 3131 1369 3186; x_wconf 87' lang='lat' dir='ltr'><strong>cordis</strong></span> <span class='ocrx_word' id='word_1_213' title='bbox 1421 3131 1526 3186; x_wconf 90' lang='lat' dir='ltr'><strong>mei</strong></span> <span class='ocrx_word' id='word_1_214' title='bbox 1571 3129 1826 3184; x_wconf 88' lang='lat' dir='ltr'><strong>duritatis</strong></span> <span class='ocrx_word' id='word_1_215' title='bbox 1866 3129 2047 3200; x_wconf 86' lang='lat' dir='ltr'><strong>leges,</strong></span> 
     </span>
    </p>
   </div>
   <div class='ocr_carea' id='block_1_33' title="bbox 479 3218 2052 3292">
    <p class='ocr_par' dir='ltr' id='par_1_33' title="bbox 479 3218 2052 3292">
     <span class='ocr_line' id='line_1_33' title="bbox 479 3218 2052 3292; baseline -0.003 -13"><span class='ocrx_word' id='word_1_216' title='bbox 479 3238 620 3292; x_wconf 89' lang='lat' dir='ltr'><strong>opus</strong></span> <span class='ocrx_word' id='word_1_217' title='bbox 648 3222 853 3278; x_wconf 88' lang='lat' dir='ltr'><strong>habens</strong></span> <span class='ocrx_word' id='word_1_218' title='bbox 885 3220 1105 3292; x_wconf 89' lang='lat' dir='ltr'><strong>quidem</strong></span> <span class='ocrx_word' id='word_1_219' title='bbox 1135 3221 1570 3276; x_wconf 85' lang='lat' dir='ltr'><strong>benevolentiam</strong></span> <span class='ocrx_word' id='word_1_220' title='bbox 1605 3218 1914 3273; x_wconf 88' lang='lat' dir='ltr'><strong>inveniendi</strong></span> <span class='ocrx_word' id='word_1_221' title='bbox 1940 3259 1955 3284; x_wconf 89' lang='lat'><strong>,</strong></span> <span class='ocrx_word' id='word_1_222' title='bbox 1986 3234 2052 3274; x_wconf 90' lang='lat' dir='ltr'><strong>eo</strong></span> 
     </span>
    </p>
   </div>
   <div class='ocr_carea' id='block_1_34' title="bbox 474 3311 2050 3384">
    <p class='ocr_par' dir='ltr' id='par_1_34' title="bbox 474 3311 2050 3384">
     <span class='ocr_line' id='line_1_34' title="bbox 474 3311 2050 3384; baseline -0.001 -17"><span class='ocrx_word' id='word_1_223' title='bbox 474 3322 655 3369; x_wconf 89' lang='lat' dir='ltr'><strong>autem</strong></span> <span class='ocrx_word' id='word_1_224' title='bbox 729 3328 840 3368; x_wconf 89' lang='lat' dir='ltr'><strong>non</strong></span> <span class='ocrx_word' id='word_1_225' title='bbox 891 3312 1233 3384; x_wconf 89' lang='lat' dir='ltr'><strong>perveniens.</strong></span> <span class='ocrx_word' id='word_1_226' title='bbox 1286 3312 1445 3368; x_wconf 82' lang='lat' dir='ltr'><strong>Cur?</strong></span> <span class='ocrx_word' id='word_1_227' title='bbox 1496 3312 1634 3377; x_wconf 86' lang='lat' dir='ltr'><strong>Quia</strong></span> <span class='ocrx_word' id='word_1_228' title='bbox 1686 3311 1779 3380; x_wconf 92' lang='lat' dir='ltr'><strong>qui</strong></span> <span class='ocrx_word' id='word_1_229' title='bbox 1827 3326 2050 3381; x_wconf 90' lang='lat' dir='ltr'><strong>possum</strong></span> 
     </span>
    </p>
   </div>
   <div class='ocr_carea' id='block_1_35' title="bbox 472 3398 2052 3475">
    <p class='ocr_par' dir='ltr' id='par_1_35' title="bbox 472 3398 2052 3475">
     <span class='ocr_line' id='line_1_35' title="bbox 472 3398 2052 3475; baseline -0.005 -14"><span class='ocrx_word' id='word_1_230' title='bbox 472 3420 644 3475; x_wconf 84' lang='lat' dir='ltr'><strong>egeno</strong></span> <span class='ocrx_word' id='word_1_231' title='bbox 675 3404 871 3474; x_wconf 90' lang='lat' dir='ltr'><strong>stipem</strong></span> <span class='ocrx_word' id='word_1_232' title='bbox 903 3416 1130 3473; x_wconf 83' lang='lat' dir='ltr'><strong>erogare</strong></span> <span class='ocrx_word' id='word_1_233' title='bbox 1155 3408 1212 3455; x_wconf 91' lang='lat' dir='ltr'><strong>et</strong></span> <span class='ocrx_word' id='word_1_234' title='bbox 1257 3416 1363 3455; x_wconf 93' lang='lat' dir='ltr'><strong>non</strong></span> <span class='ocrx_word' id='word_1_235' title='bbox 1395 3414 1582 3470; x_wconf 86' lang='lat' dir='ltr'><strong>erogo,</strong></span> <span class='ocrx_word' id='word_1_236' title='bbox 1614 3398 1888 3469; x_wconf 88' lang='lat' dir='ltr'><strong>quomodo</strong></span> <span class='ocrx_word' id='word_1_237' title='bbox 1937 3399 2052 3468; x_wconf 89' lang='lat' dir='ltr'><strong>ipse</strong></span> 
     </span>
    </p>
   </div>
   <div class='ocr_carea' id='block_1_36' title="bbox 475 3486 2051 3562">
    <p class='ocr_par' dir='ltr' id='par_1_36' title="bbox 475 3486 2051 3562">
     <span class='ocr_line' id='line_1_36' title="bbox 475 3486 2051 3562; baseline -0.003 -17"><span class='ocrx_word' id='word_1_238' title='bbox 475 3491 728 3562; x_wconf 85' lang='lat' dir='ltr'><strong>indigens</strong></span> <span class='ocrx_word' id='word_1_239' title='bbox 759 3505 878 3545; x_wconf 87' lang='lat' dir='ltr'><strong>mea</strong></span> <span class='ocrx_word' id='word_1_240' title='bbox 909 3490 1027 3544; x_wconf 85' lang='lat' dir='ltr'><strong>vice</strong></span> <span class='ocrx_word' id='word_1_241' title='bbox 1056 3487 1369 3557; x_wconf 89' lang='lat' dir='ltr'><strong>recipiam?</strong></span> <span class='ocrx_word' id='word_1_242' title='bbox 1412 3487 1456 3539; x_wconf 84' lang='lat' dir='ltr'><strong>A</strong></span> <span class='ocrx_word' id='word_1_243' title='bbox 1501 3486 1723 3540; x_wconf 87' lang='lat' dir='ltr'><strong>Christo</strong></span> <span class='ocrx_word' id='word_1_244' title='bbox 1771 3486 1917 3539; x_wconf 89' lang='lat' dir='ltr'><strong>enim</strong></span> <span class='ocrx_word' id='word_1_245' title='bbox 1961 3502 2051 3541; x_wconf 84' lang='lat' dir='ltr'><strong>re-</strong></span> 
     </span>
    </p>
   </div>
   <div class='ocr_carea' id='block_1_37' title="bbox 474 3577 2049 3657">
    <p class='ocr_par' dir='ltr' id='par_1_37' title="bbox 474 3577 2049 3657">
     <span class='ocr_line' id='line_1_37' title="bbox 474 3577 2049 3657; baseline -0.003 -20"><span class='ocrx_word' id='word_1_246' title='bbox 474 3583 619 3651; x_wconf 86' lang='lat' dir='ltr'><strong>cipio</strong></span> <span class='ocrx_word' id='word_1_247' title='bbox 649 3597 731 3657; x_wconf 34' lang='lat' dir='ltr'><strong>an‘</strong></span> <span class='ocrx_word' id='word_1_248' title='bbox 746 3579 964 3634; x_wconf 89' lang='lat' dir='ltr'><strong>aliunde</strong></span> <span class='ocrx_word' id='word_1_249' title='bbox 983 3580 1006 3633; x_wconf 66' lang='grc' dir='ltr'><em>ἲ</em></span> <span class='ocrx_word' id='word_1_250' title='bbox 1026 3578 1168 3645; x_wconf 86' lang='lat' dir='ltr'><strong>Quid</strong></span> <span class='ocrx_word' id='word_1_251' title='bbox 1198 3577 1344 3632; x_wconf 91' lang='lat' dir='ltr'><strong>enim</strong></span> <span class='ocrx_word' id='word_1_252' title='bbox 1378 3577 1548 3632; x_wconf 89' lang='lat' dir='ltr'><strong>habes</strong></span> <span class='ocrx_word' id='word_1_253' title='bbox 1576 3577 1723 3647; x_wconf 90' lang='lat' dir='ltr'><strong>quod</strong></span> <span class='ocrx_word' id='word_1_254' title='bbox 1751 3592 1859 3631; x_wconf 92' lang='lat' dir='ltr'><strong>non</strong></span> <span class='ocrx_word' id='word_1_255' title='bbox 1890 3591 2049 3632; x_wconf 87' lang='lat' dir='ltr'><strong>acce—</strong></span> 
     </span>
    </p>
   </div>
   <div class='ocr_carea' id='block_1_38' title="bbox 474 3668 2050 3745">
    <p class='ocr_par' dir='ltr' id='par_1_38' title="bbox 474 3668 2050 3745">
     <span class='ocr_line' id='line_1_38' title="bbox 474 3668 2050 3745; baseline -0.004 -18"><span class='ocrx_word' id='word_1_256' title='bbox 474 3674 640 3745; x_wconf 83' lang='lat' dir='ltr'><strong>pisti,</strong></span> <span class='ocrx_word' id='word_1_257' title='bbox 674 3683 727 3729; x_wconf 88' lang='lat' dir='ltr'><strong>et</strong></span> <span class='ocrx_word' id='word_1_258' title='bbox 761 3673 829 3727; x_wconf 90' lang='lat' dir='ltr'><strong>ab</strong></span> <span class='ocrx_word' id='word_1_259' title='bbox 859 3673 1012 3742; x_wconf 90' lang='lat' dir='ltr'><strong>ipso,</strong></span> <span class='ocrx_word' id='word_1_260' title='bbox 1069 3680 1126 3725; x_wconf 91' lang='lat' dir='ltr'><strong>ut</strong></span> <span class='ocrx_word' id='word_1_261' title='bbox 1181 3669 1375 3740; x_wconf 86' lang='lat' dir='ltr'><strong>patet?</strong></span> <span class='ocrx_word' id='word_1_262' title='bbox 1422 3668 1527 3735; x_wconf 92' lang='lat' dir='ltr'><strong>Qui</strong></span> <span class='ocrx_word' id='word_1_263' title='bbox 1576 3683 1707 3738; x_wconf 90' lang='lat' dir='ltr'><strong>ergo</strong></span> <span class='ocrx_word' id='word_1_264' title='bbox 1747 3669 1967 3739; x_wconf 88' lang='lat' dir='ltr'><strong>accepi,</strong></span> <span class='ocrx_word' id='word_1_265' title='bbox 1998 3674 2050 3723; x_wconf 90' lang='lat' dir='ltr'><strong>et</strong></span> 
     </span>
    </p>
   </div>
   <div class='ocr_carea' id='block_1_39' title="bbox 474 3757 2050 3835">
    <p class='ocr_par' dir='ltr' id='par_1_39' title="bbox 474 3757 2050 3835">
     <span class='ocr_line' id='line_1_39' title="bbox 474 3757 2050 3835; baseline -0.004 -16"><span class='ocrx_word' id='word_1_266' title='bbox 474 3779 567 3835; x_wconf 85' lang='lat' dir='ltr'><strong>per</strong></span> <span class='ocrx_word' id='word_1_267' title='bbox 598 3776 892 3833; x_wconf 89' lang='lat' dir='ltr'><strong>pauperem</strong></span> <span class='ocrx_word' id='word_1_268' title='bbox 941 3760 1269 3817; x_wconf 89' lang='lat' dir='ltr'><strong>sollicitatus</strong></span> <span class='ocrx_word' id='word_1_269' title='bbox 1323 3757 1685 3828; x_wconf 85' lang='lat' dir='ltr'><strong>experimenti</strong></span> <span class='ocrx_word' id='word_1_270' title='bbox 1735 3758 1944 3829; x_wconf 90' lang='lat' dir='ltr'><strong>gratia,</strong></span> <span class='ocrx_word' id='word_1_271' title='bbox 1998 3765 2050 3812; x_wconf 91' lang='lat' dir='ltr'><strong>et</strong></span> 
     </span>
    </p>
   </div>
   <div class='ocr_carea' id='block_1_40' title="bbox 474 3848 2050 3924">
    <p class='ocr_par' dir='ltr' id='par_1_40' title="bbox 474 3848 2050 3924">
     <span class='ocr_line' id='line_1_40' title="bbox 474 3848 2050 3924; baseline -0.004 -16"><span class='ocrx_word' id='word_1_272' title='bbox 474 3870 583 3924; x_wconf 78' lang='lat' dir='ltr'><strong>pra:</strong></span> <span class='ocrx_word' id='word_1_273' title='bbox 619 3854 905 3923; x_wconf 88' lang='lat' dir='ltr'><strong>iniquitate</strong></span> <span class='ocrx_word' id='word_1_274' title='bbox 938 3867 1046 3905; x_wconf 91' lang='lat' dir='ltr'><strong>non</strong></span> <span class='ocrx_word' id='word_1_275' title='bbox 1081 3865 1284 3921; x_wconf 87' lang='lat' dir='ltr'><strong>erogo,</strong></span> <span class='ocrx_word' id='word_1_276' title='bbox 1330 3849 1608 3919; x_wconf 91' lang='lat' dir='ltr'><strong>quomodo</strong></span> <span class='ocrx_word' id='word_1_277' title='bbox 1661 3849 1856 3903; x_wconf 88' lang='lat' dir='ltr'><strong>iterum</strong></span> <span class='ocrx_word' id='word_1_278' title='bbox 1911 3848 2050 3902; x_wconf 88' lang='lat' dir='ltr'><strong>reci-</strong></span> 
     </span>
    </p>
   </div>
   <div class='ocr_carea' id='block_1_41' title="bbox 472 3936 2050 4015">
    <p class='ocr_par' dir='ltr' id='par_1_41' title="bbox 472 3936 2050 4015">
     <span class='ocr_line' id='line_1_41' title="bbox 472 3936 2050 4015; baseline -0.004 -17"><span class='ocrx_word' id='word_1_279' title='bbox 472 3944 657 4015; x_wconf 87' lang='lat' dir='ltr'><strong>piam?</strong></span> <span class='ocrx_word' id='word_1_280' title='bbox 689 3942 789 4009; x_wconf 86' lang='lat' dir='ltr'><strong>Qui</strong></span> <span class='ocrx_word' id='word_1_281' title='bbox 822 3942 971 3997; x_wconf 90' lang='lat' dir='ltr'><strong>enim</strong></span> <span class='ocrx_word' id='word_1_282' title='bbox 1019 3941 1174 3995; x_wconf 88' lang='lat' dir='ltr'><strong>danti</strong></span> <span class='ocrx_word' id='word_1_283' title='bbox 1230 3939 1415 3993; x_wconf 87' lang='lat' dir='ltr'><strong>omnia</strong></span> <span class='ocrx_word' id='word_1_284' title='bbox 1465 3938 1595 3992; x_wconf 87' lang='lat' dir='ltr'><strong>dare</strong></span> <span class='ocrx_word' id='word_1_285' title='bbox 1642 3946 1797 3992; x_wconf 83' lang='lat' dir='ltr'><strong>tenax</strong></span> <span class='ocrx_word' id='word_1_286' title='bbox 1830 3936 2050 3992; x_wconf 87' lang='lat' dir='ltr'><strong>sordide</strong></span> 
     </span>
    </p>
   </div>
   <div class='ocr_carea' id='block_1_42' title="bbox 474 4026 2049 4099">
    <p class='ocr_par' dir='ltr' id='par_1_42' title="bbox 474 4026 2049 4099">
     <span class='ocr_line' id='line_1_42' title="bbox 474 4026 2049 4099; baseline -0.004 -11"><span class='ocrx_word' id='word_1_287' title='bbox 474 4038 711 4096; x_wconf 79' lang='lat' dir='ltr'><strong>recusat,</strong></span> <span class='ocrx_word' id='word_1_288' title='bbox 748 4030 885 4085; x_wconf 89' lang='lat' dir='ltr'><strong>nihil</strong></span> <span class='ocrx_word' id='word_1_289' title='bbox 952 4031 1196 4099; x_wconf 86' lang='lat' dir='ltr'><strong>recipere</strong></span> <span class='ocrx_word' id='word_1_290' title='bbox 1247 4036 1458 4099; x_wconf 85' lang='lat' dir='ltr'><strong>speret,</strong></span> <span class='ocrx_word' id='word_1_291' title='bbox 1486 4043 1516 4080; x_wconf 88' lang='lat' dir='ltr'><strong>e</strong></span> <span class='ocrx_word' id='word_1_292' title='bbox 1546 4035 1737 4081; x_wconf 89' lang='lat' dir='ltr'><strong>contra</strong></span> <span class='ocrx_word' id='word_1_293' title='bbox 1780 4026 1946 4096; x_wconf 87' lang='lat' dir='ltr'><strong>igitur</strong></span> <span class='ocrx_word' id='word_1_294' title='bbox 1994 4034 2049 4082; x_wconf 89' lang='lat' dir='ltr'><strong>et</strong></span> 
     </span>
    </p>
   </div>
   <div class='ocr_carea' id='block_1_43' title="bbox 470 4115 1790 4190">
    <p class='ocr_par' dir='ltr' id='par_1_43' title="bbox 470 4115 1790 4190">
     <span class='ocr_line' id='line_1_43' title="bbox 470 4115 1790 4190; baseline -0.004 -15"><span class='ocrx_word' id='word_1_295' title='bbox 470 4135 593 4190; x_wconf 76' lang='lat' dir='ltr'><strong>qua:</strong></span> <span class='ocrx_word' id='word_1_296' title='bbox 623 4119 843 4173; x_wconf 90' lang='lat' dir='ltr'><strong>videtur</strong></span> <span class='ocrx_word' id='word_1_297' title='bbox 877 4117 1079 4174; x_wconf 87' lang='lat' dir='ltr'><strong>habere</strong></span> <span class='ocrx_word' id='word_1_298' title='bbox 1110 4117 1178 4171; x_wconf 88' lang='lat' dir='ltr'><strong>ab</strong></span> <span class='ocrx_word' id='word_1_299' title='bbox 1209 4132 1273 4173; x_wconf 89' lang='lat' dir='ltr'><strong>eo</strong></span> <span class='ocrx_word' id='word_1_300' title='bbox 1303 4115 1598 4171; x_wconf 86' lang='lat' dir='ltr'><strong>auferenda</strong></span> <span class='ocrx_word' id='word_1_301' title='bbox 1631 4115 1790 4170; x_wconf 85' lang='lat' dir='ltr'><strong>sciat.</strong></span> 
     </span>
    </p>
   </div>
   <div class='ocr_carea' id='block_1_44' title="bbox 474 4221 1475 4292">
    <p class='ocr_par' dir='ltr' id='par_1_44' title="bbox 474 4221 1475 4292">
     <span class='ocr_line' id='line_1_44' title="bbox 474 4221 1475 4292; baseline -0.002 -15"><span class='ocrx_word' id='word_1_302' title='bbox 474 4224 599 4278; x_wconf 72' lang='grc'><strong>125.</strong></span> <span class='ocrx_word' id='word_1_303' title='bbox 645 4222 885 4292; x_wconf 83' lang='lat' dir='ltr'><strong>Paupere</strong></span> <span class='ocrx_word' id='word_1_304' title='bbox 913 4223 1020 4277; x_wconf 73' lang='lat' dir='ltr'><strong>viro</strong></span> <span class='ocrx_word' id='word_1_305' title='bbox 1048 4221 1181 4276; x_wconf 76' lang='lat' dir='ltr'><strong>nihil</strong></span> <span class='ocrx_word' id='word_1_306' title='bbox 1217 4222 1475 4276; x_wconf 79' lang='lat' dir='ltr'><strong>securius.</strong></span> 
     </span>
    </p>
   </div>
   <div class='ocr_carea' id='block_1_45' title="bbox 537 4331 2045 4407">
    <p class='ocr_par' dir='ltr' id='par_1_45' title="bbox 537 4331 2045 4407">
     <span class='ocr_line' id='line_1_45' title="bbox 537 4331 2045 4407; baseline -0.003 -16"><span class='ocrx_word' id='word_1_307' title='bbox 537 4337 675 4391; x_wconf 92' lang='lat' dir='ltr'><strong>Cum</strong></span> <span class='ocrx_word' id='word_1_308' title='bbox 710 4337 863 4392; x_wconf 89' lang='lat' dir='ltr'><strong>multi</strong></span> <span class='ocrx_word' id='word_1_309' title='bbox 893 4343 1271 4407; x_wconf 88' lang='lat' dir='ltr'><strong>paupertatem</strong></span> <span class='ocrx_word' id='word_1_310' title='bbox 1311 4333 1614 4398; x_wconf 82' lang='lat' dir='ltr'><strong>vitandam,</strong></span> <span class='ocrx_word' id='word_1_311' title='bbox 1652 4331 1809 4389; x_wconf 86' lang='lat' dir='ltr'><strong>valde</strong></span> <span class='ocrx_word' id='word_1_312' title='bbox 1849 4333 2045 4388; x_wconf 88' lang='lat' dir='ltr'><strong>malam</strong></span> 
     </span>
    </p>
   </div>
   <div class='ocr_carea' id='block_1_46' title="bbox 468 4423 2049 4493">
    <p class='ocr_par' dir='ltr' id='par_1_46' title="bbox 468 4423 2049 4493">
     <span class='ocr_line' id='line_1_46' title="bbox 468 4423 2049 4493; baseline 0 -13"><span class='ocrx_word' id='word_1_313' title='bbox 468 4432 524 4480; x_wconf 86' lang='lat' dir='ltr'><strong>et</strong></span> <span class='ocrx_word' id='word_1_314' title='bbox 550 4423 928 4480; x_wconf 83' lang='lat' dir='ltr'><strong>detestandam</strong></span> <span class='ocrx_word' id='word_1_315' title='bbox 949 4425 1171 4486; x_wconf 91' lang='lat' dir='ltr'><strong>ducant,</strong></span> <span class='ocrx_word' id='word_1_316' title='bbox 1199 4424 1321 4477; x_wconf 90' lang='lat' dir='ltr'><strong>ideo</strong></span> <span class='ocrx_word' id='word_1_317' title='bbox 1343 4423 1643 4493; x_wconf 84' lang='lat' dir='ltr'><strong>praesertim</strong></span> <span class='ocrx_word' id='word_1_318' title='bbox 1683 4430 1736 4478; x_wconf 91' lang='lat' dir='ltr'><strong>et</strong></span> <span class='ocrx_word' id='word_1_319' title='bbox 1763 4424 2049 4493; x_wconf 84' lang='lat' dir='ltr'><strong>egentibus</strong></span> 
     </span>
    </p>
   </div>
   <div class='ocr_carea' id='block_1_47' title="bbox 471 4514 2043 4585">
    <p class='ocr_par' dir='ltr' id='par_1_47' title="bbox 471 4514 2043 4585">
     <span class='ocr_line' id='line_1_47' title="bbox 471 4514 2043 4585; baseline -0.003 -13"><span class='ocrx_word' id='word_1_320' title='bbox 471 4518 762 4572; x_wconf 83' lang='lat' dir='ltr'><strong>subvenire</strong></span> <span class='ocrx_word' id='word_1_321' title='bbox 814 4516 1049 4582; x_wconf 89' lang='lat' dir='ltr'><strong>nolunt,</strong></span> <span class='ocrx_word' id='word_1_322' title='bbox 1097 4521 1478 4585; x_wconf 90' lang='lat' dir='ltr'><strong>paupertatem</strong></span> <span class='ocrx_word' id='word_1_323' title='bbox 1519 4514 1833 4584; x_wconf 85' lang='lat' dir='ltr'><strong>suspicione</strong></span> <span class='ocrx_word' id='word_1_324' title='bbox 1879 4515 2043 4567; x_wconf 90' lang='lat' dir='ltr'><strong>attin-</strong></span> 
     </span>
    </p>
   </div>
   <div class='ocr_carea' id='block_1_48' title="bbox 470 4606 2042 4681">
    <p class='ocr_par' dir='ltr' id='par_1_48' title="bbox 470 4606 2042 4681">
     <span class='ocr_line' id='line_1_48' title="bbox 470 4606 2042 4681; baseline -0.003 -17"><span class='ocrx_word' id='word_1_325' title='bbox 470 4618 697 4681; x_wconf 84' lang='lat' dir='ltr'><strong>gentes,</strong></span> <span class='ocrx_word' id='word_1_326' title='bbox 747 4606 1153 4679; x_wconf 88' lang='lat' dir='ltr'><strong>sapientissime</strong></span> <span class='ocrx_word' id='word_1_327' title='bbox 1205 4606 1386 4661; x_wconf 90' lang='lat' dir='ltr'><strong>divine</strong></span> <span class='ocrx_word' id='word_1_328' title='bbox 1432 4620 1767 4662; x_wconf 75' lang='lat' dir='ltr'><strong>conversans</strong></span> <span class='ocrx_word' id='word_1_329' title='bbox 1814 4606 2042 4660; x_wconf 88' lang='lat' dir='ltr'><strong>istorum</strong></span> 
     </span>
    </p>
   </div>
   <div class='ocr_carea' id='block_1_49' title="bbox 469 4697 2041 4772">
    <p class='ocr_par' dir='ltr' id='par_1_49' title="bbox 469 4697 2041 4772">
     <span class='ocr_line' id='line_1_49' title="bbox 469 4697 2041 4772; baseline -0.001 -18"><span class='ocrx_word' id='word_1_330' title='bbox 469 4701 710 4772; x_wconf 87' lang='lat' dir='ltr'><strong>inopiam</strong></span> <span class='ocrx_word' id='word_1_331' title='bbox 739 4700 1052 4755; x_wconf 87' lang='lat' dir='ltr'><strong>consolatur</strong></span> <span class='ocrx_word' id='word_1_332' title='bbox 1105 4705 1158 4752; x_wconf 88' lang='lat' dir='ltr'><strong>et</strong></span> <span class='ocrx_word' id='word_1_333' title='bbox 1216 4698 1444 4752; x_wconf 90' lang='lat' dir='ltr'><strong>divitum</strong></span> <span class='ocrx_word' id='word_1_334' title='bbox 1488 4699 1679 4751; x_wconf 72' lang='lat' dir='ltr'><strong>animae</strong></span> <span class='ocrx_word' id='word_1_335' title='bbox 1726 4697 2041 4753; x_wconf 90' lang='lat' dir='ltr'><strong>tenuitatem</strong></span> 
     </span>
    </p>
   </div>
   <div class='ocr_carea' id='block_1_50' title="bbox 470 4790 2040 4866">
    <p class='ocr_par' dir='ltr' id='par_1_50' title="bbox 470 4790 2040 4866">
     <span class='ocr_line' id='line_1_50' title="bbox 470 4790 2040 4866; baseline -0.001 -21"><span class='ocrx_word' id='word_1_336' title='bbox 470 4793 712 4848; x_wconf 85' lang='lat' dir='ltr'><strong>remedio</strong></span> <span class='ocrx_word' id='word_1_337' title='bbox 739 4791 1111 4866; x_wconf 50' lang='lat' dir='ltr'><strong>curat-dicens</strong></span> <span class='ocrx_word' id='word_1_338' title='bbox 1138 4805 1377 4861; x_wconf 90' lang='lat' dir='ltr'><strong>paupere</strong></span> <span class='ocrx_word' id='word_1_339' title='bbox 1405 4790 1540 4843; x_wconf 91' lang='lat' dir='ltr'><strong>nihil</strong></span> <span class='ocrx_word' id='word_1_340' title='bbox 1570 4791 1761 4856; x_wconf 88' lang='lat' dir='ltr'><strong>tutius,</strong></span> <span class='ocrx_word' id='word_1_341' title='bbox 1809 4790 1943 4843; x_wconf 88' lang='lat' dir='ltr'><strong>nihil</strong></span> <span class='ocrx_word' id='word_1_342' title='bbox 1970 4790 2040 4844; x_wconf 90' lang='lat' dir='ltr'><strong>ti-</strong></span> 
     </span>
    </p>
   </div>
   <div class='ocr_carea' id='block_1_51' title="bbox 472 4879 2042 4953">
    <p class='ocr_par' dir='ltr' id='par_1_51' title="bbox 472 4879 2042 4953">
     <span class='ocr_line' id='line_1_51' title="bbox 472 4879 2042 4953; baseline 0.001 -19"><span class='ocrx_word' id='word_1_343' title='bbox 472 4897 623 4936; x_wconf 90' lang='lat' dir='ltr'><strong>more</strong></span> <span class='ocrx_word' id='word_1_344' title='bbox 674 4891 729 4938; x_wconf 86' lang='lat' dir='ltr'><strong>ct</strong></span> <span class='ocrx_word' id='word_1_345' title='bbox 788 4883 1029 4953; x_wconf 88' lang='lat' dir='ltr'><strong>periculo</strong></span> <span class='ocrx_word' id='word_1_346' title='bbox 1090 4880 1352 4947; x_wconf 87' lang='lat' dir='ltr'><strong>liberius;</strong></span> <span class='ocrx_word' id='word_1_347' title='bbox 1409 4894 1518 4933; x_wconf 92' lang='lat' dir='ltr'><strong>non</strong></span> <span class='ocrx_word' id='word_1_348' title='bbox 1566 4879 1710 4934; x_wconf 91' lang='lat' dir='ltr'><strong>enim</strong></span> <span class='ocrx_word' id='word_1_349' title='bbox 1755 4880 1896 4934; x_wconf 85' lang='lat' dir='ltr'><strong>bona</strong></span> <span class='ocrx_word' id='word_1_350' title='bbox 1949 4888 2042 4935; x_wconf 84' lang='lat' dir='ltr'><strong>aut</strong></span> 
     </span>
    </p>
   </div>
   <div class='ocr_carea' id='block_1_52' title="bbox 471 4974 2042 5046">
    <p class='ocr_par' dir='ltr' id='par_1_52' title="bbox 471 4974 2042 5046">
     <span class='ocr_line' id='line_1_52' title="bbox 471 4974 2042 5046; baseline 0.001 -21"><span class='ocrx_word' id='word_1_351' title='bbox 471 4987 650 5042; x_wconf 85' lang='lat' dir='ltr'><strong>agros,</strong></span> <span class='ocrx_word' id='word_1_352' title='bbox 676 4981 769 5027; x_wconf 89' lang='lat' dir='ltr'><strong>aut</strong></span> <span class='ocrx_word' id='word_1_353' title='bbox 810 4990 1032 5046; x_wconf 86' lang='lat' dir='ltr'><strong>gregum</strong></span> <span class='ocrx_word' id='word_1_354' title='bbox 1078 4982 1323 5029; x_wconf 84' lang='lat' dir='ltr'><strong>catervas</strong></span> <span class='ocrx_word' id='word_1_355' title='bbox 1352 4980 1445 5026; x_wconf 91' lang='lat' dir='ltr'><strong>aut</strong></span> <span class='ocrx_word' id='word_1_356' title='bbox 1482 4988 1763 5028; x_wconf 88' lang='lat' dir='ltr'><strong>servorum</strong></span> <span class='ocrx_word' id='word_1_357' title='bbox 1796 4974 2042 5043; x_wconf 82' lang='lat' dir='ltr'><strong>providet</strong></span> 
     </span>
    </p>
   </div>
   <div class='ocr_carea' id='block_1_53' title="bbox 471 5063 2040 5129">
    <p class='ocr_par' dir='ltr' id='par_1_53' title="bbox 471 5063 2040 5129">
     <span class='ocr_line' id='line_1_53' title="bbox 471 5063 2040 5129; baseline 0.001 -13"><span class='ocrx_word' id='word_1_358' title='bbox 471 5063 897 5129; x_wconf 89' lang='lat' dir='ltr'><strong>multitudinem,</strong></span> <span class='ocrx_word' id='word_1_359' title='bbox 941 5065 1161 5120; x_wconf 85' lang='lat' dir='ltr'><strong>ﬂuentia</strong></span> <span class='ocrx_word' id='word_1_360' title='bbox 1183 5074 1238 5120; x_wconf 88' lang='lat' dir='ltr'><strong>et</strong></span> <span class='ocrx_word' id='word_1_361' title='bbox 1280 5064 1457 5120; x_wconf 90' lang='lat' dir='ltr'><strong>instar</strong></span> <span class='ocrx_word' id='word_1_362' title='bbox 1490 5066 1689 5119; x_wconf 90' lang='lat' dir='ltr'><strong>somnii</strong></span> <span class='ocrx_word' id='word_1_363' title='bbox 1724 5064 2040 5119; x_wconf 84' lang='lat' dir='ltr'><strong>transitoria</strong></span> 
     </span>
    </p>
   </div>
   <div class='ocr_carea' id='block_1_54' title="bbox 470 5152 2038 5223">
    <p class='ocr_par' dir='ltr' id='par_1_54' title="bbox 470 5152 2038 5223">
     <span class='ocr_line' id='line_1_54' title="bbox 470 5152 2038 5223; baseline 0 -16"><span class='ocrx_word' id='word_1_364' title='bbox 470 5161 520 5207; x_wconf 86' lang='lat' dir='ltr'><strong>et</strong></span> <span class='ocrx_word' id='word_1_365' title='bbox 575 5154 879 5223; x_wconf 88' lang='lat' dir='ltr'><strong>pereuntia,</strong></span> <span class='ocrx_word' id='word_1_366' title='bbox 941 5155 1116 5208; x_wconf 92' lang='lat' dir='ltr'><strong>solum</strong></span> <span class='ocrx_word' id='word_1_367' title='bbox 1187 5154 1354 5209; x_wconf 88' lang='lat' dir='ltr'><strong>Deum</strong></span> <span class='ocrx_word' id='word_1_368' title='bbox 1399 5152 1730 5217; x_wconf 89' lang='lat' dir='ltr'><strong>considerat,</strong></span> <span class='ocrx_word' id='word_1_369' title='bbox 1782 5152 1875 5223; x_wconf 87' lang='lat' dir='ltr'><strong>qui</strong></span> <span class='ocrx_word' id='word_1_370' title='bbox 1926 5161 2038 5219; x_wconf 87' lang='lat' dir='ltr'><strong>est,</strong></span> 
     </span>
    </p>
   </div>
   <div class='ocr_carea' id='block_1_55' title="bbox 469 5244 2044 5315">
    <p class='ocr_par' dir='ltr' id='par_1_55' title="bbox 469 5244 2044 5315">
     <span class='ocr_line' id='line_1_55' title="bbox 469 5244 2044 5315; baseline -0.002 -16"><span class='ocrx_word' id='word_1_371' title='bbox 469 5244 562 5314; x_wconf 84' lang='lat' dir='ltr'><strong>qui</strong></span> <span class='ocrx_word' id='word_1_372' title='bbox 623 5250 844 5310; x_wconf 86' lang='lat' dir='ltr'><strong>manet,</strong></span> <span class='ocrx_word' id='word_1_373' title='bbox 905 5244 998 5313; x_wconf 91' lang='lat' dir='ltr'><strong>qui</strong></span> <span class='ocrx_word' id='word_1_374' title='bbox 1052 5254 1258 5299; x_wconf 70' lang='lat' dir='ltr'><strong>natura:</strong></span> <span class='ocrx_word' id='word_1_375' title='bbox 1334 5244 1731 5315; x_wconf 87' lang='lat' dir='ltr'><strong>providentiam</strong></span> <span class='ocrx_word' id='word_1_376' title='bbox 1804 5244 2044 5313; x_wconf 62' lang='lat' dir='ltr'><strong>praebet;</strong></span> 
     </span>
    </p>
   </div>
   <div class='ocr_carea' id='block_1_56' title="bbox 445 5336 2045 5409">
    <p class='ocr_par' dir='ltr' id='par_1_56' title="bbox 445 5336 2045 5409">
     <span class='ocr_line' id='line_1_56' title="bbox 445 5336 2045 5409; baseline 0.001 -20"><span class='ocrx_word' id='word_1_377' title='bbox 445 5338 538 5391; x_wconf 77' lang='lat' dir='ltr'><strong>&#39;ad</strong></span> <span class='ocrx_word' id='word_1_378' title='bbox 601 5352 763 5409; x_wconf 88' lang='lat' dir='ltr'><strong>quem</strong></span> <span class='ocrx_word' id='word_1_379' title='bbox 794 5337 995 5408; x_wconf 86' lang='lat' dir='ltr'><strong>jugiter</strong></span> <span class='ocrx_word' id='word_1_380' title='bbox 1058 5336 1274 5403; x_wconf 86' lang='lat' dir='ltr'><strong>tendit,</strong></span> <span class='ocrx_word' id='word_1_381' title='bbox 1338 5339 1644 5408; x_wconf 87' lang='lat' dir='ltr'><strong>proximum</strong></span> <span class='ocrx_word' id='word_1_382' title='bbox 1716 5338 1895 5406; x_wconf 92' lang='lat' dir='ltr'><strong>ipsum</strong></span> <span class='ocrx_word' id='word_1_383' title='bbox 1969 5337 2045 5390; x_wconf 33' lang='lat' dir='ltr'><strong>vis</strong></span> 
     </span>
    </p>
   </div>
   <div class='ocr_carea' id='block_1_57' title="bbox 544 5513 1130 5587">
    <p class='ocr_par' dir='ltr' id='par_1_57' title="bbox 544 5513 1130 5587">
     <span class='ocr_line' id='line_1_57' title="bbox 544 5513 1130 5587; baseline 0 -20"><span class='ocrx_word' id='word_1_384' title='bbox 544 5515 624 5587; x_wconf 63' lang='grc' dir='ltr'><strong>(ὃ)</strong></span> <span class='ocrx_word' id='word_1_385' title='bbox 654 5514 793 5587; x_wconf 81' lang='lat' dir='ltr'><strong>Cod.</strong></span> <span class='ocrx_word' id='word_1_386' title='bbox 816 5513 1130 5587; x_wconf 79' lang='grc' dir='ltr'>σκωληκῶν.</span> 
     </span>
    </p>
   </div>
   <div class='ocr_carea' id='block_1_58' title="bbox 545 5585 1031 5644">
    <p class='ocr_par' dir='ltr' id='par_1_58' title="bbox 545 5585 1031 5644">
     <span class='ocr_line' id='line_1_58' title="bbox 545 5585 1031 5644; baseline 0 -5"><span class='ocrx_word' id='word_1_387' title='bbox 545 5586 620 5644; x_wconf 68' lang='grc' dir='ltr'><strong>σοι)</strong></span> <span class='ocrx_word' id='word_1_388' title='bbox 651 5585 784 5637; x_wconf 81' lang='lat' dir='ltr'><strong>Cod.</strong></span> <span class='ocrx_word' id='word_1_389' title='bbox 818 5585 1031 5639; x_wconf 83' lang='grc' dir='ltr'>συνιῶν.</span> 
     </span>
    </p>
   </div>
   <div class='ocr_carea' id='block_1_59' title="bbox 545 5653 1278 5717">
    <p class='ocr_par' dir='ltr' id='par_1_59' title="bbox 545 5653 1278 5717">
     <span class='ocr_line' id='line_1_59' title="bbox 545 5653 1278 5717; baseline -0.007 -7"><span class='ocrx_word' id='word_1_390' title='bbox 545 5654 623 5716; x_wconf 67' lang='grc'><strong>(5)</strong></span> <span class='ocrx_word' id='word_1_391' title='bbox 651 5655 954 5717; x_wconf 82' lang='grc' dir='ltr'>Δυσπιθῶς,</span> <span class='ocrx_word' id='word_1_392' title='bbox 985 5656 1063 5708; x_wconf 83' lang='lat' dir='ltr'><strong>sic</strong></span> <span class='ocrx_word' id='word_1_393' title='bbox 1090 5653 1278 5708; x_wconf 72' lang='lat' dir='ltr'><strong>codex.</strong></span> 
     </span>
    </p>
   </div>
   <div class='ocr_carea' id='block_1_60' title="bbox 546 5715 2031 5797">
    <p class='ocr_par' dir='ltr' id='par_1_60' title="bbox 546 5715 2031 5797">
     <span class='ocr_line' id='line_1_60' title="bbox 546 5715 2031 5797; baseline 0.001 -23"><span class='ocrx_word' id='word_1_394' title='bbox 546 5724 620 5783; x_wconf 59' lang='grc' dir='ltr'><strong>ιω</strong></span> <span class='ocrx_word' id='word_1_395' title='bbox 646 5722 893 5778; x_wconf 87' lang='lat' dir='ltr'><strong>Zonaras</strong></span> <span class='ocrx_word' id='word_1_396' title='bbox 918 5715 1011 5778; x_wconf 65' lang='lat' dir='ltr'><strong>Tol.</strong></span> <span class='ocrx_word' id='word_1_397' title='bbox 1038 5724 1109 5776; x_wconf 67' lang='lat'><strong>25</strong></span> <span class='ocrx_word' id='word_1_398' title='bbox 1139 5739 1181 5776; x_wconf 90' lang='lat' dir='ltr'><strong>r.</strong></span> <span class='ocrx_word' id='word_1_399' title='bbox 1212 5723 1242 5791; x_wconf 82' lang='grc' dir='ltr'>ἢ</span> <span class='ocrx_word' id='word_1_400' title='bbox 1266 5723 1345 5789; x_wconf 74' lang='grc' dir='ltr'>τὺ,</span> <span class='ocrx_word' id='word_1_401' title='bbox 1376 5715 1446 5789; x_wconf 75' lang='grc' dir='ltr'><strong>’ῼ</strong></span> <span class='ocrx_word' id='word_1_402' title='bbox 1480 5721 1586 5791; x_wconf 76' lang='grc' dir='ltr'><strong>γάρ</strong></span> <span class='ocrx_word' id='word_1_403' title='bbox 1612 5738 1693 5785; x_wconf 86' lang='grc' dir='ltr'><strong>τις</strong></span> <span class='ocrx_word' id='word_1_404' title='bbox 1720 5720 1816 5775; x_wconf 76' lang='grc' dir='ltr'><strong>οὐκ</strong></span> <span class='ocrx_word' id='word_1_405' title='bbox 1841 5720 2031 5797; x_wconf 64' lang='grc' dir='ltr'>ἔδωκε,</span> 
     </span>
    </p>
   </div>
   <div class='ocr_carea' id='block_1_61' title="bbox 1748 282 2332 340">
    <p class='ocr_par' dir='ltr' id='par_1_61' title="bbox 1748 282 2332 340">
     <span class='ocr_line' id='line_1_61' title="bbox 1748 282 2332 340; baseline -0.007 -1"><span class='ocrx_word' id='word_1_406' title='bbox 1748 283 2049 340; x_wconf 73' lang='lat' dir='ltr'><strong>NICETAS</strong></span> <span class='ocrx_word' id='word_1_407' title='bbox 2122 283 2209 338; x_wconf 83' lang='lat' dir='ltr'><strong>DA</strong></span> <span class='ocrx_word' id='word_1_408' title='bbox 2220 282 2332 339; x_wconf 77' lang='lat' dir='ltr'><strong>VID</strong></span> 
     </span>
    </p>
   </div>
   <div class='ocr_carea' id='block_1_62' title="bbox 3625 284 3733 340">
    <p class='ocr_par' dir='ltr' id='par_1_62' title="bbox 3625 284 3733 340">
     <span class='ocr_line' id='line_1_62' title="bbox 3625 284 3733 340; baseline 0.009 -1"><span class='ocrx_word' id='word_1_409' title='bbox 3625 284 3733 340; x_wconf 71' lang='lat' dir='ltr'><strong>8H}</strong></span> 
     </span>
    </p>
   </div>
   <div class='ocr_carea' id='block_1_63' title="bbox 2170 394 3734 474">
    <p class='ocr_par' dir='ltr' id='par_1_63' title="bbox 2170 394 3734 474">
     <span class='ocr_line' id='line_1_63' title="bbox 2170 394 3734 474; baseline -0.003 -20"><span class='ocrx_word' id='word_1_410' title='bbox 2170 407 2269 474; x_wconf 81' lang='grc' dir='ltr'>μὲν</span> <span class='ocrx_word' id='word_1_411' title='bbox 2292 399 2400 472; x_wconf 84' lang='grc' dir='ltr'><strong>γὰρ</strong></span> <span class='ocrx_word' id='word_1_412' title='bbox 2429 400 2532 453; x_wconf 77' lang='grc' dir='ltr'><strong>ὑπὸ</strong></span> <span class='ocrx_word' id='word_1_413' title='bbox 2553 398 2844 470; x_wconf 76' lang='grc' dir='ltr'><strong>σκωλήκων</strong></span> <span class='ocrx_word' id='word_1_414' title='bbox 2861 396 2961 468; x_wconf 75' lang='grc'><strong>(5),</strong></span> <span class='ocrx_word' id='word_1_415' title='bbox 2994 396 3091 450; x_wconf 87' lang='grc' dir='ltr'>ὃσα</span> <span class='ocrx_word' id='word_1_416' title='bbox 3120 394 3322 467; x_wconf 78' lang='grc' dir='ltr'>βρωτὰ,</span> <span class='ocrx_word' id='word_1_417' title='bbox 3349 395 3441 449; x_wconf 72' lang='grc' dir='ltr'>καὶ</span> <span class='ocrx_word' id='word_1_418' title='bbox 3462 395 3734 473; x_wconf 67' lang='grc' dir='ltr'>εῡσηπτα,</span> 
     </span>
    </p>
   </div>
   <div class='ocr_carea' id='block_1_64' title="bbox 2164 488 3741 563">
    <p class='ocr_par' dir='ltr' id='par_1_64' title="bbox 2164 488 3741 563">
     <span class='ocr_line' id='line_1_64' title="bbox 2164 488 3741 563; baseline -0.004 -17"><span class='ocrx_word' id='word_1_419' title='bbox 2164 495 2257 547; x_wconf 77' lang='grc' dir='ltr'>καὶ</span> <span class='ocrx_word' id='word_1_420' title='bbox 2287 492 2588 563; x_wconf 76' lang='grc' dir='ltr'>εὔφθαρτα·</span> <span class='ocrx_word' id='word_1_421' title='bbox 2619 491 2722 544; x_wconf 81' lang='grc' dir='ltr'><strong>ὑπὸ</strong></span> <span class='ocrx_word' id='word_1_422' title='bbox 2757 489 2949 560; x_wconf 83' lang='grc' dir='ltr'>φθόνου</span> <span class='ocrx_word' id='word_1_423' title='bbox 2978 488 3034 541; x_wconf 83' lang='grc' dir='ltr'>δὲ</span> <span class='ocrx_word' id='word_1_424' title='bbox 3064 488 3358 558; x_wconf 83' lang='grc' dir='ltr'>διαρπᾶται</span> <span class='ocrx_word' id='word_1_425' title='bbox 3383 488 3475 541; x_wconf 74' lang='grc' dir='ltr'><strong>καὶ</strong></span> <span class='ocrx_word' id='word_1_426' title='bbox 3501 488 3741 541; x_wconf 85' lang='grc' dir='ltr'>ἀπόλλυ-</span> 
     </span>
    </p>
   </div>
   <div class='ocr_carea' id='block_1_65' title="bbox 2162 577 3741 655">
    <p class='ocr_par' dir='ltr' id='par_1_65' title="bbox 2162 577 3741 655">
     <span class='ocr_line' id='line_1_65' title="bbox 2162 577 3741 655; baseline -0.004 -18"><span class='ocrx_word' id='word_1_427' title='bbox 2162 602 2252 639; x_wconf 88' lang='grc' dir='ltr'><strong>ται</strong></span> <span class='ocrx_word' id='word_1_428' title='bbox 2283 584 2503 655; x_wconf 84' lang='grc' dir='ltr'>χρυσὸς,</span> <span class='ocrx_word' id='word_1_429' title='bbox 2551 583 2645 635; x_wconf 67' lang='grc' dir='ltr'><strong>καὶ</strong></span> <span class='ocrx_word' id='word_1_430' title='bbox 2681 582 2940 653; x_wconf 80' lang='grc' dir='ltr'>ἄργυρος,</span> <span class='ocrx_word' id='word_1_431' title='bbox 2975 580 3069 633; x_wconf 73' lang='grc' dir='ltr'><strong>καὶ</strong></span> <span class='ocrx_word' id='word_1_432' title='bbox 3102 580 3203 655; x_wconf 82' lang='grc' dir='ltr'>ὅσα</span> <span class='ocrx_word' id='word_1_433' title='bbox 3241 578 3555 649; x_wconf 77' lang='grc' dir='ltr'><strong>δύσφθαρτα</strong></span> <span class='ocrx_word' id='word_1_434' title='bbox 3594 577 3741 630; x_wconf 81' lang='grc' dir='ltr'><strong>κατὰ</strong></span> 
     </span>
    </p>
   </div>
   <div class='ocr_carea' id='block_1_66' title="bbox 2162 652 3740 745">
    <p class='ocr_par' dir='ltr' id='par_1_66' title="bbox 2162 652 3740 745">
     <span class='ocr_line' id='line_1_66' title="bbox 2162 652 3740 745; baseline -0.004 -17"><span class='ocrx_word' id='word_1_435' title='bbox 2162 652 2335 745; x_wconf 30' lang='grc' dir='ltr'>φύσιν.</span> <span class='ocrx_word' id='word_1_436' title='bbox 2358 676 2517 728; x_wconf 90' lang='grc' dir='ltr'>είσίν.</span> <span class='ocrx_word' id='word_1_437' title='bbox 2565 652 2790 742; x_wconf 81' lang='grc' dir='ltr'>Ἀγαθὸν</span> <span class='ocrx_word' id='word_1_438' title='bbox 2817 668 2930 737; x_wconf 74' lang='grc' dir='ltr'>οὖν,</span> <span class='ocrx_word' id='word_1_439' title='bbox 2960 670 3039 741; x_wconf 78' lang='grc' dir='ltr'>τῷ</span> <span class='ocrx_word' id='word_1_440' title='bbox 3062 652 3281 742; x_wconf 66' lang='grc' dir='ltr'>Χριᾶτῷ</span> <span class='ocrx_word' id='word_1_441' title='bbox 3315 670 3740 739; x_wconf 76' lang='grc' dir='ltr'>προφθάσαντας</span> 
     </span>
    </p>
   </div>
   <div class='ocr_carea' id='block_1_67' title="bbox 2160 760 3740 835">
    <p class='ocr_par' dir='ltr' id='par_1_67' title="bbox 2160 760 3740 835">
     <span class='ocr_line' id='line_1_67' title="bbox 2160 760 3740 835; baseline -0.005 -14"><span class='ocrx_word' id='word_1_442' title='bbox 2160 768 2425 831; x_wconf 88' lang='grc' dir='ltr'>δανεῖσαι,</span> <span class='ocrx_word' id='word_1_443' title='bbox 2454 768 2549 820; x_wconf 71' lang='grc' dir='ltr'>καὶ</span> <span class='ocrx_word' id='word_1_444' title='bbox 2582 766 2741 819; x_wconf 83' lang='grc' dir='ltr'>αὐτὸν</span> <span class='ocrx_word' id='word_1_445' title='bbox 2797 764 2998 835; x_wconf 79' lang='grc' dir='ltr'>μᾶλλον</span> <span class='ocrx_word' id='word_1_446' title='bbox 3035 762 3178 833; x_wconf 76' lang='grc' dir='ltr'>ἔχειν</span> <span class='ocrx_word' id='word_1_447' title='bbox 3216 760 3497 833; x_wconf 77' lang='grc' dir='ltr'><strong>χρεώστην</strong></span> <span class='ocrx_word' id='word_1_448' title='bbox 3523 762 3740 814; x_wconf 80' lang='grc' dir='ltr'>λυσιτε-</span> 
     </span>
    </p>
   </div>
   <div class='ocr_carea' id='block_1_68' title="bbox 2161 854 3740 928">
    <p class='ocr_par' dir='ltr' id='par_1_68' title="bbox 2161 854 3740 928">
     <span class='ocr_line' id='line_1_68' title="bbox 2161 854 3740 928; baseline -0.004 -16"><span class='ocrx_word' id='word_1_449' title='bbox 2161 857 2416 912; x_wconf 80' lang='grc' dir='ltr'>λέστατον</span> <span class='ocrx_word' id='word_1_450' title='bbox 2449 858 2482 928; x_wconf 78' lang='grc' dir='ltr'>ἢ</span> <span class='ocrx_word' id='word_1_451' title='bbox 2526 858 2702 912; x_wconf 82' lang='grc' dir='ltr'>πάντα</span> <span class='ocrx_word' id='word_1_452' title='bbox 2728 856 2822 910; x_wconf 81' lang='grc' dir='ltr'>τοῦ</span> <span class='ocrx_word' id='word_1_453' title='bbox 2859 855 3062 924; x_wconf 86' lang='grc' dir='ltr'>κόσμον</span> <span class='ocrx_word' id='word_1_454' title='bbox 3086 854 3177 909; x_wconf 81' lang='grc' dir='ltr'>τὸν</span> <span class='ocrx_word' id='word_1_455' title='bbox 3224 854 3452 906; x_wconf 75' lang='grc' dir='ltr'>πλοῦτον</span> <span class='ocrx_word' id='word_1_456' title='bbox 3484 855 3740 924; x_wconf 77' lang='grc' dir='ltr'><strong>κατέχειν</strong></span> 
     </span>
    </p>
   </div>
   <div class='ocr_carea' id='block_1_69' title="bbox 2158 942 3741 1019">
    <p class='ocr_par' dir='ltr' id='par_1_69' title="bbox 2158 942 3741 1019">
     <span class='ocr_line' id='line_1_69' title="bbox 2158 942 3741 1019; baseline -0.004 -16"><span class='ocrx_word' id='word_1_457' title='bbox 2158 949 2333 1003; x_wconf 80' lang='grc' dir='ltr'>δοκεῖν</span> <span class='ocrx_word' id='word_1_458' title='bbox 2351 964 2364 979; x_wconf 81' lang='lat'><strong><em>°</em></strong></span> <span class='ocrx_word' id='word_1_459' title='bbox 2398 950 2457 1013; x_wconf 84' lang='grc' dir='ltr'>ὃς</span> <span class='ocrx_word' id='word_1_460' title='bbox 2481 949 2623 1002; x_wconf 76' lang='grc' dir='ltr'>οὕτω</span> <span class='ocrx_word' id='word_1_461' title='bbox 2644 947 3074 1019; x_wconf 79' lang='grc' dir='ltr'><strong>μεγαλοπρεπῶς</strong></span> <span class='ocrx_word' id='word_1_462' title='bbox 3096 942 3235 1000; x_wconf 77' lang='grc' dir='ltr'>οἶδεν</span> <span class='ocrx_word' id='word_1_463' title='bbox 3258 945 3581 1017; x_wconf 80' lang='grc' dir='ltr'>ἀμείϐεσθαι</span> <span class='ocrx_word' id='word_1_464' title='bbox 3607 947 3741 1008; x_wconf 62' lang='grc' dir='ltr'>τοὺς</span> 
     </span>
    </p>
   </div>
   <div class='ocr_carea' id='block_1_70' title="bbox 2156 1038 3738 1110">
    <p class='ocr_par' dir='ltr' id='par_1_70' title="bbox 2156 1038 3738 1110">
     <span class='ocr_line' id='line_1_70' title="bbox 2156 1038 3738 1110; baseline -0.003 -16"><span class='ocrx_word' id='word_1_465' title='bbox 2156 1041 2438 1105; x_wconf 84' lang='grc' dir='ltr'>δανειστὰς</span> <span class='ocrx_word' id='word_1_466' title='bbox 2456 1080 2471 1104; x_wconf 92' lang='grc'><strong>,</strong></span> <span class='ocrx_word' id='word_1_467' title='bbox 2506 1042 2582 1104; x_wconf 86' lang='grc' dir='ltr'>ὼς</span> <span class='ocrx_word' id='word_1_468' title='bbox 2616 1041 2708 1093; x_wconf 74' lang='grc' dir='ltr'><strong>καὶ</strong></span> <span class='ocrx_word' id='word_1_469' title='bbox 2736 1041 2833 1110; x_wconf 85' lang='grc' dir='ltr'><strong>τὴν</strong></span> <span class='ocrx_word' id='word_1_470' title='bbox 2873 1039 2981 1093; x_wconf 85' lang='grc' dir='ltr'><strong>τῶν</strong></span> <span class='ocrx_word' id='word_1_471' title='bbox 3019 1039 3259 1110; x_wconf 77' lang='grc' dir='ltr'>οὐρανῶν</span> <span class='ocrx_word' id='word_1_472' title='bbox 3307 1038 3578 1109; x_wconf 84' lang='grc' dir='ltr'>βασιλείαν</span> <span class='ocrx_word' id='word_1_473' title='bbox 3618 1040 3738 1100; x_wconf 86' lang='grc' dir='ltr'>τοῖς</span> 
     </span>
    </p>
   </div>
   <div class='ocr_carea' id='block_1_71' title="bbox 2158 1127 3737 1201">
    <p class='ocr_par' dir='ltr' id='par_1_71' title="bbox 2158 1127 3737 1201">
     <span class='ocr_line' id='line_1_71' title="bbox 2158 1127 3737 1201; baseline -0.003 -18"><span class='ocrx_word' id='word_1_474' title='bbox 2158 1130 2431 1201; x_wconf 85' lang='grc' dir='ltr'>κλάσματι</span> <span class='ocrx_word' id='word_1_475' title='bbox 2460 1130 2626 1201; x_wconf 84' lang='grc' dir='ltr'>ἄρτου</span> <span class='ocrx_word' id='word_1_476' title='bbox 2659 1131 2797 1201; x_wconf 81' lang='grc' dir='ltr'>μετὰ</span> <span class='ocrx_word' id='word_1_477' title='bbox 2825 1131 3059 1195; x_wconf 87' lang='grc' dir='ltr'>πίστεως</span> <span class='ocrx_word' id='word_1_478' title='bbox 3091 1129 3277 1182; x_wconf 79' lang='grc' dir='ltr'>τοῦτον</span> <span class='ocrx_word' id='word_1_479' title='bbox 3304 1127 3535 1198; x_wconf 80' lang='grc' dir='ltr'>θρέψασι</span> <span class='ocrx_word' id='word_1_480' title='bbox 3570 1128 3737 1198; x_wconf 85' lang='grc' dir='ltr'>χαρί-</span> 
     </span>
    </p>
   </div>
   <div class='ocr_carea' id='block_1_72' title="bbox 2158 1216 3733 1293">
    <p class='ocr_par' dir='ltr' id='par_1_72' title="bbox 2158 1216 3733 1293">
     <span class='ocr_line' id='line_1_72' title="bbox 2158 1216 3733 1293; baseline -0.001 -19"><span class='ocrx_word' id='word_1_481' title='bbox 2158 1221 2336 1286; x_wconf 72' lang='grc' dir='ltr'>ζεταιο</span> <span class='ocrx_word' id='word_1_482' title='bbox 2366 1222 2457 1275; x_wconf 79' lang='grc' dir='ltr'>καὶ</span> <span class='ocrx_word' id='word_1_483' title='bbox 2487 1222 2741 1293; x_wconf 89' lang='grc' dir='ltr'>ποτήριον</span> <span class='ocrx_word' id='word_1_484' title='bbox 2771 1221 2961 1285; x_wconf 77' lang='grc' dir='ltr'>ὕδατος</span> <span class='ocrx_word' id='word_1_485' title='bbox 2984 1220 3190 1292; x_wconf 77' lang='grc' dir='ltr'>ψυχροῦ</span> <span class='ocrx_word' id='word_1_486' title='bbox 3229 1220 3305 1292; x_wconf 81' lang='grc' dir='ltr'>μὴ</span> <span class='ocrx_word' id='word_1_487' title='bbox 3330 1220 3557 1289; x_wconf 79' lang='grc' dir='ltr'>ἄμισθον</span> <span class='ocrx_word' id='word_1_488' title='bbox 3588 1216 3733 1273; x_wconf 77' lang='grc' dir='ltr'>εἶναι</span> 
     </span>
    </p>
   </div>
   <div class='ocr_carea' id='block_1_73' title="bbox 2158 1311 3734 1384">
    <p class='ocr_par' dir='ltr' id='par_1_73' title="bbox 2158 1311 3734 1384">
     <span class='ocr_line' id='line_1_73' title="bbox 2158 1311 3734 1384; baseline -0.001 -18"><span class='ocrx_word' id='word_1_489' title='bbox 2158 1314 2287 1384; x_wconf 82' lang='grc' dir='ltr'>παρ’</span> <span class='ocrx_word' id='word_1_490' title='bbox 2330 1313 2478 1384; x_wconf 85' lang='grc' dir='ltr'>αὐτῷ</span> <span class='ocrx_word' id='word_1_491' title='bbox 2512 1312 2745 1366; x_wconf 84' lang='grc' dir='ltr'><strong>πειθέτω</strong></span> <span class='ocrx_word' id='word_1_492' title='bbox 2788 1330 2847 1365; x_wconf 91' lang='grc' dir='ltr'><strong>σε</strong></span> <span class='ocrx_word' id='word_1_493' title='bbox 2889 1314 2982 1366; x_wconf 77' lang='grc' dir='ltr'><strong>καὶ</strong></span> <span class='ocrx_word' id='word_1_494' title='bbox 3028 1314 3172 1383; x_wconf 86' lang='grc' dir='ltr'>χήρα</span> <span class='ocrx_word' id='word_1_495' title='bbox 3211 1311 3299 1365; x_wconf 73' lang='grc' dir='ltr'>διὰ</span> <span class='ocrx_word' id='word_1_496' title='bbox 3339 1312 3485 1365; x_wconf 84' lang='grc' dir='ltr'>δυοῖν</span> <span class='ocrx_word' id='word_1_497' title='bbox 3525 1311 3734 1365; x_wconf 74' lang='grc' dir='ltr'>ὀϐολῶν</span> 
     </span>
    </p>
   </div>
   <div class='ocr_carea' id='block_1_74' title="bbox 2156 1400 3733 1476">
    <p class='ocr_par' dir='ltr' id='par_1_74' title="bbox 2156 1400 3733 1476">
     <span class='ocr_line' id='line_1_74' title="bbox 2156 1400 3733 1476; baseline -0.003 -17"><span class='ocrx_word' id='word_1_498' title='bbox 2156 1406 2460 1476; x_wconf 68' lang='grc' dir='ltr'>καταϐολῆς</span> <span class='ocrx_word' id='word_1_499' title='bbox 2489 1405 2877 1475; x_wconf 84' lang='grc' dir='ltr'>ἐπαινουμένη.</span> <span class='ocrx_word' id='word_1_500' title='bbox 2908 1404 3032 1468; x_wconf 91' lang='grc' dir='ltr'>Πῶς</span> <span class='ocrx_word' id='word_1_501' title='bbox 3054 1400 3170 1470; x_wconf 77' lang='grc' dir='ltr'>οὖν,</span> <span class='ocrx_word' id='word_1_502' title='bbox 3208 1404 3363 1475; x_wconf 72' lang='grc' dir='ltr'>φησὶ,</span> <span class='ocrx_word' id='word_1_503' title='bbox 3396 1405 3733 1474; x_wconf 86' lang='grc' dir='ltr'>δανείσωμεν</span> 
     </span>
    </p>
   </div>
   <div class='ocr_carea' id='block_1_75' title="bbox 2156 1495 3733 1569">
    <p class='ocr_par' dir='ltr' id='par_1_75' title="bbox 2156 1495 3733 1569">
     <span class='ocr_line' id='line_1_75' title="bbox 2156 1495 3733 1569; baseline -0.003 -19"><span class='ocrx_word' id='word_1_504' title='bbox 2156 1497 2396 1569; x_wconf 81' lang='grc' dir='ltr'><strong>Χριστῷ,</strong></span> <span class='ocrx_word' id='word_1_505' title='bbox 2423 1496 2543 1566; x_wconf 84' lang='grc' dir='ltr'>Θεῷ</span> <span class='ocrx_word' id='word_1_506' title='bbox 2566 1512 2622 1549; x_wconf 88' lang='grc' dir='ltr'><strong>τε</strong></span> <span class='ocrx_word' id='word_1_507' title='bbox 2653 1496 2748 1547; x_wconf 77' lang='grc' dir='ltr'><strong>καὶ</strong></span> <span class='ocrx_word' id='word_1_508' title='bbox 2771 1496 3005 1549; x_wconf 85' lang='grc' dir='ltr'>ἀνενδεεῖ</span> <span class='ocrx_word' id='word_1_509' title='bbox 3027 1496 3162 1559; x_wconf 76' lang='grc' dir='ltr'>δντι,</span> <span class='ocrx_word' id='word_1_510' title='bbox 3200 1497 3302 1549; x_wconf 83' lang='grc' dir='ltr'><strong>κάν</strong></span> <span class='ocrx_word' id='word_1_511' title='bbox 3339 1497 3449 1557; x_wconf 79' lang='grc' dir='ltr'>τοῖς</span> <span class='ocrx_word' id='word_1_512' title='bbox 3478 1495 3733 1565; x_wconf 78' lang='grc' dir='ltr'>οὐρανοῖς</span> 
     </span>
    </p>
   </div>
   <div class='ocr_carea' id='block_1_76' title="bbox 2153 1586 3732 1660">
    <p class='ocr_par' dir='ltr' id='par_1_76' title="bbox 2153 1586 3732 1660">
     <span class='ocr_line' id='line_1_76' title="bbox 2153 1586 3732 1660; baseline -0.003 -17"><span class='ocrx_word' id='word_1_513' title='bbox 2153 1589 2231 1660; x_wconf 82' lang='grc' dir='ltr'>τῷ</span> <span class='ocrx_word' id='word_1_514' title='bbox 2260 1588 2435 1659; x_wconf 76' lang='grc' dir='ltr'>Πατρὶ</span> <span class='ocrx_word' id='word_1_515' title='bbox 2465 1586 2903 1658; x_wconf 72' lang='grc' dir='ltr'>συγκαθημένῳς</span> <span class='ocrx_word' id='word_1_516' title='bbox 2937 1587 3044 1641; x_wconf 83' lang='grc' dir='ltr'><strong>Τὸν</strong></span> <span class='ocrx_word' id='word_1_517' title='bbox 3069 1588 3303 1657; x_wconf 79' lang='grc' dir='ltr'>Χριστὸν</span> <span class='ocrx_word' id='word_1_518' title='bbox 3331 1588 3732 1659; x_wconf 77' lang='grc' dir='ltr'>(ἀποκρίνεταί</span> 
     </span>
    </p>
   </div>
   <div class='ocr_carea' id='block_1_77' title="bbox 2157 1662 3731 1750">
    <p class='ocr_par' dir='ltr' id='par_1_77' title="bbox 2157 1662 3731 1750">
     <span class='ocr_line' id='line_1_77' title="bbox 2157 1662 3731 1750; baseline -0.001 -17"><span class='ocrx_word' id='word_1_519' title='bbox 2157 1698 2239 1733; x_wconf 88' lang='grc' dir='ltr'><strong>σοι</strong></span> <span class='ocrx_word' id='word_1_520' title='bbox 2274 1683 2303 1733; x_wconf 93' lang='lat'><strong>6</strong></span> <span class='ocrx_word' id='word_1_521' title='bbox 2331 1681 2389 1732; x_wconf 89' lang='grc' dir='ltr'><strong>ἐν</strong></span> <span class='ocrx_word' id='word_1_522' title='bbox 2429 1678 2577 1749; x_wconf 82' lang='grc' dir='ltr'>αύτῷ</span> <span class='ocrx_word' id='word_1_523' title='bbox 2614 1662 2901 1749; x_wconf 78' lang='grc' dir='ltr'>θεολογῶν)</span> <span class='ocrx_word' id='word_1_524' title='bbox 2930 1679 3026 1731; x_wconf 74' lang='grc' dir='ltr'>καὶ</span> <span class='ocrx_word' id='word_1_525' title='bbox 3072 1679 3312 1743; x_wconf 87' lang='grc' dir='ltr'>σκέπεις,</span> <span class='ocrx_word' id='word_1_526' title='bbox 3361 1680 3456 1732; x_wconf 78' lang='grc' dir='ltr'>καὶ</span> <span class='ocrx_word' id='word_1_527' title='bbox 3484 1679 3731 1750; x_wconf 70' lang='grc' dir='ltr'>τρέφεις,</span> 
     </span>
    </p>
   </div>
   <div class='ocr_carea' id='block_1_78' title="bbox 2153 1768 3730 1840">
    <p class='ocr_par' dir='ltr' id='par_1_78' title="bbox 2153 1768 3730 1840">
     <span class='ocr_line' id='line_1_78' title="bbox 2153 1768 3730 1840; baseline -0.001 -15"><span class='ocrx_word' id='word_1_528' title='bbox 2153 1772 2248 1825; x_wconf 75' lang='grc' dir='ltr'><strong>καὶ</strong></span> <span class='ocrx_word' id='word_1_529' title='bbox 2279 1771 2540 1835; x_wconf 80' lang='grc' dir='ltr'>ποτίζεις,</span> <span class='ocrx_word' id='word_1_530' title='bbox 2563 1770 2653 1822; x_wconf 74' lang='grc' dir='ltr'><strong>καὶ</strong></span> <span class='ocrx_word' id='word_1_531' title='bbox 2679 1770 2858 1840; x_wconf 82' lang='grc' dir='ltr'>πάσης</span> <span class='ocrx_word' id='word_1_532' title='bbox 2883 1769 3179 1840; x_wconf 85' lang='grc' dir='ltr'>θεραπείας</span> <span class='ocrx_word' id='word_1_533' title='bbox 3202 1769 3392 1835; x_wconf 82' lang='grc' dir='ltr'>ἀξιοῖς,</span> <span class='ocrx_word' id='word_1_534' title='bbox 3422 1768 3618 1823; x_wconf 84' lang='grc' dir='ltr'>συνιὼν</span> <span class='ocrx_word' id='word_1_535' title='bbox 3645 1771 3730 1837; x_wconf 68' lang='grc'><strong>(4)</strong></span> 
     </span>
    </p>
   </div>
   <div class='ocr_carea' id='block_1_79' title="bbox 2154 1861 3733 1933">
    <p class='ocr_par' dir='ltr' id='par_1_79' title="bbox 2154 1861 3733 1933">
     <span class='ocr_line' id='line_1_79' title="bbox 2154 1861 3733 1933; baseline 0 -19"><span class='ocrx_word' id='word_1_536' title='bbox 2154 1862 2246 1914; x_wconf 76' lang='grc' dir='ltr'><strong>ἐπὶ</strong></span> <span class='ocrx_word' id='word_1_537' title='bbox 2274 1861 2489 1933; x_wconf 74' lang='grc' dir='ltr'>πτωχὸν</span> <span class='ocrx_word' id='word_1_538' title='bbox 2516 1862 2609 1914; x_wconf 67' lang='grc' dir='ltr'>καὶ</span> <span class='ocrx_word' id='word_1_539' title='bbox 2635 1862 2865 1931; x_wconf 86' lang='grc' dir='ltr'>πένητα,</span> <span class='ocrx_word' id='word_1_540' title='bbox 2894 1861 2991 1914; x_wconf 71' lang='grc' dir='ltr'><strong>καὶ</strong></span> <span class='ocrx_word' id='word_1_541' title='bbox 3017 1861 3164 1916; x_wconf 86' lang='grc' dir='ltr'>τόνδε</span> <span class='ocrx_word' id='word_1_542' title='bbox 3186 1861 3278 1915; x_wconf 86' lang='grc' dir='ltr'>τὸν</span> <span class='ocrx_word' id='word_1_543' title='bbox 3302 1862 3504 1933; x_wconf 80' lang='grc' dir='ltr'>τρόπον</span> <span class='ocrx_word' id='word_1_544' title='bbox 3523 1861 3733 1928; x_wconf 72' lang='grc' dir='ltr'>δεξιού-</span> 
     </span>
    </p>
   </div>
   <div class='ocr_carea' id='block_1_80' title="bbox 2157 1970 2333 2024">
    <p class='ocr_par' dir='ltr' id='par_1_80' title="bbox 2157 1970 2333 2024">
     <span class='ocr_line' id='line_1_80' title="bbox 2157 1970 2333 2024; baseline 0.011 -19"><span class='ocrx_word' id='word_1_545' title='bbox 2157 1970 2333 2024; x_wconf 89' lang='grc' dir='ltr'>μενος.</span> 
     </span>
    </p>
   </div>
   <div class='ocr_carea' id='block_1_81' title="bbox 2156 2131 3653 2206">
    <p class='ocr_par' dir='ltr' id='par_1_81' title="bbox 2156 2131 3653 2206">
     <span class='ocr_line' id='line_1_81' title="bbox 2156 2131 3653 2206; baseline -0.003 -13"><span class='ocrx_word' id='word_1_546' title='bbox 2156 2138 2253 2193; x_wconf 74' lang='grc'><strong>121</strong></span> <span class='ocrx_word' id='word_1_547' title='bbox 2288 2135 2483 2206; x_wconf 81' lang='grc' dir='ltr'>Πένης</span> <span class='ocrx_word' id='word_1_548' title='bbox 2510 2136 2890 2206; x_wconf 80' lang='grc' dir='ltr'>προσῆλθεν,</span> <span class='ocrx_word' id='word_1_549' title='bbox 2920 2131 3022 2190; x_wconf 69' lang='grc' dir='ltr'>εῖτ*</span> <span class='ocrx_word' id='word_1_550' title='bbox 3061 2134 3297 2206; x_wconf 79' lang='grc' dir='ltr'>ἀπῆλθε</span> <span class='ocrx_word' id='word_1_551' title='bbox 3319 2135 3405 2206; x_wconf 82' lang='grc' dir='ltr'>μὴ</span> <span class='ocrx_word' id='word_1_552' title='bbox 3434 2134 3653 2206; x_wconf 78' lang='grc' dir='ltr'>τυχών.</span> 
     </span>
    </p>
   </div>
   <div class='ocr_carea' id='block_1_82' title="bbox 2224 2226 3733 2299">
    <p class='ocr_par' dir='ltr' id='par_1_82' title="bbox 2224 2226 3733 2299">
     <span class='ocr_line' id='line_1_82' title="bbox 2224 2226 3733 2299; baseline -0.001 -18"><span class='ocrx_word' id='word_1_553' title='bbox 2224 2228 2409 2282; x_wconf 76' lang='grc' dir='ltr'>Ταῦτα</span> <span class='ocrx_word' id='word_1_554' title='bbox 2456 2229 2554 2299; x_wconf 83' lang='grc' dir='ltr'><strong>μὲν</strong></span> <span class='ocrx_word' id='word_1_555' title='bbox 2590 2229 2734 2298; x_wconf 82' lang='grc' dir='ltr'>σαφῆ</span> <span class='ocrx_word' id='word_1_556' title='bbox 2782 2227 2881 2299; x_wconf 81' lang='grc' dir='ltr'>τὴν</span> <span class='ocrx_word' id='word_1_557' title='bbox 2919 2228 3166 2281; x_wconf 89' lang='grc' dir='ltr'>ἐπίλυσιν</span> <span class='ocrx_word' id='word_1_558' title='bbox 3218 2226 3330 2298; x_wconf 80' lang='grc' dir='ltr'>ἔχει</span> <span class='ocrx_word' id='word_1_559' title='bbox 3366 2226 3435 2280; x_wconf 81' lang='grc' dir='ltr'>τὰ</span> <span class='ocrx_word' id='word_1_560' title='bbox 3468 2227 3627 2298; x_wconf 77' lang='grc' dir='ltr'>ῥητὰ,</span> <span class='ocrx_word' id='word_1_561' title='bbox 3662 2227 3733 2281; x_wconf 76' lang='grc' dir='ltr'><strong>οὗ</strong></span> 
     </span>
    </p>
   </div>
   <div class='ocr_carea' id='block_1_83' title="bbox 2155 2319 3731 2391">
    <p class='ocr_par' dir='ltr' id='par_1_83' title="bbox 2155 2319 3731 2391">
     <span class='ocr_line' id='line_1_83' title="bbox 2155 2319 3731 2391; baseline 0 -18"><span class='ocrx_word' id='word_1_562' title='bbox 2155 2319 2410 2391; x_wconf 79' lang='grc' dir='ltr'>περιττὸν</span> <span class='ocrx_word' id='word_1_563' title='bbox 2454 2320 2509 2371; x_wconf 85' lang='grc' dir='ltr'><strong>δὲ</strong></span> <span class='ocrx_word' id='word_1_564' title='bbox 2554 2320 2792 2390; x_wconf 71' lang='grc' dir='ltr'>ἡγοῦμαι</span> <span class='ocrx_word' id='word_1_565' title='bbox 2840 2319 3034 2391; x_wconf 74' lang='grc' dir='ltr'>μικρὸν</span> <span class='ocrx_word' id='word_1_566' title='bbox 3069 2320 3126 2372; x_wconf 88' lang='grc' dir='ltr'><strong>ἐν</strong></span> <span class='ocrx_word' id='word_1_567' title='bbox 3168 2320 3353 2383; x_wconf 82' lang='grc' dir='ltr'>αὐτοῖς</span> <span class='ocrx_word' id='word_1_568' title='bbox 3382 2320 3731 2391; x_wconf 64' lang='grc' dir='ltr'>ἀδολεσχεῖν</span> 
     </span>
    </p>
   </div>
   <div class='ocr_carea' id='block_1_84' title="bbox 2153 2410 3733 2482">
    <p class='ocr_par' dir='ltr' id='par_1_84' title="bbox 2153 2410 3733 2482">
     <span class='ocr_line' id='line_1_84' title="bbox 2153 2410 3733 2482; baseline 0 -17"><span class='ocrx_word' id='word_1_569' title='bbox 2153 2412 2304 2465; x_wconf 83' lang='grc' dir='ltr'>ἐσται</span> <span class='ocrx_word' id='word_1_570' title='bbox 2327 2410 2431 2482; x_wconf 76' lang='grc' dir='ltr'><strong>γὰρ</strong></span> <span class='ocrx_word' id='word_1_571' title='bbox 2461 2412 2588 2475; x_wconf 73' lang='grc' dir='ltr'>ἴσως</span> <span class='ocrx_word' id='word_1_572' title='bbox 2618 2414 2731 2474; x_wconf 87' lang='grc' dir='ltr'>τοῖς</span> <span class='ocrx_word' id='word_1_573' title='bbox 2756 2410 3029 2474; x_wconf 87' lang='grc' dir='ltr'>δυσπιθῶς</span> <span class='ocrx_word' id='word_1_574' title='bbox 3059 2410 3134 2482; x_wconf 84' lang='grc'><strong>(5)</strong></span> <span class='ocrx_word' id='word_1_575' title='bbox 3166 2411 3459 2465; x_wconf 89' lang='grc' dir='ltr'>ἀκούουσιν</span> <span class='ocrx_word' id='word_1_576' title='bbox 3491 2412 3733 2482; x_wconf 72' lang='grc' dir='ltr'>ὠφέλεια</span> 
     </span>
    </p>
   </div>
   <div class='ocr_carea' id='block_1_85' title="bbox 2154 2501 3735 2575">
    <p class='ocr_par' dir='ltr' id='par_1_85' title="bbox 2154 2501 3735 2575">
     <span class='ocr_line' id='line_1_85' title="bbox 2154 2501 3735 2575; baseline -0.001 -20"><span class='ocrx_word' id='word_1_577' title='bbox 2154 2503 2214 2555; x_wconf 85' lang='grc' dir='ltr'><strong>τὸ</strong></span> <span class='ocrx_word' id='word_1_578' title='bbox 2252 2502 2381 2573; x_wconf 75' lang='grc' dir='ltr'>περὶ</span> <span class='ocrx_word' id='word_1_579' title='bbox 2417 2501 2621 2554; x_wconf 91' lang='grc' dir='ltr'>τούτων</span> <span class='ocrx_word' id='word_1_580' title='bbox 2661 2501 3089 2572; x_wconf 81' lang='grc' dir='ltr'>πολυρημονεῖν’</span> <span class='ocrx_word' id='word_1_581' title='bbox 3125 2502 3220 2554; x_wconf 74' lang='grc' dir='ltr'><strong>καὶ</strong></span> <span class='ocrx_word' id='word_1_582' title='bbox 3255 2501 3363 2575; x_wconf 81' lang='grc' dir='ltr'><strong>γὰρ</strong></span> <span class='ocrx_word' id='word_1_583' title='bbox 3395 2502 3511 2555; x_wconf 89' lang='grc' dir='ltr'>δέον</span> <span class='ocrx_word' id='word_1_584' title='bbox 3540 2505 3735 2555; x_wconf 64' lang='lat' dir='ltr'><strong>mnsi-</strong></span> 
     </span>
    </p>
   </div>
   <div class='ocr_carea' id='block_1_86' title="bbox 2156 2591 3735 2661">
    <p class='ocr_par' dir='ltr' id='par_1_86' title="bbox 2156 2591 3735 2661">
     <span class='ocr_line' id='line_1_86' title="bbox 2156 2591 3735 2661; baseline -0.002 -15"><span class='ocrx_word' id='word_1_585' title='bbox 2156 2593 2301 2657; x_wconf 87' lang='grc' dir='ltr'>σθαι,</span> <span class='ocrx_word' id='word_1_586' title='bbox 2348 2593 2424 2654; x_wconf 83' lang='grc' dir='ltr'>ὡς</span> <span class='ocrx_word' id='word_1_587' title='bbox 2460 2592 2520 2646; x_wconf 86' lang='grc' dir='ltr'><strong>τὸ</strong></span> <span class='ocrx_word' id='word_1_588' title='bbox 2559 2591 2681 2644; x_wconf 80' lang='grc' dir='ltr'>καθ’</span> <span class='ocrx_word' id='word_1_589' title='bbox 2711 2592 2868 2661; x_wconf 82' lang='grc' dir='ltr'>ἡμῶν</span> <span class='ocrx_word' id='word_1_590' title='bbox 2911 2593 3081 2661; x_wconf 89' lang='grc' dir='ltr'>κρῖμα</span> <span class='ocrx_word' id='word_1_591' title='bbox 3108 2593 3271 2661; x_wconf 82' lang='grc' dir='ltr'>ἡμεῖς</span> <span class='ocrx_word' id='word_1_592' title='bbox 3315 2592 3472 2645; x_wconf 65' lang='grc' dir='ltr'>αὐτοὶ</span> <span class='ocrx_word' id='word_1_593' title='bbox 3515 2594 3735 2655; x_wconf 80' lang='grc' dir='ltr'>ἑαυτοῖς</span> 
     </span>
    </p>
   </div>
   <div class='ocr_carea' id='block_1_87' title="bbox 2155 2683 3732 2757">
    <p class='ocr_par' dir='ltr' id='par_1_87' title="bbox 2155 2683 3732 2757">
     <span class='ocr_line' id='line_1_87' title="bbox 2155 2683 3732 2757; baseline -0.003 -18"><span class='ocrx_word' id='word_1_594' title='bbox 2155 2684 2644 2757; x_wconf 80' lang='grc' dir='ltr'>προετοιμάζομεν.</span> <span class='ocrx_word' id='word_1_595' title='bbox 2676 2683 2801 2746; x_wconf 89' lang='grc' dir='ltr'>Πῶς</span> <span class='ocrx_word' id='word_1_596' title='bbox 2833 2684 2927 2735; x_wconf 81' lang='grc' dir='ltr'><strong>καὶ</strong></span> <span class='ocrx_word' id='word_1_597' title='bbox 2952 2684 3056 2735; x_wconf 85' lang='grc' dir='ltr'>τίνι</span> <span class='ocrx_word' id='word_1_598' title='bbox 3086 2684 3310 2754; x_wconf 85' lang='grc' dir='ltr'>τρόπῳ;</span> <span class='ocrx_word' id='word_1_599' title='bbox 3342 2684 3579 2755; x_wconf 80' lang='grc' dir='ltr'>Πένητός</span> <span class='ocrx_word' id='word_1_600' title='bbox 3612 2701 3732 2754; x_wconf 79' lang='grc' dir='ltr'><strong>μοι⁹</strong></span> 
     </span>
    </p>
   </div>
   <div class='ocr_carea' id='block_1_88' title="bbox 2156 2772 3735 2844">
    <p class='ocr_par' dir='ltr' id='par_1_88' title="bbox 2156 2772 3735 2844">
     <span class='ocr_line' id='line_1_88' title="bbox 2156 2772 3735 2844; baseline 0.001 -20"><span class='ocrx_word' id='word_1_601' title='bbox 2156 2775 2319 2844; x_wconf 64' lang='grc' dir='ltr'>φησιν</span> <span class='ocrx_word' id='word_1_602' title='bbox 2345 2776 2373 2827; x_wconf 98' lang='lat'><strong>6</strong></span> <span class='ocrx_word' id='word_1_603' title='bbox 2402 2772 2740 2836; x_wconf 84' lang='grc' dir='ltr'>διδάσκαλος,</span> <span class='ocrx_word' id='word_1_604' title='bbox 2771 2772 3204 2842; x_wconf 80' lang='grc' dir='ltr'>προσερχομένου</span> <span class='ocrx_word' id='word_1_605' title='bbox 3236 2772 3329 2825; x_wconf 77' lang='grc' dir='ltr'><strong>καὶ</strong></span> <span class='ocrx_word' id='word_1_606' title='bbox 3363 2772 3735 2842; x_wconf 80' lang='grc' dir='ltr'>ἐλεημοσύνης</span> 
     </span>
    </p>
   </div>
   <div class='ocr_carea' id='block_1_89' title="bbox 2153 2861 3733 2936">
    <p class='ocr_par' dir='ltr' id='par_1_89' title="bbox 2153 2861 3733 2936">
     <span class='ocr_line' id='line_1_89' title="bbox 2153 2861 3733 2936; baseline 0 -17"><span class='ocrx_word' id='word_1_607' title='bbox 2153 2866 2519 2936; x_wconf 85' lang='grc' dir='ltr'>ἐπιδεομένου,</span> <span class='ocrx_word' id='word_1_608' title='bbox 2550 2861 2647 2918; x_wconf 77' lang='grc' dir='ltr'>εἶτ’</span> <span class='ocrx_word' id='word_1_609' title='bbox 2683 2864 3056 2935; x_wconf 85' lang='grc' dir='ltr'>ἀνελεημόνως</span> <span class='ocrx_word' id='word_1_610' title='bbox 3093 2865 3576 2935; x_wconf 84' lang='grc' dir='ltr'>ἀποπεμπομένου.</span> <span class='ocrx_word' id='word_1_611' title='bbox 3609 2865 3733 2929; x_wconf 84' lang='grc' dir='ltr'>δέος</span> 
     </span>
    </p>
   </div>
   <div class='ocr_carea' id='block_1_90' title="bbox 2154 2956 3731 3027">
    <p class='ocr_par' dir='ltr' id='par_1_90' title="bbox 2154 2956 3731 3027">
     <span class='ocr_line' id='line_1_90' title="bbox 2154 2956 3731 3027; baseline 0 -18"><span class='ocrx_word' id='word_1_612' title='bbox 2154 2958 2412 3027; x_wconf 79' lang='grc' dir='ltr'>παραυτὰ</span> <span class='ocrx_word' id='word_1_613' title='bbox 2448 2957 2540 3010; x_wconf 76' lang='grc' dir='ltr'><strong>καὶ</strong></span> <span class='ocrx_word' id='word_1_614' title='bbox 2575 2956 2737 3024; x_wconf 82' lang='grc' dir='ltr'>φόϐος</span> <span class='ocrx_word' id='word_1_615' title='bbox 2770 2956 3133 3026; x_wconf 87' lang='grc' dir='ltr'>παρίσταται,</span> <span class='ocrx_word' id='word_1_616' title='bbox 3171 2957 3245 3026; x_wconf 85' lang='grc' dir='ltr'>μή</span> <span class='ocrx_word' id='word_1_617' title='bbox 3284 2972 3414 3010; x_wconf 83' lang='grc' dir='ltr'>ποτε</span> <span class='ocrx_word' id='word_1_618' title='bbox 3443 2957 3598 3025; x_wconf 80' lang='grc' dir='ltr'><strong>κάγὼ</strong></span> <span class='ocrx_word' id='word_1_619' title='bbox 3627 2957 3731 3009; x_wconf 79' lang='grc' dir='ltr'>τοῦ</span> 
     </span>
    </p>
   </div>
   <div class='ocr_carea' id='block_1_91' title="bbox 2157 3046 3735 3118">
    <p class='ocr_par' dir='ltr' id='par_1_91' title="bbox 2157 3046 3735 3118">
     <span class='ocr_line' id='line_1_91' title="bbox 2157 3046 3735 3118; baseline 0.002 -19"><span class='ocrx_word' id='word_1_620' title='bbox 2157 3047 2250 3100; x_wconf 80' lang='grc' dir='ltr'><strong>σοῦ</strong></span> <span class='ocrx_word' id='word_1_621' title='bbox 2296 3047 2478 3111; x_wconf 87' lang='grc' dir='ltr'>ἐλέους</span> <span class='ocrx_word' id='word_1_622' title='bbox 2526 3046 2745 3117; x_wconf 80' lang='grc' dir='ltr'>ἐπιδεὴς</span> <span class='ocrx_word' id='word_1_623' title='bbox 2794 3048 3250 3118; x_wconf 85' lang='grc' dir='ltr'>προσερχόμενος,</span> <span class='ocrx_word' id='word_1_624' title='bbox 3292 3048 3515 3118; x_wconf 79' lang='grc' dir='ltr'>Χριστέ,</span> <span class='ocrx_word' id='word_1_625' title='bbox 3572 3050 3735 3113; x_wconf 70' lang='grc' dir='ltr'>κενὸς</span> 
     </span>
    </p>
   </div>
   <div class='ocr_carea' id='block_1_92' title="bbox 2154 3137 3735 3209">
    <p class='ocr_par' dir='ltr' id='par_1_92' title="bbox 2154 3137 3735 3209">
     <span class='ocr_line' id='line_1_92' title="bbox 2154 3137 3735 3209; baseline 0.001 -18"><span class='ocrx_word' id='word_1_626' title='bbox 2154 3138 2497 3209; x_wconf 84' lang='grc' dir='ltr'>ἀποπεμφθῶ</span> <span class='ocrx_word' id='word_1_627' title='bbox 2542 3137 2681 3191; x_wconf 85' lang='grc' dir='ltr'><strong>κατά</strong></span> <span class='ocrx_word' id='word_1_628' title='bbox 2727 3140 2852 3200; x_wconf 83' lang='grc' dir='ltr'>τοὺς</span> <span class='ocrx_word' id='word_1_629' title='bbox 2892 3139 2991 3209; x_wconf 83' lang='grc' dir='ltr'>τῆς</span> <span class='ocrx_word' id='word_1_630' title='bbox 3034 3140 3172 3209; x_wconf 83' lang='grc' dir='ltr'>ἐμῆς</span> <span class='ocrx_word' id='word_1_631' title='bbox 3212 3139 3604 3209; x_wconf 82' lang='grc' dir='ltr'>ἀπανθρωπίας</span> <span class='ocrx_word' id='word_1_632' title='bbox 3637 3143 3735 3193; x_wconf 67' lang='lat' dir='ltr'><strong>vdo</strong></span> 
     </span>
    </p>
   </div>
   <div class='ocr_carea' id='block_1_93' title="bbox 2164 3229 3735 3301">
    <p class='ocr_par' dir='ltr' id='par_1_93' title="bbox 2164 3229 3735 3301">
     <span class='ocr_line' id='line_1_93' title="bbox 2164 3229 3735 3301; baseline -0.008 -7"><span class='ocrx_word' id='word_1_633' title='bbox 2164 3246 2317 3299; x_wconf 82' lang='grc' dir='ltr'>μους,</span> <span class='ocrx_word' id='word_1_634' title='bbox 2339 3230 2554 3299; x_wconf 73' lang='grc' dir='ltr'>χρῄζων</span> <span class='ocrx_word' id='word_1_635' title='bbox 2587 3229 2683 3297; x_wconf 83' lang='grc' dir='ltr'>μὲν</span> <span class='ocrx_word' id='word_1_636' title='bbox 2713 3233 2895 3300; x_wconf 80' lang='grc' dir='ltr'>τυχεῖν</span> <span class='ocrx_word' id='word_1_637' title='bbox 2930 3230 3351 3301; x_wconf 80' lang='grc' dir='ltr'>φιλανθρωπίας,</span> <span class='ocrx_word' id='word_1_638' title='bbox 3369 3230 3613 3299; x_wconf 85' lang='grc' dir='ltr'>ἀστοχῶν</span> <span class='ocrx_word' id='word_1_639' title='bbox 3627 3232 3694 3283; x_wconf 83' lang='grc' dir='ltr'><em>δέ</em></span> <span class='ocrx_word' id='word_1_640' title='bbox 3714 3248 3735 3265; x_wconf 77' lang='grc' dir='ltr'><strong>ο</strong></span> 
     </span>
    </p>
   </div>
   <div class='ocr_carea' id='block_1_94' title="bbox 2152 3316 3740 3389">
    <p class='ocr_par' dir='ltr' id='par_1_94' title="bbox 2152 3316 3740 3389">
     <span class='ocr_line' id='line_1_94' title="bbox 2152 3316 3740 3389; baseline 0.004 -20"><span class='ocrx_word' id='word_1_641' title='bbox 2152 3316 2297 3380; x_wconf 88' lang='grc' dir='ltr'>τίνος</span> <span class='ocrx_word' id='word_1_642' title='bbox 2327 3317 2545 3383; x_wconf 75' lang='grc' dir='ltr'>ἐνεκενς</span> <span class='ocrx_word' id='word_1_643' title='bbox 2580 3319 2660 3370; x_wconf 84' lang='grc' dir='ltr'>ὅτι</span> <span class='ocrx_word' id='word_1_644' title='bbox 2698 3318 2996 3389; x_wconf 83' lang='grc' dir='ltr'>δυνάμενος</span> <span class='ocrx_word' id='word_1_645' title='bbox 3041 3320 3219 3373; x_wconf 74' lang='grc' dir='ltr'>δοῦναι</span> <span class='ocrx_word' id='word_1_646' title='bbox 3259 3318 3334 3389; x_wconf 82' lang='grc' dir='ltr'>τῷ</span> <span class='ocrx_word' id='word_1_647' title='bbox 3383 3319 3585 3371; x_wconf 78' lang='grc' dir='ltr'>ἐπιδεεῖ</span> <span class='ocrx_word' id='word_1_648' title='bbox 3626 3320 3740 3376; x_wconf 69' lang='grc' dir='ltr'><strong>τὸν</strong></span> 
     </span>
    </p>
   </div>
   <div class='ocr_carea' id='block_1_95' title="bbox 2153 3407 3737 3481">
    <p class='ocr_par' dir='ltr' id='par_1_95' title="bbox 2153 3407 3737 3481">
     <span class='ocr_line' id='line_1_95' title="bbox 2153 3407 3737 3481; baseline 0.001 -20"><span class='ocrx_word' id='word_1_649' title='bbox 2153 3408 2335 3472; x_wconf 80' lang='grc' dir='ltr'>ἔλεον,</span> <span class='ocrx_word' id='word_1_650' title='bbox 2369 3410 2463 3462; x_wconf 80' lang='grc' dir='ltr'>καὶ</span> <span class='ocrx_word' id='word_1_651' title='bbox 2500 3409 2573 3481; x_wconf 85' lang='grc' dir='ltr'>μὴ</span> <span class='ocrx_word' id='word_1_652' title='bbox 2609 3409 2818 3477; x_wconf 77' lang='grc' dir='ltr'>διδοὺς,</span> <span class='ocrx_word' id='word_1_653' title='bbox 2859 3410 2975 3474; x_wconf 89' lang='grc' dir='ltr'><strong>πῶς</strong></span> <span class='ocrx_word' id='word_1_654' title='bbox 3013 3410 3312 3480; x_wconf 69' lang='grc' dir='ltr'>ἐπιδεηθεὶς</span> <span class='ocrx_word' id='word_1_655' title='bbox 3356 3408 3517 3473; x_wconf 72' lang='grc' dir='ltr'>αὐτὸς</span> <span class='ocrx_word' id='word_1_656' title='bbox 3566 3407 3737 3476; x_wconf 77' lang='grc' dir='ltr'>αὖθις</span> 
     </span>
    </p>
   </div>
   <div class='ocr_carea' id='block_1_96' title="bbox 2153 3500 3733 3573">
    <p class='ocr_par' dir='ltr' id='par_1_96' title="bbox 2153 3500 3733 3573">
     <span class='ocr_line' id='line_1_96' title="bbox 2153 3500 3733 3573; baseline 0.001 -18"><span class='ocrx_word' id='word_1_657' title='bbox 2153 3501 2408 3572; x_wconf 86' lang='grc' dir='ltr'>πρόσειμι</span> <span class='ocrx_word' id='word_1_658' title='bbox 2439 3500 2657 3566; x_wconf 77' lang='grc' dir='ltr'>λαϐεῖν;</span> <span class='ocrx_word' id='word_1_659' title='bbox 2696 3500 2831 3571; x_wconf 82' lang='grc' dir='ltr'>πρὸς</span> <span class='ocrx_word' id='word_1_660' title='bbox 2863 3502 3099 3573; x_wconf 80' lang='grc' dir='ltr'>Χριστοῦ</span> <span class='ocrx_word' id='word_1_661' title='bbox 3148 3503 3257 3573; x_wconf 82' lang='grc' dir='ltr'><strong>γὰρ</strong></span> <span class='ocrx_word' id='word_1_662' title='bbox 3289 3502 3524 3571; x_wconf 69' lang='grc' dir='ltr'>εἰληφὼς</span> <span class='ocrx_word' id='word_1_663' title='bbox 3554 3503 3586 3573; x_wconf 81' lang='grc' dir='ltr'>ἦ</span> <span class='ocrx_word' id='word_1_664' title='bbox 3623 3505 3733 3558; x_wconf 80' lang='grc' dir='ltr'><strong>πό-</strong></span> 
     </span>
    </p>
   </div>
   <div class='ocr_carea' id='block_1_97' title="bbox 2153 3592 3733 3666">
    <p class='ocr_par' dir='ltr' id='par_1_97' title="bbox 2153 3592 3733 3666">
     <span class='ocr_line' id='line_1_97' title="bbox 2153 3592 3733 3666; baseline 0.002 -21"><span class='ocrx_word' id='word_1_665' title='bbox 2153 3592 2276 3659; x_wconf 90' lang='grc' dir='ltr'>θεν;</span> <span class='ocrx_word' id='word_1_666' title='bbox 2312 3593 2365 3646; x_wconf 89' lang='grc' dir='ltr'><strong>τί</strong></span> <span class='ocrx_word' id='word_1_667' title='bbox 2398 3593 2505 3664; x_wconf 78' lang='grc' dir='ltr'><strong>γὰρ</strong></span> <span class='ocrx_word' id='word_1_668' title='bbox 2536 3592 2709 3663; x_wconf 77' lang='grc' dir='ltr'>ἔχεις,</span> <span class='ocrx_word' id='word_1_669' title='bbox 2740 3593 2769 3646; x_wconf 81' lang='grc' dir='ltr'><strong>ὃ</strong></span> <span class='ocrx_word' id='word_1_670' title='bbox 2795 3593 2894 3645; x_wconf 79' lang='grc' dir='ltr'><strong>ούκ</strong></span> <span class='ocrx_word' id='word_1_671' title='bbox 2923 3593 3111 3656; x_wconf 75' lang='grc' dir='ltr'>ἔλαϐες</span> <span class='ocrx_word' id='word_1_672' title='bbox 3137 3594 3294 3663; x_wconf 80' lang='grc' dir='ltr'>δῆλον</span> <span class='ocrx_word' id='word_1_673' title='bbox 3334 3596 3416 3647; x_wconf 82' lang='grc' dir='ltr'>ὃτι</span> <span class='ocrx_word' id='word_1_674' title='bbox 3460 3595 3585 3666; x_wconf 78' lang='grc' dir='ltr'>παρ’</span> <span class='ocrx_word' id='word_1_675' title='bbox 3622 3597 3733 3648; x_wconf 74' lang='grc' dir='ltr'><strong>αὖ-</strong></span> 
     </span>
    </p>
   </div>
   <div class='ocr_carea' id='block_1_98' title="bbox 2151 3677 3736 3750">
    <p class='ocr_par' dir='ltr' id='par_1_98' title="bbox 2151 3677 3736 3750">
     <span class='ocr_line' id='line_1_98' title="bbox 2151 3677 3736 3750; baseline -0.001 -18"><span class='ocrx_word' id='word_1_676' title='bbox 2151 3680 2274 3745; x_wconf 82' lang='grc' dir='ltr'><strong>τοῦ;</strong></span> <span class='ocrx_word' id='word_1_677' title='bbox 2314 3680 2508 3734; x_wconf 77' lang='grc' dir='ltr'>Λαϐὼν</span> <span class='ocrx_word' id='word_1_678' title='bbox 2558 3677 2672 3743; x_wconf 81' lang='grc' dir='ltr'>οὖν,</span> <span class='ocrx_word' id='word_1_679' title='bbox 2716 3679 2811 3732; x_wconf 79' lang='grc' dir='ltr'><strong>καὶ</strong></span> <span class='ocrx_word' id='word_1_680' title='bbox 2849 3680 2935 3733; x_wconf 80' lang='grc' dir='ltr'>διὰ</span> <span class='ocrx_word' id='word_1_681' title='bbox 2984 3679 3074 3732; x_wconf 77' lang='grc' dir='ltr'>τοῦ</span> <span class='ocrx_word' id='word_1_682' title='bbox 3127 3679 3357 3750; x_wconf 79' lang='grc' dir='ltr'>πένητος</span> <span class='ocrx_word' id='word_1_683' title='bbox 3403 3679 3736 3750; x_wconf 74' lang='grc' dir='ltr'>δοκιμασίας</span> 
     </span>
    </p>
   </div>
   <div class='ocr_carea' id='block_1_99' title="bbox 2151 3770 3736 3844">
    <p class='ocr_par' dir='ltr' id='par_1_99' title="bbox 2151 3770 3736 3844">
     <span class='ocr_line' id='line_1_99' title="bbox 2151 3770 3736 3844; baseline 0.003 -22"><span class='ocrx_word' id='word_1_684' title='bbox 2151 3770 2308 3840; x_wconf 83' lang='grc' dir='ltr'>χάριν</span> <span class='ocrx_word' id='word_1_685' title='bbox 2343 3770 2605 3841; x_wconf 77' lang='grc' dir='ltr'>αίτηθεὶς,</span> <span class='ocrx_word' id='word_1_686' title='bbox 2640 3770 2734 3823; x_wconf 68' lang='grc' dir='ltr'><strong>καὶ</strong></span> <span class='ocrx_word' id='word_1_687' title='bbox 2766 3772 3127 3844; x_wconf 73' lang='grc' dir='ltr'>ἀγνωμοσύνῃ</span> <span class='ocrx_word' id='word_1_688' title='bbox 3156 3772 3230 3841; x_wconf 86' lang='grc' dir='ltr'><strong>μὴ</strong></span> <span class='ocrx_word' id='word_1_689' title='bbox 3262 3772 3453 3835; x_wconf 80' lang='grc' dir='ltr'>διδοὺς,</span> <span class='ocrx_word' id='word_1_690' title='bbox 3485 3771 3601 3835; x_wconf 85' lang='grc' dir='ltr'><strong>πῶς</strong></span> <span class='ocrx_word' id='word_1_691' title='bbox 3627 3774 3736 3826; x_wconf 74' lang='grc' dir='ltr'>πά-</span> 
     </span>
    </p>
   </div>
   <div class='ocr_carea' id='block_1_100' title="bbox 2149 3862 3737 3935">
    <p class='ocr_par' dir='ltr' id='par_1_100' title="bbox 2149 3862 3737 3935">
     <span class='ocr_line' id='line_1_100' title="bbox 2149 3862 3737 3935; baseline 0.003 -21"><span class='ocrx_word' id='word_1_692' title='bbox 2149 3862 2231 3915; x_wconf 87' lang='grc' dir='ltr'><strong>λιν</strong></span> <span class='ocrx_word' id='word_1_693' title='bbox 2264 3863 2505 3934; x_wconf 74' lang='grc' dir='ltr'>λήψομαι</span> <span class='ocrx_word' id='word_1_694' title='bbox 2529 3881 2543 3929; x_wconf 90' lang='grc'>;</span> <span class='ocrx_word' id='word_1_695' title='bbox 2572 3866 2600 3916; x_wconf 90' lang='lat'><strong>6</strong></span> <span class='ocrx_word' id='word_1_696' title='bbox 2632 3865 2741 3935; x_wconf 84' lang='grc' dir='ltr'><strong>γὰρ</strong></span> <span class='ocrx_word' id='word_1_697' title='bbox 2778 3864 2854 3934; x_wconf 81' lang='grc' dir='ltr'>τῷ</span> <span class='ocrx_word' id='word_1_698' title='bbox 2884 3865 2954 3917; x_wconf 82' lang='grc' dir='ltr'>τὰ</span> <span class='ocrx_word' id='word_1_699' title='bbox 2981 3864 3159 3918; x_wconf 83' lang='grc' dir='ltr'>πάντα</span> <span class='ocrx_word' id='word_1_700' title='bbox 3187 3865 3378 3918; x_wconf 85' lang='grc' dir='ltr'>διδόντι</span> <span class='ocrx_word' id='word_1_701' title='bbox 3400 3865 3581 3919; x_wconf 77' lang='grc' dir='ltr'>δοῦναι</span> <span class='ocrx_word' id='word_1_702' title='bbox 3607 3884 3737 3920; x_wconf 69' lang='lat' dir='ltr'><strong>xv:-</strong></span> 
     </span>
    </p>
   </div>
   <div class='ocr_carea' id='block_1_101' title="bbox 2178 3955 3737 4027">
    <p class='ocr_par' dir='ltr' id='par_1_101' title="bbox 2178 3955 3737 4027">
     <span class='ocr_line' id='line_1_101' title="bbox 2178 3955 3737 4027; baseline 0.003 -19"><span class='ocrx_word' id='word_1_703' title='bbox 2178 3955 2497 4025; x_wconf 85' lang='grc' dir='ltr'>πευόμενος,</span> <span class='ocrx_word' id='word_1_704' title='bbox 2535 3956 2698 4027; x_wconf 83' lang='grc' dir='ltr'>μηδὲν</span> <span class='ocrx_word' id='word_1_705' title='bbox 2740 3956 3005 4020; x_wconf 77' lang='grc' dir='ltr'>ἐλπιζέτω</span> <span class='ocrx_word' id='word_1_706' title='bbox 3034 3956 3218 4009; x_wconf 76' lang='grc' dir='ltr'>λαϐεῖν</span> <span class='ocrx_word' id='word_1_707' title='bbox 3253 3956 3368 4025; x_wconf 85' lang='lat'><strong>(6)&#39;</strong></span> <span class='ocrx_word' id='word_1_708' title='bbox 3413 3958 3737 4012; x_wconf 79' lang='grc' dir='ltr'>τούναντίον</span> 
     </span>
    </p>
   </div>
   <div class='ocr_carea' id='block_1_102' title="bbox 2153 4043 3731 4119">
    <p class='ocr_par' dir='ltr' id='par_1_102' title="bbox 2153 4043 3731 4119">
     <span class='ocr_line' id='line_1_102' title="bbox 2153 4043 3731 4119; baseline 0.003 -19"><span class='ocrx_word' id='word_1_709' title='bbox 2153 4046 2252 4118; x_wconf 85' lang='grc' dir='ltr'>μὲν</span> <span class='ocrx_word' id='word_1_710' title='bbox 2284 4043 2377 4101; x_wconf 77' lang='grc' dir='ltr'><strong>οὖν</strong></span> <span class='ocrx_word' id='word_1_711' title='bbox 2412 4049 2506 4101; x_wconf 74' lang='grc' dir='ltr'><strong>καὶ</strong></span> <span class='ocrx_word' id='word_1_712' title='bbox 2533 4048 2568 4102; x_wconf 82' lang='grc' dir='ltr'>ἃ</span> <span class='ocrx_word' id='word_1_713' title='bbox 2596 4047 2742 4101; x_wconf 88' lang='grc' dir='ltr'>δοκεῖ</span> <span class='ocrx_word' id='word_1_714' title='bbox 2772 4047 2937 4117; x_wconf 82' lang='grc' dir='ltr'>ἐχειν,</span> <span class='ocrx_word' id='word_1_715' title='bbox 2968 4047 3314 4119; x_wconf 68' lang='grc' dir='ltr'>ἀφαιρεῖσθαι</span> <span class='ocrx_word' id='word_1_716' title='bbox 3348 4048 3731 4119; x_wconf 77' lang='grc' dir='ltr'>προσδοκάτω.</span> 
     </span>
    </p>
   </div>
   <div class='ocr_carea' id='block_1_103' title="bbox 2152 4223 3498 4294">
    <p class='ocr_par' dir='ltr' id='par_1_103' title="bbox 2152 4223 3498 4294">
     <span class='ocr_line' id='line_1_103' title="bbox 2152 4223 3498 4294; baseline 0.001 -16"><span class='ocrx_word' id='word_1_717' title='bbox 2152 4223 2254 4279; x_wconf 69' lang='grc'><strong>125</strong></span> <span class='ocrx_word' id='word_1_718' title='bbox 2281 4224 2545 4292; x_wconf 80' lang='grc' dir='ltr'>Πένητος</span> <span class='ocrx_word' id='word_1_719' title='bbox 2570 4223 2788 4291; x_wconf 78' lang='grc' dir='ltr'>ἀνδρὸς</span> <span class='ocrx_word' id='word_1_720' title='bbox 2815 4223 2994 4276; x_wconf 80' lang='grc' dir='ltr'>οὐδὲν</span> <span class='ocrx_word' id='word_1_721' title='bbox 3024 4224 3498 4294; x_wconf 68' lang='grc' dir='ltr'>ἀσφαλέστερον.</span> 
     </span>
    </p>
   </div>
   <div class='ocr_carea' id='block_1_104' title="bbox 2231 4332 3737 4405">
    <p class='ocr_par' dir='ltr' id='par_1_104' title="bbox 2231 4332 3737 4405">
     <span class='ocr_line' id='line_1_104' title="bbox 2231 4332 3737 4405; baseline 0.001 -19"><span class='ocrx_word' id='word_1_722' title='bbox 2231 4334 2446 4404; x_wconf 77' lang='grc' dir='ltr'>Ἐπειδὴ</span> <span class='ocrx_word' id='word_1_723' title='bbox 2477 4333 2661 4386; x_wconf 75' lang='grc' dir='ltr'>πολλοὶ</span> <span class='ocrx_word' id='word_1_724' title='bbox 2696 4332 2793 4405; x_wconf 80' lang='grc' dir='ltr'><strong>τὴν</strong></span> <span class='ocrx_word' id='word_1_725' title='bbox 2824 4332 3013 4388; x_wconf 84' lang='grc' dir='ltr'>πενίαν</span> <span class='ocrx_word' id='word_1_726' title='bbox 3042 4332 3117 4396; x_wconf 85' lang='grc' dir='ltr'>ὡς</span> <span class='ocrx_word' id='word_1_727' title='bbox 3143 4333 3417 4387; x_wconf 82' lang='grc' dir='ltr'>ἀπευκτὸν</span> <span class='ocrx_word' id='word_1_728' title='bbox 3450 4334 3544 4387; x_wconf 71' lang='grc' dir='ltr'><strong>καὶ</strong></span> <span class='ocrx_word' id='word_1_729' title='bbox 3574 4335 3737 4404; x_wconf 71' lang='grc' dir='ltr'>μάλα</span> 
     </span>
    </p>
   </div>
   <div class='ocr_carea' id='block_1_105' title="bbox 2154 4425 3738 4497">
    <p class='ocr_par' dir='ltr' id='par_1_105' title="bbox 2154 4425 3738 4497">
     <span class='ocr_line' id='line_1_105' title="bbox 2154 4425 3738 4497; baseline 0.001 -18"><span class='ocrx_word' id='word_1_730' title='bbox 2154 4425 2321 4479; x_wconf 84' lang='grc' dir='ltr'>κακὸν</span> <span class='ocrx_word' id='word_1_731' title='bbox 2350 4426 2444 4478; x_wconf 78' lang='grc' dir='ltr'>καὶ</span> <span class='ocrx_word' id='word_1_732' title='bbox 2481 4425 2847 4497; x_wconf 86' lang='grc' dir='ltr'>ἀποτρόπαιον</span> <span class='ocrx_word' id='word_1_733' title='bbox 2886 4425 3162 4496; x_wconf 78' lang='grc' dir='ltr'>ἡγοῦνται,</span> <span class='ocrx_word' id='word_1_734' title='bbox 3195 4425 3261 4480; x_wconf 84' lang='grc' dir='ltr'>δι’</span> <span class='ocrx_word' id='word_1_735' title='bbox 3290 4426 3319 4477; x_wconf 81' lang='grc' dir='ltr'><strong>ὃ</strong></span> <span class='ocrx_word' id='word_1_736' title='bbox 3354 4426 3586 4497; x_wconf 81' lang='grc' dir='ltr'>μάλιστα</span> <span class='ocrx_word' id='word_1_737' title='bbox 3626 4429 3738 4481; x_wconf 76' lang='grc' dir='ltr'><strong>καὶ</strong></span> 
     </span>
    </p>
   </div>
   <div class='ocr_carea' id='block_1_106' title="bbox 2150 4516 3737 4588">
    <p class='ocr_par' dir='ltr' id='par_1_106' title="bbox 2150 4516 3737 4588">
     <span class='ocr_line' id='line_1_106' title="bbox 2150 4516 3737 4588; baseline 0.002 -20"><span class='ocrx_word' id='word_1_738' title='bbox 2150 4518 2261 4579; x_wconf 87' lang='grc' dir='ltr'>τοῖς</span> <span class='ocrx_word' id='word_1_739' title='bbox 2298 4516 2573 4586; x_wconf 88' lang='grc' dir='ltr'>δεομένοις</span> <span class='ocrx_word' id='word_1_740' title='bbox 2610 4518 2870 4587; x_wconf 87' lang='grc' dir='ltr'>ἐπαρκεῖν</span> <span class='ocrx_word' id='word_1_741' title='bbox 2895 4516 2993 4573; x_wconf 77' lang='grc' dir='ltr'><strong>οὐκ</strong></span> <span class='ocrx_word' id='word_1_742' title='bbox 3026 4516 3290 4583; x_wconf 84' lang='grc' dir='ltr'>ἐθέλουσι,</span> <span class='ocrx_word' id='word_1_743' title='bbox 3317 4517 3417 4588; x_wconf 82' lang='grc' dir='ltr'>τὴν</span> <span class='ocrx_word' id='word_1_744' title='bbox 3450 4518 3737 4587; x_wconf 82' lang='grc' dir='ltr'>πτωχείαν</span> 
     </span>
    </p>
   </div>
   <div class='ocr_carea' id='block_1_107' title="bbox 2149 4606 3736 4679">
    <p class='ocr_par' dir='ltr' id='par_1_107' title="bbox 2149 4606 3736 4679">
     <span class='ocr_line' id='line_1_107' title="bbox 2149 4606 3736 4679; baseline 0.001 -19"><span class='ocrx_word' id='word_1_745' title='bbox 2149 4606 2576 4671; x_wconf 84' lang='grc' dir='ltr'>ὑποπτεύοντες,</span> <span class='ocrx_word' id='word_1_746' title='bbox 2613 4608 2752 4661; x_wconf 81' lang='grc' dir='ltr'>πάνυ</span> <span class='ocrx_word' id='word_1_747' title='bbox 2792 4607 2968 4675; x_wconf 77' lang='grc' dir='ltr'>σοφῶς</span> <span class='ocrx_word' id='word_1_748' title='bbox 3014 4608 3042 4659; x_wconf 91' lang='lat'><strong>6</strong></span> <span class='ocrx_word' id='word_1_749' title='bbox 3084 4606 3404 4679; x_wconf 75' lang='grc' dir='ltr'>θεορρήμων</span> <span class='ocrx_word' id='word_1_750' title='bbox 3451 4608 3736 4662; x_wconf 84' lang='grc' dir='ltr'>κάκείνων</span> 
     </span>
    </p>
   </div>
   <div class='ocr_carea' id='block_1_108' title="bbox 2146 4696 3735 4769">
    <p class='ocr_par' dir='ltr' id='par_1_108' title="bbox 2146 4696 3735 4769">
     <span class='ocr_line' id='line_1_108' title="bbox 2146 4696 3735 4769; baseline 0.001 -19"><span class='ocrx_word' id='word_1_751' title='bbox 2146 4698 2244 4768; x_wconf 86' lang='grc' dir='ltr'><strong>τὴν</strong></span> <span class='ocrx_word' id='word_1_752' title='bbox 2298 4696 2502 4751; x_wconf 79' lang='grc' dir='ltr'>ἔνδειαν</span> <span class='ocrx_word' id='word_1_753' title='bbox 2549 4697 2975 4768; x_wconf 88' lang='grc' dir='ltr'>παραμυθεῖται,</span> <span class='ocrx_word' id='word_1_754' title='bbox 3026 4697 3123 4752; x_wconf 72' lang='grc' dir='ltr'><strong>καὶ</strong></span> <span class='ocrx_word' id='word_1_755' title='bbox 3161 4698 3269 4750; x_wconf 85' lang='grc' dir='ltr'><strong>τῶν</strong></span> <span class='ocrx_word' id='word_1_756' title='bbox 3314 4698 3583 4751; x_wconf 81' lang='grc' dir='ltr'>πλουσίων</span> <span class='ocrx_word' id='word_1_757' title='bbox 3620 4699 3735 4769; x_wconf 79' lang='grc' dir='ltr'>τὴν</span> 
     </span>
    </p>
   </div>
   <div class='ocr_carea' id='block_1_109' title="bbox 2151 4788 3732 4860">
    <p class='ocr_par' dir='ltr' id='par_1_109' title="bbox 2151 4788 3732 4860">
     <span class='ocr_line' id='line_1_109' title="bbox 2151 4788 3732 4860; baseline 0.001 -19"><span class='ocrx_word' id='word_1_758' title='bbox 2151 4788 2511 4860; x_wconf 72' lang='grc' dir='ltr'>μικροψυχίαν</span> <span class='ocrx_word' id='word_1_759' title='bbox 2542 4789 2772 4855; x_wconf 61' lang='lat' dir='ltr'><strong>tatam,</strong></span> <span class='ocrx_word' id='word_1_760' title='bbox 2802 4790 3056 4859; x_wconf 83' lang='grc' dir='ltr'>Πένητος,</span> <span class='ocrx_word' id='word_1_761' title='bbox 3092 4789 3284 4856; x_wconf 81' lang='grc' dir='ltr'>λέγων,</span> <span class='ocrx_word' id='word_1_762' title='bbox 3323 4788 3515 4859; x_wconf 77' lang='grc' dir='ltr'>ἀνδρὸς</span> <span class='ocrx_word' id='word_1_763' title='bbox 3540 4790 3732 4856; x_wconf 80' lang='grc' dir='ltr'>ἀσφα-</span> 
     </span>
    </p>
   </div>
   <div class='ocr_carea' id='block_1_110' title="bbox 2146 4878 3730 4951">
    <p class='ocr_par' dir='ltr' id='par_1_110' title="bbox 2146 4878 3730 4951">
     <span class='ocr_line' id='line_1_110' title="bbox 2146 4878 3730 4951; baseline 0.001 -20"><span class='ocrx_word' id='word_1_764' title='bbox 2146 4879 2398 4951; x_wconf 89' lang='grc' dir='ltr'>λέστερον</span> <span class='ocrx_word' id='word_1_765' title='bbox 2432 4880 2603 4944; x_wconf 76' lang='grc' dir='ltr'>οὐδὲν,</span> <span class='ocrx_word' id='word_1_766' title='bbox 2633 4879 2978 4950; x_wconf 77' lang='grc' dir='ltr'>ἀφοϐώτερον</span> <span class='ocrx_word' id='word_1_767' title='bbox 3010 4881 3041 4950; x_wconf 80' lang='grc' dir='ltr'><strong>ἦ</strong></span> <span class='ocrx_word' id='word_1_768' title='bbox 3073 4879 3479 4951; x_wconf 85' lang='grc' dir='ltr'>ἀκινδυνότερον</span> <span class='ocrx_word' id='word_1_769' title='bbox 3527 4878 3689 4933; x_wconf 75' lang='grc' dir='ltr'>οὐδέν</span> <span class='ocrx_word' id='word_1_770' title='bbox 3713 4898 3730 4912; x_wconf 91' lang='grc'><strong>·</strong></span> 
     </span>
    </p>
   </div>
   <div class='ocr_carea' id='block_1_111' title="bbox 2147 4969 3732 5042">
    <p class='ocr_par' dir='ltr' id='par_1_111' title="bbox 2147 4969 3732 5042">
     <span class='ocr_line' id='line_1_111' title="bbox 2147 4969 3732 5042; baseline -0.001 -19"><span class='ocrx_word' id='word_1_771' title='bbox 2147 4971 2207 5023; x_wconf 82' lang='grc' dir='ltr'><strong>ού</strong></span> <span class='ocrx_word' id='word_1_772' title='bbox 2233 4971 2368 5042; x_wconf 85' lang='grc' dir='ltr'>πρὸς</span> <span class='ocrx_word' id='word_1_773' title='bbox 2399 4972 2658 5042; x_wconf 88' lang='grc' dir='ltr'>χρήματα</span> <span class='ocrx_word' id='word_1_774' title='bbox 2680 4971 2790 5042; x_wconf 79' lang='grc' dir='ltr'><strong>γὰρ</strong></span> <span class='ocrx_word' id='word_1_775' title='bbox 2819 4972 2851 5041; x_wconf 81' lang='grc' dir='ltr'>ἦ</span> <span class='ocrx_word' id='word_1_776' title='bbox 2882 4973 3155 5041; x_wconf 87' lang='grc' dir='ltr'>κτήματα,</span> <span class='ocrx_word' id='word_1_777' title='bbox 3190 4971 3222 5041; x_wconf 81' lang='grc' dir='ltr'>ἦ</span> <span class='ocrx_word' id='word_1_778' title='bbox 3256 4970 3466 5041; x_wconf 85' lang='grc' dir='ltr'>κτηνῶν</span> <span class='ocrx_word' id='word_1_779' title='bbox 3497 4969 3732 5037; x_wconf 74' lang='grc' dir='ltr'>ἀγέλας,</span> 
     </span>
    </p>
   </div>
   <div class='ocr_carea' id='block_1_112' title="bbox 2146 5062 3739 5135">
    <p class='ocr_par' dir='ltr' id='par_1_112' title="bbox 2146 5062 3739 5135">
     <span class='ocr_line' id='line_1_112' title="bbox 2146 5062 3739 5135; baseline 0 -20"><span class='ocrx_word' id='word_1_780' title='bbox 2146 5062 2181 5132; x_wconf 81' lang='grc' dir='ltr'>ἢ</span> <span class='ocrx_word' id='word_1_781' title='bbox 2217 5063 2563 5135; x_wconf 88' lang='grc' dir='ltr'>ἀνδραπόδων</span> <span class='ocrx_word' id='word_1_782' title='bbox 2608 5066 2712 5135; x_wconf 82' lang='grc' dir='ltr'><strong>ὁρᾷ</strong></span> <span class='ocrx_word' id='word_1_783' title='bbox 2758 5065 3239 5135; x_wconf 86' lang='grc' dir='ltr'>περιουσιασμοὺς,</span> <span class='ocrx_word' id='word_1_784' title='bbox 3295 5062 3363 5115; x_wconf 81' lang='grc' dir='ltr'><strong>τὰ</strong></span> <span class='ocrx_word' id='word_1_785' title='bbox 3403 5062 3593 5134; x_wconf 73' lang='grc' dir='ltr'>ῥέοντα</span> <span class='ocrx_word' id='word_1_786' title='bbox 3632 5064 3739 5116; x_wconf 58' lang='grc' dir='ltr'><strong>καί⁵</strong></span> 
     </span>
    </p>
   </div>
   <div class='ocr_carea' id='block_1_113' title="bbox 2148 5152 3739 5226">
    <p class='ocr_par' dir='ltr' id='par_1_113' title="bbox 2148 5152 3739 5226">
     <span class='ocr_line' id='line_1_113' title="bbox 2148 5152 3739 5226; baseline 0.003 -22"><span class='ocrx_word' id='word_1_787' title='bbox 2148 5152 2347 5222; x_wconf 89' lang='grc' dir='ltr'>τρόπον</span> <span class='ocrx_word' id='word_1_788' title='bbox 2368 5153 2577 5226; x_wconf 78' lang='grc' dir='ltr'>ὀνείρου</span> <span class='ocrx_word' id='word_1_789' title='bbox 2603 5154 3017 5225; x_wconf 82' lang='grc' dir='ltr'>παρατρέχοντα</span> <span class='ocrx_word' id='word_1_790' title='bbox 3045 5154 3138 5207; x_wconf 69' lang='grc' dir='ltr'><strong>καὶ</strong></span> <span class='ocrx_word' id='word_1_791' title='bbox 3167 5153 3518 5223; x_wconf 84' lang='grc' dir='ltr'>ἀπολλύμενα</span> <span class='ocrx_word' id='word_1_792' title='bbox 3541 5169 3557 5185; x_wconf 75' lang='grc'><strong><em>⁸</em></strong></span> <span class='ocrx_word' id='word_1_793' title='bbox 3588 5155 3739 5224; x_wconf 68' lang='grc' dir='ltr'>πρὸς</span> 
     </span>
    </p>
   </div>
   <div class='ocr_carea' id='block_1_114' title="bbox 2148 5243 3737 5316">
    <p class='ocr_par' dir='ltr' id='par_1_114' title="bbox 2148 5243 3737 5316">
     <span class='ocr_line' id='line_1_114' title="bbox 2148 5243 3737 5316; baseline 0.003 -21"><span class='ocrx_word' id='word_1_794' title='bbox 2148 5243 2308 5312; x_wconf 91' lang='grc' dir='ltr'>μόνον</span> <span class='ocrx_word' id='word_1_795' title='bbox 2333 5244 2389 5296; x_wconf 86' lang='grc' dir='ltr'>δὲ</span> <span class='ocrx_word' id='word_1_796' title='bbox 2416 5245 2507 5298; x_wconf 86' lang='grc' dir='ltr'><strong>τὸν</strong></span> <span class='ocrx_word' id='word_1_797' title='bbox 2537 5245 2669 5298; x_wconf 81' lang='grc' dir='ltr'>Θεὸν</span> <span class='ocrx_word' id='word_1_798' title='bbox 2693 5247 3019 5312; x_wconf 81' lang='grc' dir='ltr'>ἀποσκοπεῖ,</span> <span class='ocrx_word' id='word_1_799' title='bbox 3053 5246 3143 5299; x_wconf 81' lang='grc' dir='ltr'><strong>τὸν</strong></span> <span class='ocrx_word' id='word_1_800' title='bbox 3172 5246 3323 5309; x_wconf 70' lang='grc' dir='ltr'>ὄντα,</span> <span class='ocrx_word' id='word_1_801' title='bbox 3350 5246 3442 5299; x_wconf 76' lang='grc' dir='ltr'><strong>τὸν</strong></span> <span class='ocrx_word' id='word_1_802' title='bbox 3473 5247 3737 5316; x_wconf 78' lang='grc' dir='ltr'>μένοντα,</span> 
     </span>
    </p>
   </div>
   <div class='ocr_carea' id='block_1_115' title="bbox 2143 5336 3739 5410">
    <p class='ocr_par' dir='ltr' id='par_1_115' title="bbox 2143 5336 3739 5410">
     <span class='ocr_line' id='line_1_115' title="bbox 2143 5336 3739 5410; baseline 0.002 -22"><span class='ocrx_word' id='word_1_803' title='bbox 2143 5336 2234 5390; x_wconf 86' lang='grc' dir='ltr'><strong>τὸν</strong></span> <span class='ocrx_word' id='word_1_804' title='bbox 2269 5337 2502 5407; x_wconf 78' lang='grc' dir='ltr'>χρηστὸν</span> <span class='ocrx_word' id='word_1_805' title='bbox 2533 5338 2725 5407; x_wconf 74' lang='grc' dir='ltr'><strong>φύσει⁶</strong></span> <span class='ocrx_word' id='word_1_806' title='bbox 2760 5338 2896 5410; x_wconf 82' lang='grc' dir='ltr'>πρὸς</span> <span class='ocrx_word' id='word_1_807' title='bbox 2934 5338 3122 5391; x_wconf 83' lang='grc' dir='ltr'>τοῦτον</span> <span class='ocrx_word' id='word_1_808' title='bbox 3156 5339 3241 5392; x_wconf 76' lang='grc' dir='ltr'><strong>ἀεὶ</strong></span> <span class='ocrx_word' id='word_1_809' title='bbox 3273 5338 3453 5405; x_wconf 84' lang='grc' dir='ltr'>νεύει,</span> <span class='ocrx_word' id='word_1_810' title='bbox 3484 5340 3739 5409; x_wconf 79' lang='grc' dir='ltr'>γνησίως</span> 
     </span>
    </p>
   </div>
   <div class='ocr_carea' id='block_1_116' title="bbox 2142 5506 3734 5586">
    <p class='ocr_par' dir='ltr' id='par_1_116' title="bbox 2142 5506 3734 5586">
     <span class='ocr_line' id='line_1_116' title="bbox 2142 5506 3734 5586; baseline 0.004 -24"><span class='ocrx_word' id='word_1_811' title='bbox 2142 5509 2461 5586; x_wconf 72' lang='grc' dir='ltr'>νοηθῄσεται</span> <span class='ocrx_word' id='word_1_812' title='bbox 2490 5513 2582 5565; x_wconf 76' lang='grc' dir='ltr'><strong>καὶ</strong></span> <span class='ocrx_word' id='word_1_813' title='bbox 2607 5513 2803 5586; x_wconf 74' lang='grc' dir='ltr'>οὕτως·</span> <span class='ocrx_word' id='word_1_814' title='bbox 2830 5506 3010 5586; x_wconf 78' lang='grc' dir='ltr'>ᾯτινι</span> <span class='ocrx_word' id='word_1_815' title='bbox 3036 5514 3169 5586; x_wconf 71' lang='grc' dir='ltr'>γὰρ,</span> <span class='ocrx_word' id='word_1_816' title='bbox 3187 5512 3455 5586; x_wconf 66' lang='grc' dir='ltr'>ἧχουντῷ</span> <span class='ocrx_word' id='word_1_817' title='bbox 3482 5515 3734 5586; x_wconf 77' lang='grc' dir='ltr'>Χριστῷ.</span> 
     </span>
    </p>
   </div>
   <div class='ocr_carea' id='block_1_117' title="bbox 2142 5581 3731 5653">
    <p class='ocr_par' dir='ltr' id='par_1_117' title="bbox 2142 5581 3731 5653">
     <span class='ocr_line' id='line_1_117' title="bbox 2142 5581 3731 5653; baseline 0.002 -19"><span class='ocrx_word' id='word_1_818' title='bbox 2142 5581 2240 5634; x_wconf 69' lang='grc' dir='ltr'><strong>οὐκ</strong></span> <span class='ocrx_word' id='word_1_819' title='bbox 2275 5581 2440 5633; x_wconf 73' lang='grc' dir='ltr'>ἔδωκέ</span> <span class='ocrx_word' id='word_1_820' title='bbox 2480 5600 2563 5645; x_wconf 87' lang='grc' dir='ltr'><strong>τις</strong></span> <span class='ocrx_word' id='word_1_821' title='bbox 2601 5581 3005 5653; x_wconf 73' lang='grc' dir='ltr'>ἐλεημοσύνην,</span> <span class='ocrx_word' id='word_1_822' title='bbox 3049 5581 3185 5652; x_wconf 76' lang='grc' dir='ltr'><strong>μηδέ</strong></span> <span class='ocrx_word' id='word_1_823' title='bbox 3212 5581 3492 5647; x_wconf 74' lang='grc' dir='ltr'>ἐλπιζέτω</span> <span class='ocrx_word' id='word_1_824' title='bbox 3536 5581 3731 5638; x_wconf 71' lang='grc' dir='ltr'>τούτου</span> 
     </span>
    </p>
   </div>
   <div class='ocr_carea' id='block_1_118' title="bbox 2142 5653 3729 5725">
    <p class='ocr_par' dir='ltr' id='par_1_118' title="bbox 2142 5653 3729 5725">
     <span class='ocr_line' id='line_1_118' title="bbox 2142 5653 3729 5725; baseline 0.005 -24"><span class='ocrx_word' id='word_1_825' title='bbox 2142 5654 2323 5725; x_wconf 76' lang='grc' dir='ltr'>τυχεῖν</span> <span class='ocrx_word' id='word_1_826' title='bbox 2349 5653 2477 5725; x_wconf 74' lang='grc' dir='ltr'>παρ’</span> <span class='ocrx_word' id='word_1_827' title='bbox 2507 5653 3039 5725; x_wconf 13' lang='grc' dir='ltr'>ἐκείνρυεῆγουνίτοῦ</span> <span class='ocrx_word' id='word_1_828' title='bbox 3059 5653 3345 5725; x_wconf 73' lang='grc' dir='ltr'>ἐλεηθῆναι</span> <span class='ocrx_word' id='word_1_829' title='bbox 3370 5656 3504 5725; x_wconf 77' lang='grc' dir='ltr'>παρ’</span> <span class='ocrx_word' id='word_1_830' title='bbox 3535 5655 3729 5724; x_wconf 74' lang='grc' dir='ltr'>αὐτοῦ,</span> 
     </span>
    </p>
   </div>
   <div class='ocr_carea' id='block_1_119' title="bbox 2143 5717 3326 5796">
    <p class='ocr_par' dir='ltr' id='par_1_119' title="bbox 2143 5717 3326 5796">
     <span class='ocr_line' id='line_1_119' title="bbox 2143 5717 3326 5796; baseline 0.003 -21"><span class='ocrx_word' id='word_1_831' title='bbox 2143 5717 2533 5794; x_wconf 67' lang='grc' dir='ltr'>ἵναγράφηται</span> <span class='ocrx_word' id='word_1_832' title='bbox 2564 5724 2623 5775; x_wconf 72' lang='grc' dir='ltr'>τὸ</span> <span class='ocrx_word' id='word_1_833' title='bbox 2653 5717 2696 5791; x_wconf 78' lang='grc' dir='ltr'>ᾧ</span> <span class='ocrx_word' id='word_1_834' title='bbox 2736 5717 2822 5777; x_wconf 63' lang='grc' dir='ltr'>διὰ</span> <span class='ocrx_word' id='word_1_835' title='bbox 2861 5724 2951 5777; x_wconf 81' lang='grc' dir='ltr'>τοῦ</span> <span class='ocrx_word' id='word_1_836' title='bbox 2982 5742 3028 5778; x_wconf 87' lang='grc' dir='ltr'><strong>ω</strong></span> <span class='ocrx_word' id='word_1_837' title='bbox 3072 5717 3326 5796; x_wconf 55' lang='grc' dir='ltr'>μεγάλου.</span> 
     </span>
    </p>
   </div>
  </div>
