  <div class='ocr_page' id='page_1' title='image "/cluster/home/n/w/nwhite01/storage/ocr_20150623/38/hvd.32044069550002/416.png"; bbox 0 0 3984 6208; ppageno 0'>
   <div class='ocr_carea' id='block_1_1' title="bbox 369 319 485 393">
    <p class='ocr_par' dir='ltr' id='par_1_1' title="bbox 369 319 485 393">
     <span class='ocr_line' id='line_1_1' title="bbox 369 319 485 393; baseline -0.026 -17"><span class='ocrx_word' id='word_1_1' title='bbox 369 319 485 393; x_wconf 35' lang='grc' dir='ltr'><strong>ιιι-ι,</strong></span> 
     </span>
    </p>
   </div>
   <div class='ocr_carea' id='block_1_2' title="bbox 368 434 1948 525">
    <p class='ocr_par' dir='ltr' id='par_1_2' title="bbox 368 434 1948 525">
     <span class='ocr_line' id='line_1_2' title="bbox 368 434 1948 525; baseline 0.014 -37"><span class='ocrx_word' id='word_1_2' title='bbox 368 436 536 490; x_wconf 73' lang='grc' dir='ltr'><strong>αὐτὸν</strong></span> <span class='ocrx_word' id='word_1_3' title='bbox 569 439 799 510; x_wconf 76' lang='grc' dir='ltr'><strong>προορᾷ,</strong></span> <span class='ocrx_word' id='word_1_4' title='bbox 836 440 964 513; x_wconf 80' lang='grc' dir='ltr'><strong>παρ’</strong></span> <span class='ocrx_word' id='word_1_5' title='bbox 981 434 1047 498; x_wconf 74' lang='grc' dir='ltr'><strong>οὗ</strong></span> <span class='ocrx_word' id='word_1_6' title='bbox 1064 442 1162 516; x_wconf 80' lang='grc' dir='ltr'><strong>τὴν</strong></span> <span class='ocrx_word' id='word_1_7' title='bbox 1180 443 1371 517; x_wconf 81' lang='grc' dir='ltr'><strong>ὀλίγην</strong></span> <span class='ocrx_word' id='word_1_8' title='bbox 1399 450 1458 502; x_wconf 73' lang='grc' dir='ltr'><strong>έν</strong></span> <span class='ocrx_word' id='word_1_9' title='bbox 1483 450 1694 523; x_wconf 80' lang='grc' dir='ltr'><strong>σώματι</strong></span> <span class='ocrx_word' id='word_1_10' title='bbox 1721 453 1948 525; x_wconf 71' lang='grc' dir='ltr'><strong>ἡλπισεν</strong></span> 
     </span>
    </p>
   </div>
   <div class='ocr_carea' id='block_1_3' title="bbox 370 530 1948 617">
    <p class='ocr_par' dir='ltr' id='par_1_3' title="bbox 370 530 1948 617">
     <span class='ocr_line' id='line_1_3' title="bbox 370 530 1948 617; baseline 0.011 -35"><span class='ocrx_word' id='word_1_11' title='bbox 370 530 772 600; x_wconf 79' lang='grc' dir='ltr'><strong>οἰκονομεῖσθαι</strong></span> <span class='ocrx_word' id='word_1_12' title='bbox 809 533 977 606; x_wconf 80' lang='grc' dir='ltr'><strong>ζωὴν,</strong></span> <span class='ocrx_word' id='word_1_13' title='bbox 1022 536 1118 590; x_wconf 74' lang='grc' dir='ltr'><strong>καὶ</strong></span> <span class='ocrx_word' id='word_1_14' title='bbox 1157 538 1288 609; x_wconf 84' lang='grc' dir='ltr'><strong>παρ’</strong></span> <span class='ocrx_word' id='word_1_15' title='bbox 1325 534 1386 594; x_wconf 79' lang='grc' dir='ltr'><strong>οὗ</strong></span> <span class='ocrx_word' id='word_1_16' title='bbox 1424 541 1522 613; x_wconf 80' lang='grc' dir='ltr'><strong>τὴν</strong></span> <span class='ocrx_word' id='word_1_17' title='bbox 1563 543 1623 596; x_wconf 77' lang='grc' dir='ltr'><strong>ἐν</strong></span> <span class='ocrx_word' id='word_1_18' title='bbox 1671 544 1948 617; x_wconf 89' lang='grc' dir='ltr'><strong>Πνεύματι</strong></span> 
     </span>
    </p>
   </div>
   <div class='ocr_carea' id='block_1_4' title="bbox 367 620 1949 707">
    <p class='ocr_par' dir='ltr' id='par_1_4' title="bbox 367 620 1949 707">
     <span class='ocr_line' id='line_1_4' title="bbox 367 620 1949 707; baseline 0.013 -36"><span class='ocrx_word' id='word_1_19' title='bbox 367 620 603 683; x_wconf 85' lang='grc' dir='ltr'><strong>αίωνίως</strong></span> <span class='ocrx_word' id='word_1_20' title='bbox 633 620 819 692; x_wconf 80' lang='grc' dir='ltr'><strong>ζήσειν</strong></span> <span class='ocrx_word' id='word_1_21' title='bbox 852 626 1144 699; x_wconf 73' lang='grc' dir='ltr'><strong>προσδοκᾷ.</strong></span> <span class='ocrx_word' id='word_1_22' title='bbox 1179 629 1252 683; x_wconf 79' lang='grc' dir='ltr'><strong>Σὺ</strong></span> <span class='ocrx_word' id='word_1_23' title='bbox 1285 629 1342 683; x_wconf 72' lang='grc' dir='ltr'><strong>δέ</strong></span> <span class='ocrx_word' id='word_1_24' title='bbox 1369 631 1400 683; x_wconf 82' lang='grc' dir='ltr'><strong>ὀ</strong></span> <span class='ocrx_word' id='word_1_25' title='bbox 1447 631 1661 705; x_wconf 84' lang='grc' dir='ltr'><strong>πλούτῳ</strong></span> <span class='ocrx_word' id='word_1_26' title='bbox 1685 638 1892 707; x_wconf 84' lang='grc' dir='ltr'><strong>κομῶν,</strong></span> <span class='ocrx_word' id='word_1_27' title='bbox 1920 639 1949 690; x_wconf 85' lang='grc' dir='ltr'><strong>ὁ</strong></span> 
     </span>
    </p>
   </div>
   <div class='ocr_carea' id='block_1_5' title="bbox 368 708 1950 796">
    <p class='ocr_par' dir='ltr' id='par_1_5' title="bbox 368 708 1950 796">
     <span class='ocr_line' id='line_1_5' title="bbox 368 708 1950 796; baseline 0.013 -36"><span class='ocrx_word' id='word_1_28' title='bbox 368 710 505 762; x_wconf 74' lang='grc' dir='ltr'><strong>πᾶσι</strong></span> <span class='ocrx_word' id='word_1_29' title='bbox 533 708 629 763; x_wconf 77' lang='grc' dir='ltr'><strong>τοῦ</strong></span> <span class='ocrx_word' id='word_1_30' title='bbox 660 711 865 783; x_wconf 85' lang='grc' dir='ltr'><strong>κόσμου</strong></span> <span class='ocrx_word' id='word_1_31' title='bbox 892 718 1007 776; x_wconf 86' lang='grc' dir='ltr'><strong>τοῖς</strong></span> <span class='ocrx_word' id='word_1_32' title='bbox 1034 716 1260 785; x_wconf 78' lang='grc' dir='ltr'><strong>ἀγαθοῖς</strong></span> <span class='ocrx_word' id='word_1_33' title='bbox 1287 719 1573 791; x_wconf 82' lang='grc' dir='ltr'><strong>ὲνευθηνού</strong></span> <span class='ocrx_word' id='word_1_34' title='bbox 1581 740 1762 794; x_wconf 88' lang='grc' dir='ltr'><strong>μενος,</strong></span> <span class='ocrx_word' id='word_1_35' title='bbox 1791 727 1821 779; x_wconf 86' lang='grc' dir='ltr'><strong>ό</strong></span> <span class='ocrx_word' id='word_1_36' title='bbox 1852 725 1950 796; x_wconf 66' lang='grc' dir='ltr'><strong>μές-</strong></span> 
     </span>
    </p>
   </div>
   <div class='ocr_carea' id='block_1_6' title="bbox 363 800 1950 884">
    <p class='ocr_par' dir='ltr' id='par_1_6' title="bbox 363 800 1950 884">
     <span class='ocr_line' id='line_1_6' title="bbox 363 800 1950 884; baseline 0.011 -34"><span class='ocrx_word' id='word_1_37' title='bbox 363 813 473 868; x_wconf 81' lang='grc' dir='ltr'><strong>γας</strong></span> <span class='ocrx_word' id='word_1_38' title='bbox 501 800 597 853; x_wconf 78' lang='grc' dir='ltr'><strong>καὶ</strong></span> <span class='ocrx_word' id='word_1_39' title='bbox 622 800 787 866; x_wconf 83' lang='grc' dir='ltr'><strong>πολὺς</strong></span> <span class='ocrx_word' id='word_1_40' title='bbox 813 803 872 857; x_wconf 77' lang='grc' dir='ltr'><strong>ἐν</strong></span> <span class='ocrx_word' id='word_1_41' title='bbox 897 803 976 875; x_wconf 81' lang='grc' dir='ltr'><strong>τῷ</strong></span> <span class='ocrx_word' id='word_1_42' title='bbox 1009 804 1111 878; x_wconf 83' lang='grc' dir='ltr'><strong>βίῳ</strong></span> <span class='ocrx_word' id='word_1_43' title='bbox 1141 809 1255 872; x_wconf 89' lang='grc' dir='ltr'><strong>τοῖς</strong></span> <span class='ocrx_word' id='word_1_44' title='bbox 1283 808 1496 875; x_wconf 79' lang='grc' dir='ltr'><strong>πολλοῖς</strong></span> <span class='ocrx_word' id='word_1_45' title='bbox 1518 810 1627 866; x_wconf 85' lang='grc' dir='ltr'><strong>τῶν</strong></span> <span class='ocrx_word' id='word_1_46' title='bbox 1647 812 1950 884; x_wconf 80' lang='grc' dir='ltr'><strong>ἀνθρώπων</strong></span> 
     </span>
    </p>
   </div>
   <div class='ocr_carea' id='block_1_7' title="bbox 365 891 1951 977">
    <p class='ocr_par' dir='ltr' id='par_1_7' title="bbox 365 891 1951 977">
     <span class='ocr_line' id='line_1_7' title="bbox 365 891 1951 977; baseline 0.009 -31"><span class='ocrx_word' id='word_1_47' title='bbox 365 891 747 963; x_wconf 68' lang='grc' dir='ltr'><strong>νομιζόμενος,</strong></span> <span class='ocrx_word' id='word_1_48' title='bbox 776 894 1074 963; x_wconf 75' lang='grc' dir='ltr'><strong>ἀγκαλίζου</strong></span> <span class='ocrx_word' id='word_1_49' title='bbox 1093 898 1186 952; x_wconf 81' lang='grc' dir='ltr'><strong>τὸν</strong></span> <span class='ocrx_word' id='word_1_50' title='bbox 1207 900 1405 972; x_wconf 83' lang='grc' dir='ltr'><strong>μικρὸν</strong></span> <span class='ocrx_word' id='word_1_51' title='bbox 1423 904 1613 957; x_wconf 85' lang='grc' dir='ltr'><strong>τοῦτον</strong></span> <span class='ocrx_word' id='word_1_52' title='bbox 1632 904 1724 958; x_wconf 79' lang='grc' dir='ltr'><strong>καὶ</strong></span> <span class='ocrx_word' id='word_1_53' title='bbox 1743 905 1951 977; x_wconf 82' lang='grc' dir='ltr'><strong>πένητα</strong></span> 
     </span>
    </p>
   </div>
   <div class='ocr_carea' id='block_1_8' title="bbox 368 982 1950 1067">
    <p class='ocr_par' dir='ltr' id='par_1_8' title="bbox 368 982 1950 1067">
     <span class='ocr_line' id='line_1_8' title="bbox 368 982 1950 1067; baseline 0.013 -34"><span class='ocrx_word' id='word_1_54' title='bbox 368 982 467 1034; x_wconf 74' lang='grc' dir='ltr'><strong>καὶ</strong></span> <span class='ocrx_word' id='word_1_55' title='bbox 508 984 746 1054; x_wconf 82' lang='grc' dir='ltr'><strong>πτωχὸν,</strong></span> <span class='ocrx_word' id='word_1_56' title='bbox 774 989 989 1058; x_wconf 88' lang='grc' dir='ltr'><strong>τρέφων</strong></span> <span class='ocrx_word' id='word_1_57' title='bbox 1029 990 1125 1044; x_wconf 85' lang='grc' dir='ltr'><strong>καὶ</strong></span> <span class='ocrx_word' id='word_1_58' title='bbox 1153 991 1372 1048; x_wconf 80' lang='grc' dir='ltr'><strong>σκέπων</strong></span> <span class='ocrx_word' id='word_1_59' title='bbox 1412 996 1509 1049; x_wconf 68' lang='grc' dir='ltr'><strong>καὶ⁵</strong></span> <span class='ocrx_word' id='word_1_60' title='bbox 1539 997 1716 1067; x_wconf 78' lang='grc' dir='ltr'><strong>πάσης</strong></span> <span class='ocrx_word' id='word_1_61' title='bbox 1770 997 1950 1065; x_wconf 79' lang='grc' dir='ltr'>ξενίας</span> 
     </span>
    </p>
   </div>
   <div class='ocr_carea' id='block_1_9' title="bbox 372 1077 1950 1161">
    <p class='ocr_par' dir='ltr' id='par_1_9' title="bbox 372 1077 1950 1161">
     <span class='ocr_line' id='line_1_9' title="bbox 372 1077 1950 1161; baseline 0.01 -32"><span class='ocrx_word' id='word_1_62' title='bbox 372 1077 693 1146; x_wconf 81' lang='grc' dir='ltr'><strong>μεταδιδοὺς</strong></span> <span class='ocrx_word' id='word_1_63' title='bbox 729 1078 824 1132; x_wconf 62' lang='grc' dir='ltr'><strong>καὶ⁹</strong></span> <span class='ocrx_word' id='word_1_64' title='bbox 857 1078 1157 1152; x_wconf 76' lang='grc' dir='ltr'><strong>θεραπείας</strong></span> <span class='ocrx_word' id='word_1_65' title='bbox 1180 1122 1196 1147; x_wconf 85' lang='grc'><strong>,</strong></span> <span class='ocrx_word' id='word_1_66' title='bbox 1236 1085 1314 1150; x_wconf 79' lang='grc' dir='ltr'><strong>ὡς</strong></span> <span class='ocrx_word' id='word_1_67' title='bbox 1352 1086 1514 1142; x_wconf 78' lang='grc' dir='ltr'><strong>αὐτὸν</strong></span> <span class='ocrx_word' id='word_1_68' title='bbox 1561 1088 1950 1161; x_wconf 81' lang='grc' dir='ltr'><strong>ὕποδεχόμενος</strong></span> 
     </span>
    </p>
   </div>
   <div class='ocr_carea' id='block_1_10' title="bbox 367 1168 1951 1251">
    <p class='ocr_par' dir='ltr' id='par_1_10' title="bbox 367 1168 1951 1251">
     <span class='ocr_line' id='line_1_10' title="bbox 367 1168 1951 1251; baseline 0.009 -30"><span class='ocrx_word' id='word_1_69' title='bbox 367 1168 465 1222; x_wconf 72' lang='grc' dir='ltr'><strong>τὺν</strong></span> <span class='ocrx_word' id='word_1_70' title='bbox 507 1168 763 1241; x_wconf 81' lang='grc' dir='ltr'><strong>Χριστὸν,</strong></span> <span class='ocrx_word' id='word_1_71' title='bbox 805 1172 903 1225; x_wconf 61' lang='grc' dir='ltr'><strong>καὶ⁵</strong></span> <span class='ocrx_word' id='word_1_72' title='bbox 924 1171 1017 1227; x_wconf 80' lang='grc' dir='ltr'><strong>διὰ</strong></span> <span class='ocrx_word' id='word_1_73' title='bbox 1055 1174 1150 1227; x_wconf 80' lang='grc' dir='ltr'><strong>τοῦ</strong></span> <span class='ocrx_word' id='word_1_74' title='bbox 1184 1176 1464 1247; x_wconf 77' lang='grc' dir='ltr'><strong>ὁρωμένου</strong></span> <span class='ocrx_word' id='word_1_75' title='bbox 1499 1179 1729 1251; x_wconf 81' lang='grc' dir='ltr'><strong>πένητος</strong></span> <span class='ocrx_word' id='word_1_76' title='bbox 1754 1180 1845 1234; x_wconf 77' lang='grc' dir='ltr'><strong>τὸν</strong></span> <span class='ocrx_word' id='word_1_77' title='bbox 1891 1182 1951 1237; x_wconf 74' lang='grc' dir='ltr'><strong>ἐν</strong></span> 
     </span>
    </p>
   </div>
   <div class='ocr_carea' id='block_1_11' title="bbox 364 1258 1963 1343">
    <p class='ocr_par' dir='ltr' id='par_1_11' title="bbox 364 1258 1963 1343">
     <span class='ocr_line' id='line_1_11' title="bbox 364 1258 1963 1343; baseline 0.01 -31"><span class='ocrx_word' id='word_1_78' title='bbox 364 1258 524 1329; x_wconf 74' lang='grc' dir='ltr'><strong>αὐτῷ</strong></span> <span class='ocrx_word' id='word_1_79' title='bbox 546 1260 928 1332; x_wconf 87' lang='grc' dir='ltr'><strong>κεκρυμμένον</strong></span> <span class='ocrx_word' id='word_1_80' title='bbox 952 1262 1161 1334; x_wconf 80' lang='grc' dir='ltr'><strong>Ἰησοῦν</strong></span> <span class='ocrx_word' id='word_1_81' title='bbox 1174 1268 1285 1330; x_wconf 86' lang='grc' dir='ltr'><strong>τοῖς</strong></span> <span class='ocrx_word' id='word_1_82' title='bbox 1305 1269 1593 1340; x_wconf 83' lang='grc' dir='ltr'><strong>κρυφαίοις</strong></span> <span class='ocrx_word' id='word_1_83' title='bbox 1617 1271 1712 1325; x_wconf 80' lang='grc' dir='ltr'><strong>τοῦ</strong></span> <span class='ocrx_word' id='word_1_84' title='bbox 1738 1271 1831 1326; x_wconf 81' lang='grc' dir='ltr'><strong>σοῦ</strong></span> <span class='ocrx_word' id='word_1_85' title='bbox 1855 1273 1963 1343; x_wconf 70' lang='grc' dir='ltr'><strong>νοῦ,</strong></span> 
     </span>
    </p>
   </div>
   <div class='ocr_carea' id='block_1_12' title="bbox 363 1347 1946 1435">
    <p class='ocr_par' dir='ltr' id='par_1_12' title="bbox 363 1347 1946 1435">
     <span class='ocr_line' id='line_1_12' title="bbox 363 1347 1946 1435; baseline 0.009 -32"><span class='ocrx_word' id='word_1_86' title='bbox 363 1347 632 1421; x_wconf 70' lang='grc' dir='ltr'><strong>θαλάμοις</strong></span> <span class='ocrx_word' id='word_1_87' title='bbox 659 1350 747 1405; x_wconf 84' lang='grc' dir='ltr'><strong>διά</strong></span> <span class='ocrx_word' id='word_1_88' title='bbox 783 1351 1019 1418; x_wconf 87' lang='grc' dir='ltr'><strong>πίστεως</strong></span> <span class='ocrx_word' id='word_1_89' title='bbox 1046 1357 1467 1428; x_wconf 76' lang='grc' dir='ltr'><strong>είσοικιζόμενος</strong></span> <span class='ocrx_word' id='word_1_90' title='bbox 1508 1361 1604 1414; x_wconf 77' lang='grc' dir='ltr'><strong>καὶ</strong></span> <span class='ocrx_word' id='word_1_91' title='bbox 1630 1362 1946 1435; x_wconf 79' lang='grc' dir='ltr'><strong>ἐνιδρυόμε-</strong></span> 
     </span>
    </p>
   </div>
   <div class='ocr_carea' id='block_1_13' title="bbox 360 1439 1950 1526">
    <p class='ocr_par' dir='ltr' id='par_1_13' title="bbox 360 1439 1950 1526">
     <span class='ocr_line' id='line_1_13' title="bbox 360 1439 1950 1526; baseline 0.012 -37"><span class='ocrx_word' id='word_1_92' title='bbox 360 1453 482 1501; x_wconf 78' lang='grc' dir='ltr'><strong>νοςο</strong></span> <span class='ocrx_word' id='word_1_93' title='bbox 521 1439 615 1492; x_wconf 78' lang='grc' dir='ltr'><strong>καὶ</strong></span> <span class='ocrx_word' id='word_1_94' title='bbox 642 1439 831 1513; x_wconf 82' lang='grc' dir='ltr'><strong>ὥσπερ</strong></span> <span class='ocrx_word' id='word_1_95' title='bbox 862 1442 892 1494; x_wconf 84' lang='grc' dir='ltr'><strong>ὀ</strong></span> <span class='ocrx_word' id='word_1_96' title='bbox 920 1444 1075 1509; x_wconf 83' lang='grc' dir='ltr'><strong>ἀετὸς</strong></span> <span class='ocrx_word' id='word_1_97' title='bbox 1099 1485 1115 1512; x_wconf 89' lang='grc'><strong>,</strong></span> <span class='ocrx_word' id='word_1_98' title='bbox 1151 1446 1295 1501; x_wconf 87' lang='grc' dir='ltr'><strong>κατά</strong></span> <span class='ocrx_word' id='word_1_99' title='bbox 1329 1449 1422 1503; x_wconf 81' lang='grc' dir='ltr'><strong>τὸν</strong></span> <span class='ocrx_word' id='word_1_100' title='bbox 1454 1451 1602 1522; x_wconf 77' lang='grc' dir='ltr'><strong>ἱερὸν</strong></span> <span class='ocrx_word' id='word_1_101' title='bbox 1635 1451 1815 1521; x_wconf 87' lang='grc' dir='ltr'><strong>λόγον,</strong></span> <span class='ocrx_word' id='word_1_102' title='bbox 1849 1452 1950 1526; x_wconf 80' lang='grc' dir='ltr'><strong>τὴν</strong></span> 
     </span>
    </p>
   </div>
   <div class='ocr_carea' id='block_1_14' title="bbox 362 1529 1948 1606">
    <p class='ocr_par' dir='ltr' id='par_1_14' title="bbox 362 1529 1948 1606">
     <span class='ocr_line' id='line_1_14' title="bbox 362 1529 1948 1606; baseline 0.01 -25"><span class='ocrx_word' id='word_1_103' title='bbox 362 1529 538 1583; x_wconf 78' lang='grc' dir='ltr'><strong>αὑτοῦ</strong></span> <span class='ocrx_word' id='word_1_104' title='bbox 585 1532 866 1597; x_wconf 81' lang='grc' dir='ltr'><strong>σκευάζων</strong></span> <span class='ocrx_word' id='word_1_105' title='bbox 913 1535 1134 1590; x_wconf 79' lang='grc' dir='ltr'><strong>νοσσιὰν</strong></span> <span class='ocrx_word' id='word_1_106' title='bbox 1152 1578 1168 1603; x_wconf 91' lang='grc'><strong>,</strong></span> <span class='ocrx_word' id='word_1_107' title='bbox 1198 1538 1295 1592; x_wconf 74' lang='grc' dir='ltr'><strong>καὶ</strong></span> <span class='ocrx_word' id='word_1_108' title='bbox 1331 1541 1444 1604; x_wconf 85' lang='grc' dir='ltr'><strong>τοῖς</strong></span> <span class='ocrx_word' id='word_1_109' title='bbox 1480 1544 1721 1606; x_wconf 80' lang='grc' dir='ltr'><strong>νεοσσοῖς</strong></span> <span class='ocrx_word' id='word_1_110' title='bbox 1752 1544 1948 1597; x_wconf 77' lang='grc' dir='ltr'><strong>ἐπιπο-</strong></span> 
     </span>
    </p>
   </div>
   <div class='ocr_carea' id='block_1_15' title="bbox 360 1616 1950 1704">
    <p class='ocr_par' dir='ltr' id='par_1_15' title="bbox 360 1616 1950 1704">
     <span class='ocr_line' id='line_1_15' title="bbox 360 1616 1950 1704; baseline 0.011 -35"><span class='ocrx_word' id='word_1_111' title='bbox 360 1616 515 1670; x_wconf 59' lang='grc' dir='ltr'><strong>θῶν</strong></span> <span class='ocrx_word' id='word_1_112' title='bbox 556 1618 699 1673; x_wconf 79' lang='grc' dir='ltr'><strong>οὕτω</strong></span> <span class='ocrx_word' id='word_1_113' title='bbox 727 1621 821 1675; x_wconf 76' lang='grc' dir='ltr'><strong>καὶ</strong></span> <span class='ocrx_word' id='word_1_114' title='bbox 853 1622 920 1675; x_wconf 80' lang='grc' dir='ltr'><strong>σὺ</strong></span> <span class='ocrx_word' id='word_1_115' title='bbox 952 1624 1118 1689; x_wconf 83' lang='grc' dir='ltr'><strong>πολὺς</strong></span> <span class='ocrx_word' id='word_1_116' title='bbox 1144 1625 1406 1697; x_wconf 79' lang='grc' dir='ltr'><strong>ὑπάρχων</strong></span> <span class='ocrx_word' id='word_1_117' title='bbox 1438 1632 1506 1700; x_wconf 78' lang='grc' dir='ltr'><strong>τῇ</strong></span> <span class='ocrx_word' id='word_1_118' title='bbox 1539 1631 1828 1704; x_wconf 77' lang='grc' dir='ltr'><strong>περιουσίᾳ</strong></span> <span class='ocrx_word' id='word_1_119' title='bbox 1861 1627 1950 1686; x_wconf 72' lang='grc' dir='ltr'><strong>οἷα</strong></span> 
     </span>
    </p>
   </div>
   <div class='ocr_carea' id='block_1_16' title="bbox 358 1706 1947 1793">
    <p class='ocr_par' dir='ltr' id='par_1_16' title="bbox 358 1706 1947 1793">
     <span class='ocr_line' id='line_1_16' title="bbox 358 1706 1947 1793; baseline 0.011 -33"><span class='ocrx_word' id='word_1_120' title='bbox 358 1706 567 1763; x_wconf 77' lang='grc' dir='ltr'><strong>λεπτὸν</strong></span> <span class='ocrx_word' id='word_1_121' title='bbox 600 1708 749 1781; x_wconf 78' lang='grc' dir='ltr'><strong>δρνιν</strong></span> <span class='ocrx_word' id='word_1_122' title='bbox 787 1711 1060 1782; x_wconf 76' lang='grc' dir='ltr'><strong>ἀμφέπων</strong></span> <span class='ocrx_word' id='word_1_123' title='bbox 1093 1714 1187 1770; x_wconf 78' lang='grc' dir='ltr'><strong>τὸν</strong></span> <span class='ocrx_word' id='word_1_124' title='bbox 1215 1717 1423 1788; x_wconf 87' lang='grc' dir='ltr'><strong>πένητα</strong></span> <span class='ocrx_word' id='word_1_125' title='bbox 1452 1720 1547 1773; x_wconf 76' lang='grc' dir='ltr'><strong>καὶ</strong></span> <span class='ocrx_word' id='word_1_126' title='bbox 1575 1721 1947 1793; x_wconf 82' lang='grc' dir='ltr'><strong>περισκέπων,</strong></span> 
     </span>
    </p>
   </div>
   <div class='ocr_carea' id='block_1_17' title="bbox 356 1799 1172 1876">
    <p class='ocr_par' dir='ltr' id='par_1_17' title="bbox 356 1799 1172 1876">
     <span class='ocr_line' id='line_1_17' title="bbox 356 1799 1172 1876; baseline 0.012 -24"><span class='ocrx_word' id='word_1_127' title='bbox 356 1800 432 1853; x_wconf 75' lang='grc' dir='ltr'><strong>ὲν</strong></span> <span class='ocrx_word' id='word_1_128' title='bbox 463 1799 612 1872; x_wconf 82' lang='grc' dir='ltr'><strong>αὐτῷ</strong></span> <span class='ocrx_word' id='word_1_129' title='bbox 635 1802 889 1874; x_wconf 81' lang='grc' dir='ltr'><strong>εὑρήσεις</strong></span> <span class='ocrx_word' id='word_1_130' title='bbox 917 1803 1172 1876; x_wconf 82' lang='grc' dir='ltr'><strong>Χριστόν.</strong></span> 
     </span>
    </p>
   </div>
   <div class='ocr_carea' id='block_1_18' title="bbox 362 1934 1726 2019">
    <p class='ocr_par' dir='ltr' id='par_1_18' title="bbox 362 1934 1726 2019">
     <span class='ocr_line' id='line_1_18' title="bbox 362 1934 1726 2019; baseline 0.013 -31"><span class='ocrx_word' id='word_1_131' title='bbox 362 1934 479 1990; x_wconf 69' lang='grc'><strong>129</strong></span> <span class='ocrx_word' id='word_1_132' title='bbox 508 1935 810 2002; x_wconf 81' lang='grc' dir='ltr'><strong>Κρεῖσσον</strong></span> <span class='ocrx_word' id='word_1_133' title='bbox 832 1940 1013 1995; x_wconf 81' lang='grc' dir='ltr'><strong>πενία</strong></span> <span class='ocrx_word' id='word_1_134' title='bbox 1045 1940 1136 2012; x_wconf 79' lang='grc' dir='ltr'><strong>μὴ</strong></span> <span class='ocrx_word' id='word_1_135' title='bbox 1171 1941 1408 2013; x_wconf 80' lang='grc' dir='ltr'><strong>δικαίας</strong></span> <span class='ocrx_word' id='word_1_136' title='bbox 1437 1946 1726 2019; x_wconf 79' lang='grc' dir='ltr'><strong>κτήσεως.</strong></span> 
     </span>
    </p>
   </div>
   <div class='ocr_carea' id='block_1_19' title="bbox 445 2073 1950 2157">
    <p class='ocr_par' dir='ltr' id='par_1_19' title="bbox 445 2073 1950 2157">
     <span class='ocr_line' id='line_1_19' title="bbox 445 2073 1950 2157; baseline 0.01 -31"><span class='ocrx_word' id='word_1_137' title='bbox 445 2073 610 2127; x_wconf 87' lang='grc' dir='ltr'><strong>Πάλιν</strong></span> <span class='ocrx_word' id='word_1_138' title='bbox 646 2074 741 2128; x_wconf 68' lang='grc' dir='ltr'><strong>καὶ</strong></span> <span class='ocrx_word' id='word_1_139' title='bbox 776 2074 867 2129; x_wconf 87' lang='grc' dir='ltr'><strong>διά</strong></span> <span class='ocrx_word' id='word_1_140' title='bbox 903 2077 1015 2132; x_wconf 85' lang='grc' dir='ltr'><strong>τῶν</strong></span> <span class='ocrx_word' id='word_1_141' title='bbox 1058 2082 1435 2152; x_wconf 85' lang='grc' dir='ltr'><strong>προκειμένων</strong></span> <span class='ocrx_word' id='word_1_142' title='bbox 1470 2083 1563 2137; x_wconf 81' lang='grc' dir='ltr'><strong>τὸν</strong></span> <span class='ocrx_word' id='word_1_143' title='bbox 1608 2084 1815 2156; x_wconf 88' lang='grc' dir='ltr'><strong>πένητα</strong></span> <span class='ocrx_word' id='word_1_144' title='bbox 1849 2086 1950 2157; x_wconf 80' lang='grc' dir='ltr'><strong>μὲν</strong></span> 
     </span>
    </p>
   </div>
   <div class='ocr_carea' id='block_1_20' title="bbox 358 2166 1948 2249">
    <p class='ocr_par' dir='ltr' id='par_1_20' title="bbox 358 2166 1948 2249">
     <span class='ocr_line' id='line_1_20' title="bbox 358 2166 1948 2249; baseline 0.008 -31"><span class='ocrx_word' id='word_1_145' title='bbox 358 2166 703 2235; x_wconf 77' lang='grc' dir='ltr'><strong>παρακαλεῖ,</strong></span> <span class='ocrx_word' id='word_1_146' title='bbox 736 2168 833 2223; x_wconf 83' lang='grc' dir='ltr'><strong>τοῦ</strong></span> <span class='ocrx_word' id='word_1_147' title='bbox 873 2169 1127 2226; x_wconf 78' lang='grc' dir='ltr'><strong>πλουσίου</strong></span> <span class='ocrx_word' id='word_1_148' title='bbox 1160 2172 1218 2227; x_wconf 83' lang='grc' dir='ltr'><strong>δὲ</strong></span> <span class='ocrx_word' id='word_1_149' title='bbox 1247 2174 1602 2229; x_wconf 82' lang='grc' dir='ltr'><strong>καταστέλλει</strong></span> <span class='ocrx_word' id='word_1_150' title='bbox 1630 2176 1729 2247; x_wconf 80' lang='grc' dir='ltr'><strong>τὴν</strong></span> <span class='ocrx_word' id='word_1_151' title='bbox 1754 2176 1948 2249; x_wconf 78' lang='grc' dir='ltr'><strong>ὀφρὺν,</strong></span> 
     </span>
    </p>
   </div>
   <div class='ocr_carea' id='block_1_21' title="bbox 358 2257 1953 2336">
    <p class='ocr_par' dir='ltr' id='par_1_21' title="bbox 358 2257 1953 2336">
     <span class='ocr_line' id='line_1_21' title="bbox 358 2257 1953 2336; baseline 0.006 -24"><span class='ocrx_word' id='word_1_152' title='bbox 358 2260 624 2327; x_wconf 79' lang='grc' dir='ltr'><strong>κρεῖσσον</strong></span> <span class='ocrx_word' id='word_1_153' title='bbox 649 2257 788 2315; x_wconf 76' lang='grc' dir='ltr'><strong>εἶναί</strong></span> <span class='ocrx_word' id='word_1_154' title='bbox 813 2278 867 2315; x_wconf 92' lang='grc' dir='ltr'><strong>τι</strong></span> <span class='ocrx_word' id='word_1_155' title='bbox 893 2262 1068 2332; x_wconf 83' lang='grc' dir='ltr'><strong>λέγων</strong></span> <span class='ocrx_word' id='word_1_156' title='bbox 1089 2264 1279 2336; x_wconf 82' lang='grc' dir='ltr'><strong>χρῆμα</strong></span> <span class='ocrx_word' id='word_1_157' title='bbox 1298 2266 1399 2336; x_wconf 84' lang='grc' dir='ltr'><strong>τὴν</strong></span> <span class='ocrx_word' id='word_1_158' title='bbox 1425 2266 1616 2321; x_wconf 81' lang='grc' dir='ltr'><strong>πενίαν</strong></span> <span class='ocrx_word' id='word_1_159' title='bbox 1637 2266 1733 2320; x_wconf 80' lang='grc' dir='ltr'><strong>τοῦ</strong></span> <span class='ocrx_word' id='word_1_160' title='bbox 1758 2267 1820 2333; x_wconf 77' lang='grc' dir='ltr'><strong>ἐξ</strong></span> <span class='ocrx_word' id='word_1_161' title='bbox 1838 2268 1953 2322; x_wconf 91' lang='grc' dir='ltr'><strong>ἀδι-</strong></span> 
     </span>
    </p>
   </div>
   <div class='ocr_carea' id='block_1_22' title="bbox 358 2350 1952 2429">
    <p class='ocr_par' dir='ltr' id='par_1_22' title="bbox 358 2350 1952 2429">
     <span class='ocr_line' id='line_1_22' title="bbox 358 2350 1952 2429; baseline 0.008 -27"><span class='ocrx_word' id='word_1_162' title='bbox 358 2350 499 2414; x_wconf 84' lang='grc' dir='ltr'><strong>κίας</strong></span> <span class='ocrx_word' id='word_1_163' title='bbox 524 2353 909 2422; x_wconf 82' lang='grc' dir='ltr'><strong>συνεστηκότος</strong></span> <span class='ocrx_word' id='word_1_164' title='bbox 938 2353 1192 2421; x_wconf 64' lang='grc' dir='ltr'><strong>πλούτου,</strong></span> <span class='ocrx_word' id='word_1_165' title='bbox 1221 2354 1414 2429; x_wconf 84' lang='grc' dir='ltr'><strong>ὥσπερ</strong></span> <span class='ocrx_word' id='word_1_166' title='bbox 1439 2374 1502 2426; x_wconf 85' lang='grc' dir='ltr'><strong>γε</strong></span> <span class='ocrx_word' id='word_1_167' title='bbox 1535 2357 1631 2411; x_wconf 67' lang='grc' dir='ltr'><strong>καὶ</strong></span> <span class='ocrx_word' id='word_1_168' title='bbox 1666 2358 1820 2413; x_wconf 85' lang='grc' dir='ltr'><strong>νόσον</strong></span> <span class='ocrx_word' id='word_1_169' title='bbox 1848 2359 1952 2413; x_wconf 84' lang='grc' dir='ltr'><strong>σώ-</strong></span> 
     </span>
    </p>
   </div>
   <div class='ocr_carea' id='block_1_23' title="bbox 365 2441 1952 2527">
    <p class='ocr_par' dir='ltr' id='par_1_23' title="bbox 365 2441 1952 2527">
     <span class='ocr_line' id='line_1_23' title="bbox 365 2441 1952 2527; baseline 0.008 -31"><span class='ocrx_word' id='word_1_170' title='bbox 365 2461 543 2513; x_wconf 78' lang='grc' dir='ltr'><strong>ματος</strong></span> <span class='ocrx_word' id='word_1_171' title='bbox 569 2444 762 2515; x_wconf 80' lang='grc' dir='ltr'><strong>βελτίω</strong></span> <span class='ocrx_word' id='word_1_172' title='bbox 785 2463 845 2500; x_wconf 92' lang='grc' dir='ltr'><strong>τε</strong></span> <span class='ocrx_word' id='word_1_173' title='bbox 874 2441 1012 2501; x_wconf 75' lang='grc' dir='ltr'><strong>εἷναι</strong></span> <span class='ocrx_word' id='word_1_174' title='bbox 1041 2447 1120 2519; x_wconf 86' lang='grc' dir='ltr'><strong>τῷ</strong></span> <span class='ocrx_word' id='word_1_175' title='bbox 1144 2450 1386 2504; x_wconf 81' lang='grc' dir='ltr'><strong>νοσοῦντι</strong></span> <span class='ocrx_word' id='word_1_176' title='bbox 1418 2452 1515 2506; x_wconf 58' lang='grc' dir='ltr'><strong>καὶ⁸</strong></span> <span class='ocrx_word' id='word_1_177' title='bbox 1554 2451 1690 2507; x_wconf 82' lang='grc' dir='ltr'><strong>Θεοῦ</strong></span> <span class='ocrx_word' id='word_1_178' title='bbox 1720 2454 1952 2527; x_wconf 87' lang='grc' dir='ltr'><strong>κρίμασι</strong></span> 
     </span>
    </p>
   </div>
   <div class='ocr_carea' id='block_1_24' title="bbox 366 2535 1953 2614">
    <p class='ocr_par' dir='ltr' id='par_1_24' title="bbox 366 2535 1953 2614">
     <span class='ocr_line' id='line_1_24' title="bbox 366 2535 1953 2614; baseline 0.008 -27"><span class='ocrx_word' id='word_1_179' title='bbox 366 2535 747 2608; x_wconf 80' lang='grc' dir='ltr'><strong>πιιδευομένῳ</strong></span> <span class='ocrx_word' id='word_1_180' title='bbox 791 2538 1238 2612; x_wconf 78' lang='grc' dir='ltr'><strong>λυσιτελεστέραν</strong></span> <span class='ocrx_word' id='word_1_181' title='bbox 1278 2543 1459 2614; x_wconf 84' lang='grc' dir='ltr'><strong>κακῆς</strong></span> <span class='ocrx_word' id='word_1_182' title='bbox 1500 2544 1714 2612; x_wconf 80' lang='grc' dir='ltr'><strong>εὐεξίας</strong></span> <span class='ocrx_word' id='word_1_183' title='bbox 1750 2563 1811 2599; x_wconf 87' lang='grc' dir='ltr'><strong>τε</strong></span> <span class='ocrx_word' id='word_1_184' title='bbox 1857 2548 1953 2601; x_wconf 75' lang='grc' dir='ltr'><strong>καὶ</strong></span> 
     </span>
    </p>
   </div>
   <div class='ocr_carea' id='block_1_25' title="bbox 363 2627 1950 2709">
    <p class='ocr_par' dir='ltr' id='par_1_25' title="bbox 363 2627 1950 2709">
     <span class='ocr_line' id='line_1_25' title="bbox 363 2627 1950 2709; baseline 0.006 -28"><span class='ocrx_word' id='word_1_185' title='bbox 363 2627 603 2696; x_wconf 74' lang='grc' dir='ltr'><strong>ὑγιείας.</strong></span> <span class='ocrx_word' id='word_1_186' title='bbox 637 2630 735 2695; x_wconf 90' lang='grc' dir='ltr'><strong>Τίς</strong></span> <span class='ocrx_word' id='word_1_187' title='bbox 767 2630 815 2684; x_wconf 76' lang='grc' dir='ltr'><strong>δ’</strong></span> <span class='ocrx_word' id='word_1_188' title='bbox 856 2631 924 2685; x_wconf 78' lang='grc' dir='ltr'><strong>ἂν</strong></span> <span class='ocrx_word' id='word_1_189' title='bbox 969 2634 1004 2703; x_wconf 81' lang='grc' dir='ltr'>ὴ</span> <span class='ocrx_word' id='word_1_190' title='bbox 1048 2633 1194 2705; x_wconf 79' lang='grc' dir='ltr'><strong>κακὴ</strong></span> <span class='ocrx_word' id='word_1_191' title='bbox 1227 2636 1397 2689; x_wconf 89' lang='grc' dir='ltr'><strong>νοοῖτο</strong></span> <span class='ocrx_word' id='word_1_192' title='bbox 1439 2635 1651 2704; x_wconf 78' lang='grc' dir='ltr'><strong>εὐεξία,</strong></span> <span class='ocrx_word' id='word_1_193' title='bbox 1690 2637 1723 2709; x_wconf 83' lang='grc' dir='ltr'>ἢ</span> <span class='ocrx_word' id='word_1_194' title='bbox 1759 2638 1792 2709; x_wconf 83' lang='grc' dir='ltr'><strong>ή</strong></span> <span class='ocrx_word' id='word_1_195' title='bbox 1837 2639 1950 2702; x_wconf 89' lang='grc' dir='ltr'><strong>τοῖς</strong></span> 
     </span>
    </p>
   </div>
   <div class='ocr_carea' id='block_1_26' title="bbox 360 2720 1943 2801">
    <p class='ocr_par' dir='ltr' id='par_1_26' title="bbox 360 2720 1943 2801">
     <span class='ocr_line' id='line_1_26' title="bbox 360 2720 1943 2801; baseline 0.006 -28"><span class='ocrx_word' id='word_1_196' title='bbox 360 2720 682 2791; x_wconf 77' lang='grc' dir='ltr'><strong>ἀσελγείαις</strong></span> <span class='ocrx_word' id='word_1_197' title='bbox 714 2725 806 2777; x_wconf 73' lang='grc' dir='ltr'><strong>καὶ</strong></span> <span class='ocrx_word' id='word_1_198' title='bbox 845 2726 1183 2795; x_wconf 87' lang='grc' dir='ltr'><strong>μιαιφονίαις</strong></span> <span class='ocrx_word' id='word_1_199' title='bbox 1201 2726 1235 2796; x_wconf 80' lang='grc' dir='ltr'>ἢ</span> <span class='ocrx_word' id='word_1_200' title='bbox 1258 2726 1495 2791; x_wconf 83' lang='grc' dir='ltr'><strong>ἀδικίαις</strong></span> <span class='ocrx_word' id='word_1_201' title='bbox 1516 2728 1767 2799; x_wconf 88' lang='grc' dir='ltr'><strong>χαίρουσι</strong></span> <span class='ocrx_word' id='word_1_202' title='bbox 1796 2745 1943 2801; x_wconf 67' lang='grc' dir='ltr'><strong>παρα</strong></span> 
     </span>
    </p>
   </div>
   <div class='ocr_carea' id='block_1_27' title="bbox 362 2812 1954 2893">
    <p class='ocr_par' dir='ltr' id='par_1_27' title="bbox 362 2812 1954 2893">
     <span class='ocr_line' id='line_1_27' title="bbox 362 2812 1954 2893; baseline 0.006 -28"><span class='ocrx_word' id='word_1_203' title='bbox 362 2812 613 2885; x_wconf 81' lang='grc' dir='ltr'><strong>επομένη</strong></span> <span class='ocrx_word' id='word_1_204' title='bbox 630 2830 646 2880; x_wconf 87' lang='lat'><strong>;</strong></span> <span class='ocrx_word' id='word_1_205' title='bbox 665 2815 777 2869; x_wconf 77' lang='grc' dir='ltr'><strong>Καὶ</strong></span> <span class='ocrx_word' id='word_1_206' title='bbox 800 2815 910 2888; x_wconf 79' lang='grc' dir='ltr'><strong>γὰρ</strong></span> <span class='ocrx_word' id='word_1_207' title='bbox 932 2815 1010 2887; x_wconf 81' lang='grc' dir='ltr'><strong>τῷ</strong></span> <span class='ocrx_word' id='word_1_208' title='bbox 1040 2817 1105 2871; x_wconf 77' lang='grc' dir='ltr'><strong>ἐκ</strong></span> <span class='ocrx_word' id='word_1_209' title='bbox 1130 2817 1393 2882; x_wconf 84' lang='grc' dir='ltr'><strong>σιτοδείας</strong></span> <span class='ocrx_word' id='word_1_210' title='bbox 1424 2818 1522 2888; x_wconf 74' lang='grc' dir='ltr'><strong>μὲν</strong></span> <span class='ocrx_word' id='word_1_211' title='bbox 1548 2818 1583 2890; x_wconf 72' lang='grc' dir='ltr'>ἢ</span> <span class='ocrx_word' id='word_1_212' title='bbox 1599 2819 1790 2883; x_wconf 82' lang='grc' dir='ltr'><strong>πενίας</strong></span> <span class='ocrx_word' id='word_1_213' title='bbox 1809 2820 1954 2893; x_wconf 86' lang='grc' dir='ltr'><strong>λιμῷ</strong></span> 
     </span>
    </p>
   </div>
   <div class='ocr_carea' id='block_1_28' title="bbox 362 2902 1952 2981">
    <p class='ocr_par' dir='ltr' id='par_1_28' title="bbox 362 2902 1952 2981">
     <span class='ocr_line' id='line_1_28' title="bbox 362 2902 1952 2981; baseline 0.005 -24"><span class='ocrx_word' id='word_1_214' title='bbox 362 2902 545 2968; x_wconf 76' lang='grc' dir='ltr'><strong>οὐδεὶς</strong></span> <span class='ocrx_word' id='word_1_215' title='bbox 575 2904 652 2977; x_wconf 80' lang='grc' dir='ltr'><strong>τῷ</strong></span> <span class='ocrx_word' id='word_1_216' title='bbox 689 2905 905 2979; x_wconf 81' lang='grc' dir='ltr'><strong>θανάτῳ</strong></span> <span class='ocrx_word' id='word_1_217' title='bbox 943 2909 1263 2979; x_wconf 86' lang='grc' dir='ltr'><strong>περιπίπτει</strong></span> <span class='ocrx_word' id='word_1_218' title='bbox 1291 2910 1391 2980; x_wconf 81' lang='grc' dir='ltr'><strong>τῆς</strong></span> <span class='ocrx_word' id='word_1_219' title='bbox 1428 2909 1606 2981; x_wconf 78' lang='grc' dir='ltr'><strong>ψυχῆς</strong></span> <span class='ocrx_word' id='word_1_220' title='bbox 1627 2949 1642 2975; x_wconf 87' lang='grc'><strong>,</strong></span> <span class='ocrx_word' id='word_1_221' title='bbox 1675 2910 1791 2964; x_wconf 87' lang='grc' dir='ltr'><strong>ἀλλ’</strong></span> <span class='ocrx_word' id='word_1_222' title='bbox 1831 2913 1952 2966; x_wconf 78' lang='grc' dir='ltr'><strong>οὐδὲ</strong></span> 
     </span>
    </p>
   </div>
   <div class='ocr_carea' id='block_1_29' title="bbox 362 2987 1954 3072">
    <p class='ocr_par' dir='ltr' id='par_1_29' title="bbox 362 2987 1954 3072">
     <span class='ocr_line' id='line_1_29' title="bbox 362 2987 1954 3072; baseline 0.007 -30"><span class='ocrx_word' id='word_1_223' title='bbox 362 2987 456 3059; x_wconf 78' lang='grc' dir='ltr'><strong>τῷ</strong></span> <span class='ocrx_word' id='word_1_224' title='bbox 482 2989 576 3044; x_wconf 83' lang='grc' dir='ltr'><strong>τοῦ</strong></span> <span class='ocrx_word' id='word_1_225' title='bbox 606 2991 858 3063; x_wconf 83' lang='grc' dir='ltr'><strong>σώματος</strong></span> <span class='ocrx_word' id='word_1_226' title='bbox 886 2995 1109 3067; x_wconf 68' lang='grc' dir='ltr'><strong>ῥᾳδίως,</strong></span> <span class='ocrx_word' id='word_1_227' title='bbox 1148 2999 1265 3060; x_wconf 86' lang='grc' dir='ltr'><strong>τοῖς</strong></span> <span class='ocrx_word' id='word_1_228' title='bbox 1290 2997 1636 3068; x_wconf 82' lang='grc' dir='ltr'><strong>ἁμαρτωλοῖς</strong></span> <span class='ocrx_word' id='word_1_229' title='bbox 1670 2998 1729 3053; x_wconf 85' lang='grc' dir='ltr'><strong>δὲ</strong></span> <span class='ocrx_word' id='word_1_230' title='bbox 1756 3000 1851 3054; x_wconf 77' lang='grc' dir='ltr'><strong>καὶ</strong></span> <span class='ocrx_word' id='word_1_231' title='bbox 1875 3000 1954 3072; x_wconf 83' lang='grc' dir='ltr'><strong>τῷ</strong></span> 
     </span>
    </p>
   </div>
   <div class='ocr_carea' id='block_1_30' title="bbox 362 3082 1670 3161">
    <p class='ocr_par' dir='ltr' id='par_1_30' title="bbox 362 3082 1670 3161">
     <span class='ocr_line' id='line_1_30' title="bbox 362 3082 1670 3161; baseline 0.005 -24"><span class='ocrx_word' id='word_1_232' title='bbox 362 3082 490 3137; x_wconf 79' lang='grc' dir='ltr'><strong>ὃντι</strong></span> <span class='ocrx_word' id='word_1_233' title='bbox 516 3088 702 3149; x_wconf 83' lang='grc' dir='ltr'><strong>κακοῖς</strong></span> <span class='ocrx_word' id='word_1_234' title='bbox 729 3086 957 3151; x_wconf 86' lang='grc' dir='ltr'><strong>θάνατος</strong></span> <span class='ocrx_word' id='word_1_235' title='bbox 982 3087 1320 3160; x_wconf 76' lang='grc' dir='ltr'><strong>καθέστηκεν</strong></span> <span class='ocrx_word' id='word_1_236' title='bbox 1345 3090 1379 3160; x_wconf 84' lang='grc' dir='ltr'><strong>ή</strong></span> <span class='ocrx_word' id='word_1_237' title='bbox 1408 3089 1670 3161; x_wconf 81' lang='grc' dir='ltr'><strong>ἁμαρτία.</strong></span> 
     </span>
    </p>
   </div>
   <div class='ocr_carea' id='block_1_31' title="bbox 364 3219 1955 3314">
    <p class='ocr_par' dir='ltr' id='par_1_31' title="bbox 364 3219 1955 3314">
     <span class='ocr_line' id='line_1_31' title="bbox 364 3219 1955 3314; baseline 0.006 -40"><span class='ocrx_word' id='word_1_238' title='bbox 364 3219 478 3275; x_wconf 73' lang='grc'><strong>155</strong></span> <span class='ocrx_word' id='word_1_239' title='bbox 512 3220 605 3288; x_wconf 83' lang='grc' dir='ltr'><strong>Τίς</strong></span> <span class='ocrx_word' id='word_1_240' title='bbox 635 3220 711 3293; x_wconf 87' lang='lat'><strong>(7)</strong></span> <span class='ocrx_word' id='word_1_241' title='bbox 740 3220 1043 3292; x_wconf 79' lang='grc' dir='ltr'><strong>δεσπότης</strong></span> <span class='ocrx_word' id='word_1_242' title='bbox 1079 3225 1136 3314; x_wconf 35' lang='grc' dir='ltr'><strong>ἢ.</strong></span> <span class='ocrx_word' id='word_1_243' title='bbox 1161 3223 1403 3293; x_wconf 76' lang='grc' dir='ltr'><strong>δοῦλος,</strong></span> <span class='ocrx_word' id='word_1_244' title='bbox 1438 3225 1476 3295; x_wconf 81' lang='grc' dir='ltr'><strong><em>ἠ</em></strong></span> <span class='ocrx_word' id='word_1_245' title='bbox 1523 3226 1727 3296; x_wconf 70' lang='grc' dir='ltr'><strong>φαύλη</strong></span> <span class='ocrx_word' id='word_1_246' title='bbox 1752 3227 1909 3298; x_wconf 80' lang='grc' dir='ltr'><strong>,τομή</strong></span> <span class='ocrx_word' id='word_1_247' title='bbox 1935 3244 1955 3294; x_wconf 86' lang='grc'><strong><em>;</em></strong></span> 
     </span>
    </p>
   </div>
   <div class='ocr_carea' id='block_1_32' title="bbox 448 3375 1957 3451">
    <p class='ocr_par' dir='ltr' id='par_1_32' title="bbox 448 3375 1957 3451">
     <span class='ocr_line' id='line_1_32' title="bbox 448 3375 1957 3451; baseline 0.004 -22"><span class='ocrx_word' id='word_1_248' title='bbox 448 3375 868 3448; x_wconf 82' lang='grc' dir='ltr'><strong>Γνωμοδοτήσας</strong></span> <span class='ocrx_word' id='word_1_249' title='bbox 912 3379 943 3432; x_wconf 83' lang='grc' dir='ltr'><strong>ὁ</strong></span> <span class='ocrx_word' id='word_1_250' title='bbox 990 3378 1430 3447; x_wconf 61' lang='grc' dir='ltr'><strong>φιλοσοφώτατος</strong></span> <span class='ocrx_word' id='word_1_251' title='bbox 1475 3379 1543 3433; x_wconf 88' lang='grc' dir='ltr'><strong>τά</strong></span> <span class='ocrx_word' id='word_1_252' title='bbox 1590 3378 1718 3451; x_wconf 78' lang='grc' dir='ltr'><strong>περὶ</strong></span> <span class='ocrx_word' id='word_1_253' title='bbox 1764 3381 1957 3448; x_wconf 83' lang='grc' dir='ltr'><strong>πενίας</strong></span> 
     </span>
    </p>
   </div>
   <div class='ocr_carea' id='block_1_33' title="bbox 364 3466 1954 3541">
    <p class='ocr_par' dir='ltr' id='par_1_33' title="bbox 364 3466 1954 3541">
     <span class='ocr_line' id='line_1_33' title="bbox 364 3466 1954 3541; baseline 0.003 -21"><span class='ocrx_word' id='word_1_254' title='bbox 364 3466 470 3521; x_wconf 73' lang='grc' dir='ltr'><strong>καὶ</strong></span> <span class='ocrx_word' id='word_1_255' title='bbox 499 3466 730 3521; x_wconf 88' lang='grc' dir='ltr'><strong>πλούτου</strong></span> <span class='ocrx_word' id='word_1_256' title='bbox 763 3468 1155 3537; x_wconf 84' lang='grc' dir='ltr'><strong>εὐαγγελικῶς,</strong></span> <span class='ocrx_word' id='word_1_257' title='bbox 1194 3468 1271 3532; x_wconf 85' lang='grc' dir='ltr'><strong>ὡς</strong></span> <span class='ocrx_word' id='word_1_258' title='bbox 1309 3468 1498 3541; x_wconf 78' lang='grc' dir='ltr'><strong>ἐχρῆν,</strong></span> <span class='ocrx_word' id='word_1_259' title='bbox 1538 3469 1633 3522; x_wconf 76' lang='grc' dir='ltr'><strong>καὶ</strong></span> <span class='ocrx_word' id='word_1_260' title='bbox 1661 3468 1954 3539; x_wconf 87' lang='grc' dir='ltr'><strong>θεοσόφως,</strong></span> 
     </span>
    </p>
   </div>
   <div class='ocr_carea' id='block_1_34' title="bbox 365 3558 1957 3632">
    <p class='ocr_par' dir='ltr' id='par_1_34' title="bbox 365 3558 1957 3632">
     <span class='ocr_line' id='line_1_34' title="bbox 365 3558 1957 3632; baseline 0.001 -20"><span class='ocrx_word' id='word_1_261' title='bbox 365 3559 505 3631; x_wconf 77' lang='grc' dir='ltr'><strong>περὶ</strong></span> <span class='ocrx_word' id='word_1_262' title='bbox 535 3560 850 3624; x_wconf 82' lang='grc' dir='ltr'><strong>δεσποτείας</strong></span> <span class='ocrx_word' id='word_1_263' title='bbox 881 3559 1066 3614; x_wconf 78' lang='grc' dir='ltr'><strong>λοιπὸν</strong></span> <span class='ocrx_word' id='word_1_264' title='bbox 1097 3562 1192 3614; x_wconf 79' lang='grc' dir='ltr'><strong>καὶ</strong></span> <span class='ocrx_word' id='word_1_265' title='bbox 1219 3560 1464 3624; x_wconf 86' lang='grc' dir='ltr'><strong>δουλείας</strong></span> <span class='ocrx_word' id='word_1_266' title='bbox 1491 3558 1569 3630; x_wconf 83' lang='grc' dir='ltr'><strong>τῷ</strong></span> <span class='ocrx_word' id='word_1_267' title='bbox 1604 3560 1957 3632; x_wconf 85' lang='grc' dir='ltr'><strong>πνευματικῷ</strong></span> 
     </span>
    </p>
   </div>
   <div class='ocr_carea' id='block_1_35' title="bbox 365 3650 1956 3724">
    <p class='ocr_par' dir='ltr' id='par_1_35' title="bbox 365 3650 1956 3724">
     <span class='ocr_line' id='line_1_35' title="bbox 365 3650 1956 3724; baseline 0 -21"><span class='ocrx_word' id='word_1_268' title='bbox 365 3650 526 3722; x_wconf 84' lang='grc' dir='ltr'><strong>νόμῳ</strong></span> <span class='ocrx_word' id='word_1_269' title='bbox 547 3652 640 3704; x_wconf 75' lang='grc' dir='ltr'><strong>καὶ</strong></span> <span class='ocrx_word' id='word_1_270' title='bbox 662 3650 832 3705; x_wconf 76' lang='grc' dir='ltr'><strong>ταῦτα</strong></span> <span class='ocrx_word' id='word_1_271' title='bbox 854 3651 1144 3724; x_wconf 87' lang='grc' dir='ltr'><strong>διακρίνει,</strong></span> <span class='ocrx_word' id='word_1_272' title='bbox 1182 3653 1279 3717; x_wconf 89' lang='grc' dir='ltr'><strong>Τίς</strong></span> <span class='ocrx_word' id='word_1_273' title='bbox 1309 3654 1423 3706; x_wconf 76' lang='grc' dir='ltr'><strong>ἐστι</strong></span> <span class='ocrx_word' id='word_1_274' title='bbox 1448 3651 1738 3722; x_wconf 88' lang='grc' dir='ltr'><strong>δεσπότης,</strong></span> <span class='ocrx_word' id='word_1_275' title='bbox 1760 3651 1956 3721; x_wconf 76' lang='grc' dir='ltr'><strong>λέγων,</strong></span> 
     </span>
    </p>
   </div>
   <div class='ocr_carea' id='block_1_36' title="bbox 363 3742 1958 3816">
    <p class='ocr_par' dir='ltr' id='par_1_36' title="bbox 363 3742 1958 3816">
     <span class='ocr_line' id='line_1_36' title="bbox 363 3742 1958 3816; baseline 0.001 -21"><span class='ocrx_word' id='word_1_276' title='bbox 363 3742 460 3807; x_wconf 80' lang='grc' dir='ltr'><strong>τίς</strong></span> <span class='ocrx_word' id='word_1_277' title='bbox 490 3742 545 3796; x_wconf 78' lang='grc' dir='ltr'><strong>δὲ</strong></span> <span class='ocrx_word' id='word_1_278' title='bbox 571 3742 710 3797; x_wconf 88' lang='grc' dir='ltr'><strong>κατά</strong></span> <span class='ocrx_word' id='word_1_279' title='bbox 736 3743 896 3813; x_wconf 86' lang='grc' dir='ltr'><strong>φύσιν</strong></span> <span class='ocrx_word' id='word_1_280' title='bbox 920 3743 1139 3813; x_wconf 81' lang='grc' dir='ltr'><strong>δοῦλος;</strong></span> <span class='ocrx_word' id='word_1_281' title='bbox 1164 3745 1278 3799; x_wconf 84' lang='grc' dir='ltr'><strong>Οὐκ</strong></span> <span class='ocrx_word' id='word_1_282' title='bbox 1302 3744 1526 3816; x_wconf 73' lang='grc' dir='ltr'><strong>ἐκτίσθη</strong></span> <span class='ocrx_word' id='word_1_283' title='bbox 1546 3744 1831 3815; x_wconf 85' lang='grc' dir='ltr'><strong>δεσπότης,</strong></span> <span class='ocrx_word' id='word_1_284' title='bbox 1857 3743 1958 3797; x_wconf 83' lang='grc' dir='ltr'><strong>ούκ</strong></span> 
     </span>
    </p>
   </div>
   <div class='ocr_carea' id='block_1_37' title="bbox 365 3833 1956 3907">
    <p class='ocr_par' dir='ltr' id='par_1_37' title="bbox 365 3833 1956 3907">
     <span class='ocr_line' id='line_1_37' title="bbox 365 3833 1956 3907; baseline 0.001 -19"><span class='ocrx_word' id='word_1_285' title='bbox 365 3833 601 3906; x_wconf 69' lang='grc' dir='ltr'><strong>ἐκτίσθη</strong></span> <span class='ocrx_word' id='word_1_286' title='bbox 635 3833 822 3899; x_wconf 79' lang='grc' dir='ltr'><strong>δοῦλος</strong></span> <span class='ocrx_word' id='word_1_287' title='bbox 847 3836 942 3889; x_wconf 84' lang='grc' dir='ltr'><strong>ἀπ’</strong></span> <span class='ocrx_word' id='word_1_288' title='bbox 971 3836 1144 3907; x_wconf 80' lang='grc' dir='ltr'><strong>ἀρχῆς</strong></span> <span class='ocrx_word' id='word_1_289' title='bbox 1166 3851 1180 3866; x_wconf 80' lang='lat'><strong>&#39;</strong></span> <span class='ocrx_word' id='word_1_290' title='bbox 1215 3835 1356 3907; x_wconf 78' lang='grc' dir='ltr'><strong>αὕτη</strong></span> <span class='ocrx_word' id='word_1_291' title='bbox 1392 3835 1570 3907; x_wconf 89' lang='grc' dir='ltr'><strong>φαύλη</strong></span> <span class='ocrx_word' id='word_1_292' title='bbox 1600 3834 1772 3906; x_wconf 82' lang='grc' dir='ltr'><strong>τομὴ,</strong></span> <span class='ocrx_word' id='word_1_293' title='bbox 1815 3834 1956 3906; x_wconf 80' lang='grc' dir='ltr'><strong>αὕτη</strong></span> 
     </span>
    </p>
   </div>
   <div class='ocr_carea' id='block_1_38' title="bbox 365 3923 1950 4000">
    <p class='ocr_par' dir='ltr' id='par_1_38' title="bbox 365 3923 1950 4000">
     <span class='ocr_line' id='line_1_38' title="bbox 365 3923 1950 4000; baseline 0.001 -21"><span class='ocrx_word' id='word_1_294' title='bbox 365 3924 639 3998; x_wconf 81' lang='grc' dir='ltr'><strong>διαίρεσις</strong></span> <span class='ocrx_word' id='word_1_295' title='bbox 671 3928 988 3998; x_wconf 87' lang='grc' dir='ltr'><strong>τυραννική.</strong></span> <span class='ocrx_word' id='word_1_296' title='bbox 1018 3928 1129 3983; x_wconf 76' lang='grc' dir='ltr'><strong>Καὶ</strong></span> <span class='ocrx_word' id='word_1_297' title='bbox 1161 3928 1270 4000; x_wconf 84' lang='grc' dir='ltr'><strong>γάρ</strong></span> <span class='ocrx_word' id='word_1_298' title='bbox 1309 3928 1385 3991; x_wconf 85' lang='grc' dir='ltr'><strong>ὡς</strong></span> <span class='ocrx_word' id='word_1_299' title='bbox 1413 3923 1493 3991; x_wconf 71' lang='grc' dir='ltr'><strong>εἷς</strong></span> <span class='ocrx_word' id='word_1_300' title='bbox 1527 3929 1660 3981; x_wconf 81' lang='grc' dir='ltr'><strong>πᾶσι</strong></span> <span class='ocrx_word' id='word_1_301' title='bbox 1700 3927 1950 3999; x_wconf 88' lang='grc' dir='ltr'><strong>πλάστης</strong></span> 
     </span>
    </p>
   </div>
   <div class='ocr_carea' id='block_1_39' title="bbox 367 4011 1958 4091">
    <p class='ocr_par' dir='ltr' id='par_1_39' title="bbox 367 4011 1958 4091">
     <span class='ocr_line' id='line_1_39' title="bbox 367 4011 1958 4091; baseline 0.002 -22"><span class='ocrx_word' id='word_1_302' title='bbox 367 4016 601 4086; x_wconf 74' lang='grc' dir='ltr'><strong>ὁμοίως,</strong></span> <span class='ocrx_word' id='word_1_303' title='bbox 645 4011 726 4082; x_wconf 77' lang='grc' dir='ltr'><strong>εἷς</strong></span> <span class='ocrx_word' id='word_1_304' title='bbox 764 4020 900 4073; x_wconf 81' lang='grc' dir='ltr'><strong>πᾶσι</strong></span> <span class='ocrx_word' id='word_1_305' title='bbox 941 4020 1126 4090; x_wconf 83' lang='grc' dir='ltr'><strong>νόμος,</strong></span> <span class='ocrx_word' id='word_1_306' title='bbox 1175 4019 1358 4091; x_wconf 81' lang='grc' dir='ltr'><strong>κρίσις</strong></span> <span class='ocrx_word' id='word_1_307' title='bbox 1399 4019 1499 4090; x_wconf 86' lang='grc' dir='ltr'><strong>μία</strong></span> <span class='ocrx_word' id='word_1_308' title='bbox 1534 4020 1628 4073; x_wconf 74' lang='grc' dir='ltr'><strong>καὶ</strong></span> <span class='ocrx_word' id='word_1_309' title='bbox 1655 4020 1754 4090; x_wconf 89' lang='grc' dir='ltr'><strong>μία</strong></span> <span class='ocrx_word' id='word_1_310' title='bbox 1797 4020 1958 4090; x_wconf 85' lang='grc' dir='ltr'><strong>φύσις</strong></span> 
     </span>
    </p>
   </div>
   <div class='ocr_carea' id='block_1_40' title="bbox 368 4108 1958 4183">
    <p class='ocr_par' dir='ltr' id='par_1_40' title="bbox 368 4108 1958 4183">
     <span class='ocr_line' id='line_1_40' title="bbox 368 4108 1958 4183; baseline 0.002 -22"><span class='ocrx_word' id='word_1_311' title='bbox 368 4108 584 4162; x_wconf 75' lang='grc' dir='ltr'><strong>ἅπασιν</strong></span> <span class='ocrx_word' id='word_1_312' title='bbox 619 4108 926 4182; x_wconf 84' lang='grc' dir='ltr'><strong>ἀνθρώποις</strong></span> <span class='ocrx_word' id='word_1_313' title='bbox 970 4112 1004 4182; x_wconf 79' lang='grc' dir='ltr'><strong>ἡ</strong></span> <span class='ocrx_word' id='word_1_314' title='bbox 1043 4111 1182 4183; x_wconf 87' lang='grc' dir='ltr'><strong>αὐτή</strong></span> <span class='ocrx_word' id='word_1_315' title='bbox 1202 4126 1215 4142; x_wconf 77' lang='grc' dir='ltr'><strong>ο</strong></span> <span class='ocrx_word' id='word_1_316' title='bbox 1251 4109 1396 4164; x_wconf 75' lang='grc' dir='ltr'><strong>οὕτω</strong></span> <span class='ocrx_word' id='word_1_317' title='bbox 1427 4110 1522 4165; x_wconf 80' lang='grc' dir='ltr'><strong>καὶ</strong></span> <span class='ocrx_word' id='word_1_318' title='bbox 1547 4110 1724 4165; x_wconf 74' lang='grc' dir='ltr'><strong>δοῦλοι</strong></span> <span class='ocrx_word' id='word_1_319' title='bbox 1757 4111 1958 4176; x_wconf 87' lang='grc' dir='ltr'><strong>πάντες</strong></span> 
     </span>
    </p>
   </div>
   <div class='ocr_carea' id='block_1_41' title="bbox 364 4199 1957 4277">
    <p class='ocr_par' dir='ltr' id='par_1_41' title="bbox 364 4199 1957 4277">
     <span class='ocr_line' id='line_1_41' title="bbox 364 4199 1957 4277; baseline 0.001 -22"><span class='ocrx_word' id='word_1_320' title='bbox 364 4199 580 4270; x_wconf 73' lang='grc' dir='ltr'><strong>ὁμοίως</strong></span> <span class='ocrx_word' id='word_1_321' title='bbox 605 4201 881 4274; x_wconf 78' lang='grc' dir='ltr'><strong>ἄνθρωποι</strong></span> <span class='ocrx_word' id='word_1_322' title='bbox 919 4203 1010 4273; x_wconf 82' lang='grc' dir='ltr'><strong>ὑφ’</strong></span> <span class='ocrx_word' id='word_1_323' title='bbox 1036 4204 1117 4257; x_wconf 77' lang='grc' dir='ltr'><strong>ἑνὶ</strong></span> <span class='ocrx_word' id='word_1_324' title='bbox 1147 4205 1350 4274; x_wconf 79' lang='grc' dir='ltr'><strong>Ποιητῇ</strong></span> <span class='ocrx_word' id='word_1_325' title='bbox 1381 4202 1475 4256; x_wconf 78' lang='grc' dir='ltr'><strong>καὶ</strong></span> <span class='ocrx_word' id='word_1_326' title='bbox 1520 4204 1766 4277; x_wconf 85' lang='grc' dir='ltr'><strong>Δεσπότῃ</strong></span> <span class='ocrx_word' id='word_1_327' title='bbox 1808 4220 1957 4257; x_wconf 88' lang='grc' dir='ltr'><strong>τετα-</strong></span> 
     </span>
    </p>
   </div>
   <div class='ocr_carea' id='block_1_42' title="bbox 367 4288 1949 4365">
    <p class='ocr_par' dir='ltr' id='par_1_42' title="bbox 367 4288 1949 4365">
     <span class='ocr_line' id='line_1_42' title="bbox 367 4288 1949 4365; baseline 0.002 -22"><span class='ocrx_word' id='word_1_328' title='bbox 367 4290 577 4362; x_wconf 84' lang='grc' dir='ltr'><strong>γμένοι</strong></span> <span class='ocrx_word' id='word_1_329' title='bbox 601 4291 678 4362; x_wconf 81' lang='grc' dir='ltr'><strong>τῷ</strong></span> <span class='ocrx_word' id='word_1_330' title='bbox 705 4293 846 4365; x_wconf 82' lang='grc' dir='ltr'><strong>Θεῷ.</strong></span> <span class='ocrx_word' id='word_1_331' title='bbox 881 4293 953 4348; x_wconf 79' lang='grc' dir='ltr'><strong>Σὺ</strong></span> <span class='ocrx_word' id='word_1_332' title='bbox 983 4288 1110 4358; x_wconf 78' lang='grc' dir='ltr'><strong>οὖν,</strong></span> <span class='ocrx_word' id='word_1_333' title='bbox 1140 4293 1347 4363; x_wconf 77' lang='grc' dir='ltr'><strong>φησὶνὸ</strong></span> <span class='ocrx_word' id='word_1_334' title='bbox 1371 4292 1687 4361; x_wconf 84' lang='grc' dir='ltr'><strong>φιλοσοφίας</strong></span> <span class='ocrx_word' id='word_1_335' title='bbox 1716 4293 1949 4365; x_wconf 88' lang='grc' dir='ltr'><strong>ἀρίστης</strong></span> 
     </span>
    </p>
   </div>
   <div class='ocr_carea' id='block_1_43' title="bbox 364 4381 1957 4456">
    <p class='ocr_par' dir='ltr' id='par_1_43' title="bbox 364 4381 1957 4456">
     <span class='ocr_line' id='line_1_43' title="bbox 364 4381 1957 4456; baseline -0.001 -18"><span class='ocrx_word' id='word_1_336' title='bbox 364 4382 480 4438; x_wconf 68' lang='grc' dir='ltr'><strong>καὶ</strong></span> <span class='ocrx_word' id='word_1_337' title='bbox 515 4381 771 4453; x_wconf 86' lang='grc' dir='ltr'><strong>ἀληθείας</strong></span> <span class='ocrx_word' id='word_1_338' title='bbox 798 4383 973 4453; x_wconf 84' lang='grc' dir='ltr'><strong>λόγων</strong></span> <span class='ocrx_word' id='word_1_339' title='bbox 1008 4382 1263 4456; x_wconf 71' lang='grc' dir='ltr'><strong>ἐραστὴς,</strong></span> <span class='ocrx_word' id='word_1_340' title='bbox 1300 4383 1407 4436; x_wconf 78' lang='grc' dir='ltr'><strong>ὑπὸ</strong></span> <span class='ocrx_word' id='word_1_341' title='bbox 1437 4382 1545 4436; x_wconf 87' lang='grc' dir='ltr'><strong>τῶν</strong></span> <span class='ocrx_word' id='word_1_342' title='bbox 1574 4381 1957 4455; x_wconf 84' lang='grc' dir='ltr'><strong>περιεστώτων</strong></span> 
     </span>
    </p>
   </div>
   <div class='ocr_carea' id='block_1_44' title="bbox 361 4473 1956 4547">
    <p class='ocr_par' dir='ltr' id='par_1_44' title="bbox 361 4473 1956 4547">
     <span class='ocr_line' id='line_1_44' title="bbox 361 4473 1956 4547; baseline -0.003 -17"><span class='ocrx_word' id='word_1_343' title='bbox 361 4473 607 4530; x_wconf 74' lang='grc' dir='ltr'><strong>οἰκετῶν</strong></span> <span class='ocrx_word' id='word_1_344' title='bbox 639 4474 1100 4546; x_wconf 85' lang='grc' dir='ltr'><strong>ὑπηρετούμενος,</strong></span> <span class='ocrx_word' id='word_1_345' title='bbox 1145 4474 1220 4547; x_wconf 80' lang='grc' dir='ltr'><strong>μὴ</strong></span> <span class='ocrx_word' id='word_1_346' title='bbox 1259 4473 1472 4545; x_wconf 80' lang='grc' dir='ltr'><strong>σεαυτῷ</strong></span> <span class='ocrx_word' id='word_1_347' title='bbox 1501 4474 1599 4545; x_wconf 85' lang='grc' dir='ltr'><strong>μὲν</strong></span> <span class='ocrx_word' id='word_1_348' title='bbox 1627 4473 1725 4545; x_wconf 84' lang='grc' dir='ltr'><strong>τὴν</strong></span> <span class='ocrx_word' id='word_1_349' title='bbox 1762 4473 1956 4527; x_wconf 86' lang='grc' dir='ltr'><strong>δεσπο-</strong></span> 
     </span>
    </p>
   </div>
   <div class='ocr_carea' id='block_1_45' title="bbox 361 4565 1958 4638">
    <p class='ocr_par' dir='ltr' id='par_1_45' title="bbox 361 4565 1958 4638">
     <span class='ocr_line' id='line_1_45' title="bbox 361 4565 1958 4638; baseline -0.004 -15"><span class='ocrx_word' id='word_1_350' title='bbox 361 4565 554 4631; x_wconf 80' lang='grc' dir='ltr'><strong>τείαν,</strong></span> <span class='ocrx_word' id='word_1_351' title='bbox 590 4567 701 4630; x_wconf 85' lang='grc' dir='ltr'><strong>τοῖς</strong></span> <span class='ocrx_word' id='word_1_352' title='bbox 735 4566 793 4619; x_wconf 77' lang='grc' dir='ltr'><strong>δὲ</strong></span> <span class='ocrx_word' id='word_1_353' title='bbox 829 4566 930 4637; x_wconf 81' lang='grc' dir='ltr'><strong>τὴν</strong></span> <span class='ocrx_word' id='word_1_354' title='bbox 973 4566 1216 4619; x_wconf 87' lang='grc' dir='ltr'><strong>δουλείαν</strong></span> <span class='ocrx_word' id='word_1_355' title='bbox 1257 4565 1554 4638; x_wconf 80' lang='grc' dir='ltr'><strong>ἀφορίζων,</strong></span> <span class='ocrx_word' id='word_1_356' title='bbox 1597 4565 1958 4636; x_wconf 82' lang='grc' dir='ltr'><strong>ὑπερφρονεῖν</strong></span> 
     </span>
    </p>
   </div>
   <div class='ocr_carea' id='block_1_46' title="bbox 363 4655 1956 4728">
    <p class='ocr_par' dir='ltr' id='par_1_46' title="bbox 363 4655 1956 4728">
     <span class='ocr_line' id='line_1_46' title="bbox 363 4655 1956 4728; baseline -0.003 -15"><span class='ocrx_word' id='word_1_357' title='bbox 363 4657 515 4727; x_wconf 74' lang='grc' dir='ltr'><strong>παρ’</strong></span> <span class='ocrx_word' id='word_1_358' title='bbox 558 4657 587 4710; x_wconf 83' lang='grc' dir='ltr'><strong>δ</strong></span> <span class='ocrx_word' id='word_1_359' title='bbox 620 4657 700 4710; x_wconf 85' lang='grc' dir='ltr'><strong>δεῖ</strong></span> <span class='ocrx_word' id='word_1_360' title='bbox 742 4660 959 4728; x_wconf 81' lang='grc' dir='ltr'><strong>φρονεῖν</strong></span> <span class='ocrx_word' id='word_1_361' title='bbox 1006 4657 1408 4728; x_wconf 72' lang='grc' dir='ltr'><strong>ἐπιτολμήσας,</strong></span> <span class='ocrx_word' id='word_1_362' title='bbox 1459 4657 1601 4711; x_wconf 87' lang='grc' dir='ltr'><strong>κατά</strong></span> <span class='ocrx_word' id='word_1_363' title='bbox 1641 4655 1732 4709; x_wconf 84' lang='grc' dir='ltr'><strong>τοῦ</strong></span> <span class='ocrx_word' id='word_1_364' title='bbox 1776 4655 1956 4710; x_wconf 81' lang='grc' dir='ltr'><strong>κοινοῦ</strong></span> 
     </span>
    </p>
   </div>
   <div class='ocr_carea' id='block_1_47' title="bbox 364 4748 1960 4821">
    <p class='ocr_par' dir='ltr' id='par_1_47' title="bbox 364 4748 1960 4821">
     <span class='ocr_line' id='line_1_47' title="bbox 364 4748 1960 4821; baseline -0.003 -16"><span class='ocrx_word' id='word_1_365' title='bbox 364 4749 653 4806; x_wconf 83' lang='grc' dir='ltr'><strong>Δεσπότου</strong></span> <span class='ocrx_word' id='word_1_366' title='bbox 682 4748 790 4802; x_wconf 84' lang='grc' dir='ltr'><strong>τῶν</strong></span> <span class='ocrx_word' id='word_1_367' title='bbox 822 4749 959 4804; x_wconf 83' lang='grc' dir='ltr'><strong>ὅλων</strong></span> <span class='ocrx_word' id='word_1_368' title='bbox 992 4749 1320 4821; x_wconf 80' lang='grc' dir='ltr'><strong>ἀπονοηθῇς’</strong></span> <span class='ocrx_word' id='word_1_369' title='bbox 1358 4748 1493 4803; x_wconf 89' lang='grc' dir='ltr'><strong>ἀλλά</strong></span> <span class='ocrx_word' id='word_1_370' title='bbox 1531 4748 1747 4819; x_wconf 84' lang='grc' dir='ltr'><strong>φρονῶν</strong></span> <span class='ocrx_word' id='word_1_371' title='bbox 1781 4749 1860 4812; x_wconf 88' lang='grc' dir='ltr'><strong>είς</strong></span> <span class='ocrx_word' id='word_1_372' title='bbox 1899 4748 1960 4802; x_wconf 81' lang='grc' dir='ltr'><strong>τὸ</strong></span> 
     </span>
    </p>
   </div>
   <div class='ocr_carea' id='block_1_48' title="bbox 367 4833 1965 4911">
    <p class='ocr_par' dir='ltr' id='par_1_48' title="bbox 367 4833 1965 4911">
     <span class='ocr_line' id='line_1_48' title="bbox 367 4833 1965 4911; baseline -0.004 -13"><span class='ocrx_word' id='word_1_373' title='bbox 367 4843 686 4911; x_wconf 83' lang='grc' dir='ltr'><strong>σωφρονεῖν</strong></span> <span class='ocrx_word' id='word_1_374' title='bbox 733 4843 828 4896; x_wconf 66' lang='grc' dir='ltr'><strong>καὶ</strong></span> <span class='ocrx_word' id='word_1_375' title='bbox 873 4833 1162 4910; x_wconf 64' lang='grc' dir='ltr'><strong>γινώσκειν</strong></span> <span class='ocrx_word' id='word_1_376' title='bbox 1210 4839 1435 4905; x_wconf 78' lang='grc' dir='ltr'><strong>ἑαυτὸν,</strong></span> <span class='ocrx_word' id='word_1_377' title='bbox 1476 4839 1687 4903; x_wconf 84' lang='grc' dir='ltr'><strong>πάντας</strong></span> <span class='ocrx_word' id='word_1_378' title='bbox 1731 4838 1789 4891; x_wconf 79' lang='grc' dir='ltr'><strong>δὲ</strong></span> <span class='ocrx_word' id='word_1_379' title='bbox 1837 4838 1965 4902; x_wconf 75' lang='grc' dir='ltr'><strong>τοὺς</strong></span> 
     </span>
    </p>
   </div>
   <div class='ocr_carea' id='block_1_49' title="bbox 366 4931 1967 5005">
    <p class='ocr_par' dir='ltr' id='par_1_49' title="bbox 366 4931 1967 5005">
     <span class='ocr_line' id='line_1_49' title="bbox 366 4931 1967 5005; baseline -0.003 -15"><span class='ocrx_word' id='word_1_380' title='bbox 366 4934 859 5005; x_wconf 81' lang='grc' dir='ltr'><strong>ὑπηρετουμὲνους</strong></span> <span class='ocrx_word' id='word_1_381' title='bbox 889 4950 970 4987; x_wconf 90' lang='grc' dir='ltr'><strong>σοι</strong></span> <span class='ocrx_word' id='word_1_382' title='bbox 1008 4933 1325 4999; x_wconf 88' lang='grc' dir='ltr'><strong>συνδούλους</strong></span> <span class='ocrx_word' id='word_1_383' title='bbox 1360 4933 1454 4987; x_wconf 76' lang='grc' dir='ltr'><strong>καὶ</strong></span> <span class='ocrx_word' id='word_1_384' title='bbox 1478 4931 1621 4987; x_wconf 85' lang='grc' dir='ltr'><strong>κατά</strong></span> <span class='ocrx_word' id='word_1_385' title='bbox 1648 4932 1811 5003; x_wconf 91' lang='grc' dir='ltr'><strong>φύσιν</strong></span> <span class='ocrx_word' id='word_1_386' title='bbox 1834 4933 1967 5003; x_wconf 81' lang='grc' dir='ltr'><strong>ὁμο-</strong></span> 
     </span>
    </p>
   </div>
   <div class='ocr_carea' id='block_1_50' title="bbox 366 5022 1966 5098">
    <p class='ocr_par' dir='ltr' id='par_1_50' title="bbox 366 5022 1966 5098">
     <span class='ocr_line' id='line_1_50' title="bbox 366 5022 1966 5098; baseline -0.002 -18"><span class='ocrx_word' id='word_1_387' title='bbox 366 5026 577 5097; x_wconf 71' lang='grc' dir='ltr'><strong>τίμους</strong></span> <span class='ocrx_word' id='word_1_388' title='bbox 606 5025 768 5098; x_wconf 83' lang='grc' dir='ltr'><strong>ὀρῶν,</strong></span> <span class='ocrx_word' id='word_1_389' title='bbox 803 5028 1086 5097; x_wconf 81' lang='grc' dir='ltr'><strong>συνεργοῖς</strong></span> <span class='ocrx_word' id='word_1_390' title='bbox 1125 5025 1366 5097; x_wconf 86' lang='grc' dir='ltr'><strong>κέχρησο</strong></span> <span class='ocrx_word' id='word_1_391' title='bbox 1388 5024 1598 5087; x_wconf 85' lang='grc' dir='ltr'><strong>τούτοις</strong></span> <span class='ocrx_word' id='word_1_392' title='bbox 1620 5024 1715 5077; x_wconf 77' lang='grc' dir='ltr'><strong>καὶ</strong></span> <span class='ocrx_word' id='word_1_393' title='bbox 1749 5022 1966 5077; x_wconf 69' lang='grc' dir='ltr'><strong>συνδιαε</strong></span> 
     </span>
    </p>
   </div>
   <div class='ocr_carea' id='block_1_51' title="bbox 368 5114 1965 5190">
    <p class='ocr_par' dir='ltr' id='par_1_51' title="bbox 368 5114 1965 5190">
     <span class='ocr_line' id='line_1_51' title="bbox 368 5114 1965 5190; baseline -0.004 -16"><span class='ocrx_word' id='word_1_394' title='bbox 368 5120 565 5181; x_wconf 80' lang='grc' dir='ltr'><strong>κόνοις</strong></span> <span class='ocrx_word' id='word_1_395' title='bbox 607 5118 743 5188; x_wconf 77' lang='grc' dir='ltr'><strong>πρὸς</strong></span> <span class='ocrx_word' id='word_1_396' title='bbox 774 5120 875 5190; x_wconf 81' lang='grc' dir='ltr'><strong>τὴν</strong></span> <span class='ocrx_word' id='word_1_397' title='bbox 904 5119 999 5173; x_wconf 81' lang='grc' dir='ltr'><strong>τοῦ</strong></span> <span class='ocrx_word' id='word_1_398' title='bbox 1042 5117 1375 5173; x_wconf 87' lang='grc' dir='ltr'><strong>Δεσποτικοῢ</strong></span> <span class='ocrx_word' id='word_1_399' title='bbox 1420 5117 1723 5190; x_wconf 77' lang='grc' dir='ltr'><strong>θελήματος</strong></span> <span class='ocrx_word' id='word_1_400' title='bbox 1760 5114 1965 5186; x_wconf 74' lang='grc' dir='ltr'><strong>εκπλή-</strong></span> 
     </span>
    </p>
   </div>
   <div class='ocr_carea' id='block_1_52' title="bbox 372 5204 1963 5285">
    <p class='ocr_par' dir='ltr' id='par_1_52' title="bbox 372 5204 1963 5285">
     <span class='ocr_line' id='line_1_52' title="bbox 372 5204 1963 5285; baseline -0.001 -23"><span class='ocrx_word' id='word_1_401' title='bbox 372 5224 576 5285; x_wconf 83' lang='grc' dir='ltr'><strong>ρωσιν.</strong></span> <span class='ocrx_word' id='word_1_402' title='bbox 625 5210 716 5281; x_wconf 81' lang='grc' dir='ltr'><strong>Μὴ</strong></span> <span class='ocrx_word' id='word_1_403' title='bbox 759 5204 853 5265; x_wconf 81' lang='grc' dir='ltr'><strong>οὖν</strong></span> <span class='ocrx_word' id='word_1_404' title='bbox 900 5210 963 5263; x_wconf 84' lang='grc' dir='ltr'><strong>τὸ</strong></span> <span class='ocrx_word' id='word_1_405' title='bbox 1007 5210 1225 5279; x_wconf 82' lang='grc' dir='ltr'><strong>εὐγενὲς</strong></span> <span class='ocrx_word' id='word_1_406' title='bbox 1272 5207 1369 5263; x_wconf 81' lang='grc' dir='ltr'><strong>τοῦ</strong></span> <span class='ocrx_word' id='word_1_407' title='bbox 1414 5208 1642 5280; x_wconf 87' lang='grc' dir='ltr'><strong>τρόπου,</strong></span> <span class='ocrx_word' id='word_1_408' title='bbox 1688 5206 1781 5261; x_wconf 75' lang='grc' dir='ltr'><strong>καὶ</strong></span> <span class='ocrx_word' id='word_1_409' title='bbox 1822 5205 1963 5261; x_wconf 88' lang='grc' dir='ltr'><strong>κατά</strong></span> 
     </span>
    </p>
   </div>
   <div class='ocr_carea' id='block_1_53' title="bbox 370 5296 1963 5371">
    <p class='ocr_par' dir='ltr' id='par_1_53' title="bbox 370 5296 1963 5371">
     <span class='ocr_line' id='line_1_53' title="bbox 370 5296 1963 5371; baseline -0.003 -16"><span class='ocrx_word' id='word_1_410' title='bbox 370 5298 588 5371; x_wconf 80' lang='grc' dir='ltr'><strong>πρᾶξιν</strong></span> <span class='ocrx_word' id='word_1_411' title='bbox 620 5301 655 5371; x_wconf 77' lang='grc' dir='ltr'>ἢ</span> <span class='ocrx_word' id='word_1_412' title='bbox 697 5300 933 5371; x_wconf 85' lang='grc' dir='ltr'><strong>θεωρίαν</strong></span> <span class='ocrx_word' id='word_1_413' title='bbox 973 5300 1311 5371; x_wconf 83' lang='grc' dir='ltr'><strong>μεγαλοφυὲς</strong></span> <span class='ocrx_word' id='word_1_414' title='bbox 1345 5300 1441 5353; x_wconf 75' lang='grc' dir='ltr'><strong>καὶ</strong></span> <span class='ocrx_word' id='word_1_415' title='bbox 1476 5298 1676 5370; x_wconf 88' lang='grc' dir='ltr'><strong>τίμιον,</strong></span> <span class='ocrx_word' id='word_1_416' title='bbox 1716 5297 1823 5369; x_wconf 75' lang='grc' dir='ltr'><strong>πρὸ</strong></span> <span class='ocrx_word' id='word_1_417' title='bbox 1863 5296 1963 5366; x_wconf 80' lang='grc' dir='ltr'><strong>τῆς</strong></span> 
     </span>
    </p>
   </div>
   <div class='ocr_carea' id='block_1_54' title="bbox 372 5383 1961 5459">
    <p class='ocr_par' dir='ltr' id='par_1_54' title="bbox 372 5383 1961 5459">
     <span class='ocr_line' id='line_1_54' title="bbox 372 5383 1961 5459; baseline -0.006 -15"><span class='ocrx_word' id='word_1_418' title='bbox 372 5388 498 5444; x_wconf 78' lang='grc' dir='ltr'><strong>ἀπὸ</strong></span> <span class='ocrx_word' id='word_1_419' title='bbox 516 5386 610 5441; x_wconf 80' lang='grc' dir='ltr'><strong>τοῦ</strong></span> <span class='ocrx_word' id='word_1_420' title='bbox 632 5386 884 5459; x_wconf 87' lang='grc' dir='ltr'><strong>σώματος</strong></span> <span class='ocrx_word' id='word_1_421' title='bbox 904 5389 1112 5452; x_wconf 85' lang='grc' dir='ltr'><strong>λύσεως</strong></span> <span class='ocrx_word' id='word_1_422' title='bbox 1137 5389 1232 5442; x_wconf 80' lang='grc' dir='ltr'><strong>καὶ</strong></span> <span class='ocrx_word' id='word_1_423' title='bbox 1256 5387 1364 5459; x_wconf 82' lang='grc' dir='ltr'><strong>πρὸ</strong></span> <span class='ocrx_word' id='word_1_424' title='bbox 1380 5387 1473 5441; x_wconf 83' lang='grc' dir='ltr'><strong>τοῦ</strong></span> <span class='ocrx_word' id='word_1_425' title='bbox 1495 5385 1849 5456; x_wconf 84' lang='grc' dir='ltr'><strong>κατανικῆσαι</strong></span> <span class='ocrx_word' id='word_1_426' title='bbox 1869 5383 1961 5435; x_wconf 87' lang='grc' dir='ltr'><strong>τὸν</strong></span> 
     </span>
    </p>
   </div>
   <div class='ocr_carea' id='block_1_55' title="bbox 373 5474 1963 5551">
    <p class='ocr_par' dir='ltr' id='par_1_55' title="bbox 373 5474 1963 5551">
     <span class='ocr_line' id='line_1_55' title="bbox 373 5474 1963 5551; baseline -0.007 -15"><span class='ocrx_word' id='word_1_427' title='bbox 373 5482 594 5548; x_wconf 82' lang='grc' dir='ltr'><strong>κόσμον</strong></span> <span class='ocrx_word' id='word_1_428' title='bbox 622 5479 1068 5551; x_wconf 71' lang='grc' dir='ltr'><strong>ἐνδεικνύμενος,</strong></span> <span class='ocrx_word' id='word_1_429' title='bbox 1104 5480 1197 5533; x_wconf 72' lang='grc' dir='ltr'><strong>καὶ</strong></span> <span class='ocrx_word' id='word_1_430' title='bbox 1234 5477 1479 5549; x_wconf 79' lang='grc' dir='ltr'><strong>ἀκαίρως</strong></span> <span class='ocrx_word' id='word_1_431' title='bbox 1517 5475 1840 5547; x_wconf 74' lang='grc' dir='ltr'><strong>ὑψούμενος,</strong></span> <span class='ocrx_word' id='word_1_432' title='bbox 1883 5474 1963 5536; x_wconf 86' lang='grc' dir='ltr'><strong>είς</strong></span> 
     </span>
    </p>
   </div>
   <div class='ocr_carea' id='block_1_56' title="bbox 374 5564 1965 5645">
    <p class='ocr_par' dir='ltr' id='par_1_56' title="bbox 374 5564 1965 5645">
     <span class='ocr_line' id='line_1_56' title="bbox 374 5564 1965 5645; baseline -0.004 -19"><span class='ocrx_word' id='word_1_433' title='bbox 374 5571 717 5628; x_wconf 68' lang='grc' dir='ltr'><strong>ταπείνωσιν</strong></span> <span class='ocrx_word' id='word_1_434' title='bbox 757 5573 1145 5645; x_wconf 77' lang='grc' dir='ltr'><strong>ἀποστραφῇς·</strong></span> <span class='ocrx_word' id='word_1_435' title='bbox 1177 5564 1291 5625; x_wconf 82' lang='grc' dir='ltr'><strong>ἀλλ’</strong></span> <span class='ocrx_word' id='word_1_436' title='bbox 1326 5570 1455 5624; x_wconf 83' lang='grc' dir='ltr'><strong>ὅταν</strong></span> <span class='ocrx_word' id='word_1_437' title='bbox 1483 5568 1591 5622; x_wconf 87' lang='grc' dir='ltr'><strong>τῶν</strong></span> <span class='ocrx_word' id='word_1_438' title='bbox 1625 5585 1685 5621; x_wconf 88' lang='grc' dir='ltr'><strong>τε</strong></span> <span class='ocrx_word' id='word_1_439' title='bbox 1724 5583 1965 5638; x_wconf 88' lang='grc' dir='ltr'><strong>σωματι-</strong></span> 
     </span>
    </p>
   </div>
   <div class='ocr_carea' id='block_1_57' title="bbox 1361 332 2573 401">
    <p class='ocr_par' dir='ltr' id='par_1_57' title="bbox 1361 332 2573 401">
     <span class='ocr_line' id='line_1_57' title="bbox 1361 332 2573 401; baseline 0.011 -14"><span class='ocrx_word' id='word_1_440' title='bbox 1361 332 1429 389; x_wconf 76' lang='lat' dir='ltr'><strong>IN</strong></span> <span class='ocrx_word' id='word_1_441' title='bbox 1465 333 1777 395; x_wconf 76' lang='lat' dir='ltr'><strong>CARMINA</strong></span> <span class='ocrx_word' id='word_1_442' title='bbox 1813 339 2090 397; x_wconf 76' lang='lat' dir='ltr'><strong>ARCANA</strong></span> <span class='ocrx_word' id='word_1_443' title='bbox 2131 342 2191 398; x_wconf 90' lang='lat' dir='ltr'><strong>S.</strong></span> <span class='ocrx_word' id='word_1_444' title='bbox 2225 341 2573 401; x_wconf 76' lang='lat' dir='ltr'><strong>GREGORII.</strong></span> 
     </span>
    </p>
   </div>
   <div class='ocr_carea' id='block_1_58' title="bbox 3522 342 3629 400">
    <p class='ocr_par' dir='ltr' id='par_1_58' title="bbox 3522 342 3629 400">
     <span class='ocr_line' id='line_1_58' title="bbox 3522 342 3629 400; baseline 0.009 -1"><span class='ocrx_word' id='word_1_445' title='bbox 3522 342 3629 400; x_wconf 58' lang='grc'><strong>848</strong></span> 
     </span>
    </p>
   </div>
   <div class='ocr_carea' id='block_1_59' title="bbox 2054 456 3631 536">
    <p class='ocr_par' dir='ltr' id='par_1_59' title="bbox 2054 456 3631 536">
     <span class='ocr_line' id='line_1_59' title="bbox 2054 456 3631 536; baseline 0.001 -23"><span class='ocrx_word' id='word_1_446' title='bbox 2054 457 2145 514; x_wconf 89' lang='lat' dir='ltr'><strong>det</strong></span> <span class='ocrx_word' id='word_1_447' title='bbox 2173 473 2204 513; x_wconf 89' lang='lat' dir='ltr'><strong>a</strong></span> <span class='ocrx_word' id='word_1_448' title='bbox 2226 474 2339 530; x_wconf 91' lang='lat' dir='ltr'><strong>quo</strong></span> <span class='ocrx_word' id='word_1_449' title='bbox 2361 473 2533 536; x_wconf 83' lang='lat' dir='ltr'><strong>pauca</strong></span> <span class='ocrx_word' id='word_1_450' title='bbox 2563 466 2805 530; x_wconf 80' lang='lat' dir='ltr'><strong>speravit</strong></span> <span class='ocrx_word' id='word_1_451' title='bbox 2838 471 2936 529; x_wconf 83' lang='lat' dir='ltr'><strong>pro</strong></span> <span class='ocrx_word' id='word_1_452' title='bbox 2980 470 3211 527; x_wconf 86' lang='lat' dir='ltr'><strong>corpore</strong></span> <span class='ocrx_word' id='word_1_453' title='bbox 3247 456 3500 514; x_wconf 86' lang='lat' dir='ltr'><strong>distribui</strong></span> <span class='ocrx_word' id='word_1_454' title='bbox 3533 475 3631 515; x_wconf 39' lang='lat' dir='ltr'><strong>nee</strong></span> 
     </span>
    </p>
   </div>
   <div class='ocr_carea' id='block_1_60' title="bbox 2050 549 3633 621">
    <p class='ocr_par' dir='ltr' id='par_1_60' title="bbox 2050 549 3633 621">
     <span class='ocr_line' id='line_1_60' title="bbox 2050 549 3633 621; baseline 0.001 -16"><span class='ocrx_word' id='word_1_455' title='bbox 2050 552 2285 606; x_wconf 86' lang='lat' dir='ltr'><strong>cessaria</strong></span> <span class='ocrx_word' id='word_1_456' title='bbox 2345 551 2492 617; x_wconf 66' lang='lat' dir='ltr'><strong>vita,</strong></span> <span class='ocrx_word' id='word_1_457' title='bbox 2527 558 2582 606; x_wconf 89' lang='lat' dir='ltr'><strong>et</strong></span> <span class='ocrx_word' id='word_1_458' title='bbox 2636 550 2746 605; x_wconf 89' lang='lat' dir='ltr'><strong>vita</strong></span> <span class='ocrx_word' id='word_1_459' title='bbox 2807 550 2862 606; x_wconf 88' lang='lat' dir='ltr'><strong>in</strong></span> <span class='ocrx_word' id='word_1_460' title='bbox 2898 550 3106 621; x_wconf 77' lang='lat' dir='ltr'><strong>Spiritu</strong></span> <span class='ocrx_word' id='word_1_461' title='bbox 3169 555 3375 604; x_wconf 67' lang='lat' dir='ltr'><strong>aeterna</strong></span> <span class='ocrx_word' id='word_1_462' title='bbox 3441 549 3633 606; x_wconf 75' lang='lat' dir='ltr'><strong>fruitu-</strong></span> 
     </span>
    </p>
   </div>
   <div class='ocr_carea' id='block_1_61' title="bbox 2053 638 3631 711">
    <p class='ocr_par' dir='ltr' id='par_1_61' title="bbox 2053 638 3631 711">
     <span class='ocr_line' id='line_1_61' title="bbox 2053 638 3631 711; baseline -0.002 -15"><span class='ocrx_word' id='word_1_463' title='bbox 2053 656 2173 696; x_wconf 91' lang='lat' dir='ltr'><strong>rum</strong></span> <span class='ocrx_word' id='word_1_464' title='bbox 2206 656 2266 698; x_wconf 88' lang='lat' dir='ltr'><strong>se</strong></span> <span class='ocrx_word' id='word_1_465' title='bbox 2287 649 2589 711; x_wconf 80' lang='lat' dir='ltr'><strong>exspectat.</strong></span> <span class='ocrx_word' id='word_1_466' title='bbox 2614 640 2697 695; x_wconf 86' lang='lat' dir='ltr'><strong>Tu</strong></span> <span class='ocrx_word' id='word_1_467' title='bbox 2723 656 2853 697; x_wconf 90' lang='lat' dir='ltr'><strong>vero</strong></span> <span class='ocrx_word' id='word_1_468' title='bbox 2881 639 3087 696; x_wconf 90' lang='lat' dir='ltr'><strong>divitiis</strong></span> <span class='ocrx_word' id='word_1_469' title='bbox 3116 639 3327 705; x_wconf 84' lang='lat' dir='ltr'><strong>fruens,</strong></span> <span class='ocrx_word' id='word_1_470' title='bbox 3373 638 3631 693; x_wconf 74' lang='lat' dir='ltr'><strong>omnibus</strong></span> 
     </span>
    </p>
   </div>
   <div class='ocr_carea' id='block_1_62' title="bbox 2050 730 3632 803">
    <p class='ocr_par' dir='ltr' id='par_1_62' title="bbox 2050 730 3632 803">
     <span class='ocr_line' id='line_1_62' title="bbox 2050 730 3632 803; baseline -0.002 -16"><span class='ocrx_word' id='word_1_471' title='bbox 2050 732 2241 789; x_wconf 89' lang='lat' dir='ltr'><strong>mundi</strong></span> <span class='ocrx_word' id='word_1_472' title='bbox 2266 733 2427 790; x_wconf 86' lang='lat' dir='ltr'><strong>bonis</strong></span> <span class='ocrx_word' id='word_1_473' title='bbox 2451 733 2759 799; x_wconf 88' lang='lat' dir='ltr'><strong>abundans,</strong></span> <span class='ocrx_word' id='word_1_474' title='bbox 2794 747 3030 803; x_wconf 85' lang='lat' dir='ltr'><strong>magnus</strong></span> <span class='ocrx_word' id='word_1_475' title='bbox 3051 737 3105 786; x_wconf 90' lang='lat' dir='ltr'><strong>et</strong></span> <span class='ocrx_word' id='word_1_476' title='bbox 3136 731 3344 786; x_wconf 90' lang='lat' dir='ltr'><strong>multus</strong></span> <span class='ocrx_word' id='word_1_477' title='bbox 3377 730 3432 784; x_wconf 90' lang='lat' dir='ltr'><strong>in</strong></span> <span class='ocrx_word' id='word_1_478' title='bbox 3459 730 3567 784; x_wconf 89' lang='lat' dir='ltr'><strong>vita</strong></span> <span class='ocrx_word' id='word_1_479' title='bbox 3598 743 3632 784; x_wconf 87' lang='lat' dir='ltr'><strong>a</strong></span> 
     </span>
    </p>
   </div>
   <div class='ocr_carea' id='block_1_63' title="bbox 2054 818 3633 893">
    <p class='ocr_par' dir='ltr' id='par_1_63' title="bbox 2054 818 3633 893">
     <span class='ocr_line' id='line_1_63' title="bbox 2054 818 3633 893; baseline -0.002 -16"><span class='ocrx_word' id='word_1_480' title='bbox 2054 821 2329 893; x_wconf 78' lang='lat' dir='ltr'><strong>plerisque</strong></span> <span class='ocrx_word' id='word_1_481' title='bbox 2373 821 2691 878; x_wconf 87' lang='lat' dir='ltr'><strong>hominibus</strong></span> <span class='ocrx_word' id='word_1_482' title='bbox 2758 821 3101 885; x_wconf 71' lang='lat' dir='ltr'><strong>aestimatus,</strong></span> <span class='ocrx_word' id='word_1_483' title='bbox 3154 820 3210 874; x_wconf 88' lang='lat' dir='ltr'><strong>in</strong></span> <span class='ocrx_word' id='word_1_484' title='bbox 3255 819 3413 874; x_wconf 89' lang='lat' dir='ltr'><strong>ulnas</strong></span> <span class='ocrx_word' id='word_1_485' title='bbox 3447 818 3633 888; x_wconf 85' lang='lat' dir='ltr'><strong>accipe</strong></span> 
     </span>
    </p>
   </div>
   <div class='ocr_carea' id='block_1_64' title="bbox 2055 912 3630 988">
    <p class='ocr_par' dir='ltr' id='par_1_64' title="bbox 2055 912 3630 988">
     <span class='ocr_line' id='line_1_64' title="bbox 2055 912 3630 988; baseline 0 -22"><span class='ocrx_word' id='word_1_486' title='bbox 2055 913 2342 984; x_wconf 85' lang='lat' dir='ltr'><strong>parvulum</strong></span> <span class='ocrx_word' id='word_1_487' title='bbox 2384 913 2586 981; x_wconf 89' lang='lat' dir='ltr'><strong>istum,</strong></span> <span class='ocrx_word' id='word_1_488' title='bbox 2630 928 2922 984; x_wconf 84' lang='lat' dir='ltr'><strong>pauperem</strong></span> <span class='ocrx_word' id='word_1_489' title='bbox 2970 924 3023 968; x_wconf 90' lang='lat' dir='ltr'><strong>et</strong></span> <span class='ocrx_word' id='word_1_490' title='bbox 3063 928 3289 985; x_wconf 81' lang='lat' dir='ltr'><strong>egenum</strong></span> <span class='ocrx_word' id='word_1_491' title='bbox 3342 912 3630 988; x_wconf 78' lang='lat' dir='ltr'><strong>nutriens.</strong></span> 
     </span>
    </p>
   </div>
   <div class='ocr_carea' id='block_1_65' title="bbox 2056 1004 3633 1077">
    <p class='ocr_par' dir='ltr' id='par_1_65' title="bbox 2056 1004 3633 1077">
     <span class='ocr_line' id='line_1_65' title="bbox 2056 1004 3633 1077; baseline 0.001 -17"><span class='ocrx_word' id='word_1_492' title='bbox 2056 1004 2311 1075; x_wconf 90' lang='lat' dir='ltr'><strong>operiens</strong></span> <span class='ocrx_word' id='word_1_493' title='bbox 2336 1013 2391 1060; x_wconf 90' lang='lat' dir='ltr'><strong>et</strong></span> <span class='ocrx_word' id='word_1_494' title='bbox 2425 1007 2575 1061; x_wconf 92' lang='lat' dir='ltr'><strong>omni</strong></span> <span class='ocrx_word' id='word_1_495' title='bbox 2600 1006 2978 1077; x_wconf 70' lang='lat' dir='ltr'><strong>hospitalitate</strong></span> <span class='ocrx_word' id='word_1_496' title='bbox 2996 1008 3287 1062; x_wconf 88' lang='lat' dir='ltr'><strong>cumulans</strong></span> <span class='ocrx_word' id='word_1_497' title='bbox 3323 1013 3488 1076; x_wconf 90' lang='lat' dir='ltr'><strong>atque</strong></span> <span class='ocrx_word' id='word_1_498' title='bbox 3516 1020 3633 1061; x_wconf 88' lang='lat' dir='ltr'><strong>ser-</strong></span> 
     </span>
    </p>
   </div>
   <div class='ocr_carea' id='block_1_66' title="bbox 2055 1097 3632 1168">
    <p class='ocr_par' dir='ltr' id='par_1_66' title="bbox 2055 1097 3632 1168">
     <span class='ocr_line' id='line_1_66' title="bbox 2055 1097 3632 1168; baseline -0.001 -16"><span class='ocrx_word' id='word_1_499' title='bbox 2055 1097 2210 1162; x_wconf 86' lang='lat' dir='ltr'><strong>vitio,</strong></span> <span class='ocrx_word' id='word_1_500' title='bbox 2241 1098 2399 1168; x_wconf 90' lang='lat' dir='ltr'><strong>quasi</strong></span> <span class='ocrx_word' id='word_1_501' title='bbox 2428 1097 2606 1168; x_wconf 88' lang='lat' dir='ltr'><strong>ipsum</strong></span> <span class='ocrx_word' id='word_1_502' title='bbox 2635 1099 2909 1168; x_wconf 80' lang='lat' dir='ltr'><strong>recipiens</strong></span> <span class='ocrx_word' id='word_1_503' title='bbox 2932 1098 3231 1165; x_wconf 85' lang='lat' dir='ltr'><strong>Christum,</strong></span> <span class='ocrx_word' id='word_1_504' title='bbox 3246 1097 3317 1153; x_wconf 76' lang='grc' dir='ltr'><strong>ἐι</strong></span> <span class='ocrx_word' id='word_1_505' title='bbox 3358 1113 3453 1167; x_wconf 90' lang='lat' dir='ltr'><strong>per</strong></span> <span class='ocrx_word' id='word_1_506' title='bbox 3485 1097 3632 1151; x_wconf 88' lang='lat' dir='ltr'><strong>hunc</strong></span> 
     </span>
    </p>
   </div>
   <div class='ocr_carea' id='block_1_67' title="bbox 2053 1186 3632 1259">
    <p class='ocr_par' dir='ltr' id='par_1_67' title="bbox 2053 1186 3632 1259">
     <span class='ocr_line' id='line_1_67' title="bbox 2053 1186 3632 1259; baseline -0.001 -15"><span class='ocrx_word' id='word_1_507' title='bbox 2053 1204 2218 1259; x_wconf 87' lang='lat' dir='ltr'><strong>quem</strong></span> <span class='ocrx_word' id='word_1_508' title='bbox 2266 1187 2421 1244; x_wconf 83' lang='lat' dir='ltr'><strong>vides</strong></span> <span class='ocrx_word' id='word_1_509' title='bbox 2470 1204 2767 1259; x_wconf 84' lang='lat' dir='ltr'><strong>pauperem</strong></span> <span class='ocrx_word' id='word_1_510' title='bbox 2822 1190 3084 1246; x_wconf 85' lang='lat' dir='ltr'><strong>latentem</strong></span> <span class='ocrx_word' id='word_1_511' title='bbox 3131 1188 3186 1244; x_wconf 88' lang='lat' dir='ltr'><strong>in</strong></span> <span class='ocrx_word' id='word_1_512' title='bbox 3233 1203 3298 1243; x_wconf 91' lang='lat' dir='ltr'><strong>eo</strong></span> <span class='ocrx_word' id='word_1_513' title='bbox 3339 1186 3526 1243; x_wconf 66' lang='lat' dir='ltr'><strong>Iesum</strong></span> <span class='ocrx_word' id='word_1_514' title='bbox 3574 1187 3632 1244; x_wconf 91' lang='lat' dir='ltr'><strong>in</strong></span> 
     </span>
    </p>
   </div>
   <div class='ocr_carea' id='block_1_68' title="bbox 2057 1279 3634 1351">
    <p class='ocr_par' dir='ltr' id='par_1_68' title="bbox 2057 1279 3634 1351">
     <span class='ocr_line' id='line_1_68' title="bbox 2057 1279 3634 1351; baseline -0.002 -15"><span class='ocrx_word' id='word_1_515' title='bbox 2057 1280 2243 1337; x_wconf 88' lang='lat' dir='ltr'><strong>cordis</strong></span> <span class='ocrx_word' id='word_1_516' title='bbox 2285 1280 2363 1334; x_wconf 92' lang='lat' dir='ltr'><strong>tui</strong></span> <span class='ocrx_word' id='word_1_517' title='bbox 2401 1280 2698 1350; x_wconf 81' lang='lat' dir='ltr'><strong>penetralia</strong></span> <span class='ocrx_word' id='word_1_518' title='bbox 2737 1296 2836 1351; x_wconf 87' lang='lat' dir='ltr'><strong>per</strong></span> <span class='ocrx_word' id='word_1_519' title='bbox 2878 1280 3038 1336; x_wconf 77' lang='lat' dir='ltr'><strong>fidem</strong></span> <span class='ocrx_word' id='word_1_520' title='bbox 3081 1280 3322 1349; x_wconf 85' lang='lat' dir='ltr'><strong>hospitio</strong></span> <span class='ocrx_word' id='word_1_521' title='bbox 3357 1279 3539 1349; x_wconf 89' lang='lat' dir='ltr'><strong>recipe</strong></span> <span class='ocrx_word' id='word_1_522' title='bbox 3577 1287 3634 1334; x_wconf 83' lang='lat' dir='ltr'><strong>et</strong></span> 
     </span>
    </p>
   </div>
   <div class='ocr_carea' id='block_1_69' title="bbox 2054 1371 3627 1443">
    <p class='ocr_par' dir='ltr' id='par_1_69' title="bbox 2054 1371 3627 1443">
     <span class='ocr_line' id='line_1_69' title="bbox 2054 1371 3627 1443; baseline -0.002 -15"><span class='ocrx_word' id='word_1_523' title='bbox 2054 1373 2315 1428; x_wconf 89' lang='lat' dir='ltr'><strong>colloca:</strong></span> <span class='ocrx_word' id='word_1_524' title='bbox 2356 1379 2413 1428; x_wconf 84' lang='lat' dir='ltr'><strong>et</strong></span> <span class='ocrx_word' id='word_1_525' title='bbox 2442 1374 2586 1428; x_wconf 89' lang='lat' dir='ltr'><strong>sicut</strong></span> <span class='ocrx_word' id='word_1_526' title='bbox 2630 1374 2835 1443; x_wconf 88' lang='lat' dir='ltr'><strong>aquila,</strong></span> <span class='ocrx_word' id='word_1_527' title='bbox 2882 1373 3039 1442; x_wconf 82' lang='lat' dir='ltr'><strong>juxta</strong></span> <span class='ocrx_word' id='word_1_528' title='bbox 3079 1382 3329 1429; x_wconf 84' lang='lat' dir='ltr'><strong>sanctum</strong></span> <span class='ocrx_word' id='word_1_529' title='bbox 3378 1371 3627 1434; x_wconf 84' lang='lat' dir='ltr'><strong>verbum,</strong></span> 
     </span>
    </p>
   </div>
   <div class='ocr_carea' id='block_1_70' title="bbox 2056 1464 3626 1536">
    <p class='ocr_par' dir='ltr' id='par_1_70' title="bbox 2056 1464 3626 1536">
     <span class='ocr_line' id='line_1_70' title="bbox 2056 1464 3626 1536; baseline -0.002 -18"><span class='ocrx_word' id='word_1_530' title='bbox 2056 1465 2238 1536; x_wconf 89' lang='lat' dir='ltr'><strong>pullos</strong></span> <span class='ocrx_word' id='word_1_531' title='bbox 2287 1481 2422 1523; x_wconf 89' lang='lat' dir='ltr'><strong>suos</strong></span> <span class='ocrx_word' id='word_1_532' title='bbox 2467 1467 2673 1522; x_wconf 90' lang='lat' dir='ltr'><strong>mulcet</strong></span> <span class='ocrx_word' id='word_1_533' title='bbox 2719 1466 2964 1536; x_wconf 87' lang='lat' dir='ltr'><strong>ipsisque</strong></span> <span class='ocrx_word' id='word_1_534' title='bbox 3028 1464 3297 1535; x_wconf 76' lang='lat' dir='ltr'><strong>providet,</strong></span> <span class='ocrx_word' id='word_1_535' title='bbox 3340 1464 3422 1518; x_wconf 90' lang='lat' dir='ltr'><strong>sic</strong></span> <span class='ocrx_word' id='word_1_536' title='bbox 3472 1471 3527 1518; x_wconf 91' lang='lat' dir='ltr'><strong>et</strong></span> <span class='ocrx_word' id='word_1_537' title='bbox 3567 1473 3626 1517; x_wconf 87' lang='lat' dir='ltr'><strong>tu</strong></span> 
     </span>
    </p>
   </div>
   <div class='ocr_carea' id='block_1_71' title="bbox 2051 1553 3625 1627">
    <p class='ocr_par' dir='ltr' id='par_1_71' title="bbox 2051 1553 3625 1627">
     <span class='ocr_line' id='line_1_71' title="bbox 2051 1553 3625 1627; baseline 0.001 -19"><span class='ocrx_word' id='word_1_538' title='bbox 2051 1556 2257 1611; x_wconf 88' lang='lat' dir='ltr'><strong>multus</strong></span> <span class='ocrx_word' id='word_1_539' title='bbox 2289 1556 2736 1627; x_wconf 82' lang='lat' dir='ltr'><strong>possessionibus</strong></span> <span class='ocrx_word' id='word_1_540' title='bbox 2764 1555 3037 1613; x_wconf 83' lang='lat' dir='ltr'><strong>exsistens</strong></span> <span class='ocrx_word' id='word_1_541' title='bbox 3086 1563 3350 1625; x_wconf 83' lang='lat' dir='ltr'><strong>tanquam</strong></span> <span class='ocrx_word' id='word_1_542' title='bbox 3390 1553 3625 1610; x_wconf 83' lang='lat' dir='ltr'><strong>debilem</strong></span> 
     </span>
    </p>
   </div>
   <div class='ocr_carea' id='block_1_72' title="bbox 2052 1641 3639 1720">
    <p class='ocr_par' dir='ltr' id='par_1_72' title="bbox 2052 1641 3639 1720">
     <span class='ocr_line' id='line_1_72' title="bbox 2052 1641 3639 1720; baseline 0 -20"><span class='ocrx_word' id='word_1_543' title='bbox 2052 1660 2206 1702; x_wconf 89' lang='lat' dir='ltr'><strong>avem</strong></span> <span class='ocrx_word' id='word_1_544' title='bbox 2252 1661 2455 1704; x_wconf 89' lang='lat' dir='ltr'><strong>curans</strong></span> <span class='ocrx_word' id='word_1_545' title='bbox 2512 1660 2807 1720; x_wconf 88' lang='lat' dir='ltr'><strong>pauperem</strong></span> <span class='ocrx_word' id='word_1_546' title='bbox 2834 1651 2889 1699; x_wconf 88' lang='lat' dir='ltr'><strong>et</strong></span> <span class='ocrx_word' id='word_1_547' title='bbox 2912 1641 3105 1703; x_wconf 77' lang='lat' dir='ltr'><strong>fovens</strong></span> <span class='ocrx_word' id='word_1_548' title='bbox 3130 1643 3188 1700; x_wconf 90' lang='lat' dir='ltr'><strong>in</strong></span> <span class='ocrx_word' id='word_1_549' title='bbox 3217 1646 3339 1719; x_wconf 88' lang='lat' dir='ltr'><strong>ipso</strong></span> <span class='ocrx_word' id='word_1_550' title='bbox 3382 1643 3639 1700; x_wconf 79' lang='lat' dir='ltr'><strong>invenies</strong></span> 
     </span>
    </p>
   </div>
   <div class='ocr_carea' id='block_1_73' title="bbox 2051 1736 2356 1793">
    <p class='ocr_par' dir='ltr' id='par_1_73' title="bbox 2051 1736 2356 1793">
     <span class='ocr_line' id='line_1_73' title="bbox 2051 1736 2356 1793; baseline -0.007 0"><span class='ocrx_word' id='word_1_551' title='bbox 2051 1736 2356 1793; x_wconf 79' lang='lat' dir='ltr'><strong>Christum.</strong></span> 
     </span>
    </p>
   </div>
   <div class='ocr_carea' id='block_1_74' title="bbox 2056 1954 3413 2029">
    <p class='ocr_par' dir='ltr' id='par_1_74' title="bbox 2056 1954 3413 2029">
     <span class='ocr_line' id='line_1_74' title="bbox 2056 1954 3413 2029; baseline -0.001 -17"><span class='ocrx_word' id='word_1_552' title='bbox 2056 1955 2159 2012; x_wconf 74' lang='grc'><strong>129</strong></span> <span class='ocrx_word' id='word_1_553' title='bbox 2202 1954 2394 2011; x_wconf 73' lang='lat' dir='ltr'><strong>Melior</strong></span> <span class='ocrx_word' id='word_1_554' title='bbox 2415 1965 2490 2011; x_wconf 84' lang='lat' dir='ltr'><strong>est</strong></span> <span class='ocrx_word' id='word_1_555' title='bbox 2523 1964 2806 2025; x_wconf 79' lang='lat' dir='ltr'><strong>paupertas</strong></span> <span class='ocrx_word' id='word_1_556' title='bbox 2837 1958 3037 2029; x_wconf 76' lang='lat' dir='ltr'><strong>injusm</strong></span> <span class='ocrx_word' id='word_1_557' title='bbox 3069 1955 3413 2027; x_wconf 77' lang='lat' dir='ltr'><strong>possessione.</strong></span> 
     </span>
    </p>
   </div>
   <div class='ocr_carea' id='block_1_75' title="bbox 2126 2087 3633 2162">
    <p class='ocr_par' dir='ltr' id='par_1_75' title="bbox 2126 2087 3633 2162">
     <span class='ocr_line' id='line_1_75' title="bbox 2126 2087 3633 2162; baseline 0.003 -21"><span class='ocrx_word' id='word_1_558' title='bbox 2126 2087 2363 2145; x_wconf 79' lang='lat' dir='ltr'><strong>Rursum</strong></span> <span class='ocrx_word' id='word_1_559' title='bbox 2394 2096 2447 2144; x_wconf 92' lang='lat' dir='ltr'><strong>et</strong></span> <span class='ocrx_word' id='word_1_560' title='bbox 2471 2104 2568 2160; x_wconf 88' lang='lat' dir='ltr'><strong>per</strong></span> <span class='ocrx_word' id='word_1_561' title='bbox 2581 2090 2870 2160; x_wconf 69' lang='lat' dir='ltr'><strong>praesentia</strong></span> <span class='ocrx_word' id='word_1_562' title='bbox 2887 2105 3180 2161; x_wconf 90' lang='lat' dir='ltr'><strong>pauperem</strong></span> <span class='ocrx_word' id='word_1_563' title='bbox 3198 2092 3416 2162; x_wconf 87' lang='lat' dir='ltr'><strong>quidem</strong></span> <span class='ocrx_word' id='word_1_564' title='bbox 3434 2104 3633 2146; x_wconf 87' lang='lat' dir='ltr'><strong>consc-</strong></span> 
     </span>
    </p>
   </div>
   <div class='ocr_carea' id='block_1_76' title="bbox 2052 2177 3628 2253">
    <p class='ocr_par' dir='ltr' id='par_1_76' title="bbox 2052 2177 3628 2253">
     <span class='ocr_line' id='line_1_76' title="bbox 2052 2177 3628 2253; baseline 0.003 -22"><span class='ocrx_word' id='word_1_565' title='bbox 2052 2178 2219 2241; x_wconf 85' lang='lat' dir='ltr'><strong>latur.</strong></span> <span class='ocrx_word' id='word_1_566' title='bbox 2258 2177 2445 2235; x_wconf 82' lang='lat' dir='ltr'><strong>divitis</strong></span> <span class='ocrx_word' id='word_1_567' title='bbox 2475 2194 2605 2234; x_wconf 90' lang='lat' dir='ltr'><strong>vero</strong></span> <span class='ocrx_word' id='word_1_568' title='bbox 2646 2180 2893 2251; x_wconf 86' lang='lat' dir='ltr'><strong>reprimit</strong></span> <span class='ocrx_word' id='word_1_569' title='bbox 2927 2182 3315 2253; x_wconf 76' lang='lat' dir='ltr'><strong>arrogantiam,</strong></span> <span class='ocrx_word' id='word_1_570' title='bbox 3350 2181 3628 2237; x_wconf 87' lang='lat' dir='ltr'><strong>meliorem</strong></span> 
     </span>
    </p>
   </div>
   <div class='ocr_carea' id='block_1_77' title="bbox 2050 2266 3631 2341">
    <p class='ocr_par' dir='ltr' id='par_1_77' title="bbox 2050 2266 3631 2341">
     <span class='ocr_line' id='line_1_77' title="bbox 2050 2266 3631 2341; baseline 0.003 -18"><span class='ocrx_word' id='word_1_571' title='bbox 2050 2281 2176 2323; x_wconf 89' lang='lat' dir='ltr'><strong>esse</strong></span> <span class='ocrx_word' id='word_1_572' title='bbox 2241 2266 2434 2325; x_wconf 85' lang='lat' dir='ltr'><strong>dicens</strong></span> <span class='ocrx_word' id='word_1_573' title='bbox 2483 2278 2858 2341; x_wconf 85' lang='lat' dir='ltr'><strong>paupertatem</strong></span> <span class='ocrx_word' id='word_1_574' title='bbox 2921 2287 3088 2341; x_wconf 88' lang='lat' dir='ltr'><strong>quam</strong></span> <span class='ocrx_word' id='word_1_575' title='bbox 3151 2273 3356 2328; x_wconf 71' lang='lat' dir='ltr'><strong>divitia:</strong></span> <span class='ocrx_word' id='word_1_576' title='bbox 3433 2288 3500 2329; x_wconf 79' lang='lat' dir='ltr'><strong>ex</strong></span> <span class='ocrx_word' id='word_1_577' title='bbox 3541 2272 3631 2327; x_wconf 59' lang='lat' dir='ltr'><strong>inv</strong></span> 
     </span>
    </p>
   </div>
   <div class='ocr_carea' id='block_1_78' title="bbox 2049 2358 3630 2433">
    <p class='ocr_par' dir='ltr' id='par_1_78' title="bbox 2049 2358 3630 2433">
     <span class='ocr_line' id='line_1_78' title="bbox 2049 2358 3630 2433; baseline 0.002 -18"><span class='ocrx_word' id='word_1_578' title='bbox 2049 2358 2263 2429; x_wconf 75' lang='lat' dir='ltr'><strong>iustitia</strong></span> <span class='ocrx_word' id='word_1_579' title='bbox 2288 2369 2633 2430; x_wconf 88' lang='lat' dir='ltr'><strong>constantes;</strong></span> <span class='ocrx_word' id='word_1_580' title='bbox 2667 2361 3133 2433; x_wconf 83' lang='lat' dir='ltr'><strong>quemadmodum</strong></span> <span class='ocrx_word' id='word_1_581' title='bbox 3164 2363 3392 2420; x_wconf 90' lang='lat' dir='ltr'><strong>morbus</strong></span> <span class='ocrx_word' id='word_1_582' title='bbox 3432 2377 3630 2433; x_wconf 88' lang='lat' dir='ltr'><strong>corpo-</strong></span> 
     </span>
    </p>
   </div>
   <div class='ocr_carea' id='block_1_79' title="bbox 2053 2452 3630 2529">
    <p class='ocr_par' dir='ltr' id='par_1_79' title="bbox 2053 2452 3630 2529">
     <span class='ocr_line' id='line_1_79' title="bbox 2053 2452 3630 2529; baseline 0.001 -23"><span class='ocrx_word' id='word_1_583' title='bbox 2053 2452 2134 2508; x_wconf 86' lang='lat' dir='ltr'><strong>ris</strong></span> <span class='ocrx_word' id='word_1_584' title='bbox 2164 2454 2363 2510; x_wconf 90' lang='lat' dir='ltr'><strong>melior</strong></span> <span class='ocrx_word' id='word_1_585' title='bbox 2389 2463 2477 2511; x_wconf 87' lang='lat' dir='ltr'><strong>est</strong></span> <span class='ocrx_word' id='word_1_586' title='bbox 2519 2455 2832 2529; x_wconf 75' lang='lat' dir='ltr'><strong>argrmanti,</strong></span> <span class='ocrx_word' id='word_1_587' title='bbox 2865 2463 2921 2510; x_wconf 90' lang='lat' dir='ltr'><strong>et</strong></span> <span class='ocrx_word' id='word_1_588' title='bbox 2970 2455 3180 2525; x_wconf 68' lang='lat' dir='ltr'><strong>judicio</strong></span> <span class='ocrx_word' id='word_1_589' title='bbox 3224 2457 3319 2511; x_wconf 90' lang='lat' dir='ltr'><strong>Dei</strong></span> <span class='ocrx_word' id='word_1_590' title='bbox 3362 2454 3630 2525; x_wconf 80' lang='lat' dir='ltr'><strong>castigato</strong></span> 
     </span>
    </p>
   </div>
   <div class='ocr_carea' id='block_1_80' title="bbox 2055 2542 3632 2613">
    <p class='ocr_par' dir='ltr' id='par_1_80' title="bbox 2055 2542 3632 2613">
     <span class='ocr_line' id='line_1_80' title="bbox 2055 2542 3632 2613; baseline 0.003 -18"><span class='ocrx_word' id='word_1_591' title='bbox 2055 2542 2243 2596; x_wconf 89' lang='lat' dir='ltr'><strong>utilior</strong></span> <span class='ocrx_word' id='word_1_592' title='bbox 2268 2552 2355 2598; x_wconf 85' lang='lat' dir='ltr'><strong>est</strong></span> <span class='ocrx_word' id='word_1_593' title='bbox 2383 2557 2547 2613; x_wconf 88' lang='lat' dir='ltr'><strong>quam</strong></span> <span class='ocrx_word' id='word_1_594' title='bbox 2576 2542 2833 2598; x_wconf 83' lang='lat' dir='ltr'><strong>valetudo</strong></span> <span class='ocrx_word' id='word_1_595' title='bbox 2856 2544 2999 2598; x_wconf 89' lang='lat' dir='ltr'><strong>mala</strong></span> <span class='ocrx_word' id='word_1_596' title='bbox 3026 2551 3082 2598; x_wconf 89' lang='lat' dir='ltr'><strong>et</strong></span> <span class='ocrx_word' id='word_1_597' title='bbox 3101 2543 3330 2599; x_wconf 86' lang='lat' dir='ltr'><strong>sanitas.</strong></span> <span class='ocrx_word' id='word_1_598' title='bbox 3373 2544 3505 2610; x_wconf 63' lang='lat' dir='ltr'><strong>Quae</strong></span> <span class='ocrx_word' id='word_1_599' title='bbox 3531 2559 3632 2599; x_wconf 83' lang='lat' dir='ltr'><strong>au-</strong></span> 
     </span>
    </p>
   </div>
   <div class='ocr_carea' id='block_1_81' title="bbox 2057 2632 3635 2704">
    <p class='ocr_par' dir='ltr' id='par_1_81' title="bbox 2057 2632 3635 2704">
     <span class='ocr_line' id='line_1_81' title="bbox 2057 2632 3635 2704; baseline 0.003 -19"><span class='ocrx_word' id='word_1_600' title='bbox 2057 2638 2165 2686; x_wconf 92' lang='lat' dir='ltr'><strong>tem</strong></span> <span class='ocrx_word' id='word_1_601' title='bbox 2196 2632 2563 2688; x_wconf 61' lang='lat' dir='ltr'><strong>aestimaretur</strong></span> <span class='ocrx_word' id='word_1_602' title='bbox 2611 2632 2754 2687; x_wconf 87' lang='lat' dir='ltr'><strong>mala</strong></span> <span class='ocrx_word' id='word_1_603' title='bbox 2778 2632 3051 2696; x_wconf 88' lang='lat' dir='ltr'><strong>valetudo,</strong></span> <span class='ocrx_word' id='word_1_604' title='bbox 3086 2634 3191 2688; x_wconf 89' lang='lat' dir='ltr'><strong>nisi</strong></span> <span class='ocrx_word' id='word_1_605' title='bbox 3235 2648 3301 2689; x_wconf 88' lang='lat' dir='ltr'><strong>ea</strong></span> <span class='ocrx_word' id='word_1_606' title='bbox 3329 2648 3437 2704; x_wconf 87' lang='lat' dir='ltr'><strong>qua</strong></span> <span class='ocrx_word' id='word_1_607' title='bbox 3471 2638 3635 2690; x_wconf 80' lang='lat' dir='ltr'><strong>uten-‘</strong></span> 
     </span>
    </p>
   </div>
   <div class='ocr_carea' id='block_1_82' title="bbox 2057 2722 3635 2796">
    <p class='ocr_par' dir='ltr' id='par_1_82' title="bbox 2057 2722 3635 2796">
     <span class='ocr_line' id='line_1_82' title="bbox 2057 2722 3635 2796; baseline 0.003 -19"><span class='ocrx_word' id='word_1_608' title='bbox 2057 2729 2140 2778; x_wconf 89' lang='lat' dir='ltr'><strong>tes</strong></span> <span class='ocrx_word' id='word_1_609' title='bbox 2168 2722 2382 2779; x_wconf 71' lang='lat' dir='ltr'><strong>luxuria</strong></span> <span class='ocrx_word' id='word_1_610' title='bbox 2433 2730 2489 2780; x_wconf 88' lang='lat' dir='ltr'><strong>et</strong></span> <span class='ocrx_word' id='word_1_611' title='bbox 2535 2723 2847 2780; x_wconf 87' lang='lat' dir='ltr'><strong>homicidiis</strong></span> <span class='ocrx_word' id='word_1_612' title='bbox 2894 2733 2949 2780; x_wconf 92' lang='lat' dir='ltr'><strong>et</strong></span> <span class='ocrx_word' id='word_1_613' title='bbox 2999 2722 3294 2796; x_wconf 73' lang='lat' dir='ltr'><strong>injhstitiis</strong></span> <span class='ocrx_word' id='word_1_614' title='bbox 3338 2727 3635 2782; x_wconf 71' lang='lat' dir='ltr'><strong>laetantur?</strong></span> 
     </span>
    </p>
   </div>
   <div class='ocr_carea' id='block_1_83' title="bbox 2054 2810 3633 2886">
    <p class='ocr_par' dir='ltr' id='par_1_83' title="bbox 2054 2810 3633 2886">
     <span class='ocr_line' id='line_1_83' title="bbox 2054 2810 3633 2886; baseline 0.006 -21"><span class='ocrx_word' id='word_1_615' title='bbox 2054 2810 2303 2883; x_wconf 85' lang='lat' dir='ltr'><strong>Namque</strong></span> <span class='ocrx_word' id='word_1_616' title='bbox 2331 2812 2474 2869; x_wconf 80' lang='lat' dir='ltr'><strong>fame</strong></span> <span class='ocrx_word' id='word_1_617' title='bbox 2520 2813 2680 2884; x_wconf 88' lang='lat' dir='ltr'><strong>panis</strong></span> <span class='ocrx_word' id='word_1_618' title='bbox 2722 2821 2778 2869; x_wconf 91' lang='lat' dir='ltr'><strong>et</strong></span> <span class='ocrx_word' id='word_1_619' title='bbox 2824 2817 3040 2886; x_wconf 79' lang='lat' dir='ltr'><strong>egentia</strong></span> <span class='ocrx_word' id='word_1_620' title='bbox 3097 2817 3282 2873; x_wconf 87' lang='lat' dir='ltr'><strong>nullus</strong></span> <span class='ocrx_word' id='word_1_621' title='bbox 3333 2817 3387 2873; x_wconf 90' lang='lat' dir='ltr'><strong>in</strong></span> <span class='ocrx_word' id='word_1_622' title='bbox 3433 2818 3633 2875; x_wconf 75' lang='lat' dir='ltr'><strong>anima:</strong></span> 
     </span>
    </p>
   </div>
   <div class='ocr_carea' id='block_1_84' title="bbox 2055 2902 3632 2977">
    <p class='ocr_par' dir='ltr' id='par_1_84' title="bbox 2055 2902 3632 2977">
     <span class='ocr_line' id='line_1_84' title="bbox 2055 2902 3632 2977; baseline 0.004 -18"><span class='ocrx_word' id='word_1_623' title='bbox 2055 2912 2286 2960; x_wconf 90' lang='lat' dir='ltr'><strong>mortem</strong></span> <span class='ocrx_word' id='word_1_624' title='bbox 2317 2904 2485 2972; x_wconf 87' lang='lat' dir='ltr'><strong>cadit,</strong></span> <span class='ocrx_word' id='word_1_625' title='bbox 2522 2902 2620 2959; x_wconf 88' lang='lat' dir='ltr'><strong>sed</strong></span> <span class='ocrx_word' id='word_1_626' title='bbox 2652 2905 2742 2959; x_wconf 81' lang='lat' dir='ltr'><strong>vix</strong></span> <span class='ocrx_word' id='word_1_627' title='bbox 2783 2905 2929 2962; x_wconf 89' lang='lat' dir='ltr'><strong>ullus</strong></span> <span class='ocrx_word' id='word_1_628' title='bbox 2976 2907 3035 2961; x_wconf 91' lang='lat' dir='ltr'><strong>in</strong></span> <span class='ocrx_word' id='word_1_629' title='bbox 3068 2907 3323 2977; x_wconf 89' lang='lat' dir='ltr'><strong>corporis</strong></span> <span class='ocrx_word' id='word_1_630' title='bbox 3361 2915 3591 2965; x_wconf 78' lang='lat' dir='ltr'><strong>mortem</strong></span> <span class='ocrx_word' id='word_1_631' title='bbox 3614 2952 3632 2977; x_wconf 89' lang='lat'><strong>,</strong></span> 
     </span>
    </p>
   </div>
   <div class='ocr_carea' id='block_1_85' title="bbox 2056 2996 3637 3074">
    <p class='ocr_par' dir='ltr' id='par_1_85' title="bbox 2056 2996 3637 3074">
     <span class='ocr_line' id='line_1_85' title="bbox 2056 2996 3637 3074; baseline 0.004 -24"><span class='ocrx_word' id='word_1_632' title='bbox 2056 2996 2439 3067; x_wconf 85' lang='lat' dir='ltr'><strong>peccatoribus</strong></span> <span class='ocrx_word' id='word_1_633' title='bbox 2476 3004 2658 3054; x_wconf 90' lang='lat' dir='ltr'><strong>autem</strong></span> <span class='ocrx_word' id='word_1_634' title='bbox 2687 3004 2743 3053; x_wconf 92' lang='lat' dir='ltr'><strong>et</strong></span> <span class='ocrx_word' id='word_1_635' title='bbox 2770 2997 2994 3054; x_wconf 88' lang='lat' dir='ltr'><strong>realiter</strong></span> <span class='ocrx_word' id='word_1_636' title='bbox 3048 2999 3207 3056; x_wconf 87' lang='lat' dir='ltr'><strong>malis</strong></span> <span class='ocrx_word' id='word_1_637' title='bbox 3244 3007 3474 3057; x_wconf 90' lang='lat' dir='ltr'><strong>mortem</strong></span> <span class='ocrx_word' id='word_1_638' title='bbox 3504 3017 3637 3074; x_wconf 82' lang='lat' dir='ltr'><strong>pec-</strong></span> 
     </span>
    </p>
   </div>
   <div class='ocr_carea' id='block_1_86' title="bbox 2062 3087 2465 3145">
    <p class='ocr_par' dir='ltr' id='par_1_86' title="bbox 2062 3087 2465 3145">
     <span class='ocr_line' id='line_1_86' title="bbox 2062 3087 2465 3145; baseline 0 -1"><span class='ocrx_word' id='word_1_639' title='bbox 2062 3098 2244 3144; x_wconf 88' lang='lat' dir='ltr'><strong>catum</strong></span> <span class='ocrx_word' id='word_1_640' title='bbox 2287 3087 2465 3145; x_wconf 79' lang='lat' dir='ltr'><strong>aﬂ‘ert.</strong></span> 
     </span>
    </p>
   </div>
   <div class='ocr_carea' id='block_1_87' title="bbox 2060 3221 3630 3366">
    <p class='ocr_par' dir='ltr' id='par_1_87' title="bbox 2060 3221 3630 3366">
     <span class='ocr_line' id='line_1_87' title="bbox 2060 3221 3630 3366; baseline 0.001 -90"><span class='ocrx_word' id='word_1_641' title='bbox 2060 3221 2186 3278; x_wconf 74' lang='grc'><strong>155.</strong></span> <span class='ocrx_word' id='word_1_642' title='bbox 2228 3221 2362 3289; x_wconf 80' lang='lat' dir='ltr'><strong>Quis</strong></span> <span class='ocrx_word' id='word_1_643' title='bbox 2408 3221 2690 3293; x_wconf 77' lang='lat' dir='ltr'><strong>dominus,</strong></span> <span class='ocrx_word' id='word_1_644' title='bbox 2733 3223 2852 3294; x_wconf 78' lang='lat' dir='ltr'><strong>quis</strong></span> <span class='ocrx_word' id='word_1_645' title='bbox 2900 3237 3112 3289; x_wconf 74' lang='lat' dir='ltr'><strong>servus,</strong></span> <span class='ocrx_word' id='word_1_646' title='bbox 3166 3222 3270 3277; x_wconf 79' lang='lat' dir='ltr'><strong>nisi</strong></span> <span class='ocrx_word' id='word_1_647' title='bbox 3305 3224 3459 3366; x_wconf 40' lang='lat' dir='ltr'><strong>ma[la.</strong></span> <span class='ocrx_word' id='word_1_648' title='bbox 3495 3224 3630 3351; x_wconf 53' lang='lat' dir='ltr'><strong>417M;</strong></span> 
     </span>
     <span class='ocr_line' id='line_1_88' title="bbox 2802 3312 3493 3349; baseline -0.006 4"><span class='ocrx_word' id='word_1_649' title='bbox 2802 3329 2816 3337; x_wconf 64' lang='grc' dir='ltr'><strong>ι</strong></span> <span class='ocrx_word' id='word_1_650' title='bbox 3413 3312 3493 3349; x_wconf 79' lang='lat' dir='ltr'><strong>sto</strong></span> 
     </span>
    </p>
   </div>
   <div class='ocr_carea' id='block_1_88' title="bbox 2802 3312 3493 3349">
    <p class='ocr_par' dir='ltr' id='par_1_88' title="bbox 2802 3312 3493 3349">
     <span class='ocr_line' id='line_1_89' title="bbox 2802 3312 3493 3349; baseline 0 0"><span class='ocrx_word' id='word_1_651' title='bbox 2802 3329 2816 3337; x_wconf 67' lang='grc' dir='ltr'><strong><em>ο</em></strong></span> <span class='ocrx_word' id='word_1_652' title='bbox 3389 3312 3493 3349; x_wconf 70' lang='grc'><strong>1810</strong></span> 
     </span>
    </p>
   </div>
   <div class='ocr_carea' id='block_1_89' title="bbox 2128 3379 3634 3455">
    <p class='ocr_par' dir='ltr' id='par_1_89' title="bbox 2128 3379 3634 3455">
     <span class='ocr_line' id='line_1_90' title="bbox 2128 3379 3634 3455; baseline 0.005 -21"><span class='ocrx_word' id='word_1_653' title='bbox 2128 3379 2424 3451; x_wconf 88' lang='lat' dir='ltr'><strong>Postquam</strong></span> <span class='ocrx_word' id='word_1_654' title='bbox 2453 3382 2779 3439; x_wconf 88' lang='lat' dir='ltr'><strong>sententiam</strong></span> <span class='ocrx_word' id='word_1_655' title='bbox 2815 3384 3071 3453; x_wconf 78' lang='lat' dir='ltr'><strong>exposuit</strong></span> <span class='ocrx_word' id='word_1_656' title='bbox 3095 3383 3470 3455; x_wconf 86' lang='lat' dir='ltr'><strong>Philosophus</strong></span> <span class='ocrx_word' id='word_1_657' title='bbox 3519 3401 3634 3441; x_wconf 78' lang='lat' dir='ltr'><strong>nta-</strong></span> 
     </span>
    </p>
   </div>
   <div class='ocr_carea' id='block_1_90' title="bbox 2058 3473 3637 3546">
    <p class='ocr_par' dir='ltr' id='par_1_90' title="bbox 2058 3473 3637 3546">
     <span class='ocr_line' id='line_1_91' title="bbox 2058 3473 3637 3546; baseline 0.003 -21"><span class='ocrx_word' id='word_1_658' title='bbox 2058 3486 2199 3543; x_wconf 85' lang='lat' dir='ltr'><strong>gnus</strong></span> <span class='ocrx_word' id='word_1_659' title='bbox 2231 3473 2298 3528; x_wconf 90' lang='lat' dir='ltr'><strong>de</strong></span> <span class='ocrx_word' id='word_1_660' title='bbox 2338 3479 2656 3543; x_wconf 88' lang='lat' dir='ltr'><strong>paupertate</strong></span> <span class='ocrx_word' id='word_1_661' title='bbox 2695 3482 2751 3529; x_wconf 91' lang='lat' dir='ltr'><strong>et</strong></span> <span class='ocrx_word' id='word_1_662' title='bbox 2776 3475 2982 3530; x_wconf 87' lang='lat' dir='ltr'><strong>divitiis</strong></span> <span class='ocrx_word' id='word_1_663' title='bbox 3009 3475 3328 3545; x_wconf 86' lang='lat' dir='ltr'><strong>evangelice</strong></span> <span class='ocrx_word' id='word_1_664' title='bbox 3375 3483 3434 3530; x_wconf 84' lang='lat' dir='ltr'><strong>ut</strong></span> <span class='ocrx_word' id='word_1_665' title='bbox 3470 3491 3637 3546; x_wconf 86' lang='lat' dir='ltr'><strong>opor-</strong></span> 
     </span>
    </p>
   </div>
   <div class='ocr_carea' id='block_1_91' title="bbox 2057 3564 3636 3635">
    <p class='ocr_par' dir='ltr' id='par_1_91' title="bbox 2057 3564 3636 3635">
     <span class='ocr_line' id='line_1_92' title="bbox 2057 3564 3636 3635; baseline 0.002 -16"><span class='ocrx_word' id='word_1_666' title='bbox 2057 3565 2228 3630; x_wconf 86' lang='lat' dir='ltr'><strong>tebat,</strong></span> <span class='ocrx_word' id='word_1_667' title='bbox 2256 3572 2311 3620; x_wconf 88' lang='lat' dir='ltr'><strong>et</strong></span> <span class='ocrx_word' id='word_1_668' title='bbox 2343 3580 2443 3635; x_wconf 91' lang='lat' dir='ltr'><strong>pro</strong></span> <span class='ocrx_word' id='word_1_669' title='bbox 2472 3564 2569 3621; x_wconf 90' lang='lat' dir='ltr'><strong>Dei</strong></span> <span class='ocrx_word' id='word_1_670' title='bbox 2593 3566 2865 3635; x_wconf 88' lang='lat' dir='ltr'><strong>sapientia</strong></span> <span class='ocrx_word' id='word_1_671' title='bbox 2902 3566 2971 3621; x_wconf 87' lang='lat' dir='ltr'><strong>de</strong></span> <span class='ocrx_word' id='word_1_672' title='bbox 2992 3566 3111 3621; x_wconf 87' lang='lat' dir='ltr'><strong>heri</strong></span> <span class='ocrx_word' id='word_1_673' title='bbox 3160 3574 3217 3623; x_wconf 89' lang='lat' dir='ltr'><strong>et</strong></span> <span class='ocrx_word' id='word_1_674' title='bbox 3254 3567 3412 3623; x_wconf 37' lang='lat' dir='ltr'><strong>servi.</strong></span> <span class='ocrx_word' id='word_1_675' title='bbox 3440 3568 3636 3623; x_wconf 82' lang='lat' dir='ltr'><strong>condi-</strong></span> 
     </span>
    </p>
   </div>
   <div class='ocr_carea' id='block_1_92' title="bbox 2056 3657 3633 3727">
    <p class='ocr_par' dir='ltr' id='par_1_92' title="bbox 2056 3657 3633 3727">
     <span class='ocr_line' id='line_1_93' title="bbox 2056 3657 3633 3727; baseline 0.001 -16"><span class='ocrx_word' id='word_1_676' title='bbox 2056 3657 2208 3712; x_wconf 86' lang='lat' dir='ltr'><strong>tione</strong></span> <span class='ocrx_word' id='word_1_677' title='bbox 2260 3657 2331 3710; x_wconf 85' lang='lat' dir='ltr'><strong>ad</strong></span> <span class='ocrx_word' id='word_1_678' title='bbox 2390 3657 2734 3727; x_wconf 88' lang='lat' dir='ltr'><strong>spiritualcm</strong></span> <span class='ocrx_word' id='word_1_679' title='bbox 2802 3672 3053 3712; x_wconf 89' lang='lat' dir='ltr'><strong>normam</strong></span> <span class='ocrx_word' id='word_1_680' title='bbox 3117 3657 3332 3727; x_wconf 88' lang='lat' dir='ltr'><strong>judicat</strong></span> <span class='ocrx_word' id='word_1_681' title='bbox 3396 3659 3633 3714; x_wconf 80' lang='lat' dir='ltr'><strong>dicens:</strong></span> 
     </span>
    </p>
   </div>
   <div class='ocr_carea' id='block_1_93' title="bbox 2055 3745 3635 3815">
    <p class='ocr_par' dir='ltr' id='par_1_93' title="bbox 2055 3745 3635 3815">
     <span class='ocr_line' id='line_1_94' title="bbox 2055 3745 3635 3815; baseline 0.001 -16"><span class='ocrx_word' id='word_1_682' title='bbox 2055 3745 2191 3812; x_wconf 84' lang='lat' dir='ltr'><strong>Quis</strong></span> <span class='ocrx_word' id='word_1_683' title='bbox 2212 3753 2298 3801; x_wconf 88' lang='lat' dir='ltr'><strong>est</strong></span> <span class='ocrx_word' id='word_1_684' title='bbox 2327 3745 2498 3800; x_wconf 88' lang='lat' dir='ltr'><strong>herus</strong></span> <span class='ocrx_word' id='word_1_685' title='bbox 2527 3753 2582 3800; x_wconf 92' lang='lat' dir='ltr'><strong>et</strong></span> <span class='ocrx_word' id='word_1_686' title='bbox 2621 3747 2747 3815; x_wconf 90' lang='lat' dir='ltr'><strong>quis</strong></span> <span class='ocrx_word' id='word_1_687' title='bbox 2781 3754 2866 3801; x_wconf 89' lang='lat' dir='ltr'><strong>est</strong></span> <span class='ocrx_word' id='word_1_688' title='bbox 2892 3756 3087 3801; x_wconf 90' lang='lat' dir='ltr'><strong>natura</strong></span> <span class='ocrx_word' id='word_1_689' title='bbox 3113 3748 3335 3803; x_wconf 86' lang='lat' dir='ltr'><strong>servus?</strong></span> <span class='ocrx_word' id='word_1_690' title='bbox 3369 3763 3480 3802; x_wconf 91' lang='lat' dir='ltr'><strong>non</strong></span> <span class='ocrx_word' id='word_1_691' title='bbox 3502 3761 3635 3801; x_wconf 80' lang='lat' dir='ltr'><strong>con-</strong></span> 
     </span>
    </p>
   </div>
   <div class='ocr_carea' id='block_1_94' title="bbox 2055 3834 3637 3899">
    <p class='ocr_par' dir='ltr' id='par_1_94' title="bbox 2055 3834 3637 3899">
     <span class='ocr_line' id='line_1_95' title="bbox 2055 3834 3637 3899; baseline 0.001 -11"><span class='ocrx_word' id='word_1_692' title='bbox 2055 3834 2204 3890; x_wconf 89' lang='lat' dir='ltr'><strong>ditus</strong></span> <span class='ocrx_word' id='word_1_693' title='bbox 2242 3842 2327 3890; x_wconf 90' lang='lat' dir='ltr'><strong>est</strong></span> <span class='ocrx_word' id='word_1_694' title='bbox 2353 3834 2540 3899; x_wconf 86' lang='lat' dir='ltr'><strong>herus,</strong></span> <span class='ocrx_word' id='word_1_695' title='bbox 2566 3850 2667 3891; x_wconf 91' lang='lat' dir='ltr'><strong>nec</strong></span> <span class='ocrx_word' id='word_1_696' title='bbox 2700 3835 2953 3891; x_wconf 90' lang='lat' dir='ltr'><strong>conditus</strong></span> <span class='ocrx_word' id='word_1_697' title='bbox 2976 3842 3062 3891; x_wconf 88' lang='lat' dir='ltr'><strong>est</strong></span> <span class='ocrx_word' id='word_1_698' title='bbox 3077 3850 3272 3892; x_wconf 84' lang='lat' dir='ltr'><strong>servus</strong></span> <span class='ocrx_word' id='word_1_699' title='bbox 3322 3837 3392 3891; x_wconf 87' lang='lat' dir='ltr'><strong>ab</strong></span> <span class='ocrx_word' id='word_1_700' title='bbox 3437 3836 3637 3891; x_wconf 80' lang='lat' dir='ltr'><strong>initio:</strong></span> 
     </span>
    </p>
   </div>
   <div class='ocr_carea' id='block_1_95' title="bbox 2058 3918 3635 4000">
    <p class='ocr_par' dir='ltr' id='par_1_95' title="bbox 2058 3918 3635 4000">
     <span class='ocr_line' id='line_1_96' title="bbox 2058 3918 3635 4000; baseline -0.001 -17"><span class='ocrx_word' id='word_1_701' title='bbox 2058 3926 2233 3983; x_wconf 86' lang='lat' dir='ltr'><strong>sectio</strong></span> <span class='ocrx_word' id='word_1_702' title='bbox 2264 3926 2391 3984; x_wconf 85' lang='lat' dir='ltr'><strong>vilis</strong></span> <span class='ocrx_word' id='word_1_703' title='bbox 2423 3926 2551 3991; x_wconf 89' lang='lat' dir='ltr'><strong>ista,</strong></span> <span class='ocrx_word' id='word_1_704' title='bbox 2595 3927 2702 3983; x_wconf 84' lang='lat' dir='ltr'><strong>ista</strong></span> <span class='ocrx_word' id='word_1_705' title='bbox 2733 3927 2931 3983; x_wconf 87' lang='lat' dir='ltr'><strong>divisio</strong></span> <span class='ocrx_word' id='word_1_706' title='bbox 2964 3918 3292 4000; x_wconf 83' lang='lat' dir='ltr'><strong>tyrannica;</strong></span> <span class='ocrx_word' id='word_1_707' title='bbox 3323 3929 3466 3986; x_wconf 90' lang='lat' dir='ltr'><strong>sicut</strong></span> <span class='ocrx_word' id='word_1_708' title='bbox 3491 3927 3635 3983; x_wconf 88' lang='lat' dir='ltr'><strong>enim</strong></span> 
     </span>
    </p>
   </div>
   <div class='ocr_carea' id='block_1_96' title="bbox 2059 4017 3635 4098">
    <p class='ocr_par' dir='ltr' id='par_1_96' title="bbox 2059 4017 3635 4098">
     <span class='ocr_line' id='line_1_97' title="bbox 2059 4017 3635 4098; baseline -0.002 -23"><span class='ocrx_word' id='word_1_709' title='bbox 2059 4017 2318 4098; x_wconf 81' lang='lat' dir='ltr'><strong>omnibus</strong></span> <span class='ocrx_word' id='word_1_710' title='bbox 2361 4033 2509 4075; x_wconf 86' lang='lat' dir='ltr'><strong>unus</strong></span> <span class='ocrx_word' id='word_1_711' title='bbox 2541 4028 2595 4075; x_wconf 90' lang='lat' dir='ltr'><strong>et</strong></span> <span class='ocrx_word' id='word_1_712' title='bbox 2630 4017 2776 4098; x_wconf 83' lang='lat' dir='ltr'><strong>idem</strong></span> <span class='ocrx_word' id='word_1_713' title='bbox 2807 4020 3130 4090; x_wconf 89' lang='lat' dir='ltr'><strong>plasmator,</strong></span> <span class='ocrx_word' id='word_1_714' title='bbox 3169 4020 3279 4077; x_wconf 80' lang='lat' dir='ltr'><strong>una</strong></span> <span class='ocrx_word' id='word_1_715' title='bbox 3322 4020 3408 4077; x_wconf 82' lang='lat' dir='ltr'><strong>lex</strong></span> <span class='ocrx_word' id='word_1_716' title='bbox 3456 4019 3635 4075; x_wconf 63' lang='lat' dir='ltr'><strong>omni.</strong></span> 
     </span>
    </p>
   </div>
   <div class='ocr_carea' id='block_1_97' title="bbox 2059 4096 3639 4181">
    <p class='ocr_par' dir='ltr' id='par_1_97' title="bbox 2059 4096 3639 4181">
     <span class='ocr_line' id='line_1_98' title="bbox 2059 4096 3639 4181; baseline -0.001 -16"><span class='ocrx_word' id='word_1_717' title='bbox 2059 4096 2186 4174; x_wconf 79' lang='lat' dir='ltr'><strong>bus,</strong></span> <span class='ocrx_word' id='word_1_718' title='bbox 2214 4109 2484 4181; x_wconf 85' lang='lat' dir='ltr'><strong>judicium</strong></span> <span class='ocrx_word' id='word_1_719' title='bbox 2511 4096 2777 4167; x_wconf 18' lang='lat' dir='ltr'><strong>unum&#39;et</strong></span> <span class='ocrx_word' id='word_1_720' title='bbox 2803 4126 2908 4166; x_wconf 89' lang='lat' dir='ltr'><strong>una</strong></span> <span class='ocrx_word' id='word_1_721' title='bbox 2942 4121 3141 4168; x_wconf 86' lang='lat' dir='ltr'><strong>natura</strong></span> <span class='ocrx_word' id='word_1_722' title='bbox 3178 4113 3437 4168; x_wconf 81' lang='lat' dir='ltr'><strong>omnibus</strong></span> <span class='ocrx_word' id='word_1_723' title='bbox 3463 4111 3639 4165; x_wconf 78' lang='lat' dir='ltr'><strong>homi-</strong></span> 
     </span>
    </p>
   </div>
   <div class='ocr_carea' id='block_1_98' title="bbox 2059 4199 3637 4267">
    <p class='ocr_par' dir='ltr' id='par_1_98' title="bbox 2059 4199 3637 4267">
     <span class='ocr_line' id='line_1_99' title="bbox 2059 4199 3637 4267; baseline 0.001 -13"><span class='ocrx_word' id='word_1_724' title='bbox 2059 4200 2223 4254; x_wconf 88' lang='lat' dir='ltr'><strong>nibus</strong></span> <span class='ocrx_word' id='word_1_725' title='bbox 2248 4201 2462 4267; x_wconf 88' lang='lat' dir='ltr'><strong>eadem,</strong></span> <span class='ocrx_word' id='word_1_726' title='bbox 2498 4199 2579 4257; x_wconf 92' lang='lat' dir='ltr'><strong>sic</strong></span> <span class='ocrx_word' id='word_1_727' title='bbox 2608 4210 2661 4256; x_wconf 91' lang='lat' dir='ltr'><strong>et</strong></span> <span class='ocrx_word' id='word_1_728' title='bbox 2688 4202 2832 4258; x_wconf 88' lang='lat' dir='ltr'><strong>servi</strong></span> <span class='ocrx_word' id='word_1_729' title='bbox 2863 4217 3056 4258; x_wconf 89' lang='lat' dir='ltr'><strong>omnes</strong></span> <span class='ocrx_word' id='word_1_730' title='bbox 3089 4202 3343 4256; x_wconf 87' lang='lat' dir='ltr'><strong>similiter</strong></span> <span class='ocrx_word' id='word_1_731' title='bbox 3387 4200 3637 4255; x_wconf 85' lang='lat' dir='ltr'><strong>homines</strong></span> 
     </span>
    </p>
   </div>
   <div class='ocr_carea' id='block_1_99' title="bbox 2061 4288 3635 4347">
    <p class='ocr_par' dir='ltr' id='par_1_99' title="bbox 2061 4288 3635 4347">
     <span class='ocr_line' id='line_1_100' title="bbox 2061 4288 3635 4347; baseline 0.001 -3"><span class='ocrx_word' id='word_1_732' title='bbox 2061 4292 2165 4346; x_wconf 90' lang='lat' dir='ltr'><strong>sub</strong></span> <span class='ocrx_word' id='word_1_733' title='bbox 2188 4305 2297 4345; x_wconf 92' lang='lat' dir='ltr'><strong>uno</strong></span> <span class='ocrx_word' id='word_1_734' title='bbox 2320 4289 2666 4347; x_wconf 86' lang='lat' dir='ltr'><strong>Plasmatore</strong></span> <span class='ocrx_word' id='word_1_735' title='bbox 2689 4299 2743 4346; x_wconf 91' lang='lat' dir='ltr'><strong>et</strong></span> <span class='ocrx_word' id='word_1_736' title='bbox 2758 4291 2991 4346; x_wconf 86' lang='lat' dir='ltr'><strong>Domino</strong></span> <span class='ocrx_word' id='word_1_737' title='bbox 3020 4291 3307 4347; x_wconf 90' lang='lat' dir='ltr'><strong>constituti</strong></span> <span class='ocrx_word' id='word_1_738' title='bbox 3343 4297 3473 4347; x_wconf 90' lang='lat' dir='ltr'><strong>sunt</strong></span> <span class='ocrx_word' id='word_1_739' title='bbox 3504 4288 3635 4345; x_wconf 84' lang='lat' dir='ltr'><strong>Deo.</strong></span> 
     </span>
    </p>
   </div>
   <div class='ocr_carea' id='block_1_100' title="bbox 2063 4380 3641 4461">
    <p class='ocr_par' dir='ltr' id='par_1_100' title="bbox 2063 4380 3641 4461">
     <span class='ocr_line' id='line_1_101' title="bbox 2063 4380 3641 4461; baseline -0.001 -26"><span class='ocrx_word' id='word_1_740' title='bbox 2063 4380 2145 4435; x_wconf 90' lang='lat' dir='ltr'><strong>Tu</strong></span> <span class='ocrx_word' id='word_1_741' title='bbox 2177 4396 2331 4453; x_wconf 89' lang='lat' dir='ltr'><strong>ergo,</strong></span> <span class='ocrx_word' id='word_1_742' title='bbox 2351 4380 2486 4436; x_wconf 92' lang='lat' dir='ltr'><strong>dicit</strong></span> <span class='ocrx_word' id='word_1_743' title='bbox 2504 4381 2729 4461; x_wconf 62' lang='lat' dir='ltr'><strong>optima;</strong></span> <span class='ocrx_word' id='word_1_744' title='bbox 2760 4381 3121 4453; x_wconf 68' lang='lat' dir='ltr'><strong>philosophiae</strong></span> <span class='ocrx_word' id='word_1_745' title='bbox 3156 4390 3211 4438; x_wconf 93' lang='lat' dir='ltr'><strong>et</strong></span> <span class='ocrx_word' id='word_1_746' title='bbox 3241 4382 3490 4437; x_wconf 89' lang='lat' dir='ltr'><strong>veritatis</strong></span> <span class='ocrx_word' id='word_1_747' title='bbox 3523 4397 3641 4438; x_wconf 88' lang='lat' dir='ltr'><strong>ser-</strong></span> 
     </span>
    </p>
   </div>
   <div class='ocr_carea' id='block_1_101' title="bbox 2068 4471 3638 4540">
    <p class='ocr_par' dir='ltr' id='par_1_101' title="bbox 2068 4471 3638 4540">
     <span class='ocr_line' id='line_1_102' title="bbox 2068 4471 3638 4540; baseline 0.001 -14"><span class='ocrx_word' id='word_1_748' title='bbox 2068 4486 2295 4527; x_wconf 88' lang='lat' dir='ltr'><strong>monum</strong></span> <span class='ocrx_word' id='word_1_749' title='bbox 2327 4481 2557 4540; x_wconf 88' lang='lat' dir='ltr'><strong>amator,</strong></span> <span class='ocrx_word' id='word_1_750' title='bbox 2603 4486 2634 4527; x_wconf 93' lang='lat' dir='ltr'><strong>a</strong></span> <span class='ocrx_word' id='word_1_751' title='bbox 2680 4471 2901 4528; x_wconf 78' lang='lat' dir='ltr'><strong>famulis</strong></span> <span class='ocrx_word' id='word_1_752' title='bbox 2938 4473 3429 4529; x_wconf 87' lang='lat' dir='ltr'><strong>circumstantibus</strong></span> <span class='ocrx_word' id='word_1_753' title='bbox 3473 4473 3638 4527; x_wconf 65' lang='lat' dir='ltr'><strong>mini~</strong></span> 
     </span>
    </p>
   </div>
   <div class='ocr_carea' id='block_1_102' title="bbox 2067 4561 3641 4633">
    <p class='ocr_par' dir='ltr' id='par_1_102' title="bbox 2067 4561 3641 4633">
     <span class='ocr_line' id='line_1_103' title="bbox 2067 4561 3641 4633; baseline 0 -15"><span class='ocrx_word' id='word_1_754' title='bbox 2067 4568 2296 4625; x_wconf 87' lang='lat' dir='ltr'><strong>stratus.</strong></span> <span class='ocrx_word' id='word_1_755' title='bbox 2327 4577 2398 4618; x_wconf 91' lang='lat' dir='ltr'><strong>ne</strong></span> <span class='ocrx_word' id='word_1_756' title='bbox 2424 4562 2523 4617; x_wconf 90' lang='lat' dir='ltr'><strong>tibi</strong></span> <span class='ocrx_word' id='word_1_757' title='bbox 2554 4561 2773 4633; x_wconf 89' lang='lat' dir='ltr'><strong>quidem</strong></span> <span class='ocrx_word' id='word_1_758' title='bbox 2819 4563 2936 4619; x_wconf 89' lang='lat' dir='ltr'><strong>heri</strong></span> <span class='ocrx_word' id='word_1_759' title='bbox 2978 4564 3372 4630; x_wconf 89' lang='lat' dir='ltr'><strong>conditionem,</strong></span> <span class='ocrx_word' id='word_1_760' title='bbox 3406 4563 3513 4618; x_wconf 80' lang='lat' dir='ltr'><strong>iilis</strong></span> <span class='ocrx_word' id='word_1_761' title='bbox 3543 4579 3641 4618; x_wconf 82' lang='lat' dir='ltr'><strong>au-</strong></span> 
     </span>
    </p>
   </div>
   <div class='ocr_carea' id='block_1_103' title="bbox 2067 4651 3641 4724">
    <p class='ocr_par' dir='ltr' id='par_1_103' title="bbox 2067 4651 3641 4724">
     <span class='ocr_line' id='line_1_104' title="bbox 2067 4651 3641 4724; baseline 0.002 -18"><span class='ocrx_word' id='word_1_762' title='bbox 2067 4659 2176 4707; x_wconf 87' lang='lat' dir='ltr'><strong>tem</strong></span> <span class='ocrx_word' id='word_1_763' title='bbox 2220 4651 2543 4707; x_wconf 80' lang='lat' dir='ltr'><strong>famulatum</strong></span> <span class='ocrx_word' id='word_1_764' title='bbox 2587 4666 2901 4718; x_wconf 86' lang='lat' dir='ltr'><strong>reservans,</strong></span> <span class='ocrx_word' id='word_1_765' title='bbox 2949 4655 3139 4709; x_wconf 80' lang='lat' dir='ltr'><strong>extolli</strong></span> <span class='ocrx_word' id='word_1_766' title='bbox 3183 4669 3350 4724; x_wconf 89' lang='lat' dir='ltr'><strong>supra</strong></span> <span class='ocrx_word' id='word_1_767' title='bbox 3397 4654 3449 4709; x_wconf 92' lang='lat' dir='ltr'><strong>id</strong></span> <span class='ocrx_word' id='word_1_768' title='bbox 3491 4655 3641 4724; x_wconf 90' lang='lat' dir='ltr'><strong>quod</strong></span> 
     </span>
    </p>
   </div>
   <div class='ocr_carea' id='block_1_104' title="bbox 2070 4741 3643 4813">
    <p class='ocr_par' dir='ltr' id='par_1_104' title="bbox 2070 4741 3643 4813">
     <span class='ocr_line' id='line_1_105' title="bbox 2070 4741 3643 4813; baseline 0.001 -15"><span class='ocrx_word' id='word_1_769' title='bbox 2070 4750 2286 4813; x_wconf 83' lang='lat' dir='ltr'><strong>Oportet</strong></span> <span class='ocrx_word' id='word_1_770' title='bbox 2323 4741 2695 4808; x_wconf 82' lang='lat' dir='ltr'><strong>audeas,ante</strong></span> <span class='ocrx_word' id='word_1_771' title='bbox 2727 4758 3075 4799; x_wconf 90' lang='lat' dir='ltr'><strong>communem</strong></span> <span class='ocrx_word' id='word_1_772' title='bbox 3112 4745 3496 4799; x_wconf 88' lang='lat' dir='ltr'><strong>universorum</strong></span> <span class='ocrx_word' id='word_1_773' title='bbox 3538 4743 3643 4800; x_wconf 86' lang='lat' dir='ltr'><strong>Do-</strong></span> 
     </span>
    </p>
   </div>
   <div class='ocr_carea' id='block_1_105' title="bbox 2068 4832 3642 4904">
    <p class='ocr_par' dir='ltr' id='par_1_105' title="bbox 2068 4832 3642 4904">
     <span class='ocr_line' id='line_1_106' title="bbox 2068 4832 3642 4904; baseline 0.001 -16"><span class='ocrx_word' id='word_1_774' title='bbox 2068 4836 2280 4888; x_wconf 88' lang='lat' dir='ltr'><strong>minum</strong></span> <span class='ocrx_word' id='word_1_775' title='bbox 2304 4832 2631 4904; x_wconf 89' lang='lat' dir='ltr'><strong>insipienter</strong></span> <span class='ocrx_word' id='word_1_776' title='bbox 2663 4832 2934 4904; x_wconf 86' lang='lat' dir='ltr'><strong>cogitans,</strong></span> <span class='ocrx_word' id='word_1_777' title='bbox 2984 4833 3081 4889; x_wconf 90' lang='lat' dir='ltr'><strong>sed</strong></span> <span class='ocrx_word' id='word_1_778' title='bbox 3118 4833 3257 4889; x_wconf 88' lang='lat' dir='ltr'><strong>bene</strong></span> <span class='ocrx_word' id='word_1_779' title='bbox 3297 4833 3541 4889; x_wconf 86' lang='lat' dir='ltr'><strong>sentiens</strong></span> <span class='ocrx_word' id='word_1_780' title='bbox 3580 4844 3642 4889; x_wconf 87' lang='lat' dir='ltr'><strong>ut</strong></span> 
     </span>
    </p>
   </div>
   <div class='ocr_carea' id='block_1_106' title="bbox 2072 4924 3643 4997">
    <p class='ocr_par' dir='ltr' id='par_1_106' title="bbox 2072 4924 3643 4997">
     <span class='ocr_line' id='line_1_107' title="bbox 2072 4924 3643 4997; baseline -0.001 -16"><span class='ocrx_word' id='word_1_781' title='bbox 2072 4925 2292 4996; x_wconf 88' lang='lat' dir='ltr'><strong>sapiens</strong></span> <span class='ocrx_word' id='word_1_782' title='bbox 2328 4929 2407 4983; x_wconf 89' lang='lat' dir='ltr'><strong>sis</strong></span> <span class='ocrx_word' id='word_1_783' title='bbox 2436 4937 2490 4982; x_wconf 90' lang='lat' dir='ltr'><strong>et</strong></span> <span class='ocrx_word' id='word_1_784' title='bbox 2514 4927 2748 4997; x_wconf 80' lang='lat' dir='ltr'><strong>teipsum</strong></span> <span class='ocrx_word' id='word_1_785' title='bbox 2771 4926 3014 4987; x_wconf 85' lang='lat' dir='ltr'><strong>noveris,</strong></span> <span class='ocrx_word' id='word_1_786' title='bbox 3037 4939 3230 4980; x_wconf 84' lang='lat' dir='ltr'><strong>omnes</strong></span> <span class='ocrx_word' id='word_1_787' title='bbox 3256 4924 3643 4980; x_wconf 86' lang='lat' dir='ltr'><strong>ministrantes</strong></span> 
     </span>
    </p>
   </div>
   <div class='ocr_carea' id='block_1_107' title="bbox 2069 5016 3643 5088">
    <p class='ocr_par' dir='ltr' id='par_1_107' title="bbox 2069 5016 3643 5088">
     <span class='ocr_line' id='line_1_108' title="bbox 2069 5016 3643 5088; baseline 0 -15"><span class='ocrx_word' id='word_1_788' title='bbox 2069 5019 2169 5073; x_wconf 88' lang='lat' dir='ltr'><strong>tibi</strong></span> <span class='ocrx_word' id='word_1_789' title='bbox 2218 5031 2522 5075; x_wconf 84' lang='lat' dir='ltr'><strong>conservos</strong></span> <span class='ocrx_word' id='word_1_790' title='bbox 2562 5027 2620 5073; x_wconf 85' lang='lat' dir='ltr'><strong>et</strong></span> <span class='ocrx_word' id='word_1_791' title='bbox 2665 5023 2866 5072; x_wconf 89' lang='lat' dir='ltr'><strong>natura</strong></span> <span class='ocrx_word' id='word_1_792' title='bbox 2910 5016 3028 5088; x_wconf 88' lang='lat' dir='ltr'><strong>pari</strong></span> <span class='ocrx_word' id='word_1_793' title='bbox 3073 5016 3281 5073; x_wconf 90' lang='lat' dir='ltr'><strong>honore</strong></span> <span class='ocrx_word' id='word_1_794' title='bbox 3322 5017 3520 5088; x_wconf 89' lang='lat' dir='ltr'><strong>dignos</strong></span> <span class='ocrx_word' id='word_1_795' title='bbox 3561 5018 3643 5073; x_wconf 84' lang='lat' dir='ltr'><strong>vi-</strong></span> 
     </span>
    </p>
   </div>
   <div class='ocr_carea' id='block_1_108' title="bbox 2068 5106 3645 5177">
    <p class='ocr_par' dir='ltr' id='par_1_108' title="bbox 2068 5106 3645 5177">
     <span class='ocr_line' id='line_1_109' title="bbox 2068 5106 3645 5177; baseline -0.001 -13"><span class='ocrx_word' id='word_1_796' title='bbox 2068 5108 2228 5173; x_wconf 83' lang='lat' dir='ltr'><strong>dens,</strong></span> <span class='ocrx_word' id='word_1_797' title='bbox 2256 5107 2533 5163; x_wconf 88' lang='lat' dir='ltr'><strong>consociis</strong></span> <span class='ocrx_word' id='word_1_798' title='bbox 2569 5107 2624 5162; x_wconf 91' lang='lat' dir='ltr'><strong>in</strong></span> <span class='ocrx_word' id='word_1_799' title='bbox 2667 5122 2833 5177; x_wconf 89' lang='lat' dir='ltr'><strong>opere</strong></span> <span class='ocrx_word' id='word_1_800' title='bbox 2869 5117 2925 5163; x_wconf 89' lang='lat' dir='ltr'><strong>et</strong></span> <span class='ocrx_word' id='word_1_801' title='bbox 2969 5108 3196 5163; x_wconf 88' lang='lat' dir='ltr'><strong>servitio</strong></span> <span class='ocrx_word' id='word_1_802' title='bbox 3242 5115 3399 5163; x_wconf 89' lang='lat' dir='ltr'><strong>utere</strong></span> <span class='ocrx_word' id='word_1_803' title='bbox 3436 5106 3504 5162; x_wconf 88' lang='lat' dir='ltr'><strong>ad</strong></span> <span class='ocrx_word' id='word_1_804' title='bbox 3545 5123 3645 5163; x_wconf 88' lang='lat' dir='ltr'><strong>vo-</strong></span> 
     </span>
    </p>
   </div>
   <div class='ocr_carea' id='block_1_109' title="bbox 2074 5195 3644 5269">
    <p class='ocr_par' dir='ltr' id='par_1_109' title="bbox 2074 5195 3644 5269">
     <span class='ocr_line' id='line_1_110' title="bbox 2074 5195 3644 5269; baseline 0.001 -17"><span class='ocrx_word' id='word_1_805' title='bbox 2074 5197 2301 5253; x_wconf 88' lang='lat' dir='ltr'><strong>luntatis</strong></span> <span class='ocrx_word' id='word_1_806' title='bbox 2342 5195 2637 5252; x_wconf 75' lang='lat' dir='ltr'><strong>Dominicae</strong></span> <span class='ocrx_word' id='word_1_807' title='bbox 2685 5196 3113 5253; x_wconf 84' lang='lat' dir='ltr'><strong>observantiam.</strong></span> <span class='ocrx_word' id='word_1_808' title='bbox 3154 5195 3232 5254; x_wconf 86' lang='lat' dir='ltr'><strong>Ne</strong></span> <span class='ocrx_word' id='word_1_809' title='bbox 3275 5213 3408 5269; x_wconf 86' lang='lat' dir='ltr'><strong>ergo</strong></span> <span class='ocrx_word' id='word_1_810' title='bbox 3460 5213 3644 5254; x_wconf 86' lang='lat' dir='ltr'><strong>mores</strong></span> 
     </span>
    </p>
   </div>
   <div class='ocr_carea' id='block_1_110' title="bbox 2074 5288 3643 5358">
    <p class='ocr_par' dir='ltr' id='par_1_110' title="bbox 2074 5288 3643 5358">
     <span class='ocr_line' id='line_1_111' title="bbox 2074 5288 3643 5358; baseline -0.002 -13"><span class='ocrx_word' id='word_1_811' title='bbox 2074 5289 2291 5345; x_wconf 82' lang='lat' dir='ltr'><strong>nobiles</strong></span> <span class='ocrx_word' id='word_1_812' title='bbox 2317 5298 2371 5344; x_wconf 88' lang='lat' dir='ltr'><strong>et</strong></span> <span class='ocrx_word' id='word_1_813' title='bbox 2399 5288 2469 5343; x_wconf 93' lang='lat' dir='ltr'><strong>ob</strong></span> <span class='ocrx_word' id='word_1_814' title='bbox 2490 5288 2701 5358; x_wconf 77' lang='lat' dir='ltr'><strong>praxim</strong></span> <span class='ocrx_word' id='word_1_815' title='bbox 2732 5296 2787 5343; x_wconf 90' lang='lat' dir='ltr'><strong>ct</strong></span> <span class='ocrx_word' id='word_1_816' title='bbox 2828 5288 3331 5346; x_wconf 86' lang='lat' dir='ltr'><strong>considerationem</strong></span> <span class='ocrx_word' id='word_1_817' title='bbox 3365 5288 3643 5358; x_wconf 75' lang='lat' dir='ltr'><strong>egregiam</strong></span> 
     </span>
    </p>
   </div>
   <div class='ocr_carea' id='block_1_111' title="bbox 2074 5378 3644 5450">
    <p class='ocr_par' dir='ltr' id='par_1_111' title="bbox 2074 5378 3644 5450">
     <span class='ocr_line' id='line_1_112' title="bbox 2074 5378 3644 5450; baseline -0.003 -14"><span class='ocrx_word' id='word_1_818' title='bbox 2074 5381 2314 5436; x_wconf 88' lang='lat' dir='ltr'><strong>indolem</strong></span> <span class='ocrx_word' id='word_1_819' title='bbox 2361 5389 2417 5437; x_wconf 90' lang='lat' dir='ltr'><strong>et</strong></span> <span class='ocrx_word' id='word_1_820' title='bbox 2467 5379 2675 5435; x_wconf 90' lang='lat' dir='ltr'><strong>honore</strong></span> <span class='ocrx_word' id='word_1_821' title='bbox 2714 5378 2935 5450; x_wconf 88' lang='lat' dir='ltr'><strong>dignam</strong></span> <span class='ocrx_word' id='word_1_822' title='bbox 3006 5388 3134 5436; x_wconf 90' lang='lat' dir='ltr'><strong>ante</strong></span> <span class='ocrx_word' id='word_1_823' title='bbox 3178 5378 3560 5435; x_wconf 90' lang='lat' dir='ltr'><strong>liberationem</strong></span> <span class='ocrx_word' id='word_1_824' title='bbox 3614 5392 3644 5432; x_wconf 75' lang='grc' dir='ltr'><strong>ιι</strong></span> 
     </span>
    </p>
   </div>
   <div class='ocr_carea' id='block_1_112' title="bbox 2076 5471 3646 5543">
    <p class='ocr_par' dir='ltr' id='par_1_112' title="bbox 2076 5471 3646 5543">
     <span class='ocr_line' id='line_1_113' title="bbox 2076 5471 3646 5543; baseline -0.002 -16"><span class='ocrx_word' id='word_1_825' title='bbox 2076 5488 2327 5543; x_wconf 89' lang='lat' dir='ltr'><strong>corpore,</strong></span> <span class='ocrx_word' id='word_1_826' title='bbox 2368 5481 2422 5529; x_wconf 88' lang='lat' dir='ltr'><strong>et</strong></span> <span class='ocrx_word' id='word_1_827' title='bbox 2473 5479 2767 5542; x_wconf 86' lang='lat' dir='ltr'><strong>antequam</strong></span> <span class='ocrx_word' id='word_1_828' title='bbox 2810 5473 3099 5527; x_wconf 90' lang='lat' dir='ltr'><strong>victoriam</strong></span> <span class='ocrx_word' id='word_1_829' title='bbox 3162 5471 3429 5526; x_wconf 88' lang='lat' dir='ltr'><strong>adversus</strong></span> <span class='ocrx_word' id='word_1_830' title='bbox 3484 5485 3646 5526; x_wconf 85' lang='lat' dir='ltr'><strong>mun-</strong></span> 
     </span>
    </p>
   </div>
   <div class='ocr_carea' id='block_1_113' title="bbox 2082 5565 3645 5638">
    <p class='ocr_par' dir='ltr' id='par_1_113' title="bbox 2082 5565 3645 5638">
     <span class='ocr_line' id='line_1_114' title="bbox 2082 5565 3645 5638; baseline -0.003 -14"><span class='ocrx_word' id='word_1_831' title='bbox 2082 5568 2212 5625; x_wconf 85' lang='lat' dir='ltr'><strong>dum</strong></span> <span class='ocrx_word' id='word_1_832' title='bbox 2247 5567 2629 5638; x_wconf 88' lang='lat' dir='ltr'><strong>consequaris,</strong></span> <span class='ocrx_word' id='word_1_833' title='bbox 2679 5583 2790 5638; x_wconf 67' lang='lat' dir='ltr'><strong>prae</strong></span> <span class='ocrx_word' id='word_1_834' title='bbox 2825 5578 2877 5624; x_wconf 92' lang='lat' dir='ltr'><strong>te</strong></span> <span class='ocrx_word' id='word_1_835' title='bbox 2923 5567 3070 5624; x_wconf 79' lang='lat' dir='ltr'><strong>ferre</strong></span> <span class='ocrx_word' id='word_1_836' title='bbox 3108 5567 3309 5638; x_wconf 84' lang='lat' dir='ltr'><strong>jactes,</strong></span> <span class='ocrx_word' id='word_1_837' title='bbox 3357 5573 3411 5621; x_wconf 90' lang='lat' dir='ltr'><strong>ct</strong></span> <span class='ocrx_word' id='word_1_838' title='bbox 3452 5565 3645 5622; x_wconf 78' lang='lat' dir='ltr'><strong>intem-</strong></span> 
     </span>
    </p>
   </div>
   <div class='ocr_carea' id='block_1_114' title="bbox 462 5725 3644 5806">
    <p class='ocr_par' dir='ltr' id='par_1_114' title="bbox 462 5725 3644 5806">
     <span class='ocr_line' id='line_1_115' title="bbox 462 5725 3644 5806; baseline -0.001 -21"><span class='ocrx_word' id='word_1_839' title='bbox 462 5732 689 5806; x_wconf 67' lang='grc' dir='ltr'><strong>(ηιω.</strong></span> <span class='ocrx_word' id='word_1_840' title='bbox 722 5734 861 5792; x_wconf 82' lang='lat' dir='ltr'><strong>Ven.</strong></span> <span class='ocrx_word' id='word_1_841' title='bbox 898 5730 1064 5794; x_wconf 87' lang='lat' dir='ltr'><strong>Basil.</strong></span> <span class='ocrx_word' id='word_1_842' title='bbox 1109 5733 1300 5792; x_wconf 84' lang='lat' dir='ltr'><strong>Colon.</strong></span> <span class='ocrx_word' id='word_1_843' title='bbox 1338 5731 1433 5805; x_wconf 90' lang='lat' dir='ltr'><strong>[ct</strong></span> <span class='ocrx_word' id='word_1_844' title='bbox 1462 5730 1663 5790; x_wconf 82' lang='lat' dir='ltr'><strong>Bencd.</strong></span> <span class='ocrx_word' id='word_1_845' title='bbox 1686 5730 1713 5806; x_wconf 89' lang='lat'><strong>]_</strong></span> <span class='ocrx_word' id='word_1_846' title='bbox 1744 5731 1816 5787; x_wconf 81' lang='grc' dir='ltr'><strong>τί.</strong></span> <span class='ocrx_word' id='word_1_847' title='bbox 1849 5730 1973 5787; x_wconf 86' lang='lat' dir='ltr'><strong>Ald.</strong></span> <span class='ocrx_word' id='word_1_848' title='bbox 2009 5729 2199 5787; x_wconf 72' lang='lat' dir='ltr'><strong>Venet.</strong></span> <span class='ocrx_word' id='word_1_849' title='bbox 2234 5735 2289 5784; x_wconf 91' lang='lat' dir='ltr'><strong>et</strong></span> <span class='ocrx_word' id='word_1_850' title='bbox 2329 5725 2495 5784; x_wconf 88' lang='lat' dir='ltr'><strong>Basil.</strong></span> <span class='ocrx_word' id='word_1_851' title='bbox 2527 5727 2560 5799; x_wconf 76' lang='grc' dir='ltr'><strong>ἦ</strong></span> <span class='ocrx_word' id='word_1_852' title='bbox 2591 5742 2688 5800; x_wconf 86' lang='lat' dir='ltr'><strong>pro</strong></span> <span class='ocrx_word' id='word_1_853' title='bbox 2724 5728 2779 5800; x_wconf 79' lang='grc' dir='ltr'><strong>ἡ,</strong></span> <span class='ocrx_word' id='word_1_854' title='bbox 2810 5733 2865 5785; x_wconf 81' lang='lat' dir='ltr'><strong>et</strong></span> <span class='ocrx_word' id='word_1_855' title='bbox 2893 5735 3015 5800; x_wconf 89' lang='lat' dir='ltr'><strong>post</strong></span> <span class='ocrx_word' id='word_1_856' title='bbox 3042 5741 3093 5785; x_wconf 87' lang='lat' dir='ltr'><strong>v.</strong></span> <span class='ocrx_word' id='word_1_857' title='bbox 3130 5726 3270 5800; x_wconf 83' lang='grc' dir='ltr'><strong>τομή</strong></span> <span class='ocrx_word' id='word_1_858' title='bbox 3310 5734 3437 5783; x_wconf 87' lang='lat' dir='ltr'><strong>nota</strong></span> <span class='ocrx_word' id='word_1_859' title='bbox 3474 5725 3644 5783; x_wconf 74' lang='lat' dir='ltr'><strong>inter-</strong></span> 
     </span>
    </p>
   </div>
   <div class='ocr_carea' id='block_1_115' title="bbox 372 5804 707 5875">
    <p class='ocr_par' dir='ltr' id='par_1_115' title="bbox 372 5804 707 5875">
     <span class='ocr_line' id='line_1_116' title="bbox 372 5804 707 5875; baseline -0.006 -12"><span class='ocrx_word' id='word_1_860' title='bbox 372 5804 707 5875; x_wconf 69' lang='lat' dir='ltr'><strong>rogationis.</strong></span> 
     </span>
    </p>
   </div>
  </div>
