4030 6232
423 284 529 343 819

420 405 628 476 pestive
700 407 942 479 glorians
1003 408 1058 464 in
1107 408 1471 480 abjectionem
1526 410 1835 483 dejiciaris,
1888 413 1987 469 sed

420 495 639 564 quando
669 496 737 553 de
776 498 1127 555 ubviantibus
1170 502 1533 570 corporaliter
1581 503 1884 560 obstaculis
1934 513 1990 560 et

420 586 804 655 Spiritualibus
833 590 1053 644 malitia:
1080 592 1519 660 oppositionibus
1551 593 1729 648 victor
1751 594 1989 651 evadeus

420 676 633 732 solutus
673 676 864 746 fueris,
908 688 1037 737 tunc
1080 681 1149 736 ad
1184 681 1352 736 Deum
1392 684 1580 740 venies
1620 685 1793 756 gloria
1832 686 1992 741 deco-

420 778 571 822 ratus
603 784 819 839 magna.

420 876 518 929 157
561 876 710 932 Servi
762 889 939 935 autem
984 881 1131 950 quid,
1170 898 1234 936 ac
1251 883 1539 954 -prwcipue
1577 884 1667 953 qui
1854 888 1993 1005 segni

1752 971 1847 1006 sun
1893 996 1907 1010 .

1752 965 1907 1010 suut2

488 1052 784 1124 Postquam
820 1061 987 1127 legem
1021 1059 1187 1114 dictis
1208 1059 1447 1115 dominis
1479 1062 1990 1133 posuit,humiliare

418 1158 478 1197 se
505 1152 559 1198 et
591 1147 873 1203 conservis
910 1148 989 1201 uti
1025 1147 1267 1214 famulis,
1302 1150 1542 1206 scientes
1584 1152 1734 1221 quod
1775 1162 1831 1207 et
1881 1155 1987 1224 ipsi

417 1235 709 1292 Dominum
746 1240 948 1295 habent
980 1242 1035 1295 in
1083 1241 1260 1308 ccelis,
1293 1251 1353 1297 ut
1392 1242 1481 1298 isti
1527 1242 1656 1297 talia
1702 1245 1989 1304 audientes

416 1329 560 1383 sicut
600 1333 720 1400 pari
750 1332 946 1402 dignos
992 1334 1200 1388 honore
1238 1349 1347 1388 non
1383 1334 1671 1405 insurgant
1716 1337 1772 1390 in
1808 1336 1980 1392 domi-

415 1437 537 1486 nos,
565 1423 697 1490 quid
732 1423 798 1477 de
840 1425 1100 1481 famulis?
1147 1442 1245 1496 pro
1293 1426 1450 1482 vobis
1492 1427 1638 1481 enim
1680 1428 1988 1497 spiritualis

416 1511 694 1586 legislator
740 1529 1050 1571 sermonem
1094 1517 1386 1589 protrahit.
1433 1517 1575 1583 Quid
1623 1534 1755 1590 ergo
1794 1529 1986 1586 vos,et

413 1605 719 1670 prmsertim
747 1608 838 1675 qui
872 1606 965 1661 Dei
996 1610 1140 1663 servi
1172 1624 1295 1663 esse
1321 1608 1534 1665 vultis?
1560 1625 1670 1664 non
1696 1611 1985 1681 indignum

410 1690 767 1757 iudicandum
800 1702 884 1748 est
913 1695 1157 1749 dominis
1179 1698 1385 1750 servire
1408 1712 1421 1761 ;
1441 1704 1494 1750 et
1512 1696 1644 1749 illud
1670 1698 1989 1767 quomodo?

412 1795 521 1833 non
557 1782 621 1835 ad
675 1783 895 1837 oculum
953 1784 1272 1840 obedientcs
1309 1787 1453 1841 sicut
1500 1787 1815 1843 hominibus
1870 1789 1986 1857 pla-

411 1880 619 1937 centes,
648 1874 744 1928 sed
767 1890 837 1929 ex.
863 1876 1050 1929 animo
1094 1891 1219 1929 cum
1262 1876 1429 1931 corde
1485 1877 1750 1933 benevolo
1780 1886 1835 1935 et
1860 1876 1981 1946 fide,

409 1960 712 2014 secundum
746 1963 1109 2030 apostolicum
1143 1966 1548 2036 prmscriptum,
1576 1965 1722 2022 sicut
1752 1965 1985 2022 Domino

408 2059 464 2107 et
498 2068 609 2107 non
648 2055 987 2121 hominibus,
1020 2059 1103 2114 sic
1146 2060 1389 2117 dominis
1424 2063 1625 2119 vestris
1675 2063 1984 2120 inservien-

408 2152 516 2198 tem
543 2146 805 2201 honorem
829 2156 884 2202 et
916 2147 1241 2204 famulatum
1272 2151 1420 2217 date,
1456 2168 1559 2208 nec
1584 2154 1981 2209 exhibitiouem

409 2232 706 2292 famulatus
736 2238 1080 2306 erubescite;
1114 2241 1350 2297 liberum
1382 2244 1529 2299 enim
1557 2254 1611 2300 et
1639 2260 1859 2301 servum
1897 2248 1982 2302 lex

407 2326 631 2397 dirigit:
665 2330 759 2399 qui
791 2330 1155 2400 dispositione
1190 2334 1387 2389 anima:
1415 2351 1539 2406 quae
1579 2336 1803 2393 Chriéto
1851 2354 1983 2393 con-

407 2420 591 2473 veniat
618 2428 672 2476 et
694 2422 927 2477 consilio
956 2438 1123 2494 agens
1146 2427 1295 2496 quod
1332 2426 1441 2483 Deo
1473 2430 1978 2498 conveniat,coram

384 2508 517 2564 'Deo
549 2521 602 2565 et
621 2512 938 2571 hominibus
969 2516 1113 2571 bona
1144 2517 1463 2583 meditatur,
1500 2521 1590 2576 ille
1623 2522 1806 2593 reipsa
1839 2524 1977 2577 liber

403 2607 525 2667 est;
555 2604 649 2673 qui
678 2614 863 2661 autem
904 2622 1028 2662 cum
1073 2607 1199 2663 dolo
1229 2619 1283 2664 et
1318 2612 1525 2666 malitia
1563 2613 1731 2667 vitam
1774 2615 1981 2684 degens

404 2707 582 2759 suam,
640 2703 831 2753 contra
890 2696 1061 2753 Deum
1090 2707 1144 2754 et
1186 2699 1438 2757 homines
1484 2711 1674 2772 peccat
1732 2712 1980 2761 contem-

404 2790 548 2851 ptor,
578 2783 669 2840 hic
698 2801 823 2841 vere
873 2801 1068 2842 servus
1105 2795 1191 2843 est
1237 2790 1609 2859 castigandus.
1658 2791 1829 2861 Igitur
1870 2806 1978 2847 non

406 2874 606 2928 malum
637 2886 721 2932 est
754 2892 972 2932 servum
1008 2892 1152 2943 esse,
1196 2878 1289 2933 sed
1346 2894 1575 2949 peccare
1622 2882 1824 2936 malum
1871 2892 1975 2946 est,

402 2979 529 3020 cum
564 2967 818 3024 Christus
850 2970 968 3038 ipse
998 2987 1192 3027 servus
1223 2971 1504 3025 hominum
1551 2986 1715 3026 verus
1759 2972 1851 3037 sit,
1882 2974 1976 3027 sed

403 3058 667 3111 servitute
717 3060 939 3115 realiter
994 3060 1156 3123 mala,
1209 3064 1570 3128 peccato,eos
1610 3062 1708 3131 qui
1752 3063 1807 3116 in
1849 3078 1973 3118 eum

402 3143 634 3200 credunt
656 3152 915 3216 tanquam
943 3146 1087 3202 Deus
1114 3146 1332 3202 liberat.

400 3293 498 3348 ιιι
542 3291 751 3347 Pudeat
806 3303 855 3348 te
891 3294 936 3348 si
976 3295 1149 3349 malus
1177 3294 1392 3362 audias,
1429 3312 1535 3350 non
1576 3312 1695 3350 vero
1736 3297 1976 3437 vigue-

1796 3385 1809 3418 1
1838 3385 1903 3423 is.

469 3451 665 3507 Adhuc
696 3454 885 3507 eadem
910 3453 1291 3523 propositione
1324 3469 1558 3525 pergens
1588 3454 1811 3510 divinus
1845 3457 1968 3510 illu-

399 3544 641 3599 minator
686 3544 883 3600 suadet
922 3560 991 3600 ne
1022 3546 1322 3601 erubescas
1367 3554 1420 3600 te
1449 3554 1701 3602 vocatum
1746 3547 1977 3603 audiens

400 3651 619 3691 servum
667 3644 761 3690 aut
810 3636 1063 3692 obscuras
1107 3637 1376 3707 prosapia:
1425 3638 1735 3705 hominem,
1787 3655 1856 3694 ne
1884 3656 1977 3695 ex-

398 3725 527 3781 inde
565 3734 807 3782 mutatus
850 3728 1117 3782 adversus
1149 3743 1273 3782 eum
1313 3729 1406 3799 qui
1441 3731 1834 3785 contumeliam
1874 3730 1977 3785 im—

399 3830 601 3883 ponere
623 3817 837 3871 videtur
859 3818 1186 3888 indignaris.
1221 3818 1365 3885 Quid
1400 3821 1543 3875 enim
1593 3830 1676 3876 est
1718 3822 1975 3892 prosapia

395 3916 450 3963 et
484 3908 610 3975 quis
634 3908 701 3964 de
734 3910 904 3965 nobili
932 3926 1131 3980 genere
1170 3911 1531 3967 celebratus?
1575 3912 1693 3967 Non
1731 3914 1824 3983 qui
1858 3916 1973 3984 jam

398 3994 609 4064 pridem
645 3996 845 4050 mortui
881 4004 1008 4050 sunt
1033 4006 1087 4051 et
1119 3997 1172 4051 iu
1203 4000 1457 4069 sepulcro
1514 4008 1974 4068 putruerunt,nec

398 4082 490 4137 isti
535 4097 769 4153 quorum
824 4083 1073 4153 dispersa
1120 4094 1250 4139 sunt
1280 4086 1439 4154 juxta
1479 4085 1796 4155 Scripturas
1844 4102 1972 4143 ossa

397 4185 493 4240 per
540 4170 836 4225 infernum.
877 4170 1077 4240 thuid
1127 4186 1258 4242 ergo
1319 4170 1545 4243 grandia
1584 4172 1857 4242 cogitares
1902 4176 1973 4231 ob

396 4261 742 4331 putredinem
775 4269 829 4316 et
867 4261 1134 4317 fetentes?
1161 4260 1268 4317 Sed
1308 4262 1510 4315 malum
1541 4270 1595 4317 et
1632 4262 1895 4331 iniustum
1924 4275 1973 4321 te

395 4352 629 4409 audiens
688 4362 782 4408 aut
834 4354 1060 4423 impium
1114 4354 1529 4423 exprobratum,
1581 4356 1868 4421 erubesce,
1917 4366 1972 4412 et

394 4459 493 4516 per
532 4444 909 4513 paenitentiam
947 4455 1194 4499 mutatus
1222 4445 1397 4501 bonus
1429 4446 1523 4502 fias
1560 4447 1613 4501 in
1649 4448 1890 4513 Christo,
1916 4458 1970 4505 et

394 4536 477 4591 sic
506 4535 622 4607 ipse
654 4536 957 4591 honoratus
985 4545 1039 4590 et
1066 4552 1165 4605 per
1196 4536 1448 4591 virtutem
1473 4536 1689 4592 celeber
1719 4537 1966 4603 effectus,

392 4626 578 4695 generi
608 4626 824 4680 initium
859 4626 1017 4681 dabis
1058 4634 1112 4679 et
1153 4626 1408 4696 gloriatio
1441 4626 1496 4680 in
1541 4627 1707 4681 vitam
1748 4630 1968 4683 venien-

393 4717 539 4773 tibus
568 4725 693 4788 post
722 4726 775 4774 te
804 4719 936 4784 eris,
974 4718 1121 4788 quod
1151 4718 1324 4772 multo
1356 4718 1553 4774 melius
1588 4720 1763 4791 magis
1804 4736 1967 4789 expe-

392 4808 471 4862 dit
503 4809 599 4863 tibi
625 4824 791 4878 quam
827 4808 1045 4881 generis
1079 4809 1328 4863 ultimum
1360 4825 1484 4866 esse
1518 4819 1571 4865 et
1596 4827 1691 4882 per
1741 4812 1964 4866 nimiam

391 4901 656 4955 malitiam
680 4901 919 4959 dedecus
949 4912 1002 4959 et
1027 4902 1378 4958 abolitionem
1404 4918 1546 4958 esse.
1582 4905 1769 4973 Itaque
1802 4904 1849 4958 si
1885 4905 1964 4960 sis

392 4990 609 5059 integer
646 4999 701 5046 et
735 4993 914 5049 bonus
946 4994 1002 5048 in
1047 4994 1197 5049 omni
1247 4995 1450 5065 pietate
1486 5002 1542 5049 et
1589 4996 1789 5050 virtute
1834 5012 1965 5051 con-

391 5083 639 5152 spicuus,
670 5085 843 5138 multo
876 5087 1070 5141 melius
1099 5094 1153 5141 et
1184 5086 1562 5141 hunorabilius
1583 5088 1685 5143 erit
1707 5105 1872 5159 quam
1896 5105 1961 5145 ex

390 5174 548 5229 bonis
575 5181 629 5229 et
659 5176 879 5243 optimis
909 5185 1064 5233 ortus
1098 5178 1190 5247 qui
1221 5180 1347 5233 talis
1374 5196 1479 5232 non
1513 5180 1607 5235 sis.

390 5269 493 5325 M5
561 5268 660 5323 Dei
727 5268 892 5323 solius
939 5286 1213 5340 rerumque
1278 5272 1577 5325 divinarum
1641 5272 1960 5410 ἰηῗαιῖαὸὲίὶε

1730 5357 1780 5394 es
1811 5358 1861 5394 ο.

1730 5357 1861 5394 ειιο.

459 5430 557 5487 Est
585 5442 637 5488 et
663 5431 903 5487 aviditas
955 5430 1249 5484 laudabilis
1289 5429 1695 5485 etdesiderium
1740 5433 1962 5487 insatia-

386 5523 495 5578 bile
525 5539 636 5595 quo
676 5524 869 5579 ardere
931 5531 1167 5594 oportet,
1222 5521 1368 5592 quod
1408 5522 1626 5577 divinus
1667 5539 1847 5579 sermo
1892 5539 1961 5579 ne

386 5616 717 5684 repellamus
750 5617 957 5671 incitat.
986 5615 1126 5681 Quid
1168 5625 1249 5670 cst
1299 5615 1491 5670 istud?
1535 5615 1616 5669 Ad
1662 5614 1827 5670 Deum
1869 5630 1959 5669 so-

398 5706 506 5763 lum
536 5716 589 5765 et
629 5709 814 5766 divina
838 5709 1225 5767 insatiabiliter
1261 5709 1671 5781 concupiscere.
1706 5705 1826 5763 llaec
1850 5723 1955 5763 am-

1777 290 2073 349 NICETAS
2114 294 2321 353 DAVID

3561 292 3674 350 8‘20

2091 415 2204 480 κῶς
2232 415 2772 488 ἑμποὸοστατούντων
2800 418 3164 489 κωλυμάτων,
3191 416 3297 471 τῶν
3326 435 3385 473 τι
3416 434 3671 489 πνεῦμα.

2090 508 2258 560 τικῶν
2294 507 2393 578 τῆς
2433 510 2696 580 πονηρίας
2740 510 3067 564 ἀντιθέσεων
3105 510 3452 581 ὑπεραναϐἀς
3476 550 3490 572 ,
3526 510 3672 563 ἀπο-

2090 596 2274 667 λυθῇς,
2306 599 2425 653 τότε
2454 600 2587 671 πρὸς
2608 600 2700 653 τὸν
2730 600 2862 656 Θεὸν
2893 602 3181 675 εἰσελεύσῃ
3214 602 3358 673 μετὰ
3386 602 3544 673 δόξης
3587 618 3669 657 τι·

2092 706 2379 759 μιωτατος.

2094 883 2192 937 157
2224 885 2288 937 Ol
2320 883 2373 936 δ’
2397 884 2615 940 οἰκέται
2630 886 2819 956 τίμιαί
2838 886 3111 957 μάλιστα
3144 892 3198 943 οἱ
3230 890 3417 953 Θεοῦ;

2158 1057 2541 1128 Νομοθετήσας
2577 1060 2701 1123 τούς
2734 1060 3060 1131 λεγομένους
3106 1062 3371 1127 δεσπότας
3414 1081 3670 1118 ταπεινο-

2090 1150 2305 1217 φρονεῖν
2334 1150 2426 1202 καὶ
2455 1150 2756 1214 συνδούλοις
2778 1152 3010 1223 χρῆσθαι
3036 1156 3148 1218 τοῖς
3171 1155 3424 1220 οἰκέταις,
3454 1157 3667 1221 εἰδότας

2088 1238 2169 1290 ὅτι
2223 1239 2317 1292 καὶ
2361 1240 2513 1293 αὐτοὶ
2556 1240 2755 1311 Κύριον
2787 1240 3000 1310 ἔχουσιν
3039 1244 3097 1296 ὲν
3126 1245 3405 1315 οὐρανοῖς,
3444 1248 3531 1301 ἵνα
3588 1247 3668 1317 μὴ

2087 1327 2238 1380 ταῦτ’
2265 1329 2551 1393 ἀκούοντες
2577 1332 2806 1395 ἐκεῖνοι,
2839 1330 2916 1392 ὡς
2956 1333 3234 1403 ὁμοτίμων
3277 1337 3667 1407 κατεπαρθῶσι

2087 1417 2196 1471 τῶν
2229 1418 2523 1484 δεσποτῶν,
2558 1420 2609 1473 τί
2646 1419 2733 1473 δαὶ¹
2762 1423 2810 1473 oi
2854 1422 3099 1489 οἱκέται;
3136 1426 3273 1495 πρὸς
3317 1427 3463 1495 ὑμᾶς
3495 1427 3606 1497 γὰρ
3636 1431 3669 1480 ό

2089 1511 2451 1581 πνευματικὸς
2484 1509 2777 1582 νομοθέτης
2800 1512 2888 1566 τὸν
2915 1512 3070 1582 λόγον
3094 1517 3429 1570 ἀποτείνεται
3454 1534 3467 1545 ⁸
3496 1519 3546 1570 τί
3572 1514 3666 1572 οὖν

2089 1604 2265 1673 ὑμεῖς,
2306 1603 2399 1656 καὶ
2440 1604 2673 1674 μάλιστα
2720 1607 2768 1658 οῖ
2815 1607 2908 1658 τοῦ
2962 1608 3097 1661 Θεοῦ
3148 1609 3323 1663 δοῦλοι
3375 1613 3667 1680 τυγχάνειν

2092 1694 2394 1760 ὲθὲλοντες;
2429 1697 2519 1766 Μὴ
2568 1697 2857 1760 ἀπαξιοῦτε
2894 1698 3163 1753 δουλεύειν
3200 1704 3313 1765 τοῖς
3339 1702 3663 1767 δεσπόταις·

2092 1785 2185 1837 καὶ
2212 1784 2367 1838 τοῦτο
2396 1784 2511 1848 πῶς
2530 1802 2542 1850 ;
2563 1786 2654 1856 Μὴ
2671 1787 2787 1839 κατ’
2803 1786 3289 1858 όφθαλμοδουλείαν
3315 1791 3390 1854 ὡς
3415 1790 3670 1862 ἀνθρωπο

2088 1874 2329 1945 ἀρεσκοι,
2380 1876 2493 1929 ἀλλ’
2527 1878 2590 1929 ὲκ
2639 1877 2816 1947 ψυχῆς
2855 1880 2972 1948 μετ’
3011 1880 3222 1944 εὐνοίας
3262 1882 3356 1933 καὶ
3401 1882 3665 1945 πίστεως,

2086 1968 2227 2020 κατὰ
2264 1968 2362 2038 τὴν
2400 1967 2758 2039 ἀποστολικὴν
2783 1970 3175 2039 παραγγελίαν,
3209 1971 3283 2035 ὡς
3326 1972 3405 2043 τῷ
3447 1974 3661 2043 Κυρίῳ,

2085 2057 2178 2111 καὶ
2220 2057 2319 2110 οὐκ
2366 2057 2695 2128 ἀνθρώποις,
2747 2058 2889 2112 οὕτω
2937 2062 3049 2122 τοῖς
3090 2061 3301 2130 κυρίοις
3357 2062 3507 2132 ὑμῶν
3561 2066 3663 2134 τὴν

2084 2147 2438 2219 ὀφειλομένην
2469 2147 2636 2218 τιμὴν
2677 2150 2772 2202 καὶ
2812 2149 3052 2203 δουλείαν
3094 2150 3391 2217 ἀποδίδοτε,
3436 2154 3533 2205 καὶ
3586 2154 3664 2225 μὴ

2082 2237 2142 2290 τὸ
2171 2238 2464 2310 πρόσχημα
2505 2239 2603 2309 τῆς
2629 2239 2873 2303 δουλείας
2919 2241 3313 2311 ἐπαισχύνεσθε
3333 2261 3347 2273 ·
3375 2243 3663 2316 ἐλεύθερον

2080 2330 2187 2399 γὰρ
2220 2330 2311 2382 καὶ
2351 2328 2533 2382 δοῦλον
2562 2331 2591 2382 ό
2626 2329 2825 2399 τρόπος
2854 2330 3114 2397 ὁρίζεται.
3162 2333 3259 2396 Ὃς
3293 2333 3392 2403 μὲν
3428 2334 3662 2404 Χριστος

2082 2423 2282 2489 πρε.πεί
2308 2419 2487 2490 ψυχῆς
2517 2419 2750 2474 διαθέσει
2780 2422 2875 2474 καὶ
2903 2421 3096 2493 γνώμῃ
3125 2422 3405 2494 χρώμενος
3431 2422 3661 2493 θεοπρε-

2081 2517 2175 2567 πεῖ
2211 2512 2441 2566 ἐνώπιον
2476 2513 2609 2566 Θεοῦ
2651 2514 2743 2568 καὶ
2778 2514 3077 2585 ἀνθρώπων
3108 2518 3417 2585 προνοεῖται
3459 2517 3660 2585 ἀγαθὰ,

2079 2600 2231 2668 οὗτος
2257 2604 2539 2675 ἐλεύθερος
2563 2604 2639 2675 τῷ
2669 2605 2782 2659 δντι
2816 2606 2961 2659 ἐστίν
2985 2624 2996 2635 ·
3031 2606 3088 2669 ὂς
3117 2607 3173 2660 δὲ
3211 2607 3401 2669 δολίως
3439 2608 3532 2661 καὶ
3562 2625 3662 2660 καο

2080 2699 2362 2770 κοτρόπως
2394 2697 2485 2751 τὸν
2526 2697 2691 2751 αὑτοῦ
2738 2697 3081 2751 διαϐιώσκων
3116 2698 3261 2768 βίον,
3296 2699 3436 2770 πρός
3475 2716 3532 2751 τε
3571 2698 3662 2752 τὸν

2079 2789 2211 2842 Θεδν
2233 2790 2394 2843 αὐτὸν
2422 2790 2517 2843 καὶ
2540 2789 2665 2853 τοὺς
2696 2787 3013 2860 ἀνθρώπους
3038 2790 3365 2861 ἁμαρτάνων
3396 2807 3662 2862 καταφρο-

2078 2883 2178 2944 νεῖ,
2208 2877 2361 2945 οὐτος
2384 2880 2597 2953 ἀληθῶς
2620 2879 2804 2944 δοῦλος
2837 2881 3073 2955 ὑπάρχει
3107 2883 3419 2953 μαστιγίας.
3449 2883 3661 2936 Οὔκουν

2077 2972 2138 3024 τὸ
2172 2972 2355 3026 δοῦλον
2387 2969 2524 3025 εἶναι
2556 2973 2725 3026 κακὸν
2747 3015 2763 3039 ,
2792 2974 2854 3027 τὸ
2901 2973 3235 3045 ἁμαρτάνειν
3274 2975 3329 3027 δὲ
3348 3015 3363 3038 ,
3393 2974 3518 3027 ἐπεὶ
3564 2975 3660 3026 κἰὶ

2080 3063 2312 3135 Χριστὸς
2345 3062 2506 3126 αὐτὸς
2523 3064 2707 3126 δοῦλος
2730 3065 3030 3136 ἀνθρώπων
3054 3060 3251 3133 ὦπται,
3278 3066 3410 3121 ἀλλά
3438 3066 3533 3119 καὶ
3560 3066 3660 3135 τῆς

2078 3152 2244 3214 ὅντως
2273 3151 2516 3215 δουλείας
2548 3153 2740 3223 κακῆς,
2771 3155 2870 3225 τῆς
2900 3154 3194 3225 ἁμαρτίας,
3227 3155 3350 3217 τούς
3386 3153 3533 3223 αὐτῷ
3567 3172 3662 3206 πι-

2080 3240 2365 3305 στεύοντας
2386 3241 2461 3302 ὼς
2486 3242 2620 3306 Θεὸς
2649 3244 2943 3314 ἐλευθεροῖ.

2081 3336 2174 3390 Hi
2208 3337 2404 3400 Κακὸς
2434 3335 2485 3387 δ’
2516 3336 2751 3390 ἀκούων
2775 3339 3098 3405 αὶσχύνου,
3132 3338 3216 3408 μὴ
3248 3336 3575 3405 δυσγενής.

2150 3493 2267 3544 Ἔτι
2297 3492 2395 3561 τῆς
2422 3492 2589 3563 αὐτῆς
2618 3492 2824 3557 ἑννοίας
2846 3494 3099 3564 ἐχόμενος
3123 3496 3151 3549 ό
3179 3491 3489 3565 θεοιράντωρ
3512 3513 3658 3567 παρπ-

2076 3588 2217 3637 αινεί
2261 3586 2334 3657 μὴ
2378 3584 2819 3655 ἐπαισχύνεσθαι,
2848 3584 3033 3638 δοῦλον
3052 3585 3315 3639 ἀκούοντα
3340 3584 3373 3655 ἢ
3397 3585 3653 3657 δυσγενῆ,

2080 3676 2200 3747 μηδ’
2238 3676 2329 3729 ἐπὶ
2381 3677 2556 3747 τούτῳ
2589 3677 3038 3748 διατρεπόμενον,
3073 3677 3212 3732 κατά
3262 3675 3354 3730 τοῦ
3406 3678 3651 3748 ὑϐρίζειν

2075 3764 2355 3829 δοκοῦντος
2387 3767 2737 3834 ἀγανακτεῖν.
2784 3768 2848 3819 Τί
2886 3767 2994 3838 γάρ
3026 3770 3141 3821 ἐστι
3173 3767 3348 3834 γένος,
3391 3768 3485 3820 καὶ
3515 3766 3598 3831 τίς
3627 3769 3657 3821 ό

2076 3855 2443 3925 φημιζόμενος
2473 3856 2730 3926 εὐγενής;
2767 3856 2878 3926 Οὐχ
2911 3858 2958 3909 οἱ
2994 3857 3163 3910 πάλαι
3200 3856 3449 3920 θανόντες
3471 3858 3564 3909 καὶ
3598 3858 3657 3910 ἐν

2074 3946 2229 4018 τάφῳ
2261 3948 2578 4017 σεσηπότες,
2610 3948 2707 4017 οὐχ
2731 3941 2805 4000 ὧν
2833 3947 3190 4019 ὲσκορπίσθη,
3216 3947 3358 4002 κατά
3384 3948 3483 4018 τὴν
3512 3949 3656 4018 Γραο

2076 4039 2200 4111 (pip),
2228 4039 2295 4092 τὰ
2315 4039 2448 4091 ὀστᾶ
2477 4038 2625 4109 παρὰ
2645 4039 2735 4093 τὸν
2766 4039 2898 4110 ᾅδην
2919 4057 2931 4070 ·
2958 4041 3011 4093 τί
3042 4036 3135 4093 οῦν
3173 4057 3255 4094 σοι
3277 4038 3371 4092 καὶ
3397 4039 3459 4091 τδ
3482 4057 3649 4109 μεγα.

2073 4131 2351 4201 λοφρονεῖν
2373 4130 2462 4183 ἐπὶ
2486 4133 2550 4200 τῇ
2578 4130 2786 4201 σαπρίᾳ
2811 4132 3037 4194 καὶτοῖς
3065 4131 3348 4197 ὀδωδόσιν;
3376 4132 3565 4195 Κακδς
3594 4131 3653 4185 ὁὶ

2074 4224 2167 4275 καὶ
2192 4223 2374 4285 ἄδικος
2399 4222 2611 4276 ἀκούων
2636 4222 2667 4293 ἢ
2695 4221 2914 4293 ἀσεϐὴς,
2948 4223 3224 4294 αἱσχύνου,
3241 4224 3336 4277 καὶ
3359 4224 3447 4277 διὰ
3484 4242 3654 4295 μεταο

2072 4312 2219 4376 νοίας
2261 4311 2637 4383 ἀλλοιούμενος
2671 4311 2942 4380 ἀγαθύνου
2991 4314 3049 4365 ὲν
3093 4314 3329 4385 Χριστῷ,
3355 4316 3449 4368 καὶ
3477 4315 3655 4378 οὕτως

2078 4402 2236 4465 αὐτὸς
2266 4404 2536 4473 τιμηθεὶς,
2569 4402 2659 4455 καὶ
2688 4402 2754 4454 δι’
2783 4403 2983 4475 ἀρετῆς
3006 4405 3291 4474 γενόμενος
3326 4406 3650 4475 ὀνομαστὸς,

2072 4494 2260 4563 γένους
2307 4495 2600 4565 προάρξεις
2651 4494 2745 4547 καὶ
2796 4494 3060 4564 καύχησις
3106 4498 3220 4558 τοῖς
3267 4499 3347 4559 είς
3396 4496 3488 4549 τὸν
3532 4497 3651 4565 βίον

2073 4583 2241 4637 ίοῦσιν
2274 4584 2371 4655 ἔσῃ
2401 4584 2540 4654 μετά
2571 4584 2653 4645 σὲ,
2682 4584 2710 4635 ὃ
2740 4584 2873 4638 πολύ
2902 4584 3111 4654 βέλτιον
3142 4587 3235 4638 καὶ
3274 4586 3651 4641 λυσιτελέστε-

2070 4675 2163 4743 ρόν
2207 4675 2288 4727 σοί
2333 4676 2499 4740 ἐστιν,
2543 4674 2575 4745 ἢ
2623 4674 2685 4727 τὸ
2715 4675 2869 4743 γένος
2899 4675 3051 4728 λύειν
3098 4677 3191 4729 καὶ
3237 4677 3304 4729 δι’
3338 4678 3653 4749 ὑπερϐολὴν

2068 4766 2264 4830 κακίας
2302 4766 2528 4836 ἀτιμοῦν
2560 4766 2651 4820 καὶ
2689 4765 2996 4835 ἀφανίζειν
3030 4767 3216 4838 ὥσπερ
3259 4770 3351 4822 καὶ
3392 4769 3453 4821 τὸ
3482 4770 3651 4823 αὐτὸν

2067 4850 2204 4907 εἶναι
2232 4855 2392 4909 καλὸν
2424 4856 2516 4909 καὶ
2544 4855 2745 4926 ἀγαθὸν
2770 4856 2838 4909 δι’
2871 4856 3151 4921 εὐσεϐείας
3181 4858 3361 4929 πάσης
3392 4859 3485 4911 καὶ
3510 4861 3647 4930 ἀρε-

2064 4944 2164 5013 τῆς
2189 4945 2455 5023 ἐπίσημον
2477 4946 2870 5017 καθεστηκότα,
2887 4948 3020 5000 πολὺ
3045 4947 3249 5017 βέλτιον
3272 4950 3366 5002 καὶ
3388 4950 3648 5019 τιμιώτε-

2069 5052 2178 5105 ρον,
2218 5035 2251 5105 ἢ
2298 5036 2359 5087 τὸ
2391 5036 2449 5099 ἐξ
2486 5036 2707 5104 ἀγαθῶν
2760 5038 2853 5090 καὶ
2899 5038 3077 5092 καλῶν
3124 5038 3532 5111 βεϐλαστηκότα
3570 5042 3648 5113 μὴ

2063 5126 2299 5180 τοιοῦτον
2334 5124 2492 5184 εἷναι.

2064 5280 2165 5334 HS
2193 5280 2338 5333 Θεοῦ
2358 5282 2548 5349 μόνου
2572 5283 2743 5335 θείων
2768 5300 2831 5335 τε
2856 5283 3184 5351 ἀπλήστως
3206 5285 3384 5352 ἔχειν.

2136 5437 2290 5489 Ἔστι
2328 5437 2421 5489 καὶ
2449 5436 2723 5507 ἀπληστία
2744 5437 3000 5508 ἐπαινετὴ
3028 5437 3121 5490 καὶ
3148 5438 3412 5508 ἐπιθυμία
3436 5438 3643 5511 ἀκόρε-

2064 5544 2183 5590 στος
2205 5526 2390 5598 δεητὴ,
2413 5522 2480 5598 ἧς
2501 5530 2529 5580 ό
2553 5528 2692 5592 θεῖος
2715 5527 2869 5596 λόγος
2898 5528 3215 5598 ἀντέχεσθαι
3240 5528 3644 5597 προτρέπεται.

2061 5618 2157 5680 Τίς
2184 5612 2275 5670 οὖν
2302 5619 2447 5671 ἐστιν
2472 5618 2609 5690 αὐτη
2631 5637 2645 5685 ;
2676 5619 2811 5672 Θεοῦ
2838 5619 2997 5689 μόνου
3025 5620 3117 5673 καὶ
3140 5620 3248 5672 τῶν
3274 5619 3433 5672 θείων
3455 5620 3641 5689 ἀπλή-

2071 5723 2205 5773 στως
2235 5710 2399 5780 ὲρᾷν·
2437 5707 2572 5780 αὕτη
2607 5708 2884 5775 πλεονεξία
2915 5709 3073 5781 καλὴ,
3107 5710 3167 5765 τὸ
3197 5709 3281 5764 ἀεὶ
3324 5708 3505 5765 ποθεῖν
3543 5709 3642 5765 καὶ
