4030 6232
302 329 405 387 82ὶ

302 445 372 516 ξς
384 445 486 499 τεῖν
510 442 571 497 τι
603 443 893 515 πρόσωπον
921 445 1013 500 τοῦ
1040 447 1175 501 Θεοῦ
1220 447 1413 505 Ἰακὼό
1436 454 1493 506 ἐν
1515 455 1733 526 Χριστῷ
1769 456 1873 525 Ἰη-

306 535 423 601 σοῦ,
448 536 506 599 ὃς
532 538 645 599 τοῖς
672 535 1035 607 λαμϐάνουσιν
1068 540 1227 592 αὐτὸν
1266 540 1345 594 ἔτι
1387 545 1708 615 προσδίδωσι
1739 546 1875 616 μᾶλ-

303 627 394 681 λον
427 627 644 681 ἑαυτόν·
676 627 927 681 τοσοῦτον
962 629 1072 700 γάρ
1113 631 1306 701 ἀπέχει
1344 634 1438 686 τοῦ
1472 636 1877 707 ἀποτρέπεσθαι

302 722 337 792 ἡ
365 720 803 790 ἀποστρέφεσθαι
832 723 956 787 τοὺς
986 723 1300 792 ἐγγίζοντας
1330 725 1498 795 αὐτῷ,
1522 728 1603 780 δτι
1632 729 1727 782 καὶ
1751 729 1879 799 μᾶλ-

303 813 395 865 λον
426 812 554 883 διψᾷ
577 812 638 865 τὸ
662 813 939 882 διψᾷσθαι,
974 816 1002 868 6
1027 814 1142 868 ἐστι
1175 816 1329 869 ποθεῖ
1354 816 1415 869 τὸ
1443 817 1746 884 ποθεῖσθαι,
1784 818 1879 871 καὶ

306 904 455 973 φιλεῖ
491 905 552 957 τὸ
594 903 943 972 ἀγαπᾶσθαι,
972 906 1058 959 καὶ
1110 905 1357 975 ἀφθόνως
1408 908 1493 960 ἀεὶ
1537 907 1724 961 ἐαυτὸν
1766 910 1877 971 τοῖς

305 997 566 1064 ἐρασταῖς
598 996 761 1049 αὐτοῦ
786 996 1104 1067 χαρίζεται·
1147 996 1360 1050 τοιοῦτο
1387 998 1495 1068 γὰρ
1528 1000 1561 1070 ἡ
1596 1000 1876 1071 ὑπεράγα-

305 1086 398 1149 θος
411 1085 743 1157 ἀγαθαρχία,
770 1087 858 1141 διὰ
884 1086 993 1139 τῶν
1020 1088 1350 1155 παναγάθων
1375 1089 1469 1143 καὶ
1494 1090 1877 1160 πνευματικῶν

303 1178 477 1247 αὐτῆς
526 1177 744 1247 δωρεῶν
801 1181 915 1241 τοῖς
964 1178 1303 1249 ἀπληρώτως
1350 1178 1516 1249 αὐτῆς
1568 1180 1878 1249 ἐφιεμένοις

305 1267 787 1337 συνεισερχομένη.
829 1267 918 1320 Ἐν
956 1268 1165 1332 τούτοις
1203 1268 1385 1339 μόνοις
1412 1271 1445 1339 ἡ
1483 1268 1754 1339 ἀπληστία
1782 1269 1877 1322 καὶ

307 1358 585 1423 πλεονεξία
616 1358 898 1413 κάλλιστον
924 1361 1006 1413 δτι
1039 1360 1292 1430 μάλιστα,
1323 1362 1417 1414 καὶ
1446 1362 1878 1433 ἀγιοπρεπέστα-
1904 1350 1907 1355 ⁴

302 1468 417 1517 τον,
457 1452 550 1505 καὶ
583 1451 788 1505 τέλειον
810 1469 822 1482 ⁸
860 1454 916 1505 ἐν
954 1456 1064 1517 τοῖς
1102 1458 1432 1524 σωματικοῖς
1457 1455 1513 1507 δὲ
1553 1456 1647 1508 καὶ
1688 1454 1877 1525 ζηλου-

304 1544 488 1611 μένοις
513 1542 760 1606 πλούτοις
797 1544 892 1596 xei.
914 1542 1093 1607 δόξαις
1121 1546 1215 1597 καὶ
1244 1547 1375 1598 πᾶσι
1412 1548 1525 1609 τοῖς
1562 1545 1744 1616 ῥέουσι
1784 1546 1877 1598 καὶ

303 1633 734 1704 παρερχομένοις
774 1631 867 1685 τοῦ
895 1632 992 1686 νῦν
1030 1633 1223 1698 αίῶνος
1264 1634 1487 1701 ἀγαθοῖς
1517 1635 1779 1706 ἡττᾷσθαί
1816 1654 1876 1689 τε

300 1724 398 1775 καὶ
446 1722 508 1773 τὸ
552 1720 770 1774 ἔλαττον
820 1720 983 1791 ἔχειν.
1034 1720 1182 1784 ἀξιον
1230 1722 1485 1792 εὐμαρῶς
1541 1722 1877 1792 ὑπομένοντα

300 1810 462 1881 χάριν
489 1809 684 1863 εἰδέναι
706 1811 771 1879 τῇ
807 1809 983 1880 ἀγαθῇ
1010 1810 1103 1862 καὶ
1129 1810 1450 1881 παντουργῷ
1476 1811 1729 1881 Προνοίᾳ.

305 2029 407 2084 H9
432 2027 527 2096 Μὴ
555 2025 750 2079 πάντα
780 2023 970 2093 νικᾷν,
990 2028 1129 2100 μηδ’
1146 2022 1235 2079 ἀεὶ
1263 2024 1547 2094 σπουδὴν
1582 2024 1707 2094 ἔχε.

375 2141 582 2210 Ὠσπερ
604 2137 749 2191 ἐστιν
777 2136 1040 2207 ἡττᾶσθαι
1069 2136 1248 2200 καλῶς
1271 2137 1364 2190 καὶ
1390 2135 1597 2203 κακῶς,
1619 2135 1761 2190 οὕτω
1780 2136 1873 2189 καὶ

302 2232 458 2301 νικᾷν
482 2229 758 2299 ἐνθέσμως
795 2228 889 2282 καὶ
915 2226 1169 2297 ἀθέσμως
1193 2242 1207 2257 °
1233 2228 1461 2297 ἡττᾶται
1491 2226 1592 2297 μὲν
1628 2224 1808 2289 καλῶς
1845 2226 1873 2278 6

302 2320 589 2390 φιλοσοφία
638 2320 836 2392 ἀρίστῃ
890 2318 983 2372 καὶ
1026 2316 1488 2388 ταπεινοφροσύνῃ
1543 2316 1873 2387 εὐαγγελικῇ

303 2413 469 2464 πᾶσιν
518 2411 757 2463 ὑπείκων
790 2412 900 2472 τοῖς
938 2406 1182 2461 ἀδικοῦσι
1208 2447 1224 2472 ,
1272 2407 1364 2458 καὶ
1424 2406 1500 2476 μὴ
1531 2406 1874 2477 ἀμυνόμενος

302 2503 429 2565 τοὺς
475 2501 877 2572 ὲπηρεάζοντας
926 2499 1117 2552 αὐτόν’
1172 2499 1398 2568 ἡττᾶται
1444 2497 1501 2549 δὲ
1548 2495 1732 2560 κακῶς
1780 2495 1875 2549 καὶ

301 2592 501 2656 ἀθλίως
536 2596 564 2646 ό
596 2592 699 2646 ὑπὸ
732 2590 903 2661 θυμοῦ
951 2590 984 2660 ἡ
1030 2589 1325 2659 ἐπιθυμίας
1363 2588 1557 2657 ἀλόγου
1584 2587 1876 2658 τυραννούς

306 2699 487 2752 μενος,
516 2681 609 2734 καὶ
642 2678 879 2748 ἀγεννῶς
907 2678 1043 2750 πρὸς
1079 2680 1178 2748 τὴν
1214 2678 1491 2748 ἁμαρτίαν
1522 2677 1873 2747 ἀπαγόμενος

303 2772 398 2826 καὶ⁵
430 2770 980 2843 ἐκπολιορκούμενος·
1013 2768 1273 2833 ὡσαύτως
1310 2770 1438 2841 νικᾷ
1472 2769 1569 2839 μὲν
1598 2768 1875 2839 ἐνθέσμως

302 2865 397 2916 καὶ
424 2862 679 2931 ἀσφαλῶς
723 2863 751 2914 6
783 2859 861 2931 τῷ
909 2859 1099 2931 ἀγαθῷ
1131 2861 1225 2914 καὶ
1250 2860 1527 2931 εὐαρέστφ
1557 2860 1649 2913 καὶ
1686 2859 1876 2930 τελείῳ

301 2953 441 3008 Θεοῦ
485 2953 749 3025 θελήματι
793 2955 920 3025 ἄχρι
964 2953 1153 3016 τέλους
1203 2952 1618 3022 ἀμετακινὴτως
1658 2946 1874 3022 ἱδρυμέ-

303 3063 415 3110 νος,
447 3047 569 3115 νικᾷ
595 3045 651 3098 δὲ
685 3044 939 3115 ἀθέσμως
966 3043 1057 3097 καὶ
1084 3041 1366 3114 σφαλερῶς
1390 3044 1419 3096 6
1436 3042 1514 3113 τῷ
1539 3042 1639 3113 τῆς
1666 3041 1878 3105 ἀδικίας

304 3134 400 3187 καὶ
430 3134 738 3205 τυραννίδος
762 3134 953 3203 κράτει
975 3131 1416 3202 κατευμεγεθῶν,
1447 3132 1541 3184 καὶ
1564 3132 1673 3184 τῶν
1686 3129 1877 3185 ἀθώων

304 3226 728 3297 καθυπερτερῶν
759 3225 851 3278 καὶ
877 3223 1257 3286 κατακτιννύς.
1286 3224 1356 3276 Σὺ
1386 3218 1499 3287 οὖν,
1530 3216 1576 3275 ὣ
1600 3222 1876 3291 ἀγωνιστά

302 3315 399 3371 τοῦ
428 3315 711 3369 ἀθλοθέτου
745 3312 1002 3386 Χριστοῦ,
1037 3315 1065 3367 6
1097 3313 1359 3385 ἀλείπτης
1399 3313 1498 3384 τῆς
1530 3313 1729 3383 ἀρετῆς
1769 3329 1876 3366 πα-

310 3407 554 3479 ρακαλεῖ,
590 3409 665 3479 μὴ
701 3409 778 3471 είς
813 3408 993 3460 πάντα
1044 3406 1113 3459 τὰ
1153 3405 1484 3478 νομιζόμενα
1517 3403 1655 3461 εἶναι
1698 3404 1882 3474 ἀγαθά

308 3501 462 3569 νικᾷν
494 3496 836 3565 διαγωνίζου,
864 3498 977 3552 ἀλλ’
998 3500 1078 3562 είς
1114 3498 1250 3568 μόνα
1275 3498 1343 3551 τά
1372 3498 1539 3561 ὅντως
1567 3498 1694 3549 ὄντα
1718 3494 1878 3561 καλά,

308 3590 375 3643 τά
408 3589 530 3643 θεῖα
561 3589 761 3660 δηλαδὴ
794 3589 890 3643 καὶ
932 3587 1300 3658 πνευματικὰ,
1338 3588 1433 3640 καὶ⁵
1480 3588 1560 3649 είς
1595 3585 1767 3639 ταῦτα
1805 3585 1880 3657 μὴ

306 3680 403 3736 ἀεὶ
442 3681 538 3735 καὶ
584 3680 858 3753 ἀκαίρως,
904 3680 1018 3733 ἀλλ’
1072 3681 1200 3733 ὅταν
1250 3680 1278 3732 6
1325 3677 1512 3741 δεκτὸς
1647 3677 1837 3747 καιρός
1860 3693 1873 3705 ·

308 3773 563 3841 κρεῖσσον
596 3772 704 3843 γὰρ
755 3771 1073 3840 κρατεῖσθαι
1110 3771 1205 3824 καὶ
1248 3768 1542 3833 νικᾶσθαι,
1574 3767 1653 3837 τῷ
1707 3767 1880 3837 Ἰησοῦ

309 3863 404 3917 καὶ
430 3863 537 3917 τῶν
567 3863 731 3917 αὐτοῦ
755 3863 1006 3934 μαθητῶν
1023 3862 1378 3932 ὑποδείγματι
1402 3860 1879 3929 ταπεινουμένους,

305 3950 343 4025 ἦ
378 3953 533 4021 νικᾷν
564 3952 657 4005 καὶ
688 3954 910 4021 κρατεῖν
936 3952 1332 4022 ἐπαιρομένους
1359 3951 1453 4003 καὶ
1486 3949 1629 4003 κατά
1653 3950 1752 4019 τὴν
1775 3950 1883 4001 τῶν

308 4042 520 4095 ἀσεϐῶν
565 4041 883 4112 ἐξομοίωσιν
922 4041 1338 4112 κατακυριεύειν
1370 4040 1479 4093 τῶν
1525 4039 1761 4092 εὐσεϐῶν
1790 4039 1883 4092 καὶ

307 4130 598 4186 ταπεινῶν.
635 4129 812 4195 Ἐστι,
847 4130 1001 4200 φησὶ,
1048 4130 1142 4183 καὶ
1174 4130 1300 4193 τούς
1331 4131 1389 4182 ἐν
1431 4128 1508 4199 τῷ
1553 4128 1743 4198 κόσμῳ
1778 4146 1881 4181 πα-

307 4222 556 4285 λαίοντας
598 4222 731 4292 όρᾷν
776 4221 835 4272 οὐ
885 4221 1101 4284 πάντως
1158 4219 1559 4291 κρατουμένους
1601 4218 1681 4287 τῷ
1732 4218 1883 4272 κάτω

308 4316 514 4365 πεσεῖν’
546 4312 1044 4382 ὑποκατακλιθῆναι
1074 4311 1183 4381 γάρ
1206 4310 1352 4363 ἔστιν
1378 4311 1467 4363 ὅτε
1494 4310 1744 4374 δόξαντες
1765 4313 1880 4374 τοῖς

308 4403 620 4465 ἀντιπάλοις
654 4401 748 4455 καὶ
781 4400 994 4471 χαμάζε
1026 4404 1232 4464 πεσεῖν,
1273 4398 1369 4452 εἶτ’
1408 4400 1737 4464 ἐξαπιναίως
1782 4399 1883 4465 λάξ

309 4496 429 4547 κατ’
467 4493 645 4548 αὐτῶν
688 4492 1007 4562 ἐναλάμενοι
1057 4492 1152 4545 καὶ
1183 4490 1557 4561 ἀναθορόντες,
1593 4490 1880 4562 ὑπέρθετοι

306 4585 511 4637 τούτων
558 4584 1041 4637 καταδείκνυνται·
1074 4580 1245 4647 οὑτως
1278 4582 1327 4633 οί
1375 4581 1463 4635 διὰ
1507 4581 1601 4634 τὸν
1646 4582 1881 4652 Χριστὸν

309 4674 405 4725 καὶ
433 4674 529 4744 τὴν
563 4673 786 4743 ἐντολὴν
818 4674 930 4736 τοῖς
955 4673 1241 4742 τυραννεῖν
1274 4670 1519 4724 εἰωθόσιν
1553 4671 1885 4725 ὑποπίπτον-

306 4780 421 4827 τες,
449 4766 507 4817 ἐν
532 4767 600 4835 τῇ
628 4764 954 4818 ταπεινώσει
988 4762 1167 4816 αὐτῶν
1200 4761 1587 4833 ὑπερνικῶσιν.

310 4876 413 4931 155
439 4875 545 4930 Kal
565 4875 769 4944 ζημιοῦ
795 4892 876 4928 η’
907 4874 1082 4929 τοῦτο
1107 4873 1320 4944 κέρδος
1342 4870 1659 4937 πολλάκις.

384 5029 591 5098 Ὥσπερ
618 5028 718 5081 οὐκ
746 5028 824 5090 είς
856 5026 1031 5081 πάντα
1059 5026 1167 5080 οὐδ’
1194 5025 1283 5079 ἀεὶ
1302 5025 1363 5079 τὸ
1391 5025 1547 5095 νικᾷν
1578 5020 1879 5088 ἐπαινετὸν,

311 5119 426 5172 ἀλλ’
468 5120 590 5173 οὐδὲ
634 5118 695 5172 τὸ
736 5117 988 5172 νικᾶσθαι
1017 5121 1036 5189 (
1061 5119 1218 5189 νικᾷν
1255 5117 1364 5188 γὰρ
1412 5118 1470 5169 ἐν
1502 5114 1578 5185 τῷ
1605 5112 1791 5183 ἀγαθῷ
1822 5112 1883 5165 τὸ

314 5210 503 5278 κακὸν,
526 5210 642 5264 ἀλλ’
671 5210 731 5262 οὐ
760 5209 1011 5263 νικᾶσθαι
1040 5210 1145 5262 ὑπὸ
1178 5208 1271 5262 τοῦ
1302 5208 1474 5262 κακοῦ
1509 5204 1880 5277 παραγγελλό-

315 5301 456 5370 μεθα
475 5300 494 5369 )
514 5318 528 5331 ·
552 5299 723 5363 οὕτως
744 5299 863 5353 οὐδὲ
885 5300 946 5352 τὸ
974 5300 1275 5373 κερδαίνειν
1298 5300 1384 5353 ἀεὶ
1412 5300 1635 5369 ἀγαθὸν,
1658 5299 1691 5371 ἡ
1715 5297 1881 5352 κακὸν

312 5400 376 5443 το
416 5390 775 5461 ζημιούσθαγ
818 5390 1086 5463 ἀνάπαλιν
1120 5392 1177 5444 δὲ
1228 5391 1523 5461 συμϐαῖνον
1570 5392 1877 5461 θεωρεῖται.

316 5480 523 5554 Ὥσπερ
559 5481 668 5553 γὰρ
698 5484 730 5553 ἡ
762 5482 905 5552 κακὴ
936 5482 1059 5553 νίκη
1084 5523 1098 5549 ,
1129 5474 1265 5552 ἧττα
1314 5483 1593 5554 προφανὴς
1613 5523 1628 5548 ,
1654 5480 1794 5555 ἧττα
1825 5482 1882 5535 δὲ

318 5568 472 5640 καλὴ,
496 5569 621 5640 νίκη
652 5570 884 5641 ὑπάρχει
916 5570 1119 5642 ἀληθής
1140 5588 1153 5601 ο
1189 5570 1360 5635 οὑτως
1389 5571 1576 5642 κέρδος
1604 5572 1701 5642 μὲν
1734 5570 1881 5623 ἔστιν

313 5659 402 5712 ἃτε
430 5663 738 5730 σωματικὸν
773 5664 944 5734 ζημία
969 5665 1199 5734 μεγίστη
1222 5665 1298 5735 τῷ
1329 5664 1684 5736 κερδαίνοντι,
1710 5662 1883 5731 ζημία

315 5749 369 5803 δὲ
408 5748 560 5818 αὐθις
594 5755 673 5819 είς
700 5753 886 5825 κέρδος
914 5755 1092 5828 ἀπέϐη
1124 5756 1198 5827 τῷ
1230 5755 1595 5828 ζημιουμένῳ.
1634 5754 1741 5809 Καὶ
1770 5752 1875 5824 γὰρ

1306 339 1374 395 ΙΝ
1410 339 1719 398 CARMINA
1757 341 2035 402 ARCANA
2073 344 2134 402 S.
2170 346 2520 404 GREGORII.

3438 359 3552 413 82!

1976 457 2112 512 bilio
2143 459 2307 521 bona,
2348 473 2561 529 semper
2591 458 2938 514 desiderandi
2968 467 3021 515 et
3047 466 3324 533 quaerendi
3351 467 3544 526 faciem

1979 544 2075 600 Dei
2108 545 2280 602 Jacob
2309 549 2364 601 in
2392 547 2611 602 Christo
2650 547 2781 603 Jesu
2830 549 2923 619 qui
2980 553 3408 621 suscipientibus
3459 560 3545 628 ip-

1977 650 2099 691 sum
2133 638 2305 707 magis
2342 638 2522 692 adhuc
2551 654 2609 694 se
2634 641 2821 703 tradit.
2869 649 3082 695 tantum
3136 645 3282 698 enim
3329 648 3551 705 absistit

1976 741 2045 780 ne
2096 726 2165 781 ad
2198 728 2302 781 alia
2351 744 2410 783 se
2455 740 2670 783 vertant
2704 730 2796 798 qui
2848 731 3025 800 ipsum
3067 735 3508 807 appropinquant
3531 778 3559 805 ,»

1978 824 2037 871 ut
2077 817 2252 887 magis
2285 818 2439 873 sitiat
2461 825 2521 872 ut
2558 819 2632 874 sit
2659 820 2783 876 sitis
2811 821 2878 876 de
2920 821 3061 891 ipso,
3097 823 3201 878 hoc
3247 836 3350 890 est,
3401 828 3547 886 desi-

1975 910 2156 965 derari
2195 910 2492 975 desiderat,
2531 921 2677 966 amat
2708 914 2880 968 amari
2912 920 2966 967 et
2999 914 3177 978 ipsmn
3236 918 3552 974 amantibus

1976 1001 2180 1072 absque
2206 1002 2411 1056 invidia
2440 1018 2657 1074 semper
2690 1020 2749 1060 se
2780 1006 3027 1075 largitur.
3080 1005 3261 1076 Usque
3296 1022 3364 1063 eo
3405 1010 3551 1065 enim

1977 1095 2417 1163 superexeellens
2470 1097 2804 1167 principium
2868 1098 3048 1153 omnis
3129 1099 3390 1157 bonitatis
3455 1118 3553 1172 per

1976 1181 2117 1236 dona
2150 1199 2213 1237 ex
2242 1184 2392 1237 omni
2430 1194 2583 1254 parte
2616 1188 2755 1240 bona
2796 1194 2847 1241 et
2872 1188 3180 1258 spiritualia
3211 1190 3296 1244 his
3331 1192 3423 1259 qui
3473 1192 3554 1245 in-

1976 1272 2303 1327 satiabiliter
2345 1275 2550 1330 fontem
2606 1277 2871 1333 bonitatis
2905 1279 3239 1344 desiderant,
3275 1296 3337 1336 se
3369 1282 3551 1336 immi—

1976 1370 2111 1417 scet.
2138 1361 2196 1417 ln
2226 1363 2313 1418 his
2342 1364 2475 1420 solis
2504 1365 2665 1422 donis
2694 1367 3023 1423 insatiabilis
3045 1369 3280 1424 aviditas
3306 1378 3360 1425 et
3382 1372 3552 1425 ambi-

1975 1450 2053 1504 tio
2090 1466 2253 1521 quam
2290 1454 2529 1509 maxime
2557 1455 2698 1509 bona
2750 1466 2836 1510 est
2876 1464 2929 1511 et
2975 1459 3181 1534 sanctis
3220 1459 3551 1515 conveniens

1974 1548 2027 1593 et
2054 1538 2325 1609 perfecta;
2360 1541 2415 1595 in
2453 1544 2840 1612 corporalibus
2865 1559 2994 1599 vero
3015 1553 3069 1600 et
3104 1547 3262 1603 avide
3298 1548 3551 1618 quaesitis

1975 1629 2180 1685 divitiis
2205 1638 2259 1685 et
2289 1631 2461 1701 gloria
2492 1641 2547 1688 et
2576 1634 2831 1691 omnibus
2859 1634 3153 1692 ﬂuentibus
3180 1645 3234 1693 et
3269 1648 3553 1695 transeun-

1976 1716 2123 1773 tibus
2183 1717 2282 1771 ειδνί
2310 1720 2454 1789 quod
2490 1736 2638 1776 nunc
2667 1730 2750 1779 est
2776 1724 2960 1787 bonis,
2999 1725 3232 1781 minoris
3275 1728 3449 1796 partis
3495 1736 3552 1781 et

1977 1805 2180 1875 gradus
2198 1822 2339 1872 esse,
2372 1809 2595 1880 dignum
2637 1819 2723 1867 est
2771 1812 3005 1869 tolerare
3042 1822 3098 1869 et
3143 1816 3348 1884 gratias
3391 1830 3554 1885 agere

1981 1898 2136 1952 bona:
2162 1908 2217 1953 et
2242 1900 2487 1955 omnium
2534 1904 2832 1973 operatrici
2861 1904 3247 1962 Providentiae.

1977 2032 2078 2090 HQ
2119 2032 2230 2109 Nec
2263 2037 2458 2104 omnia,
2472 2053 2563 2092 nec
2600 2054 2802 2109 semper
2825 2040 3024 2095 vincere
3049 2041 3285 2095 studeas.

2053 2136 2523 2205 Quemadmodum
2572 2152 2656 2200 est
2692 2144 2839 2198 vinci
2870 2145 2987 2200 sive
3024 2144 3183 2209 bene,
3223 2146 3338 2201 sive
3372 2154 3511 2203 male
3533 2188 3551 2215 ,

1988 2230 2066 2284 sic
2098 2238 2179 2287 est
2224 2233 2454 2291 victoria
2504 2236 2745 2307 legitime
2777 2244 2870 2292 aut
2907 2236 3098 2292 illicite
3134 2256 3148 2293 :
3197 2238 3337 2295 bene
3376 2242 3556 2297 victus

1973 2316 2119 2372 cedit
2135 2318 2229 2389 qui
2245 2318 2594 2389 phi1080phia
2608 2320 2813 2389 optima
2839 2327 2892 2374 et
2907 2317 3213 2373 humilitate
3240 2320 3554 2386 evangelica

1973 2409 2319 2479 obtemperat
2363 2410 2621 2466 omnibus
2658 2409 2863 2479 injuste
2907 2409 3195 2479 agentibus
3238 2417 3292 2462 et
3328 2407 3395 2461 de
3445 2404 3553 2461 sibi

1974 2499 2300 2554 nocentibus
2331 2499 2594 2553 ultionem
2618 2514 2725 2553 non
2757 2498 2961 2570 exigit;
2996 2498 3135 2551 male
3158 2503 3342 2551 autem
3360 2502 3415 2549 et
3446 2494 3552 2550 mi-

1975 2586 2284 2641 serabiliter
2314 2586 2554 2640 vincitur
2584 2602 2745 2655 quem
2778 2586 2856 2639 ira
2874 2593 2929 2641 et
2961 2585 3235 2639 desideria
3267 2599 3297 2637 a
3339 2582 3561 2637 ratione

1976 2693 2168 2733 aversa
2187 2677 2539 2732 dominantur
2562 2687 2614 2733 et
2649 2678 2841 2748 ignave
2868 2677 2933 2731 ad
2967 2674 3557 2759 peccatumOinducunt

1975 2779 2031 2826 et
2072 2774 2404 2843 expugnant;
2457 2772 2581 2827 Pari
2636 2771 2798 2827 modo
2839 2770 3080 2843 legitime
3123 2777 3179 2825 et
3219 2777 3337 2824 tuto
3385 2768 3558 2822 vincit

1977 2864 2070 2934 qui
2106 2864 2162 2918 in
2193 2864 2333 2919 bona
2360 2872 2415 2919 et
2458 2862 2696 2933 placenti
2748 2870 2803 2918 et
2854 2861 3094 2934 perfecta
3141 2860 3236 2916 Dei
3273 2860 3559 2916 voluntate

1979 2970 2155 3024 usque
2183 2955 2250 3009 ad
2284 2953 2673 3024 perfectionem
2703 2955 2914 3024 absque
2942 2953 3324 3008 immutatione
3347 2952 3554 3008 conﬁr-

1982 3054 2189 3114 matur;
2229 3046 2400 3100 vincit
2443 3061 2572 3100 vero
2624 3045 2816 3100 illicito
2840 3053 2895 3101 et
2931 3043 3243 3115 periculose
3289 3043 3381 3114 qui
3414 3041 3561 3112 inju-

1983 3136 2145 3191 stitia:
2168 3143 2222 3192 et
2250 3136 2555 3207 tyrannidis
2589 3135 2965 3191 dominatione
3008 3134 3264 3203 praevalet
3311 3142 3366 3188 ct
3402 3134 3564 3188 inno-

1980 3236 2169 3280 centes
2227 3224 2486 3294 opprimit
2545 3232 2599 3278 et
2662 3232 2885 3278 mactat.
2945 3222 3028 3277 Tu
3078 3238 3289 3292 ergo,o
3358 3221 3563 3276 athleta

1982 3315 2185 3371 Christi
2213 3314 2417 3384 judicis
2454 3310 2510 3369 in
2534 3314 2857 3379 certamine,
2904 3314 3094 3368 incitat
3144 3311 3562 3368 virtutis'insti-

1983 3413 2151 3470 tutor,
2184 3422 2252 3459 ne
2283 3406 2339 3460 in
2390 3406 2647 3461 omnibus
2693 3422 2817 3475 qua:
2846 3412 3106 3475 putantur
3152 3403 3297 3458 bona
3344 3403 3565 3457 vincere

1981 3505 2181 3562 certes,
2220 3496 2315 3552 sed
2351 3496 2405 3550 in
2455 3497 2542 3552 his
2600 3497 2734 3551 solis
2794 3510 2917 3564 qua:
2979 3496 3122 3550 bona
3171 3509 3361 3549 revera
3410 3500 3569 3557 sunt,

1983 3586 2194 3642 scilicet
2224 3586 2407 3641 divina
2440 3594 2495 3640 et
2517 3585 2853 3655 spiritualia;
2884 3596 2938 3640 et
2962 3586 3016 3638 in
3041 3584 3126 3639 his
3167 3598 3234 3640 ne
3270 3598 3485 3652 semper
3506 3591 3562 3638 et

1984 3677 2367 3747 intempestive
2418 3676 2759 3741 contendas,
2802 3676 2899 3731 sed
2943 3676 3166 3746 quando
3223 3682 3442 3745 tempus
3476 3683 3564 3730 est

1964 3768 2338 3839 acceptabile.
2386 3768 2578 3823 Melius
2617 3774 2701 3823 est
2741 3767 2886 3821 enim
2941 3784 2972 3821 a
3013 3766 3142 3822 Jesu
3188 3774 3243 3821 et
3296 3767 3562 3835 exemplis

1984 3859 2380 3929 discipulorum
2448 3858 2569 3927 ejus
2634 3857 2955 3913 humiliatos
3028 3856 3171 3911 vinci
3209 3855 3558 3923 etsuperari,

1985 3966 2147 4021 quam
2177 3966 2299 4007 sese
2326 3951 2651 4007 extollentes
2681 3950 2895 4004 vincere
2908 3958 2960 4004 et
2982 3962 3249 4021 superare
3280 3955 3333 4002 et
3357 3946 3425 4000 ad
3454 3945 3560 4001 im-

1986 4044 2201 4112 piorum
2238 4056 2488 4096 normam
2520 4041 2574 4095 in
2610 4040 2731 4112 pios
2763 4048 2818 4096 et
2849 4040 3088 4095 humiles
3115 4038 3407 4094 dominari.
3441 4035 3558 4102 Est,

1986 4132 2186 4200 inquit,
2220 4137 2273 4185 et
2305 4130 2361 4185 in
2395 4130 2598 4184 mundo
2638 4136 2916 4184 certantes
2966 4127 3153 4181 videre
3179 4140 3288 4178 non
3333 4122 3561 4176 omnino

1985 4222 2162 4277 victos
2210 4236 2276 4276 eo
2320 4221 2465 4291 quod
2516 4220 2748 4275 inferius
2797 4219 3148 4280 ceciderunt;
3192 4214 3369 4268 evenit
3413 4212 3559 4267 enim

1986 4311 2203 4381 quando
2235 4312 2596 4367 succubuisse
2622 4310 2874 4365 hostibus
2906 4307 3007 4362 visi
3049 4311 3179 4361 sunt
3212 4310 3265 4358 et
3294 4303 3443 4358 humi
3474 4302 3560 4372 ja-

1986 4406 2190 4469 cuisse,
2225 4403 2319 4472 qui
2348 4403 2534 4458 subito
2576 4402 2712 4472 pede
2756 4400 3063 4455 insilientes
3105 4396 3160 4449 in
3213 4393 3561 4449 adversarios

1989 4504 2044 4551 et
2075 4503 2360 4565 surgentes
2390 4494 2705 4563 superiores
2730 4498 2992 4562 apparent
3017 4506 3031 4555 ;
3054 4488 3135 4543 sic
3185 4488 3277 4557 qui
3335 4493 3558 4555 propter

1989 4586 2268 4642 Christum
2298 4595 2352 4641 et
2385 4584 2641 4640 mandata
2675 4584 2777 4638 sub
2810 4582 2877 4636 iis
2906 4582 3000 4649 qui
3035 4576 3381 4649 tyrannidem
3404 4589 3559 4630 exer-

1985 4693 2110 4735 cere
2140 4678 2320 4735 solent
2347 4680 2738 4740 succumbunt,
2756 4676 2808 4729 in
2829 4672 3135 4728 humilitate
3165 4685 3265 4724 sua
3285 4669 3556 4722 vicerunt.

1988 4856 2091 4913 155
2145 4856 2526 4910 Detrimentum
2591 4848 2805 4919 aliquod
2855 4848 3095 4917 patiare;
3134 4846 3195 4919 id
3248 4846 3384 4899 enim
3424 4860 3561 4914 δεῖρε

3132 4914 3363 4986 [lucrum
3386 4926 3485 4969 est.

2057 5015 2215 5070 Sicut
2250 5029 2349 5069 nec
2379 5016 2434 5069 in
2465 5010 2723 5067 omnibus
2766 5025 2868 5065 nec
2914 5022 3130 5077 semper
3176 5008 3392 5063 vincere
3439 5008 3560 5060 lau-

1983 5108 2185 5171 dabile,
2219 5106 2313 5162 sed
2368 5120 2469 5160 nec
2517 5104 2679 5168 vinci,
2732 5115 2967 5170 namque
3017 5098 3084 5152 ad
3130 5100 3458 5155 vincendum
3502 5098 3558 5153 in

1983 5200 2127 5255 bono
2155 5199 2378 5263 malum,
2415 5211 2522 5250 non
2555 5209 2684 5249 vero
2715 5193 2859 5247 vinci
2893 5207 2924 5245 a
2962 5190 3107 5245 malo
3133 5191 3452 5246 imitamur:
3480 5190 3559 5244 sic

1986 5306 2089 5345 nec
2155 5288 2354 5343 lucrari
2410 5300 2624 5356 semper
2683 5266 2915 5354 bontim,
2970 5290 3064 5337 aut
3139 5283 3341 5335 malum
3389 5277 3558 5331 detri-

1989 5389 2231 5439 mentum
2282 5379 2429 5451 pati;
2473 5387 2529 5433 et
2584 5392 2800 5431 rursum
2845 5374 2989 5446 quod
3044 5373 3227 5427 evenit
3287 5370 3554 5422 videmus.

1986 5470 2453 5540 Quemadmodum
2488 5468 2631 5522 enim
2680 5466 2819 5519 mala
2851 5463 3079 5518 victoria
3124 5460 3307 5515 clades
3334 5466 3419 5512 est
3447 5457 3559 5512 evi-

1986 5566 2143 5627 dens,
2175 5562 2355 5618 clades
2382 5576 2511 5615 vero
2558 5558 2699 5612 bona
2750 5570 2874 5610 vera
2924 5552 3152 5606 victoria
3204 5557 3308 5614 cst,
3359 5547 3439 5601 sic
3473 5555 3561 5603 est

1985 5658 2197 5712 lucrum
2231 5652 2374 5725 quod
2408 5652 2475 5707 de
2526 5647 2902 5718 corporalibus
2945 5659 3201 5713 magnum
3256 5639 3555 5696 detrimen-

1986 5761 2100 5805 tum
2132 5747 2285 5805 all'ert
2315 5743 2583 5810 lucranti,
2618 5758 2647 5799 e
2682 5746 2873 5796 contra
2903 5736 3290 5794 detrimentum
3325 5730 3468 5807 quod
3499 5730 3553 5783 in
