4030 6232
392 315 497 370 823

388 431 600 486 lucrum
657 447 756 502 pro
805 435 1031 504 patienti
1083 455 1300 495 versum
1362 451 1463 499 est.
1523 443 1766 519 Namque
1816 452 1959 506 sicut

388 523 698 590 plant-arum
729 527 1144 592 germinationis
1181 534 1456 602 superflua
1502 547 1773 607 secantes,
1810 541 1958 597 fruc-

388 623 538 666 tuum
591 613 804 670 lucrum
861 620 1038 687 majus
1085 622 1414 691 obtinemus,
1465 630 1546 683 sic
1591 634 1956 700 corporalium

394 717 537 772 δεερο
563 704 945 762 detrimentum
996 710 1176 767 facere
1227 715 1509 787 eligentes,
1559 721 1614 775 in
1659 725 1960 793 spirituali-

386 792 489 846 bus
522 794 900 864 abundamus;
945 808 1000 854 et
1044 818 1237 860 rursus
1280 806 1334 860 in
1381 810 1544 864 rebus
1583 792 1958 872 materialibus

387 883 662 939 lucrantes
711 902 817 940 non
863 888 1000 944 bene
1051 900 1106 946 et
1153 895 1514 963 abundantes,
1568 916 1656 956 res
1707 887 1954 961 immate-

387 974 547 1029 riales
593 984 646 1030 et
692 989 974 1037 manentes
1026 985 1325 1052 perdimus.
1355 987 1459 1043 Per
1491 1006 1612 1060 qua:
1657 995 1799 1050 enim
1845 1014 1956 1053 non

382 1067 530 1132 juste
571 1071 652 1122 vel
705 1072 867 1125 etiam
919 1074 1069 1142 juste
1121 1080 1497 1149 prmvalemus,
1548 1088 1638 1156 qui
1674 1104 1780 1142 non
1819 1090 1976 1159 bene,

385 1157 481 1211 sed
513 1159 713 1227 injuste
759 1178 974 1233 semper
1002 1167 1264 1225 addentes
1297 1175 1617 1243 augebimus
1660 1178 1879 1236 divitias
1905 1192 1956 1236 et

385 1245 438 1296 in
470 1247 625 1301 vanis
681 1253 1210 1323 supcrabundamus,
1245 1263 1525 1317 materiam
1570 1265 1710 1336 ignis
1748 1269 1842 1322 irae
1873 1270 1958 1323 di-

383 1338 521 1393 vina:
545 1343 984 1402 thesaurizamus
1018 1357 1071 1403 et
1099 1352 1349 1408 morbum
1385 1359 1600 1426 corpori
1632 1375 1726 1428 per
1758 1361 1955 1416 intem-

385 1431 686 1495 perantiam
727 1434 779 1487 in
813 1435 896 1491 his
928 1438 1286 1499 acquirimns.
1416 1445 1426 1456 ‘

618 1525 827 1599 nullam
852 1527 958 1599 Deo
988 1546 1193 1598 poenam
1227 1532 1401 1599 debes,

529 1590 639 1673 [γορ
675 1589 1155 1673 ipsein‘delfitores
1183 1589 1477 1661 misericors
1505 1609 1611 1673 sis;

384 1653 485 1713 1ΐῖ9
536 1653 725 1750 Verum
756 1667 802 1717 si
830 1667 1013 1746 “debiti
1062 1669 1158 1722 tibi
1205 1653 1476 1730 ccidit};
1505 1653 1607 1742 EI,’
1634 1681 1781 1746 prior
1845 1682 1953 1750 ipse

601 1733 876 1788 clementia
904 1747 1065 1793 utere.
1569 1733 1581 1742 ’
1623 1767 1628 1772 ·

384 1797 487 1852 160
522 1799 856 1924 Μὶδεταίξρριὶ
901 1809 1038 1860 enim
1088 1811 1359 1865 miseratio
1398 1815 1558 1869 etiam
1606 1819 1747 1888 apud
1779 1818 1948 1872 Deum

593 1887 746 1924 renen
791 1882 916 1924 rtur.

593 1882 916 1939 rependitur.

452 1959 526 2013 De
558 1962 819 2031 patientia
849 1979 903 2021 et
934 1972 1356 2029 mansuetudine
1384 1979 1694 2047 evangelice
1731 1981 1786 2035 in
1833 1983 1953 2039 istis

380 2061 407 2100 a
446 2049 553 2104 Deo
589 2055 891 2120 procedens
939 2065 994 2113 ct
1046 2060 1276 2130 loquens
1330 2068 1503 2134 gratia
1561 2069 1834 2126 admonet.
1896 2073 1952 2128 Si

381 2145 618 2206 noveris,
653 2147 851 2215 inquit,
878 2150 1021 2218 quod
1055 2167 1225 2221 purus
1267 2163 1319 2209 et
1349 2158 1571 2213 omnino
1612 2160 1954 2232 irreprehen-

377 2234 556 2289 sibilis
581 2237 717 2290 nihil
754 2236 863 2293 Deo
893 2241 1093 2295 debeas
1137 2257 1330 2311 parum,
1376 2248 1772 2305 rationabiliter
1814 2252 1955 2309 forte

375 2333 430 2378 et
479 2333 534 2378 tu
593 2327 800 2397 absque
853 2332 1227 2388 misericordia
1279 2352 1402 2391 cum
1464 2339 1801 2398 debitoribus
1841 2346 1952 2402 tuis

376 2423 582 2480 tracta;
624 2419 671 2472 si
717 2433 844 2473 vero
894 2419 1198 2476 debitorem
1236 2432 1289 2479 te
1321 2429 1608 2496 agnoveris
1651 2432 1952 2489 innumeris

373 2507 818 2576 cogitationibus,
858 2511 1034 2568 verbis
1085 2521 1139 2568 et
1183 2516 1465 2584 operibus,
1510 2518 1758 2587 profecto
1787 2522 1953 2580 debes

374 2608 428 2652 et
455 2598 749 2668 patientem
799 2600 909 2656 Deo
949 2601 1199 2660 fenerare
1241 2621 1372 2676 erga
1414 2623 1760 2678 conservum,
1800 2628 1955 2668 man-

374 2689 1008 2748 suetudine.Dominica:
1065 2695 1160 2750 irae
1208 2697 1550 2754 intolerabile
1608 2701 1847 2771 placare,
1899 2712 1953 2759 et

375 2779 729 2837 miseratione
750 2798 878 2854 erga
904 2788 1216 2853 proximum
1244 2790 1773 2848 animadversionem
1798 2811 1951 2850 aver-

373 2881 514 2938 tens,
565 2874 999 2930 benevolentiam
1053 2893 1181 2948 erga
1231 2888 1284 2935 te
1336 2881 1610 2938 hominem
1664 2886 1745 2940 sic
1789 2887 1953 2943 bene-

371 2964 611 3019 volentia
669 2975 760 3019 tua
814 2981 939 3036 erga
1009 2970 1145 3024 alios
1203 2973 1448 3027 obtinere
1501 2993 1513 3027 :
1578 2977 1951 3032 misericordia

372 3055 518 3107 enim
548 3064 602 3108 et
635 3057 971 3125 benignitate
1019 3059 1181 3114 nobis
1225 3061 1362 3129 ipsis
1413 3065 1844 3121 misericordiam
1895 3077 1949 3124 et

373 3143 766 3213 benignitatem
822 3145 1062 3200 divinant
1125 3151 1469 3218 attrahimus,
1527 3155 1715 3212 eadem
1779 3159 1952 3215 abun-

373 3234 558 3288 dantia
593 3250 697 3304 qua
728 3236 979 3292 dedimus
1002 3239 1255 3294 collatam
1289 3243 1476 3311 nobis;
1505 3255 1558 3300 et
1585 3248 1772 3304 eadem
1796 3266 1947 3306 men-

375 3333 504 3377 Sura
539 3340 644 3394 qua
673 3327 846 3380 mensi
884 3326 1088 3384 fuimus
1121 3332 1278 3388 nobis
1317 3336 1620 3390 remetitur.

603 3419 1048 3499 quandoninjuria
1081 3425 1394 3499 _accenderit
1440 3442 1661 3483 mentem
1703 3441 1872 3499 tuam,

375 3487 478 3540 162
518 3487 777 3542 Memento
809 3487 1010 3544 Christi
1041 3493 1257 3563 ejusque
1289 3497 1578 3552 vulnerum.

446 3578 673 3644 Quando
706 3581 775 3635 ab
801 3596 908 3635 uno
943 3597 973 3636 e
1003 3584 1200 3638 vicinis
1231 3579 1430 3655 injuria
1465 3599 1698 3648 aestuare
1733 3593 1866 3648 facit
1899 3603 1951 3650 et

373 3671 616 3725 animum
645 3673 876 3726 multum
915 3689 1142 3729 movens
1171 3683 1337 3746 atque
1361 3677 1709 3735 vehementer
1743 3691 1950 3739 tumere

374 3761 604 3828 faciens,
648 3780 902 3834 magnum
929 3774 986 3820 ut
1019 3781 1148 3821 vero
1171 3767 1348 3822 simile
1381 3781 1465 3824 est
1487 3772 1706 3827 malitia:
1733 3773 1948 3828 inflam-

372 3861 484 3907 mat
542 3855 850 3910 inccndium
913 3868 966 3912 et
1025 3866 1173 3911 tuam
1237 3869 1473 3915 mentem
1525 3862 1589 3916 ad
1654 3865 1948 3920 vindictam

373 3945 575 4008 adurit,
625 3947 913 4001 confestim
963 3958 1238 4004 memento
1289 3950 1539 4007 Christi:
1575 3956 1950 4012 recordatione

374 4043 623 4106 prompta
647 4043 700 4091 et
727 4037 846 4090 viva
875 4038 1016 4108 finge
1049 4039 1144 4093 tibi
1170 4039 1288 4108 ejus
1319 4041 1553 4110 injurias
1577 4050 1630 4097 et
1665 4043 1948 4103 illusiones

372 4137 424 4181 ct
459 4127 668 4197 flagella
699 4137 751 4182 et
783 4130 1008 4183 vulnera
1035 4145 1156 4198 quae
1186 4131 1241 4184 in
1295 4147 1457 4186 cruce
1499 4144 1718 4204 propter
1751 4143 1801 4190 te
1823 4153 1948 4206 pas-

375 4232 469 4271 sus
495 4225 600 4280 est,
644 4227 700 4271 et
759 4218 1036 4288 sequipara
1081 4220 1134 4273 in
1184 4221 1379 4290 spiritu
1429 4236 1537 4289 qua
1580 4238 1835 4278 mensura
1873 4226 1978 4280 tui-

373 4307 590 4361 dolores
643 4317 791 4361 retro
837 4308 1056 4363 dolores
1107 4309 1317 4363 Domini
1367 4312 1712 4381 relinquunt;
1769 4318 1948 4386 cogita

375 4409 484 4447 non
538 4396 713 4450 solum
753 4397 1012 4454 'dolorum
1050 4399 1435 4469 differentiam,
1486 4407 1756 4473 quomodo
1799 4424 1947 4463 com-

379 4490 552 4558 parati
585 4491 661 4544 tui
694 4490 974 4544 minimam
1020 4502 1225 4561 parlem
1269 4494 1519 4548 dolorum
1565 4497 1738 4566 ipsius
1765 4509 1952 4555 osten-

375 4581 550 4645 dunt,
616 4582 712 4638 sed
762 4591 815 4636 et
850 4599 1140 4653 personam
1184 4585 1478 4641 recordare
1527 4591 1800 4658 patientis,
1824 4593 1952 4662 quia

372 4673 490 4743 ipse
513 4673 656 4729 Deus
691 4681 743 4730 et
773 4675 1049 4744 magister,
1083 4675 1206 4745 quia
1235 4677 1317 4731 vel
1350 4693 1458 4732 non
1505 4694 1666 4749 quam
1706 4681 1949 4746 minime,

373 4783 474 4822 nec
520 4769 852 4838 cogitatione
903 4783 1003 4822 nec
1051 4769 1234 4839 lingua
1279 4786 1519 4840 unquam
1558 4774 1818 4842 peccavit.
1871 4773 1952 4828 Tu

376 4873 507 4912 vero
540 4867 594 4913 et
620 4861 782 4914 homo
812 4876 870 4915 es
893 4872 946 4915 et
977 4877 1190 4925 servus,
1239 4870 1291 4914 et
1321 4862 1591 4919 obnoxius
1616 4866 1804 4921 multis
1833 4866 1955 4919 mil-

376 4951 518 5003 libus
571 4953 920 5022 negligentiis
970 4953 1213 5026 quotidie
1263 4954 1484 5021 laberis,
1532 4963 1587 5010 et
1630 4957 1708 5012 sic
1753 4959 1953 5014 talibus

376 5039 804 5106 cogitationibus
842 5044 1000 5111 quasi
1041 5045 1196 5114 aquis
1242 5043 1543 5100 Salvatoris
1580 5047 1868 5104 incantans
1897 5059 1953 5105 ct

377 5129 617 5199 irrigans
655 5131 890 5184 animam
938 5145 1107 5202 tuam,
1152 5137 1376 5193 ardores
1419 5139 1728 5194 alﬂictionis
1761 5149 1814 5195 et
1859 5141 1952 5195 ine

377 5219 679 5287 exstingue.

375 5399 478 5454 165
519 5401 704 5466 Amor,
739 5399 986 5467 ebrietas,
1024 5402 1172 5468 livor,
1217 5416 1265 5459 et
1305 5407 1532 5470 dremon,
1560 5409 1806 5478 tequulia.

427 5495 698 5557 'Quatuor
752 5494 867 5549 11820
918 5498 1233 5550 summatim
1283 5514 1545 5571 apparere
1582 5499 1948 5567 insipientiam

375 5594 430 5640 et
462 5587 866 5644 aberrationem
904 5591 1129 5660 spiritus
1171 5591 1238 5646 ad
1285 5592 1469 5662 pejora
1507 5599 1561 5646 et
1617 5591 1952 5644 immutatio-

378 5690 502 5732 nem
526 5679 844 5735 induccntia
868 5683 1310 5752 cognoscendum
1339 5690 1444 5744 est,
1469 5697 1622 5734 amor
1652 5695 1944 5750 corporum

375 5771 672 5830 effrenatus
717 5782 769 5831 et
805 5775 1194 5834 immoderatus
1245 5785 1294 5833 et
1354 5775 1573 5840 ardens,
1619 5774 1852 5830 ebrietas
1897 5783 1948 5830 et

1758 332 2052 393 NICETAS
2075 338 2159 394 DA
2170 339 2280 394 ΥΠ)

3546 357 3654 412 93ἰᾶ

2068 457 2215 512 ὥσπε
2224 478 2255 530 ρ
2275 459 2340 514 τά
2372 462 2598 534 περιττά
2627 464 2725 535 τῆς
2740 463 2973 536 βλάστης
2990 466 3098 520 τῶν
3115 468 3297 538 φυτῶν
3325 473 3654 542 περιτεμόν-

2057 560 2168 610 τες,
2195 547 2253 599 τὸ
2280 547 2385 600 ἀπὸ
2400 550 2499 620 τῆς
2527 551 2831 623 εὐκαρπίας
2854 554 3043 626 κέρδος
3066 557 3228 611 πλέον
3257 557 3600 629 ποριζόμεθα
3631 573 3651 588 ⁸

2059 633 2200 687 οὕτω
2210 635 2277 687 τὰ
2293 639 2574 708 σωματικὰ
2588 641 2845 705 πολλάκις
2857 642 2889 706 ζ
2892 661 2921 713 η
2933 643 3051 714 μιοῦ
3059 645 3181 698 σθαι
3199 645 3648 718 προαιρούμενοι,

2057 725 2172 785 τοῖς
2202 731 2588 794 πνευματικοῖς
2617 729 3049 800 ὲνευθηνούμεθα
3073 747 3086 760 ·
3121 733 3214 786 καὶ
3239 733 3494 803 ἔμπαλιν,
3528 740 3648 801 τοῖς

2058 809 2167 862 ἀπὺ
2193 812 2291 880 τῆς
2318 811 2447 881 ὕλης
2479 816 2848 886 κερδαίνοντες
2877 819 2936 870 ού
2965 818 3142 882 καλῶς
3163 821 3258 873 xui.
3287 820 3640 892 πληθυνόμε-

2059 919 2138 954 νοι
2157 942 2171 965 ,
2194 903 2261 955 τὰ
2287 904 2418 958 ama
2442 905 2784 977 ζημιούμεθα
2800 909 2892 961 xui.
2921 901 3170 978 μένοντα·
3201 914 3285 980 ἐφ’
3318 909 3398 976 οἷς
3425 916 3534 986 γὰρ
3569 919 3635 969 οὐ

2057 993 2281 1056 δικαίως
2324 994 2356 1064 ἣ
2393 996 2485 1048 xui
2523 997 2745 1060 δικαίως
2784 1001 3111 1071 προέχομεν,
3149 1003 3307 1074 εἴπερ
3341 1005 3401 1057 ού
3455 1007 3640 1071 καλῶς

2058 1082 2178 1134 ἀλλ’
2205 1083 2407 1145 ἀδίκως
2435 1085 2520 1136 ἀεὶ
2547 1088 2929 1156 προστιθέντες
2957 1091 3338 1163 προσαύξομεν
3357 1095 3448 1148 τὸν
3478 1097 3660 1168 1:105-~

2057 1191 2148 1226 τον
2179 1175 2272 1227 xui.
2320 1175 2498 1245 μάτην
2527 1176 3054 1250 ύπερπλεονάζομεν,
3099 1182 3232 1251 ὕλην
3261 1185 3359 1252 μὲν
3383 1184 3459 1255 τῷ
3501 1189 3642 1255 πυρὶ

2056 1266 2156 1334 τῆς
2183 1265 2331 1329 θείας
2359 1267 2872 1339 ἀποθησαυρίζομεν
2912 1271 3078 1342 ὀργῆς
3099 1313 3113 1336 ,
3148 1275 3300 1325 νόσον
3327 1274 3380 1327 δὲ
3416 1275 3492 1346 τῷ
3525 1276 3639 1329 σώ-

2062 1373 2189 1426 ματι
2216 1357 2306 1410 διὰ
2335 1357 2434 1426 τῆς
2472 1360 2740 1430 ἀμετρίας
2764 1361 2996 1414 ἐνταῦθα
3029 1363 3422 1435 προξενοῦμεν.

2191 1561 2260 1611 El
2285 1557 2480 1630 μηδὲν
2501 1559 2708 1630 ὀφλεις
2731 1559 2807 1624 τῷ
2838 1559 2959 1626 Θεῷ
2986 1561 3290 1630 τιμωρίας,

2186 1627 2345 1700 ΜηιῖΔ
2371 1627 2552 1700 αὕτὸρ
2573 1630 2702 1700 ,ἴσθι
2730 1630 2852 1696 τοῖς
2886 1627 3143 1698 ὄφλοὺσὶ
3183 1627 3526 1700 συμπαθής.

2009 1743 2012 1746 .
2060 1696 2164 1752 159
2197 1699 2267 1751 Et
2298 1696 2349 1749 δ’
2371 1695 2539 1764 οἶδας
2559 1699 2783 1768 osculum,
2816 1695 3292 1770 καῖ’πρόγρησοᾶο
3318 1701 3384 1754 τὸ
3407 1695 3639 1770 aptior.

2058 1829 2161 1885 160
2199 1831 2384 1898 Οἴκτῳ
2411 1833 2518 1903 γὰρ
2549 1829 2749 1898 οἶκτος
2777 1832 2872 1886 καὶ
2913 1831 3033 1898 Θεῷ
3060 1833 3452 1902 σταθμίζεται.

2126 1987 2259 2056 Περὶ
2296 1985 2647 2050 ἀνεξικακίας
2679 1989 2774 2041 xui.
2813 1990 3117 2061 πραότητος
3154 1989 3523 2061 εὐαγγελικῶς
3571 1991 3638 2042 ἐν

2053 2077 2261 2140 τούτοις
2289 2079 2322 2147 ή
2351 2077 2638 2148 θεόϐρυτος
2662 2079 2822 2150 χάρις
2849 2081 2942 2133 καὶ
2968 2080 3228 2150 θεηγόρος
3253 2081 3512 2134 νουθετεῖ.
3541 2082 3637 2133 Εἷ-

2054 2185 2159 2239 περ
2183 2163 2350 2232 οἶδας,
2380 2169 2563 2238 φησὶν,
2594 2170 2668 2233 ὡς
2699 2169 2939 2240 καθαρὸς
2959 2169 3034 2223 ὣν
3055 2172 3149 2223 καὶ
3177 2173 3353 2240 πάντη
3380 2170 3636 2242 ἀναμάρ-

2052 2276 2231 2328 τητος,
2281 2259 2431 2311 οὐδὲν
2471 2259 2550 2328 τῷ
2598 2259 2716 2330 Θεῷ
2770 2261 3002 2328 ὀφείλεις
3040 2263 3342 2332 τιμωρίας,
3394 2262 3635 2330 εὐλόγως

2053 2350 2212 2420 τυχὸν
2241 2349 2335 2403 καὶ
2361 2349 2523 2413 αὐτὸς
2547 2351 2886 2421 ἀσυμπαθῶς
2910 2352 3078 2423 κέχρη
3089 2370 3148 2405 σο
3171 2357 3285 2417 τοῖς
3320 2354 3631 2422 ὀφειλέταις

2012 2461 2030 2478 ν
2053 2445 2164 2505 τοῖς
2189 2444 2329 2505 σοῖς·
2369 2443 2416 2495 εἰ
2441 2442 2498 2496 δὲ
2537 2442 2820 2514 ὀφειλέτην
2875 2443 3120 2507 σύνοιδας
3148 2445 3345 2498 σαυτὸν
3379 2447 3438 2497 ὲν
3469 2447 3634 2500 ἀπεί-

2058 2548 2167 2603 ροις
2191 2549 2248 2584 τε
2282 2531 2562 2601 λογισμοῖς
2605 2533 2696 2584 καὶ
2740 2533 2919 2600 λόγοις
2956 2533 3051 2586 καὶ
3097 2534 3361 2604 πράξεσι,
3414 2537 3632 2599 πάντως

2053 2621 2287 2690 ὀφείλεις
2303 2622 2397 2675 καὶ
2423 2623 2482 2674 τὸ
2506 2623 2825 2688 ἀνεξίκακον
2849 2623 3219 2693 προδανείσειν
3241 2624 3317 2694 τῷ
3341 2625 3479 2697 Θεῷ,

2054 2713 2188 2780 πρὸς
2211 2712 2300 2768 τὸν
2325 2713 2606 2766 σύνδουλον
2629 2714 2893 2784 πραότητι
2918 2715 2977 2767 τὸ
3003 2715 3136 2768 πολὺ
3164 2717 3264 2786 τῆς
3290 2717 3633 2786 Δεσποτικῆς

2052 2803 2221 2875 ὀργῆς
2253 2804 2566 2875 ύποτεμεῖν,
2588 2805 2680 2858 xui.
2703 2807 2768 2875 τῇ
2797 2805 3108 2876 συμπαθείᾳ
3124 2808 3190 2876 τῇ
3217 2807 3354 2877 πρὸς
3374 2806 3464 2858 τὸν
3494 2806 3631 2876 πλη.

2056 2895 2168 2947 σίον
2197 2895 2596 2966 ὑφαιρούμενος
2633 2896 2731 2967 τὴν
2763 2897 3155 2966 ἀγανάκτησιν,
3183 2897 3285 2968 τὴν
3317 2898 3625 2968 φιλανθρω-

2053 2984 2182 3035 πίαν
2213 2983 2354 3035 οὕτω
2379 2983 2466 3036 διά
2495 2983 2900 3055 φιλανθρωπίας
2930 2985 3264 3039 ἐπισπᾶσθαι
3287 3000 3301 3013 '
3328 2987 3493 3055 οἴκτῳ
3519 2986 3629 3056 γὰρ

2054 3071 2146 3125 τὸν
2179 3069 2356 3125 οἶκτον
2384 3074 2478 3128 καὶ
2503 3073 2638 3143 ἐλέῳ
2663 3074 2751 3127 τὸν
2781 3075 2926 3126 ἔλεον
2948 3076 3157 3138 ἑαυτοῖς
3188 3076 3278 3129 τὸν
3303 3075 3443 3129 θεῖον
3463 3075 3634 3144 ἐφελ-

2053 3164 2280 3236 κόμεθα,
2305 3165 2580 3235 ἀναλόγως
2602 3161 2645 3234 ᾧ
2660 3167 2873 3237 δίδομεν
2899 3169 3153 3221 ἀντισταο
3163 3167 3446 3239 μιζόμενον
3465 3171 3631 3238 ἡμῖν,

2053 3255 2146 3308 xui.
2184 3248 2227 3322 ᾧ
2263 3256 2443 3327 μέτρῳ
2473 3256 2778 3328 μετροῦμεν
2815 3257 3305 3330 ἀντιμετρούμενον
3337 3259 3488 3328 ἡμῖν.

2054 3435 2150 3508 lii!
2188 3437 2374 3491 Ὅταν
2396 3439 2527 3492 ποθ’
2560 3439 2724 3505 ὕϐρις
2746 3437 2932 3508 ἐκκὰῃ
2959 3440 3075 3507 τὴν
3097 3439 3217 3506 σὴν
3241 3437 3446 3508 φρένα,

2055 3506 2157 3559 162
2170 3508 2480 3574 Μνήσθητι
2507 3509 2762 3576 Χριστοῦ
2782 3506 2964 3562 τῶν-τ’
2993 3506 3228 3563 ἐκείνου
3244 3506 3624 3578 τραυμάτων.

2133 3593 2303 3647 Ἠνίκ’
2330 3595 2394 3648 ἄν
2431 3613 2520 3649 του
2550 3599 2613 3649 ὲκ
2635 3597 2946 3666 γειτόνωνή
2977 3597 3135 3668 ὕϐρις
3175 3597 3506 3660 ἀναζέσασα,
3531 3597 3633 3649 καὶ

2052 3688 2132 3750 είς
2157 3686 2289 3755 ὕψος
2327 3687 2552 3758 ἀρθεῖσα
2587 3687 2728 3757 μέγα
2756 3727 2770 3751 ,
2799 3689 2891 3742 xui.
2923 3688 3127 3758 σφόδρα
3171 3687 3624 3759 μετεωρισθεῖσα,

2052 3777 2273 3849 πολλὴν,
2302 3779 2378 3842 ὡς
2411 3779 2576 3843 εἰκὸς,
2600 3780 2697 3848 τὴν
2729 3780 2827 3850 τῆς
2852 3779 3050 3842 κακίας
3083 3780 3422 3851 ἀναῤῥιπίσῃ
3450 3778 3630 3847 φλόγα

2051 3869 2145 3921 καὶ
2173 3872 2272 3940 τὴν
2307 3870 2404 3939 σὴν
2441 3868 2725 3942 ἀνακαύσῃ
2757 3870 2994 3923 διάνοιαν
3048 3870 3183 3940 πρὸς
3219 3871 3446 3938 ἄμυναν,
3491 3868 3632 3920 ὑπο-

2055 3958 2318 4028 μνήσθητι
2361 3959 2611 4027 παραυτά
2656 3959 2750 4011 τοῦ
2792 3957 3059 4031 Χριστοῦ,
3097 3956 3500 4026 φαντασιώθητι
3549 3954 3631 4007 δι’

2051 4049 2307 4120 ἐνεργοῦς
2339 4050 2688 4120 μνημοσύνης
2717 4051 2877 4114 εὐθὺς
2903 4051 3011 4103 τῶν
3043 4049 3252 4120 ὕϐρεων
3288 4049 3496 4101 ἐκείνου
3528 4047 3631 4099 καὶ

2051 4139 2382 4210 ἐμπαιγμῶν
2429 4140 2522 4192 xui.
2578 4141 2858 4208 μαστίγων
2901 4140 2994 4192 καὶ
3044 4139 3392 4210 τραυμάτων,
3443 4130 3518 4190 ὧν
3563 4136 3634 4187 ἐν

2053 4229 2270 4301 σταυρῷ
2314 4230 2514 4299 ὑπέσχε
2561 4230 2648 4284 διὰ
2677 4232 2764 4292 σὲ,
2801 4230 2894 4285 xui.
2929 4230 3242 4298 ἁναλόγισαι
3291 4228 3368 4299 τῷ
3402 4228 3478 4281 νοΐ
3526 4243 3628 4280 σου

2051 4320 2269 4390 νοερῶς,
2295 4321 2444 4391 πόσῳ
2463 4321 2646 4390 μέτρῳ
2662 4320 2727 4373 ea:
2742 4321 2808 4374 σὰ
2833 4321 2976 4391 πάθη
2994 4320 3101 4372 τῶν
3126 4319 3467 4373 Δεσποτικῶν
3494 4321 3630 4372 ἀπο-

2051 4413 2374 4483 λιμπάνεται
2393 4428 2407 4443 '
2431 4413 2710 4484 ἐννοήθητι
2739 4412 2812 4484 μὴ
2841 4413 2947 4466 τῶν
2967 4413 3305 4483 παθημάτων
3337 4411 3493 4481 μόνον
3523 4411 3631 4483 τὴν

2048 4502 2327 4574 διαφορὰν,
2365 4503 2440 4566 ὡς
2461 4504 2522 4556 τὸ
2553 4503 2839 4558 πολλοστὸν
2879 4504 3042 4574 μέρος
3070 4503 3178 4556 τῶν
3211 4503 3416 4555 ἐκείνου
3444 4519 3628 4572 παρα-

2050 4595 2306 4664 τιθέμενα
2343 4594 2618 4647 δείκνυται
2663 4594 2730 4646 τὰ
2776 4593 2880 4657 σὰ,
2913 4594 3047 4648 ἀλλά
3089 4595 3184 4646 xui.
3228 4593 3288 4647 τδ
3327 4593 3627 4664 πρόσωπον

2056 4685 2323 4757 μνήσθητι
2345 4685 2436 4737 τοῦ
2463 4686 2779 4754 πάσχοντος,
2819 4686 2901 4738 ὅτι
2933 4688 2961 4738 ὁ
2999 4686 3095 4754 μὲν
3125 4685 3254 4748 Θεὸς
3287 4686 3380 4737 xui.
3412 4683 3627 4736 Δεσπό-

2050 4777 2274 4844 της,καὶ
2305 4774 2412 4828 οὐδ’
2450 4776 2572 4827 ὅσον
2605 4774 2782 4842 ὀλίγον
2816 4776 2923 4828 οὐδ’
2964 4777 3047 4828 ἐπ’
3073 4775 3300 4838 ἐννοίαις
3332 4775 3364 4844 ἢ
3399 4774 3627 4845 γλώσσῃ

2052 4866 2270 4918 πώποτε
2315 4864 2594 4935 ἁμαρτὼν,
2643 4865 2706 4917 σὺ
2749 4865 2805 4917 δὲ
2837 4866 2932 4918 xui.
2979 4865 3263 4934 ἄνθρωπος
3311 4864 3402 4917 καὶ
3435 4863 3630 4928 δοῦλος

2053 4957 2145 5010 xui.
2184 4957 2362 5026 ἔνοχος
2401 4955 2614 5028 μυρίοις
2649 4957 2770 5008 καθ’
2802 4958 3040 5026 ἑκάστην
3071 4956 3392 5010 ὑποπίπτων
3439 4955 3632 5025 πλημ-

2054 5045 2346 5115 μελήμασι,
2374 5045 2468 5095 xui.
2495 5043 2636 5095 οὕτω
2663 5044 2726 5114 δὴ
2758 5046 2876 5106 ταῖς
2910 5042 3189 5104 τοιαύταις
3212 5042 3322 5094 τῶν
3344 5041 3632 5110 λογισμῶν

2049 5134 2278 5197 ἐννοίαις
2304 5134 2378 5197 ὼς
2408 5132 2591 5186 ὕδασιν
2622 5132 2813 5186 ἑαυτοῦ
2848 5131 3168 5201 κατεπᾴδων
3196 5131 3290 5183 xui.
3317 5130 3496 5200 ἄρδων
3527 5131 3635 5200 τὴν

2050 5227 2250 5297 ψυχὴν,
2289 5226 2348 5279 τὸ
2401 5225 2726 5295 φλεγμαῖνον
2765 5225 2863 5293 τῆς
2909 5222 3087 5294 λύπης
3133 5222 3497 5276 καταοϐἐσαιο
3531 5223 3634 5275 καὶ

2052 5320 2151 5388 τῆς
2179 5318 2363 5388 697i:-

2057 5409 2155 5464 165
2186 5411 2392 5474 Ἔρως,
2411 5407 2583 5477 μέθη,
2615 5408 2790 5474 ζῆλός
2812 5422 2873 5459 τε
2899 5405 2995 5460 καί
3013 5405 3239 5472 δαίμων
3258 5399 3383 5458 ἶσα.

2126 5500 2378 5570 Τέσσαρα
2407 5499 2597 5562 ταῦτα,
2639 5498 3022 5566 κεφαλαιωδῶς
3054 5497 3239 5564 φάναι,
3271 5496 3640 5567 παραφροσύ-

2053 5608 2150 5661 νης
2185 5591 2278 5644 xui.
2303 5591 2399 5660 τῆς
2431 5592 2520 5644 ἐπὶ
2543 5590 2602 5642 τὸ
2631 5592 2809 5660 χεῖρον
2837 5591 3143 5650 ἐκστάσεως
3175 5586 3268 5639 τοῦ
3303 5585 3392 5638 νοῦ
3421 5604 3630 5654 γνωρι-

2055 5680 2206 5733 στέον
2255 5681 2349 5734 xui.
2398 5681 2754 5751 παρατροπῆς
2809 5680 3101 5749 ποιητικὰ,
3159 5679 3301 5747 ἔρως
3353 5679 3633 5748 σωμάτων

2055 5772 2348 5836 ἀκόλαστος
2385 5773 2474 5827 καὶ
2515 5771 2761 5842 ἀκρατὴς
2793 5772 2883 5824 xui
2918 5770 3218 5842 μανιώδης,
3253 5769 3389 5840 μέθη
3421 5768 3516 5825 καὶ
3547 5773 3632 5824 οι-
