4030 6232
270 293 385 353 825

279 418 569 490 νοφλυγία,
596 417 729 489 πρὸς
756 416 813 507 δὲ
837 417 931 473 καὶ
964 418 1124 491 ζῆλος
1155 420 1419 493 φονώδης,
1449 423 1508 487 ὃς
1528 425 1673 478 ἐστιν
1692 426 1862 497 ὀργῆς

285 511 480 581 ἔξαψις
517 511 612 563 καὶ
640 509 814 563 λύσσα
833 527 847 540 ·
891 509 967 574 ὡς
1000 511 1189 582 πόρρω
1228 512 1327 582 μὲν
1367 513 1461 566 τοῦ
1491 513 1696 584 ἀγαθοῦ
1725 517 1861 569 ἀπο-

280 600 656 672 διοικιζόμενα
680 641 694 665 ,
729 600 958 672 δαίμονα
995 601 1052 654 δὲ
1095 600 1299 656 τούτων
1331 603 1560 658 ἕκαστον
1613 605 1861 678 ἀνάπτην

283 694 386 748 καὶ
431 692 869 764 ἐπισπουδαστὴν
910 691 1351 764 κεκληρωμένον,
1380 689 1461 760 οἷς
1494 694 1561 750 ἂν
1589 698 1860 766 ἐπισφρα-

284 785 494 852 γίσειεν
533 781 755 852 ἀφανῶς
794 783 1192 854 ἐπιτιθέμενον,
1223 783 1321 855 τὴν
1355 785 1615 857 φρόνησιν
1651 786 1863 853 τούτοις

285 876 592 941 ἐπικλύζει,
626 875 719 930 καὶ
747 874 837 928 τὸν
869 876 1028 947 ὀρθὸν
1046 875 1204 946 λόγον
1232 880 1603 949 παραιρεῖται.
1636 878 1733 942 Τίς
1765 875 1861 933 οὖν

283 972 320 1040 ή
362 967 568 1022 τούτων
604 966 745 1030 ἴασις
796 967 887 1020 κα)⁸
934 966 1241 1038 θεραπείας
1281 968 1447 1040 Τῆξις
1495 968 1745 1040 σώματος
1794 970 1861 1024 δι’

285 1059 467 1130 ἄκρας
489 1057 740 1128 νηστείας
757 1073 816 1109 τε
841 1057 934 1110 καὶ
959 1058 1283 1130 ἀγρυπνίας,
1306 1060 1582 1132 προσευχὴ
1609 1059 1865 1131 διηνεκὴς

286 1152 387 1206 καὶ
414 1148 786 1220 ἀνατεταμὲνη
818 1150 953 1220 πρὸς
973 1150 1063 1204 τὸν
1093 1150 1318 1225 Κύριον,
1354 1151 1591 1223 δάκρυον
1621 1152 1683 1216 ἐξ
1711 1152 1863 1223 ἱερᾶς

287 1244 387 1296 καὶ
418 1239 740 1312 εἰλικρινοῦς
783 1240 1132 1307 κατανύξεως
1168 1241 1261 1296 καὶ
1304 1242 1589 1313 μετανοίας
1623 1242 1866 1297 ἀποστά-

288 1334 387 1399 ζον
430 1334 539 1386 τῶν
590 1331 884 1404 ὀφθαλμῶν
912 1348 924 1362 ·
975 1331 1151 1387 ταῦτά
1190 1333 1307 1387 ἐστι
1341 1326 1451 1388 τῶν
1496 1334 1647 1405 ἐμῶν
1695 1335 1866 1389 νόσων

289 1424 563 1496 φάρμακα
606 1423 850 1494 σωτήρια
882 1422 975 1475 καὶ
1004 1421 1112 1475 τῶν
1148 1422 1247 1493 τῆς
1290 1423 1516 1494 καρδίας
1546 1422 1867 1495 ἀρρωστιῶν

289 1513 643 1584 ἀλεξητήρια.
1069 1580 1075 1586 _

290 1601 399 1656 £69
430 1602 650 1669 Ὅρκον
672 1599 740 1653 δὲ
769 1599 951 1671 φεῦγε
978 1598 1173 1653 πάντα
1211 1598 1372 1671 (8-9).

366 1690 610 1745 Καθόλου
638 1689 728 1743 τὸν
760 1690 919 1761 ὅρκον
953 1688 1244 1760 ἀπώμοτον
1272 1691 1368 1743 καὶ
1404 1690 1770 1761 ἀποτρόπαιον
1800 1688 1871 1744 τά

288 1799 356 1838 τε
410 1781 531 1853 ίερά
580 1780 886 1850 Εὐαγγὲλια
936 1780 1031 1834 καὶ
1083 1783 1112 1834 6
1162 1781 1664 1851 εὐαγγελικὼτατος
1713 1776 1868 1846 οὗτος

293 1871 546 1941 θεολόγος
571 1872 952 1943 ἀποφαίνεται,
988 1872 1168 1927 πάντα
1194 1872 1416 1942 φεύγειν
1453 1875 1615 1945 ὅρκον
1656 1892 1869 1948 παρεγ-

292 1964 469 2033 γυῶν,
518 1963 594 2027 ὡς
641 1963 923 2034 ἐπιορκίας
969 1963 1283 2041 ὑπάρχοντα
1322 1964 1536 2036 πατέρα
1563 1983 1577 1997 ·
1629 1966 1715 2030 τίς
1759 1965 1869 2038 γάρ

290 2048 471 2129 ὅρκου
490 2055 742 2121 καθάπαξ
782 2056 1121 2128 ἀπεχόμενος
1154 2055 1469 2126 ἐπιώρκησε
1504 2055 1765 2125 πώποτε;
1811 2056 1871 2109 'tt

292 2150 356 2205 δὲ
390 2148 605 2220 ὀμνύων
629 2148 664 2219 ἢ
689 2147 749 2212 ἐξ
775 2148 1020 2216 ἀγνοίας,
1050 2148 1085 2218 ἢ
1117 2147 1181 2201 ἐκ
1205 2163 1350 2211 τινος
1380 2146 1636 2201 ἀκουσίου
1669 2146 1810 2217 βίας,
1835 2146 1871 2217 ἢ

295 2241 759 2313 καταφρονήσεως
796 2239 891 2293 καὶ
927 2236 1064 2292 Θεοῦ
1111 2237 1340 2307 ἀφοϐίας
1379 2238 1873 2309 παρακινούμενος.

296 2334 383 2398 είς
408 2330 690 2402 ἐπιορκίαν
722 2329 922 2384 ἐπίπαν
947 2329 1298 2404 ύποφέρεται,
1332 2330 1426 2384 κα)⁵
1454 2328 1626 2393 οὕτως
1655 2330 1684 2382 6
1712 2330 1874 2400 ὅρκος

298 2422 589 2494 ἐπιορκίας
617 2419 827 2490 γίνεται
874 2418 1079 2490 πατήρ.
1125 2417 1183 2472 ’0
1213 2419 1310 2489 μὲν
1338 2412 1430 2471 οῦν
1453 2417 1683 2481 παλαιὸς
1716 2417 1877 2488 νόμος

295 2511 677 2584 ἀτελεστέροις
700 2508 1222 2583 προσδιαλεγόμενος
1245 2510 1303 2561 ἐν
1329 2507 1468 2571 θεοῖς
1488 2509 1582 2562 καί
1606 2506 1877 2579 δαίμοσιν,

298 2599 390 2668 οἷς
407 2603 718 2674 ὲλάτρευον,
744 2600 962 2672 ὀμνύειν
983 2598 1331 2669 εἰθισμένοις,
1353 2598 1538 2669 ὥσπερ
1556 2598 1653 2661 τάς
1679 2595 1879 2659 ζωοουο

300 2696 428 2758 σίας
468 2697 548 2759 εἰς
576 2692 766 2747 ἑαυτὸν
807 2690 1038 2764 μεθιστᾷ
1060 2691 1160 2755 τάς
1200 2688 1644 2758 είδωλολατρείας
1696 2685 1883 2742 ἐπικό-

299 2804 480 2849 πτων,
503 2784 645 2839 οὕτω
671 2784 766 2838 καὶ
791 2784 916 2847 τοὺς
950 2784 1166 2854 ὅρκους,
1190 2780 1377 2851 ἐπειδὴ
1393 2778 1645 2846 καθάπαξ
1676 2775 1883 2832 ἀνελεῖν

303 2878 411 2932 οὐκ
442 2872 553 2947 εἷχε
599 2874 811 2948 καιρὸν,
832 2873 1081 2945 μετάγων
1122 2873 1202 2937 είς
1234 2872 1325 2925 τὸν
1357 2870 1599 2934 Θεδν.είς
1632 2868 1885 2940 εὐορκίαν

303 2964 404 3020 τὸν
427 2967 586 3036 ὅρκον
619 2964 964 3037 περιίστησιν
984 2978 1000 2995 θ
1033 2961 1306 3032 εὐκαίρως
1333 2960 1392 3014 δὲ
1432 2962 1466 3032 ὴ
1497 2960 1660 3031 χάρις
1705 2956 1884 3029 Ἰησοῦ

303 3051 547 3123 Χριστοῦ
568 3093 584 3115 ,
622 3050 698 3116 ὡς
730 3052 758 3103 6
782 3050 933 3121 ἥλιος
962 3047 1415 3114 ὲξανατέλλουσα,
1458 3047 1555 3102 καὶ
1585 3045 1663 3117 τῷ
1708 3046 1883 3116 ὑπερ-

304 3141 561 3197 ὄάλλοντι
603 3141 704 3211 τῆς
733 3138 992 3210 ἀληθείας
1026 3138 1222 3208 φέγγει
1250 3138 1340 3190 τὸν
1366 3136 1558 3207 λύχνον
1586 3135 1680 3190 τοῦ
1716 3135 1882 3207 νόμου

305 3232 665 3305 καταργοῦσα
702 3231 760 3284 εν
809 3248 869 3285 τε
916 3234 1031 3295 τοῖς
1063 3216 1371 3302 θεαρχικοῖς
1405 3227 1792 3305 Εὐαγγελίοις,
1832 3225 1889 3280 ἐν

306 3342 375 3383 τε
414 3302 526 3388 τοῖς
557 3323 940 3392 εὐαγγελικοῖς
994 3322 1344 3393 ἱεροφάνταις
1367 3359 1382 3386 ,
1427 3320 1618 3391 ὥσπερ
1659 3302 1888 3374 καθόλου

308 3414 617 3481 ζωοθυσίαν
666 3416 868 3481 πᾶσαν,
915 3411 1060 3467 οὕτω
1098 3413 1193 3465 καὶ
1237 3411 1417 3467 πάντα
1465 3411 1626 3483 ὅρκον
1670 3409 1891 3481 φεύγειν

307 3505 572 3573 καθάπαξ
620 3504 1011 3577 παραγγέλλει.
1064 3503 1190 3566 Πῶς
1235 3497 1352 3567 οὖν,
1403 3503 1572 3573 φησι,
1624 3501 1892 3571 πείσομεν

303 3599 448 3661 τοὺς
483 3598 611 3669 περὶ
649 3591 726 3651 ὧν
767 3596 1035 3666 λαλοῦμεν
1075 3593 1550 3664 ἀμφιδάλλονταςς
1593 3591 1751 3661 Λόγῳ
1793 3591 1893 3661 μὲν

303 3690 476 3760 δῆλον
502 3689 583 3742 ὅτι
608 3684 1095 3755 διαϐεϐαιούμενοι,
1124 3684 1218 3738 καὶ
1244 3682 1322 3755 τῷ
1343 3681 1531 3754 τρόπῳ
1555 3680 1612 3734 δὲ
1638 3680 1740 3750 τῆς
1771 3678 1892 3732 κατ’

304 3783 525 3856 ἀρετὴν
558 3779 797 3853 βιώσεως
827 3778 924 3832 καὶ
950 3774 1312 3847 ἀληθευτικῆς
1340 3773 1508 3838 ἕξεως
1549 3771 1895 3842 πιστουμένῳ

308 3870 427 3928 τοῦ
461 3872 618 3941 λόγου
646 3872 743 3942 τὴν
770 3867 1080 3941 ἀκρίόειαν,
1112 3866 1345 3936 ἑτοίμως
1371 3863 1630 3933 ἐνάξομεν
1664 3861 1744 3924 είς
1771 3876 1897 3929 συγ-

312 3963 638 4021 κατάθεσιν,
669 3959 763 4024 TE;
799 3959 910 4029 γάρ
934 3956 1091 4026 λόγον
1123 3955 1251 4027 παρ’
1277 3953 1470 4026 ἀνδρὸς
1501 3951 1735 4017 ἀκούων,
1769 3950 1900 4023 ἀλή-

312 4057 480 4111 θειαν
533 4055 620 4108 ἀεὶ
663 4052 939 4114 ποιοῦντος
986 4051 1079 4104 καὶ
1133 4046 1425 4109 λαλοῦντος
1451 4084 1467 4107 ,
1514 4042 1819 4109 ἀντιλέγειν
1862 4040 1896 4113 ἢ

311 4150 576 4204 ἀπιστεῖν
612 4145 764 4217 ἓχοι;
803 4144 913 4198 Καὶ
936 4142 1047 4213 γάρ
1088 4133 1133 4208 ᾧ
1176 4136 1503 4210 φιλοψευδὴς
1529 4136 1558 4188 6
1581 4133 1783 4206 τρόπος
1806 4132 1902 4186 καὶ⁸

316 4238 769 4311 φιλαμαρτήμων
814 4235 936 4297 ὅλος
959 4235 989 4287 6
1035 4230 1147 4303 βίος
1178 4226 1547 4311 χρηματίζει,
1581 4221 1757 4293 τούτῳ
1790 4219 1900 4274 οὐδ’

316 4328 589 4401 ὀμνύοντι
622 4330 751 4400 ῥᾷον
781 4326 849 4380 ἀν
876 4343 959 4390 τις
1000 4321 1357 4395 ἐμπιστεύσαι
1377 4337 1391 4353 ·
1420 4310 1575 4380 οὗτος
1605 4314 1699 4369 καὶ
1743 4315 1906 4384 ἀρνη-

314 4423 434 4491 τής
456 4422 571 4473 ἐστι
603 4419 697 4473 καὶ
721 4418 1029 4489 ἐμπαίκτης
1060 4413 1196 4469 Θεοῦ
1230 4410 1327 4466 καὶ
1357 4401 1902 4478 καταφρονητὴς,καὶ

316 4515 437 4583 τῆς
476 4512 753 4582 ἀρνήσεως
785 4509 1006 4579 ἔλεγχος
1036 4508 1070 4577 ἡ
1103 4502 1419 4575 ψευδορκία.
1461 4501 1555 4563 Εἰς
1585 4497 1638 4550 τί
1666 4496 1777 4567 γάρ
1821 4509 1905 4547 σοι

319 4602 565 4674 ὀμνύναι
585 4603 676 4655 τὸν
707 4601 841 4655 Θεὸν
861 4601 956 4655 καὶ
976 4598 1037 4651 τὸ
1062 4595 1291 4667 φοϐερὸν
1316 4593 1486 4663 ὄνομα
1507 4590 1604 4644 καὶ
1632 4587 1905 4660 οὐρανίοις

322 4698 511 4754 ἅπασι
551 4694 691 4758 νόοις
743 4687 1185 4764 φρικωδέστατόν
1220 4704 1280 4740 τε
1319 4685 1418 4740 καὶ
1456 4679 1903 4750 σεδασμιώτατον

324 4788 434 4843 ἐπὶ
468 4786 715 4857 ματαίοις
745 4780 1150 4853 παρειλῆφθαις
1192 4778 1255 4831 El
1283 4776 1349 4848 δὴ
1379 4775 1474 4828 καὶ
1507 4772 1635 4846 ’περὶ⁵
1676 4770 1786 4825 τῶν
1823 4771 1903 4834 είς

328 4875 613 4949 σωτηρίαν
645 4873 962 4943 ἀναγκαίων
1008 4887 1091 4924 σοι
1123 4870 1153 4923 6
1192 4868 1352 4937 λόγος
1392 4865 1480 4936 εἴη
1502 4904 1517 4927 ,
1547 4866 1577 4917 6
1618 4861 1818 4934 τρόπος
1850 4861 1911 4914 ἐν

333 4970 495 5045 μέσῳ
519 4965 1086 5037 παραλαμϐανόμενος
1109 4960 1414 5031 ἀποχρήσει
1444 4955 1523 5026 τῷ
1556 4953 1745 5009 ἀσεϐεῖ
1775 4951 1912 5024 πρὸς

329 5061 543 5116 πίστιν.
577 5056 708 5114 Οἶδα
746 5061 840 5113 καὶ
869 5060 1169 5128 πέπεισμαι
1212 5057 1269 5109 ἐν
1299 5051 1520 5123 Χριστῷ
1566 5045 1778 5120 Ἰησοῦ*
1822 5045 1916 5098 καί¹

342 5152 534 5215 πάλιν,
563 5146 1000 5221 ’Δλήθειανλέγω
1016 5148 1073 5199 ἐν
1089 5143 1306 5218 Χριστῷ
1332 5141 1526 5213 Ἰησοῦ,
1541 5143 1602 5195 οὐ
1626 5141 1910 5213 ψεύδομαι,

340 5247 374 5298 6
392 5244 494 5311 τῆς
513 5238 772 5310 ἀληθείας
800 5235 1118 5297 ’Δπόστολός
1131 5249 1310 5306 φησιν’
1333 5232 1427 5286 καὶ
1446 5232 1618 5302 τούτῳ
1637 5232 1714 5304 τῷ
1728 5231 1917 5305 τρόπῳ

344 5335 443 5389 τὸν
491 5332 649 5400 λόγον
704 5328 868 5385 αὑτοῦ
918 5322 1229 5380 πιστοποιού
1237 5340 1396 5394 μενος
1414 5364 1429 5389 ,
1476 5323 1651 5377 πάντα
1695 5323 1913 5396 δημώδη

346 5429 517 5496 ὅρκον
545 5423 931 5492 ἀποτρέπεται.

349 5514 450 5569 173
483 5514 546 5568 Τί
576 5510 979 5584 χρηστότητος
1007 5504 1196 5570 δόγμα
1227 5498 1715 5584 συντομώτατοιῄ

429 5601 492 5654 οι
526 5579 626 5669 pe;
661 5579 793 5669 περὶ
814 5584 1230 5666 φιλανθρωπίας
1257 5586 1350 5640 καὶ⁵
1377 5583 1598 5653 ἀγάπης
1629 5581 1781 5649 λόγοι
1810 5579 1924 5640 τοῖς

1309 296 1377 353 IN
1414 278 1723 359 canum
1755 305 2031 365 ABCANA
2067 307 2126 365 s.
2167 308 2518 367 GREGORlI.

3428 311 3540 370 8‘26

1967 430 2286 500 vinolentia,
2314 441 2575 502 praeterea
2604 431 2809 489 invidia
2843 430 3075 490 mortem
3120 428 3388 489 meditans
3417 448 3542 503 quae

1966 534 2052 579 est
2078 526 2173 580 ira:
2208 525 2541 580 incentivum
2586 532 2642 582 et
2687 525 2898 593 rabies;
2943 525 3103 596 longe
3129 540 3159 579 a
3184 525 3329 580 bono
3363 539 3541 579 remo-

1967 620 2117 677 vent,
2168 614 2366 668 borum
2424 615 2856 686 unumquodque
2902 615 3203 671 daemonem
3256 614 3541 684 impellen-

1969 708 2078 756 tem
2105 710 2158 758 et
2181 704 2487 758 studiosum
2523 706 2778 759 sortitum
2818 714 2904 762 est
2951 705 3091 760 clam
3134 703 3543 774 aggredientem‘

1970 807 2065 847 eos
2086 791 2178 863 qui
2208 808 2268 848 se
2299 792 2391 850 his
2416 792 2696 864 obsignari
2718 795 2929 860 sinunt,
2954 794 3157 864 quibus
3179 791 3542 863 intelligentia

1970 883 2323 939 obnubilatur
2351 892 2404 940 et
2434 896 2580 939 recta
2611 886 2751 940 ratio
2782 885 3009 940 tollitur.
3040 883 3171 951 Quae
3191 898 3319 955 ergo
3344 883 3545 937 borum

1971 973 2243 1028 medicina
2276 983 2331 1029 et
2361 975 2532 1029 cura?
2570 975 2915 1031 mortificatio
2959 974 3209 1045 corporis
3257 989 3355 1043 per
3401 972 3545 1043 jeju-

1970 1064 2123 1119 nium
2157 1071 2214 1119 et
2249 1064 2482 1136 vigilias,
2520 1067 2763 1135 precatio
2791 1066 3014 1122 assidua
3054 1073 3109 1121 et
3143 1064 3211 1119 ad
3253 1063 3543 1118 Dominum

1971 1154 2181 1223 prolixe
2209 1155 2459 1225 supplex,
2493 1155 2748 1225 lacrymaa
2779 1172 2810 1212 e
2853 1164 3045 1212 sancta
3069 1163 3123 1211 et
3148 1155 3364 1210 sincera
3392 1169 3548 1209 com-

1972 1247 2269 1315 punctione
2304 1254 2358 1302 et
2384 1248 2703 1318 paenitentia
2743 1247 2813 1302 ab
2851 1248 3029 1304 oculis
3075 1246 3348 1303 stillantes
3381 1263 3395 1299 :
3429 1244 3547 1299 haec

1972 1346 2102 1393 sunt
2134 1340 2449 1395 morborum
2486 1356 2730 1396 meorum
2763 1340 3003 1397 remedia
3041 1337 3303 1395 salutaria
3328 1347 3383 1393 et
3420 1351 3545 1393 cor-

1971 1431 2059 1487 dis
2092 1431 2471 1488 inllrmitatum
2508 1431 2740 1489 medela.

1976 1603 2079 1660 169
2122 1605 2288 1661 Omne
2304 1606 2694 1677 jusjurandum
2722 1604 2867 1677 fuge.

2044 1692 2299 1750 Profecto
2323 1695 2708 1765 jusjurandum
2741 1694 3056 1766 fugiendum
3088 1703 3142 1752 et
3164 1694 3546 1752 detestandum

1975 1793 2090 1840 tum
2121 1799 2281 1840 sacra
2313 1784 2630 1855 Evangelia,
2667 1792 2781 1838 tum
2813 1785 3105 1858 Evangelia
3137 1785 3293 1841 valde
3315 1800 3552 1842 consen-

1971 1874 2111 1929 tiens
2145 1873 2237 1928 ille
2260 1870 2572 1942 Theologus
2617 1874 2843 1941 revelat,
2890 1874 3131 1930 suadens
3176 1883 3236 1930 ut
3269 1874 3553 1947 jusjuran-

1969 1962 2097 2017 dum
2129 1979 2289 2017 omne
2321 1973 2580 2033 tanquam
2612 1963 2836 2034 perjurii
2868 1975 3077 2034 patrem
3113 1966 3388 2032 vitemus;
3426 1967 3553 2036 quis

1970 2054 2116 2110 enim
2159 2070 2187 2108 a
2215 2054 2576 2124 jurejurando
2610 2055 2779 2111 semel
2823 2055 3109 2111 abstinens
3152 2057 3416 2126 pejeravit
3454 2073 3556 2111 un-

1973 2146 2173 2215 quam?
2212 2146 2317 2201 Sed
2363 2147 2457 2217 qui
2499 2146 2654 2217 jurat
2699 2146 2817 2204 sive
2864 2147 3106 2213 inscitia,
3136 2148 3253 2202 sive
3294 2147 3557 2202 violentia

1975 2236 2211 2306 quadam
2252 2237 2453 2302 invita,
2500 2237 2616 2292 sive
2665 2244 2983 2308 contemptu
3035 2238 3152 2293 sive
3200 2237 3415 2292 timoris
3460 2236 3557 2293 Dei

1975 2325 2191 2401 defectu
2218 2327 2473 2393 motus,in
2493 2328 2799 2398 perjurium
2824 2329 3146 2399 plerumque
3175 2328 3476 2393 inducitur,
3503 2336 3559 2381 et
3602 2316 3605 2323 ’
3658 2320 3699 2347 ⁷⁴

1977 2418 2060 2475 sic
2082 2416 2472 2488 jusjurandum
2516 2418 2745 2487 perjurii
2779 2418 2836 2472 fit
2865 2427 3038 2487 pater.
3071 2417 3242 2488 Igitur
3279 2418 3363 2472 lex
3402 2425 3559 2470 vetus

1938 2508 2316 2579 .imperfectls
2360 2508 2663 2578 proposita,
2710 2507 2806 2577 qui
2861 2522 2957 2577 per
3005 2506 3140 2563 deos
3189 2516 3242 2562 et
3286 2506 3564 2560 daemones

1980 2616 2121 2673 quos
2150 2600 2453 2654 adorabant
2494 2598 2685 2669 jurare
2733 2604 3163 2662 consueverant,
3213 2595 3563 2651 mactationi-

1983 2693 2086 2749 bus
2109 2690 2427 2747 animalium
2471 2698 2665 2745 contra
2706 2690 2878 2761 legem
2931 2688 3203 2745 assimilat
3233 2702 3351 2753 eos,
3384 2686 3565 2743 idolo-

1983 2783 2199 2839 latriam
2232 2781 2568 2852 reprimens;
2603 2780 2686 2837 sic
2714 2788 2770 2836 et
2813 2780 3150 2850 iuramenta,
3182 2778 3313 2833 dum
3345 2777 3567 2848 penitus

1972 2873 2203 2937 auferre
2237 2888 2346 2928 non
2370 2878 2740 2942 opportunum
2761 2870 2975 2934 habuit,
3005 2868 3253 2925 referens
3277 2869 3344 2924 ad
3372 2868 3565 2935 Deum,

1987 2965 2053 3020 ad
2109 2964 2428 3034 religiosum
2482 2962 2873 3033 jusjurandum
2924 2961 3191 3017 restituit.
3248 2959 3569 3031 Opportune

1988 3064 2170 3108 autem
2205 3053 2379 3124 gratia
2412 3051 2544 3108 Jesu
2576 3051 2785 3107 Christi
2830 3051 2975 3107 sicut
3011 3050 3095 3105 sol
3133 3050 3322 3107 oriens
3351 3057 3407 3105 et
3429 3048 3571 3103 vivi-

1988 3147 2130 3201 diori
2156 3144 2401 3201 veritatis
2433 3145 2555 3200 luce
2582 3145 2718 3216 legis
2749 3145 3027 3199 lucernam
3061 3155 3425 3213 exsuperans,
3456 3150 3572 3196 tum

1990 3238 2046 3293 in
2086 3239 2286 3294 divinis
2316 3237 2650 3309 Evangeliis,
2694 3246 2806 3292 tum
2850 3237 2907 3292 in
2953 3235 3288 3307 evangelicis
3325 3232 3572 3290 doctori-

1991 3328 2115 3391 bus,
2165 3328 2309 3383 sicut
2359 3341 2576 3382 omnem
2625 3326 2945 3381 animalium
2992 3340 3224 3396 prorsus
3265 3322 3573 3388 victimam,

1993 3420 2074 3475 sic
2103 3428 2158 3475 et
2188 3434 2352 3474 omne
2383 3418 2759 3489 juramentum
2797 3434 2904 3473 una
2935 3417 3065 3487 .lege
3102 3415 3576 3486 explodereprae—

1994 3510 2209 3565 scribit.
2229 3508 2515 3575 Quomodo
2541 3523 2694 3579 ergo,
2727 3509 2927 3578 inquit,
2958 3507 3117 3562 fidem
3147 3504 3428 3560 interillos
3449 3516 3577 3557 cum

1993 3601 2194 3673 quibus
2228 3601 2507 3670 loquimur
2553 3598 2958 3655 obtinebimus?
2995 3595 3147 3651 Patet
3177 3594 3397 3666 quidem
3429 3593 3577 3664 quod

1994 3693 2163 3748 verbo
2203 3706 2333 3747 vero
2377 3691 2606 3747 stabiles
2654 3698 2709 3746 et
2745 3686 2963 3744 vivendi
3013 3687 3229 3742 ratione
3268 3683 3576 3753 secundum

1996 3783 2253 3839 virtutem
2298 3788 2353 3836 et
2385 3794 2638 3834 veracem
2691 3794 2902 3834 morem
2953 3776 3111 3831 fidem
3161 3776 3420 3841 faciente,
3463 3789 3582 3830 ser-

2000 3873 2178 3930 monis
2239 3871 2577 3927 accurationi
2649 3877 2775 3940 apte
2843 3881 3204 3938 assequemur
3269 3878 3579 3921 assensum.

1999 3966 2135 4034 Quis
2168 3965 2313 4020 enim
2355 3978 2667 4020 sermonem
2713 3961 2816 4016 viri
2862 3959 3091 4016 audiens
3132 3973 3349 4029 semper
3376 3955 3585 4011 verita-

2001 4068 2108 4114 tem
2142 4058 2393 4113 facientis
2440 4064 2496 4112 et
2543 4056 2800 4119 dicentis,
2848 4052 3230 4109 obsistendum
3283 4057 3378 4104 aut
3421 4046 3583 4102 dubi-

2001 4149 2229 4205 tandum
2270 4146 2565 4203 habuerit?
2607 4146 2681 4202 sit
2721 4145 2811 4201 cui
2848 4158 2969 4199 mos
3001 4140 3348 4198 mendacium
3389 4137 3585 4192 fovens

2002 4249 2057 4295 et
2090 4237 2328 4308 peccatis
2379 4245 2490 4292 tota
2522 4235 2632 4289 vita
2659 4234 2969 4306 indulgens,
2993 4230 3086 4288 isti
3116 4229 3199 4286 vel
3229 4227 3438 4300 juranti
3468 4241 3580 4281 non

2006 4329 2169 4385 facile
2201 4328 2507 4385 contideret
2545 4327 2727 4397 quivis
2760 4346 2773 4379 :
2819 4340 2952 4380 ecce
3000 4337 3208 4393 negans
3248 4328 3303 4375 et
3346 4316 3587 4373 irridens

2013 4420 2177 4477 Deum
2209 4429 2265 4477 et
2293 4428 2656 4488 contemptor,
2707 4423 2761 4473 et
2814 4415 3160 4485 negationem
3206 4419 3442 4465 testatur
3481 4407 3585 4462 fal-

2013 4529 2133 4571 sum
2161 4506 2558 4583 juramentum.
2590 4509 2671 4565 Ad
2715 4507 2846 4580 quid
2882 4507 3031 4562 enim
3067 4504 3163 4560 tibi
3201 4502 3370 4556 Deum
3396 4500 3589 4571 jurare

2009 4613 2064 4660 et
2096 4601 2437 4660 tremendum
2475 4615 2693 4664 nomen,
2737 4596 3055 4654 coelestibus
3100 4592 3356 4650 omnibus
3387 4588 3589 4645 intelli-

2008 4697 2208 4768 gentiis
2238 4688 2587 4749 metuendum
2616 4701 2670 4746 et
2697 4687 3075 4752 reverendum,
3096 4687 3151 4741 in
3189 4699 3388 4741 vanum
3428 4695 3590 4736 assu-

2009 4787 2194 4843 mere?
2218 4785 2274 4841 Si
2306 4786 2374 4841 de
2408 4782 2739 4840 necessariis
2769 4780 2836 4835 ad
2881 4780 3111 4835 salutem
3147 4776 3243 4832 tibi
3276 4789 3458 4831 sermo
3483 4782 3587 4843 est,

2011 4876 2210 4932 modus
2248 4874 2305 4930 in
2343 4874 2523 4929 medio
2571 4873 2889 4943 prepositus
2940 4869 3107 4938 impio
3146 4866 3213 4922 ad
3246 4865 3403 4921 fidem
3437 4863 3590 4920 suﬂi-

2012 4969 2141 5023 ciet.
2178 4965 2316 5021 Novi
2348 4973 2402 5020 et
2442 4978 2764 5036 persuasum
2801 4963 2975 5016 habeo
3011 4960 3064 5035 in
3091 4958 3311 5015 Christo
3341 4956 3469 5014 Jesu
3493 4975 3509 5024 ;
3537 4966 3591 5012 et

2016 5074 2257 5127 rursum,
2279 5057 2561 5111 Veritatem
2582 5054 2703 5108 dico
2733 5055 2783 5107 in
2805 5052 3020 5109 Christo
3037 5050 3188 5115 Iesu,
3217 5068 3321 5105 non
3345 5050 3590 5114 mentior,

2017 5151 2151 5206 dicit
2188 5148 2435 5204 veritatis
2469 5147 2767 5218 Apostolus
2798 5143 2848 5216 (ι
2889 5138 3024 5198 Tim.
3064 5158 3122 5209 ιι,
3151 5142 3246 5213 7);
3285 5142 3388 5197 hoc
3428 5139 3587 5195 modo

2018 5256 2323 5298 sermonem
2364 5254 2522 5295 suum
2556 5237 2658 5293 fide
2686 5236 2909 5307 dignum
2954 5235 3208 5298 reddens,
3248 5247 3409 5289 omne
3440 5244 3585 5284 com~

2021 5350 2186 5391 mune
2220 5335 2587 5405 juramentum
2619 5331 2838 5385 avertit.

2077 5491 2180 5546 175
2222 5489 2434 5561 Ecquod
2459 5489 2775 5559 benignitate
2798 5495 3109 5557 prcrreptum
3143 5480 3385 5535 brevius?

2102 5573 2395 5629 Sermones
2429 5571 2497 5626 de
2524 5570 2794 5626 charitate
2819 5579 2874 5626 et
2910 5567 3202 5624 dilectione
3238 5579 3379 5637 quos
3417 5562 3593 5621 santl

436 5715 577 5788 (8-9)
611 5714 834 5783 Ὅρκον
861 5710 928 5766 δὲ
956 5705 1140 5779 φεῦγε
1173 5714 1258 5763 cst
1293 5699 1701 5760 hemistichium
1732 5696 1885 5753 Mena

1998 5695 2036 5750 i.
2071 5695 2307 5752 Senteut.
2349 5689 2542 5761 simul.
