4030 6232
518 435 755 505 theologi
800 435 997 504 partim
1055 436 1386 506 habuerunt,
1439 440 1597 495 multi
1644 450 1796 508 sunt,
1847 451 1903 497 et
1934 459 2101 515 supra

519 542 814 581 numerant
848 542 862 578 :
900 527 1156 585 universe
1188 546 1315 587 vero
1340 540 1394 587 et
1420 532 1734 587 summatim
1764 533 1831 589 de
1863 534 2103 592 bonitate

516 614 961 684 intelligendum,
994 617 1109 673 haec
1137 629 1223 674 est
1256 622 1525 677 sententia
1558 622 1894 680 abbreviata.
1931 626 2101 692 Talis,

518 706 720 775 inquit,
744 705 821 761 sis
850 708 1042 763 amicis
1077 710 1187 765 tuis
1209 720 1262 765 et
1286 711 1503 774 vicinis,
1534 712 1726 782 quales
1754 713 1956 770 eos'vis
1980 732 2104 773 esse

520 798 648 859 tibi;
695 799 874 853 simile
907 799 1040 852 illud
1071 801 1386 871 evangelica
1416 811 1689 873 pmcepto
1732 808 2104 874 pronuntiavit

520 888 729 942 dicenti
770 908 784 944 :
823 889 1020 944 Omnia
1063 907 1382 963 quacunque
1414 896 1573 949 vultis
1607 906 1664 949 ut
1705 897 1907 966 faciant
1959 900 2102 955 vobis

518 979 780 1043 homines.
801 992 850 1034 et
882 1000 967 1037 vos
1000 984 1247 1038 similiter
1274 986 1434 1054 facile
1454 989 1566 1042 illis
1602 989 1818 1057 (Matth.
1854 1007 1950 1058 vlt,
1979 993 2100 1062 l2);

520 1082 927 1142 consequenter
966 1083 1019 1128 et
1068 1075 1200 1129 illud
1243 1077 1296 1131 in
1356 1077 1639 1136 Dominico
1674 1093 1946 1156 praecepto
1989 1095 2104 1143 sta-

518 1163 715 1228 tuitur,
753 1166 984 1230 scilicet,
1020 1168 1202 1222 omnia
1224 1186 1563 1242 quaecunque
1585 1176 1770 1233 nolitis
1801 1162 2103 1248 a'proximo

522 1255 638 1309 ﬁeri
667 1256 842 1322 vobis,
887 1273 987 1313 nec
1038 1275 1134 1317 vos
1179 1260 1340 1318 facite
1378 1265 1508 1320 illis.
1538 1266 1736 1322 Adhuc
1763 1278 1814 1323 et
1847 1279 1971 1340 post
1999 1270 2103 1325 hoc

520 1346 790 1402 bonitatis
818 1351 1089 1404 sententia
1124 1353 1293 1424 magis
1326 1356 1641 1411 abbreviata
1669 1366 1796 1414 sunt
1818 1362 2103 1431 passiones

520 1437 729 1492 Christi
764 1454 902 1509 quas
939 1453 1159 1513 propter
1198 1462 1299 1502 nos
1329 1447 1509 1503 adhuc
1562 1450 1759 1520 impios
1810 1450 2103 1523 perpessus

524 1538 687 1596 cst,et
716 1546 1060 1604 quacunque
1107 1542 1399 1609 opprobria
1443 1549 1497 1596 et
1550 1544 1778 1599 vulnera
1831 1546 1884 1599 in
1938 1562 2104 1603 cruce

530 1620 681 1687 tulit;
710 1638 831 1690 qua:
858 1624 951 1693 qui
1012 1626 1067 1680 in
1116 1631 1376 1686 memoria
1429 1633 1595 1689 habet
1642 1650 1860 1706 semper
1883 1644 1937 1693 et
1971 1648 2100 1695 ante

523 1711 717 1765 oculos
745 1713 849 1767 sibi
880 1719 1173 1785 proponit;
1207 1722 1355 1776 mitis
1375 1723 1602 1780 eﬂ‘ectus
1622 1734 1676 1780 et
1698 1729 1842 1782 mala
1866 1731 2103 1787 tolerare

520 1808 746 1867 paratus
795 1804 862 1857 ad
911 1806 1233 1864 charitatem
1267 1827 1393 1884 erga
1437 1816 1746 1885 proximum
1774 1828 1829 1876 et
1854 1821 2101 1877 dilectio-

522 1905 645 1945 nczn
671 1892 924 1951 similiter
946 1898 1238 1956 evcilatur.

524 2062 628 2115 177
665 2063 843 2121 Fidcli
868 2071 1041 2124 amico
1070 2072 1205 2126 nihil
1230 2089 1329 2141 par
1355 2088 1467 2130 esse
1496 2078 1766 2133 existima.

594 2154 814 2214 Venalis
840 2172 921 2215 est
952 2164 1163 2219 amicus
1196 2182 1395 2222 mensae
1428 2175 1479 2221 et
1508 2170 1713 2238 gaudii,
1748 2172 1850 2227 iste
1880 2173 2099 2232 inﬁdus.

512 2241 640 2298 Jam
678 2247 965 2306 deliciente
1022 2256 1261 2309 convivii
1305 2257 1654 2327 iucunditate
1704 2271 1759 2318 et
1808 2267 2103 2337 voluptatis

514 2337 846 2395 dclectantis
876 2350 929 2395 et
973 2344 1091 2413 ipse
1120 2346 1324 2403 deﬁcit.
1362 2350 1459 2405 Est
1492 2353 1704 2410 amicus
1752 2372 1915 2426 quem
1976 2375 2105 2430 ege-

517 2437 635 2481 stas
659 2432 887 2484 attrahit
916 2442 967 2487 et
999 2434 1067 2487 ad
1097 2435 1254 2505 juxta
1290 2440 1588 2496 sedendum
1615 2444 1806 2508 allicit,
1826 2446 2025 2503 inﬁdus
2050 2456 2104 2504 et

521 2516 646 2580 iste,
678 2528 921 2587 egestate
943 2525 1088 2576 enim
1117 2524 1355 2584 abeunte
1385 2539 1439 2583 et
1478 2529 1596 2599 ipse
1625 2532 1913 2589 confestim
1946 2536 2099 2592 abiit.

514 2604 618 2661 llis
664 2611 1074 2679 praetermissis,
1107 2624 1193 2669 est
1232 2619 1440 2675 amicus
1493 2630 1713 2692 propter
1738 2625 1991 2681 virtutem
2048 2637 2104 2683 et

520 2696 616 2753 Dei
665 2702 891 2756 verbum
943 2705 1196 2773 obvians,
1250 2709 1353 2767 iste
1402 2712 1545 2768 lidus
1579 2730 1741 2784 quem
1775 2732 1883 2771 non
1914 2734 2103 2776 mensa

520 2799 617 2843 aut
654 2795 1031 2849 conviviorum
1082 2798 1339 2855 illecebra
1382 2805 1622 2859 ostendit
1654 2803 1784 2875 (hoc
1816 2808 2100 2881 scyphus),

519 2882 613 2950 qui
662 2899 772 2938 non
824 2889 1086 2956 egestatis
1136 2904 1305 2947 causa
1361 2894 1610 2951 assidens
1662 2904 1715 2951 et
1772 2902 2099 2968 parasitaus,

521 2989 866 3045 quascunque
895 2978 961 3031 ad
994 2981 1225 3049 gratiam
1260 2991 1314 3036 et
1341 2985 1493 3039 auris
1538 2986 1868 3043 lenocinium
1902 3004 2099 3047 vanum

521 3080 647 3116 cum
683 3065 753 3119 iis
786 3067 877 3134 qui
911 3068 1089 3136 ipsum
1113 3069 1367 3140 diligunt,
1399 3088 1789 3146 conversatur;
1820 3082 1913 3135 sed
1948 3099 2099 3152 quaa-

522 3168 738 3222 cunque
780 3157 933 3217 utilia
987 3171 1137 3225 sunt,
1186 3177 1529 3234 quacunque
1562 3167 1761 3223 decent
1810 3181 1863 3226 et
1911 3189 2097 3228 coram

521 3242 633 3297 Deo
664 3246 963 3315 expediunt
1006 3244 1270 3306 conSulit.
1333 3253 1433 3309 llic
1478 3257 1690 3313 amicus
1745 3259 1884 3317 lidus
1939 3246 2101 3332 quem

522 3339 824 3403 tempestas
852 3346 907 3391 et
954 3341 1184 3395 tentatio
1231 3351 1327 3397 aut
1373 3355 1598 3416 prOpter
1628 3349 1881 3419 pietatem
1914 3369 2100 3422 perse-

522 3424 674 3477 cutio
714 3428 974 3483 ostendit.
1019 3428 1157 3486 lluic
1193 3433 1329 3487 nihil
1372 3443 1458 3491 est
1507 3438 1952 3509 aequiparandum
2005 3460 2101 3498 su-

522 3527 622 3584 per
651 3523 878 3584 terram,
928 3521 1065 3575 nihil
1119 3522 1497 3582 honorabilius
1546 3528 1688 3584 inter
1732 3531 2099 3601 honorabilia,

525 3606 662 3660 nihil
698 3608 843 3665 inter
865 3613 1122 3668 amabilia
1154 3616 1444 3674 amabilius
1477 3618 1639 3691 digne
1664 3630 1899 3680 testante
1930 3625 2100 3680 verbo

526 3705 743 3764 sancto.
776 3697 1080 3757 lnimicitim
1111 3704 1277 3775 igitur
1328 3722 1472 3778 saepe
1502 3723 1568 3763 ex
1607 3710 1841 3767 diversis
1880 3713 2099 3770 casibus

526 3792 987 3859 supervenientis,
1014 3798 1232 3865 regulas
1264 3798 1489 3870 dignum
1530 3809 1613 3857 est
1644 3804 1883 3859 amicitia
1914 3823 2095 3875 nosse,

522 3890 577 3935 et
609 3881 847 3951 pondere
892 3892 947 3939 et
992 3895 1239 3957 tempore
1283 3900 1597 3961 opportuno
1647 3893 1953 3953 discordias
1986 3899 2099 3954 dis-

521 3986 768 4035 cernere,
800 3975 1057 4031 amicitiae
1078 3988 1258 4033 autem
1287 3981 1490 4037 limites
1511 3985 1737 4041 minime
1767 4002 2100 4057 cognoscere

518 4070 758 4131 oportet.
793 4064 912 4135 Ipsa
956 4076 1041 4123 est
1087 4070 1233 4125 enim
1288 4072 1343 4125 in
1396 4071 1602 4128 Christi
1657 4074 1948 4134 dilectione
1979 4097 2100 4151 qua:

519 4168 800 4225 nunquam
836 4158 1063 4214 excidit.

522 4265 614 4319 181
652 4266 859 4322 thera
889 4270 1067 4325 videns
1100 4274 1283 4327 oculus
1314 4292 1369 4330 se
1394 4293 1498 4332 non
1530 4279 1684 4333 videt.

591 4378 793 4435 Oculus
845 4386 1096 4454 corporis
1127 4387 1367 4458 seipsum
1414 4392 1741 4449 naturaliter
1768 4394 1953 4452 videre
1998 4412 2095 4452 ne-

512 4470 658 4540 quit,
698 4488 820 4543 qua:
855 4489 985 4530 vero
1022 4488 1174 4531 extra
1223 4479 1398 4547 ipsum
1438 4490 1492 4538 et
1540 4484 1689 4537 circa
1723 4485 1899 4554 ipsum
1942 4497 2093 4554 sunt,

518 4572 791 4635 quotquot
843 4581 1027 4622 coram
1072 4584 1137 4624 eo
1193 4574 1413 4638 adsunt,
1456 4574 1697 4631 cllicacia
1743 4579 1894 4634 visus
1943 4596 2092 4635 cout-

513 4657 832 4727 prchendit.
861 4658 917 4713 Si
949 4677 1070 4730 qua:
1100 4673 1281 4718 autem
1315 4667 1521 4735 gramia
1545 4674 1641 4721 aut
1673 4669 1869 4740 albugo
1901 4671 2095 4741 prodat

514 4758 571 4801 et
604 4751 829 4805 sanitati
870 4761 1088 4818 noceat,
1113 4769 1213 4807 nec
1248 4755 1353 4809 alia
1388 4756 1572 4812 videre
1591 4759 1735 4813 valet
1758 4761 1900 4814 sicut
1929 4777 2095 4832 opor-

511 4848 614 4894 tet.
643 4841 848 4898 Eodem
880 4846 1040 4901 modo
1060 4854 1114 4901 et
1152 4846 1389 4903 hominis
1423 4850 1649 4919 spiritus
1677 4852 1887 4921 absque
1908 4854 2097 4910 labore

509 4945 638 4998 qua:
660 4936 951 5004 subjaceut
984 4939 1131 4993 videt
1163 4940 1417 4995 veritatis
1446 4944 1948 5012 contemplatione;
1978 4961 2093 5016 pro~

515 5023 651 5076 simi
709 5025 957 5085 defectus
1005 5040 1059 5086 et
1105 5043 1329 5101 peccata
1390 5034 1589 5104 aspicit
1634 5044 1730 5090 aut
1778 5037 2093 5109 investigat,

512 5129 617 5167 nec
651 5130 795 5185 szepe
840 5119 1012 5186 juste,
1057 5124 1236 5192 ipsum
1279 5126 1731 5183 obnubilantibus
1773 5129 2093 5199 cupiditati-

514 5206 619 5262 bus
653 5211 925 5279 propriis;
958 5228 1080 5281 quae
1114 5231 1241 5271 vero
1278 5218 1498 5288 propria
1535 5228 1662 5273 sunt
1701 5235 1766 5275 eo
1794 5221 1969 5291 magis
1998 5236 2093 5275 co-

511 5314 784 5366 gnoscere
820 5317 926 5357 non
968 5308 1237 5373 pervenit,
1275 5319 1480 5377 quanto
1516 5312 1691 5381 magis
1726 5312 1960 5381 propriis
2004 5328 2094 5367 cu-

512 5391 839 5459 piditatibus
886 5394 1229 5452 incrassatus
1269 5400 1600 5455 obczecatur.
1637 5402 1762 5456 Ideo
1791 5402 1858 5456 ad
1905 5404 2089 5457 omnia

511 5483 612 5537 tibi
645 5487 737 5555 qui
775 5487 900 5543 talis
947 5503 1008 5543 es
1037 5503 1176 5558 opus
1206 5498 1290 5546 est
1333 5493 1650 5547 consiliario
1694 5493 1787 5563 qui
1826 5493 1956 5549 utile
1989 5494 2087 5548 do-

490 5583 635 5635 ceat
686 5588 742 5631 et
790 5579 845 5632 in
893 5580 1329 5638 recordationem
1380 5583 1753 5639 faciendorum
1822 5585 2084 5652 inducat;

513 5675 639 5715 nam
678 5682 799 5733 quae
834 5684 1038 5739 corpus
1086 5674 1289 5729 creavit
1336 5674 1599 5745 sapientia
1650 5684 1701 5731 et
1742 5676 2083 5746 providentia

587 5756 704 5827 (10)
744 5758 877 5816 Cod.
909 5762 1139 5833 δυνάμη.

1862 324 2159 386 NICETAS
2212 328 2420 389 DAVlD

3678 344 3785 400 823

2211 448 2374 518 ίεροῖς
2404 447 2671 517 θεολόγοις
2708 450 2845 503 κατά
2879 451 3042 523 μέρος
3083 451 3569 524 ὑπαγορευόμενοι,
3600 455 3779 512 πολλοί

2203 555 2262 592 τε
2296 538 2660 611 καθεστήκασι
2694 543 2788 595 καὶ
2815 543 2951 613 ὑπὲρ
2977 544 3207 615 ἀριθμόν
3224 561 3237 571 ·
3272 543 3576 615 ὁλοσχερῶς
3597 544 3654 598 δὲ
3677 545 3779 615 φά-

2202 647 2291 683 ναι
2330 631 2447 701 ἤτοι
2486 632 2871 700 κεφαλαιωδῶς
2911 636 3041 705 περὶ
3085 635 3448 706 χρηστότητος
3486 635 3781 701 διαλαϐεῖν,

2203 720 2359 773 τοῦτό
2390 723 2504 774 ἐστι
2535 722 2708 791 δόγμα
2740 724 3460 794 συντομώτατον.Τοιοῦτος,
3486 726 3781 797 έφη,γίνου

2202 812 2315 873 τοῖς
2354 811 2527 879 φίλοις
2575 829 2666 865 σου
2702 812 2795 866 καὶ
2852 815 3126 882 γείτοσιν,
3167 816 3310 879 οἴους
3363 817 3559 880 αὑτοὺς
3611 816 3783 879 Θέλεις

2203 900 2447 969 γίνεσθαι
2479 902 2615 973 πρὸς
2646 904 2705 956 σέ
2727 921 2740 933 ·
2770 906 2881 957 ἴσον
2914 904 2970 957 δὲ
2994 904 3153 959 τοῦτο
3179 906 3256 977 τῷ
3280 908 3622 978 εὑαγγελικῷ
3643 924 3786 979 παρ·

2203 990 2508 1060 αγγέλματι
2543 992 2849 1064 καθέστηκε
2875 1036 2889 1059 ,
2926 994 3127 1048 Πάντα
3146 1036 3160 1060 ,
3185 995 3303 1049 ὅσα
3335 996 3412 1050 ἂν
3442 998 3653 1063 θέλητε
3682 999 3786 1050 ira

2203 1081 2457 1137 ποιῶσιν
2486 1083 2629 1153 ὑμῖν
2668 1088 2721 1139 οὶ
2776 1070 3091 1155 ἄνθρωποι,
3128 1087 3421 1154 κελεύοντι,
3468 1087 3564 1140 καὶ
3611 1088 3786 1157 ὑμεῖς

2203 1174 2424 1228 ποιεῖτε
2477 1177 2684 1243 αὐτοῖς
2735 1179 2968 1246 ὁμοίως.
3019 1179 3333 1233 Ἀκόλουθον
3369 1180 3427 1233 δὲ
3474 1182 3568 1233 καὶ
3622 1181 3787 1233 τοῦτο

2205 1264 2521 1334 προσθεῖναι
2573 1270 2637 1339 τῇ
2690 1270 2992 1340 Δεσποτικῇ
3048 1270 3517 1342 παραγγελίᾳ,ὃτι
3573 1272 3784 1338 Πάντα,

2203 1353 2304 1407 ὅσα
2343 1355 2403 1406 οὑ
2452 1354 2635 1409 Θέλετε
2668 1357 2821 1428 παρά
2857 1358 2967 1412 τῶν
2997 1360 3166 1423 πέλας
3192 1361 3437 1429 γίνεσθαι
3462 1364 3613 1432 ὑμῖν,
3646 1364 3787 1433 μηδὲ

2205 1444 2363 1514 ὑμεῖς
2389 1448 2591 1499 ποιεῖτε
2629 1446 2830 1511 αὑτοῖς.
2852 1447 2974 1502 Ἔτι
3015 1450 3070 1502 δὲ
3097 1448 3285 1503 τούτου
3309 1452 3676 1522 χρηστότητος
3707 1453 3790 1507 δό-

2204 1546 2320 1601 γμα
2377 1534 2784 1605 συντομώτερον
2837 1538 2977 1591 αὑτά
3007 1539 3101 1591 τοῦ
3147 1540 3385 1610 Χριστοῦ
3431 1541 3499 1595 τὰ
3544 1543 3720 1613 πάθη,
3751 1543 3788 1597 ἃ

2204 1620 2343 1692 ὑπὲρ
2375 1623 2531 1693 ἡμῶν
2561 1624 2641 1679 ἔτι
2668 1626 2835 1680 ὄντων
2854 1628 3066 1682 ἀσεϐῶν
3100 1630 3317 1703 ἀνέτλη,
3357 1633 3450 1685 καὶ
3477 1634 3578 1686 ὅσα
3603 1633 3783 1703 ὀνείδη

2204 1715 2298 1767 καὶ
2346 1715 2636 1788 τραύματα
2671 1719 2808 1790 πρὸς
2838 1720 2917 1791 τῷ
2957 1722 3174 1794 σταυρῷ
3202 1726 3494 1795 γενόμενος
3518 1726 3781 1796 ὑπέσχεν,

2205 1808 2234 1860 ό
2259 1808 2351 1861 ἐπὶ
2371 1810 2604 1881 μνήμης
2635 1811 2774 1882 ἔχων
2796 1814 2883 1867 ἀεὶ
2916 1816 3010 1869 καὶ
3039 1816 3145 1888 πρὸ
3184 1817 3293 1870 τῶν
3318 1816 3612 1887 ὀφθαλμῶν
3642 1818 3789 1887 λαμ-

2204 1900 2381 1954 ϐάνων
2411 1904 2785 1975 πραῢνόμενος
2810 1907 2903 1960 καὶ
2935 1908 3270 1975 ἀνεξικακῶν
3291 1909 3367 1980 τῷ
3399 1910 3627 1980 πλησίον
3645 1909 3784 1981 πρὸς

2204 1991 2615 2064 φιλανθρωπίαν
2647 1995 2783 2066 όμοῦ
2819 1999 2913 2051 καὶ
2951 1997 3302 2067 φιλαδελφίαν
3330 1998 3674 2053 συνωθεῖται.

2204 2082 2304 2135 177
2339 2084 2565 2138 Πιστοῦ
2608 2089 2793 2155 φίλου
2832 2087 3027 2158 νόμιζε
3068 2089 3262 2159 μηδὲν
3300 2090 3496 2156 ἀξιον.

2277 2173 2432 2226 Ἔστι
2483 2174 2637 2243 φίλος
2659 2177 2937 2249 τραπέζης
2959 2179 3115 2243 ῶνιος
3154 2181 3246 2234 καὶ
3273 2181 3487 2252 ἡδονῆς,
3510 2180 3606 2235 καὶ
3629 2175 3784 2245 οὗτος

2202 2262 2427 2328 ἄπιστος
2446 2281 2461 2294 ⁸
2482 2266 2868 2340 ἐπιλειπούσης
2900 2270 3008 2341 γὰρ
3028 2271 3128 2341 τῆς
3151 2271 3260 2324 τῶν
3287 2272 3607 2341 συμποσίων
3628 2272 3786 2342 χάριο

2201 2371 2292 2418 τος
2321 2356 2414 2409 καὶ
2444 2357 2689 2429 τέρψεως
2713 2361 3039 2431 ἡδυπαθοῦς,
3059 2364 3154 2415 καὶ
3180 2363 3342 2426 αὑτὸς
3367 2363 3601 2432 ἀπέστη.
3624 2364 3782 2415 Ἐστι

2203 2444 2352 2514 φίλος
2380 2447 2478 2517 τῆς
2512 2451 2702 2519 χρείας
2727 2452 2891 2504 αὑτὸν
2911 2453 3278 2524 ἐφελκομένης
3307 2454 3401 2508 καὶ
3426 2453 3781 2525 παρεδρεύειν

2204 2538 2648 2611 προτρεπούσης,
2695 2542 2919 2607 ἄπιστος
2950 2544 3006 2597 δὲ
3048 2545 3145 2598 καὶ
3188 2546 3349 2609 αὑτός
3384 2562 3398 2576 ⁸
3436 2545 3554 2615 ἅμα
3604 2546 3712 2617 γάρ
3746 2546 3781 2616 ἡ

2202 2629 2360 2697 χρεία
2404 2630 2647 2701 παρῆλθε
2680 2633 2776 2685 καὶ
2819 2635 2982 2700 αὐτὸς
3026 2637 3163 2708 αὑτῇ
3201 2637 3515 2707 παραυτίκα
3573 2654 3782 2690 συναπ-

2200 2716 2395 2787 ᾠχετο.
2433 2720 2589 2773 Ἐστι
2624 2722 2760 2793 πρὸς
2787 2727 2899 2788 τοῖς
2941 2727 3253 2798 εἰρημένοις
3300 2726 3455 2795 φίλος
3482 2727 3547 2780 δι’
3580 2727 3781 2801 ἀρετὴν

2202 2806 2296 2858 καὶ
2342 2806 2477 2860 Θεοῦ
2526 2808 2679 2879 λόγον
2728 2813 3137 2885 εὑρισκόμενος.
3168 2810 3337 2879 Οὗτος
3380 2816 3601 2878 πιστὸς,
3630 2814 3689 2867 δν
3718 2816 3780 2867 οὑ

2200 2896 2451 2966 τράπεζα
2479 2900 2511 2970 ἢ
2542 2903 2860 2973 συμποσίων
2890 2906 3049 2978 χάρις
3080 2907 3452 2960 ἀναδείκνυσιν
3474 2906 3652 2975 (τοῦτο
3670 2907 3784 2978 γὰρ

2200 2988 2229 3040 ό
2260 2989 2585 3062 κρατὴρ),ὃς
2609 2996 2669 3047 οὑ
2694 2997 2881 3067 χρείας
2906 2998 3089 3052 εἵνεκα
3116 2999 3464 3070 παρεδρεύων
3485 2998 3582 3053 καὶ
3608 3016 3783 3069 παρα-

2202 3077 2401 3143 σιτῶν,
2442 3081 2544 3133 ὅσα
2585 3083 2721 3152 πρὸς
2764 3086 2924 3156 χάριν
2973 3086 3069 3139 καὶ
3106 3087 3273 3157 ἀκοῆς
3308 3086 3502 3157 τέρψιν
3544 3085 3783 3155 ματαίαν

2204 3171 2314 3233 τοῖς
2342 3172 2502 3224 αὑτὸν
2532 3173 2775 3242 φιλοῦσιν
2797 3176 3352 3246 ἀποφθέγγεται,ἀλλ’
3381 3178 3479 3228 ὅσα
3500 3174 3783 3245 λυσιτελῆ,

2200 3258 2299 3314 ὅσα
2336 3259 2590 3332 σύμφορα
2610 3264 2704 3317 καὶ
2730 3265 2869 3318 κατά
2902 3266 3034 3319 Θεὸν
3062 3266 3367 3334 ὠφελοῦντα
3393 3263 3784 3332 συμϐουλεύει*

2200 3346 2352 3415 οὗτος
2385 3352 2537 3422 φίλος
2578 3356 2786 3421 πιστὸς,
2824 3356 2883 3410 ὃν
2928 3355 3063 3429 ζάλη
3105 3358 3199 3410 καὶ
3234 3355 3527 3426 πειρασμὸς
3562 3353 3596 3423 ἦ
3630 3354 3787 3425 ὑπὲρ

2200 3442 2482 3507 εὐσεϐείας
2524 3445 2861 3501 ἀναδεικνύει
2908 3448 3180 3518 διωγμός·
3206 3447 3296 3501 τοῦ
3335 3445 3573 3499 τοιούτου
3612 3444 3787 3515 μηδὲν

2200 3528 2340 3586 εἶναι
2387 3535 2745 3607 ἀντάλλαγμα
2773 3537 2882 3591 τῶν
2912 3538 3021 3592 άπὸ
3053 3540 3177 3610 γῆς,
3223 3539 3387 3610 μηδὲν
3426 3538 3535 3590 τῶν
3582 3538 3784 3607 τιμίων

2198 3624 2544 3697 τιμιώτερον,
2565 3627 2699 3698 μηδὲ
2722 3627 2829 3681 τῶν
2851 3629 3129 3699 ὲρασμίων
3150 3628 3555 3699 ἐρασμιώτερον
3578 3630 3605 3681 ό
3634 3628 3784 3698 ἱερὸς

2200 3715 2359 3785 λόγος
2391 3719 2557 3785 ἀξίως
2604 3724 2890 3791 μαρτυρεῖ.
2928 3721 3169 3793 Ἔχθρας
3219 3722 3319 3792 μὲν
3369 3718 3465 3775 οὖν
3522 3720 3785 3784 πολλάκις

2200 3808 2265 3861 ὲκ
2300 3811 2722 3881 συμπτωμάτων
2754 3813 3014 3866 ποικίλων
3064 3812 3561 3885 παρεμπιπτούσης
3594 3814 3655 3881 τῇ
3692 3829 3783 3880 cpt-

2199 3904 2311 3976 λία,
2346 3904 2497 3970 ἄξιον
2524 3907 2684 3978 ὅρους
2715 3906 2934 3972 εἰδέναι,
2983 3909 3078 3962 καὶ
3125 3907 3311 3980 μέτρῳ
3352 3908 3449 3962 καὶ
3475 3905 3646 3976 καιρῷ
3702 3907 3784 3975 τῷ

2199 3994 2335 4063 ἀξίῳ
2383 3994 2480 4058 τάς
2542 3996 2851 4061 διαστάσεις
2904 3998 3144 4069 κρίνεινο
3180 3996 3361 4065 φιλίας
3414 3996 3473 4049 δὲ
3519 3994 3784 4065 ἀληθινῆς

2198 4086 2356 4157 ὅρους
2380 4086 2580 4156 ἥκιστα
2614 4088 2904 4156 γινώσκειν
2936 4090 3040 4161 χρή
3064 4107 3078 4120 ο
3102 4092 3136 4161 ἡ
3166 4089 3304 4159 αὑτὴ
3333 4088 3443 4159 γάρ
3474 4089 3591 4140 ἐστι
3617 4088 3688 4158 τῇ
3726 4089 3785 4140 ὲν

2198 4178 2419 4249 Χριστῷ
2440 4179 2650 4253 ἀγάπῃ,
2679 4182 2802 4251 ἥτις
2832 4181 3088 4234 οὐδέποτε
3116 4182 3395 4236 ἐκπίπτει.

2200 4291 2295 4347 181
2345 4292 2541 4346 Tit/ta
2566 4293 2818 4357 βλέπων
2858 4294 3163 4365 ὀφθαλμὸς
3192 4295 3381 4350 αὑτὸν
3422 4296 3495 4349 οὐ
3533 4292 3779 4358 βλέπει.

2283 4407 2341 4458 ὐ
2389 4407 2490 4475 μὲν
2527 4407 2801 4478 ὀφθαλμὸς
2844 4407 2940 4461 τοῦ
2973 4408 3223 4479 σώματος
3253 4410 3441 4463 ἑαυτὸν
3484 4408 3582 4479 μὲν
3630 4407 3782 4461 κατά

2203 4496 2363 4564 φύσιν
2394 4498 2670 4561 ἀδυνάτως
2705 4500 2818 4569 ἔχει
2868 4500 3137 4571 καθορᾷν,
3168 4500 3239 4554 τά
3275 4499 3380 4566 ἔξω
3410 4501 3469 4554 δὲ
3510 4501 3602 4555 καὶ
3642 4502 3783 4572 περὶ

2200 4590 2381 4653 αὑτὸν,
2407 4591 2507 4645 ὅσα
2537 4592 2772 4645 κατευθὺ
2807 4594 3109 4665 πρόκειται,
3147 4596 3211 4665 τῇ
3238 4596 3465 4667 όρατικῇ
3508 4590 3783 4663 περιλαμ-

2203 4680 2354 4735 ϐάνει
2374 4681 2595 4755 δυνάμει
2614 4684 2729 4755 (10)
2759 4684 2958 4755 δηλαδή
2978 4703 2991 4716 ·
3013 4684 3107 4738 ἐὰν
3124 4685 3179 4738 δέ
3198 4702 3281 4748 τις
3309 4682 3460 4753 αὑτῷ
3478 4683 3624 4753 λήμη
3641 4683 3681 4751 ἦ
3703 4683 3783 4737 θό-

2202 4771 2365 4836 λωσις
2401 4753 2654 4844 ἐπιχυθῇ,
2686 4753 2780 4828 καὶ
2814 4753 2993 4846 πάθη,
3020 4775 3143 4827 οὑδὲ
3184 4774 3353 4827 τᾶλλα
3396 4772 3633 4834 δυνατῶς
3658 4772 3782 4843 ἔχει

2196 4865 2489 4935 καταθρεῖν
2521 4866 2596 4928 ὡς
2637 4868 2763 4938 χρή.
2799 4866 2902 4919 Τὸν
2925 4868 3111 4937 ὅμοιον
3135 4865 3335 4937 τρόπον
3358 4866 3452 4919 καὶ
3481 4863 3782 4935 ἀνθρώπου

2194 4956 2317 5019 νοῦς
2345 4956 2550 5021 ἀτελῶς
2584 4957 2676 5011 καὶ
2718 4958 2935 5028 φαύλως
2972 4959 3041 5013 τὰ
3084 4960 3220 5031 πρὸς
3262 4959 3362 5030 τὴν
3387 4960 3487 5029 τῆς
3516 4956 3783 5029 ἀληθείας

2193 5047 2533 5119 διακειμένου
2564 5048 2818 5119 θεωρίαν,
2848 5050 2916 5103 τά
2964 5049 3072 5104 τῶν
3120 5050 3345 5121 πλησίον
3391 5048 3494 5120 μὲν
3539 5047 3783 5105 ἐλαττῶ-

2196 5156 2338 5208 ματα
2362 5140 2394 5210 ἢ
2420 5141 2791 5211 ἁμαρτήματα
2828 5140 3235 5211 καταμανθάνει
3266 5141 3298 5211 ἢ
3323 5137 3777 5211 περιεργάζεται,

2198 5233 2288 5285 καὶ
2309 5232 2429 5286 οὐδὲ
2455 5232 2629 5286 ταῦτα
2664 5234 2923 5298 πολλάκις
2956 5234 3199 5306 ἀκριϐῶς
3228 5232 3331 5286 ὑπὸ
3363 5230 3474 5285 τῶν
3511 5231 3780 5302 ἐμφύτων

2194 5322 2526 5392 ζοφούμενος
2567 5323 2754 5377 παθῶν
2788 5340 2800 5353 ·
2836 5324 2903 5378 τὰ
2936 5323 3129 5377 ἑαυτοῦ
3170 5323 3225 5377 δὲ
3264 5321 3522 5377 τοσοῦτον
3563 5322 3779 5390 ἀγνοεῖ,

2189 5413 2298 5483 ὅσῳ
2342 5415 2436 5467 καὶ
2492 5415 2692 5485 μᾶλλον
2727 5417 2839 5478 τοῖς
2886 5414 3110 5476 οἰκείοις
3152 5412 3345 5467 πάθεσι
3396 5413 3779 5483 παχυνόμενος

2189 5505 2535 5575 ἀμϐλυωπεῖ’
2587 5507 2653 5560 δι’
2694 5508 2723 5560 ὃ
2763 5508 2827 5578 δὴ
2862 5508 2954 5561 καὶ⁸
3003 5504 3304 5577 συμϐούλου
3353 5504 3492 5575 πρὸς
3555 5504 3777 5556 ἅπαντα

2190 5596 2363 5667 χρεὼν
2409 5597 2548 5651 εἶναι
2588 5598 2665 5668 τῷ
2697 5598 2956 5669 τοιούτῳ,
2987 5596 3048 5650 τὸ
3077 5598 3321 5650 συνοῖσον
3347 5590 3772 5664 ὑποτιθεμένου,

2191 5688 2281 5742 καὶ
2310 5690 2387 5753 είς
2416 5689 2721 5760 ὑπόμνησιν
2761 5690 2867 5744 τῶν
2913 5687 3197 5761 πρακτέων
3240 5684 3628 5755 ὲπανάγοντος.
3657 5682 3773 5737 Καὶ
