4030 6232
297 264 412 325 8‘29

294 382 412 465 γάρ
444 378 540 435 καὶ
564 379 600 454 ἠ
628 380 757 454 περὶ
786 382 847 436 τὸ
885 382 1046 455 σῶμα
1076 384 1404 458 δημιουργὸς
1435 387 1597 458 σοφία
1628 389 1724 443 καὶ
1753 408 1884 462 προ-

297 466 503 539 μήθεια
529 471 596 540 τῇ
627 470 769 542 χειρὶ
790 473 1090 542 χεῖρα,καὶ
1121 472 1200 544 τῷ
1222 472 1344 527 ποδὶ
1372 475 1525 541 πόδα,
1561 476 1655 530 καὶ
1681 476 1885 547 ὀφθαλ-

297 558 406 632 μὸν
442 558 522 631 τῷ
565 558 865 632 ὀφθαλμῷ,
894 562 989 617 καὶ
1038 563 1205 618 τᾶλλα
1248 564 1482 637 ὁμοίως,
1513 567 1606 621 δὺο
1652 568 1746 623 δύο
1779 609 1794 634 ,
1826 568 1884 623 ἓν

295 646 591 701 κατέναντι
649 648 745 701 τοῦ
794 649 946 716 ἐνὸς,
971 651 1114 706 κατά
1155 652 1217 707 τὸ
1257 651 1438 722 λόγιον
1478 655 1614 729 (ll),
1641 658 1723 722 είς
1761 656 1888 731 βοή-

299 734 459 790 θειαν
485 734 684 790 δέδωκε
706 738 803 792 καὶ
833 742 1145 813 συνεργίαν.

553 822 679 901 τοῖς
710 825 921 901 καλοῖς
950 827 1118 901 ἐποέο
1149 832 1638 901 νουθετούμενος,

300 892 410 946 186
448 894 571 946 Οὐκ
604 893 956 965 ἐντραπήσῃ
979 897 1103 964 τοῖς
1139 902 1348 968 κακοῖς
1384 892 1739 972 γὲλώμὲἰρος.

374 978 525 1034 Πάνυ
559 978 729 1041 καλὴν
765 981 861 1034 καὶ
899 982 1331 1064 ὠφελιμωτάτην
1359 988 1456 1042 καὶ
1474 988 1679 1061 ταύτην
1710 991 1739 1042 6
1770 989 1887 1044 θεό-

300 1087 472 1141 σοφος
517 1073 816 1144 εἰσηγεῖται
859 1075 1210 1145 συμϐουλίαν,
1243 1079 1436 1151 Εἴπερ,
1459 1081 1666 1152 λέγων,
1696 1077 1741 1136 ὦ
1769 1083 1886 1154 βέλ-

297 1177 491 1228 τιστε,
520 1165 633 1226 τοῖς
678 1163 864 1227 καλοῖς
904 1182 963 1217 τε
1006 1166 1266 1235 κάγαθοῖς
1321 1169 1661 1235 διδασκάλοις
1706 1174 1887 1228 νουθε-

296 1250 460 1305 τοῦσι
489 1250 551 1305 τὸ
601 1247 696 1316 οὖς
749 1250 1002 1323 ὑποσχὼν
1038 1253 1494 1327 ἀκολουθήσειας,
1524 1258 1627 1312 οὐκ
1681 1258 1748 1314 ἂν
1791 1259 1885 1313 τοῦ

220 1386 225 1387 κ
300 1342 679 1413 προσήκοντος
705 1343 1063 1413 ἀποσφαλεὶς,
1100 1346 1194 1399 καὶ
1239 1345 1335 1400 τοῦ
1355 1346 1516 1419 ὀρθοῦ
1549 1351 1886 1421 παραρρυεὶς

296 1434 489 1502 λόγου,
515 1433 621 1488 ὑπὸ
647 1432 758 1488 τῶν
803 1434 990 1489 κακῶν
1039 1436 1182 1506 μετά
1217 1438 1392 1493 ταῦτα
1423 1438 1731 1510 γελώμενος
1770 1440 1888 1495 διας

297 1523 599 1597 τραπείης.
642 1523 708 1577 Τί
742 1520 858 1590 οὖν,
887 1526 1055 1597 φαίης
1083 1526 1149 1580 ἂν
1183 1528 1333 1593 ἴσως,
1362 1527 1408 1582 ῶ
1433 1528 1739 1593 διδάσκαλε,
1768 1531 1887 1584 δια-

299 1616 651 1688 πραξαίμην,
682 1616 759 1680 ὡς
805 1616 871 1671 ἂν
905 1616 981 1688 μὴ
1021 1618 1222 1689 ἐπέλθῃ
1250 1619 1338 1671 ἐπ’
1371 1619 1472 1689 ἐμὲ
1499 1620 1663 1690 μηδὲν
1699 1613 1774 1674 ὧν
1808 1621 1887 1673 εί-

303 1723 522 1779 ρηκας;
555 1708 721 1761 Ὅταν
772 1707 891 1760 ποτ’
917 1709 1143 1781 αίσχρδν
1181 1711 1390 1781 ἐννοῇς,
1425 1710 1520 1763 καί
1560 1727 1613 1764 τι
1644 1709 1753 1764 τῶν
1782 1713 1887 1766 ἀπ-

299 1797 613 1869 ειρημένων
655 1797 737 1869 τῷ
775 1798 928 1870 νόμῳ
971 1798 1066 1852 τοῦ
1122 1798 1437 1870 πνεύματος
1488 1800 1887 1873 διαπράξασθαι

298 1883 518 1956 λογίζῃ,
556 1885 631 1957 μὴ
670 1886 857 1959 εἴπῃς·
908 1886 1023 1954 Νύξ
1074 1888 1230 1952 ἐστι,
1266 1888 1361 1941 καὶ
1398 1887 1483 1951 τίς
1524 1906 1590 1960 με
1629 1890 1731 1961 ὁρᾷ
1762 1908 1776 1956 ;
1802 1892 1890 1945 ἐπ’

300 1976 543 2048 ἐρημίας
574 1978 670 2031 καὶ
699 1978 1015 2049 καταμόνας
1047 1978 1160 2049 ἐγὼ
1179 2020 1194 2044 ,
1225 1981 1366 2033 καὶὸ
1394 1979 1632 2051 ἐλέγχων
1657 1983 1720 2035 οὐ
1750 1983 1889 2054 πάρα

298 2083 424 2119 εστι
452 2066 564 2137 (12)
584 2081 597 2095 ·
617 2067 692 2137 μὴ
729 2065 872 2120 οὕτω
902 2067 1227 2138 διανοηθεὶς,
1273 2068 1373 2139 τῆς
1406 2069 1608 2122 ἀτόπου
1635 2071 1889 2142 πράξεως

299 2155 711 2229 ἔπιε-τολμήσῃς
739 2156 969 2222 πολλοὺς
996 2156 1054 2210 δέ
1104 2174 1189 2211 σοι
1216 2158 1597 2229 παρεστῶτας.
1632 2161 1743 2216 Καὶ
1778 2160 1888 2234 γὰρ

301 2247 642 2317 παρεστᾶσιν
675 2246 896 2316 ἄγγελοί
918 2265 977 2301 τε
1017 2246 1220 2311 πάντες
1248 2248 1344 2301 καὶ
1361 2248 1524 2313 αὐτὸς
1547 2249 1576 2301 6
1606 2251 1887 2324 Δεσπότης

299 2337 419 2391 τῶν
445 2337 708 2406 ἀγγέλων
741 2339 836 2392 καὶ
854 2338 1028 2403 οὕτως
1077 2340 1542 2411 ὑπολογισάμενος
1575 2341 1654 2412 τῷ
1690 2342 1766 2413 νῷ
1790 2361 1886 2415 με-

1314 265 1387 323 IN
1424 267 1733 327 CABMINA
1764 269 2043 329 ARCANA
2078 271 2137 331 S.
2178 271 2522 330 CBECORII.

3456 277 3566 339 830

1993 390 2178 448 manui
2217 407 2442 448 manum
2477 398 2534 447 et
2562 391 2683 464 pedi
2737 391 2926 465 pedem
2974 399 3032 450 et
3064 391 3282 451 oculum
3315 394 3481 452 oculo
3511 407 3574 454 et

1982 478 2091 533 alia
2135 478 2390 535 similiter
2428 479 2539 535 duo
2580 487 2637 536 et
2669 478 2803 545 duo.
2836 496 3007 537 unum
3043 496 3114 538 ex
3167 479 3400 538 adverso
3428 482 3570 539 alte.

1984 567 2105 624 rius
2156 565 2464 623 secundum
2524 568 2857 641 scripturam
2895 570 2954 626 in
2995 569 3434 643 adiutorium.“
3472 584 3573 629 eo-

1984 659 2361 732 operationem
2399 659 2571 717 dedit.

1988 830 2090 902 i855
2121 829 2182 902 S_i
2217 832 2381 902 bonos
2415 832 2653 902 sequaris
2685 832 3019 901 admonitus,

1988 899 2091 954 186
2127 900 2335 955 Pudori
2373 902 2471 954 tibi
2484 899 2610 955 'non
2641 903 2739 955 erit
2769 920 2802 956 α
2834 899 3260 958 ωαιίείννὶάενί.

2056 985 2228 1042 Valde
2254 988 2455 1042 bonum
2489 997 2543 1042 et
2573 988 2927 1045 utilissimum
2957 999 3009 1046 et
3043 991 3189 1047 istud
3220 992 3573 1049 commendat

1987 1077 2171 1135 divine
2214 1082 2433 1150 sapiens
2465 1081 2785 1148 consilium,
2839 1083 3096 1154 inquiens
3126 1103 3140 1139 :
3174 1082 3218 1138 Ο
3261 1084 3489 1153 optime,
3519 1081 3570 1141 si

1985 1168 2148 1226 bonis
2179 1179 2233 1225 et
2273 1172 2436 1227 rectis
2469 1174 2751 1244 magistris
2781 1173 3107 1231 docentibus
3151 1189 3337 1230 aurem
3380 1174 3572 1229 admo-

1986 1275 2122 1317 vens
2151 1262 2640 1333 obtemperaveris,
2678 1280 2958 1334 nunquam
2981 1266 3048 1321 ab
3071 1265 3246 1321 oﬁicio
3280 1266 3570 1321 declinans

1986 1358 2042 1406 et
2090 1367 2122 1409 a
2169 1361 2321 1430 recta
2366 1354 2450 1408 via
2486 1370 2702 1421 errans,
2745 1366 3010 1425 praeterea
3050 1372 3080 1410 a
3134 1357 3324 1414 multis
3370 1356 3573 1412 irrisus

1988 1443 2261 1501 deviabis.
2298 1446 2440 1513 Quid
2489 1463 2641 1520 ergo,
2682 1448 2935 1504 similiter
2984 1449 3156 1517 dices,
3201 1463 3234 1503 ο
3284 1448 3567 1518 magister,

1989 1534 2263 1592 faciamne
2308 1539 2441 1607 quid
2493 1541 2627 1596 mihi
2673 1541 2888 1597 accidat
2936 1541 3003 1596 de
3035 1534 3123 1595 his
3172 1556 3294 1610 quae
3340 1536 3574 1594 dixisti?

1988 1626 2219 1694 Quando
2255 1629 2443 1687 forsan
2488 1641 2652 1703 turpe
2680 1634 2812 1705 quid
2864 1635 3075 1704 cogitas
3107 1641 3160 1687 et
3202 1631 3494 1686 vetitorum
3537 1644 3570 1684 a

1989 1719 2108 1791 lege
2154 1721 2383 1790 spiritus
2413 1722 2621 1793 aliquid
2656 1726 3000 1779 committere
3040 1720 3344 1783 meditaris,
3385 1724 3459 1775 ne’
3488 1718 3574 1772 di-

1991 1823 2111 1875 cas,
2138 1809 2257 1866 Nox
2289 1817 2392 1873 est,
2427 1819 2482 1867 et
2512 1813 2637 1882 quis
2669 1830 2756 1869 me
2792 1814 2979 1869 videt?
3011 1812 3069 1867 In
3101 1812 3319 1868 deserto
3351 1818 3406 1864 et
3451 1808 3575 1864 sine

1991 1899 2223 1956 arbitris
2269 1901 2436 1959 sedeo
2464 1911 2519 1959 et
2552 1905 2916 1974 exprobrator
2953 1904 3129 1959 abest.
3168 1903 3252 1957 Ne
3296 1902 3378 1956 sic
3407 1916 3575 1970 repu-

1990 1997 2116 2043 tans
2157 1989 2422 2061 insipiens
2462 1992 2733 2065 quoddam
2766 1993 3011 2059 audeas;
3058 1998 3189 2047 sunt
3233 1990 3379 2045 enim
3415 1987 3574 2042 multi

1991 2076 2339 2144 assistentes,
2378 2078 2739 2135 circumstant
2770 2078 2950 2151 angeli
2986 2093 3179 2132 omnes
3213 2087 3269 2131 ct
3309 2077 3422 2145 ipse
3456 2073 3575 2129 Rex

1991 2168 2332 2238 angelorum,
2376 2180 2429 2225 et
2460 2171 2541 2226 sic
2576 2185 2701 2225 cum
2732 2169 2838 2226 ﬁde
2871 2166 3165 2224 conferens
3202 2166 3255 2222 in
3298 2166 3480 2221 animo
3519 2172 3575 2219 et

1994 2258 2230 2328 leipsum
2250 2276 2279 2315 a
2307 2262 2601 2331 propositis
2624 2277 2865 2318 avocans
2884 2257 3390 2317 cohibebis:deinde
3412 2254 3573 2326 quasi

1993 2347 2274 2404 beneﬁciis
2306 2351 2495 2406 fruens
2528 2354 2737 2422 gratias
2769 2368 2921 2423 ages.

299 2426 377 2482 τὰ
423 2427 687 2495 πίστεως,
740 2430 835 2485 καὶ
886 2430 1110 2485 σεαυτὸν
1156 2432 1469 2503 ἐντραπεὶς,
1520 2431 1618 2487 τοῦ
1676 2435 2074 2507 ἐγχειρήματος
2124 2440 2477 2514 ἀνακοπήσῃ,
2521 2443 2617 2495 καὶ
2665 2441 2806 2513 μετά
2851 2439 3026 2495 ταῦτα
3070 2440 3146 2503 ώς
3194 2432 3575 2507 εὐεργετηθεὶς

192 2522 197 2523 ⁷
301 2524 749 2595 εὐχαριστήσεις.

303 2620 416 2676 189
462 2620 567 2678 Ἀεὶ
591 2621 845 2691 προτίμα
866 2620 1008 2689 τοὺς
1040 2622 1268 2690 καλοὺς
1301 2622 1421 2678 τῶν
1440 2622 1528 2694 μὴ
1558 2622 1779 2681 καλῶν.

392 2730 507 2786 ’Δεὶ
536 2732 565 2784 6
608 2730 722 2802 βίος
770 2731 969 2796 καλοὺς
1018 2729 1134 2804 ἔχει
1184 2732 1280 2787 καὶ
1320 2732 1546 2797 κακοὺς,
1592 2730 1680 2785 ἀεὶ
1728 2749 1893 2786 σπου-

302 2822 490 2886 δαίους
516 2823 613 2878 καὶ
644 2823 1075 2895 καταφροητάς,
1093 2823 1319 2887 πιστούς
1342 2822 1460 2894 Θεῷ
1481 2823 1576 2877 καὶ
1606 2823 1892 2893 ἀπίστους,

304 2914 555 2979 δικαίους
592 2917 688 2971 καὶ
717 2915 956 2982 ἀδίκους,
983 2914 1273 2988 ἀληθινούς
1315 2933 1375 2970 τε
1417 2915 1511 2970 καὶ
1548 2915 1782 2986 ψευδεῖς.
1816 2917 1890 2970 Σὺ

305 3002 409 3061 οὖν
423 3005 563 3062 κατά
581 3006 681 3079 τὴν
700 3007 895 3076 γενεάν
924 3023 1018 3061 σου
1043 3007 1169 3069 τοὺς
1199 3005 1488 3070 ἐκλεκτοὺς
1515 2993 1758 3079 προτίμά
1784 3005 1893 3059 τῶν

311 3097 610 3171 στρεϐλῶν,
634 3099 761 3162 τοὺς
800 3097 1045 3162 εὐσεϐεῖς
1087 3097 1199 3152 τῶν
1221 3097 1435 3153 ἀσεϐῶν
1475 3098 1570 3152 καὶ⁵
1605 3096 1734 3161 τοὺς
1760 3096 1892 3169 ἀλη-

309 3191 495 3256 θινοὺς
514 3190 629 3263 ,τῶν
662 3189 973 3264 ὑποκριτῶν
991 3207 1007 3222 ·
1030 3192 1220 3255 κακοῖς
1246 3190 1303 3244 δὲ
1335 3190 1540 3262 ὁμιλῶν
1567 3190 1661 3246 καὶ
1686 3206 1898 3262 συμπο-

311 3285 635 3357 σιαζόμενος
668 3284 763 3338 καὶ
795 3282 1384 3354 συναναστρεφόμενος,
1416 3282 1493 3347 ώς
1522 3282 1551 3334 6
1592 3280 1897 3353 ἁπτόμενος

311 3375 519 3445 πίσσης
561 3372 987 3444 μολυνθήσεται,
1034 3372 1128 3426 καὶ
1172 3374 1201 3426 6
1237 3370 1512 3426 κοινωνῶν
1564 3370 1898 3442 ὑπερηφάνῳ

311 3464 713 3537 ὁμοιωθήσεται
744 3463 916 3535 αὐτῷ,
959 3463 1104 3518 κατά
1134 3456 1232 3534 τὴν
1270 3461 1513 3535 Γραφὴν,
1545 3462 1689 3515 οὑτω
1710 3461 1804 3515 καὶ
1832 3460 1897 3515 σὺ

308 3556 433 3619 τοῖς
454 3558 641 3620 κακοῖς
670 3554 1033 3626 κολλώμενος.
1057 3555 1225 3619 κακὸς
1247 3553 1365 3627 ἔστι.
1384 3550 1525 3609 Ἀλλ’
1548 3553 1695 3622 ἐρεῖς
1712 3552 1895 3638 τυχόν·

313 3643 623 3714 Εὐεργέτης
669 3638 822 3708 οὗτός
873 3645 1020 3698 ἐστιν
1053 3643 1204 3715 ἐμὸς,
1244 3643 1339 3697 καὶ
1389 3638 1448 3696 εὗ
1486 3658 1577 3713 μοι
1629 3640 1899 3710 πεποίηκε

312 3732 597 3797 πολλάκις,
638 3732 879 3796 καὶπῶς
926 3731 1117 3786 τούτου
1152 3732 1252 3803 τὴν
1280 3730 1565 3786 κοινωνίαν
1613 3729 1901 3784 ἀποσείσο-

316 3839 457 3898 μαι;
494 3824 690 3878 ’Ἄκουε
713 3823 769 3877 δὲ
802 3823 946 3878 θείου
976 3823 1136 3892 λόγου
1166 3822 1423 3895 βροντῆς.

311 3914 521 3971 Καλοῦ
551 3914 685 3985 παρ’
715 3914 937 3983 ἀνδρὸς
960 3913 1196 3984 μήποτε
1234 3912 1508 3983 χρηστόν
1533 3914 1754 3983 πάθῃς.

387 4004 527 4075 Παρ⁹
544 4003 732 4074 ἀνδρὸς
756 4005 836 4066 είς
861 4002 995 4058 Θεὸν
1023 4004 1484 4075 ἐμπαροινοῦντος
1510 4003 1677 4075 μηδὲν
1700 4000 1901 4071 ἀγαθὸν

313 4093 665 4169 ἐπιθυμήσῃς
688 4093 903 4159 παθεῖν,
928 4093 1059 4165 παρ’
1082 4092 1370 4165 ἀνθρώπου
1395 4093 1724 4164 ψευδομένου
1747 4092 1898 4158 Θεὸν,

315 4189 413 4242 καὶ
440 4187 724 4259 ὑποκρίσει
758 4186 916 4258 μόνῃ.
950 4185 1045 4239 καὶ
1082 4185 1182 4239 οὐκ
1210 4184 1439 4257 ἀληθεία
1471 4183 1790 4256 σεϐομένου,
1826 4184 1902 4256 μὴ

316 4276 658 4351 ὲπιποθήσῃς
698 4278 939 4348 δωρεᾶς·
964 4274 1061 4330 τοῦ
1093 4274 1314 4348 γλώσσῃ
1351 4276 1489 4348 μόνῃ
1528 4276 1624 4331 καλ⁸
1666 4276 1902 4347 χείλεσιν

318 4369 670 4439 εὐλογοῦντος
702 4369 793 4423 τὸν
816 4368 948 4423 Θεὸν
979 4365 1055 4439 μὴ
1085 4367 1328 4442 ζητήσῃς
1350 4366 1619 4437 εὐλογίας.
1650 4368 1761 4423 Καὶ
1788 4366 1896 4439 γὰρ

322 4464 385 4517 .ιύ
432 4461 841 4535 λυσιτελήσουσί
893 4477 1012 4517 σοι·
1064 4461 1148 4515 ὅτι
1180 4461 1335 4532 ζητεῖ
1378 4459 1707 4532 συγγνώμην
1756 4457 1904 4529 αὐτῷ

322 4553 563 4631 δίδοσθαι
615 4553 700 4623 ἐφ’
731 4547 813 4617 οἷς
863 4555 1215 4624 παρανομεῖ·
1257 4550 1598 4606 ἐπαινεῖσθαι
1644 4551 1798 4621 ζητεῖ
1847 4551 1906 4604 ὲν

323 4625 447 4712 ταῖς
483 4625 803 4716 ἐπιθυμίαις
831 4645 933 4715 τῆς
972 4644 1151 4716 ψυχῆς
1185 4641 1352 4697 αὐτοῦ
1373 4682 1390 4708 ,
1430 4642 1622 4696 ἑαυτόν
1664 4658 1725 4695 τε
1775 4658 1909 4715 προ-

330 4737 645 4812 ηγουμένως
677 4739 771 4791 καὶ
805 4737 1023 4800 πλείους
1054 4736 1246 4800 ἄλλους
1274 4734 1499 4797 ἀδικῶν,
1514 4732 1909 4803 ὲνευλογεῖσθαι

326 4831 425 4885 καὶ
452 4828 864 4899 συνηγορεῖσθαι
889 4832 1002 4895 τοῖς
1033 4830 1133 4901 τῆς
1148 4828 1362 4892 ἀδικίας
1390 4827 1553 4881 αὑτοῦ
1582 4825 1764 4898 ἔργοις
1783 4827 1908 4891 τούς

326 4919 480 4991 αὐτῷ
508 4921 836 4991 προσιόντας
861 4920 957 4975 καὶ
989 4921 1080 4974 ὑπ’
1112 4917 1280 4974 αὐτοῦ
1311 4918 1471 4990 δῆθεν
1512 4915 1908 4988 εὐεργετουμέο

326 5024 455 5072 νους
499 5007 595 5063 καὶ
641 5006 1016 5078 ξενιζομένους
1045 5006 1117 5061 τὰ
1170 5007 1362 5079 ῥέοντα
1401 5005 1497 5059 καὶ
1539 5004 1906 5075 ἀπολλύμενα,

327 5099 405 5164 ὠς
453 5098 826 5170 ἀπαραίτητον
862 5098 1163 5169 πράττεται
1194 5098 1291 5153 καὶ
1320 5095 1622 5166 ἀναγκαίαν
1649 5094 1873 5167 ὀφειλὴν
1890 5110 1906 5126 ο

330 5188 665 5261 συγγνώμην
704 5190 846 5243 αἰτεῖ
870 5187 1087 5244 πολλῶν
1114 5188 1210 5243 καὶ
1245 5186 1659 5260 βαρυταλάντων
1686 5185 1864 5257 χρεῶν
1890 5199 1907 5214 ·

329 5277 736 5332 εὐτελεστάτων
771 5278 970 5334 δόσεων
996 5280 1091 5334 καὶ
1121 5277 1419 5349 ἐλαχίστων
1446 5277 1542 5331 καὶ
1569 5274 1780 5348 μικρῶν
1809 5274 1908 5348 τὴν

331 5368 564 5440 άπειρον
590 5369 683 5423 τοῦ
716 5368 854 5423 Θεοῦ
897 5370 1242 5443 χρηστότητα
1266 5368 1363 5423 καὶ
1396 5367 1497 5438 τὴν
1525 5365 1909 5436 ἀκατάληπτον

329 5460 678 5534 δικαιοσύνην
698 5463 1174 5533 ὲκπειράζων,καὶ
1198 5464 1311 5526 τοῖς
1346 5460 1594 5533 ματαίοις
1626 5459 1654 5510 6
1681 5457 1908 5529 μάταιος

407 5569 521 5637 (lli
560 5569 760 5641 Nescio
823 5587 892 5627 an
945 5573 1212 5641 intelligat
1268 5572 1403 5627 illud
1447 5569 1755 5641 Epicharmi
1818 5569 1902 5641 (ν.

334 5635 785 5713 Ριαιοημλαίοιίι.
810 5658 893 5713 γρ.
924 5642 1072 5708 366),
1119 5635 1155 5697 ἆ
1202 5643 1260 5697 δὲ
1298 5635 1557 5713 χεὶρντάν
1588 5639 1908 5713 χεῖραμνίζει

339 5712 409 5779 (lg
439 5709 634 5784 κνξζει)
670 5719 767 5769 aut
806 5709 952 5770 illam
992 5709 1340 5782 sententiam,
1366 5709 1487 5783 χεὶρ
1523 5709 1695 5782 χεῖρα
1726 5710 1903 5765 vim“

1999 2623 2313 2680 189‘Bonos
2348 2641 2551 2695 semper
2578 2641 2822 2696 prarpone
2850 2639 2954 2677 non
2987 2621 3156 2677 bonis.

2070 2732 2299 2806 Semper
2342 2734 2507 2792 habet
2541 2737 2650 2791 vita
2687 2735 2864 2791 bonos
2893 2741 2948 2790 et
2986 2732 3188 2795 malos,
3235 2739 3454 2798 semper
3490 2723 3576 2780 di-

1996 2826 2229 2898 ligentes
2261 2836 2318 2883 et
2349 2833 2784 2898 contemptores,
2824 2823 2937 2881 Deo
2984 2822 3176 2879 ﬁdeles
3207 2827 3263 2876 et
3301 2815 3575 2880 inﬁdeles,

1993 2919 2179 2992 justos
2206 2928 2262 2976 et
2306 2918 2570 2990 iniustos,
2604 2933 2832 2975 veraces
2859 2925 2914 2973 et
2959 2913 3276 2972 mendaces.
3316 2908 3400 2967 Tu
3444 2923 3578 2979 ergo

2000 3012 2305 3067 secundum
2341 3011 2715 3067 conditionem
2742 3016 2897 3064 tuam
2928 3023 3040 3080 prae
3063 3004 3338 3078 perversis
3367 3002 3577 3058 honora

1997 3104 2227 3168 electos,
2258 3103 2380 3175 pios
2423 3119 2534 3175 prae
2563 3102 2750 3174 impiis
2782 3109 2838 3157 et
2868 3099 3142 3157 veridicos
3172 3111 3284 3168 pm
3317 3090 3581 3165 hypocri-

1999 3193 2103 3259 tis;
2145 3193 2289 3249 inter
2316 3193 2495 3248 malos
2521 3192 2866 3248 consortium
2896 3197 2952 3245 et
2984 3186 3299 3243 convivium
3325 3191 3381 3238 et
3421 3180 3582 3236 lami-

2000 3284 2294 3340 liaritatcm
2329 3283 2561 3348 habens,
2592 3283 2739 3338 sicut
2781 3290 3015 3353 tangens
3045 3279 3224 3350 picem
3263 3271 3582 3344 inquinabi-

2000 3384 2109 3442 tur,
2159 3383 2215 3431 et
2268 3374 2689 3431 communicans
2736 3371 2979 3444 superbo
3026 3367 3228 3428 similis
3275 3364 3380 3436 ipsi
3422 3363 3579 3433 juxta

2002 3464 2342 3533 Scripturam
2404 3463 2527 3527 ﬁet.
2574 3471 2630 3518 et
2668 3471 2734 3526 ,ιιι
2781 3461 2942 3516 malis
2980 3458 3354 3530 agglutinatus
3397 3451 3581 3507 malus

1999 3557 2131 3613 eris.
2170 3554 2276 3611 Sed
2314 3556 2459 3611 forte
2489 3556 2681 3610 dices:
2730 3551 3059 3607 Bencfactor
3101 3548 3204 3605 iste
3235 3559 3389 3600 meus
3416 3549 3501 3598 est
3523 3547 3581 3595 et

2001 3663 2146 3719 saepe
2167 3648 2306 3703 bene
2334 3645 2467 3700 milii
2499 3643 2628 3698 fecit
2657 3649 2712 3698 et
2746 3637 3023 3712 quomodo
3052 3636 3232 3709 ipsius
3259 3633 3579 3693 societatem

2000 3737 2246 3809 rcjiciam
2266 3736 2290 3789 ?
2314 3734 2455 3790 Audi
2484 3733 2657 3788 divini
2688 3732 2839 3788 verbi
2881 3728 3092 3785 tonitru
3119 3746 3134 3783 :
3173 3746 3192 3781 ι
3222 3724 3365 3782 Malo
3402 3739 3433 3778 a
3459 3722 3580 3778 viro

2002 3845 2073 3886 ne
2119 3842 2361 3899 unquam
2399 3824 2728 3880 beneﬁcium
2768 3820 3035 3893 accipias.
3074 3837 3094 3872 ι
3118 3817 3167 3872 Α
3194 3817 3315 3871 viro
3334 3813 3429 3885 qui
3468 3825 3580 3883 prae

2001 3920 2264 3976 ebrietate
2293 3918 2349 3973 in
2381 3916 2548 3972 Deum
2582 3914 2823 3984 assurgit
2844 3928 2914 3968 ne
2942 3908 3270 3968 beneﬁcium
3298 3901 3579 3961 desideres

2004 4011 2270 4081 accipere,
2312 4008 2381 4063 ab
2426 4006 2653 4062 nomine
2698 4005 2753 4060 in
2797 4002 2966 4058 Deum
2998 3996 3302 4055 mentienti
3352 4002 3409 4050 et
3461 3992 3578 4048 sola

2005 4100 2279 4173 hypocrisi
2324 4114 2433 4153 non
2479 4096 2708 4151 veritate
2751 4093 2920 4149 Deum
2960 4088 3229 4145 reverenti
3279 4099 3348 4139 ne
3382 4081 3579 4173 cupias

2004 4172 2230 4259 donum,
2258 4192 2327 4247 ab
2356 4191 2451 4246 illo
2483 4189 2579 4260 qui
2600 4188 2787 4258 lingua
2812 4192 3024 4239 tantum
3046 4190 3099 4237 et
3118 4178 3275 4234 labiis
3303 4172 3579 4231 benedicit

2006 4284 2195 4349 Deum,
2224 4298 2291 4338 ne
2319 4295 2537 4352 quaeras
2557 4277 2991 4343 benedictiones;
3016 4289 3121 4328 non
3153 4270 3299 4327 enim
3327 4264 3580 4338 expediet

2002 4376 2099 4431 tibi
2132 4376 2261 4446 quia
2291 4375 2509 4430 veniam
2542 4371 2740 4443 quaerit
2777 4369 2897 4424 dari
2928 4368 3154 4437 propter
3194 4362 3289 4417 illa
3321 4375 3419 4431 per
3457 4371 3581 4428 qua

1996 4476 2209 4539 peccat.
2254 4465 2493 4520 Laudari
2535 4461 2734 4535 quaerit
2771 4462 2827 4516 in
2872 4455 3163 4515 desideriis
3202 4452 3397 4509 animm
3440 4462 3578 4539 sum,

2000 4537 2105 4616 sibi
2141 4559 2375 4631 primum
2408 4564 2462 4613 et
2498 4555 2688 4611 multis
2721 4553 2843 4607 aliis
2875 4550 3081 4619 injuste
3125 4556 3347 4630 nocens,
3390 4554 3458 4594 ex
3494 4537 3580 4631 in-

1998 4626 2227 4722 iustitiae
2258 4663 2372 4705 sum
2403 4646 2666 4717 operibus
2694 4643 2795 4699 sibi
2825 4639 2995 4711 exigit
3017 4626 3449 4722 benedictionem
3477 4626 3583 4722 tri-

2005 4717 2102 4798 bui
2148 4752 2203 4798 et
2245 4740 2645 4812 protectionem
2691 4749 2720 4789 a
2766 4726 3236 4789 circumdantibus
3277 4731 3351 4812 et-
3389 4719 3458 4774 ab
3490 4717 3582 4812 bis

2005 4832 2210 4904 quibus
2240 4805 2420 4902 palam
2451 4825 2721 4883 beneﬁcia
2750 4818 2985 4878 contulit
3014 4825 3069 4872 et
3097 4809 3444 4883 hospitaliter
3468 4805 3582 4878 egit

2005 4923 2073 4978 de
2096 4921 2259 4977 ﬁuxis
2279 4928 2333 4976 et
2360 4916 2722 4990 pereuntibus
2747 4910 3002 4982 negotiis.
3032 4912 3087 4962 et
3113 4904 3285 4974 exigit
3315 4910 3578 4990 tanquam

2004 5012 2250 5069 debitum
2287 4988 2666 5064 necessarium
2694 5010 2750 5057 et
2780 5000 2932 5055 nullo
2972 4996 3136 5052 modo
3166 4988 3578 5049 dimittendum.

2005 5102 2231 5160 Veniam
2265 5102 2400 5173 petit
2429 5099 2728 5154 multorum
2763 5104 2817 5150 et
2852 5090 3099 5164 gravium
3130 5087 3461 5149 debitorum,
3487 5079 3580 5173 fit

2013 5196 2240 5253 lissimis
2266 5169 2431 5250 donis
2464 5201 2520 5247 et
2554 5187 2799 5245 minimis
2825 5194 2881 5243 et
2919 5184 3105 5258 parvis
3137 5183 3458 5237 immensam
3484 5169 3580 5225 Dei

2012 5286 2311 5343 bonitatem
2363 5292 2418 5340 et
2471 5278 3079 5352 incomprehensibilem
3123 5272 3394 5345 justitiam
3457 5270 3579 5352 ten-

2012 5389 2156 5446 tans,
2195 5385 2250 5432 et
2274 5376 2431 5431 vanis
2458 5389 2632 5431 vanus
2664 5351 2930 5428 caelorum
2963 5378 3191 5440 regnum
3228 5371 3409 5417 emere
3435 5351 3577 5408 urbi.

2013 5477 2186 5536 trans,
2223 5475 2279 5525 et
2302 5466 2438 5521 nihil
2468 5465 2686 5521 illorum
2713 5478 2838 5534 quae
2870 5460 3223 5531 requiruntur
3249 5449 3504 5508 oﬁerens,
3525 5449 3581 5503 et

2012 5580 2270 5643 δάκτυλός
2306 5595 2365 5633 τε
2396 5574 2674 5637 δάκτυλον,
2706 5571 2986 5631 Menandri
3022 5567 3167 5625 Sent.
3214 5562 3345 5635 sing.
3383 5555 3513 5616 515.

2086 5652 2196 5726 (ιῖ)
2227 5650 2361 5709 Cod.
2394 5646 2680 5719 παρέσται.
