4030 6232
477 297 573 353 831

479 418 633 473 nullo
683 417 844 474 modo
874 416 1035 488 digna
1070 434 1233 490 opera
1286 437 1471 478 coram
1508 425 1617 481 Deo
1660 425 2059 495 jactat,tamen

476 516 535 561 ct
573 509 658 563 his
687 510 1014 564 benevolum
1045 526 1191 577 eum,
1226 515 1318 583 qui
1344 515 1435 570 dat
1456 518 1663 581 omnia,
1698 520 1898 573 lucrari
1931 537 2063 575 con—

480 598 733 664 tendens,
782 599 950 655 Deum
999 617 1107 656 non
1159 603 1420 666 oblectat.
1470 607 1564 662 sed
1619 624 1651 665 ο
1707 621 1897 664 contra
1939 612 2063 668 aliis

478 699 763 757 peccatum
798 707 958 746 suum
991 708 1285 749 commune
1321 695 1521 753 reddit.

483 972 586 1027 £95
620 974 730 1043 Ego
765 976 899 1027 lucri
930 976 1134 1044 aliquid
1176 976 1246 1029 ab
1278 977 1584 1030 adversario
1615 978 1828 1045 colligo.

554 1061 650 1114 Est
680 1070 733 1117 et
767 1064 911 1131 apud
948 1065 1131 1118 hostes
1159 1064 1356 1132 gratia,
1396 1066 1471 1117 ait
1504 1067 1874 1133 proverbium.
1926 1065 2063 1122 Huic

481 1151 754 1222 theol0gia
789 1153 968 1207 simile
1014 1154 1185 1207 dicit:
1224 1153 1334 1224 Ego
1365 1164 1416 1209 et
1459 1156 1527 1209 ab
1572 1158 1729 1211 hoste
1771 1157 2059 1211 utilitatem

480 1240 724 1310 percipio
743 1249 796 1295 et
825 1242 1043 1296 lucrum
1069 1243 1228 1299 vobis
1250 1244 1621 1299 communico.
1651 1245 1789 1311 Quid
1815 1247 2063 1301 lucrum?

482 1330 920 1399 Redargutiones
949 1348 1139 1389 eorum
1178 1336 1269 1404 qui
1323 1352 1408 1391 me
1452 1336 1688 1391 oderunt
1730 1349 1782 1393 et
1813 1338 2061 1394 convicia

468 1422 786 1477 observans
822 1431 875 1477 et
907 1426 1148 1493 ipsorum
1179 1425 1591 1495 obiurgationes
1622 1427 1799 1483 vitans
1832 1428 1947 1498 ipse
1971 1443 2062 1481 ac-

479 1513 727 1568 curatius
760 1516 926 1568 vitam
964 1514 1199 1585 dispono
1248 1532 1423 1571 meam
1472 1526 1525 1573 et
1560 1519 1715 1574 vobis
1752 1520 1885 1573 illud
1932 1534 2061 1574 sua-

479 1604 582 1657 deo
625 1623 638 1659 :
682 1604 751 1658 Ut
801 1606 1053 1661 securius
1088 1607 1306 1672 vivatis,
1358 1618 1412 1663 et
1450 1625 1518 1664 ne
1559 1610 1929 1665 contemnatis
1975 1609 2059 1663 vel

479 1697 816 1751 levissimam
850 1712 879 1750 a
908 1699 1050 1753 bono
1078 1699 1523 1765 declinationem,
1554 1718 1662 1755 non
1695 1709 1904 1755 tantum
1933 1717 2058 1771 pro-

481 1797 600 1855 pter
625 1787 968 1854 mandatum,
1009 1788 1103 1843 scd
1128 1798 1180 1844 et
1208 1800 1431 1860 propter
1462 1790 1854 1863 maledicorum
1888 1791 2055 1845 auda-

479 1880 651 1941 ciam,
675 1881 981 1933 cavendum
1014 1880 1173 1935 nobis
1202 1891 1287 1936 est
1318 1881 1467 1935 omni
1503 1881 1806 1952 diligentia.
1854 1882 2054 1936 Reme-

478 1969 627 2023 dium
660 1978 745 2023 est
787 1970 990 2038 injuria
1024 1971 1291 2039 hostium,
1334 1974 1637 2028 remedium
1669 1973 1898 2028 allectus
1927 1987 2056 2043 pra-

476 2074 574 2115 vos
600 2062 787 2117 cordis
823 2063 1131 2133 detergens,
1167 2079 1414 2118 amarum
1446 2066 1668 2136 quidem
1694 2065 1833 2120 sicut
1862 2075 1914 2120 et
1936 2080 2059 2119 cor-

478 2168 670 2221 porum
715 2154 1000 2224 purgativa
1041 2171 1055 2208 :
1107 2152 1292 2224 itaque
1345 2156 1477 2211 illud
1510 2161 1714 2212 veritus
1760 2156 2056 2226 prohibeor

478 2261 545 2299 ne
594 2248 647 2299 in
714 2247 900 2301 multis
950 2247 1287 2317 delinquam,
1348 2258 1402 2304 et
1468 2250 1666 2304 iterum
1720 2250 2053 2319 voluptatem

477 2345 735 2405 tauquam
811 2353 1035 2393 causam
1094 2346 1149 2392 et
1207 2339 1581 2396 adductriccm
1653 2339 2054 2411 objurgationis

476 2440 676 2482 amara:
709 2429 979 2499 redarguo
1012 2438 1067 2485 et
1100 2432 1313 2502 rejicio.

1828 308 2122 367 NICETAS
2156 310 2363 366 οΑγιι)

3632 315 3737 371 85?.

2168 432 2267 503 τὴν
2296 432 2404 485 τῶν
2432 430 2674 501 οὖρανῶν
2702 431 2973 502 βασιλείαν
3017 428 3439 503 ὲξαγοράζεσθαι
3475 432 3746 503 οἰόμενος,

2169 524 2262 575 καὶ
2290 523 2455 592 μηδὲν
2483 516 2557 577 ὧν
2582 525 2786 586 ἐκεῖνος
2814 523 2967 593 ζητεῖ
3004 523 3396 594 παρεχόμενος,
3425 525 3519 578 καὶ
3558 524 3627 576 τὰ
3654 525 3745 578 ού-

2162 614 2313 676 δενδς
2354 614 2479 680 ἀξια
2516 614 2644 684 παρ’
2671 614 2818 685 αὐτῷ
2862 613 3360 684 πλειστηριὰζεται,
3394 615 3489 667 καὶ
3530 614 3745 681 τούτοις

2163 705 2252 758 τὸν
2276 705 2484 759 διδόντα
2506 706 2573 759 τὰ
2596 708 2772 759 πάντα
2802 706 3465 775 καταπραγματευόμενος
3490 705 3624 758 Θεὸν
3644 706 3745 760 οὐκ

2162 795 2431 862 ἀρκεῖται,
2450 796 2583 849 ἀλλά
2610 797 2700 849 καὶ
2722 796 2911 860 ἀλλους
2936 796 3224 859 κοινωνοὺς
3251 796 3349 865 τῆς
3372 794 3533 849 αὑτοῦ
3563 797 3747 866 ἀμαρ-

2161 887 2281 949 τίας
2311 887 2715 957 συνεφέλκεται.

2164 977 2265 1030 195
2316 975 2454 1046 Ἐγώ
2503 994 2557 1029 τι
2596 976 2806 1044 κέρδος
2833 975 3060 1045 ἐκλέγω
3094 975 3192 1028 καὶ
3223 974 3600 1043 δυσμενοῦς.

2238 1067 2393 1119 Ἔστι
2439 1065 2533 1118 καὶ⁵
2561 1068 2690 1137 παρ’
2723 1064 2933 1135 ἐχθρῶν
2966 1066 3198 1134 χάρις,ἡ
3237 1065 3503 1134 παροιμία
3534 1064 3702 1133 φησίν
3725 1081 3742 1097 '

2161 1157 2343 1226 ὅμοιον
2383 1155 2554 1227 ταύτῃ
2582 1156 2673 1209 καὶ
2707 1158 2740 1226 ἡ
2783 1155 3029 1224 θεολογία
3069 1156 3216 1223 λέγει
3236 1194 3251 1218 ,
3280 1158 3421 1229 Ἐγὼ
3441 1158 3537 1212 καὶ
3558 1156 3624 1209 ἐκ
3647 1156 3742 1208 τοῦ

2162 1245 2456 1316 δυσμενοῦς
2486 1246 2751 1314 ὠφέλειαν
2784 1245 3101 1316 καρποῦμαι
3128 1246 3221 1298 καὶ
3252 1248 3313 1297 τὸ
3342 1246 3531 1317 κέρδος
3567 1263 3745 1298 κοινο-

2163 1336 2421 1406 ποιοῦμαι
2470 1336 2604 1407 πρὸς
2639 1337 2801 1406 ὑμᾶς.
2859 1336 3071 1390 Ὀποῖον
3114 1336 3171 1389 δὲ
3218 1336 3366 1388 τουτὶ
3412 1336 3475 1387 τὸ
3512 1336 3740 1406 κέρδοςς

2162 1430 2271 1492 Τὰς
2306 1427 2411 1497 γάρ
2444 1428 2592 1498 παρά
2619 1429 2725 1481 τῶν
2748 1428 3137 1499 ἐχθραινόντων
3167 1426 3441 1498 μοιλαϐἀς
3471 1428 3565 1481 καὶ
3600 1428 3745 1496 μέμ-

2160 1522 2280 1590 ψεις
2315 1520 2655 1585 ὑποπτεύων,
2698 1521 2789 1572 καὶ
2826 1519 2924 1583 τάς
2967 1519 3144 1573 αὐτῶν
3176 1518 3462 1589 ἐπιλήψεις
3498 1518 3743 1585 ἀποιρεύ⁴
3822 1524 3839 1530 ⁸

2161 1629 2273 1680 γων
2298 1653 2312 1678 ,
2349 1613 2510 1675 αὐτός
2542 1629 2602 1664 τε
2635 1610 3024 1681 ἀκριϐέστερον
3056 1612 3143 1663 τὸν
3195 1609 3431 1681 ἐμαυτοῦ
3482 1609 3744 1662 διευθετῶ

2167 1704 2277 1773 βίον
2309 1704 2402 1757 καὶ
2446 1703 2574 1771 ύμῖν
2621 1702 2752 1755 αὐτὸ
2798 1700 2953 1753 τοῦτο
2998 1700 3287 1771 παραινῶ,
3319 1700 3744 1769 ἀσφαλεστέρως

2166 1789 2315 1862 βιοῦν
2353 1790 2447 1843 καὶ
2487 1788 2561 1861 μὴ
2611 1792 2970 1859 καταφρονεῖν
3014 1790 3145 1860 μηδὲ
3184 1790 3282 1860 τῆς
3320 1788 3613 1857 ἐλαχίστης
3656 1788 3742 1841 δι-

2162 1884 2437 1956 αμαρτίας
2465 1880 2557 1937 τοῦ
2582 1880 2831 1944 καλοῦ,εί
2855 1882 2947 1933 καὶ
2979 1880 3053 1951 μὴ
3073 1880 3158 1934 διά
3185 1880 3283 1950 τὴν
3304 1879 3523 1951 ἐντολὴν
3546 1879 3744 1932 τοσοῦ-

2161 1995 2273 2039 τον,
2304 1976 2440 2029 ἀλλά
2482 1992 2545 2044 γε
2577 1973 2665 2027 διά
2709 1971 2806 2044 τὴν
2836 1972 2944 2025 τῶν
2985 1972 3270 2042 βασκάνων
3292 1971 3557 2041 λοιδορίαν
3589 1973 3743 2043 πάσῃ

2162 2066 2425 2137 τηρητέον
2479 2064 2703 2127 ἐαυτοῦς
2753 2063 2986 2133 φυλακῇ.
3022 2063 3312 2133 Φάρμακον
3345 2063 3495 2115 ἐστιν
3526 2063 3555 2114 6
3604 2062 3745 2132 πρὸς

2162 2157 2266 2209 τῶν
2302 2155 2511 2226 ἐχθρῶν
2551 2153 2869 2223 ὀνειδισμὸς,
2916 2153 3201 2224 φάρμακον
3243 2153 3350 2205 τῶν
3377 2152 3477 2221 τῆς
3510 2152 3743 2223 καρδίας

2164 2248 2381 2301 παθέων
2428 2245 2822 2317 καθαρτήριον,
2858 2243 3050 2313 πικρὸν
3079 2244 3136 2297 δὲ
3186 2244 3335 2313 ὅμως
3359 2284 3374 2307 ,
3405 2243 3595 2313 ῶσπερ
3642 2242 3745 2295 καὶ

2161 2340 2229 2392 τά
2266 2337 2374 2395 τῶν
2425 2337 2689 2407 σωμάτων
2744 2336 2981 2407 ῥυπτικά
3019 2351 3032 2364 ·
3065 2334 3131 2386 δι’
3159 2334 3186 2385 6
3220 2334 3312 2386 καὶ
3343 2332 3532 2395 δεδιὼς
3578 2330 3743 2385 τοῦτο

2165 2424 2615 2497 συστέλλομαιτά
2641 2424 2808 2477 πολλά
2836 2424 3191 2495 παρανομεῖν,
3221 2422 3312 2474 καὶ
3333 2415 3400 2474 αὖ
3434 2420 3597 2475 πάλιν
3633 2420 3738 2489 τὴν

476 2517 669 2590 ἡδονὴν
717 2520 793 2583 ὼς
832 2522 1011 2575 αἰτίαν
1065 2540 1155 2591 μοι
1215 2524 1310 2577 καί⁹
1354 2523 1611 2594 πρόξενον
1661 2524 1761 2595 τῆς
1809 2524 1917 2576 τῶν
1966 2520 2283 2593 ὀνειδισμῶν
2323 2518 2545 2590 πικρίας
2586 2516 2876 2588 γινομένην
2925 2514 3305 2586 ἐπιμέμφομαι
3350 2514 3448 2567 καὶ
3484 2510 3737 2567 ἀποσείο-

479 2627 598 2679 μαι.

478 2703 580 2757 197
620 2703 794 2758 Bonos
826 2721 1130 2771 remunera,
1170 2708 1336 2762 malos
1368 2708 1595 2777 despice.

523 2792 712 2848 Simile
729 2802 860 2864 puto
878 2797 1255 2852 tetrastichum
1273 2798 1419 2853 istud
1443 2798 1751 2867 apostolico
1770 2801 2047 2857 mandato:

476 2878 536 2934 Si
552 2880 671 2948 ﬁeri
684 2890 875 2949 potest,
898 2882 1037 2951 quod
1053 2898 1120 2936 ea:
1135 2883 1277 2937 vobis
1294 2892 1395 2951 est,
1417 2901 1535 2938 cum
1561 2883 1799 2938 omnibus
1826 2885 2053 2937 homini-

475 2973 569 3023 bus
589 2986 771 3037 pacem
791 2973 1037 3025 habentes
1061 2972 1249 3042 (Rom.
1283 2990 1379 3037 χιι,
1412 2974 1501 3043 l8)
1530 2992 1542 3027 :
1566 2989 1693 3028 cum
1721 2973 1880 3028 bonis
1899 2988 2054 3043 ergo,

475 3064 777 3118 mansuetis
805 3071 858 3118 et
875 3063 1156 3120 benevolis
1182 3079 1309 3135 erga
1332 3080 1431 3120 nos
1455 3066 1846 3119 convenienter
1878 3066 2052 3119 vicem

475 3152 679 3207 referre
711 3154 923 3222 justum
954 3161 1059 3219 est,
1106 3154 1222 3208 sive
1251 3170 1348 3224 per
1379 3155 1567 3219 verba,
1609 3155 1725 3210 sive
1761 3170 1857 3226 per
1886 3155 2052 3220 dona,

474 3244 589 3297 sive
608 3258 704 3312 per
724 3253 925 3298 rectam
951 3245 1370 3313 conscientiam,
1394 3245 1555 3301 aliter
1572 3247 1793 3317 dignam
1826 3245 2057 3303 reddere

474 3334 704 3404 gratiam
727 3343 978 3405 Oportet;
1008 3337 1181 3392 malos
1212 3352 1347 3391 vero
1378 3348 1431 3392 et
1471 3354 1727 3408 perverse
1758 3347 1982 3410 agentes
2001 3346 2056 3394 et

472 3429 881 3486 calumniantes
922 3445 1026 3486 nos
1071 3430 1376 3501 despicere,
1417 3432 1574 3486 nihili
1624 3432 1827 3496 facere,
1875 3432 1927 3487 id
1970 3439 2056 3488 est

475 3522 753 3591 negligere
790 3529 1040 3592 oportet;
1074 3522 1170 3577 sed
1204 3525 1367 3578 etiam
1408 3524 1543 3594 ipsis
1576 3524 1805 3592 gratiam
1842 3523 2055 3579 tribue-

473 3628 552 3676 re,
580 3628 645 3667 eo
673 3613 821 3683 quod
864 3613 997 3667 nihil
1031 3614 1161 3668 mali
1192 3615 1261 3669 ab
1287 3614 1421 3683 ipsis
1446 3616 1739 3684 patiamur,
1764 3615 1892 3671 licet
1920 3615 2056 3669 alni-

474 3720 600 3773 gere
634 3706 879 3761 meditati
927 3707 1073 3772 sint;
1107 3708 1311 3763 idcirco
1362 3707 1650 3777 paciﬁcum
1683 3716 1735 3763 et
1780 3708 2053 3779 placidum

473 3810 598 3850 esse
630 3810 755 3849 cum
788 3797 923 3866 ipsis
954 3807 1201 3867 Oportet;
1238 3798 1364 3852 inde
1394 3805 1658 3868 sequetur
1696 3797 2055 3853 diuturnitate

475 3887 740 3955 temporis
778 3895 831 3941 et
885 3889 1296 3957 longanimitate
1344 3890 1487 3960 quod
1535 3904 1632 3945 eos
1676 3889 1910 3944 suadeas
1958 3888 2053 3958 qui

476 3977 605 4031 boni
642 3977 774 4029 ﬁant
811 3985 904 4030 tua
939 3978 1213 4046 probitate
1235 3979 1394 4045 victi;
1428 3979 1635 4035 nemini
1671 3979 1818 4032 enim
1850 3977 2052 4031 malum

477 4081 579 4135 pro
623 4067 767 4122 malo
821 4068 1077 4132 reddens,
1128 4069 1424 4123 bonitatem
1472 4076 1525 4123 et
1577 4068 2052 4124 mansuetudinem

476 4164 739 4227 tanquam
779 4160 1045 4228 optimum
1080 4162 1189 4214 illis
1217 4161 1536 4230 impertiens
1560 4159 1788 4222 donum.
1820 4162 1899 4217 sic
1923 4177 2054 4231 pau-

477 4247 645 4301 lulum
671 4249 1002 4317 meliorabis,
1020 4258 1074 4306 et
1092 4251 1264 4308 malos
1283 4260 1333 4307 et
1355 4252 1617 4308 molestos
1656 4252 1829 4308 bonos
1870 4254 1965 4308 tibi
1998 4261 2053 4309 et

478 4338 681 4407 probos
709 4339 981 4409 perﬁcies.
1021 4402 1033 4413 ,

475 4514 574 4569 201
620 4515 889 4588 Benignus
922 4528 1034 4573 esto
1065 4521 1329 4586 omnibus,
1360 4522 1406 4575 si
1433 4531 1599 4589 potes.

549 4628 605 4685 Si
628 4637 781 4685 tanta
806 4632 905 4686 tibi
924 4634 1100 4704 gratia
1136 4635 1203 4689 ab
1226 4635 1508 4690 Altissimo
1530 4636 1735 4691 tributa
1768 4646 1853 4693 est
1873 4650 1926 4694 et
1947 4639 2053 4709 vis,

475 4723 567 4793 qui
606 4722 775 4779 Deum
810 4724 1043 4781 imiteris
1079 4742 1239 4796 quem
1264 4728 1519 4783 omnibus
1548 4731 1886 4785 celebramus
1911 4732 2058 4801 opti-

478 4829 648 4878 mum,
673 4822 725 4871 et
751 4814 867 4885 ipse
885 4815 981 4869 tias
1001 4817 1255 4871 omnibus
1279 4818 1456 4873 bonus
1479 4830 1534 4874 et
1552 4820 1733 4874 utilis:
1759 4824 1889 4890 quid
1906 4824 2051 4877 enim

477 4918 611 4958 sane
636 4907 938 4963 imitatione
968 4908 1061 4963 Dei
1080 4910 1314 4964 melius?
1340 4909 1445 4965 Sed
1470 4911 1633 4966 homo
1654 4927 1776 4967 cum
1814 4913 2057 4983 sis,quo-

479 4992 643 5046 modo
673 4998 876 5065 poteris
910 5000 1140 5055 bonitati
1172 5001 1272 5071 ipsi
1306 5001 1633 5057 similistieri
1664 5011 1717 5058 et
1744 5003 1809 5057 ad
1838 5019 2055 5058 omnem

480 5085 687 5152 pariter
718 5102 937 5143 carnem
972 5092 1409 5148 misericordiam
1441 5097 1735 5150 extendere
1763 5104 1818 5149 et
1841 5095 2057 5150 bonita-

481 5176 631 5230 tcm?
661 5178 907 5248 Simplici
935 5183 1098 5238 corde
1128 5186 1561 5241 misericordiam
1597 5197 1650 5243 et
1680 5203 1925 5242 amorem
1958 5187 2057 5239 ha-

480 5268 609 5324 bere
636 5276 689 5324 et
721 5269 787 5324 de
817 5272 992 5325 salute
1013 5275 1255 5329 omnium
1278 5278 1558 5334 hominum
1588 5279 1827 5333 studium
1854 5278 2057 5334 sentire

478 5376 576 5431 per
609 5362 817 5417 Christi
861 5362 1206 5421 dilectionem
1256 5384 1384 5440 erga
1444 5387 1545 5426 nos
1598 5386 1925 5443 possumus;
1959 5367 2053 5424 sed

480 5455 804 5512 benefacere
835 5458 1089 5514 omnibus
1126 5460 1440 5516 hominibus
1472 5462 1679 5516 homini
1715 5460 2059 5530 impossibile

479 5548 707 5603 omnino
734 5557 851 5615 est;
889 5549 1011 5606 ideo
1041 5552 1186 5608 dicet
1223 5554 1481 5608 omnibus
1510 5553 1625 5607 ﬁeri
1674 5553 1838 5607 utiles
1873 5552 2058 5609 animo

480 5638 680 5693 volenti
729 5641 980 5698 homines
1012 5643 1339 5715 diligentes;
1369 5654 1420 5699 ct
1457 5644 1761 5713 praesertim
1796 5642 2058 5712 proximis

483 5731 711 5799 nostris,
744 5734 907 5792 corde
941 5736 1085 5793 bono
1112 5744 1166 5793 et
1197 5738 1544 5794 sermonibus
1579 5745 1632 5795 ct
1674 5734 1929 5806 operibus
1964 5734 2051 5790 be—

2150 2697 2248 2753 197
2288 2694 2523 2761 Καλοὺς
2549 2694 2815 2763 ἀμείϐου,
2851 2692 2993 2757 τοὺς
3039 2690 3259 2757 κακοὺς
3306 2692 3667 2760 περιφρόνει.

2220 2788 2445 2857 Ὀμοιον
2473 2781 2626 2854 οἶμαι
2661 2783 2817 2837 τοῦτο
2856 2784 2917 2836 τὸ
2956 2783 3305 2853 τετράστιχον
3341 2783 3419 2853 τῷ
3458 2781 3743 2837 ἀποστολι-

2152 2879 2233 2949 κῷ
2262 2878 2455 2946 ἐκείνῳ
2493 2875 2933 2948 παραγγέλματι,
2969 2878 3039 2927 El
3071 2872 3355 2935 δυνατὸν,
3377 2873 3441 2926 τὸ
3475 2873 3541 2935 ἐξ
3568 2862 3759 2941 ὐμῶἷσ,

2146 2970 2309 3039 μετὰ,
2339 2968 2580 3022 πάντων
2625 2966 2949 3034 ἀνθρώπων
2982 2966 3417 3034 ειρηνεύοντες.
3446 2964 3589 3035 Πρὸς
3633 2964 3740 3034 μιν

2160 3057 2251 3114 οὖν
2280 3062 2403 3125 τοὺς
2438 3059 2635 3122 καλοὺς
2661 3059 2757 3113 καὶ
2790 3059 3050 3122 ἐπιεικεῖς
3074 3058 3167 3111 καὶ
3196 3056 3382 3119 εὖνους
3414 3057 3547 3126 ἡμῖν
3574 3072 3744 3125 προσ.

2159 3152 2401 3222 ηκόντως
2445 3149 2717 3204 ποιεῖσθαι
2749 3147 2955 3202 δίκαιον
2984 3148 3082 3212 τὰς
3113 3147 3365 3219 ἀμοιϐὰς,
3393 3148 3501 3200 εἴτε
3530 3146 3617 3198 διά
3645 3145 3744 3198 λό-

2155 3260 2287 3313 γων,
2323 3242 2429 3295 εἴτε
2450 3241 2538 3295 διὰ
2572 3241 2779 3310 δώρων,
2806 3239 2981 3292 εῖτουν
3013 3238 3187 3302 ἄλλως
3216 3238 3281 3292 δι’
3314 3236 3519 3305 ἀγαθῆς
3552 3253 3747 3289 συνει-

2155 3336 2362 3406 δήσεως
2407 3334 2507 3404 τὴν
2560 3332 2715 3396 ἀξίαν
2764 3328 3108 3384 ἀποτιννύναι
3157 3330 3308 3401 χάριν
3352 3324 3524 3397 χρεών
3552 3342 3567 3356 °
3596 3326 3744 3391 τοὺς

2156 3426 2360 3487 κακοὺς
2387 3424 2444 3477 δὲ
2470 3424 2562 3477 καὶ
2586 3422 3049 3493 πονηρευομένους
3066 3423 3159 3474 καὶ
3183 3418 3564 3491 βασκαίνοντας
3594 3418 3745 3487 ἡμῖν

2156 3517 2505 3587 περιφρονεῖν
2551 3515 2646 3567 καὶ
2677 3512 3004 3579 ἐξουδενοῦν,
3034 3514 3061 3565 ὅ
3090 3514 3233 3565 ἐστιν
3272 3511 3566 3581 ύπερορᾷν,
3597 3512 3739 3581 χρή·

2156 3606 2291 3659 ἀλλά
2341 3607 2435 3659 καὶ
2484 3604 2693 3667 τούτοις
2749 3604 2909 3676 χάριν
2959 3604 3155 3656 εἰδέναι
3203 3602 3279 3672 τῷ
3329 3601 3495 3671 μηδὲν
3541 3600 3743 3653 παθεῖν

2158 3698 2288 3769 παρ’
2319 3696 2497 3749 αὐτῶν
2530 3695 2725 3759 κακὸν,
2765 3696 2813 3747 εί
2865 3695 2960 3748 καὶ
2991 3694 3174 3758 ἔδοξαν
3214 3692 3403 3745 λυπεῖν
3430 3708 3442 3721 ·
3473 3692 3539 3745 δι’
3571 3692 3598 3744 6
3634 3692 3743 3745 καὶ

2155 3786 2444 3859 εἰρηνικῶς
2473 3787 2565 3840 καὶ
2592 3786 2817 3857 ἀμάχως
2852 3785 2969 3837 δέον
3009 3782 3311 3837 διακεῖσθαι
3345 3782 3482 3853 πρὸς
3513 3783 3739 3848 αὐτοὺς,

2153 3878 2227 3942 ὡς
2273 3878 2337 3932 ἂν
2371 3878 2446 3949 τῷ
2486 3877 2663 3948 πολλῷ
2712 3877 2888 3947 χρόνῳ
2921 3876 3015 3929 καὶ
3042 3879 3109 3946 τῇ
3147 3873 3497 3945 μακροθυμίᾳ
3536 3873 3744 3943 πείσῃς

2156 3969 2249 4021 καὶ⁵
2274 3970 2470 4031 αὐτοὺς
2514 3969 2767 4037 γενέσθαι
2812 3969 3099 4039 χρηστοὺς,
3122 3966 3219 4036 τῆς
3256 3966 3356 4035 σῆς
3396 3963 3744 4034 ἡττημένους

2156 4058 2575 4126 καλοκάγαθίας.
2626 4059 2829 4129 Μηδενὶ
2876 4058 2984 4129 γὰρ
3030 4057 3195 4111 κακὸν
3228 4056 3348 4109 ἀντὶ
3389 4053 3557 4108 κακοῦ
3592 4056 3742 4106 ἀπο·-

2153 4149 2346 4213 διδοὺς,
2382 4150 2727 4221 χρηστότητα
2767 4150 2823 4202 δὲ
2863 4151 2953 4203 καὶ
2986 4147 3286 4201 ἐπιείκειαν
3325 4146 3400 4209 ὼς
3436 4144 3742 4214 καλλίστην

2154 4241 2334 4304 αὐτοῖς
2363 4240 2740 4311 ἐπι6ρα6εύων
2769 4240 2998 4311 δωρεὰν,
3027 4239 3170 4292 οὔτω
3205 4237 3344 4290 κατά
3377 4235 3568 4307 μικρὸν
3587 4236 3745 4302 ἀγα..-

2155 4334 2353 4397 θυνεῖς,
2370 4334 2463 4387 καὶ
2489 4335 2615 4397 τοὺς
2638 4336 2839 4395 κακοὺς
2872 4332 2963 4384 καὶ
2998 4331 3266 4402 πονηροὺς
3288 4330 3485 4392 καλοὺς
3513 4329 3743 4399 σεαυτῷ

2160 4423 2255 4476 καὶ
2289 4424 2556 4493 χρηστοὺς
2588 4422 2956 4485 ἀποτελέσεις.

2150 4534 2247 4588 20!
2294 4532 2451 4590 Πᾶσι
2496 4534 2614 4605 μὲν
2676 4536 2799 4590 ἴσθι
2837 4536 3138 4606 χρηστὸς,
3172 4538 3223 4590 εὶ
3264 4536 3435 4590 τοῦτο
3484 4536 3737 4601 σθένος.

2222 4648 2283 4701 El
2321 4648 2418 4719 μὲν
2462 4647 2696 4719 τοσαύτη
2759 4666 2839 4701 σοι
2891 4650 3050 4719 χάρις
3106 4649 3309 4702 ἄνωθεν
3351 4647 3741 4721 ἐπεϐραὸεύθη

2152 4740 2245 4793 καὶ
2280 4740 2452 4809 ἰσχὺς,
2491 4738 2631 4792 ὥστε
2680 4740 2811 4794 Θεὸν
2865 4739 3145 4810 μιμεῖσθαι
3176 4739 3266 4791 τὸν
3308 4742 3416 4801 τοῖς
3449 4738 3741 4807 σύμπασιν

2154 4830 2557 4899 ἀνυμνούμενον
2588 4830 2843 4903 χρηστὸν,
2873 4830 2966 4881 καὶ
2996 4828 3157 4891 αὐτὸς
3179 4828 3330 4895 γίνου
3361 4827 3493 4897 πρὸς
3517 4827 3741 4891 πάντας

2153 4922 2353 4990 ἀγαθὸς
2388 4922 2481 4975 καὶ
2525 4920 2758 4992 χρηστός
2779 4936 2793 4952 ο
2822 4920 2874 4972 τί
2904 4919 3012 4990 γάρ
3049 4920 3147 4989 τῆς
3176 4918 3344 4980 ὅντως
3366 4916 3744 4987 θεομιμησίας

2152 5012 2500 5082 ἀγαθὼτερον
2551 5011 2616 5065 ἂν
2646 5012 2768 5080 etv];
2814 5008 2954 5061 Ἀλλ’
2988 5008 3271 5078 ἄνθρωπον
3316 5007 3445 5059 ὄντα
3471 5006 3586 5069 πῶς
3615 5004 3745 5063 οἷόν

2151 5120 2209 5155 τε
2265 5107 2330 5173 τῇ
2376 5102 2770 5171 αὑταγαθότητι
2822 5098 3230 5171 ἐξομοιοῦσθαι,
3262 5098 3355 5150 καὶ
3389 5098 3523 5167 πρὸς
3550 5099 3745 5154 πᾶσαν

2154 5193 2238 5244 ἐπ’
2270 5193 2391 5262 ῐσης
2422 5192 2597 5261 σάρκα
2633 5192 2725 5244 τὸν
2762 5190 2909 5243 ἔλεον
2960 5190 3311 5258 ἐπιχορηγεῖν
3336 5187 3429 5240 καὶ
3458 5187 3560 5256 τὴν
3596 5204 3736 5259 χρη.

2157 5283 2424 5353 στότητα;
2465 5284 2539 5336 Τὸ
2587 5283 2685 5353 μὲν
2718 5278 2809 5335 οὖν
2842 5280 3029 5343 ἀπλῶς
3055 5278 3245 5341 ἐλεεῖν,
3273 5278 3367 5331 καὶ
3409 5276 3603 5345 φιλεῖν,
3635 5281 3752 5334 καὶ

2156 5374 2370 5428 πάντων
2415 5375 2718 5447 ἀνθρώπων
2760 5374 2979 5443 ἀγαπᾷν
3034 5372 3134 5443 τὴν
3189 5369 3460 5439 σωτηρίαν
3490 5369 3579 5423 διά
3629 5371 3747 5442 τῆς

2152 5463 2391 5533 Χριστοῦ
2438 5465 2572 5535 πρὸς
2625 5464 2773 5533 ἡμᾶς
2834 5460 3111 5531 δυνάμεθα
3157 5456 3566 5527 φιλανθρωπίας
3605 5473 3615 5484 ·
3654 5458 3745 5527 τῷ

2156 5554 2462 5622 εὐεργετεῖν
2517 5555 2616 5625 μὲν
2650 5555 2857 5615 πάντας
2903 5550 3223 5621 ἀνθρώπους
3268 5546 3542 5618 ἀνθρώπῳ
3593 5564 3734 5601 παν·

2155 5646 2390 5699 τάπασιν
2423 5647 2724 5717 ἀμήχανον,
2748 5647 2811 5699 δι’
2828 5646 2855 5699 6
2879 5644 3025 5710 λέγει
3052 5644 3185 5697 πᾶσι
3215 5641 3311 5711 μὲν
3331 5638 3575 5709 γίνεσθαι
3595 5656 3745 5710 χρη-

2160 5738 2315 5802 οτοῦς
2352 5740 2415 5809 τῇ
2454 5738 2688 5795 διαθέσει
2742 5734 3352 5809 φιλανθρωπευομένους
3393 5733 3490 5804 τῆς
3522 5731 3736 5805 ψυχῆς,
