4030 6232
323 268 433 325 833

315 385 555 457 μάλιστα
586 379 643 433 δέ
679 379 789 441 τοῖς
829 376 1136 446 ἐγγίζουσιν
1170 375 1300 447 ἡμῖν
1331 417 1346 441 ,
1377 375 1452 438 ὡς
1505 376 1598 429 καὶ
1637 373 1891 446 προθέσει

312 476 545 548 καρδίας
575 473 671 528 καὶ
694 471 872 539 λόγοις
901 469 994 521 καὶ
1022 467 1341 539 πράγμασιν
1366 467 1671 538 εὐεργετεῖν
1702 463 1897 518 πολλά-

314 583 408 630 κις
464 561 793 632 δυναμένους
819 560 848 612 ὁ
879 559 1025 630 ἱερὸς
1073 557 1229 626 λόγος
1268 558 1557 629 παραινεῖ·
1588 557 1817 626 ἔγγιστα
1842 555 1897 608 δὲ

312 657 446 718 τοὺς
478 653 569 706 τὸν
590 652 790 722 τρόπον
819 650 912 703 τοῦ
947 649 1090 704 κατὰ
1117 648 1250 702 Θεὸν
1283 648 1422 719 βίου,
1459 649 1492 719 ἢ
1523 647 1584 700 τὸ
1613 647 1754 701 κατὰ
1801 645 1900 714 φύ-

314 764 406 800 σιν
427 747 603 815 γένος,
635 745 668 815 ἦ
694 743 788 796 καὶ
824 743 912 796 τὸν
941 741 1107 795 τόπον
1132 741 1482 809 γειτνιῶντας
1503 740 1600 810 τῆς
1632 739 1900 808 οἰκήσεως

313 836 646 908 διαγορεύει.
672 835 815 905 Πρὸς
843 834 970 898 τοὺς
1001 833 1278 896 τοιούτους
1312 829 1403 886 οὖν
1427 830 1524 901 τὴν
1558 828 1900 901 χρηστότητα

315 928 522 1001 χρῆναι
573 924 772 997 μᾶλλον
821 923 1246 978 ἐπιδείκνυσθαι.
1305 924 1460 986 Τίνος
1506 922 1738 986 ἐνεκεν;
1791 920 1902 973 Καὶ

314 1021 443 1083 πῶς
471 1019 579 1091 γὰρ
623 1017 690 1071 ἂν
730 1017 1078 1088 πιστευθείης
1113 1019 1224 1081 τοῖς
1264 1016 1456 1082 ξένοις,
1503 1016 1657 1087 φησι,
1682 1013 1776 1068 καὶ
1809 1013 1903 1066 ἀλ-

316 1111 553 1184 λοτρίως
601 1110 739 1182 πρὸς
783 1109 843 1162 σὲ
889 1108 1256 1180 διακειμένοις
1293 1108 1494 1177 ἀγαθὸς
1541 1104 1679 1162 εἶναι
1718 1107 1902 1180 ἢφιλ-

318 1205 634 1274 ἅνθρωπος,
663 1203 776 1264 τοῖς
820 1200 1042 1264 οίκείοις
1084 1201 1267 1264 ἄδικος
1311 1199 1688 1270 δεικνύμενος;
1731 1199 1903 1252 Ἐκεί-

317 1311 436 1357 νοις
471 1293 568 1362 μὲν
607 1290 716 1362 γὰρ
767 1290 938 1356 ξένοις
992 1286 1142 1344 οῦσιν
1182 1293 1312 1356 ῐσως
1357 1291 1465 1343 οὐδ’
1495 1290 1727 1359 ὀφείλειν
1759 1292 1905 1360 ἐρεῖς

317 1385 490 1449 καλὸς
515 1381 676 1448 εἶναι,
699 1386 810 1447 τοῖς
841 1383 1113 1452 ἐγγίζουσι
1132 1383 1187 1436 δὲ
1217 1383 1339 1436 καθ’
1369 1383 1646 1437 ὁποιονοῦν
1677 1383 1782 1436 τῶν
1823 1385 1906 1436 εί-

322 1479 584 1553 ρημένων
628 1479 827 1550 τρόπον
873 1477 1087 1540 πάντως
1132 1475 1368 1545 ὀφείλεις
1395 1472 1534 1530 εἶναι
1579 1475 1900 1548 περιδέξιος.

322 1574 502 1642 Εἴπερ
539 1567 633 1625 οὖν
662 1570 872 1634 τούτοις
901 1569 964 1622 ού
1003 1568 1209 1632 δίκαιος
1238 1567 1648 1642 καταλαμϐάνῃ,
1672 1569 1783 1632 τοῖς
1817 1567 1906 1622 ἀλ-

321 1663 560 1735 λοτρίοις
588 1662 683 1715 καὶ
718 1659 934 1731 μακρὰν
966 1658 1166 1725 πόσον;

320 1754 435 1808 205
479 1754 538 1806 Τί
577 1751 774 1805 πάντα
815 1750 920 1804 τὸν
964 1749 1271 1819 δύστηνον
1309 1748 1618 1820 αἰτιώμεθα

320 1825 434 1879 206
489 1825 751 1892 ⁹Εχθρόν;

404 1915 524 1968 Ὀτι
573 1915 634 1966 οὑ
666 1910 772 1985 χρὴ
805 1913 982 1966 πάντα
1013 1911 1215 1983 τρόπον
1249 1911 1341 1966 τὸν
1390 1911 1703 1983 δυσώνυμον
1731 1913 1908 1966 αἰτιᾶ-

326 2000 457 2054 σθαι
479 2000 738 2066 Σατανᾶν,
764 2000 840 2062 ὡς
863 1999 962 2070 τῆς
980 2001 1036 2052 ἐν
1057 2003 1188 2071 ἡμῖν
1209 2001 1484 2072 ἁμαρτίας
1513 2000 1573 2053 τὸ
1599 2001 1718 2055 ὅλον
1748 2003 1909 2056 αὑτὸν

325 2092 503 2145 αἴτιον
535 2091 846 2161 ὑπάρχοντα
863 2108 876 2121 ο
895 2090 1069 2160 τούτῳ
1099 2090 1207 2161 γὰρ
1231 2089 1308 2162 τῷ
1331 2092 1517 2162 τρόπῳ
1540 2092 1616 2156 ὼς
1635 2093 1908 2156 ἀναιτίους

326 2183 557 2246 ἑαυτοὺς
589 2182 1032 2254 ὑπολογιζόμενοι
1057 2183 1310 2254 ἀκρατῶς
1337 2201 1393 2236 τε
1415 2184 1507 2236 καὶ
1533 2183 1802 2254 ἀχαλίνως
1831 2183 1908 2254 τῷ

327 2271 626 2342 φιληδόνως
658 2269 828 2340 βιοῦν,
862 2271 962 2340 τὴν
997 2269 1242 2334 ἐξουσίαν
1272 2270 1536 2339 ἐφιέντες,
1566 2273 1702 2344 πρὸς
1729 2275 1909 2327 πᾶσαν

329 2361 783 2433 ὑποχαυνούμεθα
831 2362 1194 2433 παρανομίαν.
1233 2361 1298 2414 Τί
1344 2355 1438 2416 οὑν
1485 2362 1734 2434 ποιητέον
1779 2365 1908 2434 ἡμῖν

331 2457 370 2527 ἢ
420 2456 534 2520 πῶς
568 2454 940 2526 ὑποληπτέον;
967 2453 1294 2526 Μέμφεσθαι
1327 2454 1428 2524 μὲν
1463 2454 1584 2524 ἤτδ
1631 2458 1739 2510 πᾶν
1773 2456 1805 2526 ἦ
1849 2455 1909 2508 τὺ

332 2548 496 2601 πλέον
541 2547 633 2600 καὶ
677 2546 1028 2617 κατακρίνειν
1077 2545 1354 2616 προσῆκεν
1400 2545 1588 2599 ἐαυτὸν
1616 2584 1633 2610 ,
1676 2545 1752 2610 ὡς
1805 2547 1909 2619 ίδίᾳ

330 2638 509 2710 ψυχῆς
533 2637 872 2710 προαιρέσει,
901 2637 1015 2690 ἀλλ’
1054 2636 1280 2708 οὐδεμιᾷ
1300 2655 1404 2690 τινι
1437 2636 1636 2702 ἔξωθεν
1663 2637 1752 2708 βίᾳ
1775 2639 1911 2709 πρὸς

331 2730 435 2802 τὴν
467 2729 666 2783 κακίαν
703 2727 1105 2798 συνωθούμεθα,
1139 2729 1232 2780 καὶ¹
1283 2727 1426 2781 οὑτω
1462 2728 1638 2798 πάντη
1683 2729 1912 2792 ἑαυτοὺς

335 2820 720 2883 ταπεινοῦντες
747 2821 838 2873 καὶ
866 2817 1272 2884 ἐξουθενοῦντες
1323 2819 1548 2890 σφόδρα,
1577 2818 1873 2888 ἐλεούμεθα
1891 2836 1905 2849 ο

333 2913 400 2966 τὸ
423 2912 581 2967 πλέον
613 2911 670 2964 δὲ
718 2911 962 2975 ἑαυτοὺς,
998 2910 1112 2964 ἀλλ’
1133 2910 1191 2963 οὑ
1223 2909 1282 2963 τὸ
1312 2909 1433 2964 ὅλον
1462 2909 1796 2980 αἰτιώμενοι,
1815 2911 1911 2964 καὶ

337 3002 534 3066 οὑτως.
562 2997 723 3073 ἦττον
763 3002 870 3074 μὲν
899 2999 1324 3070 ταπεινούμεθα,
1357 2998 1704 3070 συγγνώμης·
1735 3000 1780 3052 δ’
1818 2994 1910 3053 οὖν

338 3095 487 3165 ὅμως
524 3094 618 3148 καὶ
664 3092 813 3145 ἐλέου
863 3090 1176 3162 ἀξιούμεθα.
1212 3089 1428 3144 Είδέναι
1457 3090 1512 3143 δὲ
1542 3091 1713 3156 ἄξιον,
1747 3091 1822 3153 ὼς
1853 3089 1914 3142 τὸ

338 3185 451 3255 πῦρ
492 3183 592 3254 μὲν
617 3182 711 3234 τοῦ
733 3181 906 3252 θυμοῦ
928 3181 1021 3234 καὶ
1042 3181 1142 3250 τῆς
1165 3181 1460 3251 ἐπιθυμίας
1493 3182 1624 3251 παρ’
1644 3182 1676 3250 ή
1686 3179 1802 3250 μῶν
1823 3179 1916 3232 καὶ

336 3274 439 3343 τῆς
473 3270 748 3343 ἡμετέρας
783 3269 1014 3339 φύσεως,
1047 3269 1190 3339 ἆπερ
1226 3271 1282 3321 ἐν
1309 3268 1387 3339 τῷ
1415 3269 1772 3340 αὐτοκράτορι
1803 3270 1916 3321 κεῖ-

338 3379 432 3416 ται
477 3359 724 3431 λογισμῷ
745 3398 758 3423 ,
789 3360 922 3432 πρὸς
959 3359 987 3410 ὃ
1017 3357 1262 3428 βούλεται
1318 3359 1517 3429 ἀρετήν
1547 3357 1606 3410 τέ
1649 3375 1788 3427 φημι
1823 3357 1916 3409 καὶ

341 3454 564 3518 κακίαν,
595 3450 856 3515 οἰακίζειν
897 3467 955 3502 τε
992 3450 1083 3503 καὶ
1126 3447 1406 3515 διιθύνειν,
1437 3449 1528 3501 καὶ
1579 3447 1916 3501 ὑπανιέντων

347 3547 444 3617 μὲν
473 3545 737 3615 θελήματι
796 3542 892 3596 καὶ
940 3541 1199 3609 ἐφιέντων
1234 3539 1574 3610 ὑφάπτεσθαι
1618 3540 1677 3592 τὺ
1715 3537 1846 3609 πῦρ,
1887 3539 1917 3591 ὁ

355 3636 578 3708 Ἐχθρὸς
613 3635 831 3706 ἐμφυσᾷ
864 3631 1187 3709 παρὼν,καὶ
1225 3633 1303 3695 είς
1328 3629 1571 3702 μεγάλην
1603 3628 1760 3682 τοῦτο
1784 3628 1916 3682 πολ-

342 3727 498 3790 λάκις
547 3722 892 3796 ἀναῤῥιπίζει
945 3723 1118 3792 φλόγα
1145 3723 1489 3792 ’ἐπεχόντων
1537 3722 1593 3774 δὲ
1635 3720 1918 3794 φιλοσοφία

345 3817 438 3869 καὶ
466 3811 776 3884 φιλοπονία,
804 3811 895 3864 καὶ
929 3814 994 3881 τῇ
1028 3813 1300 3880 προσφυεῖ
1322 3810 1432 3864 τῶν
1469 3808 1720 3879 δακρύων
1750 3825 1919 3863 κατα-

346 3906 677 3959 σϐεννύντων
711 3906 961 3976 ἐπιρροῇ.
985 3904 1078 3957 καί
1111 3921 1174 3973 γε
1202 3903 1360 3956 τοῦτο
1392 3901 1760 3974 μαραινὸντων
1797 3903 1919 3964 ταῖς

344 3995 481 4066 πρὸς
511 3996 572 4048 τὺ
595 3995 842 4066 οὐράνιον
875 3994 984 4065 πῦρ
1002 3993 1093 4048 τοῦ
1115 3993 1206 4047 νοῦ
1239 3993 1592 4062 ἀναγωγίαις,
1614 3994 1775 4056 αὑτός
1801 4011 1860 4046 τε
1889 3995 1919 4047 ὁ

343 4087 660 4153 ἐξανάπτων
692 4086 988 4141 ἀπόλλυται
1023 4086 1302 4158 Δυσμενὴς
1323 4127 1336 4152 ,
1367 4087 1460 4139 καὶ
1507 4087 1668 4157 ἡμεῖς
1708 4085 1921 4140 ἐλευθε-

349 4181 608 4251 ρούμεθα.

344 4359 450 4414 209
489 4357 585 4427 Μὴ
632 4357 844 4426 σφόδρ’
867 4357 1117 4410 ἔπεσθαι
1161 4355 1455 4424 παιγνίοις
1492 4355 1809 4409 ἐνυπνίων.

418 4450 592 4522 Πολλὴ
622 4451 717 4504 καὶ
745 4448 1022 4518 ἀμύθητος
1049 4450 1084 4518 ὴ
1137 4446 1244 4500 τῶν
1293 4446 1560 4500 ἐνυπνίων
1609 4446 1916 4516 καθέστηκε

344 4543 596 4614 διαφορά.
635 4542 792 4595 Ἐστι
814 4539 913 4611 μὲν
933 4538 1182 4592 ἐνύπνιον
1207 4536 1295 4590 διὰ
1322 4537 1639 4607 Πνεύματος
1660 4537 1917 4609 ἀληθείας

346 4633 740 4704 ἐνεργούμενον
764 4672 779 4697 ,
825 4632 924 4684 οὑκ
968 4631 1025 4683 ἐν
1073 4630 1380 4700 προφήταις
1405 4631 1498 4684 καὶ
1526 4629 1703 4697 ἁγίοις
1735 4629 1916 4700 μόνον,

346 4727 459 4779 ἀλλ’
504 4725 650 4778 εστιν
693 4725 782 4777 ὅτε
826 4723 919 4776 καὶ
962 4723 1020 4775 ἐν
1066 4721 1342 4792 βασιλεῦσι
1388 4723 1482 4776 καὶ
1524 4721 1749 4793 ἄρχουσι
1793 4722 1917 4793 γῆς,

346 4817 536 4888 δρασίν
588 4832 711 4870 τινα
757 4815 826 4868 δι’
871 4813 1190 4884 αίνίγματος
1242 4811 1552 4866 ὑποτυποῦν
1579 4853 1594 4875 ,
1647 4815 1742 4866 καὶ
1790 4831 1918 4867 συν-

349 4909 720 4978 εσκιασμένως
746 4907 807 4959 τὸ
844 4906 1032 4977 μέλλον
1064 4905 1144 4977 τῷ
1169 4905 1362 4978 ὁρῶντι
1390 4904 1718 4977 προδηλοῦν*
1763 4906 1920 4960 τοῦτο

346 4999 402 5052 δὲ
434 5001 497 5053 οὑ
525 4999 662 5053 πολὺ
691 4998 811 5051 οὐδὲ
839 4998 1097 5061 πολλάκις
1143 4998 1262 5051 οὑδὲ
1293 4999 1405 5061 τοῖς
1446 4997 1700 5068 τυχοῦσιν
1722 5038 1738 5061 ,
1782 4998 1920 5052 ἀλλὰ

347 5092 456 5154 τοῖς
488 5089 661 5155 ἀξίοις
707 5089 999 5161 συμϐαῖνον
1039 5090 1357 5162 καθορᾶται.
1398 5091 1553 5144 Ἔστι
1585 5091 1640 5144 δὲ
1669 5090 1915 5156 ἐνύπνια,

349 5179 550 5252 μᾶλλον
574 5181 631 5234 δέ
666 5179 824 5250 βυθὸς
861 5181 1124 5235 ἐνυπνίων
1153 5181 1410 5254 ἄρῤητος,
1441 5181 1688 5255 ἄπειρος,
1718 5181 1918 5248 ἁδιεξί-

351 5288 526 5343 τητος,
553 5272 688 5343 δναρ
711 5274 821 5336 τοῖς
863 5272 1170 5344 ἀνθρώποις
1197 5273 1456 5327 ύπνοῦσιν
1485 5267 1834 5339 ὑποπίπτωῆ
1861 5274 1920 5328 ὃν

351 5362 689 5432 ματαιότητα
725 5364 1099 5436 ματαιοτήτων
1131 5364 1336 5435 κυρίως
1382 5365 1448 5418 ἄν
1485 5381 1572 5428 τις
1616 5366 1876 5435 ὀνομάσαι
1905 5382 1915 5396 ’

354 5454 523 5509 πάντα
563 5457 660 5526 μὲν
701 5457 812 5528 γὰρ
847 5457 924 5528 τῷ
956 5459 1070 5512 ὄντι
1101 5459 1397 5530 ματαιότης
1426 5460 1659 5532 ὑπάρχει
1702 5461 1771 5515 τὰ
1823 5462 1916 5514 ἀν-

351 5543 626 5616 θρώπιναο
678 5549 746 5602 τὰ
773 5549 831 5602 δὲ
874 5550 1080 5603 τούτων
1112 5551 1367 5622 ὀνείρατα
1419 5551 1453 5622 ἢ
1500 5553 1606 5606 ἀπὸ
1650 5552 1742 5606 τοῦ
1791 5552 1917 5623 θρε-

351 5638 542 5692 πτικοῦ
577 5640 775 5711 μέρους
806 5641 903 5711 τῆς
935 5643 1112 5714 ψυχῆς
1136 5641 1478 5713 λαμϐάνοντα
1510 5645 1607 5715 τὴν
1640 5644 1916 5718 ἀφορμὴν,

359 5723 392 5791 ἦ
417 5725 521 5783 ἀπὸ
555 5729 648 5784 τοῦ
691 5730 1008 5804 αἰσθητικοῦ
1054 5734 1146 5787 καὶ
1182 5733 1276 5802 τῆς
1304 5735 1411 5788 τῶν
1446 5735 1716 5807 αἰσθητῶν
1745 5753 1920 5791 πιικι-

1389 207 1454 310 It‘i
1491 254 1800 311 (ZARMI‘NA
1839 252 2116 309 ARCANA
2151 252 2208 309 ὃ.
2239 248 2590 307 CREGORII.

3473 237 3581 298 855

1999 370 2254 424 nefacere
2286 385 2428 438 sa‘pe
2460 368 2725 434 valentes,
2765 379 2866 420 nos
2905 371 3155 420 sanctum
3199 363 3421 418 verbum
3447 363 3580 416 lior-

1999 468 2181 528 tatur;
2222 459 2501 529 proximos
2533 473 2660 512 vere
2691 465 2744 511 et
2797 455 2890 526 qui
2935 454 3179 508 moribus
3215 453 3338 507 vitae
3379 467 3577 508 secun-

1999 552 2128 606 dum
2164 549 2357 612 Deum,
2385 556 2440 603 et
2481 550 2572 618 qui
2609 557 2804 602 natura
2835 555 2890 602 et
2920 545 3145 610 familia,
3183 555 3237 599 et
3277 545 3370 614 qui
3413 545 3576 597 domo

2000 641 2168 696 vicini
2199 649 2328 696 sunt
2358 639 2734 706 habitationis,
2770 644 3053 710 supputat.
3086 635 3223 707 Erga
3266 633 3576 703 hujusmodi

2000 732 2288 803 proximos
2323 732 2498 800 magis
2529 731 2828 785 bonitatem
2859 728 3150 785 ostendere
3179 735 3414 798 oportet,
3445 727 3583 782 cur?

2003 823 2068 877 Et
2115 823 2392 894 quomodo
2441 822 2600 877 (idem
2653 822 2930 876 obtinebis
2976 821 3044 876 ab
3091 820 3236 885 aliis,
3281 817 3476 888 inquit,
3527 826 3583 891 et

2004 917 2168 987 longe
2193 932 2222 970 a
2252 925 2303 971 te
2327 916 2662 979 viventibus,
2701 914 2845 985 quod
2877 915 3057 969 bonus
3089 912 3188 977 sis,
3222 922 3315 964 aut
3345 909 3584 965 charitao

2002 1017 2112 1064 tem
2153 1009 2356 1063 habeas
2403 1022 2532 1078 erga
2580 1007 2863 1070 homines,
2901 1006 2994 1076 qui
3040 1003 3304 1075 proximis
3344 1001 3582 1071 injustus

2007 1097 2347 1170 appareres?
2378 1097 2501 1150 Istis
2537 1096 2758 1165 quidem
2801 1094 2994 1148 alienis
3029 1091 3167 1145 nihil
3199 1088 3401 1143 referre
3434 1086 3584 1140 dices

2005 1196 2060 1243 te
2121 1203 2244 1244 esse
2305 1187 2534 1248 bonum.
2591 1200 2716 1256 erga
2761 1184 3040 1255 proximos
3106 1195 3236 1236 vero
3282 1179 3430 1234 omni
3474 1192 3582 1247 qua

2004 1280 2269 1343 diximus,
2325 1279 2534 1332 ratione
2589 1277 2813 1332 omnino
2869 1275 3035 1330 debes
3083 1272 3412 1329 benevolens
3438 1285 3580 1324 esse.

2007 1371 2063 1426 Si
2109 1371 2277 1441 igitur
2311 1385 2418 1425 non
2463 1369 2650 1440 justus
2681 1367 2824 1438 apud
2856 1368 3006 1437 ipsos
3040 1365 3358 1431 inveniaris,
3390 1360 3587 1418 alienis

2004 1469 2054 1518 et
2089 1463 2176 1518 his
2205 1462 2298 1533 qui
2334 1477 2363 1516 a
2402 1461 2562 1533 longe
2591 1470 2719 1516 sunt
2752 1460 3029 1532 quomodo
3057 1459 3205 1515 eris?

2012 1739 2118 1794 205
2148 1738 2258 1794 Cur
2292 1739 2346 1792 in
2377 1740 2618 1794 omnibus
2652 1740 2898 1793 miserum
2934 1752 3210 1792 causemus

2009 1809 2116 1865 206
2152 1809 2472 1864 Inimicum?

2081 1902 2221 1969 Quia
2251 1917 2360 1957 non
2392 1908 2607 1971 oportet
2631 1901 2778 1955 omni
2811 1901 2970 1955 modo
3013 1899 3300 1955 smistrum
3340 1896 3591 1954 accusari

2012 1991 2269 2047 Satanam
2297 1993 2454 2064 quasi
2487 1993 2666 2048 omnis
2708 1992 2916 2062 peccati
2951 1992 3005 2046 in
3041 1992 3199 2048 nobis
3231 2007 3396 2047 causa
3443 1991 3593 2045 iuve-

2011 2085 2228 2152 niatur;
2254 2084 2358 2139 hoc
2402 2085 2564 2140 modo
2593 2087 2736 2140 enim
2764 2085 2918 2155 quasi
2948 2085 3201 2140 innoxios
3228 2085 3592 2154 nosmetipsos

2011 2175 2380 2242 absolventes,
2420 2175 2475 2229 in
2524 2175 2894 2244 voluptatibus
2925 2191 3026 2231 nec
3067 2175 3328 2230 domitam
3369 2190 3470 2230 nec
3506 2190 3594 2228 rc-

2011 2265 2276 2321 frenatam
2321 2269 2487 2320 vitam
2524 2267 2812 2338 degentes,
2865 2267 3026 2324 nobis
3073 2267 3299 2322 nimium
3349 2267 3594 2338 indulge-

2012 2376 2136 2414 mus
2176 2367 2231 2415 et
2266 2359 2570 2415 secundum
2601 2375 2818 2415 omnem
2856 2359 3243 2431 praesumimus
3288 2365 3596 2428 transgres-

2012 2450 2242 2505 sionem.
2279 2450 2420 2516 Quid
2449 2452 2581 2519 ergo
2614 2451 2774 2505 nobis
2814 2449 3150 2514 faciendum,
3196 2455 3292 2503 aut
3318 2446 3594 2518 quomodo

2009 2537 2393 2610 cogitandum?
2417 2549 2668 2594 nostrum
2695 2547 2781 2594 est
2833 2541 3208 2608 nosmetipsos
3239 2538 3353 2592 sive
3383 2536 3452 2591 de
3483 2546 3595 2591 toto

2011 2629 2124 2684 sive
2161 2628 2229 2682 de
2277 2627 2472 2696 majori
2521 2639 2675 2696 parte
2724 2643 2954 2700 arguere
2990 2635 3044 2681 et
3089 2625 3456 2682 condemnare
3497 2627 3592 2696 qui

2011 2717 2230 2789 propria
2262 2717 2430 2772 animi
2478 2719 2791 2783 voluntate,
2846 2719 2939 2774 sed
2991 2719 3139 2773 nulla
3176 2730 3436 2774 extranea
3479 2721 3596 2774 vio-

2011 2811 2178 2865 lentia
2233 2809 2301 2865 ad
2343 2810 2546 2865 malum
2592 2812 2960 2874 concitamur,
3002 2819 3057 2866 et
3097 2811 3178 2865 sic
3229 2813 3599 2882 nosmetipsos

2012 2902 2249 2957 humiles
2271 2909 2326 2958 et
2347 2902 2790 2972 contemptibiles
2818 2903 3172 2974 agnoscimus
3199 2905 3460 2974 omnique
3491 2905 3594 2959 mi-

2021 2994 2318 3051 sericordia
2352 2995 2551 3065 dignos
2576 2994 2880 3050 reddimus.
2905 2995 3010 3060 Qui
3040 3009 3172 3050 vero
3197 2995 3390 3065 majori
3417 3006 3610 3064 parte;

2021 3086 2116 3143 sed
2145 3103 2253 3141 non
2282 3087 2527 3142 totaliter
2580 3087 2958 3157 nosmetipsos
3004 3100 3350 3152 accusamus,
3385 3087 3466 3142 sic
3495 3087 3598 3140 mi-

2017 3196 2123 3235 nus
2155 3180 2538 3244 humiliamur,
2576 3179 2792 3234 veniam
2832 3187 3015 3232 tan-ten
3060 3188 3114 3233 et
3161 3177 3599 3233 misericordiam

2016 3272 2218 3341 pariter
2266 3283 2691 3339 consequemur.
2747 3267 2920 3323 Porro
2970 3267 3255 3322 sciendum
3313 3266 3470 3322 nobis
3515 3274 3603 3321 est

2017 3361 2292 3432 quomodo
2325 3361 2418 3415 ira:
2450 3359 2616 3413 ardor
2640 3366 2695 3414 et
2721 3358 3183 3428 concupiscentia
3227 3357 3284 3412 in
3314 3357 3476 3414 nobis
3501 3372 3602 3411 na-

2016 3454 2268 3508 turaliter
2299 3453 2500 3514 insitaa,
2524 3451 2589 3505 ad
2619 3465 2682 3505 ea
2709 3465 2832 3520 qua:
2863 3451 2918 3503 in
2941 3448 3302 3519 intelligentia
3325 3449 3495 3504 libera
3516 3465 3599 3503 re-

2017 3552 2420 3614 praesentantur
2454 3549 2617 3612 prout
2649 3540 2905 3595 virtutem
2940 3540 3094 3615 eligit
3136 3550 3230 3595 aut
3271 3541 3597 3610 nequitiam,

2018 3632 2410 3704 gubernandus
2439 3642 2524 3687 est
2559 3640 2613 3685 et
2645 3630 2986 3700 dirigendus.
3012 3628 3089 3685 De
3121 3630 3367 3701 diligenti
3405 3632 3600 3686 volun-

2019 3730 2128 3778 tate
2156 3722 2564 3778 remittentibus
2593 3728 2648 3777 et
2689 3719 3124 3776 desciscentibus
3153 3728 3298 3776 astat
3342 3722 3604 3778 inimicus

2018 3816 2195 3885 ignem
2230 3813 2489 3868 ardenter
2525 3813 2798 3876 excitans,
2834 3826 3090 3881 Stepeque
3147 3811 3200 3866 in
3237 3827 3492 3884 magnum
3517 3814 3600 3867 in-

2017 3903 2268 3958 cendium
2319 3916 2678 3973 prorumpere
2738 3899 2914 3966 facit;
2977 3915 3008 3954 a
3057 3900 3442 3958 resistentibus
3491 3917 3605 3972 prae

2019 3995 2362 4068 philosophia
2403 4001 2458 4050 et
2485 3993 2793 4064 diligentia,
2840 3993 3209 4064 lacrymarum
3255 3995 3465 4065 cupiam
3509 3995 3606 4049 ad-

2015 4087 2375 4159 jungentibus
2399 4094 2453 4141 et
2478 4101 2588 4157 pra:
2618 4085 2819 4140 mentis
2852 4085 2918 4139 ad
2957 4086 3133 4155 ignem
3168 4087 3447 4141 cmlestem
3491 4087 3606 4141 ela-

2022 4181 2171 4235 tione
2201 4177 2638 4244 tabescentibus,
2669 4177 2786 4247 ipse
2811 4177 2954 4247 perit
2983 4176 3160 4232 hostis
3183 4177 3277 4246 qui
3311 4176 3605 4232 incendere

2021 4271 2344 4335 conabatur,
2371 4278 2426 4324 et
2454 4270 2559 4339 ipsi
2589 4269 2906 4325 liberamur.

2026 4363 2134 4419 209
2167 4360 2279 4416 Nec
2313 4361 2466 4417 valde
2492 4362 2706 4416 secteris
2733 4360 2965 4414 ludibria
2989 4362 3336 4416 somniorum.

2090 4454 2256 4508 Multa
2280 4464 2335 4509 et
2355 4453 2568 4507 infinita
2595 4454 2932 4508 somniorum
2958 4454 3172 4524 species
3197 4473 3208 4508 :
3229 4461 3313 4508 est
3331 4457 3607 4510 somnium

2021 4548 2164 4619 quod
2198 4556 2457 4619 operatus
2499 4555 2583 4602 est
2613 4548 2864 4603 veritatis
2905 4546 3168 4619 Spiritus,
3201 4562 3309 4602 non
3338 4548 3516 4603 solum
3550 4550 3605 4606 in

2020 4640 2304 4711 prophetis
2332 4645 2386 4694 et
2423 4638 2656 4704 sanctis,
2687 4637 2783 4694 sed
2812 4638 2974 4694 etiam
3019 4638 3075 4691 in
3111 4637 3331 4708 regibus
3373 4645 3426 4692 et
3458 4638 3605 4708 prin-

2021 4729 2237 4799 cipibus
2270 4735 2448 4792 terrm,
2481 4743 2607 4782 cum
2638 4727 2692 4782 in
2723 4732 3012 4798 amigmate
3041 4734 3097 4782 et
3125 4726 3359 4782 confuse
3397 4727 3605 4783 videnti

2021 4819 2264 4874 futurum
2303 4817 2594 4888 panditur;
2654 4816 2801 4872 istud
2851 4824 3031 4868 autem
3083 4831 3190 4869 non
3224 4815 3456 4869 multum
3504 4831 3606 4870 nec

2021 4926 2166 4981 stepe
2220 4924 2321 4964 nec
2357 4909 2412 4964 in
2453 4909 2744 4978 cujusque,
2778 4906 2874 4963 sed
2913 4906 2968 4959 in
3015 4904 3259 4960 favorem
3313 4905 3604 4978 dignorum

2021 5003 2284 5073 contingit
2311 5001 2503 5056 videri.
2526 5002 2668 5056 Sunt
2691 4998 2925 5064 somnia,
2952 4997 3034 5053 vel
3056 4997 3238 5068 potius
3264 4999 3604 5055 somniorum

2022 5091 2144 5147 fons
2175 5099 2260 5147 est
2288 5090 2600 5156 ineﬂ‘abilis,
2630 5089 2951 5154 immensus,
2984 5089 3444 5160 iucommeahilis,
3479 5091 3609 5145 dor.

2021 5184 2313 5239 mientibus
2332 5183 2473 5238 visio
2488 5179 2801 5235 hominibus
2815 5181 3208 5253 advenitquam
3227 5181 3438 5240 Domini
3454 5199 3609 5238 more

1995 5263 2315 5362 'vanitatem
2366 5273 2664 5328 vanitatum
2700 5280 2920 5328 vocaret
2968 5274 3172 5344 quivis.
3199 5273 3409 5330 Cuncta
3457 5274 3604 5330 enim

2019 5368 2234 5423 vanitas
2257 5367 2439 5436 reipsa
2468 5365 2706 5419 humana
2740 5371 2901 5429 sunt,
2932 5367 3048 5420 sive
3079 5380 3146 5418 ex
3174 5363 3369 5418 alenda
3404 5364 3606 5418 anima:

2019 5467 2174 5531 parte
2230 5460 2577 5514 occasionem
2638 5457 3009 5528 accipientes,
3071 5459 3187 5511 sive
3235 5473 3301 5511 ex
3359 5458 3608 5513 sensibili

2019 5559 2173 5623 parte
2215 5561 2268 5607 et
2323 5549 2668 5607 sensibilium
2731 5550 2996 5604 varietate
3053 5547 3354 5618 procedunt
3411 5548 3609 5606 horum

2026 5646 2274 5702 fictiones
2302 5660 2440 5716 quas
2473 5655 2685 5711 semper
2722 5641 2989 5711 evigilans
3033 5640 3387 5696 multifariam
3433 5645 3609 5700 sensi-

2028 5739 2239 5797 bilitate
2273 5736 2374 5794 sibi
2415 5736 2516 5808 ipsi
2567 5732 2744 5805 cllingi
2792 5733 2936 5790 videt
2969 5733 3168 5789 anima.
3203 5732 3374 5792 l‘orro
3401 5739 3610 5808 specie-
