3984 6208
397 268 503 325 835

395 403 542 446 rum.
581 385 717 456 quas
740 382 882 437 intra
915 396 974 437 se
1006 380 1111 437 sibi
1144 378 1485 441 informavit,
1511 376 1754 448 reliquas
1786 377 1841 432 in
1876 395 1992 432 me-

401 478 576 533 moria
622 473 883 529 turbatim
915 480 968 527 et
995 470 1225 527 confuse
1274 485 1461 526 secum
1499 469 1554 524 in
1590 469 1803 523 somnis
1828 485 1996 539 repu—

398 583 543 632 tans,
571 576 626 622 et
656 567 893 620 obscura
921 564 1135 619 somnia
1170 564 1374 634 lingere
1401 562 1652 616 illuditur
1682 570 1737 616 et
1766 571 2000 633 vagatur

397 669 589 731 patens
624 658 924 712 vanitatum
969 655 1330 710 vanitatibus.
1368 652 1443 709 De
1478 654 1682 723 quibus
1715 669 1866 723 ergo,
1901 655 1987 709 vel

399 749 467 804 de
502 746 839 819 quotidianis
890 745 1152 814 operibus
1197 750 1251 799 et
1303 744 1587 799 laboribus
1636 754 1691 799 et
1718 744 1998 799 sollicitu-

400 839 623 893 dinibus
653 836 881 906 vestigia
924 835 1171 905 quaedam
1205 850 1303 905 per
1352 850 1615 890 sensuum
1661 834 1999 890 sedationem

404 928 737 999 imaginandi
765 934 819 980 et
852 926 1187 995 intelligendi
1220 926 1302 980 vis
1334 925 1388 979 in
1414 927 1598 980 anima
1628 939 1858 997 semper
1886 941 2003 980 mo-

402 1016 530 1073 bilis
575 1026 626 1071 et
676 1015 895 1069 tabulas
944 1012 1264 1077 etl‘ormans,
1302 1013 1657 1069 multifariam
1709 1014 1764 1068 in
1818 1014 2004 1085 requie

404 1123 544 1162 vane
572 1116 625 1161 et
653 1104 883 1158 [utiliter
934 1105 1211 1171 somniat;
1249 1104 1473 1167 similia,
1509 1106 1674 1160 etiam
1720 1106 2003 1160 hominum

405 1197 603 1269 agendi
651 1196 962 1251 rationibus
992 1202 1045 1249 et
1076 1210 1175 1265 per
1223 1196 1387 1248 vitam
1438 1196 1636 1251 studiis
1687 1197 1864 1266 angeli
1913 1208 2008 1265 per

406 1296 653 1359 ipsorum
695 1287 813 1342 dies
857 1286 1210 1351 comitantes,
1260 1286 1390 1341 boni
1432 1294 1525 1340 aut
1559 1287 1712 1352 mali,
1761 1285 2006 1342 veritatis

406 1389 502 1434 aut
536 1380 807 1435 mendacii
859 1388 1146 1444 amantes,
1192 1378 1535 1433 diversarum
1596 1378 1903 1449 specierum
1954 1384 2008 1432 et

407 1471 707 1525 formarum
739 1478 1138 1541 reprasentant
1179 1469 1419 1533 somnia,
1454 1468 1614 1524 aliter
1650 1469 1773 1524 aliis
1803 1488 1815 1524 :
1851 1469 2010 1525 aliter

404 1563 519 1619 illis
577 1564 671 1633 qui
723 1562 778 1617 in
833 1563 1096 1618 cordibus
1149 1577 1270 1617 sese
1325 1561 1493 1615 verbo
1541 1568 1595 1615 et
1641 1560 2009 1619 instructione

407 1662 667 1710 exercent
701 1654 902 1724 elligies
944 1654 1221 1723 praebent;
1278 1651 1437 1706 aliter
1490 1651 1614 1706 istis
1666 1653 1761 1723 qui
1810 1653 1867 1707 in
1913 1652 2013 1708 den

408 1757 560 1805 serto
591 1748 889 1803 asceticum
913 1755 967 1800 et
994 1745 1302 1799 solitarium
1331 1751 1641 1814 sequuntur
1668 1759 1899 1799 morem.
1930 1744 2007 1800 De

410 1837 577 1891 rebus
632 1836 836 1905 quibus
893 1834 1222 1888 incumbunt
1279 1834 1601 1889 occasiones
1653 1842 1707 1890 et
1762 1840 2008 1899 sumunt,

410 1936 626 1983 tentant
684 1935 739 1983 et
800 1926 967 1981 variis
1017 1925 1195 1981 modis
1252 1925 1309 1980 in
1361 1927 1612 1996 corporis
1681 1926 2014 1982 dormitione

414 2020 653 2072 animam
699 2018 883 2089 vagari
924 2017 1172 2072 faciunt:
1207 2034 1315 2071 uno
1343 2019 1531 2082 verbo,
1566 2018 1871 2088 analogiam
1921 2018 2011 2072 in-

414 2110 714 2179 spiciamus
753 2124 941 2164 earum
987 2124 1109 2179 quae
1148 2109 1204 2163 in
1245 2110 1395 2163 omni
1432 2109 1553 2164 loco
1592 2109 1660 2163 ab
1700 2109 2013 2164 hominibus

414 2202 835 2270 frequentantur
887 2201 1245 2256 scientiarum
1280 2209 1335 2256 et
1367 2200 1568 2254 artium
1606 2216 1636 2254 a
1671 2200 2015 2270 sapientibus

410 2299 469 2347 et
513 2292 926 2363 insipientibus,
959 2290 1402 2347 dominatoribus
1444 2301 1498 2347 et
1542 2293 1790 2357 domitis,
1825 2292 2013 2346 diviti-

422 2381 527 2436 bus
582 2391 635 2436 et
694 2384 1069 2453 pauperibus,
1125 2383 1459 2438 daemonium
1508 2387 1811 2448 comitatis,
1869 2386 2016 2456 quod

422 2472 811 2540 unusquisque
843 2474 911 2527 ab
940 2472 1172 2527 infantia
1212 2490 1389 2543 usque
1419 2474 1486 2530 ad
1518 2488 1748 2531 mortem
1790 2478 2017 2535 sortitus

419 2566 529 2623 est,
568 2575 668 2613 nec
708 2575 805 2629 per
843 2576 1097 2615 somnum
1129 2561 1224 2615 illo
1263 2562 1427 2616 modo
1478 2563 1733 2633 relaxari,
1769 2582 1869 2621 nec
1905 2567 2017 2622 otio

423 2658 520 2702 aut
537 2648 843 2720 disciplina:
867 2651 1224 2706 minorationi
1245 2651 1531 2723 indulgere
1559 2654 1693 2709 sinit
1714 2656 2019 2728 intelligen-

419 2751 530 2797 tcm
551 2740 811 2805 animam,
842 2741 936 2797 sed
961 2750 1077 2796 tum
1109 2744 1384 2800 illecebris
1416 2747 1778 2814 naturalibus,
1797 2747 2019 2820 ineptiis

421 2830 674 2887 mirificis
706 2839 759 2886 et
800 2831 995 2889 formis
1028 2834 1329 2893 levioribus
1364 2852 1528 2908 quam
1561 2838 1716 2894 nives
1748 2849 1801 2894 et
1828 2841 2019 2897 elatio-

420 2922 585 2976 nibus
613 2925 799 2992 vagari
837 2925 1044 2990 trahit;
1078 2934 1189 2980 tum
1220 2928 1514 2993 molestiis,
1540 2930 1869 2996 terroribus,
1902 2941 2019 2987 tur-

418 3008 737 3063 bationibus
775 3010 1060 3074 nefandis,
1086 3015 1416 3069 tremoribus
1450 3023 1503 3070 et
1541 3016 2014 3077 bumiliationibus

430 3105 745 3150 commovet
768 3104 827 3151 et
861 3099 1127 3166 percellit.
1154 3100 1363 3156 Idcirco
1389 3117 1456 3156 ne
1486 3102 1651 3159 nimis
1678 3106 2014 3161 somniorum

420 3194 581 3250 nugae
610 3188 663 3235 te
688 3189 951 3248 terreant,
996 3185 1347 3272 commendat
1401 3189 1653 3245 sublimis
1706 3191 2014 3272 theologus,

419 3282 600 3336 neque
660 3284 917 3338 magnum
969 3270 1101 3339 quid
1144 3272 1348 3325 malum
1405 3274 1677 3332 bonumve
1718 3270 2017 3334 rerelantia

422 3366 667 3412 metuere
702 3369 796 3412 aut
843 3368 1086 3430 stupere,
1138 3377 1240 3415 nec
1294 3365 1455 3417 etiam
1508 3367 1717 3430 extolli,
1766 3384 2019 3441 vanaque

430 3461 530 3514 spe
562 3449 615 3499 in
653 3449 851 3516 spiritu
897 3449 1187 3519 superbire
1218 3460 1449 3521 Oportet.
1479 3453 1695 3511 lnsidia:
1731 3456 1845 3513 hac
1874 3462 2017 3515 mul-

434 3536 506 3589 tis
534 3547 677 3604 διξερε
697 3537 764 3589 ab
794 3537 957 3593 Hoste
988 3548 1192 3605 paratae
1230 3551 1377 3597 sunt.

1766 255 2061 314 NICETAS
2104 254 2307 313 DAVlD

3578 250 3689 310 835

2102 377 2240 442 λίας,
2280 376 2423 447 ἅπερ
2456 355 2797 446 ’ἐγρηγορυῖα
2835 373 2900 427 δι’
2927 372 3235 445 αἰσθήσεως
3276 372 3455 442 πάσης
3494 387 3683 427 murt-

2101 467 2377 538 λοτρόπως
2425 464 2826 533 ἐφαντασιώθη.
2860 464 3047 517 Ταῦτα
3085 464 3150 534 δὴ
3194 463 3262 517 τὰ
3306 463 3414 516 τῶν
3463 463 3616 536 ὕπαρ
3651 467 3685 534 ἡ

2100 556 2246 627 ψυχὴ
2280 556 2717 626 ὲμφανισθέντων
2758 556 2893 627 αὐτῇ
2924 554 3409 625 ὲγκαταλείμματα
3438 554 3515 624 τῷ
3549 570 3690 624 μνη-

2107 648 2309 720 μονικῷ
2344 648 2763 718 συγκεχυμένως
2810 646 2905 701 καὶ
2954 646 3178 714 ἀσαφῶς
3211 646 3693 717 ἀναπεμπάζουσα

2103 740 2224 794 καθ’
2253 738 2472 803 ὕπνους,
2500 740 2595 793 καὶ
2626 738 2911 808 ἀμαυροὺς
2958 737 3202 808 ὀνείρους
3245 737 3692 801 ἀναπλάττουσι,

2102 830 2448 895 διαπαίζεται
2493 830 2589 883 καὶ
2636 829 2926 889 πλανᾶται,
2975 827 3365 897 περιχαίνουσα
3409 830 3532 891 ταῖς
3574 830 3697 882 τῶν

2107 922 2485 993 ματαιοτήτων
2520 921 2897 992 ματαιότησιν.
2939 920 3011 972 Ἦ
3041 914 3134 971 οὖν
3163 919 3227 971 ἐκ
3256 918 3480 983 τούτων,
3521 919 3555 990 ἢ
3590 921 3699 973 καὶ

2105 1013 2164 1078 ἐξ
2199 1011 2375 1083 ἔργων
2397 1011 2671 1082 ὴμερινῶν
2700 1010 2794 1064 καὶ
2822 1009 3003 1063 πόνων
3039 1009 3132 1062 καὶ
3162 1009 3455 1081 φροντίδων
3476 1010 3701 1081 ἀπηχή-

2110 1104 2260 1173 ματά
2298 1121 2422 1158 τινα
2455 1106 2521 1174 τῇ
2560 1103 2666 1156 τῶν
2699 1101 3004 1173 αἰσθήσεων
3047 1101 3253 1173 ⁴ἠρεμίᾳ
3285 1104 3317 1172 ἡ
3350 1102 3699 1172 φανταστικὴ

2106 1194 2201 1247 καὶ
2230 1193 2421 1263 λογικὴ
2448 1194 2547 1264 τῆς
2571 1192 2751 1263 ψυχῆς
2777 1191 3005 1262 δύναμις
3025 1231 3043 1255 ,
3088 1191 3394 1261 ἀεικίνητος
3424 1188 3561 1245 οὖσα
3592 1193 3702 1244 καὶ

2105 1284 2524 1356 ὀνειρώσσουσα,
2558 1283 2911 1355 πολυτρόπως
2953 1283 3011 1336 ὲν
3058 1282 3246 1346 ὕπνοις
3282 1283 3565 1353 ἀδολεσχεί
3595 1284 3701 1336 καὶ

2112 1375 2400 1446 ματαιάζει
2428 1391 2441 1405 ·
2496 1374 2778 1443 ἀναλόγως
2806 1373 2862 1425 δὲ
2904 1375 3021 1436 ταῖς
3062 1374 3173 1426 τῶν
3203 1373 3503 1445 ἀνθρώπων
3533 1374 3698 1426 πολισ-

2108 1466 2281 1528 τείαις
2305 1465 2400 1519 καὶ
2427 1467 2539 1527 τοῖς
2572 1464 2715 1517 κατά
2740 1464 2831 1518 τὸν
2858 1463 2971 1533 βίον
3004 1462 3401 1533 ἐπιτηδεύμασι
3432 1463 3525 1516 καὶ
3546 1463 3595 1515 οἱ
3626 1466 3700 1533 τῇ

2111 1556 2291 1612 αὐτῶν
2321 1556 2432 1626 ζωῇ
2467 1555 2838 1627 παρεπόμενοι
2866 1554 3110 1623 ἄγγελοι,
3155 1555 3348 1623 ἀγαθοὶ
3373 1555 3407 1624 ἢ
3438 1555 3699 1624 πονηροὶ,

2114 1645 2427 1716 φιλαλήθεις
2495 1647 2528 1716 ἢ
2599 1645 2935 1714 φιλοψευδεῖς
2962 1686 2976 1710 ,
3032 1644 3321 1709 πολυειδῶς
3373 1645 3467 1697 καὶ
3526 1645 3707 1697 πολυςο

2117 1740 2338 1810 μόρφως
2366 1736 2697 1790 ἀνατυποῦσι
2724 1736 2793 1789 τὰ
2823 1736 3069 1800 ἐνύπνια,
3103 1735 3276 1798 ἄλλως
3298 1736 3393 1805 μὲν
3416 1739 3526 1799 τοῖς
3546 1735 3704 1789 κατὰ

2111 1831 2293 1894 πόλεις
2323 1830 2452 1901 περὶ
2470 1829 2660 1897 λόγους
2686 1846 2744 1881 τε
2773 1828 2867 1881 καὶ
2890 1828 3186 1900 μαθήματα
3217 1827 3569 1881 ἐσπουδακόσι
3590 1829 3704 1892 τὰς

2112 1920 2410 1990 φαντασίας
2450 1916 2911 1989 σχηματίζοντες,
2956 1916 3130 1981 ἄλλως
3170 1916 3226 1970 δὲ
3258 1919 3370 1978 τοῖς
3405 1921 3547 1969 κατά
3590 1917 3703 1980 τὰς

2111 2014 2350 2084 ἐρήμους
2374 2011 2465 2064 τὸν
2511 2010 2806 2081 ἀσκητικὸν
2835 2010 2927 2062 καὶ
2959 2009 3242 2079 μοναύλιον
3275 2008 3704 2080 μετερχομένοις

2112 2104 2330 2174 τρόπον.
2396 2102 2493 2155 Ἐκ
2542 2101 2648 2154 τῶν
2705 2103 2831 2173 παρ’
2875 2102 3057 2164 αὐτοῖς
3106 2100 3552 2170 σπουδαζομένων
3592 2100 3703 2164 τὰς

2113 2192 2365 2263 ἀφορμὰς
2395 2190 2675 2263 εἰληφότες
2698 2232 2714 2259 ,
2761 2190 3147 2262 ὲκπειράζουσι
3177 2192 3271 2245 καὶ
3295 2191 3703 2255 πολυποικίλοις

2113 2285 2337 2356 τρόποις
2370 2282 2734 2337 διαπλανῶσιν
2777 2284 2833 2335 ὲν
2873 2286 2940 2354 τῇ
2971 2282 3064 2335 τοῦ
3107 2282 3356 2353 σώματος
3386 2282 3702 2335 ἀναπαύσει

2112 2377 2212 2448 τὴν
2244 2377 2452 2447 ψυχήν·
2504 2377 2597 2429 καὶ
2624 2374 2859 2438 συνόλως
2890 2376 3072 2445 φάναι,
3105 2375 3225 2428 κατ’
3263 2374 3553 2442 ἀναλογίαν
3584 2374 3701 2428 τῶν

2116 2469 2173 2521 ὲν
2194 2474 2356 2523 παντὶ
2377 2467 2529 2538 τόπῳ
2558 2465 3021 2537 ἐπιτηδευομένων
3053 2464 3356 2537 ἀνθρώποις
3378 2465 3701 2538 ἐπιστημῶν

2116 2557 2210 2609 καὶ
2237 2556 2461 2627 τεχνῶν,
2501 2556 2557 2608 έν
2600 2572 2659 2608 τε
2702 2557 2883 2622 σοφοῖς
2924 2556 3016 2608 καὶ
3055 2554 3306 2619 ἰδιώταις.
3341 2555 3567 2626 ἄρχουσι
3597 2557 3699 2608 καὶ

2116 2648 2457 2718 ἀρχομένοις,
2481 2646 2756 2710 πλουσίοις
2780 2648 2873 2699 καὶ
2893 2644 3108 2717 πένησι,
3129 2644 3190 2699 τὸ
3211 2647 3348 2700 έκάσ
3362 2665 3423 2717 ςῳ
3442 2645 3699 2717 νηπιόθεν

2119 2738 2641 2810 συγκεκληρωμένον
2683 2736 2811 2809 ἄχρι
2852 2737 3039 2800 τέλους
3068 2736 3340 2809 δαιμόνιον
3380 2738 3699 2809 παρεπόμε-

2118 2846 2206 2882 νον
2232 2869 2247 2894 ,
2296 2830 2417 2883 οὐδὲ
2461 2828 2579 2882 καθ’
2628 2827 2829 2893 ὕπνους
2879 2828 3337 2883 ἀναπεπτωκέναι
3385 2829 3699 2883 παντάπασι

2121 2920 2422 2992 ῥᾳστώναις
2458 2938 2523 2974 τε
2569 2921 2665 2974 καὶ
2704 2920 2952 2974 ἀνέσεσιν
3005 2919 3324 2975 ἐκλελύσθαι
3360 2920 3601 2990 διαφίησι
3631 2920 3703 2973 τὸ

2120 3008 2333 3077 λογικὸν
2365 3009 2463 3079 τῆς
2488 3008 2662 3079 ψυχῆς
2685 3025 2704 3040 ο
2745 3008 2879 3063 ἀλλά
2908 3008 3038 3061 ποτὲ
3070 3010 3167 3081 μὲν
3192 3008 3415 3079 ἡδύτησι
3442 3012 3701 3079 φυσικαῖς

2122 3100 2214 3152 καλ⁴
2266 3100 2602 3171 ῥεμϐασμοῖς
2647 3099 2953 3162 ἀλλοκότοις
2993 3101 3087 3152 καὶ
3134 3099 3484 3170 ψυχροτέροις
3516 3099 3697 3170 χιόνος

2124 3192 2373 3260 φάσμασι
2406 3191 2499 3243 καὶ
2531 3190 2787 3261 ὑψώμασι
2810 3191 3099 3261 διαπλανᾷ,
3128 3192 3259 3244 ποτὲ
3285 3191 3337 3244 δὲ
3361 3191 3574 3259 ἀηδίαις
3595 3197 3702 3247 καὶ

2124 3283 2306 3350 φόϐοις
2343 3282 2436 3335 καὶ
2471 3286 2739 3352 ταραχαῖς
2764 3283 3062 3345 ἀπευκταῖς
3099 3282 3424 3352 κα“ι’τρόμοις
3464 3285 3557 3336 καὶ
3585 3300 3701 3337 τα-

2124 3371 2461 3442 πεινῶμασιν
2487 3373 2671 3444 ὲξιστᾷ
2701 3372 2796 3427 καὶ
2824 3375 3138 3426 καταπτοεῖ.
3168 3374 3265 3428 Διά
3289 3373 3442 3427 τοῦτο
3471 3375 3548 3446 μὴ
3566 3375 3702 3431 λίαν

2128 3467 2241 3527 τοῖς
2270 3463 2376 3516 τῶν
2401 3464 2664 3517 ἐνυπνίων
2694 3465 2964 3534 παιγνίοις
2996 3465 3317 3536 θροεῖσθαιὸ
3353 3466 3553 3537 sitqu
3577 3466 3701 3521 θεοο

2129 3552 2287 3621 λόγος
2330 3553 2722 3622 παραγγέλλει,
2761 3554 2885 3624 μήτ’
2926 3550 3019 3608 οὖν
3069 3555 3145 3619 ὡς
3189 3556 3330 3626 μέγα
3369 3574 3422 3609 τι
3460 3556 3629 3611 κακὸν
3660 3556 3700 3626 ἦ

429 3629 635 3696 ἀγαθὸν
664 3629 1035 3701 παραδηλοῦσι
1062 3634 1344 3687 πτοεῖσθαί
1375 3656 1432 3690 τε
1464 3640 1557 3692 καὶ
1581 3641 1805 3712 δειλιᾷν,
1831 3643 1863 3713 ἢ
1900 3647 2324 3719 μετεωρίζεσθαι
2353 3647 2446 3699 καὶ
2480 3648 2733 3716 ματαίαις
2755 3649 2934 3701 ἐλπίσι
2962 3648 3345 3718 φενακίζεσθαι
3376 3650 3471 3712 τὰς
3499 3650 3704 3720 99m.-

426 3723 567 3793 χρήο
614 3721 827 3793 Ξνεδρον
863 3723 972 3794 γὰρ
1010 3725 1179 3779 ταῦτα
1212 3729 1424 3794 πολλοῖς
1468 3732 1727 3799 πολλάκις
1772 3737 1876 3791 ὑπὸ
1919 3740 2013 3793 τοῦ
2032 3738 2256 3810 Ἐχθροῦ
2293 3740 2734 3812 παρεσκευάσθη.

427 3836 535 3890 215
567 3834 866 3891 Prwluceat
892 3854 1004 3907 spes
1035 3840 1298 3895 laudabili
1328 3844 1676 3901 omniexitui.

504 3949 697 4004 Omnis
722 3950 869 4004 actio
902 3959 955 4005 et
997 3954 1213 4023 energia
1263 3962 1316 4008 et
1346 3957 1529 4013 omnis
1563 3965 1744 4015 motus
1780 3960 2017 4017 hominis

428 4054 652 4094 sensum
688 4039 940 4095 habentis
980 4041 1137 4096 tinem
1174 4046 1454 4114 proprium
1484 4047 1647 4103 habet
1676 4057 1839 4120 atque
1865 4068 2016 4122 spem

427 4129 764 4198 aijacentem
794 4131 859 4185 ad
885 4148 1047 4203 quam
1083 4135 1313 4191 tendens
1351 4153 1519 4209 agens
1554 4141 1733 4209 quivis
1764 4144 1893 4213 agit.
1927 4143 2017 4201 Sic

424 4223 497 4275 (le
529 4225 909 4293 corporalibus
955 4236 1009 4281 ct
1058 4229 1371 4293 mundanis,
1401 4230 1482 4285 sic
1521 4240 1574 4286 et
1607 4233 1675 4287 de
1711 4234 2019 4304 spirituali-

429 4314 535 4367 bus
567 4315 1031 4370 considerandum
1065 4326 1117 4372 et
1142 4318 1209 4372 de
1242 4319 1816 4376 intellectualibus."Si
1851 4323 2018 4395 igitur

427 4403 483 4457 in
513 4404 699 4458 mundi
732 4413 787 4460 et
828 4410 952 4463 vita:
993 4409 1157 4479 hujus
1195 4411 1455 4478 operibus
1488 4428 1714 4469 necesse
1758 4414 1830 4469 sit
1860 4424 2011 4486 spem

422 4498 479 4544 et
517 4489 674 4546 tinem
708 4496 1006 4563 przevenire
1036 4499 1374 4566 prepositam
1407 4516 1655 4570 operam,
1688 4505 1859 4559 multo
1895 4520 2011 4560 ma-

422 4582 510 4651 gis
542 4598 676 4638 sane
703 4583 770 4639 de
794 4586 1175 4655 spiritualibus
1209 4599 1262 4642 et
1288 4590 1454 4645 rectis
1491 4592 1711 4648 virtutis
1751 4594 2009 4664 operibus

423 4688 553 4742 spes
585 4676 893 4742 praacedere
924 4679 1087 4733 debet
1144 4688 1197 4733 et
1256 4697 1442 4736 rerum
1487 4684 1612 4739 linis
1664 4695 2007 4753 operatarum

425 4767 713 4831 praevideri
760 4768 829 4822 ad
867 4785 1032 4840 quem
1079 4786 1246 4843 agens
1290 4774 1463 4828 tendit
1498 4782 1554 4830 et
1591 4773 1867 4846 dirigitur.
1916 4776 2008 4832 Sic

424 4858 661 4921 apostoli
702 4872 901 4915 cursus
946 4868 1141 4914 metam
1188 4864 1580 4934 praevidentes,
1617 4882 1818 4938 nempe
1866 4868 2008 4923 inter

424 4945 659 5012 populos
691 4950 1041 5019 magniﬁcare
1072 4950 1352 5008 Christum
1382 4958 1681 5013 currebant
1710 4966 1765 5013 et
1798 4958 2005 5029 dirige-

426 5033 659 5100 bantur;
716 5037 796 5091 sic
838 5039 1089 5096 bravium
1137 5044 1491 5115 aspicientes,
1525 5050 1899 5106 testimonium
1940 5050 2008 5107 de

427 5122 660 5178 veritate
691 5123 846 5190 Jcsu,
877 5138 933 5183 et
967 5147 1069 5200 pro
1105 5135 1223 5205 ipsa
1256 5140 1628 5207 moriendum,
1682 5142 1844 5198 tinem
1876 5158 2007 5213 pro-

425 5225 695 5285 ponentes
721 5225 775 5273 et
813 5220 1100 5279 victoriam
1143 5228 1444 5290 referentes
1487 5246 1849 5291 coronantur.
1911 5236 2010 5289 Ac-

421 5307 628 5361 cedunt
656 5316 710 5363 et
744 5317 1059 5365 ascetarum
1108 5316 1502 5385 cboriomnes,
1554 5332 1828 5394 quotquot
1874 5323 2007 5393 legi-

421 5394 556 5452 time
588 5399 867 5455 Christum
912 5399 1383 5481 desideraverunt,
1404 5428 1498 5481 per
1517 5412 1713 5484 agendi
1741 5413 2005 5466 rationem

424 5486 798 5559 humiliorem,
856 5508 884 5547 a
917 5496 1311 5566 cupiditatibus
1340 5503 1506 5557 eximi
1537 5504 1825 5574 cupientes
1856 5512 1908 5558 et
1938 5501 2004 5555 ad

424 5575 576 5632 ilium
609 5584 1013 5654 assequendum
1072 5597 1377 5658 currentes,
1421 5594 1513 5663 qui
1557 5596 1623 5649 ad
1668 5595 2001 5649 destinatum

428 5667 609 5736 tinem,
639 5675 783 5728 sitim
814 5680 1019 5746 sperati
1059 5685 1487 5743 contendebant.
1532 5687 1586 5742 Si
1620 5690 1762 5743 enim
1806 5702 1997 5742 carna-

2122 3851 2231 3905 213
2277 3850 2482 3916 Ἐλπὶς
2512 3852 2849 3919 προκείσθω
2876 3854 3075 3918 δεξιοῦ
3107 3855 3333 3920 παντὸς
3357 3855 3589 3922 τέλους.

2194 3965 2350 4017 Πᾶσα
2389 3964 2587 4035 πρᾶξις
2620 3966 2715 4020 καὶ
2746 3966 3012 4038 ἐνέργεια,
3052 3968 3145 4022 καὶ
3181 3970 3329 4022 πᾶσα
3360 3969 3573 4033 κίνησις
3604 3970 3702 4023 ἀν-

2122 4053 2341 4124 Θρώπου
2384 4055 2506 4109 νοῦν
2551 4057 2788 4127 ἔχοντος,
2835 4058 3036 4112 σκοπὸν
3072 4060 3201 4113 ίδιον
3226 4061 3336 4129 ἔχει
3370 4060 3461 4114 καὶ
3501 4062 3703 4115 ἐλπίδα

2122 4145 2509 4216 προκειμένην,
2546 4148 2680 4217 πρὸς
2724 4149 2791 4219 ἣν
2831 4151 3047 4221 ἀφορῶν
3073 4153 3101 4204 ό
3138 4153 3502 4223 ἐργαζόμενος
3528 4153 3702 4225 ὲργάο

2121 4234 2273 4300 ζεται
2294 4254 2307 4269 ο
2339 4237 2509 4301 οὕτως
2533 4240 2626 4291 ἐπὶ
2657 4242 2769 4303 τοῖς
2801 4245 3128 4311 σωματικοῖς
3164 4244 3257 4297 καὶ
3284 4248 3586 4315 κοσμικοῖς,
3607 4246 3701 4298 οὓ-

2118 4343 2224 4391 τως
2246 4328 2340 4381 ὲπὶ
2368 4330 2479 4392 τοῖς
2508 4334 2892 4401 πνευματικοῖς
2918 4332 3221 4403 θεωρητέον
3249 4336 3341 4388 καὶ
3359 4339 3469 4399 τοῖς
3492 4337 3702 4403 νοεροῖς

2116 4418 2211 4471 καὶ
2257 4419 2513 4486 λογικοῖς.
2559 4422 2621 4474 Εἰ
2667 4418 2761 4476 οὖν
2802 4423 3028 4477 ἐπὶτῶν
3071 4426 3350 4496 κοσμικῶν
3378 4428 3555 4495 ἔργων
3606 4430 3706 4486 καὶ

2117 4504 2382 4575 βιωτικῶν
2416 4510 2626 4582 ἀνάγκη
2675 4513 2775 4582 τὴν
2806 4513 2997 4567 ἐλπίδα
3043 4516 3138 4569 xui.
3181 4520 3273 4570 τὸν
3321 4519 3518 4572 σκοπὸν
3564 4538 3702 4592 προ-

2116 4597 2366 4666 ηγεῖσθαι
2418 4601 2517 4670 τῆς
2571 4601 2679 4654 τῶν
2733 4604 3112 4675 προκειμένων
3159 4608 3461 4679 ἐργασίας,
3512 4613 3699 4684 πολλῷ

2113 4686 2289 4758 δήπου
2318 4691 2517 4760 μᾶλλον
2565 4693 2658 4746 ἐπὶ
2700 4695 2809 4747 τῶν
2839 4699 3224 4765 πνευματικῶν
3254 4702 3348 4755 καὶ
3376 4700 3567 4765 δεξιῶν
3596 4706 3703 4776 τῆς

2112 4779 2314 4850 ἀρετῆς
2343 4780 2521 4851 ἔργων
2551 4785 2582 4852 ὴ
2614 4784 2772 4848 ἐλπὶς
2799 4786 3006 4854 ὀφείλει
3044 4793 3386 4861 προκεῖσθαι,
3414 4797 3507 4848 καὶ
3534 4799 3564 4850 ό
3590 4798 3704 4850 τῶν

2115 4872 2460 4942 πονουμένων
2523 4876 2724 4940 σκοπὸς
2797 4880 3228 4953 προθεωρεῖσθαι
3252 4924 3268 4948 ,
3315 4886 3452 4957 πρὸς
3490 4887 3552 4941 ὃν
3608 4889 3703 4941 τὸν

2113 4964 2352 5035 ἐργάτην
2394 4965 2811 5023 ἀποσκοποῦντα
2851 4974 3298 5030 κατευθύνεσθαι.
3340 4979 3526 5043 Οὕτως
3557 4982 3702 5035 ἀπό-

2112 5059 2288 5112 στολοι
2314 5059 2409 5112 τοῦ
2444 5063 2563 5114 κατ’
2592 5063 2790 5126 αὐτοὺς
2819 5065 3024 5137 δρόμου
3052 5068 3116 5122 τὸ
3141 5069 3294 5135 τέλικ
3326 5073 3700 5142 προορῶντες,

2110 5148 2170 5200 τὸ
2194 5150 2250 5201 ἐν
2278 5153 2388 5213 τοῖς
2410 5150 2587 5205 ἔθνεσι
2615 5153 2913 5223 μεγαλῢναι
2945 5157 3037 5211 τὸν
3069 5160 3569 5231 Χριστὸν,ἕδραμον
3606 5166 3703 5217 καὶ

2111 5240 2499 5311 κατηύθυναν·
2546 5242 2720 5306 οὕτως
2781 5247 2831 5300 οἱ
2882 5248 3170 5321 ἀθλοφόροι
3223 5255 3572 5324 μαρτυῄσαι
3631 5260 3698 5327 τῇ

2110 5332 2335 5405 ἀληθείᾳ
2392 5335 2565 5405 Ἰησοῦ
2610 5338 2703 5390 καὶ
2758 5337 2898 5408 ὑπὲρ
2950 5341 3121 5412 αὐτῆς
3165 5344 3453 5398 ἀποθανεῖν
3495 5349 3705 5405 σκοπὸν

2114 5422 2512 5493 προτιθέμενοι,
2545 5425 2639 5479 καὶ
2674 5426 2953 5493 νικῶντες,
2989 5432 3406 5499 στεφανοῦνται·
3430 5434 3702 5504 ὡσαύτως

2112 5511 2207 5563 καὶ
2250 5513 2505 5583 ἀσκητῶν
2543 5516 2696 5589 χοροὶ
2735 5517 2956 5582 πάντες,
2987 5520 3103 5574 ὅσοι
3148 5523 3381 5593 γνησίως
3412 5525 3703 5594 ἐπόθησαν

2109 5599 2362 5671 Χριστὸν,
2393 5605 2480 5660 διά
2502 5607 2600 5677 τῆς
2628 5610 3017 5681 ταπεινοτέρας
3055 5613 3273 5683 ἀγωγῆς
3298 5615 3397 5684 τῆς
3424 5617 3703 5683 ἀπαθεέας

2107 5693 2371 5765 ἐρῶντες,
2404 5697 2498 5750 καὶ
2546 5698 2679 5769 πρὸς
2722 5700 2891 5772 αὐτὴν
2917 5701 3213 5773 δραμόντες
3246 5706 3303 5760 ὲν
3342 5706 3503 5776 δίψει,
3558 5726 3701 5765 κατι
