3984 6208
298 213 397 269 8⁸5⁸1

296 328 609 401 ευποχοῦσι
653 325 744 381 τοῦ
783 327 1154 398 ἐλπιζομένου.
1185 330 1246 382 Ei
1275 329 1382 401 γὰρ
1414 329 1482 384 τὰ
1515 332 1744 402 σάρκινα
1775 332 1868 385 καὶ

296 419 530 492 φθαρτὰ,
557 419 801 481 πλοῦτος.
833 418 996 488 φημὶ,
1041 418 1134 471 καὶ
1161 419 1321 490 ἡδονὴ
1358 422 1451 474 καὶ
1476 421 1622 486 δόξα,
1657 425 1770 485 τοῖς
1799 421 1866 475 τά

295 511 513 579 ἐπίγεια
534 507 820 579 φρονοῦσιν
844 508 923 570 είς
944 506 1130 561 ἐλπίδα
1169 508 1531 578 προτιθέμενα
1560 512 1670 573 τοῖς
1691 510 1870 565 αὐτῶν

298 598 644 672 συνεργοῦσιν
672 600 928 672 ἐρασταῖς
959 599 1049 652 καὶ
1079 599 1484 666 κατευθύνουσι,
1516 599 1630 664 πῶς
1660 601 1719 654 ού
1753 599 1872 654 πολ-

294 694 375 764 λῷ
425 691 759 762 δικαιότερον
803 690 896 743 καὶ
937 692 1048 753 τοῖς
1077 689 1170 744 τοῦ
1204 690 1366 744 καλοῦ
1399 693 1492 744 καὶ
1533 692 1635 761 τῆς
1673 692 1872 764 ἀρετῆς

295 783 555 855 ἐργάταις
594 783 694 852 τὴν
722 780 862 834 κατά
887 781 1020 834 Θεὸν
1045 781 1233 835 ἐλπίδα
1261 784 1568 854 συνεργεῖν,
1608 784 1699 837 κοιλ⁵
1737 784 1872 856 πρὸς

293 875 359 928 τὸ
387 873 635 944 βραϐεῖον
679 873 777 944 τῆς
822 872 934 926 ἀνω
967 872 1209 943 κλήσεως
1252 873 1542 927 συντείνειν
1591 874 1732 929 κατὰ
1780 874 1871 928 τὸν

295 965 532 1029 σκοπόν;
565 963 839 1035 ἀφόρητον
868 962 976 1034 γάρ
999 963 1161 1032 ἄλγος
1189 963 1376 1035 ἔμοιγε
1403 967 1496 1019 καὶ
1522 965 1742 1036 ἀνιαρὸν
1774 966 1873 1036 οὐχ

293 1053 851 1128 ἥκιστα-παρίσταται
881 1053 1164 1124 νικωμένῳ
1204 1054 1308 1107 ὑπὸ
1333 1054 1428 1108 τοῦ
1460 1055 1644 1108 καλοῦ.
1677 1056 1740 1109 El
1764 1057 1872 1127 γὰρ

291 1148 366 1203 τὰ
408 1145 646 1218 μωμητὰ
690 1145 799 1199 τῶν
858 1145 1199 1216 ἁμαρτωλῶν
1226 1146 1361 1216 ἔργα
1417 1147 1510 1200 καὶ
1555 1147 1701 1200 κακά
1751 1164 1875 1200 συν-

293 1236 584 1309 εργοῦνται
619 1235 714 1288 κα)⁸
751 1235 1185 1300 κατευοδοῦνται,
1218 1236 1288 1289 τὰ
1320 1234 1467 1302 δεξιὰ
1491 1235 1546 1288 δὲ
1573 1238 1664 1289 καὶ
1697 1235 1875 1304 ἀγαθά

295 1325 644 1380 διαπίπτουσι
692 1327 806 1386 τοῖς
852 1321 1237 1394 ἐργαζομένοις
1266 1325 1405 1377 αὐτὰ
1443 1325 1538 1377 καὶ
1563 1325 1872 1395 ἀστοχοῦσι,

297 1417 417 1482 πῶς
441 1417 665 1482 ὑποίσω,
695 1415 848 1486 φησὶ,
875 1414 973 1485 τὴν
1004 1409 1172 1486 ἦτταν
1197 1415 1290 1468 τοῦ
1319 1415 1483 1469 καλοῦ
1505 1432 1519 1478 ;

294 1508 405 1564 217
470 1506 646 1577 Ἡγοῦ
679 1507 868 1576 τύχης
893 1508 1192 1574 φρόνησιν
1218 1505 1707 1574 ἀσφαλεστέραν.

370 1599 520 1670 Τύχη
554 1599 652 1669 μὲν
698 1598 756 1650 τὸ
796 1597 1115 1668 αὐτομάτως
1154 1596 1351 1650 οὑτωσὶ
1381 1597 1475 1649 καὶ
1517 1596 1676 1664 λόγου
1708 1594 1875 1665 χωρὶς

297 1691 596 1762 συμϐαῖνον
620 1688 921 1759 ἐπεκλήθη,
950 1688 1209 1758 φρόνησις
1233 1688 1290 1741 δὲ
1329 1686 1390 1739 τὸ
1421 1686 1560 1756 μετὰ
1585 1687 1742 1754 λόγου
1783 1685 1874 1756 ὀρ-

298 1786 395 1838 θοῦ
427 1783 522 1837 καὶ
553 1781 819 1844 συνέσεως
843 1779 1144 1850 γινόμενον,
1183 1780 1240 1830 ὲν
1335 1777 1586 1848 καθάπερ
1616 1776 1795 1830 πλοῖον
1820 1777 1878 1830 ἐν

299 1877 543 1947 θαλάσσῃ
567 1874 646 1945 τῷ
666 1874 810 1927 οῐακι
837 1873 1275 1944 πηδαλιουχεῖται
1301 1872 1393 1925 καὶ
1418 1871 1495 1942 τῷ
1518 1871 1694 1941 λιμένι
1719 1885 1879 1940 προσ-

298 1965 606 2040 ορμίζεται,
642 1964 813 2028 οὕτως
835 1966 863 2018 ό
890 1963 1015 2026 νοῦς
1047 1965 1108 2016 ἐν
1141 1965 1208 2034 τῇ
1241 1965 1497 2034 φρονήσει
1525 1962 1593 2016 τὰ
1620 1962 1723 2033 ἤθη
1763 1963 1880 2014 δια-

298 2057 579 2128 κυϐερνῶν
623 2057 722 2126 τῆς
765 2055 944 2125 ψυχῆς
986 2055 1080 2107 καλ¹
1126 2053 1412 2118 οἰακίζων,
1461 2052 1598 2125 πρὸς
1637 2054 1730 2106 τὸν
1767 2051 1880 2106 ἄνω

297 2149 499 2220 λιμένα
520 2146 855 2202 κατευθύνει.
901 2144 1117 2215 Ἐπειδὴ
1145 2143 1321 2198 τοίνυν
1341 2143 1428 2198 διὰ
1449 2145 1547 2215 τῆς
1568 2145 1881 2215 φρονήσεως

298 2243 338 2314 ἡ
363 2241 567 2312 ἀληθὴς
598 2239 839 2310 σωτηρία
867 2240 981 2302 τοῖς
1007 2236 1332 2306 σωζομένοις
1357 2237 1679 2306 ἐνεργεῖται,
1708 2237 1783 2307 μὴ
1812 2239 1881 2308 τῇ

298 2327 758 2399 ἀλόγῳ’πρόσεχε
799 2325 955 2400 τύχῃ.
988 2325 1080 2379 καὶ
1113 2327 1178 2395 τῇ
1219 2324 1397 2397 κούφῃ
1423 2325 1516 2378 καὶ
1539 2325 1746 2396 ἀκρίτῳ
1771 2325 1883 2379 τῶν

299 2421 476 2490 λόγων
517 2420 612 2474 καὶ
643 2419 750 2472 τῶν
787 2417 1065 2488 λογισμῶν
1099 2417 1414 2487 ματαιότητι
1459 2417 1881 2488 περιφερόμενος

301 2511 548 2583 φέρεεκαὶ
566 2510 752 2582 φέρου,
765 2513 832 2581 τῇ
851 2508 957 2563 τῶν
975 2508 1072 2562 ἀνθ
1081 2508 1276 2579 ρώπων
1292 2508 1485 2578 κυϐεία
1499 2508 1883 2578 συνελκόμενος

303 2603 404 2660 καὶ
417 2602 814 2672 δελεαζόμενος
840 2600 1104 2670 σφαλερὸν
1124 2599 1251 2669 γάρ·
1276 2598 1411 2653 ἀλλὰ
1433 2598 1533 2667 τῆς
1550 2598 1884 2661 παιδεύσεως

301 2695 410 2765 τῆς
431 2695 488 2746 ὲν
518 2696 628 2757 τοῖς
679 2692 876 2761 λόγοις,
931 2691 1129 2762 μᾶλλον
1178 2689 1236 2742 δὲ
1263 2689 1362 2759 τῆς
1402 2689 1644 2752 παιδείας
1677 2689 1882 2760 Κυρίου

298 2786 410 2857 τῆς
442 2783 530 2838 διὰ
552 2785 660 2837 τῶν
689 2781 918 2835 ἐντολῶν
956 2781 1052 2835 καὶ
1088 2780 1287 2852 ἀρετῆς
1323 2779 1487 2850 μηδὲν
1524 2773 1663 2831 εἶναι
1695 2781 1883 2848 κρεῖσ-

303 2893 405 2930 σον
437 2875 673 2942 ὑπονόει,
702 2875 770 2928 δι’
799 2867 873 2929 ὧν
906 2875 939 2943 ἡ
964 2872 1169 2943 ἀληθὴς
1205 2869 1463 2941 φρόνησις
1501 2870 1594 2924 καὶ
1638 2869 1886 2940 ἀσφαλὴς

303 2965 552 3038 σωτηρία
571 2968 682 3029 τοῖς
710 2964 1032 3035 σωζομένοις
1055 2961 1411 3033 περιγίνεται.
1435 2959 1612 3015 rma
1633 2959 1730 3031 μὲν
1748 2959 1879 3030 γὰρ,

301 3057 413 3113 ὅσα
449 3074 534 3120 τις
577 3057 643 3110 ἂν
671 3056 764 3108 καὶ
797 3053 961 3107 οἴοιτο
1007 3051 1302 3123 κεκτῆσθαι
1323 3090 1338 3116 ,
1384 3050 1488 3106 κᾶν
1521 3051 1708 3122 κτῆμα
1729 3091 1744 3114 ,
1779 3051 1884 3104 κᾶν

302 3147 502 3220 χρῆμα
525 3187 539 3212 ,
590 3146 694 3200 κᾶν
745 3145 1041 3216 ἱματισμὸν
1093 3145 1252 3215 εἴπῃς
1285 3141 1546 3212 πολυτελῆ
1568 3184 1584 3209 ,
1638 3141 1784 3196 ναῶν
1825 3158 1884 3194 τε

301 3237 596 3308 οἰκοδομὰς
619 3237 714 3291 καὶ
743 3236 1002 3306 κειμήλια
1021 3235 1116 3288 καὶ
1148 3234 1501 3305 μοναστήρια,
1523 3233 1615 3287 καὶ
1635 3230 1888 3298 καθάπαξ

303 3331 506 3392 εἰπεῖν,
532 3330 633 3382 δσα
654 3327 761 3381 ἀπὸ
788 3326 893 3397 γῆς
931 3324 1118 3380 ἄλλοτε
1151 3323 1352 3386 ἄλλοις,
1386 3320 1479 3376 καὶ
1509 3321 1571 3374 οὗ
1599 3321 1712 3384 τοῖς
1743 3319 1886 3390 ἔχειν

301 3417 557 3474 δοκοῦσιν
577 3414 948 3486 ὲτοιμάζεται·
988 3412 1122 3483 μόνη
1146 3412 1255 3482 δὲὴ
1281 3410 1560 3474 παίδευσις
1585 3409 1758 3463 οίκεία
1780 3407 1887 3460 τῶν

305 3508 667 3579 κεκτημένων
699 3506 873 3577 μόνων
901 3504 1018 3558 ἐστὶ
1080 3504 1176 3559 καὶ
1226 3502 1431 3573 βιοῦσιν
1485 3499 1717 3556 ἐνταῦθα
1759 3501 1888 3570 ἄχρι

303 3599 499 3662 τελους
590 3597 1006 3669 συνυπάρχουσα
1093 3596 1190 3649 καὶ
1285 3591 1687 3649 ἀποϐιώσκουσι
1765 3607 1891 3643 συνο

304 3689 576 3761 ετεομένη.

302 3828 414 3885 221
465 3827 534 3882 Τό
560 3824 886 3894 δραστικὸν
913 3823 1152 3894 δείκνυε
1173 3819 1258 3890 μὴ
1282 3817 1363 3885 τῷ
1395 3817 1545 3886 (Spfw
1566 3814 1781 3881 κακῶς,

307 3899 430 3953 222
472 3895 556 3960 Τῷ
579 3891 630 3949 δ’
663 3891 732 3949 εὖ
760 3911 816 3948 τι
844 3893 1055 3947 ποιεῖν.

388 4007 543 4061 Εἰσὶν
573 4006 848 4078 ἄνθρωποι
877 4003 1203 4074 θερμότατοι
1253 3999 1312 4053 ὲν
1362 3999 1544 4070 ἔργοις
1589 3998 1772 4051 αὐτῶν·
1799 3996 1892 4050 καὶ

310 4101 634 4175 δραστήριοι
701 4097 795 4152 καὶ
848 4094 1224 4167 ὲνεργέστατοι
1250 4111 1264 4124 ο
1313 4091 1531 4156 ὀξύτητι
1580 4090 1638 4143 δὲ
1682 4088 1893 4158 φύσεως

308 4191 591 4266 χρώμενοι
624 4190 718 4243 καὶ
754 4186 1111 4258 μεγαλοφυῒᾳ,
1152 4180 1558 4255 χρησιμώτατοι
1586 4180 1893 4249 κληΐζονται

315 4281 540 4346 πολλοῖς
560 4298 575 4313 ο
607 4281 657 4334 οἳ
687 4279 782 4333 καὶ
811 4276 1107 4348 βασιλείας,
1139 4274 1234 4328 καὶ
1260 4272 1771 4344 στρατοπεδαρχίας,
1801 4270 1894 4324 καὶ

308 4371 620 4446 ⁴ἡγεμονίας
669 4371 726 4422 ὲν
763 4367 953 4437 κόσμῳ
980 4365 1323 4435 διαφέροντες
1371 4362 1622 4426 ἐπιπολὺ,
1662 4362 1736 4425 ὡς
1786 4358 1897 4412 θεοὶ

309 4460 583 4533 τιμᾶσθαι
610 4458 744 4529 πρὸς
781 4455 890 4509 τῶν
933 4453 1258 4525 ὑποχειρίων
1286 4450 1549 4517 ἀξιοῦσιν.
1595 4452 1737 4523 Πρὸς
1772 4450 1899 4514 τοὺς

311 4549 594 4612 τοιούτους
627 4550 657 4602 δ
689 4536 1040 4608 θεόπνευστος
1079 4543 1204 4607 νοῦς
1231 4542 1664 4614 ἀποτεινόμενος,
1698 4542 1790 4614 Μὴ
1821 4540 1899 4613 τῷ

311 4642 476 4715 δρᾷν,
509 4639 636 4709 ἔφη,
667 4636 851 4700 κακῶς
880 4636 976 4691 καὶ
1011 4633 1124 4687 τῶν
1155 4631 1396 4687 ἀσθενῶν
1424 4631 1777 4703 κατατρέχειν
1807 4631 1902 4686 καὶ

315 4731 559 4802 πτωχῶν
578 4730 639 4784 τὸ
662 4727 1031 4800 μεγαλουργὸν
1059 4725 1395 4779 ὲπιδείκνυσο
1416 4725 1478 4776 τὸ
1499 4723 1787 4794 δραστικὸν
1809 4723 1902 4777 καὶ
1947 4790 1955 4794 _

317 4821 568 4892 ἐνεργὸς,
599 4818 677 4888 τῷ
717 4819 1022 4889 εὐεργετεῖν
1054 4816 1111 4868 δὲ
1135 4815 1229 4869 καὶ
1253 4814 1394 4868 κατὰ
1421 4813 1646 4884 μίμησιν
1670 4813 1764 4867 τοῦ
1794 4813 1902 4868 τῶν

318 4913 464 4967 ὅλων
505 4911 642 4964 Θεοῦ
680 4909 743 4963 τὸ
783 4908 948 4963 καλὸν
995 4909 1168 4961 ποιεῖν
1202 4906 1294 4961 καὶ
1325 4905 1548 4974 ἀγαθόν.
1597 4905 1770 4958 Τοῦτο
1807 4903 1904 4958 καὶ⁹

327 5003 454 5059 Θεὸν
483 5002 578 5056 καὶ
603 5002 721 5055 υίόν
755 5017 814 5053 σε
841 4998 976 5054 Θεοῦ
1006 4999 1245 5053 δείκνυσι
1273 4999 1340 5052 δι’
1373 4995 1710 5067 ὁμοιώσεως·
1744 4993 1904 5049 τοῦτό

322 5097 446 5149 ἔστι
479 5096 574 5149 καὶ
601 5093 793 5164 ἀνδρὸς
815 5092 1012 5154 εἰδότος
1031 5091 1092 5144 τὸ
1115 5090 1374 5159 συγγενὲς
1397 5087 1718 5160 ἀνθρώπου·
1746 5086 1905 5140 τοῦτο

322 5189 490 5258 ἔργον
515 5185 634 5240 ἐστὶ
659 5187 759 5255 τὴν
788 5183 1140 5254 ἀνθρωπίνην·
1181 5180 1555 5250 ταλαιπωρίαν
1582 5177 1901 5247 ἐγνωκότος,

321 5281 428 5334 καὶ
450 5278 551 5349 οὐχ
575 5275 1006 5348 ὑπεραιρομένου
1038 5273 1181 5328 κατὰ
1205 5273 1332 5338 τοὺς
1365 5270 1624 5344 ὑϐριστὰς
1651 5271 1746 5324 καὶ
1776 5269 1908 5322 ἀλα-

323 5371 514 5438 ζόνας,
535 5369 674 5425 ἀλλά
696 5368 1157 5440 Χριστομιμήτως
1185 5368 1366 5430 αὐτοῖς
1388 5363 1907 5435 συγκαταϐαίνοντος

322 5462 429 5518 καὶ
456 5462 556 5525 τὰς
579 5460 758 5515 αὐτῶν
779 5459 1063 5523 ἀσθενείας
1088 5458 1422 5528 διανέχοντος
1440 5472 1455 5487 ο
1485 5456 1544 5510 τὸ
1569 5457 1907 5509 ἀποκτείνειν

320 5554 388 5606 δὲ
418 5553 515 5606 καὶ
542 5551 828 5623 πτωχίζειν
853 5551 947 5605 καὶ
969 5550 1350 5620 ταλαιπωρεῖν,
1369 5547 1502 5602 Θεοῦ
1522 5549 1620 5618 μὲν
1637 5549 1736 5601 οὐκ
1761 5545 1908 5610 ἀξιον

317 5643 741 5716 φιλανθρωπίας
763 5684 778 5713 ,
827 5641 1031 5715 θηρίων
1075 5641 1131 5696 δὲ
1183 5639 1402 5695 ἰοϐόλων
1439 5641 1633 5694 οἰκεῖον
1665 5639 1725 5692 τὸ
1771 5638 1904 5694 ἁπο-

1304 210 1370 268 IN
1408 211 1720 269 CARMINA
1760 212 2038 269 ARCANA
2079 212 2138 270 S.
2181 212 2530 270 GBEGORII.

3453 225 3562 280 858

1977 332 2049 388 lia
2077 341 2128 388 et
2161 330 2562 402 corruptibilia,
2591 327 2815 394 divitiae,
2847 329 3091 402 inquam,
3134 342 3188 390 et
3219 337 3475 411 voluptas
3504 355 3559 400 et

1970 422 2164 492 gloria,
2210 423 2278 492 ϋε
2311 424 2404 494 qui
2445 423 2728 501 terrestria
2759 423 3007 494 cogitant
3051 426 3104 479 in
3151 443 3302 497 spem
3357 448 3556 504 prepo.

1974 512 2104 576 sita,
2130 514 2504 582 operationem
2541 515 2823 569 concitant
2857 526 3166 570 amatorum
3201 519 3449 591 ipsisque
3470 525 3557 578 di-

1970 603 2268 658 rectionem
2304 604 2643 674 imprimunt,
2677 605 2954 675 quomodo
2990 623 3101 662 non
3136 611 3308 665 multo
3355 611 3564 682 justius

1970 703 2024 749 et
2057 696 2187 751 boni
2219 697 2546 767 virtutisque
2576 699 3278 768 cperariisincitamentum
3303 703 3412 758 erit
3438 721 3564 776 spes

1971 785 2028 840 in
2073 785 2345 852 Deum,et
2368 788 2503 843 eniti
2559 788 2626 842 ad
2669 789 2920 844 bravium
2975 808 3227 863 supernae
3265 795 3559 854 electionis

1966 875 2124 946 juxta
2152 891 2377 946 scapnm
2409 877 2612 934 faciet?
2633 865 2880 951 Namque
2912 882 3277 942 intolerabilis
3308 886 3471 942 dolor
3501 897 3558 945 et

1975 969 2294 1038 impatibilis
2320 971 2447 1024 mihi
2479 986 2588 1025 non
2619 972 2842 1029 minime
2872 975 3305 1034 incumbitvicto
3329 994 3358 1033 a
3395 981 3562 1036 bono.

1976 1058 2036 1114 Si
2068 1059 2212 1114 enim
2251 1061 2413 1115 noxia
2447 1070 2797 1132 peccatorum
2831 1080 2995 1134 opera
3023 1075 3077 1122 et
3106 1069 3250 1124 mala
3294 1070 3428 1141 ipsis
3457 1074 3565 1126 uti-

1973 1151 2044 1206 lia
2077 1161 2208 1206 sunt
2241 1159 2295 1207 et
2320 1154 2460 1208 bene
2510 1166 2925 1226 prosperantur,
2958 1168 3106 1213 recta
3131 1168 3314 1215 autem
3346 1171 3399 1217 et
3420 1163 3561 1218 bona

1974 1243 2118 1298 male
2147 1245 2452 1299 succedunt
2476 1246 2833 1315 cperantibus
2866 1255 2919 1302 et
2965 1247 3259 1304 infeliciter
3290 1267 3564 1322 peragun-

1977 1334 2373 1405 tur,quomodo
2403 1338 2530 1391 boni
2566 1337 2862 1393 adversum
2907 1353 3096 1394 casum
3133 1341 3276 1396 ferre
3338 1346 3566 1413 potero?

1984 1511 2092 1565 217
2131 1511 2374 1568 Fortuna
2400 1515 2738 1582 prudentia»:
2783 1519 3033 1571 existima
3060 1521 3325 1574 tutiorem.

2047 1600 2180 1656 Sors
2203 1603 2424 1670 quidem
2458 1607 2602 1675 quod
2636 1615 2830 1677 sponte
2861 1617 2913 1663 et
2954 1609 3317 1668 iudeliberate
3364 1616 3562 1670 accidit

1979 1701 2226 1756 vocatur,
2258 1695 2547 1762 prudentia
2583 1713 2714 1751 vero
2746 1698 2893 1767 quod
2925 1714 3051 1753 cum
3075 1700 3473 1758 deliberatione
3505 1707 3562 1758 fit

1977 1787 2032 1833 et
2063 1783 2421 1837 conscientia.
2451 1783 2623 1838 Porro
2653 1787 3115 1855 quemadmodum
3159 1792 3315 1846 navis
3344 1792 3399 1846 in
3427 1795 3567 1848 mari

1978 1885 2076 1939 per
2125 1872 2556 1942 gubernaculum
2595 1873 2803 1943 regitur
2839 1859 2891 1928 et
2929 1875 2996 1929 ad
3043 1885 3257 1946 portum
3302 1881 3566 1937 subduci-

1977 1971 2087 2022 tur.
2112 1960 2192 2015 sic
2223 1960 2455 2030 spiritus
2495 1961 2786 2032 prudentia
2819 1963 2991 2019 fretus
3017 1981 3198 2021 mores
3244 1967 3442 2024 animae
3467 1986 3567 2042 gu-

1976 2052 2171 2107 bernat
2202 2059 2256 2105 et
2286 2052 2502 2106 clavum
2549 2061 2741 2108 tenens
2779 2055 2845 2108 ad
2889 2071 3188 2126 supernum
3225 2068 3442 2128 portum
3483 2061 3570 2116 di-

1980 2145 2133 2206 rigit.
2165 2144 2301 2198 Cum
2333 2159 2466 2216 ergo
2511 2161 2607 2216 per
2638 2146 2986 2216 prudentiam
3030 2149 3257 2204 salvatis
3299 2167 3560 2222 coepere.

1979 2243 2070 2290 tur
2097 2236 2249 2291 salus
2273 2251 2424 2300 vera,
2457 2252 2526 2292 ne
2581 2238 2885 2293 irrationali
2922 2239 3087 2295 cedas
3124 2241 3263 2295 sorti
3287 2258 3387 2298 nec
3426 2243 3570 2298 futili

1979 2333 2034 2380 et
2062 2326 2480 2382 inconsideratae
2509 2329 2800 2383 verborum
2832 2337 2887 2385 et
2921 2330 3196 2384 rationum
3227 2334 3456 2387 vanitati
3482 2333 3570 2403 ja-

1981 2424 2164 2472 ctatus
2195 2426 2247 2470 te
2283 2417 2450 2480 feras,
2480 2434 2580 2472 nec
2627 2419 2758 2474 ferri
2795 2422 3033 2490 patiaris
3061 2423 3346 2476 hominum
3403 2425 3572 2480 vicis-

1982 2507 2318 2564 situdinibus
2353 2518 2544 2578 raptus
2587 2517 2641 2563 et
2673 2510 2931 2575 illectus;
2982 2511 3357 2579 periculosum
3394 2515 3565 2578 enim,

1982 2597 2074 2655 sed
2101 2599 2446 2653 documentis
2470 2601 2524 2653 in
2553 2601 2771 2662 litteris,
2806 2603 3094 2673 magisque
3114 2604 3427 2675 disciplinis
3463 2606 3570 2662 Do-

1983 2692 2116 2744 mini
2146 2691 2446 2746 secundum
2493 2691 2747 2746 mandata
2797 2700 2852 2747 et
2888 2693 3143 2748 virtutem
3191 2695 3325 2749 nihil
3368 2698 3572 2756 melius

1983 2796 2107 2837 esse
2133 2790 2344 2852 reputa,
2383 2797 2478 2852 per
2513 2797 2635 2852 quae
2657 2797 2783 2837 vera
2820 2784 3112 2853 prudentia
3162 2793 3215 2840 et
3253 2797 3370 2841 tuta
3417 2790 3574 2845 salus

1985 2871 2208 2927 salvatis
2238 2871 2314 2927 fit.
2369 2873 2444 2928 De
2474 2875 2598 2928 aliis
2648 2889 2780 2928 vero
2827 2875 3015 2940 rebus,
3065 2885 3336 2948 quotquot
3382 2883 3566 2948 possi-

2001 2960 2132 3016 dere
2161 2961 2342 3032 quivis
2381 2963 2770 3026 arbitraretur,
2799 2963 2916 3019 sive
2950 2964 3236 3022 facultates
3279 2968 3397 3024 sive
3427 2971 3570 3025 bona

1985 3047 2102 3104 sive
2125 3043 2512 3119 opulentorum
2563 3051 3020 3108 vestimentorum
3071 3070 3364 3126 apparatus
3412 3061 3572 3115 dixe-

1985 3139 2084 3202 ris,
2122 3139 2449 3210 templorum
2483 3149 2797 3196 structuras
2841 3151 2896 3199 et
2945 3142 3240 3199 thesauros
3273 3155 3327 3199 et
3377 3163 3570 3203 mona-

1993 3230 2179 3294 steria,
2211 3238 2262 3284 et
2292 3245 2405 3285 uno
2439 3231 2608 3285 verbo
2653 3244 2986 3301 quaecunque
3004 3244 3169 3302 super
3183 3238 3407 3299 terram,
3433 3241 3571 3296 alias

1987 3316 2108 3370 aliis
2139 3325 2192 3371 et
2221 3317 2288 3372 iis
2316 3318 2408 3388 qui
2445 3333 2554 3372 non
2578 3319 2834 3374 videntur
2867 3333 2929 3372 ea
2965 3319 3170 3376 habere
3212 3323 3266 3376 in
3308 3337 3571 3397 promptu

1987 3417 2150 3474 sunt;
2187 3411 2302 3464 sola
2353 3411 2646 3479 disciplina
2697 3411 2920 3480 propria
2950 3420 3036 3466 est
3065 3413 3287 3468 illorum
3325 3418 3573 3474 solorum

1987 3500 2077 3570 qui
2119 3515 2237 3554 eam
2294 3499 2601 3568 possident,
2649 3508 2702 3554 et
2755 3501 3070 3556 viventibus
3126 3503 3180 3556 in
3215 3505 3320 3558 hoc
3364 3507 3573 3562 mundo

1989 3604 2225 3645 consors
2273 3604 2452 3658 usque
2505 3589 2572 3643 ad
2633 3589 2795 3644 ﬁnem
2841 3598 2948 3656 est,
3001 3591 3443 3666 decedenlesque
3479 3611 3573 3652 ae-

1989 3680 2198 3752 quitur.

2134 3814 2895 3890 fjotentiam‘tugm‘ostende,
2929 3833 3033 3872 non
3066 3821 3205 3874 male
3233 3820 3499 3890 faciendo,

1992 3883 2101 3938 2‘22
2140 3883 2243 3938 Sed
2270 3887 2392 3938 bene
2427 3884 2700 3954 faciendo.

2067 3994 2208 4049 Sunt
2253 3994 2510 4050 homines
2565 3993 2938 4049 ardentissimi
2994 3993 3046 4048 in
3093 3997 3309 4054 actibus
3357 3999 3473 4055 suis
3518 4009 3575 4055 et

1993 4086 2232 4158 operarii
2255 4092 2310 4140 et
2344 4084 2502 4138 valde
2536 4085 2872 4148 laborantes,
2901 4086 3103 4156 ingenii
3134 4089 3388 4143 acumine
3420 4097 3577 4144 uteno

1993 4186 2079 4234 tes
2129 4185 2182 4232 et
2241 4173 2688 4244 magnanimitate
2735 4173 3051 4241 superiores
3101 4187 3131 4226 a
3189 4173 3379 4228 multis
3432 4176 3579 4228 celeo

1999 4265 2252 4328 brantnr,
2283 4262 2376 4333 qui
2405 4261 2552 4330 regia
2585 4267 2859 4331 potestate
2895 4269 2948 4316 et
2983 4261 3324 4316 exercituum
3347 4261 3585 4332 imperio

1999 4363 2053 4411 et
2074 4354 2449 4410 dominatione
2475 4353 2530 4406 in
2559 4352 2764 4406 mundo
2804 4352 3034 4408 multum
3067 4361 3412 4422 praestantes,
3451 4361 3576 4408 tan-

2001 4461 2163 4518 quam
2208 4445 2285 4500 dii
2326 4459 2357 4498 a
2403 4442 2639 4499 subditis
2690 4443 2952 4498 honorari
3005 4443 3262 4498 all‘ectant
3295 4462 3308 4498 :
3345 4444 3400 4498 in
3437 4459 3588 4513 quos

2003 4541 2137 4595 tales
2164 4535 2466 4610 procedens
2505 4536 2734 4607 spiritus
2763 4550 2791 4589 a
2816 4534 2925 4589 Deo
2954 4533 3253 4604 inspiratus
3283 4534 3422 4588 dixit
3454 4553 3468 4587 :
3498 4532 3586 4588 Nc

2002 4634 2056 4688 in
2111 4630 2252 4686 male
2299 4627 2553 4684 faciendo
2601 4635 2656 4682 et
2700 4626 2912 4681 debiles
2964 4639 3344 4695 pauperesque
3395 4623 3588 4693 oppri-

2003 4719 2202 4776 mendo
2233 4719 2492 4776 ostendas
2519 4727 2571 4772 te
2601 4716 2670 4770 ad
2718 4730 2912 4786 magna
2959 4723 3270 4784 proruptum
3314 4722 3368 4768 et
3418 4712 3588 4766 fortis

2002 4827 2190 4884 opera.
2227 4811 2322 4868 sed
2368 4812 2425 4866 in
2482 4808 2895 4874 benefaciendo,
2946 4812 2999 4860 et
3041 4805 3108 4859 ad
3150 4803 3243 4858 Dei
3289 4803 3581 4859 universo-

2002 4921 2123 4960 rum
2158 4902 2516 4958 imitationem
2547 4899 2750 4954 bonum
2796 4905 2850 4952 et
2895 4904 3104 4952 rectum
3137 4895 3355 4963 agendo
3385 4913 3398 4949 :
3435 4893 3590 4963 quod

2004 5001 2058 5051 et
2101 4995 2261 5051 deum
2294 4998 2349 5047 et
2410 4989 2580 5044 ﬁlium
2613 4989 2706 5044 Dei
2739 4997 2790 5043 te
2825 5002 2922 5056 per
2951 4985 3366 5042 similitudinem
3396 4993 3586 5039 osten-

2003 5083 2120 5150 dit;
2154 5082 2257 5136 hoc
2294 5086 2379 5137 est
2411 5079 2512 5134 viri
2543 5079 2771 5135 seientis
2795 5077 2927 5148 quid
2961 5076 3168 5131 homini
3202 5075 3448 5130 innatum
3477 5082 3594 5135 est,

2005 5176 2108 5230 hoc
2132 5189 2270 5244 opus
2316 5171 2463 5227 illius
2493 5171 2588 5242 qui
2633 5171 2930 5225 humanam
2971 5167 3252 5223 miseriam
3293 5164 3447 5220 novit
3481 5178 3584 5217 nec

2006 5265 2287 5321 extollitur
2346 5279 2499 5320 more
2549 5263 2924 5334 arrogantium
2973 5269 3028 5317 et
3082 5256 3457 5319 insolentium,
3491 5249 3596 5307 sed

2008 5357 2076 5412 ad
2106 5355 2309 5411 Christi
2345 5354 2624 5424 exemplar
2663 5353 2965 5409 humilibus
3008 5367 3070 5407 se
3117 5343 3598 5405 accommodantis

1962 5459 1968 5464 '
2009 5463 2312 5518 eorumque
2356 5445 2762 5502 imbecillitatcs
2805 5444 3038 5515 benigne
3083 5437 3419 5518 suﬂ'erentis.
3477 5431 3589 5487 Na—

2011 5548 2162 5597 ctare
2184 5553 2315 5594 vero
2345 5545 2398 5594 et
2428 5537 2664 5612 spoliare
2698 5544 2751 5591 et
2777 5537 2842 5590 ad
2881 5534 3158 5590 miseriam
3186 5515 3453 5594 redigere,
3492 5523 3596 5579 Dei

2014 5631 2396 5706 benevolentia
2438 5628 2662 5697 dignum
2710 5641 2820 5682 non
2871 5631 2975 5687 est.
3053 5626 3442 5677 venenatarum
3492 5615 3586 5669 he—
