4030 6232
482 344 717 401 stiarum
739 338 1013 411 proprium
1033 345 1115 394 est
1138 337 1421 404 occidere;
1455 336 1571 390 raia
1595 347 1862 391 venenata
1896 337 2065 391 maris

487 445 543 491 et.
577 433 862 503 scorpione
883 433 1020 486 clam
1053 434 1201 486 virus
1231 429 1631 493 evonicutibus,
1676 428 1836 500 facile
1864 430 2062 485 morsis

482 527 667 579 adstat
700 523 890 577 fatum.

486 614 594 667 ἥδ
635 614 804 680 Turpe
826 623 901 666 est
926 612 1165 681 juvenem
1201 630 1319 667 sene
1350 614 1694 681 inﬁrmiorem

485 682 590 736 226
635 682 783 745 Esse,
821 701 1093 751 senatuque
1116 684 1769 752 juveneiusipieytiorem.

548 771 1023 837 Quemadmodum
1057 773 1279 841 juventa
1332 780 1385 827 et
1441 774 1618 828 artatis
1661 772 1938 827 viriditate
1983 771 2063 824 vi-

478 872 719 934 rgvntem,
741 881 871 919 sene
898 865 1172 934 deerepito
1198 864 1515 918 debiliorem
1537 881 1659 920 esse
1683 874 1839 935 turpe
1859 866 2062 921 vidercv

480 960 577 1008 tur
598 962 646 1009 et
683 956 1060 1024 incongruum,
1081 955 1182 1018 sic,
1202 955 1398 1024 inquit,
1422 964 1477 1009 et
1501 957 1553 1009 in
1576 957 1759 1010 ultima
1778 968 2061 1013 senectute

462 1046 893 1114 .pcrveuientem
948 1046 1438 1113 imprudentiorem
1491 1047 1713 1117 juniore
1774 1064 2058 1118 apparere,

480 1135 847 1206 incongruum
874 1153 1105 1206 prorsus
1157 1148 1211 1193 et
1260 1138 1540 1193 indecens.
1602 1139 1864 1195 Similiter
1892 1157 2059 1195 senex

483 1228 593 1281 vita
628 1235 681 1281 et
712 1236 871 1283 aetate
902 1238 1157 1298 provecta
1202 1230 1383 1285 factus
1419 1232 1488 1286 sit
1526 1232 1675 1285 omni
1706 1233 1971 1301 sapientia
2006 1241 2059 1287 et

485 1320 775 1389 prudentia
826 1322 1041 1389 plenus,
1092 1323 1358 1391 optimum
1416 1330 1470 1376 et
1516 1323 1857 1378 conveniens
1902 1324 2056 1388 illud,

481 1413 759 1484 iuniorem
792 1428 921 1467 vero
968 1424 1021 1468 et
1063 1424 1188 1468 ante
1230 1415 1622 1477 maturitatem,
1658 1415 1713 1467 in
1739 1415 1916 1468 anatis
1948 1430 2056 1469 non

486 1511 757 1575 provectae
791 1502 1025 1556 decursu
1066 1503 1364 1571 sapientem
1410 1517 1467 1556 se
1509 1502 1749 1570 przebere
1782 1509 1835 1555 et
1875 1502 2059 1581 senio-

486 1609 605 1647 rum
642 1592 988 1662 prudentiam
1022 1592 1240 1655 habere,
1274 1592 1792 1647 excellentissimum
1824 1600 1972 1647 esset
2005 1599 2058 1646 et

485 1686 729 1739 omnium
770 1684 1006 1738 maxime
1033 1685 1388 1739 conveniens.

481 1853 588 1907 229
626 1851 840 1921 Semper
872 1852 1078 1923 quidem
1124 1854 1352 1907 salutem
1400 1870 1640 1922 operare.

556 1944 717 1998 Omni
751 1952 996 2013 tempore
1028 1954 1082 1998 et
1111 1945 1259 1998 onmi
1288 1945 1525 2001 hominis
1555 1954 1713 2001 tetate
1740 1947 1943 2001 bonum
1974 1954 2059 2002 est

484 2037 602 2092 viro
632 2037 859 2091 salutem
884 2036 1122 2106 operari,
1155 2053 1275 2106 quae
1306 2044 1409 2103 est,
1454 2051 1483 2090 a
1525 2038 1666 2091 malo
1700 2037 1975 2092 declinare
2004 2047 2059 2094 et

484 2129 686 2183 bonum
717 2128 926 2193 facere;
954 2130 1253 2198 prtesertim
1280 2128 1752 2199 appropinquante
1786 2130 2059 2185 solutione

486 2234 515 2271 a
548 2220 675 2272 vita.
727 2217 868 2283 Quid
922 2218 1067 2272 aliud
1117 2218 1312 2288 majori
1362 2220 1721 2274 sollicitudini
1766 2229 1913 2276 esset
1970 2222 2057 2290 pio

485 2309 603 2363 viro
630 2316 683 2363 et
716 2325 937 2365 sensum
972 2310 1387 2379 habenti.quam
1433 2313 1738 2380 prmteritas
1775 2311 1965 2381 culpas
2004 2322 2057 2367 et

485 2401 728 2455 maculas
764 2401 1018 2471 lacrymis
1068 2409 1123 2457 et
1172 2402 1615 2457 confessionibus
1660 2403 1944 2468 mundare,
2002 2411 2058 2459 et

484 2503 605 2557 quae
645 2504 709 2542 ex
766 2489 1032 2558 injustitia
1084 2491 1432 2559 proveniunt,
1476 2492 1543 2545 iis
1583 2492 1675 2560 qui
1730 2492 2055 2559 injustitiam

486 2577 630 2646 passi
664 2589 811 2641 sunt,
840 2594 959 2647 qua:
997 2595 1123 2633 vero
1154 2595 1183 2633 a
1217 2581 1368 2649 justo
1403 2582 1555 2635 lucro
1600 2597 1723 2635 cum
1760 2589 1907 2636 recta
1937 2598 2057 2636 mo-

484 2669 769 2721 deratione
798 2667 1016 2723 Christo
1050 2674 1203 2736 prius
1228 2671 1462 2734 mittere,
1495 2678 1548 2726 et
1581 2672 1660 2727 sic
1692 2671 1971 2727 fructuosa
2003 2680 2058 2727 et

485 2758 719 2813 sollicita
749 2760 1065 2828 poenitentia
1096 2762 1337 2831 judicem
1370 2762 1610 2831 placare.
1651 2761 1857 2818 Merces
1884 2778 2055 2833 appa-

486 2856 585 2908 ret,
614 2862 797 2916 praeco
828 2857 1023 2903 metam
1066 2851 1263 2903 clamat
1290 2868 1301 2903 :
1339 2851 1585 2919 Apostoli
1613 2858 1667 2906 et
1700 2852 1978 2923 propheta:
2003 2860 2057 2908 et

476 2936 661 2991 omnis
690 2936 906 2993 divinus
927 2939 1185 3008 magister
1206 2976 1220 3001 ,
1260 2941 1638 3007 ptenitentiam
1666 2943 1831 3011 agite,
1856 2955 2053 3013 magna

480 3026 740 3092 praedicat
783 3042 933 3081 voce.
968 3029 1291 3097 Quicunque
1340 3044 1504 3085 aures
1549 3031 1807 3086 audiendi
1858 3034 2050 3098 habes,

478 3129 611 3182 para
635 3116 703 3167 ad
737 3124 930 3168 metam
962 3131 1126 3185 opera
1173 3128 1297 3185 tua;
1346 3117 1615 3187 judicium
1668 3137 1838 3193 prope
1874 3131 1959 3179 est
1997 3133 2055 3181 et

480 3204 541 3259 in
572 3204 787 3261 foribus
814 3208 969 3261 adest
989 3206 1182 3276 jndex.

484 3387 592 3442 2'53
633 3384 785 3440 Finis
815 3389 1094 3442 sermonis.

550 3476 735 3531 Multis
756 3479 916 3534 bonis
942 3488 995 3533 et
1040 3480 1376 3550 sapientibus
1408 3485 1588 3542 verbis
1631 3486 1684 3540 in
1717 3485 1895 3540 anima
1914 3488 2050 3542 tedi-

483 3567 787 3622 ficationem
822 3577 876 3623 et
908 3570 1138 3625 salutem
1167 3587 1195 3625 a
1222 3582 1411 3650 sancta
1446 3584 1500 3629 et
1530 3577 1836 3648 theologica
1866 3580 2049 3650 lingua

483 3658 731 3726 prolatis,
769 3658 915 3713 hunc
946 3657 1203 3730 loquendi
1254 3648 1412 3717 finem
1465 3668 1777 3721 summatim
1843 3648 2049 3723 rectum

480 3756 536 3803 et
561 3750 844 3803 concisum
884 3754 1168 3808 sententiis
1194 3761 1247 3808 et
1269 3757 1598 3813 testimoniis
1629 3760 1744 3815 suis
1773 3761 2048 3829 apposuit,

477 3837 689 3901 dicens,
715 3837 985 3908 duplicem
1018 3855 1141 3895 esse
1175 3846 1522 3912 apostatandi
1572 3862 1600 3901 a
1654 3847 1766 3903 Deo
1821 3865 2047 3914 morem,

478 3926 710 3979 alterum
737 3943 918 3995 opere,
948 3930 1174 3985 alterum
1207 3935 1395 3990 verbo.
1425 3935 1598 4006 Opere
1628 3940 1849 4008 quidem
1883 3943 2049 4010 igitur

481 4022 861 4083 apostatantur
898 4032 927 4069 a
976 4016 1180 4074 divinis
1221 4023 1314 4090 qui
1366 4027 1667 4079 secundum
1700 4028 2047 4097 insipientem

479 4106 643 4158 istum
698 4106 1011 4176 hypocrita,
1048 4110 1101 4164 in
1152 4112 1315 4167 corde
1365 4129 1465 4169 suo
1516 4117 1707 4171 sinon
1760 4119 1941 4189 lingua
1968 4120 2049 4173 di-

480 4203 613 4247 cunt
648 4212 661 4248 :
690 4193 805 4248 Non
832 4205 913 4250 est
946 4196 1120 4264 Deus;
1146 4211 1429 4270 pr0pterea
1457 4208 1699 4275 corrupti
1737 4218 1886 4275 sunt,
1919 4212 2045 4267 etin

481 4285 860 4352 iniquitatibus
880 4287 1275 4346 abominabiles
1301 4293 1426 4347 facti
1450 4304 1578 4349 sunt
1604 4315 1616 4351 :
1644 4298 1746 4352 hoc
1768 4309 1853 4355 est
1881 4318 2046 4372 opere

480 4381 792 4442 apostatare
834 4392 865 4429 a
918 4376 1044 4431 Deo.
1084 4377 1263 4435 Verbo
1307 4394 1483 4439 autem
1538 4389 1893 4456 apostolicam
1946 4392 2046 4447 do-

476 4464 711 4517 ctrinam
732 4475 783 4519 et
802 4464 1108 4522 divinorum
1136 4468 1353 4525 Patrum
1374 4474 1696 4546 theologiam
1717 4491 1911 4550 negant
1930 4484 2046 4539 sive

477 4555 570 4626 qui
596 4554 874 4611 Iudaicam
909 4558 964 4612 in
1013 4559 1448 4619 incredulitatem
1493 4566 1763 4639 feruntur,
1802 4575 1917 4629 sive
1947 4576 2041 4644 qui

477 4645 542 4700 ad
571 4647 822 4718 gentilem
853 4650 1273 4720 polytheismum
1299 4665 1352 4710 et
1391 4657 1715 4729 impietatem
1753 4665 2038 4734 inclinant,

476 4739 591 4794 sive
618 4740 712 4809 qui
756 4742 821 4795 ad
867 4741 1173 4798 luereticam
1200 4747 1493 4815 perniciem
1525 4750 1853 4824 impiamque
1882 4758 2039 4812 aber-

474 4830 739 4885 rationem
794 4832 1060 4888 incidunt.
1091 4833 1172 4888 Tu
1223 4852 1351 4908 ergo
1401 4840 1757 4913 undequaque
1791 4849 2033 4905 circum-

474 4920 711 4988 spiciens
745 4923 811 4977 de
840 4927 1034 4994 teipse,
1070 4943 1135 4981 ne
1164 4928 1452 4999 decipiaris
1494 4931 1564 4985 ab
1597 4933 1752 4990 hoste
1788 4938 2033 4996 invisibi-

474 5011 596 5065 liter
628 5016 824 5068 astanti
857 5025 911 5071 et
937 5018 1140 5088 jugiter
1170 5019 1384 5079 furtivis
1431 5026 1642 5083 insidiis
1677 5030 1948 5087 obsidenti
1986 5043 2039 5089 et

469 5103 815 5168 perscqucnti
883 5113 936 5159 et
992 5107 1046 5161 in
1117 5114 1516 5179 apostasiarum
1594 5124 2035 5190 snpradictarum

472 5188 789 5243 barathrum
827 5196 1012 5247 venari
1042 5205 1094 5251 te
1125 5207 1177 5253 et
1224 5203 1448 5270 perdere
1477 5209 1623 5262 omni
1655 5188 1757 5280 ope
1786 5225 1837 5268 ct
1872 5231 2036 5284 opera

467 5280 689 5334 conanti
718 5301 731 5334 :
764 5280 877 5336 haec
926 5295 1105 5340 monet
1148 5292 1384 5359 optimus
1415 5297 1593 5353 Pater.
1640 5301 1782 5357 Cave
1812 5280 1940 5376 ergo
1970 5326 2036 5365 ne

472 5372 580 5425 ullo
602 5371 760 5428 modo
789 5374 843 5428 in
888 5374 1151 5433 ambabus
1173 5388 1463 5450 apostasiis
1497 5390 1811 5451 distinearis
1849 5371 1900 5452 et
1934 5402 2035 5455 im-

469 5463 706 5532 pliceris,
743 5481 840 5522 nec
894 5468 1191 5529 immundis
1239 5483 1290 5531 te
1336 5477 1657 5551 immisceas,
1697 5498 1766 5539 ne
1801 5488 1935 5546 forte
1967 5509 2033 5549 ex

534 5633 650 5705 (15)
689 5635 903 5698 Littera:
926 5654 1158 5717 quatuor
1182 5659 1271 5705 aut
1298 5651 1534 5725 quinque
1561 5655 1959 5716 desiderantur.

1755 220 2052 278 NlCETAS
2092 220 2293 277 DAVlD

3642 243 3750 296 840

2172 336 2449 390 κτιννύναι
2473 352 2485 365 ·
2520 336 2615 407 τῆς
2642 353 2699 389 τε
2734 336 3022 401 θαλαττίας
3050 340 3306 410 τρυγόνος
3336 344 3427 395 καὶ
3447 345 3541 397 τοῦ
3577 364 3747 419 exap-

2167 429 2290 480 πίου
2339 427 2613 496 λαθραίως
2666 428 2757 480 τὸν
2814 429 2888 480 ἰὸν
2941 431 3379 501 ἐναπεμοῦντος,
3410 438 3583 507 ῥᾷστα
3609 457 3750 511 παρ-

2169 519 2302 588 έστη
2327 520 2437 581 τοῖς
2467 519 2737 589 δηχθεῖσιν
2770 520 2798 571 6
2837 520 3019 588 μόρος.

2326 607 2758 685 ᾼζσχρὸνηνέον
2792 608 3070 685 γέροντος
3093 612 3534 685 ἀσθενέστερον

2163 677 2269 730 ἳξὶϐ
2324 676 2511 741 Εἶναι,
2549 676 2807 748 γέροντα
2828 679 2879 731 δ’
2910 682 3351 751 ἀφρονέστερον
3389 676 3553 742 ιῖἐου.

2240 770 2447 840 ’Ὠσπερ
2477 769 2567 823 τὸν
2604 770 2815 841 νεότητι
2844 772 2934 824 καὶ
2974 774 3124 843 ἀκμῇ
3156 778 3471 845 σφριγῶντα
3504 782 3744 851 ἡλικίας,

2165 859 2376 929 σαπροῦ
2426 860 2680 929 γέροντος
2732 862 3125 933 ἀδρανέστερον
3179 861 3358 932 εἶναι,
3405 872 3636 941 αἰσχρὸν
3683 877 3747 929 ἂν

2164 950 2339 1020 ὁρῷτο
2362 952 2454 1003 καὶ
2472 952 2738 1005 ἀνοίκειον
2760 969 2775 981 ·
2810 953 2970 1016 οὕτω,
2996 956 3148 1023 φησὶ,
3179 958 3274 1009 καὶ
3299 960 3389 1011 τὸν
3417 963 3495 1024 είς
3518 964 3747 1034 ἔσχατον

2163 1040 2461 1110 ὲληλακότα
2515 1043 2721 1113 γήρους
2743 1083 2757 1107 ,
2805 1044 3202 1114 ἀφρονέστερον
3244 1049 3338 1102 τοῦ
3367 1055 3636 1124 νεωτέρου
3669 1058 3749 1128 τῷ

2163 1132 2338 1202 χρόνῳ
2368 1133 2839 1200 καταδείκνυσθαι,
2872 1137 3140 1192 ἀνοίκειον
3170 1142 3343 1213 πάντη
3384 1147 3477 1197 καὶ
3510 1149 3751 1220 ἀνάρμο-

2164 1237 2308 1273 στον.
2347 1221 2534 1291 Ὅμως
2576 1224 2605 1273 6
2642 1225 2821 1295 γέρων
2858 1228 2956 1295 μὲν
2988 1229 3108 1281 καθ’
3146 1231 3295 1302 ὥραν
3329 1238 3423 1287 καὶ⁸
3454 1240 3596 1292 κατὰ
3647 1244 3747 1314 τὴν

2163 1312 2528 1383 πρεσϐυτικὴν
2557 1314 2707 1383 ἥκων
2738 1316 2975 1385 ἠλικίαν,
3005 1319 3143 1373 ἔστω
3176 1323 3449 1393 πάνσοςος
3487 1331 3582 1382 καὶ
3621 1312 3747 1387 συν-

2163 1402 2331 1463 έσεως
2356 1402 2588 1473 πλήρης·
2628 1405 2897 1460 καὶτοῦτο
2914 1409 3114 1476 ἀγαθόν
3142 1429 3197 1464 τε
3216 1416 3308 1466 καὶ
3328 1418 3626 1487 εὐπρεπές
3656 1425 3746 1479 τὸν

2166 1492 2432 1563 νεώτερον
2483 1494 2541 1546 δὲ
2596 1496 2673 1565 τῷ
2722 1497 2896 1568 χρόνῳ
2938 1502 3031 1553 καὶ
3078 1503 3183 1573 πρὸ
3224 1504 3374 1575 ὥρας
3415 1511 3474 1562 ὲν
3523 1513 3599 1583 τῷ
3647 1517 3746 1586 τῆς

2164 1582 2380 1653 ἡλικίας
2426 1585 2608 1637 ἀτελεῖ
2644 1594 2940 1658 σωφρονεῖν
2972 1593 3063 1644 καὶ
3114 1596 3483 1671 πρεσϐυτικὴν
3530 1582 3746 1661 σύνεσιν

2164 1674 2543 1745 ἀνειληφέναι,
2592 1676 2751 1731 τοῦτο
2797 1682 3086 1751 κράτιστον
3132 1686 3199 1739 ἂν
3248 1687 3333 1759 εἴη
3388 1692 3481 1744 καὶ
3526 1698 3745 1751 πάντων

2160 1766 2622 1837 εὐπρεπέστατον.

2159 1857 2265 1911 9.9.9
2330 1860 2447 1913 Ἀεὶ
2463 1862 2580 1928 μὲν
2597 1862 2858 1932 ἐργάζοιο
2887 1862 3001 1933 τὴν
3026 1871 3346 1937 σωτηρίαν.

2232 1950 2389 2002 Κατὰ
2420 1951 2599 2006 πάντα
2632 1954 2728 2022 μὲν
2761 1956 2950 2025 χρόνον
2981 1959 3074 2009 καὶ
3103 1962 3281 2015 πᾶσαν
3315 1963 3603 2035 ἀνθρώπου
3628 1972 3743 2039 ἡλι-

2160 2038 2303 2103 κίαν,
2338 2041 2542 2109 ἀγαθὸν
2590 2045 2745 2116 ἀνδρὶ
2785 2045 2881 2116 τὴν
2926 2049 3089 2102 αὑτοῦ
3147 2055 3420 2124 σωτηρίαν
3470 2038 3746 2131 κατεργά-

2161 2135 2368 2202 ζεσθαι,
2399 2139 2520 2209 ἥτις
2553 2141 2718 2207 ἐστὶν,
2763 2144 3032 2197 ἐκκλίνειν
3070 2147 3167 2217 μὲν
3211 2150 3318 2202 ἀπὸ
3346 2155 3537 2213 κακοῦ.
3567 2162 3741 2212 ποιεῖν

2157 2225 2215 2279 δὲ
2260 2227 2321 2280 τὸ
2365 2230 2586 2297 ἀγαθὸν,
2626 2232 2858 2302 μάλιστα
2901 2234 2957 2287 δὲ
3001 2236 3063 2307 δὴ
3094 2238 3193 2308 τῆς
3239 2237 3332 2294 τοῦ
3382 2242 3500 2313 βίου
3536 2246 3743 2312 λύσεως

2160 2321 2614 2391 προσηγγικυίας.
2657 2324 2723 2376 Τί
2766 2324 2832 2378 ἂν
2857 2325 2984 2379 ἄλλο
3016 2328 3101 2398 εἴη
3144 2335 3742 2409 περισπουδαστότερον

2158 2413 2233 2483 τῷ
2267 2414 2481 2468 εὐσεϐεῖ
2530 2417 2624 2469 καὶ
2678 2418 2804 2471 νοῦν
2853 2420 3049 2489 ἔχοντι,
3103 2423 3134 2493 ἢ
3184 2425 3251 2477 τά
3299 2432 3738 2500 προϋπηργμένα

2162 2504 2307 2576 pom;
2356 2508 2450 2560 καὶ
2502 2508 2824 2579 μολύσματα
2871 2512 3102 2582 δάκρυσι
3146 2516 3240 2568 καὶ
3288 2517 3739 2591 ὲξομολογήσεσιν

2159 2595 2571 2667 ἀνακαθαίρειν,
2608 2600 2701 2652 καὶ
2728 2601 2794 2653 τὰ
2828 2601 2885 2667 ἐξ
2920 2602 3136 2667 ἀδικίας
3186 2607 3285 2676 μὲν
3323 2612 3439 2672 τοῖς
3475 2612 3742 2684 ἠδικημέ-

2157 2704 2288 2750 νοις,
2314 2687 2383 2740 τά
2414 2690 2478 2741 ἐκ
2513 2689 2736 2744 δικαίων
2762 2691 2819 2744 δὲ
2858 2694 3042 2763 πόρων
3075 2700 3481 2770 προσγινόμενα
3515 2704 3604 2758 διά
3633 2706 3741 2761 “nim

2162 2778 2396 2848 μετρίων
2425 2780 2747 2852 προπέμψαι
2779 2784 2855 2853 τῷ
2883 2786 3120 2875 Χκριστῷ,
3154 2789 3247 2841 καὶ
3272 2789 3449 2856 οὕτως
3477 2797 3741 2868 ὲγκάρπῳ

2157 2870 2251 2922 καὶ
2281 2873 2734 2945 μεμεριμνημένῃ
2767 2870 3023 2948 μετανοίᾳ
3046 2877 3377 2941 ὲξιλεοῦσθαι
3406 2883 3498 2935 τὸν
3520 2889 3735 2957 κριτήν.

2161 2959 2234 3012 Τὸ
2286 2960 2462 3029 γῆρας
2496 2962 2796 3033 πάρεστιν,
2849 2966 2877 3016 6
2925 2967 3100 3036 κήρυξ
3132 2968 3229 3040 τὴν
3275 2970 3452 3036 ἔξοδον
3504 2975 3736 3047 ὲπιόοᾷδ

2174 3049 2481 3102 Ἀπόστολοι
2516 3052 2609 3104 καὶ
2656 3057 2932 3125 προφῆται
2972 3058 3065 3109 καὶ
3095 3059 3202 3120 πᾶς
3229 3059 3370 3123 θεῖος
3397 3060 3737 3131 διδάσκαλος,

2160 3142 2494 3228 μετανοεῖτε,
2527 3145 2737 3218 μεγάλῃ
2772 3148 3139 3217 παραγγέλλει
3175 3154 3347 3221 φωνῇ.
3388 3155 3502 3218 Πᾶς
3539 3157 3569 3207 ό
3598 3157 3742 3228 ἔχων

2154 3227 2247 3293 οὖς
2270 3232 2510 3297 ἀκούειν,
2533 3235 2821 3307 εὐτρέπιζε
2844 3238 2979 3309 πρὸς
3013 3239 3111 3310 τὴν
3142 3241 3315 3307 ἔξοδον
3340 3243 3403 3295 τὰ
3428 3244 3563 3314 ἔργα
3598 3265 3703 3301 σου
3722 3268 3741 3283 ο

2154 3323 2187 3392 ἡ
2222 3322 2329 3406 γὰρ
2363 3325 2543 3395 κρίσις
2570 3327 2737 3395 ἐγγὺς
2758 3329 2854 3381 καὶ
2881 3330 2973 3383 ἐπὶ
3006 3330 3198 3401 θύραις
3230 3333 3330 3385 ἰδοὺ
3359 3335 3386 3385 6
3416 3336 3631 3406 κριτής.

2152 3404 2258 3465 255
2329 3413 2524 3482 Πέρας
2557 3418 2761 3487 λόγου.

2226 3505 2443 3559 Πολλῶν
2476 3508 2569 3561 καὶ
2598 3509 2818 3576 ἀγαθῶν
2850 3512 2943 3565 καὶ
2983 3515 3162 3583 σοφῶν
3190 3514 3361 3584 λόγων
3386 3514 3494 3571 τῶν
3542 3522 3625 3584 είς
3663 3526 3743 3575 oi-

2153 3597 2385 3670 κοδομὴν
2414 3600 2593 3671 ψυχῆς
2623 3603 2718 3655 καὶ
2749 3606 3025 3676 σωτηρίαν
3052 3608 3157 3661 ὑπὸ
3186 3610 3280 3679 τῆς
3312 3612 3464 3681 ἱερᾶς
3489 3615 3583 3668 καὶ
3615 3617 3736 3671 θεο-

2151 3688 2312 3757 λόγου
2338 3690 2588 3761 γλώσσης
2621 3693 2946 3763 εἰρημένων,
2980 3696 3141 3750 τοῦτο
3182 3698 3359 3768 πέρας
3401 3702 3563 3769 λόγου
3604 3722 3739 3774 συγ-

2153 3780 2613 3851 κεφαλαιούμενος
2666 3786 2786 3846 ταῖς
2816 3786 2980 3840 αὐτοῦ
3014 3786 3259 3857 γνώμαις
3292 3791 3386 3842 καὶ
3427 3791 3736 3865 διαμαρτυ-

2155 3870 2297 3939 ρίαις
2328 3869 2497 3933 δεξιὸν
2528 3873 2622 3925 καὶ
2650 3874 2912 3944 σύντομον
2945 3877 3201 3947 ἐπέθηκε,
3245 3879 3429 3951 διττὴν
3464 3879 3603 3936 εἶναι
3647 3884 3739 3938 λέ-

2150 3977 2262 4027 γων
2293 3961 2390 4031 τὴν
2432 3963 2659 4033 ἄρνησιν
2688 3964 2846 4032 Θεοῦ,
2879 3968 2988 4038 ξτὴν
3021 3970 3118 4039 μὲν
3160 3972 3217 4022 ὲν
3258 3971 3422 4042 ἔργῳ,
3459 3976 3557 4045 τὴν
3589 3977 3649 4028 δὲ
3680 3980 3739 4030 ἐν

2149 4050 2311 4119 λόγῳ.
2351 4053 2536 4122 Ἐργῳ
2579 4054 2677 4123 μὲν
2719 4052 2810 4110 οὖν
2840 4057 3131 4129 ἐξήρνηται
3172 4061 3231 4113 τὸ
3273 4062 3425 4116 Θεῖον
3464 4066 3658 4138 ὥσπερ
3687 4072 3738 4122 οί

2150 4141 2290 4193 κατά
2316 4142 2405 4194 τὸν
2433 4143 2640 4214 ἄφρονα
2668 4147 2874 4201 ἐκεῖνον
2918 4151 3226 4221 ὑποκριταὶ,
3265 4155 3461 4220 οἵτινες
3492 4153 3649 4212 εἶπον
3679 4163 3739 4213 ἐν

2150 4231 2369 4302 καρδία,
2398 4235 2447 4286 εί
2473 4236 2563 4287 καὶ
2597 4236 2672 4307 μὴ
2701 4242 2765 4309 τῇ
2804 4240 3024 4313 γλώσσῃ
3053 4245 3281 4307 ἑαυτῶν,
3311 4246 3385 4317 μὴ
3415 4245 3552 4301 εἶναι
3574 4251 3737 4315 Θεὸν,

2153 4321 2272 4387 δι’,ὃ
2302 4324 2394 4376 καὶ
2420 4326 2786 4399 διεφθάρησαν
2813 4333 2907 4384 καὶ
2932 4334 2990 4385 ὲν
3016 4337 3264 4406 ἀνομίαις
3292 4339 3697 4412 ἐϐδελύχθησαν
3718 4360 3733 4374 ·

2152 4411 2297 4484 ἔργῳ
2349 4414 2447 4485 μὲν
2495 4417 2666 4482 οὓτως
2719 4422 2751 4490 ἡ
2802 4421 3030 4494 ἄρνησις
3075 4428 3421 4481 ἐπιτελεῖται.
3475 4432 3637 4501 Λόγῳ
3677 4434 3737 4485 δὲ

2153 4503 2315 4559 πάλιν
2360 4506 2439 4577 τῷ
2481 4508 2579 4578 τὴν
2606 4512 2968 4585 ἀποστολικὴν
3011 4517 3229 4588 διδαχὴν
3282 4521 3373 4571 καὶ
3414 4521 3521 4574 τῶν
3568 4523 3736 4577 θείων

2152 4592 2409 4665 Πατέρων
2450 4598 2548 4668 τὴν
2590 4600 2866 4671 θεολογίαν
2912 4607 3326 4676 ἀπαναίνεσθαι,
3363 4612 3395 4681 ἢ
3430 4613 3564 4679 πρὸς
3604 4614 3739 4666 Ἰου-

2150 4682 2341 4775 δαῖκὴν
2372 4687 2627 4743 ἀπιστίαν
2657 4694 3119 4766 ὑποφερομένους,
3158 4702 3189 4771 ἣ
3235 4704 3371 4774 πρὸς
3408 4704 3735 4775 Ἑλληνικὴν

2152 4774 2510 4841 ἀπονεύοντας
2566 4782 2849 4837 πολυθεῖαν
2894 4788 2989 4840 καὶ
3042 4791 3327 4857 ἀσέϐειαν,
3374 4794 3406 4864 ἢ
3454 4794 3589 4864 πρὸς
3644 4774 3734 4849 σί-

2153 4867 2373 4938 ρετικὴν
2422 4871 2695 4927 ἀπώλειαν
2735 4878 2827 4930 καὶ
2873 4878 3191 4936 δυσσέὸειαν
3240 4884 3733 4951 ὲξολισθαίνοντας.

2150 4956 2222 5009 Σὺ
2257 4955 2348 5013 οὖν
2387 4965 2718 5033 πανταχόθεν
2750 4969 2969 5023 σεαυτὸν
3004 4976 3371 5041 περισκοπῶν,
3407 4976 3482 5046 μὴ
3514 4977 3739 5049 κλαπῇς

2149 5045 2253 5098 ὑπὸ
2309 5048 2402 5101 τοῦ
2455 5052 2761 5121 Δυσμενοῦς
2814 5057 3096 5128 ἀοράτως,
3144 5064 3238 5115 καὶ
3296 5063 3382 5116 ἀεὶ
3435 5045 3740 5135 adeptam;

2146 5137 2518 5208 παλαίσμασιν
2564 5144 2962 5218 ἐνεδρεύοντας,
3007 5150 3101 5205 καὶ
3148 5152 3450 5218 διώκοντος,
3496 5155 3602 5208 καὶ
3657 5160 3740 5221 είς

2148 5227 2367 5297 βόθυνον
2399 5232 2508 5285 τῶν
2548 5236 2851 5305 εἰρημένων
2898 5241 3179 5311 ἀρνήσεων
3224 5243 3483 5314 θηρεῦσαί
3536 5263 3595 5298 σε
3640 5250 3739 5301 καὶ

2145 5319 2252 5370 ἀπο
2300 5317 2528 5393 [λέσαι]
2578 5327 2688 5396 (15)
2742 5328 2888 5400 πάσῃ
2947 5334 3337 5403 μηχανωμένου
3397 5337 3603 5409 σπουδῇ
3636 5381 3653 5405 ,
3707 5343 3738 5393 ὁ

2144 5411 2491 5479 ἀγαθώτατος
2518 5419 2705 5500 Πατὴρ
2733 5424 2990 5478 νουθετεῖ.
3019 5428 3257 5499 Πρόσεχε
3276 5425 3369 5482 οὖν
3391 5432 3598 5500 ἀμφοῖν
3624 5436 3736 5489 τῶν

2142 5504 2488 5564 ἀποστασιῶν
2522 5497 2834 5569 παντάπασι
2864 5517 3374 5577 ἀποδιαστέλλεσθαι
3411 5523 3506 5576 καὶ
3534 5524 3736 5599 apo?!-
