4030 6232
297 283 413 345 867

302 423 495 479 ματος,
520 406 678 477 λόγον
708 406 854 480 ζωῆς
892 408 1209 480 ἐπέχοντες
1254 403 1329 466 ὧν
1367 412 1623 468 οὐδέποτε
1665 419 1698 487 ἠ
1746 417 1879 487 θρυ-

300 500 455 565 αλλὶς
497 500 705 568 πίπτει,
759 501 881 555 οὐδὲ
915 504 942 556 6
983 502 1174 573 λύχνος
1206 505 1575 577 συντρίϐεται.
1614 508 1676 561 οὑ
1718 509 1890 564 δαπα-

300 592 462 644 νᾶται
508 589 569 643 τὸ
603 589 803 653 ἔλαιον,
838 592 871 661 ἡ
916 591 1109 663 λυχνία
1164 595 1223 647 οὐ
1259 596 1483 662 σείεται,
1524 597 1552 649 6
1586 601 1794 669 πυρσὸς
1825 601 1886 653 οὗ

300 682 665 753 μαραίνεταμ
714 682 908 753 ῥάϐδον
952 685 1010 738 δὲ
1057 686 1290 757 σταυρὸν
1336 689 1732 760 περιφέρουσι,
1792 690 1889 744 καὶ

298 774 487 846 πήραν
508 774 578 842 τὰ
608 773 937 844 Εὑαγγέλια,
976 777 1071 829 καὶ
1098 778 1198 849 τὴν
1226 778 1449 849 άγάπην
1472 778 1796 851 καλαύροπά
1829 798 1888 833 τε
1960 787 1965 791 ’

295 865 398 918 καὶ
427 865 683 937 σύριγγα,
716 867 775 920 ὲν
802 867 985 931 αὐτοῖς
1008 869 1069 922 τὸ
1096 868 1310 939 λογικὸν
1342 870 1591 942 ποίμνιον
1614 871 1709 925 τοῦ
1746 873 1885 945 Χρι-

298 956 434 1025 στοῦ
484 956 760 1029 νέμοντες.
813 958 1057 1015 Πύθεσθε
1103 957 1219 1026 οὖν,
1261 961 1604 1032 άξιάγαστοι,
1642 967 1769 1038 περὶ
1813 959 1889 1021 ὧν

292 1049 496 1120 ἧκατε,
537 1048 608 1102 τά
650 1048 770 1103 θεῖα
808 1050 1035 1105 ἐκείνων
1068 1053 1359 1125 σπέρματα
1410 1054 1562 1126 παρὰ
1602 1056 1701 1128 τῆς
1751 1058 1891 1129 ἐμῆς

294 1140 588 1206 ἀσθενείας
614 1142 925 1213 ἀμώμενοι.

292 1242 357 1295 et
387 1234 594 1304 lampas
637 1250 745 1288 non
792 1244 1123 1305 quassatur,
1187 1246 1243 1293 et
1283 1238 1502 1307 flamma
1550 1255 1661 1309 non
1714 1240 2121 1312 exstinguitur;
2166 1256 2295 1300 nam
2359 1256 2577 1317 crucem
2647 1250 2862 1312 gestant
2909 1259 3009 1315 pro
3047 1244 3219 1316 virga,
3276 1244 3572 1317 Evangelia
3680 1303 3688 1312 ,

1705 296 2054 360 DIALOGUS
2081 302 2124 358 I.

3470 305 3573 367 858

1988 421 2182 489 feram,
2210 423 2305 480 sed
2330 439 2671 497 quaecunque
2698 425 2974 481 clarorum
2992 423 3215 483 Patrum
3238 433 3392 499 prata
3413 443 3575 502 pera-

1985 532 2172 592 grans,
2207 517 2275 573 de
2297 518 2513 573 illorum
2542 527 2724 579 roseto
2749 519 2944 589 collegi
2968 538 2982 575 :
3010 533 3242 595 quorum
3269 536 3408 588 rosa:
3429 538 3570 593 aqua

1987 607 2155 681 latere
2178 607 2269 663 Dei
2296 623 2363 674 ac
2386 608 2571 677 Verbi,
2604 610 2695 680 qui
2725 625 2944 681 carnem
2975 611 3293 685 assumpsit,
3318 622 3574 677 manante

1984 698 2233 767 rigantur
2279 704 2337 773 et
2386 699 2455 753 ab
2492 698 2609 770 iugi
2664 700 2950 775 sanguinis
2993 695 3233 755 indidem
3271 700 3380 756 orti
3432 702 3572 770 rivo.

1986 786 2155 842 rubro
2197 788 2381 842 colore
2422 787 2727 859 tinguntur,
2776 798 3059 869 totumque
3102 791 3365 869 mundum
3415 794 3572 865 suavi

1986 877 2172 935 odoris
2203 878 2501 951 fragrantia
2533 881 2780 950 replent:
2809 866 2985 951 qui-ct
3016 866 3308 951 splendore
3339 900 3442 940 suo
3478 886 3574 938 lir-

1988 968 2245 1023 mamenti
2276 969 2566 1024 luminaria
2599 970 2844 1034 vincunt,
2876 980 2930 1026 et
2949 971 3072 1026 vita:
3099 987 3408 1028 sermonem
3439 990 3576 1048 con-

1988 1055 2198 1122 tinent,
2241 1071 2475 1127 quorum
2521 1057 2853 1128 ellychnium
2898 1076 3183 1130 nunquam
3238 1061 3477 1131 decidit,
3518 1071 3574 1119 et

1990 1149 2215 1205 lucerna
2245 1164 2357 1205 non
2384 1151 2797 1217 conuninuitur,
2826 1161 2879 1207 et
2904 1152 3083 1208 oleum
3106 1168 3214 1209 non
3243 1155 3570 1220 absumitur,

294 1342 402 1396 pro
432 1343 579 1398 pera,
633 1328 956 1385 cbaritatem
1007 1346 1106 1401 pro
1160 1333 1301 1402 pedo
1353 1349 1417 1390 ac
1468 1334 1683 1399 ﬁstula,
1715 1336 1915 1406 quibus
1945 1335 2202 1393 omnibus
2230 1335 2436 1392 Christi
2467 1352 2687 1408 gregem
2714 1336 2946 1393 rationis
2965 1337 3285 1408 participem
3317 1347 3578 1408 pascuut.‘

293 1419 689 1496 Quamobrem,
733 1423 834 1481 viri
871 1424 1087 1496 optimi,
1123 1427 1205 1482 sic
1235 1444 1298 1483 ea
1331 1430 1644 1501 proponite,
1682 1430 1755 1489 de,
1778 1431 1980 1501 quibus
2024 1442 2451 1504 percunctatum
2476 1433 2826 1510 accessistis,“
2878 1442 2939 1495 ut
2983 1434 3080 1509 qui
3124 1433 3312 1503 divina
3373 1434 3579 1508 horum‘

294 1515 511 1572 semina
540 1514 776 1571 messuri
805 1530 872 1570 ex
902 1532 1022 1582 me,
1070 1518 1293 1575 homine
1333 1523 1626 1592 caeteroqui
1663 1523 1779 1589 vili,
1812 1525 1958 1580 sitis.

908 1634 1159 1689 ΠΕΥΣΙΣ
1198 1637 1273 1690 B'.

384 1722 539 1779 Ἐπεὶ
567 1721 633 1792 δή
686 1742 841 1790 τινας
885 1726 1115 1796 ἀλόγους
1163 1729 1258 1783 καὶ
1307 1727 1665 1802 βλασφήμους
1694 1732 1881 1802 φωνὰς

292 1817 436 1891 παρ’
466 1815 622 1870 ἐνίων
649 1816 919 1889 ἀκούομεν
939 1860 955 1886 ,
992 1819 1119 1891 περὶ
1152 1818 1247 1874 τοῦ
1274 1818 1592 1892 μονογενοῦς
1625 1823 1758 1878 Υίοῦ
1783 1823 1880 1879 τοῦ

291 1904 438 1969 Θεοῦ
494 1907 588 1974 καὶ
641 1908 736 1962 τοῦ
770 1910 1088 1982 Πνεῦματος
1112 1952 1127 1974 ,
1183 1911 1482 1981 λεγόντων,
1520 1917 1740 1971 κτιστὸν
1781 1917 1882 1988 μὲν

289 1994 441 2066 εἶναι
472 2000 565 2063 τὸν
596 2001 731 2067 Υίὸν,
755 2002 945 2075 καὶτῷ
972 2004 1147 2077 Πατρὶ
1174 2006 1427 2077 ἀνόμοιον
1453 2022 1467 2036 ⁸
1487 2007 1550 2061 τὸ
1575 2008 1632 2062 δὲ
1656 2008 1882 2082 Πνεῦμα

287 2087 361 2151 ἐν
389 2087 666 2161 ὑπηρέτου
699 2093 794 2164 καὶ
824 2094 1122 2149 ἀποστόλου
1156 2095 1307 2163 τάξει
1338 2096 1594 2168 τετάχθαι
1614 2138 1628 2161 ,
1671 2100 1766 2154 καὶ
1799 2101 1880 2157 ιτι

289 2176 649 2260 ᾁλογωτέρας
677 2180 772 2234 καὶ
801 2182 1191 2260 ταπεινοτέρας
1227 2184 1326 2248 τὰς
1358 2186 1485 2259 περὶ
1511 2187 1692 2241 αὐτῶν
1722 2188 1884 2256 δόξας

288 2270 805 2342 διώαμόανόντωψ
843 2273 1103 2346 ἀξιοῦμέν
1142 2293 1236 2330 σου
1266 2278 1366 2349 τὴν
1399 2277 1712 2348 φιλότεκνον
1742 2282 1883 2350 άγά-

290 2378 412 2433 πην
438 2363 505 2416 δι’
538 2364 799 2436 ὲπιτόμου
830 2366 1060 2439 ῥηθῆναι
1093 2370 1228 2439 ἡμῖν
1260 2368 1336 2434 ὡς
1367 2369 1482 2441 ἔχει
1512 2371 1582 2425 τὰ
1613 2374 1742 2445 περὶ
1780 2375 1881 2446 τῆς

292 2453 452 2519 θείας
479 2456 571 2511 καὶ
592 2458 974 2539 προσκυνητῆς
1005 2459 1255 2535 Τριάόος.

905 2640 1266 2709 Ἀπόκρισις.

374 2725 551 2787 Πᾶσα
579 2726 753 2795 δόσις
798 2730 991 2800 ἀγαθὴ
1011 2772 1026 2793 .
1054 2731 1156 2787 καὶ
1204 2732 1328 2788 πᾶν
1374 2733 1617 2805 δώρημα
1650 2735 1884 2794 τέλειον

296 2819 535 2889 ᾅνωοέν
570 2822 700 2875 ἐστι
720 2862 736 2887 ,
778 2823 1140 2882 καταϐαῖνον
1185 2826 1303 2881 ἀπὸ
1349 2828 1458 2883 τοῦ
1496 2829 1727 2899 Πατρός
1764 2830 1884 2885 τῶν

295 2908 547 2991 φώτων.
594 2912 760 2982 φησὶν
803 2913 833 2965 6
878 2911 1019 2977 θεῖος
1060 2915 1337 2980 Ἰάκωϐος.
1377 2917 1519 2973 Ἀλλ’
1550 2921 1696 2987 ἐρεῖς
1741 2921 1886 2976 εἰκός

294 3018 444 3080 τως·
499 3002 674 3056 Ποίων
719 3004 826 3076 ἄρα
873 3004 1100 3075 φώτων;
1135 3008 1356 3078 Κυρίως
1398 3009 1498 3081 μὲν
1529 3009 1625 3069 καὶ
1656 3011 1887 3083 πρώτως

294 3092 556 3171 ᾁληθινόν
601 3094 718 3163 φῶς
766 3098 795 3150 6
827 3097 1018 3169 Πατὴρ
1046 3136 1063 3161 ,
1114 3098 1298 3164 καθώς
1344 3116 1510 3174 φησιν
1574 3104 1827 3177 Ἰωάννης
1858 3107 1887 3160 6

294 3183 583 3252 Θεολόγος⁸
612 3185 720 3238 Καὶ
747 3186 901 3250 αὕτη
928 3187 1103 3242 ἐστὶν
1142 3190 1181 3259 ἡ
1219 3189 1548 3261 ἐπαγγελία
1585 3191 1666 3261 ἣν
1702 3195 1888 3262 ἠκού-

295 3290 501 3345 σαμεν
522 3275 624 3329 ἀπ’
651 3276 859 3339 αὑτοῦ.
908 3276 1150 3349 δηλονότι
1177 3278 1272 3332 τοῦ
1294 3278 1449 3347 Υἰοῦ,
1475 3282 1573 3336 καὶ
1594 3283 1891 3354 ἀναγγέλτ

295 3371 494 3435 λομεν
518 3366 692 3438 ὑμῖν,
729 3368 818 3437 ὅτι
855 3372 889 3424 ό
932 3370 1077 3436 Θεὸς
1105 3369 1233 3441 φῶς
1285 3372 1493 3439 ἐστιν,
1527 3374 1626 3429 καί
1667 3378 1882 3430 σκοτία

298 3460 417 3526 ρὺκ
457 3458 631 3519 ἐστιν
660 3459 731 3513 ὲν
767 3458 930 3525 αὐτῷ
967 3459 1233 3531 οὐδεμία.
1269 3461 1388 3527 Φῶς
1424 3463 1483 3516 δὲ
1524 3464 1616 3529 καὶ
1661 3467 1689 3519 6
1727 3465 1887 3531 Υἱὸς,

298 3547 490 3625 καθὼς
518 3551 547 3603 6
574 3550 734 3615 αὑτός
760 3567 923 3623 φησιν
942 3567 957 3582 ⁸
988 3547 1099 3607 Ἦν
1126 3551 1237 3623 γὰρ
1264 3552 1331 3607 τὸ
1358 3552 1486 3623 φῶς
1508 3554 1574 3609 τὸ
1597 3555 1889 3624 ἀληθινὸν

301 3641 337 3694 ὃ
376 3640 610 3709 φωτίζει
662 3641 860 3696 πάντα
892 3626 1225 3721 ’ἄνθρωπον
1267 3644 1598 3714 ἐρχόμενον
1648 3648 1736 3713 εις
1782 3647 1890 3708 τὸν

302 3733 564 3801 κόσμον.
592 3732 734 3786 Αὐτὸ
784 3734 841 3787 δὲ
887 3733 948 3787 τὸ
976 3734 1140 3789 άῦ).ον
1177 3736 1272 3789 καὶ
1300 3735 1595 3808 άνύκτερον
1642 3736 1788 3806 φῶς,
1827 3738 1890 3799 τὸ

303 3825 492 3896 πάσης
521 3826 716 3896 νοερᾶς
741 3842 802 3879 τε
831 3827 927 3880 καὶ
963 3826 1187 3898 λογικῆς
1224 3826 1440 3897 φύσεως
1471 3828 1799 3896 φωτιστικδν
1832 3830 1889 3890 ὲν

304 3916 665 3995 ξέὒαγγελίοις
694 3917 888 3988 φησίν⁸
931 3916 1075 3988 Ἐγώ
1094 3920 1210 3988 ειμι
1236 3917 1303 3972 τὸ
1333 3917 1459 3988 φῶς
1488 3919 1598 3974 τοῦ
1632 3922 1887 3990 κόσμου.

302 4008 428 4072 Φῶς
459 4008 504 4061 δ’
526 4007 793 4080 ὑπάρχειν
824 4009 1004 4064 καὶτὸ
1027 4008 1170 4063 θεῖον
1198 4010 1337 4064 Πνεῦ
1347 4011 1423 4082 μά
1454 4029 1617 4084 φημι,
1652 4012 1891 4084 συνᾴδων

303 4100 387 4170 τῷ
425 4099 699 4172 θεσπεσίῳ
749 4100 950 4155 Δαϐίδ·
1010 4102 1108 4153 Ἐν
1153 4100 1231 4168 τῷ
1269 4103 1420 4170 φωτί
1460 4118 1578 4158 σου
1623 4104 1892 4173 ὀψόμεθα

305 4192 455 4265 φῶς.
515 4193 604 4245 Ἐν
634 4191 743 4263 γάρ
769 4192 846 4264 τῷ
875 4192 996 4264 Θεῷ
1025 4194 1119 4248 καὶ
1147 4195 1322 4267 Πατρὶ
1381 4194 1599 4267 ὁρῶμεν
1639 4196 1731 4250 τὸν
1766 4196 1894 4250 Υἱὸν

271 4287 402 4352 ,καὶ
439 4285 607 4339 θεόν·
645 4286 704 4339 ἐν
745 4285 801 4339 δὲ
838 4284 919 4357 τῷ
975 4284 1084 4357 Υίῷ
1108 4326 1124 4351 ,
1158 4287 1249 4340 τὸν
1287 4288 1535 4360 Πατέρα⁸
1583 4290 1643 4342 ἐν
1688 4290 1893 4360 ἀμφοῖν

307 4360 365 4443 δὲ
385 4418 401 4439 ,
439 4377 502 4430 τὸ
530 4374 756 4450 ῌνεῦμα
779 4418 792 4439 ,
821 4375 1005 4440 καθώς
1038 4394 1201 4448 φησιν
1228 4380 1257 4431 ό
1286 4378 1413 4441 Υἱὸς
1440 4417 1455 4441 .
1496 4379 1560 4431 '0
1594 4378 1796 4448 Πατὴρ
1821 4380 1892 4434 ἐν

307 4469 471 4539 ἐμοὶ,
499 4456 659 4541 κάγὼ
783 4467 862 4536 τῷ
888 4470 1074 4536 Πατρί
1096 4484 1109 4498 ⁸
1156 4469 1252 4523 καὶ
1277 4510 1291 4533 ,
1345 4471 1399 4522 '0
1445 4471 1717 4539 ἑωρακὼς
1763 4472 1889 4541 ἐμὲ,

308 4562 533 4630 ἑώρακε
559 4548 668 4616 τὸν
705 4564 955 4631 Πατέρα.
998 4561 1134 4635 Περὶ
1174 4561 1232 4615 δὲ
1261 4560 1355 4615 τοῦ
1389 4561 1706 4632 Πνεὺματός
1736 4580 1889 4634 φησι,

315 4656 387 4725 T6
417 4652 663 4723 Πνεῦμα
701 4653 811 4722 τῆς
852 4653 1172 4720 ἀληθείας.
1211 4652 1278 4706 τὸ
1326 4653 1394 4715 ἐκ
1441 4654 1670 4721 Πατριὲς
1709 4653 1894 4707 ἐκπο-

304 4749 659 4817 ρευόμενον.
704 4745 793 4798 Ἐν
823 4744 963 4817 φωτὶ
982 4740 1076 4799 οῦν
1107 4743 1182 4817 τῷ
1215 4744 1429 4817 lla-:91,
1461 4744 1577 4814 φῶς
1606 4743 1697 4797 τὸν
1724 4743 1891 4797 αὐτοῦ

314 4838 485 4891 Παῖὂα
514 4837 609 4890 καὶ
642 4836 814 4906 Λόγον
841 4837 1056 4910 ὁρῶμεν
1075 4852 1089 4867 ⁸
1117 4837 1210 4901 καὶ
1234 4837 1293 4890 ὲν
1327 4837 1466 4907 φωτὶ
1492 4835 1569 4907 τῷ
1598 4834 1713 4907 Υἱῷ
1732 4875 1746 4897 ,
1777 4835 1894 4905 φῶς

311 4927 374 4980 τὸ
418 4925 645 4999 Πνεῦμα
689 4926 926 4998 ὁρῶμεν.
970 4925 1211 4991 Εἰκότως
1257 4922 1351 4980 οὖν
1382 4926 1609 4980 νοείσθω
1634 4968 1648 4993 ,
1677 4926 1801 4997 τρία
1836 4929 1894 4980 ὲν

317 5018 569 5089 ἀλλήλοις
610 5018 765 5088 φῶτα
785 5060 799 5085 ,
831 5016 1242 5081 άσυναλείπτως
1272 5019 1367 5071 καὶ
1397 5017 1717 5090 ἀχωρίστως
1755 5019 1897 5089 ἠνω-

321 5111 475 5181 μέγα.
524 5109 665 5164 Ἀλλ’
712 5090 874 5181 όμὲν
918 5094 1010 5163 ἐπὶ
1047 5108 1264 5163 πάντων
1298 5109 1467 5176 Θεὸς,
1507 5109 1601 5165 καὶ
1650 5108 1839 5180 Πατὴρ
1866 5112 1896 5164 6

317 5201 714 5272 παντοκράτωρ
745 5200 805 5253 οὐ
839 5199 1099 5270 γεννητὸς
1120 5240 1135 5263 ,
1184 5199 1285 5252 οὐκ
1340 5198 1579 5260 αἰτιατὺς
1616 5197 1852 5268 ὑπάρχει
1876 5212 1890 5229 ⁸

258 5352 274 5367 ο
318 5294 597 5365 γεννήτωρ
631 5292 687 5345 δὲ
741 5293 836 5346 καὶ
864 5291 1034 5353 αἴτιος
1070 5290 1165 5344 τοῦ
1213 5290 1344 5345 Υίοῦ
1379 5289 1572 5354 αὑτοῦ,
1616 5289 1691 5352 ὡς
1743 5288 1894 5361 πηγὴ

323 5383 603 5455 ποταμοῦ,
657 5383 734 5449 ὡς
779 5386 996 5450 ἀκτῖνος
1036 5383 1188 5456 ἥλιος
1216 5424 1231 5447 ,
1280 5384 1355 5448 ὡς
1400 5383 1595 5453 φλογὸς
1632 5384 1693 5436 τὸ
1742 5382 1853 5455 πῦρ
1876 5399 1890 5415 ⁸

320 5475 468 5528 αἰτία
493 5474 624 5545 μὲν.
659 5476 721 5528 οὐ
761 5476 1164 5547 προγενεστέρα
1200 5475 1275 5529 δέ.
1328 5474 1560 5545 Ὁμοίως
1606 5473 1700 5528 καὶ
1721 5474 1790 5528 τὰ
1836 5473 1897 5539 ἐξ

323 5566 675 5621 abstinuistis
711 5566 831 5638 μὲν,
868 5567 931 5620 οὐ
975 5566 1412 5639 μεταγενέστερα
1448 5565 1540 5618 δέ·
1599 5564 1773 5630 οὕτως
1802 5566 1896 5620 καὶ

2470 1635 2992 1694 lNT-ERROGATIO
3028 1637 3095 1715 ll.

2057 1726 2287 1793 Quando
2317 1727 2483 1798 igitur
2522 1744 2590 1784 ex
2632 1732 2914 1787 nonnullis
2953 1745 3121 1786 voces
3155 1730 3421 1801 quasdam
3468 1731 3569 1790 ah-

1988 1817 2276 1873 borreutes
2327 1833 2356 1870 a
2396 1819 2607 1873 ratione
2648 1827 2703 1874 et
2743 1822 3112 1878 essecramlas
3156 1821 3430 1888 audimus,
3474 1823 3567 1892 qui

1984 1912 2040 1959 et
2060 1904 2128 1960 de
2150 1904 2382 1975 unigena
2405 1904 2498 1960 Dei
2522 1902 2660 1961 Filio
2680 1916 2734 1962 et
2749 1906 2816 1962 de
2843 1907 3051 1979 Spiritu
3077 1892 3271 1966 sancto
3294 1902 3570 1979 asserunt,

1987 1995 2139 2050 illum
2174 1993 2392 2065 quidem
2434 2004 2701 2064 creatum,
2734 1998 2991 2071 Patrique
3026 2002 3379 2059 dissimilem:
3424 2002 3572 2061 hunc

1987 2103 2117 2143 vero
2161 2087 2400 2143 ministri
2452 2088 2573 2144 loco
2623 2104 2690 2145 ac
2736 2090 3053 2148 conditione
3083 2107 3240 2158 esse,
3275 2094 3571 2159 nonnullas

1986 2179 2152 2234 etiam
2203 2179 2290 2235 liis
2334 2179 2689 2238 absurdiorcs
2738 2182 3174 2253 alijectioresque
3214 2184 3282 2241 de
3334 2194 3583 2259 utroque.

1988 2271 2283 2326 commenti
2325 2271 2654 2344 opiniones:
2688 2288 2782 2344 per
2808 2289 2929 2329 eam
2963 2283 3016 2331 te
3045 2277 3370 2333 cliaritatom
3418 2278 3573 2339 obses

1987 2376 2227 2427 eramus,
2262 2378 2371 2433 qua
2415 2376 2518 2420 nos
2558 2372 2618 2419 ut
2664 2366 2870 2422 liberos
2915 2377 3036 2423 tuos
3069 2369 3473 2439 complecteris,
3510 2377 3571 2423 ut

1986 2453 2118 2523 quid
2168 2456 2235 2509 de
2281 2456 2465 2510 divina
2498 2464 2554 2511 et
2593 2457 2871 2512 adoranda
2903 2458 3171 2515 Trinitate
3212 2460 3283 2515 sit
3323 2469 3577 2528 statueug

1952 2544 2142 2610 sdum,
2175 2544 2414 2601 breviter
2444 2545 2607 2600 nobis
2637 2561 2903 2615 exponas.

2624 2637 2933 2709 Responsio.

2060 2724 2228 2782 Omne
2273 2730 2464 2783 bonum
2501 2729 2720 2797 donum,
2753 2746 2942 2784 munus
2986 2745 3137 2783 onine
3175 2728 3460 2799 perfectum
3504 2730 3568 2801 ile

1987 2819 2227 2887 supernis
2258 2821 2450 2883 oritur,
2472 2830 2522 2875 et
2551 2838 2583 2875 a
2608 2822 2865 2875 luntinum
2885 2818 3049 2875 Patre
3062 2821 3351 2885 descendit,
3375 2838 3569 2893 quem-

1987 2909 2280 2977 admodum
2333 2911 2551 2968 divinus
2600 2913 2682 2967 vir
2722 2911 2964 2968 Iacobus
3019 2906 3198 2984 inquit
3229 2914 3294 2967 ".
3327 2915 3393 2968 At
3431 2930 3555 2984 qua-

1989 2998 2295 3063 liumnam,
2356 3017 2463 3056 non
2524 3001 2795 3057 immerito
2847 3003 3205 3074 quimsireris,
3268 3003 3572 3060 luminum?

1986 3089 2257 3147 Nimirum
2290 3101 2344 3148 et
2372 3095 2671 3165 proprium.
2706 3102 2757 3149 et
2783 3098 3057 3166 princeps,
3084 3106 3139 3151 et
3164 3112 3351 3152 verum
3386 3099 3570 3152 lumen

1987 3190 2072 3242 est
2106 3183 2222 3254 ipse
2252 3182 2431 3249 Pater,
2456 3185 2597 3241 sicut
2619 3184 2858 3241 Joannes
2889 3186 2978 3241 ille
2998 3197 3364 3257 cognomento
3394 3186 3574 3243 Theo-

1987 3274 2145 3347 logus
2169 3275 2252 3331 his
2274 3277 2450 3332 verbis
2478 3277 2730 3347 scripsit:
2772 3276 2903 3331 lIwc
2934 3288 3013 3332 est
3059 3279 3157 3332 illa
3192 3281 3569 3344 annunlintio,

1987 3383 2150 3437 quam
2168 3380 2368 3425 nosmet
2391 3383 2457 3422 ea:
2479 3370 2614 3438 ipso,
2647 3367 2783 3422 Filio
2808 3370 3037 3434 scilicet,
3057 3370 3377 3437 audivimus,
3402 3371 3571 3425 Deum

1987 3474 2097 3517 esse
2124 3459 2320 3524 lumen,
2345 3467 2396 3512 et
2412 3459 2690 3529 caliginem
2714 3458 2769 3511 in
2786 3459 2900 3526 ipso
2914 3459 3118 3513 nullam
3148 3461 3331 3514 esse“.
3367 3459 3573 3516 Deinde

1988 3548 2160 3604 Filius
2201 3565 2420 3620 quoque
2463 3550 2646 3604 lumen
2667 3558 2773 3611 est,
2806 3551 2951 3604 sicut
2980 3551 3120 3605 idem
3163 3549 3405 3606 Joannes
3448 3554 3567 3608 ait:

1991 3638 2124 3692 Erat
2152 3639 2197 3693 is
2233 3639 2408 3694 lumen
2439 3655 2639 3704 verum,
2675 3639 2815 3709 quod
2847 3643 3131 3695 venientem
3162 3644 3215 3696 in
3246 3644 3383 3697 hunc
3413 3660 3571 3698 mun-

1988 3727 2115 3782 dum
2136 3745 2341 3783 onmem
2364 3730 2624 3783 hominem
2646 3729 2916 3785 illuminat
2934 3731 2997 3785 “.
3017 3729 3158 3796 Quin
3187 3741 3239 3785 et
3262 3732 3440 3802 ipsum
3468 3732 3573 3789 lztfc

1992 3821 2061 3875 ab
2081 3821 2227 3875 omni
2252 3834 2439 3875 crassa
2467 3820 2693 3875 materie
2709 3820 3047 3891 caligineque
3068 3830 3336 3876 secretqu
3364 3824 3568 3886 lumen,

1990 3911 2134 3981 quod
2191 3926 2407 3966 omnem
2462 3922 2712 3965 naturam
2766 3912 3118 3982 intelligentia
3177 3913 3461 3983 praeditam
3506 3928 3572 3968 ac

1993 4005 2222 4069 rationis
2243 4005 2559 4076 participem
2584 4005 2881 4071 illuminat,
2928 4006 2982 4059 in
3008 4005 3313 4077 Evangeliis
3363 4006 3566 4077 inquit:

1995 4094 2106 4167 Ego
2144 4112 2261 4150 sum
2298 4097 2482 4150 mundi
2519 4096 2767 4151 tanien".
2799 4094 3060 4150 Sanctum
3089 4098 3251 4151 etiam
3308 4098 3571 4167 Spiritum

1998 4189 2181 4243 lumen
2230 4203 2384 4252 esse,
2441 4188 2631 4243 divino
2680 4187 2866 4242 Davidi
2917 4190 3225 4243 assentiens
3288 4188 3377 4257 ajo
3423 4206 3437 4241 :
3503 4187 3572 4243 In

1994 4281 2210 4345 lumine,
2237 4281 2334 4344 ait,
2380 4293 2470 4334 tuo
2496 4276 2670 4336 lunien
2704 4281 3068 4336 videbimus“.
3117 4279 3251 4334 Nam
3284 4284 3336 4334 in
3376 4279 3482 4335 Deo
3507 4295 3572 4336 ac

1993 4370 2154 4425 Patre
2176 4370 2372 4425 Filium
2405 4380 2460 4428 et
2493 4373 2668 4443 ipsum
2690 4374 2879 4438 Deum,
2903 4386 3063 4441 atque
3093 4376 3147 4429 in
3168 4373 3304 4428 Filio
3330 4373 3569 4441 Patrem,

1994 4464 2255 4535 Spiritum
2312 4475 2493 4519 autem
2550 4464 2604 4519 in
2668 4476 2903 4537 utroque
2960 4466 3255 4529 cernimus,
3308 4464 3572 4534 quemad-

1995 4556 2211 4610 modum
2235 4555 2405 4611 Filius
2432 4557 2506 4610 ait
2531 4575 2543 4610 :
2581 4556 2742 4611 Pater
2764 4557 2915 4611 inme
2936 4566 3033 4618 est,
3055 4566 3102 4610 et
3125 4572 3219 4627 ego
3242 4558 3294 4614 in
3322 4556 3482 4609 Patre
3502 4555 3568 4608 ⁸³.

1995 4647 2100 4712 Qui
2163 4648 2291 4702 vidit
2338 4665 2450 4713 me,
2487 4645 2701 4703 Patrem
2730 4648 2876 4702 vidit.
2932 4647 3007 4702 De
3073 4649 3276 4718 Spiritu
3319 4663 3447 4700 vero
3493 4646 3573 4700 iu-

1994 4740 2113 4811 quit
2147 4759 2160 4795 :
2189 4740 2419 4810 Spiritus
2474 4743 2731 4806 veritatis,
2777 4742 2867 4810 qui
2917 4741 2981 4795 de
3030 4741 3190 4795 Patre
3239 4739 3568 4810 procedit".

1993 4831 2183 4903 Itaque
2242 4833 2295 4886 in
2344 4832 2563 4893 lumine,
2615 4830 2758 4902 quod
2809 4840 2893 4886 est
2930 4830 3107 4895 Pater,
3165 4832 3344 4885 lumen
3399 4830 3571 4895 aliud,

1994 4923 2251 4977 nimirum
2281 4923 2451 4991 ipsius
2486 4920 2721 4977 Verbum
2765 4937 2837 4977 ac
2858 4921 3054 4977 Filium
3088 4923 3390 4985 cernimus.
3416 4932 3469 4996 et
3515 4926 3571 4979 iu

1996 5014 2201 5069 lumine
2232 5013 2377 5084 quod
2416 5023 2498 5069 est
2526 5013 2718 5078 Filius,
2756 5016 2936 5069 lumen
2987 5015 3250 5085 Spiritum
3300 5015 3567 5071 ridemus.

1996 5106 2358 5172 Quamobrem
2433 5107 2642 5163 ratione
2687 5116 3056 5163 consentanea
3116 5111 3217 5164 tria
3271 5110 3325 5164 in
3374 5110 3572 5179 scipsis

1996 5199 2202 5253 lumina
2256 5198 2649 5268 intelligantur,
2712 5199 2861 5254 omni
2914 5200 3034 5257 sine
3087 5211 3195 5256 tam
3250 5202 3576 5258 confusione

1995 5304 2158 5362 quam
2200 5291 2543 5361 separatione
2571 5292 2745 5346 unita.
2803 5291 2967 5349 Extra
3010 5312 3171 5366 quam
3212 5293 3355 5364 quod
3392 5292 3574 5346 omni-

1997 5389 2191 5453 potens
2219 5380 2307 5436 ille
2352 5379 2493 5437 Deus
2528 5395 2591 5435 ac
2620 5379 2801 5449 Pater,
2836 5386 2928 5455 qui
2977 5402 3143 5456 supra
3178 5383 3433 5439 universa
3464 5392 3573 5450 est,

1998 5488 2106 5528 non
2133 5480 2217 5528 est
2244 5473 2476 5543 genitus,
2502 5488 2610 5528 non
2634 5484 2791 5531 ortus
2814 5477 2883 5531 ab
2908 5478 3035 5539 alio,
3070 5487 3325 5545 tanquam
3356 5490 3523 5530 causa
3553 5493 3572 5533 :

2004 5564 2217 5634 genitor
2250 5572 2429 5619 autem
2461 5572 2515 5619 et
2550 5580 2717 5621 causa
2744 5566 2918 5637 ipsius
2954 5566 3075 5622 Filii
3114 5568 3256 5623 sicut
3304 5566 3427 5623 lotis
3474 5566 3576 5623 llu-

394 5695 436 5768 '_°
467 5694 581 5750 Jac.
613 5712 651 5759 ι,
680 5697 769 5768 17.
846 5698 888 5731 ⁸⁸
923 5698 941 5753 Ι
971 5696 1126 5754 Joau.
1162 5716 1199 5768 ι,
1226 5699 1279 5755 5.
1362 5699 1403 5730 ¹¹
1437 5694 1596 5752 Joau.
1628 5714 1664 5761 I,
1696 5696 1749 5752 9.
1832 5696 1871 5729 ’³
1901 5694 2053 5751 .loan.
2083 5711 2199 5761 vm,
2241 5695 2321 5751 l2.
2404 5696 2445 5728 “
2478 5694 2622 5752 Psal.
2654 5712 2816 5763 xxxv,
2852 5696 2918 5751 l0
3020 5696 3061 5728 ”
3090 5693 3243 5751 Joan.
3279 5712 3388 5766 τιν,
3414 5696 3567 5761 9,ίο.

327 5763 368 5811 υ
391 5762 553 5833 Joan.
584 5782 672 5835 xv,
704 5766 794 5822 26.
