4030 6232
304 297 407 356 8M

304 410 407 465 καὶ
464 408 794 481 πρόσταγμα
823 425 839 441 ο
922 410 1072 463 πᾶσα
1134 409 1321 481 ἑνότης
1398 412 1494 466 καὶ
1562 413 1744 481 ἰσότης
1801 412 1897 465 καὶ

302 499 576 569 ταὺτότης
603 500 662 553 ὲν
689 498 912 570 Τριάδι,
943 498 1084 570 πλὴν
1109 499 1439 570 ἀγεννησίας
1462 502 1555 555 καὶ
1582 506 1894 573 γεννήσεως

305 593 406 648 καὶ
424 591 823 664 ἐκπορεύσεως,
847 592 1082 665 ἑκάστης
1099 594 1448 657 ὑποστάσεως
1474 594 1783 661 ἰδιαζόντως
1804 595 1897 649 οὗ·

309 704 414 757 σης
443 687 538 738 καὶ
569 685 855 755 ἐσομένης,
899 685 1000 738 οὑκ
1036 683 1370 758 ἀρξαμένης,
1418 687 1480 738 οὑ
1510 688 1892 760 παυσαμένης,

304 775 423 830 ἀλλ’
439 776 526 829 ἀεὶ
549 774 810 838 ὡσαύτως
832 774 1061 846 ἐχούσης
1084 776 1177 829 καὶ
1199 776 1582 848 ἀμεταϐλήτου
1600 778 1890 850 μενούσης.

318 867 437 920 ’Δεὶ
463 867 570 939 γὰρ
610 862 857 937 ὑπῆρχεν
884 867 912 919 6
937 866 1069 929 Θεὸς
1098 866 1190 920 καὶ
1221 868 1439 938 Πατήρ·
1482 869 1570 922 ἀεὶ
1597 867 1675 921 ὣν
1704 869 1881 938 Πατὴρ

304 958 507 1023 Παιδὸς
549 957 892 1029 μονογενοῦς,
931 957 1101 1028 αὐδῆς
1132 958 1520 1025 ἐνυποστάτου,
1547 961 1725 1014 πάντα
1751 960 1892 1032 δρω-

305 1068 433 1123 σης,
473 1051 557 1105 ἀεὶ
598 1050 848 1117 ξυνόντος
905 1051 1087 1115 αὑτοῖς
1117 1051 1211 1104 τοῦ
1243 1050 1387 1104 θείου
1429 1051 1765 1123 Πνεὺματος,
1798 1053 1893 1107 καὶ

304 1142 902 1215 συμπροσκυνουμένου
938 1142 1089 1214 παρά
1122 1143 1302 1215 πάσης
1340 1145 1533 1215 νοερᾶς
1575 1162 1633 1199 τε
1681 1146 1775 1198 κα)⁸
1804 1145 1893 1199 λο-

302 1239 472 1308 γικῆς
499 1235 736 1305 φύσεως.
789 1237 865 1291 Οὑ
905 1237 1167 1309 πρόγονός
1193 1255 1277 1303 τις
1309 1238 1367 1304 ἐξ
1411 1239 1592 1292 αὑτῶν
1628 1240 1737 1293 οὐδ’
1767 1240 1889 1293 ἐπί-

301 1345 486 1397 γονος,
524 1327 627 1381 οὑκ
659 1326 858 1393 αὔξων,
902 1329 963 1383 οὑ
991 1328 1175 1399 λήγων
1206 1330 1347 1383 κατά
1374 1330 1433 1383 τὸ
1466 1331 1724 1402 αἰσθητὸν
1752 1331 1886 1399 φῶς,

301 1420 339 1491 ἦ
370 1420 469 1479 τὰς
491 1419 893 1492 ὑπερκοσμίους
929 1420 1219 1490 δυνάμεις·
1259 1421 1316 1473 αί
1350 1421 1541 1475 ταὺτὸν
1577 1422 1673 1494 μὲν
1698 1426 1765 1494 τῇ
1794 1423 1890 1476 οὑ-

305 1512 401 1584 σίᾳ
438 1514 609 1565 πᾶσαι
653 1511 995 1582 ὑπάρχουσαι
1030 1511 1250 1583 (ὁμοίως
1295 1514 1390 1567 καὶ
1429 1515 1483 1567 αἱ
1510 1514 1726 1582 λογικαὶ
1765 1515 1891 1586 βρο-

301 1606 415 1659 τῶν
440 1605 631 1676 ψυχαὶ,
679 1604 875 1658 ταὺτδν
916 1604 1258 1675 ὑπάρχουσαι
1288 1607 1355 1676 τῇ
1388 1606 1547 1678 οὑσία
1576 1607 1792 1677 πᾶσαι),
1832 1607 1888 1660 αί

304 1695 413 1766 μὲν
443 1694 772 1764 τυγχάνουσι
794 1692 964 1759 τάξει,
1000 1695 1057 1747 αί
1090 1694 1147 1747 δὲ
1179 1694 1388 1760 στάσει,
1417 1694 1602 1766 ἕτεραι
1626 1696 1683 1750 δὲ
1710 1713 1892 1768 παρα-

303 1785 498 1840 στάσει
553 1787 647 1840 καὶ
694 1784 1005 1858 λειτουργίᾳ
1029 1826 1047 1851 ,
1097 1784 1378 1851 ἐπιϐολαῖς
1420 1787 1517 1840 καὶ
1567 1788 1892 1858 μεταϐολαῖς

302 1881 403 1934 καὶ
429 1881 815 1951 μετατροπαῖς,
850 1876 1188 1950 αὐθαιρέτως
1212 1879 1347 1952 πρὸς
1368 1879 1429 1933 τὸ
1447 1882 1627 1950 χεῖρον
1654 1880 1687 1953 ἦ
1719 1884 1895 1952 κρεῖτ-

298 1988 402 2025 τον
448 1970 732 2044 ρέπουσαι,
769 1970 870 2024 οὑκ
911 1969 1130 2044 ἀνάγκῃ
1169 1970 1226 2024 δὲ
1272 1972 1476 2042 φυσικῇ
1527 1970 1892 2025 ἐκπίπτουσαι

302 2064 451 2116 κατὰ
490 2061 551 2117 τὸ
598 2060 783 2134 μεῖζον
817 2064 911 2117 καὶ
942 2057 1138 2135 ἥττον’
1174 2064 1233 2116 ὲν
1271 2062 1482 2126 τούτοις
1530 2063 1592 2116 τὸ
1635 2063 1892 2136 διάφορον

301 2152 530 2222 ἔχουσαι
560 2151 661 2222 τῆς
720 2152 1016 2223 ὑπεροχῆς.
1078 2152 1198 2216 Φῶς
1235 2152 1293 2206 δὲ
1337 2153 1428 2206 καὶ
1451 2155 1479 2207 6
1504 2153 1694 2225 βροτὸς
1727 2172 1893 2227 προσ-

301 2243 627 2313 αγορεὺεται
646 2283 661 2309 ,
710 2245 824 2314 φῶς
853 2245 943 2299 καὶ
968 2246 995 2298 6
1018 2244 1168 2316 ἥλιος
1193 2246 1287 2298 καὶ⁵
1315 2247 1347 2317 ή
1381 2245 1577 2318 σελήνη
1613 2248 1887 2302 καλεῖται’

303 2337 428 2406 9(7);
474 2339 569 2391 καὶ
607 2339 640 2408 ἡ
684 2337 902 2409 ποικίλη
953 2337 1062 2391 τῶν
1088 2338 1305 2407 ἄστρων
1343 2339 1535 2411 χορεία
1566 2342 1892 2411 κατωνόμα-

304 2443 454 2481 σται.
506 2426 664 2479 Ἀλλά
682 2426 791 2481 τῶν
813 2426 1116 2498 εἰρημένων
1139 2428 1407 2482 πλείστων
1429 2428 1628 2482 ὑλικῶν
1660 2430 1750 2483 καὶ
1778 2429 1893 2483 δια-

303 2518 493 2589 φόρων
525 2517 739 2586 φώτων,
786 2519 1108 2591 πολυμερῶς
1152 2523 1247 2575 καὶ
1273 2521 1629 2591 πολυτρόπως
1662 2520 1891 2592 ποιητὴς

302 2613 405 2665 καὶ
431 2610 763 2681 δημιουργὸς
801 2611 1036 2682 ὑπάρχει
1067 2612 1130 2665 τὸ
1163 2612 1416 2683 ἀληθινὸν
1443 2612 1536 2665 καὶ
1562 2612 1725 2666 ἄῦλον
1754 2612 1889 2679 φῶς,

301 2702 337 2756 6
385 2703 480 2756 ἐπὶ
523 2702 742 2757 πάντων
777 2701 910 2767 Θεὸς
954 2703 1047 2756 καὶ
1091 2704 1302 2774 Πατὴρ,
1352 2705 1452 2757 σὺν
1492 2702 1568 2774 τῷ
1614 2704 1894 2775 μονογενεί

303 2794 477 2850 αὑτοῦ
504 2794 660 2848 Παιδί
680 2794 772 2849 καὶ
798 2794 929 2866 θείῳ
950 2793 1225 2865 Πνεὺματι
1241 2812 1254 2824 ·
1283 2796 1312 2848 6
1334 2794 1645 2866 ἀσώματος,
1675 2796 1703 2848 6
1723 2794 1891 2865 ἀόρα-

303 2904 422 2951 τος,
463 2888 492 2941 6
518 2884 839 2958 ὑπεροὺσιος
865 2886 960 2939 καὶ
982 2886 1425 2956 ὑπεράγνωστος,
1456 2886 1484 2938 6
1508 2883 1601 2937 τοῦ
1637 2884 1734 2956 μὲν
1756 2882 1888 2937 Υἱοῦ

304 2979 612 3051 γεννήτωρ,
645 2977 739 3032 τοῦ
770 2978 828 3031 δὲ
850 2976 1166 3047 Πνεὺματος
1197 2977 1515 3050 προϐολεῦς,
1555 2977 1699 3031 κατά
1730 2976 1891 3046 φύσιν

303 3068 554 3139 ἀφάτως,
579 3068 845 3141 ἀχρόνως,
877 3067 983 3139 πρὸ
1007 3067 1113 3121 τῶν
1138 3066 1350 3123 αἰώνων
1368 3086 1381 3101 ο
1412 3068 1472 3121 οὑ
1494 3068 1605 3139 γὰρ
1628 3067 1891 3140 πρόγονον

302 3162 340 3233 ἢ
390 3161 662 3230 ὲπίγονον,
697 3162 759 3215 οὑ
806 3163 1162 3233 προϋπάρχον
1203 3162 1236 3232 ἦ
1278 3160 1603 3214 ὲπείσακτόν
1645 3179 1698 3214 τι
1744 3161 1889 3231 ὲντῇ

304 3254 433 3325 θείᾳ
457 3252 671 3325 Τριάδι.
704 3252 765 3305 οὑ
812 3250 1157 3323 προαιιὶωιον,
1199 3253 1259 3305 οὑ
1293 3250 1570 3320 τήμερον,
1616 3252 1716 3305 οὑκ
1758 3250 1893 3305 ἐπέ-

305 3362 503 3400 κεινα.
546 3344 685 3415 Τρία
726 3344 834 3415 γάρ
873 3343 1108 3413 ὑπάρχει
1149 3343 1254 3406 ἀεὶ,
1299 3343 1429 3415 τρία
1469 3342 1719 3410 συνάγια,
1766 3340 1894 3412 τρία

304 3436 644 3507 ξυνάναρχα,
685 3435 813 3507 τρία
850 3434 1166 3506 ἐμπρακτα,
1211 3432 1337 3505 τρία
1367 3433 1722 3505 σὺμπρακτα,
1766 3431 1894 3503 τρία

306 3530 594 3600 ἐμμορφα,
609 3527 739 3600 τρία
760 3526 1080 3598 σύμμορφι..,
1095 3525 1223 3598 τρία
1244 3525 1459 3597 ἐνεργὰ,
1482 3524 1607 3596 τρία
1634 3541 1755 3578 συνε
1766 3525 1890 3594 ργὰ,

304 3617 437 3688 τρία
470 3616 834 3681 ὲνυπόστατα,
872 3615 1001 3687 τρία
1042 3615 1440 3679 συνυπόστατα,
1464 3615 1526 3667 οὑ
1560 3614 1893 3685 μεταϐαλλό-

311 3727 455 3782 μενα
501 3711 598 3765 καὶ
636 3707 1077 3782 μεταχωροῦντα,
1123 3709 1158 3779 ἦ
1205 3708 1510 3779 μιγνύμενα
1547 3709 1627 3771 είς
1667 3706 1891 3777 ἄλληλα.

320 3806 438 3859 Ἀεὶ
470 3805 579 3876 γὰρ
605 3807 634 3859 6
661 3805 871 3876 Πατὴρ,
906 3804 999 3859 καὶ
1029 3804 1187 3876 μόνον
1211 3802 1421 3875 Πατὴρ,
1449 3802 1570 3873 οὑχὶ
1603 3804 1697 3855 καὶ
1725 3801 1853 3865 Υἱός
1875 3816 1892 3833 ·

308 3897 399 3951 ἀεὶ
424 3897 551 3961 Tib;
573 3899 601 3951 6
622 3897 769 3962 Υἱὸς,
796 3898 890 3950 καὶ
917 3897 1077 3967 μόνον
1093 3895 1221 3959 Υἱός
1239 3912 1252 3926 ·
1279 3895 1398 3966 οὑχὶ
1420 3894 1475 3948 δὲ
1506 3896 1601 3947 καὶ
1629 3896 1657 3947 6
1680 3895 1829 3964 Πατή
1839 3911 1890 3965 ρ.

322 3988 558 4060 Ὧμοίως
585 3988 642 4043 δὲ
683 3988 778 4043 καὶ
800 3988 862 4042 τὸ
892 3988 1033 4042 θεῖον
1064 3986 1309 4058 Πνεῦμα,
1348 3984 1472 4039 οὔτε
1501 3987 1693 4058 Πατήρ
1723 3986 1894 4051 ἐστιν,

308 4080 438 4135 οὔτε
472 4081 630 4143 Υἱός·
684 4079 797 4133 ἀλλ’
847 4080 1175 4150 ὲκπορευτὸν
1219 4077 1611 4141 ἀναλλοιώτως.
1674 4079 1897 4147 Ἀμετα-

311 4177 526 4249 eam»;
562 4175 774 4246 ἔχουσιν
816 4174 904 4227 ἀεὶ
936 4174 996 4227 τὺ
1030 4171 1201 4236 ἑστὼς
1246 4173 1341 4225 καὶ
1370 4170 1568 4235 ἰδιάζον
1614 4172 1707 4224 καὶ
1737 4169 1897 4241 ὑπερ-

310 4269 535 4329 τέλειον,
565 4266 705 4321 κατά
736 4266 833 4337 τὴν
858 4265 1063 4318 οἰκείαν
1092 4265 1321 4326 ἕκαστος
1355 4263 1667 4317 ὑπόστασιν·
1702 4262 1892 4334 [ἰατὴρ

314 4359 407 4412 καὶ
440 4356 569 4419 Υἱὸς
595 4357 689 4409 καὶ
719 4355 875 4423 ἂγιον
902 4352 1150 4423 Πνεῦμα,
1181 4352 1352 4424 Τριάς
1389 4355 1445 4406 ὲν
1483 4352 1670 4423 μονάδι
1697 4350 1811 4404 ἔστι
1834 4369 1893 4404 τε

313 4449 410 4503 καὶ
437 4450 660 4510 νοεῖται,
695 4448 789 4499 καλ⁸
819 4445 1159 4515 ὁμολογεῖται
1184 4444 1278 4497 καὶ
1302 4447 1710 4514 προσκυνεῖται.
1741 4441 1896 4512 παρὰ

311 4542 423 4596 τῶν
446 4543 506 4594 ὲν
536 4538 765 4609 ἀληθείᾳ
786 4539 880 4591 καὶ
908 4537 970 4589 οὑ
996 4537 1234 4606 σχήματι
1262 4535 1353 4588 καὶ
1384 4534 1701 4606 βλασφημία
1724 4550 1893 4606 προσο

257 4655 263 4660 ·
314 4634 662 4691 κυνοὺντων·
712 4631 788 4692 ὡς
827 4630 1066 4700 Ἄρειος,
1110 4627 1334 4698 διαιρῶν
1383 4628 1476 4679 καὶ
1522 4625 1911 4694 ζυγοστατῶνγ

318 4726 502 4800 μεῖζον
546 4724 642 4777 καὶ
670 4719 832 4795 ἦττον
879 4725 937 4776 ὲν
970 4724 1037 4791 τῇ
1085 4719 1204 4791 θείᾳ
1232 4718 1421 4789 Τριάδι
1457 4717 1889 4788 φανταζόμενος·

312 4821 347 4891 ἢ
370 4819 445 4882 ὡς
462 4815 749 4878 hante;
773 4811 1103 4880 συναλείφων
1129 4812 1220 4865 καὶ
1250 4809 1515 4880 συγχέων,
1540 4810 1799 4877 υίοπατορ
1809 4807 1894 4860 ίαν

320 4911 641 4983 μεμηνότως
663 4905 955 4962 παιδεύων.
990 4905 1289 4976 ἰσοσθενὴς
1310 4903 1488 4957 τοίνυν
1511 4905 1543 4974 ἡ
1566 4902 1687 4955 θεία
1700 4902 1893 4973 Τριάς,

325 5003 598 5072 ίσοκλεης,
641 4998 986 5069 ἰσομεγέθης,
1025 4997 1225 5068 μᾶλλον
1261 4996 1316 5049 δὲ
1349 4993 1673 5067 ὑπερκλεὴς,
1718 4995 1894 5065 ὑπερ-

320 5096 578 5167 μεγέθης,
621 5095 714 5147 καὶ
741 5094 919 5163 πάσης
963 5090 1319 5161 καταλήψεως
1355 5088 1653 5159 ὑπερτέρα,
1692 5088 1749 5140 ἐν
1795 5088 1893 5157 μιᾷ

317 5189 531 5258 θεότητι
560 5188 654 5241 καὶ
688 5185 952 5256 βασιλεία,
989 5185 1082 5237 καὶ
1110 5180 1268 5252 ῥώμῃ
1299 5183 1392 5234 καὶ
1418 5181 1692 5252 αὑθεντίᾳ,
1720 5181 1897 5234 πάντα

310 5284 382 5336 ’ὲκ
419 5280 646 5352 μηδενὸς
685 5276 1047 5346 ὑποκειμένου
1080 5275 1549 5344 φυσιουργήσασα,
1576 5274 1636 5325 τὸ
1658 5272 1701 5325 δ’
1726 5274 1896 5337 ὅπως,

319 5374 532 5441 ἐκείνην
576 5373 674 5439 τὴν
713 5368 999 5439 ἀκρίϐειαν
1048 5364 1494 5434 καταλείψωμενν
1534 5364 1744 5429 Οὐδεὶς
1794 5365 1901 5430 γὰρ

319 5462 441 5520 οἶδε
466 5463 577 5517 τὸν
607 5462 858 5529 Πατέρα,
891 5464 942 5515 εὶ
968 5461 1052 5531 μὴ
1088 5462 1120 5513 ό
1164 5458 1317 5525 Υἱὸς,
1341 5457 1483 5511 οὐδὲ
1513 5458 1618 5510 τὸν
1652 5458 1788 5511 Υἱόν
1810 5474 1896 5522 τις

317 5554 658 5616 ἐπίσταται,
686 5557 736 5607 εὶ
756 5553 841 5622 μὴ
862 5557 895 5607 ό
920 5552 1142 5622 Πατήρ.
1193 5549 1589 5605 ’Δποκαλὺπτει
1610 5549 1665 5603 δὲ
1687 5549 1897 5620 βροτοῖς

322 5647 564 5710 ἐκείνους
602 5647 663 5699 τὸ
694 5645 834 5700 θεῖον
872 5644 1111 5714 Πνεῦμα.
1155 5641 1366 5697 Οὐκοῦν
1394 5640 1568 5694 ταῦτα
1588 5641 1712 5710 τρία
1743 5640 1893 5703 ὄντα,

324 5738 420 5789 οὐκ
448 5736 700 5804 αὑξοντα,
723 5738 782 5790 οῦ
805 5736 1058 5809 λήγοντα,
1089 5735 1147 5788 οὐ
1167 5736 1566 5806 κορυφούμενα,
1592 5735 1651 5785 οῦ
1675 5733 1901 5802 συναγό-

1720 292 2066 351 DlALOCCS
2107 294 2143 350 Ι.

3476 297 3585 353 862

2001 425 2125 478 prrs
2184 399 2464 478 principii,
2513 417 2567 461 et
2616 423 2881 478 personas
2941 416 3053 463 tres
3111 410 3294 476 habet,
3359 418 3414 464 et
3473 417 3588 469 tres

1998 505 2349 574 hypostases,
2406 513 2458 557 et
2518 511 2630 556 tres
2679 501 2979 565 Dominus,
3035 510 3091 556 et
3154 501 3380 555 thronos
3437 510 3586 566 tres,

1998 602 2050 648 et
2127 603 2326 648 trinam
2395 595 2612 658 lucem,
2690 602 2744 649 et
2817 594 3020 647 trimuu
3097 593 3438 663 splendorem
3523 607 3579 650 et

1999 688 2139 742 lucis
2197 689 2600 758 mqualitatcm;
2667 688 3029 751 immutabile,
3092 687 3227 742 nulli
3285 688 3582 743 obnoxium

2001 780 2344 835 iiminutioui
2374 818 2393 844 ,
2467 779 2719 850 caliginis
2766 796 2965 848 expers
2996 821 3011 843 ,
3067 779 3327 835 invictum
3362 820 3376 844 ,
3425 781 3592 835 inter-

2003 877 2097 929 imi
2159 874 2385 929 minime
2447 875 2803 945 subjectum;
2869 889 2977 929 una
3029 876 3294 937 essentia,
3348 885 3589 946 potestas

1995 983 2128 1030 una,
2152 983 2259 1022 uua
2313 966 2509 1037 gloria,
2537 982 2706 1020 unum
2739 982 2993 1035 regnum,
3022 983 3131 1021 una
3168 966 3450 1031 divinitas,
3481 984 3589 1022 una

1994 1060 2272 1124 voluntas,
2303 1070 2484 1120 actus,
2523 1058 2837 1128 imperium.
2898 1057 3143 1128 Denique
3180 1060 3398 1115 nonnisi
3459 1060 3584 1113 uni-

1995 1161 2099 1215 tas,
2130 1153 2436 1222 aequalitas,
2471 1152 2732 1206 identitas
2747 1160 2832 1206 est
2862 1151 2916 1205 in
2953 1149 3245 1215 Trinitate,
3270 1160 3423 1205 extra
3447 1168 3573 1221 pro-

1994 1245 2283 1315 prietatem
2315 1244 2565 1314 ingeniti,
2616 1250 2670 1298 et
2699 1242 2892 1313 geniti,
2932 1252 2986 1297 et
3010 1241 3360 1313 procedentis
3399 1259 3412 1294 :
3445 1255 3583 1293 uua-

1997 1352 2217 1407 quaque
2243 1335 2522 1405 liypostasi
2552 1334 2869 1404 singillatim
2895 1342 2948 1388 et
2982 1333 3304 1396 exsistente,
3337 1340 3391 1386 et
3414 1332 3587 1386 exsti-

1993 1435 2152 1493 tura;
2190 1442 2297 1482 non
2335 1428 2635 1498 aliquando
2662 1436 2802 1491 orta,
2860 1442 2970 1480 non
3003 1426 3312 1491 desinente,
3363 1424 3457 1481 sed
3501 1440 3595 1480 eo-

1991 1518 2114 1573 dem
2157 1534 2218 1574 se
2276 1518 2440 1573 modo
2470 1533 2687 1589 semper
2736 1518 2992 1582 habente,
3039 1533 3104 1572 ac
3154 1526 3407 1573 manente
3444 1516 3586 1570 citra

1991 1610 2346 1663 mutationem
2392 1623 2633 1665 omnem.
2680 1606 2906 1678 Semper
2935 1608 3080 1662 enim
3111 1608 3321 1662 exstitit
3342 1607 3484 1663 Deus
3517 1622 3583 1660 ac

1994 1699 2176 1763 Pater,
2202 1701 2296 1771 qui
2328 1701 2546 1769 quidem
2575 1715 2791 1769 semper
2820 1709 2905 1756 est
2933 1699 3093 1755 Pater
3133 1700 3380 1767 unigenze
3429 1697 3578 1760 Filii,

1994 1788 2157 1845 Verbi
2189 1790 2568 1854 subsistentis,
2601 1804 2630 1842 a
2659 1805 2767 1859 quo
2806 1790 2951 1844 facta
2995 1799 3125 1844 sunt
3158 1790 3439 1852 universa,
3460 1789 3585 1858 qui-

1994 1882 2098 1935 bus
2144 1889 2200 1935 et
2248 1880 2411 1934 divus
2456 1879 2547 1933 ille
2583 1878 2827 1948 Spiritus
2869 1894 3085 1947 semper
3138 1878 3315 1944 adest,
3368 1892 3587 1945 unaque

1991 1987 2116 2026 cum
2144 1972 2278 2042 ipsis
2304 1972 2371 2025 ab
2401 1971 2658 2024 cornibus
2705 1970 3060 2040 intelligentia
3098 1970 3422 2039 rationeque
3455 1982 3589 2038 pz'ar-
3670 2042 3675 2045 ι

1990 2062 2124 2117 ditis
2156 2062 2362 2118 creatis
2386 2061 2667 2116 adoratur.
2721 2059 2892 2116 Nemo
2941 2060 2996 2113 in
3044 2060 3130 2115 his
3180 2061 3262 2114 vel
3312 2060 3465 2130 prior
3502 2067 3588 2114 cst

1990 2165 2140 2219 natu,
2172 2154 2256 2207 vel
2292 2152 2598 2224 posterior;
2636 2166 2743 2205 nou
2776 2150 3085 2215 .accreseit,
3141 2165 3250 2204 non
3300 2149 3586 2204 imminui-

1992 2257 2081 2300 tur
2112 2247 2284 2300 instar
2322 2244 2570 2307 luminis,
2604 2242 2748 2314 quod
2774 2243 2877 2298 sub
2907 2257 3133 2297 sensum
3157 2241 3326 2307 cadit,
3371 2244 3452 2295 vel
3494 2241 3573 2295 iu-

1992 2348 2110 2393 star
2140 2354 2326 2392 earum
2374 2354 2495 2407 qua:
2543 2344 2709 2407 supra
2751 2337 3015 2390 tumulum
3069 2343 3197 2388 sunt
3248 2334 3581 2404 copiarum:

1991 2446 2114 2498 qua:
2138 2445 2262 2482 eum
2288 2430 2555 2483 universae
2579 2436 2775 2482 natura
2794 2444 2892 2482 sua
2913 2428 3053 2483 idem
3072 2428 3348 2482 exsistant
3373 2426 3591 2495 (quem-

1993 2520 2289 2574 admodum
2346 2528 2400 2574 et
2450 2521 2618 2574 animi
2682 2520 2966 2573 hominum
3022 2521 3252 2574 rationis
3294 2518 3585 2588 participes

1995 2612 2136 2666 idem
2173 2622 2365 2666 natura
2421 2627 2519 2667 sua
2558 2620 2686 2668 sunt
2720 2615 2960 2675 omnes),
3016 2613 3214 2681 partim
3279 2620 3458 2665 tamen
3486 2627 3578 2665 or-

1992 2703 2141 2767 dine,
2167 2705 2365 2773 partim
2405 2703 2662 2766 statione,
2702 2703 2897 2773 partim
2939 2701 3233 2756 assistendi
3269 2703 3586 2756 ministran-

1992 2794 2159 2864 dique
2191 2809 2418 2848 munere
2445 2791 2726 2855 dili'erunt,
2767 2808 2832 2846 ac
2873 2809 2968 2864 per
3000 2793 3337 2847 incrementa
3371 2800 3427 2847 et
3454 2807 3578 2846 mu-

1992 2885 2228 2939 tationes
2251 2892 2304 2939 ct
2338 2883 2750 2945 conversiones.
2809 2885 2982 2939 libero
3014 2886 3184 2940 animi
3224 2883 3459 2940 consilio
3495 2884 3583 2940 vel

1999 2976 2054 3031 in
2080 2976 2271 3031 melius
2302 2976 2382 3030 vel
2411 2974 2650 3032 deterius
2680 2975 3103 3045 propendeutes,
3141 2991 3249 3029 non
3282 2977 3465 3044 aliqua
3487 2989 3581 3027 na-

2000 3071 2161 3125 turali
2197 3070 2532 3125 necessitate
2558 3068 2733 3140 magis
2780 3068 3032 3123 minusve
3085 3068 3444 3137 degenerant,
3485 3081 3584 3121 ex-

1998 3166 2323 3222 cellentibus
2357 3164 2483 3218 aliis
2523 3162 2661 3217 alias
2693 3151 2995 3218 secundani
3040 3175 3126 3223 ea,
3165 3176 3289 3230 qua:
3318 3158 3586 3213 indicavi-

1998 3275 2143 3322 mus,
2178 3256 2521 3312 discrimina.
2557 3254 2700 3320 Quin
2726 3262 2780 3308 et
2800 3253 3009 3308 homini
3040 3252 3264 3306 luminis
3290 3250 3583 3321 appellatio

2000 3350 2280 3412 tribuitur,
2320 3357 2376 3402 et
2402 3346 2525 3409 soli,
2561 3355 2613 3399 et
2644 3346 2807 3407 lunae,
2864 3352 2918 3397 et
2954 3344 3104 3398 vario
3132 3344 3467 3413 reliquorum
3504 3342 3584 3396 si-

1999 3443 2189 3498 derum
2226 3441 2395 3496 CIIOI’O
2429 3458 2442 3494 :
2479 3453 2713 3507 quorum
2744 3448 2925 3491 tamen
2967 3436 3204 3489 maximo
3237 3451 3465 3505 numero
3497 3435 3584 3486 lu-

2001 3534 2234 3596 minum,
2291 3531 2360 3586 de
2396 3530 2626 3584 [natet-ie
2660 3528 3053 3590 constantiam,
3083 3526 3377 3595 multisque
3410 3525 3583 3593 parti-

2002 3626 2105 3680 bus
2150 3639 2214 3677 ae
2250 3622 2427 3676 modis
2478 3621 2624 3674 inter
2675 3635 2735 3673 se
2782 3620 3130 3672 diversorum
3182 3628 3376 3670 auctor
3408 3623 3493 3669 est
3530 3625 3585 3669 et

2000 3712 2197 3786 opifex’
2225 3730 2411 3768 vermn
2451 3711 2581 3766 illud
2615 3721 2669 3766 et
2713 3726 2910 3779 expers
2942 3709 3187 3762 materiei
3245 3708 3449 3769 luun-u,
3502 3708 3585 3761 ni-

2002 3807 2201 3859 mirum
2242 3803 2382 3857 Deus
2408 3810 2461 3854 et
2493 3801 2675 3863 Pater,
2735 3801 2827 3869 qui
2860 3806 2946 3853 eSt
2991 3812 3158 3865 supra
3191 3798 3398 3858 ouinia,
3454 3813 3580 3849 ciun

2003 3896 2234 3965 unigena
2272 3891 2408 3946 Filio
2437 3906 2559 3955 suo,
2587 3889 2884 3959 diviuoquc
2912 3887 3145 3958 Spiritu,
3201 3886 3579 3955 incorporeus,

2002 3988 2106 4042 sub
2162 3993 2446 4054 aspectum
2474 3998 2581 4036 non
2613 3982 2839 4044 cadens,
2883 3980 3032 4034 omni
3073 3987 3128 4034 et
3169 3987 3364 4032 natura
3407 3987 3459 4032 et
3489 3993 3586 4031 co-

2001 4078 2246 4149 gnitione
2275 4075 2566 4157 superior:
2607 4073 2702 4143 qui
2737 4070 2932 4126 Filium
2977 4073 3185 4141 genuit,
3221 4079 3275 4125 et
3307 4070 3575 4139 Spiritum

2005 4167 2263 4238 produxit
2300 4166 2511 4220 ratione
2541 4161 2843 4218 secundum
2872 4166 3121 4213 naturam
3155 4157 3438 4221 iuetTabili,
3463 4157 3585 4210 sine

2004 4263 2114 4315 ullo
2140 4271 2402 4332 tempore,
2430 4267 2556 4313 ante
2587 4258 2787 4313 smcula
2825 4272 2837 4309 :
2873 4269 2980 4307 nou
3002 4253 3147 4307 enim
3173 4252 3469 4321 quidquam
3497 4250 3585 4304 vei

2002 4353 2180 4422 majus
2213 4354 2294 4406 Vel
2331 4352 2513 4406 mirus
2538 4357 2686 4414 natu,
2739 4363 2847 4402 non
2879 4344 3177 4414 quidquam
3228 4342 3380 4410 prius
3424 4340 3572 4396 exsi-

1998 4455 2149 4501 stens
2181 4444 2604 4498 adventitimuve
2639 4441 2820 4495 divina
2883 4441 2936 4493 in
2979 4436 3252 4491 Trinitate
3298 4434 3380 4488 vel
3428 4442 3580 4486 ruite-

1999 4541 2108 4591 rius
2153 4545 2258 4601 est,
2289 4536 2370 4590 vel
2402 4544 2487 4590 est
2533 4535 2706 4600 hodie,
2744 4534 2823 4587 vel
2854 4531 3096 4598 deinceps
3134 4528 3258 4582 erit.
3306 4524 3578 4579 Nimirum

1999 4630 2105 4685 tria
2132 4644 2346 4699 semper
2369 4634 2664 4690 exsistunt,
2711 4626 2813 4679 tria
2850 4631 2981 4678 sunt
3013 4619 3263 4689 ejusdem
3312 4616 3584 4673 salictita-
3624 4623 3635 4631 ‘

2003 4724 2094 4787 tis,
2123 4723 2224 4777 tria
2257 4721 2420 4777 siuml
2446 4719 2689 4789 expertia
2709 4719 2986 4788 principii,
3041 4716 3146 4769 tria
3178 4710 3417 4783 agentia,
3474 4707 3581 4762 tria

2002 4815 2164 4869 simul
2221 4813 2459 4883 agentia,
2523 4812 2575 4865 in
2612 4810 2803 4864 eadem
2851 4808 3047 4869 forma,
3099 4805 3201 4859 tria
3245 4800 3577 4862 conformia,

1999 4909 2104 4963 tria
2140 4906 2399 4968 eiiicacia,
2437 4905 2542 4959 tria
2575 4902 2951 4958 cﬂecttnuibus
2985 4898 3306 4968 conjuncta,
3326 4895 3428 4948 tria
3450 4893 3581 4948 sub-

1999 5001 2272 5062 sistentia,
2318 4999 2421 5049 tria
2465 4996 2634 5051 simul
2682 4993 3064 5054 subsistentia,
3112 5006 3234 5059 qua:
3282 5002 3389 5042 non
3454 5001 3579 5039 tnu-

2004 5100 2207 5153 lautur,
2272 5104 2449 5157 neque
2499 5094 2811 5146 transeunt,
2874 5098 3049 5153 neque
3092 5085 3394 5137 miscentur
3440 5078 3578 5132 inter

2001 5199 2077 5238 se.
2122 5180 2251 5235 Nam
2295 5196 2511 5249 semper
2571 5178 2791 5232 exsistit
2858 5175 3039 5239 Pater,
3093 5184 3146 5230 et
3192 5174 3411 5242 quidem
3482 5184 3574 5225 so-

2006 5271 2282 5327 lummodo
2364 5270 2523 5323 Pater
2584 5278 2689 5331 est,
2754 5285 2863 5323 non
2934 5269 3097 5322 etiam
3160 5265 3353 5330 Filius;
3428 5276 3576 5315 sem-

2003 5381 2096 5436 per
2150 5362 2366 5417 ess’stit
2425 5358 2615 5423 Filius,
2688 5370 2739 5413 et
2798 5359 3018 5429 quidem
3078 5352 3424 5411 solummodo
3489 5346 3579 5401 Fi-

2006 5458 2111 5510 lius
2186 5462 2289 5517 cst,
2372 5470 2477 5507 non
2535 5454 2699 5506 etiam
2766 5450 2958 5516 Pater;
3011 5447 3377 5511 similiterque
3440 5438 3580 5492 divi-

2003 5565 2110 5604 nus
2163 5546 2252 5602 ille
2280 5545 2518 5615 Spiritus
2566 5559 2662 5597 nec
2696 5542 2855 5596 Pater
2894 5547 2999 5603 est,
3056 5552 3156 5591 nec
3219 5535 3428 5598 Filius;
3480 5531 3575 5586 sed

2003 5639 2148 5693 t-qui
2179 5639 2297 5691 sine
2331 5637 2636 5691 mutatione
2685 5630 2932 5701 proeedit
2969 5647 2980 5682 ;
3020 5641 3239 5696 semper
3282 5624 3482 5678 habent
3525 5622 3577 5675 id

2007 5728 2150 5800 quad
2194 5726 2425 5799 singulis
2480 5733 2561 5781 cst
2602 5723 2895 5795 peettliarc,
2952 5717 3286 5791 perfectione
3336 5726 3572 5776 summa,
