4030 6232
400 222 501 281 957
1493 210 1552 267 S.
1596 209 1893 268 CAESAR"
1922 199 2256 266 GREGGRII
2282 206 2583 264 FRATRIS
3571 209 3691 267 863

407 338 650 395 minibus
680 334 913 391 [luctum
956 347 1117 387 suum
1151 374 1166 397 ,
1196 332 1311 392 sed,
1344 329 1446 396 Qui
1476 330 1775 385 annuntiat
1816 330 1989 383 homio

2117 328 2492 399 Ἀπαγγέλλων
2526 328 2607 391 εἰς
2634 323 2954 398 ἀνθρώπους
2983 323 3077 379 τδν
3109 323 3345 398 Χριστὸν
3373 324 3568 390 αὐτοῦ,
3590 328 3689 382 τὸν

401 432 567 485 nibus
603 427 841 482 Unctum
890 440 1076 488 suum.
1134 421 1301 477 Deum
1342 419 1557 477 scilicet
1582 422 1736 475 illum
1775 437 1988 485 verum,

2117 421 2346 493 ιληθινὸν
2392 421 2487 475 καὶ
2544 419 2813 490 ἄτρεπτον
2848 416 3004 485 Θεὸν,
3047 416 3137 471 τὸν
3171 416 3554 483 ἀναλλοίωτον,
3592 418 3687 472 τδρ

400 519 816 581 immutabilem,
875 532 981 570 non
1028 523 1298 577 cacatum,
1334 521 1666 568 comternum
1721 511 1886 576 Patri,
1938 518 1994 567 et

2117 513 2349 566 ἱκτιστόν
2403 530 2463 565 τε
2517 512 2612 566 καὶ
2652 510 2920 564 ωναῖδιον
2964 509 3044 581 τῷ
3087 508 3287 582 Πατρὶ,
3329 509 3439 582 πρὸ
3466 508 3687 564 αἰώνων

398 626 523 665 cum
568 624 634 664 eo
665 608 1060 664 subsistentem
1115 614 1244 660 ante
1284 605 1483 659 stecula
1518 623 1530 657 :
1561 603 1630 658 de
1682 619 1793 673 quo
1821 602 1994 657 Joan-

2117 605 2509 675 ξυνυπάρχοντα
2531 616 2545 631 ⁸
2602 602 2848 656 Ἰωάννου
2900 602 2999 674 μὲν
3049 600 3299 672 βοῶντος,
3359 602 3415 656 ’0
3466 601 3558 656 ὢν
3610 602 3691 656 ἐν

400 717 497 756 n2-s
537 700 758 760 clamat,
789 697 895 764 Qui
922 706 999 750 est
1026 697 1083 750 in
1115 696 1237 749 sinu
1263 694 1445 748 Patris
1465 694 1509 725 “
1536 710 1549 754 ;
1584 703 1637 747 et
1664 692 1758 762 qui
1791 691 1991 748 Musem

2117 696 2223 763 τοῖς
2253 698 2505 762 κόλποις
2532 694 2642 749 τοῦ
2661 696 2888 764 Πατρός
2914 710 2928 725 ·
2960 693 3124 758 αὐτὸς
3156 695 3349 748 Μωσεῖ
3375 694 3689 749 ἐντέλλεται

400 789 673 842 Pharaoni
730 787 918 841 dicere
946 786 1103 856 jubet
1139 803 1152 838 :
1188 800 1319 850 non,
1365 782 1415 838 ls
1457 782 1550 852 qui
1593 781 1855 836 conditus
1890 782 1995 835 ali-

2117 790 2242 858 ;psiv
2264 785 2342 857 τῷ
2396 784 2616 858 Φαραὼ,
2651 786 2771 855 οὐχ,
2813 786 2881 837 Ὅ
2915 801 3045 838 ποτε
3081 785 3324 848 κτισθεὶς
3356 784 3529 855 (κατὰ
3555 784 3691 846 τοὺς

402 881 626 951 quando
661 888 745 936 est
778 878 794 948 (
824 879 892 933 de
938 876 1211 933 sententia
1264 875 1593 930 stolidorum
1629 873 1993 943 quorumdam

402 984 458 1029 ct
485 971 908 1044 insipientium),
931 970 1049 1034 sed,
1085 969 1189 1035 Qui
1221 976 1319 1030 est,
1349 968 1418 1020 ad
1452 975 1499 1019 te
1532 981 1612 1018 me
1644 964 1906 1035 ablegavit
1930 964 1974 995 ³³

402 1065 524 1135 Ipse
571 1061 819 1132 denique.
853 1061 922 1116 de
961 1075 1023 1114 se
1066 1075 1162 1129 per
1201 1057 1426 1112 Paulum
1467 1055 1541 1108 ait
1575 1073 1588 1109 :
1622 1052 1869 1110 Christus
1901 1056 1992 1126 qui

400 1167 481 1211 est
507 1155 647 1210 Deus
680 1170 839 1224 super
866 1154 1110 1206 universa
1126 1150 1192 1205 “.

887 1263 1413 1327 INTERROGATZO
1456 1218 1531 1321 Χ,

485 1382 598 1437 Imo
626 1381 693 1435 de
723 1379 884 1435 Patre
913 1379 1143 1449 Scripsit
1185 1379 1288 1431 huc
1329 1377 1531 1442 Muses,
1572 1380 1678 1446 Qui
1716 1389 1818 1442 est,
1861 1376 1929 1430 ad
1955 1384 2001 1431 te

412 1492 497 1529 me
524 1474 804 1544 ablegavit,
842 1488 950 1527 non
982 1473 1051 1527 de
1095 1472 1339 1527 Christo.

1036 1580 1355 1650 Responsio.

487 1696 750 1766 Equidem
788 1710 818 1747 a
844 1702 1020 1748 vestra
1054 1694 1328 1749 charitate
1385 1702 1533 1763 peto,
1581 1709 1650 1747 ne
1701 1708 1989 1749 sacrorum

414 1782 830 1856 Evangeliorum
877 1784 1087 1839 falsarii
1130 1783 1274 1846 sitis.
1308 1784 1359 1838 in
1405 1784 1608 1854 quibus
1647 1786 1763 1855 ipse
1814 1784 1999 1838 Domi-

413 1897 520 1935 nus
562 1881 664 1935 hoc
710 1879 978 1933 divinitus
1022 1880 1249 1949 plotulit
1287 1877 1503 1934 :Moses
1532 1880 1596 1934 de
1640 1897 1720 1934 me
1764 1882 1997 1951 scripsit,

410 1983 461 2028 et
496 1973 622 2026 mihi
659 1972 961 2026 testimonio
991 1981 1069 2025 est
1109 1972 1175 2025 ³⁸.
1215 1971 1385 2042 Igitur
1414 1980 1469 2026 et
1517 1969 1680 2027 Pater
1734 1981 1821 2029 est
1863 1975 2001 2028 exsi-

364 2068 369 2073 ’
414 2077 568 2121 stans
617 2064 731 2128 ille,
789 2071 843 2117 et
866 2061 1039 2117 Filius
1080 2063 1299 2119 exsistit
1350 2079 1473 2117 cum
1509 2062 1693 2125 Patre.
1738 2064 1806 2120 de
1842 2063 2001 2121 Patre

413 2156 653 2226 genitus,
688 2172 796 2208 non
847 2155 1113 2209 confusus
1164 2170 1289 2208 cmn
1326 2154 1509 2220 Patre,
1547 2171 1654 2210 non
1696 2156 1998 2211 exsislendi

417 2248 743 2317 principium
774 2248 1005 2305 habens.
1049 2245 1144 2300 sed
1178 2250 1457 2301 exsistcns
1492 2263 1617 2301 cum
1663 2245 1846 2313 Patre,
1880 2256 2003 2301 tan-

408 2357 580 2411 quam
616 2341 833 2394 nativus
863 2326 1057 2393 Filius.
1078 2337 1190 2393 Nec
1230 2339 1377 2392 enim
1413 2355 1655 2409 unquam
1687 2355 1862 2395 atrum
1897 2341 2001 2394 ali-

414 2433 560 2502 quod
598 2434 680 2486 vel
720 2440 939 2500 tempus
966 2431 1048 2485 vel
1092 2431 1357 2500 temporis
1402 2432 1673 2487 articulus
1723 2431 1846 2496 fuit,
1893 2450 2002 2503 quo

414 2521 586 2577 Filius
616 2538 724 2575 non
756 2521 1069 2592 ex~istcret.
1119 2519 1446 2590 Cmteroqui.
1474 2536 1604 2574 num
1660 2529 1713 2575 et
1748 2521 1865 2592 ipse
1898 2522 2001 2575 l’a-

419 2621 500 2666 ter
528 2622 651 2667 erat
680 2611 909 2667 alterius
935 2626 996 2666 se
1031 2610 1235 2680 prioris
1260 2609 1487 2666 Patris?
1518 2611 1872 2683 Quapropter
1925 2613 2003 2669 si-

418 2706 531 2760 mul
561 2703 779 2758 Patrem
817 2702 1184 2773 proiitebcris,
1243 2711 1298 2758 et
1346 2718 1472 2756 mox
1506 2719 1630 2758 eum
1665 2703 1829 2759 Patre
1879 2708 2000 2761 nni-

417 2812 609 2869 genatn
645 2795 1178 2865 dilectissimumque
1212 2794 1437 2849 Filium.
1503 2795 1639 2849 Nam
1673 2797 1767 2867 qui
1805 2812 1865 2853 se
1896 2797 2002 2852 Pa-

423 2901 560 2946 trem
592 2890 800 2944 honore
846 2895 1042 2957 putaut
1090 2885 1327 2948 adicere,
1377 2886 1422 2940 si
1448 2886 1646 2941 dicant
1686 2904 1810 2943 eum
1853 2889 2007 2958 prius

417 2981 718 3039 exstitisse.
748 2993 975 3049 prorsus
1007 2976 1160 3045 impii
1184 2984 1475 3046 propterea
1512 2985 1659 3033 sunt.
1692 2979 1836 3048 quod
1868 2986 2009 3034 tem-

423 3088 527 3143 pus
556 3079 681 3125 ante
724 3068 1054 3122 saeculorum
1107 3067 1357 3136 opificem
1410 3065 1692 3122 Christum
1731 3077 2006 3125 statuunt.

425 3162 635 3218 Etenim
671 3160 811 3229 apud
850 3158 1019 3213 Deum
1047 3173 1148 3214 nec
1174 3172 1291 3212 aevo
1315 3157 1470 3213 locus
1493 3168 1599 3220 est,
1621 3174 1721 3214 nec
1749 3160 2007 3230 tempori,

424 3269 529 3309 nec
552 3254 764 3307 dierum
792 3249 1277 3312 conversionibus,
1304 3264 1405 3305 nec
1439 3258 1667 3321 puncto.
1701 3266 1804 3306 nec
1838 3254 2011 3306 minu-

429 3347 520 3406 tis.
547 3360 647 3398 nec
693 3343 837 3396 oculi
869 3350 1174 3406 momento,
1229 3341 1393 3396 sicuti
1442 3356 1543 3395 nec
1580 3341 1883 3397 informare
1925 3359 2013 3398 se-

428 3451 552 3489 cum
601 3449 758 3488 mens
792 3433 902 3487 ulla
961 3431 1251 3486 Trinitatis
1306 3430 1603 3487 ineiiabilis
1645 3434 2009 3489 aeternitatem

428 3534 607 3596 potest
636 3543 649 3579 :
682 3524 882 3596 quippe
912 3523 958 3579 si
1022 3522 1199 3587 dicas,
1246 3522 1417 3579 fuisse
1441 3522 1662 3579 Patrem
1688 3524 2008 3595 aliquando,

429 3634 554 3672 cum
579 3616 616 3671 F
626 3617 750 3671 ilius
779 3632 887 3670 non
918 3613 1416 3683 exsisteretzcujus
1450 3623 1593 3677 erat,
1624 3615 1883 3681 obsecro,
1903 3614 2011 3670 Pa-

429 3721 535 3774 ter,
563 3727 687 3765 eum
709 3710 906 3763 Filium
937 3722 1046 3762 non
1081 3706 1355 3762 haberet?
1384 3704 1540 3772 Quod
1591 3706 1637 3762 si
1677 3722 1847 3778 negas
1883 3723 2008 3763 eum

428 3803 645 3859 Patrem
676 3817 819 3866 esse,
852 3801 1016 3857 simul
1049 3800 1222 3871 ipsam
1252 3799 1374 3870 ejus
1406 3808 1663 3855 naturam
1697 3801 1750 3856 in
1793 3800 2013 3856 univer-

428 3913 553 3952 sum
611 3895 811 3949 tollito.
850 3893 1202 3963 Quapropter
1239 3890 1597 3958 credendum,
1646 3907 1771 3948 esse
1809 3890 2006 3948 Filium

426 3988 671 4055 ejusdem
704 3985 958 4040 essentia:
987 3998 1110 4038 cum
1144 3982 1326 4048 Patre,
1351 3998 1461 4038 non
1496 3997 1622 4037 eum
1647 3985 1885 4039 essentia
1912 3984 2010 4040 Pa-

431 4080 531 4133 tris
554 4078 869 4152 confusum,
900 4076 1366 4147 quemadmodum
1415 4073 1694 4130 Sabellins
1716 4075 2008 4136 delirabat.

428 4170 563 4227 Nam
595 4171 789 4224 horum
822 4170 1051 4223 alterum
1076 4167 1534 4238 signiﬁcationem
1575 4181 1826 4237 personae
1848 4182 1916 4223 ac
1946 4171 2273 4232 substantiae
2302 4179 2485 4245 habet,
2507 4182 2741 4238 alterum
2775 4186 2935 4255 plane
2956 4185 3337 4256 blasphemum
3370 4197 3456 4244 est
3482 4207 3495 4242 :
3522 4205 3707 4258 quan-

427 4268 503 4321 do
521 4281 584 4320 ea
610 4265 819 4319 ratione
842 4259 1012 4318 Filius
1041 4272 1094 4317 et
1112 4259 1349 4331 Spiritus
1384 4274 1510 4313 cum
1530 4257 1693 4315 Patre
1716 4263 2173 4336 commiscentur,
2205 4284 2266 4324 ac
2298 4270 2542 4329 Trinitas
2574 4275 2627 4329 in
2664 4277 2926 4332 unitatem
2951 4279 3245 4335 resolvitur
3272 4282 3450 4351 :quod
3472 4257 3706 4341 omnino

428 4359 633 4416 divinis
659 4373 688 4412 a
719 4356 927 4427 legibus
958 4364 1046 4411 est
1076 4356 1334 4411 alienmn.

892 4467 1407 4527 INTERROGATIO
1453 4466 1546 4523 XI.

500 4591 780 4658 Quantum
835 4602 933 4642 nos
988 4583 1209 4654 quidem
1265 4580 1750 4653 deprehendimus,
1787 4595 2015 4635 venera-

434 4683 582 4737 tione
606 4679 927 4751 dignissime
949 4676 1130 4743 Pater,
1161 4682 1277 4729 tres
1319 4687 1441 4727 csse
1476 4670 1610 4725 deos
1633 4671 1829 4725 statuis
1857 4688 1869 4723 :
1908 4686 2003 4740 qut

2117 4679 2301 4753 Πάτερ
2327 4697 2340 4710 ·
2377 4684 2456 4747 εἰς
2478 4685 2545 4755 ἣν
2572 4686 2950 4758 ἐκφερόμενοι,
2973 4690 3053 4753 εἰς
3078 4689 3251 4743 πολλὰ
3292 4670 3707 4766 ἐκπεσούμεθα,

434 4775 481 4827 si
518 4771 969 4829 exnrbltabimus.
1006 4769 1060 4820 in
1092 4762 1505 4821 multitudinem
1543 4760 1872 4817 incidemus.
1910 4760 2003 4815 Eat

2118 4773 2214 4826 xui.
2234 4772 2294 4825 οὐ
2317 4774 2605 4847 μοναρχία,
2620 4776 2758 4830 ἀλλὰ
2782 4779 3039 4851 πολυθεΐιρ⁴
3054 4780 3339 4852 λατρεύειν
3356 4760 3712 4856 παρασκευά-

2098 878 2503 943 εἰκαιοὸούλους
2519 879 2612 931 καὶ
2626 877 3078 949 ματαιὸφρονας),
3103 877 3241 942 ἀλλ’,
3260 876 3469 946 Ἐρεῖς,
3492 877 3688 948 φησιν,

2107 986 2125 1019 ι
2172 969 2225 1020 '0
2262 966 2348 1021 ὢν
2376 965 2725 1023 ἀπέσταλκέ
2747 982 2847 1036 με.
2880 985 2898 1017 ι
2949 964 3121 1029 Αὒτδς
3151 964 3210 1019 δὲ
3247 966 3375 1036 περὶ
3397 961 3593 1016 ἑαυτοῦ
3618 963 3683 1014 ὲν

2102 1057 2299 1129 Παύλῳ
2327 1058 2487 1129 φησὶ,
2513 1054 2768 1126 Χριστὸς
2794 1058 2831 1110 ό
2853 1055 2939 1108 ὢν
2974 1055 3071 1108 ἐπὶ
3102 1053 3347 1108 πάντων
3369 1054 3534 1119 Bede.

2718 1262 2971 1316 ΠΕΥΣῐΣ
2994 1258 3057 1315 1'.

2178 1378 2348 1434 Ἀλλὰ
2370 1379 2609 1451 Μωῦσῆς
2638 1378 2767 1449 περὶ
2803 1375 2897 1431 τοῦ
2930 1374 3143 1447 Πατρὸς
3165 1371 3370 1444 ἔγραψε
3401 1372 3484 1436 τὸ,
3526 1372 3580 1425 Ὀ
3598 1370 3690 1428 ὢν

2097 1471 2454 1528 ἀπέσταλλιέ
2478 1488 2574 1543 με,
2606 1470 2667 1523 οὐ
2691 1469 2800 1539 γὰρ
2834 1468 2962 1541 περὶ
2999 1464 3257 1538 Χριστοῦ,

2723 1583 3080 1652 Ἀπόκρισις.

2188 1698 2347 1763 ’Λξιῶ
2395 1697 2550 1769 ὑμῶν
2594 1697 2694 1768 τὴν
2735 1697 2978 1768 ἀγάπην,
3012 1695 3088 1768 μὴ
3133 1695 3583 1768 παραχαράττειν
3614 1697 3690 1750 τὰ

2105 1791 2432 1860 Εὑαγγέλια,
2455 1790 2548 1843 τοῦ
2576 1789 2781 1861 Κυρίου
2816 1790 2874 1842 ἐν
2908 1789 3089 1853 αὐτοῖς
3124 1789 3533 1861 θεηγοροῦντος,
3558 1788 3693 1843 Μω-

2105 1882 2227 1951 σῆς
2242 1884 2471 1952 eimagis
2497 1881 2631 1950 περὶ
2681 1881 2849 1951 ἐμοῦ,
2879 1881 2976 1935 καὶ
3011 1880 3194 1948 αὐτὸς
3215 1880 3512 1951 μαρτυρεῖ
3553 1884 3691 1950 περὶ

2105 1971 2273 2040 ἐμοῦ.
2309 1972 2403 2023 Ὢν
2448 1971 2629 2024 τοίνυν
2661 1972 2690 2023 ὁ
2730 1970 2941 2041 Πατὴρ,
2970 1972 3062 2024 καὶ
3089 1969 3165 2023 ὢν
3202 1972 3231 2023 ὁ
3261 1970 3388 2034 Υἱὸς
3419 1971 3557 2041 πρὸς
3599 1971 3695 2024 τὸν

2106 2064 2349 2135 Πατέρα,
2393 2065 2487 2117 καὶ
2539 2063 2598 2130 ἐξ
2632 2063 2798 2117 αὐτοῦ
2845 2063 3143 2135 γεννηθεὶς,
3190 2064 3252 2116 οὐ
3291 2062 3588 2135 συναλοιφὴ
3613 2063 3697 2116 ὢν

2105 2152 2184 2224 τῷ
2214 2154 2410 2226 Πατρξι,
2460 2155 2561 2207 οὐκ
2610 2153 2921 2224 ἀρξάμενος
2955 2153 3017 2206 τὸ
3041 2148 3205 2215 εἶναι,
3243 2152 3382 2207 ἀλλά
3412 2152 3590 2206 συνὼν
3613 2154 3696 2224 τῷ

2109 2244 2284 2315 Πατρὶ
2312 2245 2389 2308 ὡς
2421 2245 2643 2315 γνήσιος
2694 2243 2840 2308 Υἱός.
2889 2244 3004 2298 Οὐκ
3028 2241 3096 2316 ἦν
3129 2244 3238 2316 γάρ
3278 2261 3409 2297 ποτε
3452 2245 3607 2310 αἰὼν,
3654 2246 3695 2317 ἢ

2104 2336 2320 2408 χρόνος,
2371 2337 2407 2409 ἣ
2448 2336 2671 2409 καιρὸς,
2708 2336 2795 2390 ὅτε
2849 2337 2949 2391 οὐκ
3006 2332 3076 2407 ἦν
3124 2337 3155 2389 ὁ
3207 2337 3356 2402 Υἱός,
3403 2333 3553 2410 Ἆρα
3598 2342 3697 2394 καὶ

2107 2427 2272 2491 αὐτὸς
2308 2429 2337 2481 ὁ
2371 2428 2561 2499 Πατὴρ
2591 2424 2660 2499 ἦν
2691 2428 2880 2500 ἑτέρου
2932 2429 3148 2501 Πατρὸς
3193 2430 3287 2484 τοῦ
3332 2431 3442 2502 πρὸ
3490 2434 3693 2499 αὐτοῦ;

2113 2522 2264 2592 ’Ἅμα
2317 2516 2411 2575 οὖν
2467 2522 2691 2593 Πατέρα
2748 2521 3139 2595 ὁμολογήσεις.
3191 2523 3570 2595 ξυνομολογεῖς
3596 2524 3692 2583 αὗ-

2112 2613 2198 2676 θις
2321 2614 2412 2669 τὸν
2458 2614 2723 2685 μονογενῆ
2778 2616 2875 2669 καὶ
2935 2615 3188 2683 φίλτατον
3239 2618 3433 2671 Παῖδα.
3482 2619 3547 2672 Οἱ
3587 2619 3699 2691 γὰρ

2107 2703 2391 2770 δοκοῦντες
2435 2705 2524 2759 διὰ
2576 2706 2673 2776 τῆς
2734 2708 3130 2779 προῦπάρξεως
3184 2709 3277 2763 τὸν
3338 2710 3555 2781 Πατέρα
3615 2729 3698 2767 τι-

2113 2799 2242 2869 μᾷν,
2264 2797 2446 2850 τέλεον
2472 2796 2728 2851 ἀσεϐοῦσι
2748 2841 2761 2863 ,
2792 2797 2982 2870 χρόνον
3014 2798 3047 2869 ἢ
3080 2800 3271 2871 καιρὸν
3303 2802 3698 2873 προτάττοντες

2112 2888 2206 2943 τοῦ
2237 2889 2461 2960 ποιητοῦ
2492 2889 2601 2943 τῶν
2634 2889 2845 2944 αἰώνων
2891 2891 3151 2963 Χριστοῦ.
3203 2894 3361 2965 Παρὰ
3417 2895 3540 2966 Θεῷ
3586 2898 3698 2969 γὰρ

2110 2984 2210 3036 οὐκ
2225 2983 2378 3049 αἰὼν,
2396 2984 2456 3036 οὐ
2484 2985 2695 3055 χρόνος,
2720 2986 2819 3057 οὐχ
2835 2984 3060 3058 ἡμερῶν
3079 2986 3336 3057 περίοδοι,
3360 2990 3423 3041 οὐ
3443 2993 3696 3061 στιγμαὶ,

2111 3077 2211 3129 οὐκ
2262 3076 2476 3147 ἄτομοι,
2523 3077 2584 3130 οὐ
2635 3077 2769 3148 ῥιπὴ
2816 3077 3120 3149 ὀφθαλμοῦ,
3154 3079 3217 3132 οὐ
3246 3080 3452 3151 διανοίᾳ
3489 3099 3703 3150 φαντα-

2114 3167 2305 3237 σθῆναι
2337 3163 2448 3221 οἷόν
2481 3184 2540 3222 τε
2562 3169 2663 3240 τῆς
2688 3170 2965 3241 ἀφράστου
3000 3171 3230 3244 Τριάδος
3257 3172 3315 3224 τὸ
3343 3174 3591 3243 ἄχεωνον.
3628 3177 3699 3228 Εἰ

2113 3261 2221 3331 γὰρ
2253 3262 2360 3332 φῂς
2404 3261 2486 3314 ὅτι
2507 3255 2576 3332 ἦν
2599 3264 2749 3337 Πατή
2759 3280 2789 3335 ρ
2812 3280 2964 3333 ποτε,
2988 3264 3076 3319 ὅτε
3099 3265 3201 3319 οὐκ
3222 3261 3286 3336 ἦν
3312 3267 3340 3319 ὁ
3369 3265 3517 3329 Υἱὸς,
3543 3267 3702 3332 τινος

2116 3351 2222 3421 ἄρα
2263 3352 2479 3424 ὑπῆρχε
2529 3354 2720 3426 Πατὴρ
2763 3355 2837 3427 μὴ
2875 3358 3027 3420 δντος
3059 3357 3232 3420 Υἱοῦ;
3266 3358 3329 3410 Εἰ
3355 3356 3399 3409 δ’
3418 3352 3488 3411 αὖ
3530 3360 3703 3413 πάλιν

2113 3444 2204 3497 τὸν
2229 3446 2451 3517 Πατέρα
2476 3446 2638 3501 αὑτὸν
2669 3448 2745 3520 μὴ
2778 3450 3045 3520 ὑπάρχειν
3068 3450 3308 3512 ὑποστὰς
3344 3444 3425 3514 εἴ,
3463 3450 3700 3520 ξυναφέ-

2114 3535 2208 3589 λου
2230 3537 2392 3592 αὑτὸν
2417 3538 2646 3592 καθόλου
2667 3540 2729 3593 τὸ
2756 3537 2917 3597 εἶναι.
2941 3542 3173 3596 Πίστευε
3197 3539 3289 3596 οὖν
3310 3543 3596 3614 ὁμοούσιον
3623 3545 3703 3614 τῷ

2114 3627 2291 3698 Πατρὶ
2318 3630 2409 3682 τὸν
2456 3630 2603 3696 Υἱὺν,
2659 3632 2734 3703 μὴ
2772 3635 3131 3697 συνούσιον,
3161 3635 3303 3689 κατὰ
3339 3635 3438 3706 τὴν
3468 3635 3562 3688 τοῦ
3598 3637 3703 3689 Σα-

2115 3717 2324 3772 6ελλίου
2367 3723 2676 3791 παροινίαν.
2706 3725 2779 3777 Τὸ
2817 3726 2918 3795 μὲν
2943 3724 3050 3797 γὰρ
3077 3726 3311 3798 ὑπάρχει
3349 3727 3702 3791 ὑποστάσεως

2113 3808 2428 3878 δηλωτικὸν,
2471 3816 2531 3866 τὸ
2558 3814 2636 3879 δὲ,
2671 3816 3021 3888 βλασφημίας
3061 3819 3142 3882 εἰς
3184 3819 3401 3890 Πατέρα
3436 3818 3535 3872 τοῦ
3570 3821 3701 3873 Tibi

2113 3900 2326 3954 καὶτοῦ
2360 3903 2676 3973 Πνεύματος
2722 3908 3191 3981 ἀνακιρναμένων,
3237 3910 3332 3965 καὶ
3373 3912 3454 3974 εἰς
3495 3912 3703 3982 μονάδα

2114 3991 2212 4061 τὴν
2276 3993 2481 4065 Τριάδα
2533 3999 2892 4071 ἀναλυούσης,
2927 4002 3065 4071 ὅπερ
3099 4002 3380 4073 ἀλλότριον
3419 4002 3704 4066 παντελῶς

2114 4084 2224 4137 τῶν
2252 4085 2413 4143 θείων
2446 4092 2683 4163 ὑπάρχει
2710 4094 2911 4165 νόμων.

2705 4478 2954 4532 ΠΕΥΣΙΣ
2990 4482 3091 4536 lA'.

2198 4588 2288 4655 Ἐξ
2319 4584 2395 4644 ὧν
2437 4592 2786 4666 εὑρίσκομεν,
2832 4596 3071 4666 τριθεῖαν
3118 4601 3357 4668 φρονεῖς,
3401 4604 3709 4672 τιμιώτατε

433 4881 542 4935 que
569 4867 777 4918 ratione
796 4862 906 4924 ﬁet.
925 4870 976 4916 ut
998 4876 1097 4917 nos
1119 4859 1315 4914 doceas
1337 4856 1513 4911 colere
1540 4872 1646 4910 nun
1673 4870 1840 4909 unum
1863 4855 2025 4923 prina
2120 4860 2232 4927 ζεις
2257 4864 2426 4936 ἡμᾶς,

436 4958 610 5026 c‘pent
646 4955 836 5015 Deum,
866 4953 960 5008 sed
1000 4954 1221 5006 multos.

1080 5065 1382 5135 Responsio.

511 5181 620 5253 Ego
657 5195 783 5234 vero
809 5193 932 5232 cum
966 5187 1077 5233 tres
1109 5192 1377 5248 personas
1401 5185 1607 5238 statuo,
1634 5190 1743 5228 non
1771 5173 2011 5227 divinam

438 5285 690 5330 naturam
721 5269 928 5332 divido,
954 5268 1048 5324 sed
1088 5269 1348 5322 unitatem
1383 5268 1502 5336 ejus
1539 5260 2014 5327 cenﬁtende,Tri-

439 5369 660 5420 nitatem
686 5363 913 5434 supplex
948 5361 1199 5431 imploro.
1276 5410 1281 5415 _

512 5526 556 5556 ³³
592 5525 743 5577 Ξοοη.
779 5540 815 5589 t,
855 5524 939 5578 18.
1021 5521 1064 5553 ³³
1096 5516 1263 5573 Exod.
1298 5530 1377 5578 ιιι,
1419 5516 1497 5568 li.
1578 5515 1618 5544 3"
1654 5512 1808 5566 i‘wm.
1850 5527 1921 5574 ιγ,
1960 5510 2009 5563 5.

1222 5784 1253 5803 Ἃ

2748 5049 3109 5118 Ἀπόκρισις.

2188 5161 2262 5214 Οὐ
2294 5159 2390 5232 τὴν
2417 5161 2565 5216 θείαν
2612 5162 2774 5232 φύσιν
2801 5164 3044 5237 διαιρῶν,
3075 5168 3225 5238 τρεῖς
3254 5167 3424 5238 αὐτῆς
3460 5170 3716 5227 ὑποστὰ-

2123 5268 2236 5315 est;
2267 5254 2428 5323 φημὶ,
2450 5252 2567 5307 ἀλλ’
2588 5254 2805 5326 ἐκείνης
2832 5255 2928 5328 τὴν
2963 5257 3154 5312 ἕνωσιν
3178 5258 3477 5330 ὁμολογῶν,
3496 5261 3714 5334 Τριὰεα

2124 5343 2424 5416 ποτνιῶμαι
2440 5345 2714 5416 δεόμενος.

2090 5507 2132 5539 ³⁸
2172 5506 2326 5559 Joan.
2362 5523 2410 5573 \',
2443 5507 2509 5559 46
