4030 6232
243 223 353 281 875

873 340 1236 408 Ἀπόκρισις.

324 434 546 505 Ἔροιμι
598 430 753 500 κάγὼ
799 431 964 502 ὑμᾶς,
1004 429 1342 500 ἀξιὰγαστοι,
1388 429 1484 492 Τίς
1533 429 1755 500 μείζων,
1797 431 1830 501 ἡ

256 527 438 600 ζμέρα
468 525 564 580 καὶ
587 526 620 595 ἡ
648 523 767 596 ὥρα
793 525 998 596 ἐκείνη,
1031 524 1065 596 ἢ
1100 524 1129 576 6
1156 522 1376 593 Πατὴρ;

864 616 1111 669 ΠΕΥΣΙΣ
1148 617 1246 669 lZ'.

334 688 397 741 '0
418 686 610 759 Πατὴρ
629 686 893 758 δηλονότι,
918 685 993 749 ὡς
1022 685 1257 756 ἄναρχος
1279 685 1372 737 καὶ
1397 683 1719 767 προαιώνιος
1740 684 1835 736 καὶ

253 779 637 852 ἀκατάληπτός
663 795 725 832 τε
758 779 853 833 καὶ
886 777 1103 831 πάντων
1135 776 1379 847 ποιητής.

884 912 1245 980 Ἀπόκρισις.

328 1006 393 1061 Εί
415 1004 594 1059 τοίνυν
627 1001 826 1075 μείζων
852 1004 888 1055 6
929 1002 1117 1074 Πατὴρ
1147 1002 1247 1072 τῆς
1273 1000 1421 1074 ὥρας
1449 1001 1541 1055 καὶ
1572 1001 1671 1073 τῆς
1698 1001 1838 1071 ὴμέ-

262 1116 362 1172 ρας
397 1098 493 1152 καὶ
516 1098 750 1161 πάντων,
791 1096 929 1160 πῶς,
961 1096 1024 1148 τὸ
1043 1094 1229 1167 μεῖζον
1258 1095 1617 1164 ἐπιστάμενος
1638 1095 1667 1148 6
1688 1093 1836 1157 Υἱὸς,

259 1190 324 1245 τὸ
356 1189 579 1243 ἔλασσον
608 1189 827 1257 anesi;
876 1186 971 1242 καὶ
1016 1186 1107 1239 τὸν
1152 1187 1382 1258 ποιητὴν
1403 1184 1707 1254 γινώσκων,
1746 1185 1841 1238 καὶ

263 1278 540 1353 συνεργῶν
563 1276 712 1349 αὐτῷ
748 1278 806 1331 ὲν
833 1278 988 1354 πᾶσι,
1016 1276 1132 1340 πῶς
1154 1276 1409 1348 ἀγνοήσει
1450 1274 1518 1330 τὰ
1559 1276 1650 1329 ὑπ’
1674 1274 1840 1328 αὐτοῦ

261 1370 597 1442 ποιηθέντας
628 1368 832 1434 Καθὼς
884 1367 1014 1439 γὰρ,
1049 1368 1203 1438 φησὶ,
1241 1366 1518 1438 γινώσκει
1544 1383 1618 1436 με
1659 1369 1692 1420 ὁ
1727 1368 1842 1419 Πα-

261 1462 399 1529 τὴρ,
423 1460 585 1531 κάγὼ
610 1458 880 1530 γινώσκω
917 1457 1026 1512 τὸν
1066 1458 1318 1527 Πατέρα.
1356 1457 1482 1522 Πῶς
1510 1453 1604 1512 οὖν
1647 1458 1843 1529 ἀγνοή-

263 1568 350 1605 σει
374 1551 435 1606 τὸ
463 1546 645 1625 ἧττον,
674 1552 703 1604 6
730 1551 792 1605 τὸ
818 1551 1001 1622 μεῖζον
1030 1551 1421 1621 ὲπιστάμενοςς

864 1722 1113 1776 ΠΕΥΣΙΣ
1149 1724 1256 1777 IH'.

349 1834 493 1889 Ἀλλ’
520 1836 679 1906 ἡμεῖς
718 1832 1034 1906 νομίζομεν,
1061 1835 1157 1889 καὶ
1182 1832 1276 1888 τοῦ
1312 1833 1443 1888 Υἱοῦ
1481 1832 1681 1905 μείζον’
1706 1829 1845 1888 εἶναι

262 1926 358 1982 τὸν
409 1926 659 1999 Πατέρα,
710 1926 892 1991 καθὼς
946 1928 1109 1992 αὐτός
1146 1943 1339 1998 φησιν’
1386 1928 1440 1979 Ὁ
1489 1925 1692 1996 Πατήρ
1751 1940 1857 1993 μου

259 2018 483 2091 μείζων
500 2020 619 2090 μού
652 2018 842 2074 ἐστιν.

889 2111 1241 2181 Ἀπόκρισις.

340 2203 454 2272 οὐχ
486 2201 630 2255 ὅσιον
658 2201 854 2263 οἴεσθε,
888 2200 1112 2270 μείζονα
1156 2200 1421 2279 ὑπάρχειν
1456 2200 1551 2255 τοῦ
1589 2199 1718 2254 Υίοῦ
1759 2200 1851 2253 τὸν

268 2293 569 2365 Πατέρα,ῆ
616 2292 961 2365 περιφερείᾳ,
1002 2292 1037 2364 ἢ
1081 2292 1307 2363 δγκῳ,ἢ
1340 2291 1537 2362 χρόνῳ.
1571 2291 1604 2362 ἢ
1651 2289 1850 2361 καιρῷ,

268 2385 307 2455 ἢ
342 2382 490 2457 ἀξίᾳ,
517 2384 550 2455 ἢ
575 2383 753 2455 ῥώμῃ,
785 2383 819 2455 ἢ
866 2382 1099 2454 θεότητι,
1139 2383 1173 2456 ἢ
1221 2382 1460 2454 μεγέθει,
1498 2383 1531 2454 ἢ
1571 2383 1712 2453 ὄψει.
1751 2382 1854 2435 Οὐ-

269 2477 362 2531 δὲν
390 2477 497 2549 γὰρ
522 2477 727 2530 τούτων
763 2478 823 2530 ὲν
857 2479 923 2548 τῇ
972 2476 1092 2549 θείᾳ
1122 2477 1334 2548 Τριάδι.
1375 2476 1537 2530 Ἀλλὰ
1575 2476 1714 2530 καθὸ
1737 2477 1854 2530 Πα-

269 2566 377 2640 τὴρ
409 2570 438 2622 6
461 2569 651 2639 Πατήρ
677 2570 844 2630 ἐστιν,
887 2566 1028 2621 οὕτω
1065 2568 1379 2638 γνησιότητι
1404 2568 1433 2620 6
1471 2566 1597 2630 Υίὸς
1619 2566 1710 2621 τὸν
1737 2567 1853 2620 Πα-

269 2659 410 2732 τέρα
430 2660 585 2730 τιμᾷ.
611 2658 686 2711 υύ
714 2658 821 2731 γὰρ
852 2657 1003 2729 ὄγκῳ
1039 2658 1263 2729 φέρεται
1290 2658 1350 2711 τὸ
1368 2657 1541 2721 Θεῖον,
1566 2657 1675 2711 οὐδ’
1694 2657 1859 2729 ὑπέρ-

269 2767 435 2820 ογκος
456 2744 593 2820 εἶ(6)
634 2746 729 2802 τοῦ
749 2748 946 2813 Παιδὸς
961 2751 989 2803 6
1006 2750 1214 2824 Πατήρο
1231 2749 1294 2803 οὐ
1318 2749 1530 2821 χρόνοις
1547 2749 1853 2812 ὑπόκειται,

274 2841 367 2895 ἵνα
404 2834 793 2913 ὗπέρχρονοςῇ
840 2840 869 2893 6
904 2841 1184 2912 γεννήτωρ
1215 2838 1309 2893 τοῦ
1336 2839 1686 2910 γεννηθέντος
1705 2855 1719 2870 ’
1749 2839 1856 2892 οὐδ’

274 2927 347 2986 αὖ
372 2932 534 2986 πάλιν
554 2931 632 3002 τῷ
657 2931 783 3002 ὕψει
811 2931 1053 3003 μερικῶς
1075 2931 1330 2986 τάττεται
1375 2932 1405 2983 6
1429 2932 1641 3003 Πατὴρ,
1683 2930 1861 2984 πάντα

274 3024 570 3099 περιέχων,
622 3025 715 3078 ὑπ’
754 3023 966 3087 οὐδενὸς
1015 3022 1072 3077 δὲ
1124 3023 1540 3097 περιεχόμενος,
1585 3021 1861 3094 ἀμεγέθης

275 3116 541 3191 ὑπάρχων
574 3115 669 3171 καὶ
692 3116 914 3179 ἄποσος.

899 3387 1148 3444 ΠΕΥΣΙΣ
1172 3385 1270 3440 ιθι.

353 3486 419 3541 Εἰ
450 3479 544 3539 οὖν
567 3478 685 3546 ἴσος
710 3479 790 3553 τῷ
817 3480 938 3551 Θεῷ
958 3478 1053 3534 καὶ
1080 3477 1253 3550 Πατρὶ
1277 3478 1306 3530 ὁ
1335 3476 1485 3541 Υἱὸς,
1513 3477 1609 3530 καὶ
1629 3475 1704 3540 ὡς
1726 3476 1869 3528 ἐκεῖ·

279 3597 373 3643 νος
406 3575 634 3647 ἀγαθὸς,
665 3573 785 3638 πῶς
817 3572 978 3636 αὐτὸς
1009 3570 1181 3640 λέγει,
1215 3569 1428 3636 Οὐδεὶς
1454 3568 1677 3639 ἀγαθὸς
1706 3569 1760 3620 ει
1781 3565 1868 3636 μὴ

277 3665 377 3740 εἷς
402 3690 432 3726 ὁ
468 3668 648 3735 886ςὸ
899 3731 1258 3801 Ἀπόκρισις.

372 3830 514 3886 Ἀλλ’
546 3831 648 3883 οὐκ
676 3825 1007 3900 ἀρνούμενος
1040 3823 1230 3877 ἑαυτὸν
1258 3821 1352 3894 τῆς
1377 3820 1734 3894 ἁγαθότητος,
1765 3820 1873 3875 οὐδ’

283 3921 735 3993 ὁπεκφερόμενος
784 3917 885 3986 τῆς
938 3916 1189 3986 θεότητος
1236 3911 1399 3984 μόνον
1452 3912 1616 3983 φησὶν
1674 3911 1876 3980 ἀγαθὸν

285 4014 562 4083 ὕπάρχειν
592 4008 683 4062 τόν
708 4008 840 4062 Θεὸν
868 4007 962 4060 καὶ
993 4005 1237 4077 Πατέρα.
1278 4002 1612 4072 Ἀκροτὰτης
1640 4000 1697 4054 δὲ
1723 4017 1881 4073 στορ-

289 4104 402 4175 γῆς
444 4104 537 4156 καὶ
552 4099 889 4171 ἀγαθότητος
910 4095 1140 4169 ἐναργὴς
1170 4093 1465 4160 ἀπόδειξις,
1490 4092 1552 4145 τὸ
1581 4093 1656 4162 μὴ
1677 4090 1877 4161 ἐαυτῷ,

288 4195 434 4252 ἀλλὰ
470 4193 548 4266 τῷ
583 4192 761 4265 Πατρὶ
800 4189 1095 4262 ἀναφέρειν
1135 4187 1233 4258 τὴν
1275 4186 1461 4256 τιμὴν,
1512 4184 1881 4254 φιλοπάτορας

289 4287 448 4359 ἡμᾶς
472 4281 739 4340 παιδεύων
765 4278 1051 4350 ὑπάρχειν.
1082 4273 1427 4347 Αὐθαιρέτως
1451 4272 1558 4344 γὰρ
1577 4268 1882 4343 μετριάζων

298 4379 365 4433 οὐ
412 4372 695 4446 φὰοδοξεῖ,
745 4369 869 4424 οὐδὲ
918 4367 998 4439 τῷ
1051 4364 1326 4437 ἀξιώματι
1366 4360 1697 4435 κορυφοῦται
1743 4359 1885 4414 κατὰ

295 4468 427 4532 τοὺς
456 4465 721 4537 σοϐαροὺς
748 4461 844 4516 καὶ
863 4459 1129 4525 ἀλαζόνας
1147 4454 1396 4527 ἀμυδρᾶς
1417 4451 1883 4524 ὲπιλελημμένους

295 4560 498 4632 ἀρχῆς,
538 4555 626 4610 διὰ
662 4555 763 4626 τῆς
792 4552 929 4627 πρὸς
960 4551 1020 4605 τὸ
1052 4548 1274 4620 ἀμειδὲς
1296 4546 1389 4600 καὶ
1427 4543 1783 4615 δυσπρόσιτον
1814 4543 1881 4613 τῇ

297 4649 397 4705 τοῦ
428 4651 672 4722 κήρυκος
690 4647 843 4717 φωνῇ
874 4638 1278 4712 ὲξογκούμενοι.
1315 4634 1567 4707 καὶπρὸς
1597 4633 1885 4688 ἁτίθασσον

300 4742 449 4815 θῆρα
484 4737 947 4813 μετατυπούμενοι
968 4754 981 4766 ·
1017 4733 1115 4802 οὐχ
1141 4729 1440 4803 ἡμερότητι
1468 4727 1561 4781 καὶ
1586 4724 1883 4815 φιλαειθρωο

422 4829 520 4902 τὴν
545 4828 793 4895 ἐξουσίαν
812 4825 1086 4897 κρίνοντες
1101 4821 1199 4892 τῆς
1219 4819 1453 4891 ἀλήκτου
1473 4815 1649 4886 δόξης,
1666 4813 1891 4875 εἰκότως

305 4921 731 4994 ἑπαχθήσονται.
779 4918 844 4972 El
889 4917 947 4970 δὲ
984 4913 1293 4986 προχείρως
1344 4911 1453 4964 πᾶν
1503 4905 1705 4975 ἀγαθὸν
1756 4904 1891 4973 ζωο-

306 5015 515 5069 ποιεῖτε
534 5052 551 5077 ,
580 5010 866 5076 πλείστους
887 5009 946 5061 ὲν
968 5006 1048 5077 τῷ
1077 5005 1234 5076 μέρει
1261 5000 1436 5073 τούτῳ
1460 4999 1615 5061 θεοὺς
1661 4996 1854 5067 ἕξομεν
1872 5034 1887 5057 ,

307 5104 582 5177 πολλαχοῦ
614 5104 716 5174 τῆς
738 5102 890 5165 θείας
903 5097 1129 5172 Γραφῆς
1161 5095 1298 5167 μετὰ
1329 5092 1460 5149 Θεὸν
1488 5090 1697 5163 βοώσης
1719 5089 1893 5161 ὑπάρ-

307 5216 426 5271 χειν
472 5198 567 5250 καὶ
605 5196 771 5265 ἓτερα
818 5191 1002 5261 ἀγαθά
1021 5207 1035 5221 ·
1091 5188 1169 5260 πὴ
1221 5188 1320 5259 μὲν
1363 5186 1648 5256 φάσκουσα
1691 5182 1894 5251 ἀγαθὸν

309 5290 482 5344 παῖδα
509 5286 720 5359 πτωχὸν
742 5283 836 5339 καὶ
859 5281 1021 5352 σοφὸν
1050 5280 1141 5335 τὸν
1179 5278 1451 5360 Σαμουὴλ,
1478 5275 1554 5348 πὴ
1581 5275 1658 5339 δὲ,
1698 5272 1898 5343 ἀγαθὸς

309 5377 493 5435 Σαοὺλ
522 5377 637 5439 υἱὸς
659 5374 851 5437 Κίσου,
874 5373 903 5426 6
934 5369 1150 5443 πρῶτος
1169 5367 1262 5421 τοῦ
1293 5366 1509 5439 Ἰσραὴλ
1534 5365 1688 5431 ἄναξ.
1710 5363 1818 5417 Καὶ
1833 5363 1899 5432 τῇ

314 5472 488 5545 ’Δννῃ
501 5470 612 5524 ἀπο
620 5468 727 5539 ιδία
744 5466 841 5522 καὶ
853 5462 1137 5536 στειρώαει
1156 5458 1497 5543 ποτνιωμένῃ
1510 5457 1672 5529 φησιν
1686 5458 1714 5508 6
1729 5456 1852 5509 Ἐλκ
1859 5470 1910 5510 a-

1593 220 1943 280 DIALOGUS
1979 221 2020 277 l.

3408 217 3509 272 ττι

2565 332 2875 402 Responsio.

2006 425 2198 483 Merito
2229 429 2559 497 interrogem
2600 434 2654 480 et
2692 439 2793 494 ego
2832 436 2931 477 vos
2955 461 2970 486 ,
3006 437 3041 475 0
3065 420 3306 494 praeclari
3329 461 3343 487 ,
3375 420 3513 490 Quis

1934 521 2109 591 major
2133 520 2156 572 τ’
2180 534 2310 576 num
2343 518 2461 573 dies
2490 525 2543 572 et
2571 516 2704 571 hora
2737 516 2859 578 illa,
2894 530 2963 569 an
2990 512 3200 569 Pater?

2370 604 2891 664 INTERROGATIO
2927 604 3093 661 XVII.

2005 683 2169 737 Pater
2207 681 2427 751 utique,
2468 678 2562 747 qui
2601 686 2686 733 est
2726 678 2933 747 absque
2976 674 3281 745 principio,
3322 679 3377 731 et
3414 688 3518 732 ste-

1937 772 2076 827 culis
2133 769 2390 825 omnibus
2446 768 2619 838 prior,
2678 773 2734 821 et
2792 763 3398 835 incomprehensibilis,
3463 771 3522 818 ct

1939 863 2183 918 omnium
2218 859 2491 915 conditor.

2573 928 2881 999 Responsio.

2012 1020 2069 1076 Si
2097 1035 2227 1091 ergo
2273 1019 2448 1089 major
2490 1017 2673 1083 Pater,
2715 1031 2880 1088 quam
2912 1015 3046 1070 hora
3076 1022 3132 1071 et
3158 1015 3279 1071 dies
3310 1014 3433 1077 ille,
3466 1023 3522 1069 et

1940 1113 2158 1185 quidem
2199 1109 2369 1179 major
2413 1106 2713 1164 omnibus:
2764 1107 3040 1178 quomodo
3087 1106 3268 1177 majus
3313 1119 3519 1178 cogno—

1942 1218 2103 1261 scens
2136 1202 2340 1267 Filius,
2376 1199 2647 1273 ignorabit
2687 1198 2914 1254 minus?
2940 1198 3042 1265 .qui
3081 1206 3135 1253 et
3174 1196 3519 1254 conditorem

1941 1294 2265 1366 cognoscit,
2325 1300 2381 1348 et
2436 1298 2694 1362 operatur
2749 1303 2873 1345 cum
2932 1288 3053 1360 ipso
3106 1290 3164 1344 in
3217 1289 3518 1354 omnibus,

1942 1385 2216 1457 quomodo
2269 1382 2547 1456 ignorabit
2602 1396 2634 1436 a
2683 1395 2743 1437 se
2787 1379 2976 1436 facta?
3027 1379 3520 1447 Quemadmodum.

1944 1479 2140 1548 inquit,
2170 1476 2310 1530 nouit
2348 1491 2430 1530 me
2472 1474 2655 1539 Pater,
2695 1473 2859 1527 etiam
2899 1472 3010 1541 ipse
3045 1473 3166 1526 noui
3201 1470 3417 1526 Patrem
3447 1470 3518 1523 ⁸³.

1945 1568 2231 1634 Quomodo
2290 1566 2458 1638 igitur
2513 1563 2786 1636 ignorabit
2838 1562 3057 1629 minus,
3108 1565 3204 1633 qui
3262 1562 3413 1619 novit
3464 1561 3520 1615 id

1945 1644 2091 1729 quod
2144 1655 2326 1726 majus
2381 1655 2513 1711 est?
2917 1675 2921 1679 -

2366 1744 2887 1802 INTERROGATIO
2924 1744 3112 1799 XVIII.

2018 1840 2180 1912 Atqui
2212 1854 2315 1897 nos
2345 1839 2685 1895 arbitramur
2710 1839 2877 1895 etiam
2918 1838 3058 1894 Filio
3096 1838 3364 1907 majorem
3404 1849 3528 1893 esse

1948 1930 2163 1986 Patrem
2182 1969 2198 1995 ,
2232 1926 2694 2000 quemadmodum
2752 1926 2933 1997 inquit
2985 1928 3103 1996 ipse
3130 1945 3149 1980 ε
3179 1926 3344 1980 Pater
3372 1939 3529 1982 utens

1951 2020 2125 2091 major
2161 2039 2239 2077 me
2268 2030 2348 2076 est
2377 2021 2445 2076 ⁸⁸⁵.

2585 2111 2890 2182 Responsio.

2020 2202 2142 2260 Non
2187 2205 2325 2261 satis
2373 2204 2462 2275 pie
2508 2203 2714 2274 putatis
2762 2203 3026 2273 majorem
3072 2218 3201 2261 esse
3243 2204 3397 2260 Filio
3425 2203 3531 2260 Pa—

1955 2310 2105 2360 rem,
2155 2296 2241 2351 vel
2291 2295 2534 2351 ambitus
2572 2296 2829 2360 «ratione,
2880 2295 2971 2350 vel
3013 2296 3213 2360 molis,
3259 2297 3347 2351 vel
3394 2304 3532 2351 tem-

1955 2386 2142 2456 poris,
2172 2387 2256 2441 vel
2302 2385 2589 2457 dignitatis
2609 2427 2625 2452 ,
2665 2387 2749 2440 vel
2788 2386 3039 2451 roboris,
3069 2388 3155 2441 vel
3193 2386 3496 2440 divinitatis
3517 2425 3531 2447 ,

1955 2477 2040 2531 vel
2099 2475 2501 2547 magnitudinis
2532 2513 2548 2539 ,
2612 2476 2696 2529 vel
2751 2474 3107 2530 excellentiae.
3177 2474 3323 2529 Nihil
3382 2475 3532 2530 enim

1956 2565 2226 2636 ejusmodi
2275 2565 2332 2619 in
2383 2572 2576 2621 sancta
2621 2562 2891 2619 Trinitate
2947 2563 3129 2617 locum
3182 2564 3385 2619 habet-
3423 2561 3533 2619 Sed

1958 2663 2230 2726 quatenus
2267 2654 2453 2720 Pater,
2505 2653 2668 2710 Pater
2711 2662 2827 2718 est,
2865 2653 3108 2724 legitimo
3151 2654 3390 2725 quodam
3436 2652 3536 2708 lto-

1962 2762 2101 2805 nore
2149 2747 2324 2805 Filius
2373 2747 2591 2803 Patrem
2635 2745 2826 2801 allicit.
2869 2744 2989 2800 Non
3035 2745 3183 2800 enim
3221 2746 3365 2801 mole
3402 2760 3536 2816 qua-

1961 2838 2088 2893 dam
2125 2843 2372 2908 gestatur
2410 2827 2714 2901 Diviuitas,
2769 2842 2831 2889 ut
2879 2833 3023 2889 mole
3070 2842 3294 2904 superet
3339 2835 3538 2891 Filium

1963 2927 2168 2983 Pater:
2202 2941 2382 2993 neque
2407 2923 2638 2995 tempori
2674 2923 2957 2994 subiacet,
3003 2931 3066 2979 ut
3107 2924 3258 2995 prior
3299 2911 3543 2996 tempore

1965 3016 2039 3073 sit
2068 3015 2285 3086 genitor
2313 3012 2541 3085 genito:
2578 3027 2759 3083 neque
2790 3013 2923 3068 item
2958 3011 3319 3069 sublimitatis
3358 3013 3543 3071 habita

1963 3105 2180 3160 ratione
2210 3103 2508 3175 separatim
2544 3102 2771 3173 ponitur
2803 3099 2985 3168 Pater,
3024 3102 3123 3172 qui
3165 3102 3351 3159 omnia
3388 3118 3544 3160 eom-

1965 3197 2272 3269 plectatur,
2336 3196 2455 3267 ipse
2510 3211 2540 3249 a
2595 3197 2750 3251 nullo
2814 3194 3293 3266 comprehensus,
3346 3211 3547 3269 expers

1967 3287 2363 3361 magnitudinis
2393 3294 2448 3343 et
2482 3286 2840 3358 quantitatis.

2405 3374 2860 3433 INTERROGA'I‘
2863 3375 2935 3434 10
2974 3376 3114 3432 XIX.

2043 3468 2102 3522 Si
2136 3467 2304 3537 igitur
2332 3466 2563 3537 aequalis
2590 3466 2704 3522 Deo
2731 3481 2797 3523 ac
2820 3465 2973 3522 Patri
3006 3465 3182 3524 Filius
3212 3477 3321 3534 est,
3356 3476 3411 3525 et
3450 3469 3551 3525 bu.

1973 3570 2076 3610 nus
2136 3552 2601 3624 quemadmodum
2673 3554 2786 3621 ille,
2863 3556 3143 3625 quomodo
3198 3557 3382 3629 inquit
3410 3560 3550 3632 ipse,

1972 3649 2138 3702 Nemo
2166 3645 2332 3700 bonus
2364 3653 2463 3712 est,
2486 3653 2679 3716 praeter
2711 3661 2871 3700 unum
2896 3646 3064 3702 Deum
3079 3646 3129 3679 "
3148 3648 3174 3700 ἲ

2598 3735 2915 3805 “Responsio.

2045 3830 2163 3886 Non
2197 3827 2341 3900 quod
2370 3836 2531 3900 neget
2565 3828 2623 3883 in
2653 3828 2955 3901 semetipso
2999 3830 3334 3899 bonitatem,
3378 3847 3555 3904 neque

1978 3921 2047 3977 de
2077 3918 2368 3976 divinitate
2398 3934 2459 3975 se
2492 3919 2762 3983 eximens,
2792 3921 2973 3977 solum
3001 3921 3183 3995 inquit
3204 3923 3408 3978 bonum
3433 3939 3560 3980 esse

1979 4010 2151 4068 Deum
2184 4017 2240 4065 et
2267 4008 2511 4065 Patrem.
2537 4009 2751 4065 Summi
2782 4010 3044 4067 nimirum
3067 4014 3273 4069 amoris
3303 4023 3358 4071 et
3390 4014 3556 4069 boni-

1984 4102 2118 4158 tatis
2162 4100 2390 4156 evidens
2424 4109 2811 4172 argumentum
2845 4109 2953 4168 est,
2988 4117 3098 4158 non
3135 4102 3265 4171 sibi,
3288 4102 3385 4158 sed
3409 4102 3560 4159 Patri

1986 4192 2203 4249 deferre
2221 4192 2507 4258 honorem,
2529 4207 2642 4263 quo
2668 4191 2789 4263 ipso
2810 4207 2913 4249 nos
2935 4206 3124 4249 amore
3148 4200 3407 4263 parentes
3432 4208 3565 4264 pro-

1989 4284 2146 4355 sequi
2193 4282 2396 4341 debere
2443 4283 2624 4340 docet.
2667 4283 2807 4339 Nam
2849 4291 3050 4356 sponte
3089 4283 3160 4340 de
3208 4298 3271 4340 se
3317 4284 3566 4342 modeste

1988 4379 2244 4447 loquens,
2276 4391 2383 4431 non
2419 4376 2637 4432 inanem
2666 4385 2855 4449 captat
2875 4377 3124 4448 gloriam,
3157 4393 3336 4448 neque
3381 4375 3563 4449 digni-

1989 4467 2121 4523 tatis
2165 4465 2578 4522 existimatione
2620 4464 2868 4533 eﬂ'ertur,
2917 4474 2978 4522 ut
3027 4467 3207 4523 solent
3244 4467 3471 4537 superbi
3511 4476 3568 4523 et

1990 4565 2340 4629 arrogantes,
2369 4556 2462 4627 qui
2493 4564 2658 4613 tenue
2674 4571 2738 4611 ac
2761 4557 3063 4612 obscurum
3100 4556 3390 4627 imperium
3419 4557 3565 4611 nacti

1992 4665 2060 4705 eo
2088 4649 2208 4720 ipso
2242 4647 2312 4703 ad
2346 4647 2681 4704 inamabiles
2716 4662 2926 4713 mores,
2968 4657 3025 4704 et
3047 4647 3199 4704 omni
3240 4663 3270 4702 a
3310 4647 3571 4703 comitate

1997 4741 2051 4795 in
2083 4740 2477 4811 congressibus
2512 4739 2722 4796 alienus
2744 4755 2842 4812 per
2878 4755 3066 4797 vocem
3106 4740 3379 4811 praeconis
3413 4739 3568 4804 elati,

1997 4832 2295 4917 immanem
2340 4831 2636 4903 quamdam
2674 4832 2732 4887 in
2780 4832 2951 4888 feram
2994 4837 3301 4896 mutantur,
3338 4830 3573 4901 ideoque

1997 4938 2108 4979 non
2122 4939 2189 4979 ex
2207 4920 2635 4979 mansuetudine
2654 4938 2719 4977 ac
2738 4922 3080 4978 humanitate
3098 4931 3373 4993 perpetua:
3387 4921 3573 4991 gloria:

1996 5020 2327 5087 potestatem
2381 5014 2703 5078 metientes,
2746 5013 2932 5068 odium
2978 5013 3034 5068 in
3080 5026 3203 5070 sese
3232 5028 3342 5070 non
3385 5012 3484 5068 abs
3514 5027 3573 5068 re

2004 5105 2384 5162 concitabunt.
2425 5104 2582 5172 Quod
2618 5104 2666 5160 si
2711 5113 2918 5161 temere
2954 5104 3188 5175 quodvis
3212 5105 3419 5160 bonum
3460 5101 3572 5157 dei-

2003 5197 2259 5264 ﬁcabitis,
2320 5198 2585 5268 plurimos
2617 5198 2671 5252 in
2702 5197 2804 5251 hac
2842 5205 2997 5269 parte
3024 5197 3157 5253 deos
3184 5196 3425 5252 habituri
3476 5207 3572 5248 su-

2005 5305 2151 5356 mus,
2193 5289 2380 5345 multis
2408 5290 2462 5345 in
2494 5290 2634 5345 locis
2664 5290 2937 5345 clamante
2972 5289 3258 5359 Scriptura
3281 5299 3459 5350 sacra,
3486 5298 3570 5338 se-

2011 5382 2252 5438 cundum
2315 5378 2485 5439 Deum
2536 5388 2591 5436 et
2642 5380 2746 5435 alia
2786 5379 3032 5451 quaedam
3065 5392 3188 5434 esse
3218 5377 3381 5440 bona,
3423 5373 3577 5428 verbi

2016 5473 2213 5545 gratia,
2240 5488 2405 5544 quum
2445 5473 2682 5544 quodam
2711 5474 2787 5531 ait
2814 5474 2868 5529 in
2905 5473 3026 5527 loco
3057 5471 3126 5538 ",
3173 5467 3372 5524 bonum
3408 5463 3581 5521 fuisse

386 5623 438 5658 "
467 5620 629 5679 Joan.
664 5638 724 5689 ι,
761 5621 849 5679 {5.
928 5618 1157 5676 “Joan.
1194 5635 1305 5686 xtv,
1335 5617 1426 5674 28.
1504 5615 1548 5649 ⁵⁵
1577 5614 1742 5672 Marc.
1772 5631 1825 5683 χ,
1863 5615 1870 5667 4

2025 5614 2070 5646 ⁵⁸
2103 5612 2275 5686 Illcg.
2307 5628 2365 5680 ιι,
2391 5611 2483 5671 26.

388 5735 471 5812 (ϐ)
504 5732 594 5793 ΕΙ.
628 5735 770 5808 Lege
797 5736 939 5802 ἔστι,
965 5733 1070 5799 vel,
1099 5733 1204 5800 εἴη.
1234 5730 1396 5787 Eon.

527 5831 805 5893 l’ATltOL.
839 5828 956 5896 Gn.
990 5827 1349 5890 XXXVIII.

3202 5805 3277 5864 '28
