4030 6232
239 212 346 270 877

229 333 348 407 γὰρ
373 331 725 405 παρῳχηκὼς
755 331 913 405 ἔφην,
939 333 988 386 εί
1014 332 1213 398 παντὸς
1242 332 1503 406 μεγέθους
1537 333 1631 388 καὶ
1653 353 1821 389 κατα-

231 425 453 498 λήψεως
471 422 773 495 ὑπέρτερον
793 423 1108 496 ὑπάρχοντα
1138 424 1230 478 τὸν
1269 423 1488 497 Πατέρα
1513 423 1818 493 γινώσκων,

231 517 354 582 πῶς
380 512 480 589 τὴν
518 514 733 587 ἡμέραν
763 514 859 569 καὶ
892 514 990 587 τὴν
1018 513 1166 587 ὥραν
1204 515 1440 586 ἐκείνην,
1472 515 1673 587 ἀτμίδα
1700 516 1819 586 ἦτοι

230 607 386 680 χοῦν,
414 607 510 660 καὶ
551 606 634 659 ἔτι
672 605 877 678 ἀδρανῆ
903 606 999 659 καὶ
1029 605 1375 677 ἀμυδρότερα
1407 606 1542 680 πρὸς
1576 605 1637 660 τὸ
1667 606 1821 661 Θεῖον

235 696 661 770 συγκρινόμενα,
698 695 919 764 ἀγνοεῖς
947 695 1240 768 διαρρήδην
1281 694 1579 769 θεηγορῶν,
1608 693 1818 763 οὐδεὶς

236 787 514 860 γινώσκει
530 786 638 841 τὸν
660 785 890 855 Πατέρα
901 787 958 840 εί
966 784 1053 857 μὴ
1069 789 1103 840 ὀ
1126 785 1279 854 Υἱὸς,
1291 785 1435 842 οὐδὲ
1452 785 1560 840 τὸν
1578 787 1717 841 Υίόν
1728 802 1820 853 τις

229 876 633 950 ἐπιγινώσκει,
655 878 708 931 εί
723 876 809 946 μὴ
827 879 861 931 ὁ
877 876 1077 945 Πατήρ
1092 919 1105 932 .
1137 876 1223 941 ἀς
1261 876 1371 949 γὰρ
1395 876 1567 949 μέγας
1586 877 1615 931 6
1631 876 1818 951 Πατὴρ

233 966 496 1039 γινώσκει
537 966 629 1020 τὸν
669 965 814 1031 my,
845 965 927 1029 ὡς
948 965 1006 1020 δὲ
1042 966 1295 1038 μέγιστος
1326 966 1359 1019 6
1393 967 1530 1032 Παῖς
1562 966 1818 1037 γινώσκει

231 1060 327 1114 τὸν
354 1057 681 1130 Γεννήτορα,
704 1057 800 1113 καὶ⁵
821 1044 1136 1130 ἰσομέγεθες
1151 1059 1211 1113 τδ
1232 1059 1374 1113 θεῖον
1397 1058 1622 1132 Πνεῦμα
1643 1060 1819 1132 ὑπάρ-

220 1168 331 1224 σχπ
376 1148 636 1219 γινώσκει
674 1148 766 1203 τὸν
809 1150 1062 1222 Πατέρα,
1101 1150 1196 1204 καὶ
1262 1151 1354 1204 τὸν
1392 1151 1540 1214 Υίδν.
1576 1152 1668 1206 ὑπ’
1710 1153 1817 1224 ἀμ-

232 1243 362 1312 φοῖν
393 1230 815 1310 γινωσκόμενον.
849 1238 954 1294 Δύο
980 1240 1038 1295 δὲ
1060 1238 1310 1311 γνώσεις,
1341 1242 1525 1316 διττὴν
1560 1243 1655 1298 καὶ
1676 1243 1820 1315 εἴδη-

233 1348 323 1387 σιν
347 1331 453 1386 ὑπὸ
478 1332 580 1403 τῆς
606 1331 756 1395 θείας
778 1331 1002 1403 Γραφῆς
1023 1332 1389 1405 παιδευόμεθα
1408 1350 1425 1364 ·
1457 1335 1557 1405 τὴν
1581 1333 1681 1407 μὲν
1696 1336 1816 1389 κατ’

233 1424 538 1496 ἐνέργειαν,
568 1421 667 1494 τὴν
706 1421 763 1476 δὲ
803 1422 926 1476 κατ’
962 1421 1105 1493 δψιν,
1128 1421 1318 1488 καθὼς
1346 1423 1609 1496 ἀμυδροῖς
1639 1441 1817 1498 παρα-

226 1516 489 1587 δείγμασι
533 1512 879 1586 χρησάμενος
914 1513 1213 1586 ἀπορρήξω
1253 1514 1345 1567 τὸν
1393 1514 1594 1578 κάλων,
1641 1515 1696 1569 εί
1731 1533 1815 1580 τις

226 1608 440 1676 ἀγνοεῖ,
472 1604 582 1659 τῶν
623 1602 907 1675 αἱρέσεων,
925 1601 1335 1675 ἀντισπώμενος
1370 1604 1515 1675 ὑμᾶς
1549 1604 1651 1675 τῆς
1682 1603 1813 1675 βλα-

232 1697 459 1769 σφήμου
513 1694 808 1766 φάλαγγος.
868 1691 1057 1757 οὕτως
1113 1693 1225 1765 γὰρ
1285 1695 1817 1766 αἰχμαλωτισθέντας

234 1788 465 1860 βροτοὺς
504 1787 611 1840 ὑπὸ
645 1783 757 1840 τοῦτ
786 1775 1287 1858 ποικιλουΒελιάρ,
1328 1787 1816 1859 ἀντσιχμαλωτίζει

235 1879 476 1953 Χριστὸς
496 1878 588 1932 επὶ
619 1875 838 1949 σταυρῷ
856 1876 991 1946 ὑψοῦ
999 1893 1179 1948 μενος,
1208 1878 1351 1933 κατά
1374 1877 1541 1932 Δαόὶδ
1562 1878 1655 1933 τὸν
1674 1878 1818 1933 θεῖον

238 1970 499 2043 μελῳδόν.
533 1968 751 2042 Προείδε
777 1968 886 2040 γὰρ
914 1970 943 2023 6
968 1968 1254 2033 θεσπέσιος
1277 1968 1338 2023 τδ
1363 1968 1626 2042 σωτήριον
1648 1969 1818 2036 πάθος

235 2063 335 2119 καὶ
376 2065 475 2134 τὴν
511 2063 669 2134 ἡμῶν
707 2062 1103 2135 αἰχμαλωσίαν)
1129 2061 1201 2116 δι’
1225 2055 1301 2116 ὧν
1329 2078 1494 2134 φησιν
1515 2077 1532 2092 ⁸
1577 2063 1820 2131 Ἀναϐὰς

235 2157 326 2222 είς
342 2156 502 2225 ὕψος
544 2154 1017 2226 ᾐχμαλώτευσας
1030 2155 1463 2225 αλγμωιωσίαν,
1479 2152 1706 2223 ἔδωκας
1718 2154 1819 2210 δό-

235 2264 394 2317 ματα
411 2247 483 2300 ἐν
500 2238 850 2316 ἀνθρώποὶς.
872 2238 1007 2302 Τίνα
1024 2246 1196 2301 ταῦτα
1219 2262 1234 2313 ;
1257 2245 1370 2318 Τὴν
1398 2247 1479 2312 είς
1497 2246 1702 2319 Τριάδα
1732 2245 1819 2302 πί-

240 2354 385 2400 στιν.
418 2338 512 2416 καὶ
539 2337 647 2392 τῶν
667 2336 945 2410 μυστικῶν
970 2337 1212 2409 τελετὴν,
1242 2337 1337 2391 καὶ
1354 2336 1546 2392 ἐλπίδα
1573 2338 1820 2410 τῆςάνα-

238 2430 505 2495 στάσεως.
543 2429 769 2499 Ἐπάγει
787 2431 834 2484 δ’
869 2425 1078 2501 αὖθιςὴ
1109 2428 1219 2483 τῶν
1245 2428 1402 2483 θείων
1429 2431 1692 2502 μελῳδίαο
1712 2429 1820 2485 Καὶ

234 2520 353 2595 γὰρ
369 2520 766 2589 ἀπειθοῦντας
790 2519 894 2573 τοῦ
917 2518 1405 2586 κατασκηνῶσαι.
1435 2518 1569 2574 Τίνα
1590 2522 1699 2592 ἄρα
1722 2519 1820 2575 καὶ

224 2603 377 2677 ’ἀοῦς
418 2611 558 2675 Τοὺς
600 2610 663 2676 ἐξ
712 2596 981 2664 Ἰουδαίων
1028 2610 1120 2663 καὶ
1173 2596 1440 2681 Ἑλλήνων
1483 2610 1541 2663 ὲν
1586 2611 1651 2682 τῇ
1701 2608 1821 2682 θείᾳ

236 2705 414 2773 σκηνῇ
458 2702 558 2773 τῆς
612 2701 959 2773 Ἑκκλησίας.
1017 2700 1282 2756 Ἀπειθῶν
1324 2700 1454 2773 γὰρ,
1497 2699 1693 2764 παίων,
1728 2699 1821 2754 καὶ

237 2795 568 2867 σπαράττων
608 2793 769 2858 λύκος
814 2792 1205 2866 Χριστιανοὺς,
1244 2791 1480 2857 Παῦλος,
1516 2795 1545 2847 ὁ
1585 2791 1682 2846 νῦν
1720 2791 1819 2862 τῆς

239 2884 582 2956 ’Ἐκκλησίας
610 2885 821 2949 στύλος,
849 2885 886 2957 ή
909 2883 1260 2955 ὑψηλόφωνος
1292 2882 1392 2953 τῆς
1420 2882 1655 2948 πίστεως
1689 2881 1819 2937 σάλ-

234 2977 397 3047 πιγξ,
424 2979 456 3030 6
492 2975 658 3030 πάλαι
685 2974 900 3037 ,διώκων
933 2975 1139 3041 κακῶς,
1180 2973 1360 3039 καλῶς
1397 2973 1626 3045 τραπεὶς
1662 2974 1820 3027 ἑκουσ-

236 3068 378 3133 σίως
390 3067 533 3139 ὑπὲρ
551 3067 661 3122 τῶν
678 3067 1014 3138 διωχθέντων
1031 3066 1369 3139 μαστίξεται,
1386 3067 1416 3119 ό
1439 3066 1617 3121 παίων
1637 3064 1824 3137 ῥαϐδί-

237 3153 418 3222 ζεται,
464 3157 494 3209 6
536 3156 774 3229 ἀναιρῶν
817 3156 961 3228 ὑπὲρ
990 3154 1101 3209 τῶν
1135 3155 1451 3226 σφαγέντων
1491 3154 1828 3228 αὐθαιρέτως

235 3248 659 3319 καρατομείται,
708 3247 777 3318 τῇ
818 3243 1112 3318 οὐρανόθεν
1147 3246 1297 3316 φωνῇ
1351 3244 1447 3298 καὶ
1491 3243 1673 3316 πληγῇ
1718 3244 1828 3298 τῶν

236 3337 421 3408 ﬁdem
468 3336 607 3409 πρὸς
655 3335 827 3391 ταῦτα
846 3335 1202 3408 μεταπεσὼν,
1234 3335 1358 3391 ἀντὶ
1385 3334 1588 3390 Σαύλου
1618 3335 1829 3401 Παῦλος

236 3429 349 3484 ὕπο
367 3428 464 3483 τοῦ
495 3427 848 3502 ὠνησαμένου
884 3425 1121 3500 Χριστοῦ
1171 3426 1616 3500 μετονομασθεὶς,
1646 3427 1735 3481 ἵνα
1757 3427 1829 3482 τὰ

236 3523 370 3594 ἔθνη
404 3522 769 3594 Χριστιανοὺς
800 3519 1251 3599 προσαγορεύσει..
1360 3564 1363 3565 ν

1661 211 2009 272 DMLOCL'S
2046 213 2086 267 1.

3388 211 3494 269 878

1922 334 2054 389 illud
2085 342 2337 391 sanctum
2383 342 2437 391 et
2481 350 2575 407 per
2630 351 2691 392 se
2732 333 3041 390 subsistens
3094 333 3354 401 Verbum,
3409 336 3492 392 lo-

1921 440 2097 496 quens
2127 431 2180 481 et
2209 426 2459 491 audiens,
2494 427 2549 481 in
2578 426 2874 497 Evangelio
2910 425 3174 483 divinitus
3211 427 3303 483 illa
3326 429 3493 486 verba

1922 517 2183 588 protulit:
2236 516 2406 573 Nemo
2447 520 2589 574 novit
2630 519 2767 573 diem
2813 528 2907 573 aut
2952 519 3136 574 horam
3186 521 3358 587 illam,
3399 538 3493 579 nec

1920 609 2094 679 angeli
2131 609 2384 675 caelestes,
2416 625 2576 679 neque
2623 608 2800 665 Filius
2820 610 2869 645 "
2903 618 2992 667 :et
3034 610 3253 683 quidem
3286 611 3494 670 ratione

1918 698 2419 773 administrationis
2476 716 2620 764 suae.
2672 716 2737 757 ac
2796 702 3097 758 secundum
3152 704 3490 774 peculiarem

1919 803 2140 846 sensum
2171 805 2235 846 ca
2257 791 2526 863 ‘protulit.
2565 789 2632 846 Ut
2665 792 2819 847 enim
2845 794 3101 864 superius
3128 809 3158 848 a
3207 795 3369 851 nobis
3405 795 3494 850 dio

1918 890 2066 939 ctum
2098 891 2203 947 est,
2240 885 2287 939 si
2321 883 2474 938 omni
2506 884 2884 956 magnitudine
2910 892 2965 942 et
3004 885 3494 957 comprehensione

1919 972 2383 1043 perceptioneque
2413 974 2754 1043 superiorem
2786 972 3001 1030 Patrem
3021 975 3324 1045 cognoscit,
3355 991 3493 1046 quo-

1919 1063 2081 1118 modo
2107 1062 2250 1119 diem
2283 1072 2337 1118 et
2371 1062 2564 1118 horam
2599 1063 2751 1119 illam
2779 1065 3040 1127 nesciret,
3071 1080 3193 1136 qua:
3246 1072 3377 1122 sunt
3404 1066 3493 1122 in-

1917 1162 2033 1210 star
2067 1168 2214 1211 aura:
2243 1146 2589 1226 pulverisque
2610 1155 2922 1225 cujusdam,
2953 1162 3048 1212 aut
3073 1157 3241 1212 etiam
3270 1156 3491 1214 levioris

1915 1252 1970 1302 et
2002 1245 2270 1303 tenuioris
2293 1246 2394 1310 rei,
2431 1246 2475 1301 si
2505 1262 2629 1301 cum
2659 1253 2853 1301 natura
2882 1247 3126 1304 numinis
3148 1248 3294 1303 illius
3317 1248 3488 1304 divini

1915 1338 2339 1409 comparentur?
2370 1338 2667 1409 prmsertim
2706 1353 2872 1411 quum
2902 1336 3103 1395 diserte
3149 1339 3297 1396 dicat
3331 1358 3346 1396 :
3380 1339 3492 1397 Ne-

1916 1447 2000 1484 mo
2029 1431 2169 1485 novit
2188 1425 2408 1483 Patrem
2433 1431 2536 1487 uisi
2564 1429 2612 1483 F
2614 1431 2759 1495 ilius,
2786 1446 2946 1501 neque
2979 1428 3180 1485 Filium
3212 1432 3490 1503 quisquam

1915 1523 2204 1594 cognoscit,
2236 1522 2341 1577 nisi
2371 1521 2535 1577 Pater
2552 1520 2621 1576 ".
2655 1520 2724 1577 Ut
2751 1521 2897 1577 enim
2937 1537 3165 1594 magnus
3206 1522 3297 1579 ille
3325 1521 3491 1579 Pater

1915 1614 2067 1670 novit
2092 1613 2313 1678 Filium,
2339 1623 2506 1684 utque
2536 1613 2808 1669 maximus
2839 1612 2931 1668 ille
2954 1611 3129 1669 Filius
3153 1609 3488 1670 novitGeni-

1917 1710 2089 1760 torem
2126 1722 2140 1758 :
2193 1703 2267 1757 ita
2317 1710 2373 1757 et
2417 1702 2644 1773 aequalis
2688 1701 3069 1773 magnitudine
3106 1700 3347 1774 Spiritus
3397 1702 3491 1757 ille

1917 1803 2142 1854 sanctus
2164 1792 2314 1850 novit
2335 1788 2553 1848 Patrem
2583 1800 2638 1848 et
2667 1792 2888 1859 Filium,
2924 1793 2995 1849 ab
3021 1793 3268 1864 utrisque
3297 1785 3493 1864 cognio
3530 1790 3535 1795 ’

1912 1895 2033 1949 tus.
2061 1885 2139 1942 De
2163 1885 2376 1942 duabus
2403 1892 2582 1939 autem
2610 1884 3016 1955 cognitionibus
3043 1883 3355 1956 duplicique
3387 1899 3489 1941 no-

1917 1980 2038 2036 titia
2095 1977 2270 2034 sacris
2319 1976 2375 2031 in
2430 1974 2653 2032 Litteris
2718 1976 3019 2043 docemur;
3083 1991 3317 2048 quarum
3382 1977 3491 2032 alia

1918 2069 2141 2142 quidem
2198 2066 2501 2125 secundum
2589 2073 2794 2132 actum,
2847 2065 2955 2121 alia
3001 2080 3132 2122 vero
3189 2065 3490 2122 secundum

1920 2161 2122 2218 faciem
2169 2160 2409 2226 exsistit,
2445 2157 2902 2229 quemadmodum
2943 2156 3197 2216 obscuris
3227 2158 3492 2230 exemplis

1918 2249 2312 2309 utens-funem
2363 2249 2726 2323 ignorationis
2753 2249 3096 2321 abrumpam,
3118 2263 3183 2305 ac
3211 2264 3308 2306 vos
3331 2264 3364 2305 a
3401 2265 3492 2305 se-

1918 2349 2132 2399 ctarum
2150 2324 2469 2412 blaspheme
2484 2338 2707 2411 agmine
2717 2340 3005 2395 revocabo.
3026 2338 3118 2394 Sic
3135 2339 3280 2396 enim
3302 2348 3492 2408 captes

1921 2447 1952 2486 a
1994 2442 2221 2489 versuto
2268 2433 2470 2489 Beliale
2505 2433 2785 2499 mortales,
2827 2433 3071 2489 vicissim
3106 2432 3351 2503 captivos
3385 2432 3491 2487 sibi

1922 2523 2100 2580 reddit
2120 2524 2397 2587 Christus,
2416 2524 2687 2579 exaltatus
2714 2523 2770 2578 in
2805 2538 2988 2589 cruce,
3002 2523 3305 2579 secundum
3323 2523 3490 2579 Davi-

1920 2615 2043 2671 dcm
2085 2624 2262 2672 vatem
2289 2615 2556 2671 divinum.
2600 2614 2941 2671 Praevidebat
2967 2615 3115 2671 enim
3143 2622 3372 2671 sanctus
3400 2613 3494 2671 ille

1922 2706 2008 2761 vir
2034 2707 2330 2763 salutarem
2370 2707 2683 2778 passionem
2710 2714 2766 2763 et
2800 2707 3174 2778 captivitatem
3207 2697 3491 2763 nostram:

1926 2808 1980 2853 ct
2022 2798 2227 2854 idcirco
2256 2797 2435 2870 inquit
2475 2814 2492 2853 ι
2534 2795 2834 2851 Ascendisti
2883 2796 2936 2851 iu
2978 2795 3183 2862 altum,
3230 2796 3494 2864 captivam

1924 2888 2129 2943 duxisti
2160 2888 2555 2959 captivitatem;
2592 2886 2787 2941 dedisti
2816 2886 2959 2941 dona
3001 2887 3141 2941 inter
3172 2885 3408 2941 homines
3423 2887 3493 2942 ⁷⁵.

1926 2977 2192 3044 anrnam
2233 2977 2367 3033 illa?
2394 2975 2553 3033 Iidem
2577 2977 2633 3032 in
2661 2974 3011 3040 Trinitatem,
3043 2983 3097 3031 et
3130 2990 3312 3031 rerum
3362 2989 3498 3046 τηγά-

1929 3068 2195 3124 sticarum
2224 3082 2440 3123 sacram
2474 3066 3030 3131 administrationem,
3055 3073 3109 3120 et
3135 3079 3287 3135 spem
3310 3079 3499 3120 resur-

1924 3156 2206 3212 rectionis.
2231 3154 2467 3226 Subjicit
2486 3162 2667 3211 autem
2699 3170 2893 3211 rursus
2920 3154 3195 3209 canticum
3215 3154 3461 3209 divinum
3479 3173 3498 3211 :

1923 3246 2034 3305 Sed
2062 3256 2113 3302 et
2148 3246 2499 3303 iuobedientes
2527 3246 2597 3301 ad
2629 3246 2980 3301 habitandum
3003 3246 3068 3299 ⁷⁸.
3109 3243 3412 3313 Quemnam
3444 3255 3502 3301 et

1923 3338 2055 3394 ubi?
2087 3337 2195 3394 Eos
2222 3338 2318 3409 qui
2354 3345 2483 3394 sunt
2510 3351 2576 3393 ex
2603 3335 2810 3393 Judaeis
2831 3343 2888 3392 et
2911 3335 3189 3407 gentibus,
3225 3336 3280 3391 in
3305 3339 3502 3391 sancto

1925 3429 2242 3486 habitacula
2264 3427 2545 3486 Ecclesia.
2576 3426 2903 3484 lnobediens
2927 3426 3203 3492 enimille,
3229 3425 3503 3484 terriﬁcos

1934 3529 1989 3579 et
2039 3520 2360 3589 discerpens
2403 3519 2747 3576 Christianos
2790 3517 2954 3588 lupus
2981 3525 3102 3573 erat
3135 3514 3361 3584 Paulus,
3402 3517 3501 3588 qui

234 3635 393 3679 utine
436 3618 698 3677 Ecclesiae
747 3618 1019 3675 columna.
1052 3623 1181 3683 est,
1209 3615 1445 3671 altisona
1480 3614 1604 3671 ﬁdei
1642 3614 1811 3683 tuba;
1862 3616 1956 3688 qui
1987 3614 2285 3686 aliquando
2324 3614 2466 3671 male
2502 3613 2951 3686 persequebatur,
3000 3618 3151 3667 recte
3176 3626 3501 3679 conversus.

234 3722 552 3786 spontanea
607 3713 887 3789 voluntate
939 3723 1051 3781 pro
1110 3707 1179 3765 iis
1231 3706 1325 3779 qui
1354 3706 1813 3778 persecutionem
1866 3706 2167 3776 patiuntur,
2221 3702 2559 3776 ﬂagellatur;
2628 3701 2961 3773 percutiens,
3012 3700 3178 3771 virgis
3239 3701 3501 3771 caeditur;

236 3806 609 3873 interfector,
655 3819 759 3878 pro
813 3803 1016 3862 occisis
1070 3801 1266 3857 lubens
1311 3799 1491 3872 capite
1537 3807 1825 3855 truncatur
1864 3817 1880 3854 :

1919 3815 2015 3870 per
2065 3798 2307 3855 auditam
2354 3795 2572 3852 cmlitus
2600 3810 2804 3852 vocem
2854 3804 2910 3853 et
2954 3796 3237 3853 oculorum
3287 3798 3502 3868 plagam

233 3913 578 3965 conversus.
602 3913 704 3971 pro
735 3898 901 3954 Saulo
934 3895 1139 3955 Paulus
1205 3912 1237 3952 a
1270 3897 1618 3968 redemptore
1662 3895 1888 3953 Christo
1935 3894 2196 3966 deinceps
2242 3892 2585 3958 nominatur,
2647 3899 2707 3947 ut
2758 3891 3016 3964 gentibus
3061 3891 3502 3948 Christianon

234 4010 451 4054 nomen
491 3993 723 4050 inderet.

327 4104 481 4160 Ἀλλ’
489 4104 585 4162 ἐπὶ
596 4099 862 4175 τδξπροκεί
865 4118 1026 4173 μενον
1040 4098 1119 4173 τῷ
1129 4099 1273 4171 λόγῳ
1285 4098 1541 4171 παλινδρο
1547 4098 1620 4171 μή
1627 4115 1829 4172 σωμεν,

236 4194 507 4265 δευτέρᾳ·
532 4193 601 4264 τῇ
632 4189 753 4261 ὄψει
799 4190 899 4261 τῆς
933 4189 1175 4254 διανοίας
1213 4189 1516 4260 χρώμενοι,
1554 4186 1692 4260 πρὸς
1729 4187 1850 4257 τὴν·

239 4283 585 4354 κατανόησιν
610 4282 711 4352 τῆς
744 4281 930 4352 διττῆς
971 4279 1226 4349 γνώσεως
1257 4280 1351 4333 καὶ
1392 4279 1668 4351 είδήσεως.
1696 4277 1834 4350 Φησὶ

237 4378 386 4450 γοῦν
421 4377 458 4448 ἠ
503 4374 624 4432 θεία
654 4372 846 4446 Γραφὴ
889 4371 1018 4445 περὶ
1058 4371 1154 4426 τοῦ
1197 4370 1369 4443 ’Δδάμ
1415 4370 1637 4442 καὶτῆς
1666 4368 1832 4435 Εὔας,

245 4468 398 4528 μετὰ
438 4465 503 4521 τὺ
546 4465 936 4538 ὲξορμισθῆναι
976 4463 1174 4529 αὐτοὺς
1217 4462 1313 4518 τοῦ
1349 4460 1671 4535 παραδείσου
1692 4499 1708 4525 ,
1742 4459 1825 4513 ai-

238 4557 553 4630 δουμένους
594 4552 689 4609 τοῦ
723 4552 1200 4627 ἀπηγορευμένον,
1232 4552 1422 4623 Ἔγνω
1455 4548 1635 4620 Ἀδὰμ
1669 4548 1835 4604 Εὔαν

238 4651 372 4719 τὴν
400 4646 663 4719 gannitu
694 4644 916 4713 αὐτοῦ,
944 4644 1055 4699 καί
1096 4642 1499 4698 συλλαϐοῦσα
1534 4640 1721 4694 ἔτεκε.
1767 4638 1834 4691 Τί

236 4740 346 4799 οὖν
376 4740 649 4814 ἱροῦμενς
673 4738 755 4794 δτι
791 4738 850 4791 ὲν
890 4734 1204 4809 παραδείσῳ
1249 4733 1437 4804 ὴγνόει
1471 4731 1639 4803 αὐτὴν
1669 4733 1699 4784 6
1734 4729 1836 4798 φά-

239 4852 407 4891 σκων
439 4831 573 4904 περὶ
596 4830 787 4902 αὐτῆς,
805 4827 986 4884 Τοῦτο
1008 4821 1129 4881 νῦν
1157 4824 1384 4880 ὀστοῦν
1401 4824 1471 4878 ἐκ
1496 4821 1615 4877 τῶν
1640 4818 1837 4877 ὀστῶν

238 4944 406 4999 μου,
441 4924 542 4978 καλ
581 4921 740 4991 σάρξ
766 4922 838 4977 ἐκ
875 4919 987 4991 τῆς
1024 4920 1254 4988 σαρκός
1282 4932 1438 4989 pou;
1475 4913 1616 4969 Ἀλλ’
1648 4912 1837 4984 ἐγίνω-

246 5035 394 5074 σκεν
422 5014 620 5087 αὐτὴν,
662 5014 782 5068 ἐκεῖ
820 5013 918 5085 μὲν
952 5015 1022 5084 τῇ
1064 5011 1185 5083 ὕψει
1216 5010 1375 5085 μόνῃ,
1421 5006 1651 5063 ἐνταῦθα
1675 5005 1735 5060 δὲ
1767 5008 1836 5079 τῇ

238 5111 381 5181 ὕψει
431 5107 530 5161 καὶ
570 5105 827 5178 ἐνεργείᾳ
869 5106 1179 5176 σωματικῇ.
1216 5103 1329 5157 Καὶ
1387 5099 1639 5173 Ἀϐραὰμ
1697 5099 1840 5168 ἔγνω

239 5201 481 5274 Σάρραν
504 5198 604 5269 τὴν
629 5197 864 5266 γυναῖκα
885 5193 1074 5259 αὐτοῦ,
1093 5194 1194 5248 οὐκ
1217 5189 1588 5262 ἀγνοουμένην
1616 5189 1723 5262 πρὸ
1741 5188 1840 5261 τῆς

248 5293 488 5366 μίξεως.
520 5289 631 5343 Καὶ
658 5288 788 5360 περὶ
820 5286 915 5341 τοῦ
944 5284 1109 5341 Δαϐὶδ
1138 5285 1305 5356 φησὶν
1347 5285 1382 5356 ἡ
1412 5284 1520 5338 τῶν
1545 5282 1840 5336 Βασιλειῶν

246 5382 462 5444 marsi;
481 5399 495 5413 ·
536 5380 823 5451 Ἑτήρασε
848 5377 1044 5444 Δαϐὶδ,
1077 5378 1174 5431 καί
1203 5378 1468 5431 ἔσκεπον
1493 5374 1679 5437 αὐτὸν
1704 5378 1835 5445 ίμα-

246 5477 436 5542 τιοις,
462 5473 562 5527 καί
589 5473 701 5527 οὐκ
729 5470 1126 5542 ὲθερμαίνετο,
1151 5468 1252 5524 καί
1278 5464 1521 5534 ἐζήτουν
1539 5466 1838 5536 παρθένον

2000 4090 2111 4150 Sed
2131 4091 2277 4147 enim
2306 4089 2372 4145 ad
2398 4091 2741 4161 propositum
2783 4106 3090 4147 sermonem
3126 4104 3502 4159 rccurramus,

1930 4183 2142 4241 acriore
2170 4182 2372 4238 mentis
2406 4192 2627 4252 aspectu
2660 4188 2876 4238 utentes
2905 4181 2973 4237 ad
2997 4181 3500 4239 considerationem

1930 4274 2166 4346 duplicis
2212 4273 2543 4347 cognitionis
2587 4283 2641 4329 et
2674 4273 2899 4329 nctitim.
2942 4271 3122 4345 lnquit
3146 4275 3310 4345 igitur
3356 4273 3508 4331 Scri-

1931 4380 2090 4442 ptura
2107 4381 2263 4426 sacra
2292 4365 2360 4423 de
2378 4365 2588 4422 Adamo
2619 4373 2673 4422 et
2710 4364 2841 4432 Eva,
2867 4367 3011 4438 quod
3035 4377 3323 4438 postquam
3346 4368 3508 4438 ejecti

1936 4468 2124 4519 essent
2163 4474 2195 4516 e
2224 4456 2505 4532 paradiso,
2540 4458 2829 4530 degustato
2861 4457 3038 4515 l‘ructu
3074 4458 3385 4526 interdicto,
3415 4476 3511 4516 c0-

1929 4548 2180 4624 gnoverit
2228 4549 2474 4607 Adamus
2520 4548 2684 4604 Evam
2733 4552 2958 4604 uxorem
3005 4565 3183 4617 suam,
3220 4565 3363 4621 quae.
3397 4549 3511 4607 l'etu

1928 4649 2215 4714 concepto,
2266 4642 2533 4713 pepererit
2564 4642 2633 4696 ".
2695 4638 2838 4708 Quid
2891 4642 3059 4715 igitur
3098 4644 3388 4699 dicemus?
3438 4661 3507 4700 an

1930 4731 2075 4803 quod
2115 4731 2172 4786 in
2211 4730 2469 4801 paradiso
2498 4743 2609 4784 non
2637 4729 2954 4799 cognoverit
2980 4744 3124 4795 eam,
3156 4733 3251 4802 qui
3292 4730 3360 4785 dc
3391 4731 3510 4801 ipsa

1932 4821 2325 4880 dicebat:H0e
2367 4839 2504 4877 nunc
2545 4839 2603 4876 os
2638 4835 2705 4875 ea:
2752 4821 2957 4876 ossibus
3002 4823 3164 4886 meis,
3211 4830 3262 4877 et
3302 4839 3428 4877 caro
3447 4823 3513 4878 de

1934 4930 2093 4970 carne
2128 4932 2241 4969 mea
2281 4915 2362 4969 "‘t
2411 4912 2650 4970 Omnino
2681 4914 2937 4987 cognovit
2963 4928 3105 4981 eam,
3147 4913 3259 4970 illic
3289 4914 3510 4984 quidem

1934 5008 2054 5064 solo
2084 5013 2333 5078 aspectu,
2378 5006 2469 5063 llic
2502 5016 2684 5062 autem
2727 5018 2783 5064 et
2823 5014 3047 5076 aspectu
3077 5015 3131 5062 et
3159 5015 3283 5063 actu
3316 5023 3511 5079 corpo-

1936 5098 2058 5153 rali.
2089 5096 2181 5152 Sic
2210 5097 2372 5153 etiam
2408 5095 2755 5153 Abrahamus
2774 5097 3032 5168 cognovit
3064 5095 3250 5154 Sararr
3280 5115 3510 5155 uxorem

1936 5203 2118 5251 suam.
2146 5201 2255 5243 non
2291 5186 2622 5259 incognitam
2656 5194 2783 5243 ante
2814 5188 3271 5245 commistionem.
3298 5187 3377 5243 De
3406 5186 3513 5239 Da-

1936 5278 2059 5335 vide
2088 5279 2450 5349 perscriptum
2480 5286 2564 5335 est
2596 5280 2651 5335 in
2680 5279 2824 5335 libro
2853 5278 2922 5335 de
2956 5278 3192 5351 Beguis:
3225 5279 3511 5333 Consumit

1944 5369 2190 5433 Davides.
2211 5383 2263 5425 et
2281 5378 2596 5436 operuerunt
2618 5386 2736 5425 eum
2756 5371 3004 5436 restibus,
3038 5388 3129 5425 nec
3159 5378 3330 5423 tamen
3371 5369 3511 5424 cale-

1944 5460 2121 5532 fiebat.
2170 5458 2346 5532 Igitur
2399 5461 2702 5531 qumrebaut
2759 5463 3028 5534 virginem,
3079 5476 3196 5529 qua:
3232 5475 3348 5513 cum
3400 5463 3513 5531 ipso

336 5656 389 5705 '7'
415 5670 582 5726 Marc.
626 5683 746 5739 xui,
778 5668 870 5726 52.
946 5667 993 5700 ⁷³
1026 5665 1213 5724 Matth.
1249 5678 1327 5730 xl,
1360 5662 1450 5718 27.
1526 5662 1570 5695 "
1600 5660 1743 5718 Psal.
1792 5677 1822 5717 ι.

1924 5675 1959 5727 I,
2008 5658 2091 5728 Ψ.
2170 5660 2216 5692 ⁷⁸
2246 5660 2380 5730 ibid.
2455 5663 2502 5696 ⁷⁷
2536 5660 2669 5725 Gen.
2708 5676 2783 5729 tv,
2824 5659 2869 5723 Ι,
2948 5658 2991 5692 ⁷⁸
3039 5657 3173 5715 Gen.
3216 5672 3276 5727 tt,
3317 5658 3408 5717 93.

1552 5791 1603 5804 ..ν
