4030 6232
505 217 615 273 ετθ

517 338 788 399 dormiret,
815 342 863 387 ct
893 332 1085 400 foveret
1112 342 1247 380 eum.
1288 324 1350 377 Et
1382 325 1587 377 inventa
1614 331 1691 375 est
1720 320 1885 373 Abisa
1917 320 2101 382 Sana--

518 431 698 492 mitis,
771 440 928 494 quam
992 437 1093 474 non
1156 418 1393 486 cognorit
1461 413 1688 467 Davidcs
1745 412 2089 465 dormiente»:

516 536 691 577 secum
713 520 781 570 τ’.
824 515 962 569 Num
1012 513 1176 581 igitur
1214 516 1436 579 propter
1483 506 1585 559 hoc
1628 504 1907 564 dicemus,
1945 502 2091 572 quod

519 625 694 680 nequc
722 612 946 676 aspectu
977 616 1154 671 neque
1179 596 1566 652 attrectatione
1592 592 1912 664 cognoverit
1932 590 2092 646 eam?

518 706 866 772 Saepeautem
903 712 1002 751 nos
1034 709 1251 764 quoque
1290 692 1528 745 dicimus
1566 688 1631 741 ad
1658 702 1753 741 eos
1772 724 1786 749 ,
1815 685 1905 755 qui
1935 684 2092 739 nobis

520 800 739 865 propter
772 788 1027 843 mulieres
1056 785 1258 839 crimen
1288 783 1579 841 intentant,
1609 776 1937 831 devoventes
1960 788 2093 827 nos-

521 892 650 943 met,
690 896 752 933 ac
779 875 1141 947 jurejurando
1186 879 1510 942 purgantes,
1558 882 1667 920 non
1705 865 1921 919 novisse
1966 877 2088 926 nos,

520 973 662 1027 sitne
709 968 902 1021 mulier
956 966 1068 1027 illa,
1116 963 1198 1017 vel
1240 962 1340 1014 vir.
1392 959 1449 1012 ld
1495 955 1640 1027 quod
1676 962 1831 1009 actus
1876 951 2091 1022 quidem

522 1065 730 1115 ratione
769 1061 949 1113 dicere
984 1072 1109 1111 vere
1141 1067 1301 1123 posse
1335 1050 1607 1112 videmur,
1640 1061 1707 1100 ex
1745 1059 1878 1121 voce
1908 1051 2091 1095 tamen

519 1163 573 1209 et
607 1158 834 1220 aspectu
885 1146 1030 1201 haud
1062 1146 1353 1199 obscuram
1392 1139 1657 1192 habemus
1690 1134 1858 1189 maris
1889 1132 1971 1186 vel
2011 1130 2090 1186 fe-

522 1246 681 1299 minae
712 1241 1099 1311 cognitionem.
1127 1234 1245 1289 Non
1283 1235 1496 1304 ignorat
1535 1230 1700 1301 igitur
1737 1227 1906 1281 Filius
1945 1226 2089 1280 diem

519 1347 572 1391 ct
602 1336 789 1389 horam
828 1332 997 1393 illam,
1027 1343 1152 1382 cum
1186 1325 1367 1379 omnia
1400 1323 1520 1393 ejus
1552 1320 1703 1391 signa
1740 1317 2094 1389 prodigiaque

520 1424 781 1481 terribilia
808 1420 1091 1493 praedicat,
1122 1425 1175 1472 et
1197 1416 1356 1487 quasi
1384 1421 1704 1484 praesentem
1733 1411 1850 1466 suis
1877 1410 2091 1464 indiciis

519 1520 826 1575 describat:
882 1530 1073 1569 verum
1128 1512 1301 1566 noluit
1359 1509 1565 1564 clarius
1636 1506 1968 1576 respondere
2024 1504 2090 1557 ad

520 1626 711 1667 vanam
750 1610 895 1663 illam
932 1604 1311 1676 quaestionem,
1354 1601 1599 1669 adeoque
1637 1598 1931 1668 prudenter
1974 1610 2093 1649 om-

519 1705 683 1757 nibus
709 1709 766 1753 ut
792 1701 971 1767 ignota
999 1703 1167 1759 esset,
1196 1693 1467 1759 instituit;
1496 1706 1604 1761 quo
1627 1689 1885 1743 nimirum
1908 1703 2096 1757 quam-

520 1794 649 1848 libet
683 1791 825 1845 dicm
862 1798 914 1843 et
938 1788 1129 1841 horam
1167 1786 1313 1839 illam
1342 1798 1464 1839 esse
1499 1782 1849 1843 arbitrantes,
1882 1780 1946 1833 ad
1973 1794 2091 1833 eam

522 1896 910 1955 pricparemur,
944 1886 996 1934 et
1027 1877 1209 1932 sobrie
1240 1882 1624 1946 exspectemus
1658 1872 1829 1943 ipsam
1863 1870 2091 1926 venien-

520 1986 651 2038 tem,
697 1973 765 2028 ad
818 1970 1318 2040 compensationem
1382 1974 1547 2036 atque
1597 1966 2091 2021 remunerationem

522 2065 881 2121 certaminum
947 2050 1111 2130 hujus
1174 2062 1315 2113 vitae.
1367 2058 1528 2113 Absit
1581 2059 1745 2129 igitur
1794 2056 1981 2127 procul
2029 2070 2092 2109 ea

516 2156 811 2218 dementia,
854 2169 975 2224 qua:
1016 2153 1411 2222 ignorationem
1464 2151 1627 2207 unius
1670 2150 1775 2203 dici
1838 2156 1892 2203 et
1946 2148 2093 2201 horae

516 2249 755 2319 quodam
804 2262 927 2303 cum
974 2246 1167 2301 delirio
1199 2246 1388 2299 tribuit
1431 2244 1703 2299 conditori
1743 2242 2092 2303 saeculorum,

512 2341 594 2394 in.
636 2355 737 2410 quo
781 2346 902 2393 sunt
948 2352 1124 2391 omnes
1172 2336 1405 2392 thesauri
1457 2335 1728 2405 sapientia:
1780 2334 1847 2399 ⁸ο,

954 2468 1471 2523 INTERROGATIO
1511 2467 1653 2522 XXI.

584 2582 725 2649 Quid
756 2582 954 2653 igitur?
984 2596 1114 2636 num
1151 2582 1307 2636 aliter
1335 2581 1483 2635 illam
1519 2580 1802 2652 cognoscit
1833 2577 2015 2645 Pater,
2038 2586 2092 2633 et

515 2677 677 2732 aliter
699 2674 913 2729 Filius?

1152 2787 1456 2857 Responsio.

586 2904 704 2961 Non
738 2905 899 2959 aliam
944 2904 1165 2974 quidem
1207 2904 1441 2958 dicimus
1474 2900 1841 2971 cognitionem
1886 2899 2092 2963 Patris,

527 2998 691 3051 aliam
722 3010 852 3050 vero
882 2994 1003 3048 Filii
1034 3006 1086 3049 et
1116 2992 1377 3062 Spiritus,
1410 2992 1507 3047 sed
1535 2990 1683 3044 aliud
1717 2990 1934 3059 quidem
1965 3001 2091 3045 actu

514 3087 871 3157 prasteritum,
901 3084 1049 3139 aliud
1074 3100 1202 3138 vero
1234 3085 1289 3137 in
1317 3084 1562 3137 futurum
1586 3092 1949 3137 reservatum.
1984 3085 2090 3137 Co-

512 3176 726 3248 gnoscit
753 3178 897 3231 enim
939 3176 1101 3230 Pater
1128 3176 1274 3229 illam
1308 3176 1498 3229 horam
1530 3173 1733 3244 duplici
1770 3175 2089 3245 cognitione

510 3280 566 3322 et
590 3274 751 3333 actu;
783 3267 893 3319 alia
924 3266 1145 3336 quidem
1175 3265 1324 3337 quod
1356 3273 1615 3335 tanquam
1651 3264 1835 3335 opifex
1864 3266 2088 3330 crearit,

513 3358 619 3411 alia
662 3372 787 3411 vero
832 3356 978 3427 quod
1012 3356 1319 3411 decreverit
1358 3372 1456 3427 per
1507 3357 1846 3426 unigenitum
1887 3355 2088 3409 Filium

507 3448 762 3520 judicare
796 3465 1009 3505 omnes.
1044 3449 1343 3519 Cognoscit
1376 3459 1560 3505 autem
1611 3449 1787 3519 ipsam
1819 3458 1873 3503 et
1914 3448 2090 3504 Filius

509 3544 795 3615 aequaliter
840 3558 964 3598 cum
1018 3542 1312 3611 Genitore,
1366 3544 1666 3599 secundum
1714 3544 2000 3599 scientiam
2035 3554 2089 3600 et

508 3645 695 3692 actum
727 3635 1047 3699 creationis,
1083 3650 1192 3689 non
1216 3644 1397 3690 tamen
1420 3635 1637 3705 jndicii.
1666 3634 1917 3690 Nondum
1941 3636 2086 3689 enim

504 3726 773 3798 judicium
824 3727 1093 3792 exercuit,
1134 3728 1363 3783 secretis
1404 3727 1472 3783 iis
1518 3727 1611 3798 qui
1641 3729 1723 3783 vel
1758 3728 2090 3783 inexstineto

508 3818 644 3889 igni,
685 3820 771 3875 vel
805 3819 1070 3889 voluptati
1112 3829 1331 3875 aeternae
1369 3820 1627 3874 destinati
1655 3828 1821 3874 sunt:
1858 3819 1908 3874 id
1940 3818 2087 3889 quod

508 3923 618 3962 non
647 3908 987 3977 ignorantiae,
1014 3906 1108 3961 sed
1135 3907 1569 3977 longanimitatis
1594 3917 1699 3973 est,
1728 3908 2087 3963 correctionis

508 4005 725 4067 tempus
759 3999 1047 4069 ﬂagitiosis
1083 3998 1395 4068 praebentis.
1435 3998 1555 4064 Quo
1588 3998 1806 4067 quidem
1844 4007 2087 4067 tempore

506 4093 775 4157 quotquot
803 4100 834 4139 a
864 4085 1202 4155 turpitudine
1240 4100 1349 4139 non
1382 4092 1687 4154 purgantur
1721 4091 1777 4137 et
1800 4084 2082 4153 evigilant,

508 4196 698 4236 eorum
746 4180 1021 4235 miseriam
1062 4178 1361 4233 decantans
1408 4186 1461 4232 et
1509 4177 1807 4247 deplorans
1851 4175 2084 4231 Davidcs

508 4273 717 4342 inquit:
748 4271 1197 4340 Mutuumaccipit
1227 4277 1493 4339 peccator,
1518 4280 1563 4321 et
1594 4286 1812 4322 usuram
1840 4287 1941 4323 non
1969 4286 2087 4337 per-

506 4366 666 4419 solvet
686 4365 752 4417 ⁸¹.
783 4361 1022 4432 Tempus
1061 4362 1147 4415 hic
1178 4360 1391 4416 scilicet
1422 4361 1620 4415 divitue
1655 4361 2084 4432 longauiniitatis

506 4456 838 4528 significans,
876 4470 939 4510 ac
972 4453 1363 4525 persolutionis
1394 4466 1525 4507 voce
1558 4452 1873 4524 intelligens
1910 4454 2079 4523 pumi-

506 4548 754 4603 tentiam.
806 4546 1117 4614 iterumque
1165 4543 1474 4597 divinorum
1528 4544 1832 4597 carminum
1892 4551 2083 4598 auctor

504 4640 787 4711 subjungit
809 4637 1027 4693 :Justus
1056 4647 1231 4691 autem
1257 4637 1553 4701 miseretur,
1581 4645 1630 4690 et
1663 4637 1755 4690 dat
1774 4638 1841 4693 ⁸³.
1870 4637 2081 4704 Quibus

504 4734 561 4788 in
596 4733 774 4789 verbis
804 4726 1074 4787 Deus'est
1119 4729 1213 4799 qui
1245 4731 1374 4794 dat;
1421 4737 1638 4799 tempus
1686 4737 1868 4784 autem
1900 4730 2081 4798 ponii—

505 4824 801 4878 teutizeest
825 4820 877 4875 id
908 4818 1054 4890 quod
1086 4817 1272 4875 datur.
1308 4817 1561 4872 Mutuom
1592 4819 1735 4873 enim
1766 4818 1904 4873 dans
1932 4818 2080 4875 Deus

505 4914 839 4978 hominibus,
870 4914 952 4968 vel
983 4927 1127 4979 raro,
1162 4911 1245 4966 vel
1287 4909 1397 4975 vix,
1429 4910 1510 4964 vel
1542 4924 1822 4980 nunquam
1855 4910 2076 4980 recipit,

505 5019 678 5074 usque
705 5005 774 5059 ad
799 5004 958 5059 tinem
978 5002 1240 5059 debitoris
1262 5009 1587 5073 exspectans
1618 5002 2079 5072 persolutionem.

504 5096 750 5150 Dlutuum
780 5105 961 5151 autem
987 5096 1279 5167 accipiens,
1302 5104 1521 5164 prOptcr
1543 5093 1825 5164 proximos
1853 5094 2072 5148 miseri-

1599 201 1657 256 S.
1701 196 1998 255 CEBARll
2041 194 2363 253 CREGORII
2398 195 2695 250 FliATRlS

3675 189 3777 244 830

2200 318 2633 389 συγκαθεύδειν
2656 312 2815 379 αὐτῷ
2841 314 2936 367 καὶ
2967 312 3376 368 συνθάλπων.
3406 311 3515 367 Καὶ
3540 313 3776 380 εὑρέθη,

2200 412 2383 481 φησιν,
2420 408 2667 462 Ἀϐισσὰ
2705 408 2741 473 ἠ
2778 406 3122 474 Σωνιιμῐτις,
3146 407 3243 459 καὶ
3272 408 3381 460 οὐκ
3410 405 3565 476 ἔγνω
3583 404 3780 469 αὐτὴν

2197 498 2394 561 Δαϐὶδ,
2413 496 2950 567 συγκαθεύδουσαν
2971 495 3153 561 αὐτῷ.
3168 493 3290 567 Ἆρ’
3312 492 3405 548 οὖν
3432 494 3582 565 παρά
3606 493 3779 565 τούτῳ

2198 590 2430 661 ἐροῦμεν
2475 589 2610 660 μηδὲ
2668 591 2735 660 τῇ
2782 588 2904 657 ὄψει
2947 590 3041 641 καὶ
3087 588 3199 659 άφῇ
3228 586 3517 656 γινώσκειν
3570 588 3775 658 αὑτήνς

2199 683 2466 744 Πολλάκις
2505 682 2582 747 δὲ,
2620 682 2714 734 καὶ
2756 682 2917 751 ἡμεῖς
2953 679 3134 750 φαμὲν
3175 679 3309 749 πρὸς
3341 680 3469 741 τοὺς
3518 678 3648 748 περὶ
3684 696 3777 746 γυ-

2201 773 2404 826 ναικῶν
2428 773 2817 841 ἐγκαλοῦντας,
2835 769 3182 843 ὲπαρώμενοι
3209 771 3412 834 αὐτοῖς,
3438 772 3535 822 καὶ
3558 770 3780 840 ὲξομνῦο

2201 882 2352 934 μενοι
2413 864 2487 934 μὴ
2560 865 2860 937 ὲγνωκένμι
2924 863 3094 933 αὐτὴν
3142 864 3373 930 γυναῖκα
3421 863 3687 931 ὑπάρχειν
3745 862 3777 931 ἦ

2197 954 2387 1025 ἄνδρα.
2420 955 2599 1023 "Ai-cep
2629 955 2720 1006 ἐπὶ
2760 954 2858 1024 μὲν
2895 955 2993 1024 τῆς
3032 955 3311 1025 ἐνεργείας
3353 953 3638 1023 ἀληθεύειν
3678 972 3778 1022 φα-

2198 1046 2375 1116 νῶμεν
2400 1087 2413 1109 ,
2439 1047 2503 1098 ὲκ
2553 1045 2607 1097 δὲ
2653 1045 2751 1115 τῆς
2789 1046 2975 1117 φωνῆς
3026 1048 3122 1099 καὶ
3152 1046 3327 1115 ὅψεως
3369 1045 3639 1117 πρόδηλον
3685 1047 3779 1116 τὴν

2198 1137 2400 1206 γνῶσιν
2423 1137 2515 1190 τοῦ
2532 1155 2592 1190 τε
2620 1138 2849 1208 ἄρρενος
2873 1138 2966 1190 καὶ
2994 1136 3180 1209 θήλεος
3208 1139 3437 1207 ἔχοντες.
3458 1138 3571 1189 Οὐκ
3596 1138 3779 1205 ἀγνοεῖ

2198 1230 2377 1283 τοίνυν
2424 1232 2451 1282 6
2506 1230 2632 1292 Υἱὸς
2672 1230 2771 1300 τὴν
2820 1230 3033 1300 ἡμέραν
3064 1230 3158 1281 καὶ
3196 1229 3295 1300 τὴν
3342 1228 3490 1299 ὥραν
3543 1230 3777 1298 ἐκείνην,

2200 1320 2375 1373 πάντα
2405 1320 2575 1389 αὐτῆς
2596 1320 2664 1373 τὰ
2698 1322 2897 1390 σημεῖα
2929 1322 3024 1373 καὶ
3051 1320 3297 1391 φόϐητρα
3321 1320 3655 1391 προφαίνων,
3689 1321 3779 1373 καὶ

2197 1408 2361 1459 οἱονεὶ
2394 1408 2674 1479 παροῦσαν
2713 1408 2881 1479 αὐτὴν
2915 1411 3024 1472 τοῖς
3057 1409 3401 1480 γνωρίσμασι
3428 1409 3774 1480 διαγράφων

2199 1499 2312 1553 ἀλλ’
2342 1501 2442 1553 οὐκ
2472 1500 2723 1554 ἐϐούλετο
2752 1500 3069 1571 σαφηνίζειν
3109 1503 3206 1573 τὴν
3236 1502 3448 1555 εἰκαίαν
3488 1502 3776 1573 ἐρώτησιν,

2201 1591 2509 1658 ἀγνοεῖσθαι
2568 1592 2613 1644 δ’
2659 1593 2826 1663 αὐτὴν
2870 1596 3037 1647 πᾶσιν
3083 1594 3309 1657 εἰκότως
3351 1594 3778 1665 πῳμηθεὺεται,

2201 1680 2339 1734 ὣστε
2371 1685 2553 1736 πᾶσαν
2593 1685 2805 1755 ἡμέραν
2852 1686 2946 1738 καὶ
2980 1686 3160 1757 ὥραν,
3212 1686 3427 1757 ἐκείνην
3467 1686 3779 1756 οἰομένους,

2202 1775 2719 1845 παρασκευάζεσθαι
2756 1776 2891 1847 πρὸς
2940 1777 3131 1848 αὐτὴν,
3164 1777 3257 1830 καὶ
3300 1778 3579 1847 νηφόντως
3616 1795 3783 1848 καρα-

2198 1867 2374 1919 δοκεῖν
2403 1866 2563 1919 αὑτὸν
2593 1868 2796 1937 ἥκοντα
2822 1870 2959 1941 πρὸς
2986 1869 3190 1922 ἔκτισιν
3214 1870 3322 1923 τῶν
3351 1869 3602 1923 ἐπάθλων
3632 1871 3783 1923 τοῦδε

2199 1958 2294 2010 τοῦ
2343 1958 2480 2027 βίου.
2510 1959 2725 2028 Ἀπαγε
2765 1961 2945 2014 τοίνυν
2996 1961 3095 2032 τῆς
3138 1962 3356 2025 ἀνοίας,
3391 1962 3613 2029 ἄγνοιαν
3656 1965 3787 2030 μιᾶς

2202 2050 2413 2120 ἡμέρας
2444 2038 2725 2122 καὶνῶρας
2761 2053 3085 2125 καταληρῶν
3119 2054 3214 2106 τοῦ
3240 2054 3463 2124 ποιητοῦ
3500 2055 3608 2107 τῶν
3657 2053 3787 2106 αἰώ-

2202 2160 2327 2206 νων,
2360 2142 2430 2195 ἐν
2458 2142 2505 2207 ᾧ
2536 2143 2760 2210 πάντες
2791 2148 2845 2198 οἱ
2876 2146 3165 2214 θησαυροὶ
3206 2146 3318 2215 τῆς
3337 2148 3560 2215 σοφίας
3598 2144 3788 2213 ὑπάρ-

2202 2251 2403 2305 χουσι,
2438 2235 2621 2300 καθὼς
2650 2238 2812 2307 φησὶν
2850 2240 2877 2290 6
2910 2238 3049 2302 ἱερὸς
3091 2238 3435 2302 Ἀπόστολος.

1910 2326 2368 2403 quemadmodum
2434 2337 2659 2384 sanctus
2714 2330 2803 2385 ille
2863 2329 3154 2401 Apostolus
3204 2331 3464 2403 loquitur.

2789 2466 3036 2518 ΠΕΥΣΙΣ
3073 2464 3208 2518 KA'.

2273 2579 2338 2631 Τί
2372 2574 2463 2633 οῦν
2485 2596 2505 2653 ;ν
2537 2576 2709 2643 ἄλλως
2742 2580 2839 2650 μὲν
2868 2579 3128 2648 γινώσκει
3160 2582 3186 2633 6
3213 2581 3403 2654 Πατὴρ
3425 2583 3663 2653 ἐκείνην,
3696 2584 3791 2637 καὶ

2201 2670 2376 2742 ἄλλως
2406 2673 2434 2724 6
2466 2671 2591 2734 Υἱός
2610 2687 2625 2737 ;

2815 2784 3177 2851 Ἀπόκρισις.

2269 2899 2381 2969 Οὐχ
2408 2899 2600 2969 ἑτέραν
2631 2899 2833 2966 γνῶσιν
2864 2901 3045 2971 φαμὲν
3075 2900 3170 2953 τοῦ
3200 2900 3435 2971 Πατρὸς,
3466 2899 3703 2971 θατέραν
3729 2900 3792 2953 δὲ

2195 2988 2289 3041 τοῦ
2346 2990 2541 3054 Παιδὸς
2585 2990 2810 3043 καὶτοῦ
2862 2992 3179 3061 Πνεύματος
3215 2993 3329 3062 (7),
3376 2991 3516 3045 ἀλλά
3568 2991 3633 3043 τὸ
3686 2992 3792 3060 μὲν

2198 3081 2464 3151 πραχθὲν,
2496 3084 2557 3135 τὸ
2577 3082 2633 3135 δὲ
2660 3084 3077 3154 ταμιευόμενον.
3108 3084 3370 3137 Γινώσκει
3402 3083 3508 3154 γὰρ
3538 3086 3567 3135 6
3595 3082 3793 3154 Πατὴρ

2196 3171 2410 3241 ἐκείνην
2430 3175 2494 3243 τῇ
2527 3172 2677 3244 διττῇ
2714 3174 2913 3241 γνώσει
2945 3176 3039 3227 καὶ
3061 3176 3279 3245 πράξει,
3305 3180 3368 3246 τῇ
3395 3177 3493 3245 μὲν
3520 3176 3795 3248 δημιουρ-

2194 3266 2390 3335 γήσας,
2423 3269 2489 3336 τῇ
2522 3266 2577 3318 δὲ
2613 3268 2804 3338 κρίνας
2838 3268 2926 3321 διὰ
2960 3268 3054 3321 τοῦ
3101 3268 3319 3340 γνησίου
3358 3268 3555 3331 Παιδὸς
3589 3273 3797 3339 κρῖναι

2195 3356 2423 3423 πάντας.
2462 3358 2723 3412 Γινώσκει
2752 3361 2797 3413 δ’
2826 3361 2995 3432 αὐτὴν
3022 3363 3115 3414 καὶ
3148 3365 3177 3416 6
3202 3362 3323 3424 Υἱὸς
3342 3356 3435 3413 ἴσα
3464 3360 3545 3432 τῷ
3575 3362 3798 3433 Γεννήο

2191 3463 2311 3516 τορι
2338 3447 2455 3499 κατ’
2480 3447 2684 3517 εἴδησιν
2715 3449 2809 3501 καὶ
2839 3449 3036 3520 πρᾶξιν
3062 3450 3479 3521 δημιουργικὴν,
3500 3451 3562 3502 οὐ
3596 3452 3793 3522 μέντοι

2192 3540 2475 3610 κριτικήνο
2501 3539 2655 3593 οῦπω
2680 3540 2788 3610 γὰρ
2813 3540 3047 3612 ἔκρινεν,
3074 3544 3199 3606 τοὺς
3226 3544 3323 3613 μὲν
3352 3542 3486 3613 πυρὶ
3506 3543 3787 3614 ἀσϐέστῳ,

2190 3631 2316 3693 τοὺς
2359 3630 2418 3683 δὲ
2450 3634 2628 3702 τρυφῇ
2669 3631 2892 3703 ἀλήκτῳ
2927 3635 3251 3705 ἀποκρίνας.
3288 3635 3405 3687 υὺκ
3452 3636 3681 3703 ἀγνοίας
3726 3638 3789 3689 δὲ

2189 3720 2374 3786 τοῦτο,
2418 3722 2555 3775 ἀλλὰ
2609 3724 3009 3795 μακροθυμίας,
3048 3726 3243 3799 καιρὸν
3279 3727 3622 3798 διορθώσεως
3662 3732 3790 3793 τοῖς

2195 3816 2488 3885 μοχθηροῖς
2523 3816 2923 3888 παρεχομένης,
2952 3818 3010 3870 ὲν
3094 3818 3220 3882 τοὺς
3244 3818 3318 3889 μὴ
3350 3818 3793 3889 καθαιρομένους

2188 3907 2248 3960 τὸ
2278 3902 2466 3977 αἶσχος
2496 3908 2589 3961 καὶ
2620 3908 2957 3979 έκνήφοντας
2988 3910 3348 3980 ἐκτραγῳδῶν
3384 3910 3731 3975 καταυλίζων
3761 3915 3791 3967 6

2188 3998 2354 4053 Δαϐίδ
2398 4014 2597 4069 φησιν’
2644 3999 2971 4059 Δανείζεται
3013 4004 3046 4054 ὁ
3096 4002 3466 4070 ἁμαρτωλὸς,
3515 4005 3613 4056 καὶ
3670 4008 3789 4058 οὐκ

2188 4089 2495 4145 ἀποτίσειο
2520 4092 2678 4157 δάνος
2717 4094 2809 4147 τὸν
2839 4095 3028 4166 καιρὸν
3060 4097 3159 4165 τῆς
3204 4095 3354 4160 θείας
3395 4098 3793 4169 μακροθυμίας

2188 4178 2387 4249 δηλῶν,
2412 4179 2620 4236 ἔκτισιν
2653 4182 2710 4235 δὲ
2740 4183 2837 4254 τὴν
2870 4186 3233 4254 μετάγνωσιν.
3268 4186 3380 4239 Καὶ
3401 4183 3559 4251 αὖθις
3581 4191 3610 4242 6
3644 4189 3793 4254 θεῖος

2188 4273 2386 4343 ἐπάγει
2425 4275 2682 4346 μελῳδὸς,
2716 4277 2770 4327 '0
2796 4276 2864 4329 δὲ
2895 4276 3129 4343 δίκαιος
3154 4278 3429 4346 οῖκτείρει
3466 4280 3567 4332 καὶ
3601 4281 3790 4335 δίδω-

2188 4379 2310 4417 σιν.
2351 4364 2408 4417 ὐ
2434 4365 2608 4429 διδοὺς
2630 4406 2642 4429 ,
2669 4366 2801 4429 Θεὸς
2820 4406 2833 4430 ,
2855 4366 2919 4419 τὸ
2942 4366 3239 4436 διδόμενον,
3268 4368 3635 4438 μεταμελείας
3664 4387 3792 4424 καιο

2192 4454 2315 4526 ρός·
2346 4454 2606 4519 δανείζων
2640 4455 2747 4527 γὰρ
2780 4456 2913 4520 Θεὸς
2957 4456 3189 4528 βροτοῖς,
3227 4458 3472 4522 σπανίως
3513 4460 3549 4530 ἢ
3595 4462 3787 4529 μόγις,

2190 4548 2222 4617 ἢ
2258 4547 2365 4600 οὐδ’
2409 4547 2547 4611 ὅλως
2599 4548 2997 4619 ἀπολαμϐάνει,
3045 4550 3208 4621 μέχρι
3241 4535 3431 4614 τέλους
3474 4550 3574 4603 τοῦ
3626 4552 3791 4620 ὀφεί-

2188 4638 2371 4703 λοντος
2419 4640 2704 4710 ἀναμένων
2752 4640 2852 4712 τὴν
2896 4640 3138 4695 έκτισιν’
3184 4641 3561 4712 δανειζόμενος
3604 4642 3669 4696 δὲ
3699 4644 3791 4697 διὰ

2188 4730 2313 4793 τοὺς
2345 4729 2513 4794 πέλας
2566 4731 2655 4784 τὸν
2705 4731 2885 4797 ἔλεον,
2930 4728 3087 4795 αὖθις
3121 4733 3521 4787 πολλαπλάσιον
3570 4735 3787 4790 ἀντιδίο

2190 4820 2373 4886 δωσιν,
2408 4822 2574 4886 ὀξέως
2614 4824 2945 4895 εὐεργετεῖν,
2990 4825 3231 4895 βραδέως
3262 4826 3514 4891 κολάζειν
3545 4828 3785 4893 εἰωθώς.

2188 4913 2309 4965 Ἔτι
2339 4914 2447 4984 γὰρ
2479 4915 2573 4968 καὶ
2611 4915 2704 4968 νῦν
2748 4916 2966 4980 ἀσεϐεῖς
3001 4916 3372 4985 θεοστυγοῦσι,
3410 4920 3505 4971 καὶ
3555 4919 3786 4973 ἄπιστοι

2182 5007 2300 5068 ταῖς
2332 5005 2640 5077 θεουργίαις
2666 5008 3042 5073 ὲπισκάζουσι,
3068 5010 3176 5063 οὐδ’
3206 5010 3379 5081 ἑτέρῳ
3406 5013 3506 5082 τῆς
3532 5010 3786 5075 διανοίας

2183 5095 2282 5158 τὰς
2316 5096 2502 5167 βάσεις
2549 5098 2859 5171 ἐρίζοντες,
2898 5100 2993 5153 καὶ
3038 5103 3070 5171 ἡ
3120 5101 3303 5155 ἀδικία
3353 5106 3571 5172 κρατεῖ,
3614 5104 3719 5157 καὶ
3755 5107 3787 5158 ὁ

502 5189 748 5247 cordiam
805 5204 999 5245 rursus
1057 5188 1423 5258 multiplicans
1478 5186 1751 5250 retribuit,
1784 5202 1907 5240 cum
1968 5185 2080 5241 cito

2191 5188 2377 5259 κριτὴς
2424 5190 2795 5261 μακροθυμεῖ,
2843 5191 2947 5257 ἓως
2994 5191 3095 5264 τῆς
3142 5192 3400 5263 δευτέρας
3450 5193 3587 5264 πρὸς
3633 5196 3787 5265 ἡμᾶς

576 5374 619 5407 "
650 5374 712 5430 Ill
748 5374 881 5447 Reg.
911 5391 950 5439 ι,
982 5375 1035 5439 1,
1066 5374 1121 5438 3,
1149 5374 1202 5429 4.
1280 5373 1325 5404 ⁸⁰
1356 5371 1567 5427 Coloss.
1607 5387 1668 5436 II,
1693 5372 1748 5424 3.
1832 5370 1873 5401 ⁸¹
1910 5369 2055 5425 Psal.

2191 5370 2395 5437 :vn,‘2l.

568 5537 647 5607 (7)
680 5538 1045 5605 Πνεύματος.
1094 5533 1191 5607 Sic
1249 5534 1635 5605 rescripsimus
1694 5551 1795 5605 pro
1861 5536 2072 5606 Πατρός

501 5604 644 5677 quod
684 5604 944 5677 exhibent
979 5607 1132 5661 editi.
1168 5604 1346 5677 Atque
1397 5604 1469 5658 ita
1523 5604 1734 5677 legebat
1784 5604 2078 5673 interpres.

503 5675 641 5733 Nam
671 5676 985 5751 Πνεύματος
1004 5676 1275 5748 -ΙΙατρὸς,
1318 5675 1596 5749 Πνεύματι
1622 5709 1634 5715 -
1653 5677 1827 5748 Πατρί
1866 5677 2082 5747 aliaque

2477 5371 2521 5403 ⁸³
2554 5371 2685 5428 ibid.

2192 5533 2545 5601 hujusmodi,
2587 5537 2727 5592 haud
2781 5537 3157 5610 infrequenter
3185 5538 3395 5594 librarii
3436 5538 3792 5596 confundere

2189 5617 2613 5679 consueverunt,
2650 5618 2708 5662 ut
2755 5626 2865 5679 pra:
2910 5611 3122 5665 caeteris
3167 5611 3426 5666 observat
3465 5611 3791 5668 Coteleritts

2189 5673 2427 5731 Monum.
2457 5676 2599 5733 Eccl.
2634 5679 2725 5731 Cr.
2756 5673 2891 5737 'tom.
2922 5680 2985 5748 ll,
3005 5682 3203 5752 p.609.
