4030 6232
173 384 279 443 881

178 497 508 567 φοιτήσεως,
539 476 929 571 ἤτιςὶὺπάρχει
959 500 1059 572 τῆς
1088 502 1305 574 ἡμέρας
1338 502 1433 558 καὶ
1477 504 1576 577 τῆς
1617 505 1768 577 ὧρας

175 588 398 659 ἐκείνης
427 588 460 659 ἡ
497 589 776 663 πρακτικὴ
805 592 901 662 τῆς
932 591 1167 664 κρίσεως
1198 594 1399 663 γνῶσις
1432 596 1597 649 αὑτοῦ

1595 389 1945 449 DlALOGUS
1986 392 2031 447 1.

3345 394 3457 455 88':

1872 506 2094 577 quidem
2130 506 2469 572 benefacere,
2504 507 2659 564 tarde
2693 522 2822 563 vero
2857 496 3050 579 punire
3080 513 3441 567 consueverit.

1792 643 1809 659 .
1870 599 2029 655 Nunc
2060 599 2204 656 enim
2237 598 2417 654 adhuc
2451 600 2602 669 impii
2626 600 2862 654 oderunt
2892 599 3083 669 Deum,
3105 609 3158 657 et
3181 600 3451 661 increduli

176 682 231 733 in
258 680 461 735 divinis
483 681 743 752 operibus
764 684 1099 751 claudicant,
1122 703 1301 758 neque
1315 689 1425 744 ulla
1457 691 1561 745 alia
1581 707 1639 748 re
1666 693 1862 749 mentis
1882 711 2109 766 gressus
2128 693 2373 760 ﬁrmant;
2395 693 2642 765 adeoque
2666 693 2928 765 iniquitas
2952 706 3191 766 superat,
3214 704 3267 752 et
3285 697 3452 768 judex

174 770 509 843 louganimis
564 779 670 839 est,
714 791 888 847 usque
944 778 1011 833 ad
1046 781 1348 836 secundum
1385 783 1454 839 ad
1518 800 1620 842 nos
1655 785 1945 842 adventum
1971 830 1986 855 ,
2039 789 2134 859 qui
2180 794 2266 844 est
2314 786 2422 843 diei
2462 793 2517 841 et
2558 787 2709 842 hora:
2751 787 2900 844 illius
2948 788 3206 844 nimirum
3258 789 3453 859 judicii

175 860 477 919 exercendi
517 865 789 935 cognitio.

760 983 1009 1039 ΠΕΥΣῘΣ
1046 989 1176 1044 ΚΒ’.

250 1092 362 1145 Καὶ
394 1091 511 1157 πῶς
538 1093 700 1159 αὑτὸς
723 1094 907 1165 λέγει·
956 1100 1112 1166 Πρὸς
1154 1102 1260 1156 τὸν
1311 1104 1459 1158 Θεόν
1497 1124 1619 1176 μου
1661 1105 1758 1162 καὶ

2291 985 2818 1044 INTERROGATIO
2873 985 3038 1042 XXII.

1934 1100 2217 1168 Quomodo
2254 1115 2384 1155 vero
2414 1101 2592 1169 inquit
2623 1103 2781 1169 ipse:
2815 1099 2898 1153 Ad
2947 1099 3111 1156 Deum
3168 1117 3342 1154 meum
3400 1110 3450 1156 et

148 1184 333 1236 ’Θεὸν
359 1184 545 1254 ὑμῶν,
562 1189 661 1240 καὶ
689 1189 919 1257 Πατέρα
936 1208 1057 1258 μου
1084 1192 1181 1246 καὶ
1209 1195 1441 1264 Πατέρα
1469 1197 1668 1267 ὐμιῖινε
1696 1200 1761 1253 ἐκ

1868 1190 2031 1245 Deum
2055 1198 2304 1251 vestrum,
2321 1199 2370 1243 et
2392 1188 2603 1242 Patrem
2624 1204 2795 1241 meum
2817 1197 2868 1242 et
2894 1187 3107 1242 Patrem
3130 1198 3357 1242 vestrum
3372 1190 3450 1243 οη

178 1275 372 1328 τούτου
398 1275 615 1340 δεικνὺς
646 1277 722 1349 μὴ
755 1272 873 1344 ἶσος
899 1280 1162 1354 ὑπάρχειν
1188 1285 1282 1339 τοῦ
1308 1287 1541 1360 Πατρδς,
1561 1289 1755 1360 λέγων,

177 1365 511 1435 Πορεύομαι
541 1364 694 1434 πρὸς
724 1365 831 1422 τὸν
855 1370 1002 1423 Bedr-
1022 1389 1177 1440 you;

798 1459 1162 1529 Ἀπόκρισις.

263 1546 426 1601 Ἀλλά
484 1549 560 1619 μὴ
607 1548 744 1621 πρὸς
792 1549 873 1616 τὸ,
916 1551 1094 1621 ἥττον’
1125 1555 1390 1628 ὑπάρχειν
1432 1558 1525 1613 τοῦ
1559 1562 1771 1634 Πατρὸς

176 1638 272 1693 τὸν
311 1636 521 1705 Παῖδα,
559 1640 841 1713 καταπέσῃ
877 1644 1031 1714 ὑμῶν
1078 1647 1112 1717 ἡ
1158 1647 1395 1715 διάνοια,
1431 1650 1509 1722 τῷ
1569 1654 1772 1725 ῥήματι

176 1731 280 1802 τῆς
306 1731 633 1805 θεανδρικῆς
672 1733 837 1788 αὑτοῦ
866 1738 1179 1810 οἰκονομίας
1208 1743 1646 1813 προσκόπτουσα.
1687 1748 1764 1801 Οὑ

178 1818 290 1893 γάρ
323 1824 430 1893 πρὸ
458 1822 663 1897 ταύτης
689 1829 938 1896 φανεῖται
969 1831 1145 1902 φήσας
1175 1832 1234 1887 ὲν
1253 1837 1320 1906 τῇ
1344 1835 1761 1912 Παλαιᾷᾙυκτῇ

179 1913 259 1968 ἔτι
292 1914 587 1986 ἀσώματος
626 1918 908 1991 ὑπάρχων,
944 1925 1277 1992 Πορεύομαι
1299 1928 1449 1997 πρὸς
1485 1929 1592 1984 τὸν
1617 1932 1765 1986 Θεόν

126 2070 129 2071 ν
172 2023 298 2074 μου
317 2023 330 2034 ο
358 2006 452 2059 καὶ
485 2007 649 2080 σαρκὶ
673 2008 728 2063 δὲ
763 2010 1005 2078 ἐνωοεὶς,
1035 2015 1134 2085 οὑχ
1161 2009 1323 2087 ἦττον
1356 2018 1461 2073 ὑπὸ
1491 2020 1599 2074 τῶν
1632 2040 1764 2094 προ-

182 2097 373 2169 φητῶν
417 2097 747 2169 θεολογείται
770 2119 787 2135 ·
837 2103 1057 2158 Ἠσαίου
1098 2106 1198 2178 μὲν
1237 2108 1485 2178 βοῶντος
1517 2112 1766 2168 Παιδίον

177 2188 475 2258 ἐγεννήθη
503 2190 645 2260 ἡμῖν
666 2192 764 2245 καὶ
785 2192 981 2263 ἐδόθη,
1008 2190 1079 2251 οὗ
1106 2196 1144 2264 ἠ
1165 2197 1322 2266 ἀρχὴ
1348 2199 1446 2253 ἐπὶ
1477 2200 1581 2256 τοῦ
1603 2202 1764 2272 ὤμου

179 2279 408 2344 αὑτοῦ,
440 2280 537 2335 καὶ
583 2282 852 2340 καλεῖται
902 2284 969 2338 τὸ
1011 2286 1198 2358 ὄνομα
1234 2290 1442 2357 αὑτοῦ,
1480 2292 1764 2363 ιμεγάλης

175 2367 422 2437 βουλῆς
472 2371 776 2441 Ἄγγελος,
818 2376 1176 2444 Θαυμαστὸς
1214 2380 1583 2449 σύμϐουλος,
1622 2384 1764 2451 Θεὸς

146 2459 458 2539 λσχιιρὸς,
499 2460 953 2533 Ἐξουσιαστὴς,
984 2467 1217 2536 Ἀρχων
1261 2469 1529 2539 εἰρήνης,
1563 2472 1763 2543 Πατὴρ

179 2551 289 2606 τοῦ
320 2553 658 2621 μέλλοντος
684 2555 898 2622 αἰῶνος
918 2572 932 2587 ·
968 2556 1061 2611 τοῦ
1094 2558 1151 2612 δὲ
1198 2560 1362 2614 Δαϐὶδ
1404 2563 1763 2633 μελῳδοῦντος

179 2637 284 2707 τὴν
327 2637 588 2710 δευτέραν
651 2641 816 2695 αὑτοῦ
869 2643 1191 2718 θεανδρικὴν
1248 2650 1625 2723 ὲπιφοίτησιν,
1671 2640 1763 2708 ἐπὶ

182 2731 365 2802 γρίσει
389 2730 483 2785 καὶ⁵
508 2733 832 2805 άνταμείψει
858 2737 1067 2803 πάντας
1099 2740 1542 2813 συναγείρουσαν,
1565 2748 1598 2798 ό
1619 2746 1763 2812 Θεὸς

186 2812 356 2882 ἡμῶν
382 2815 658 2885 ἐμφανῶς
704 2820 857 2889 ἣξει,
896 2823 924 2874 ὁ
969 2822 1099 2887 Θεὸς
1131 2812 1436 2896 ήμῶν,ίκαὶ
1478 2830 1538 2883 οὑ
1581 2848 1759 2902 παρα-

182 2908 545 2978 σιωπήσεται.
576 2912 699 2979 Πῦρ
733 2913 1011 2970 ἐναντίον
1041 2917 1231 2972 αὐτοῦ
1262 2923 1754 2989 προπορεύσεται,

180 2995 277 3048 καὶ
315 2997 526 3064 κύκλῳ
566 3000 755 3055 αὐτοῦ
793 3004 1064 3074 καταιγὶς
1093 3006 1350 3076 σφόδρα,
1389 3011 1515 3075 τοὺς
1550 3011 1757 3076 αἰτίους

180 3091 319 3161 πρὸς
382 3097 647 3166 τιμωρίαν
704 3100 1134 3167 συνελαύνουσα,
1186 3103 1281 3157 καὶ
1349 3104 1429 3174 τῷ
1498 3105 1756 3175 φρικώδει

182 3175 276 3229 καὶ
305 3176 521 3231 ἀκλινεί
545 3182 867 3251 παριστῶσα
899 3183 1104 3256 βήματι
1129 3188 1221 3243 τοῦ
1263 3190 1355 3243 ἐπὶ
1389 3192 1604 3248 πάντων
1631 3194 1767 3249 Θεοῦ

184 3265 280 3318 καὶ
304 3266 560 3339 Σωτῆρος
589 3270 746 3342 ἡμῶν
785 3274 961 3344 Ἰησοῦ
990 3276 1248 3347 Χριστοῦ.
1275 3280 1517 3347 Εἰκότως
1544 3279 1639 3338 οὖν
1678 3285 1768 3340 διὰ

180 3355 282 3424 τὴν
302 3358 623 3430 σωματικὴν
638 3362 951 3433 οἰκονομίαν
972 3366 1128 3435 φησὶ,
1146 3369 1477 3440 Πορεύομαι
1497 3374 1648 3442 πρὸς
1661 3376 1768 3429 τὸν

184 3448 337 3502 Oed»-
360 3466 483 3518 μου
505 3467 519 3481 ο
545 3450 636 3506 διὰ
668 3452 726 3506 δὲ
758 3453 859 3525 τὴν
887 3455 1030 3510 κατὰ
1062 3457 1224 3526 φύσιν
1245 3459 1347 3531 τῆς
1389 3461 1538 3527 Θείας
1567 3466 1630 3517 ὲκ
1670 3466 1763 3519 τοῦ

183 3537 396 3609 Πατρὸς
421 3542 752 3613 γεννήσεως,
782 3546 1132 3616 Πορεὺομαι,
1158 3550 1315 3621 φησὶ,
1337 3552 1489 3620 πρὸς
1518 3552 1625 3608 τὸν
1647 3558 1766 3608 Πα-

179 3628 323 3697 τέρα
343 3648 487 3699 μου.
509 3632 644 3696 Θεὸς
675 3634 854 3690 τοίνυν
889 3635 999 3690 τῶν
1034 3638 1294 3712 μαθητῶν
1332 3642 1426 3695 καὶ
1454 3645 1643 3717 Πατὴρ
1668 3646 1761 3701 τοῦ

182 3719 383 3786 Παιδὸς
411 3724 554 3778 κατά
595 3724 777 3794 φύσιν,
819 3726 952 3793 Θεὸς
1000 3729 1058 3783 δὲ
1092 3730 1187 3784 τοῦ
1208 3731 1337 3786 Υῑοῦ
1381 3734 1521 3789 κατὰ
1561 3736 1760 3808 σάρκα,

179 3812 277 3866 καὶ
297 3812 490 3886 Πατὴρ
524 3814 630 3870 τῶν
668 3818 938 3889 φοιτητιῖω
963 3820 1103 3875 κατὰ
1130 3822 1315 3896 χάριν.

769 4023 1017 4078 ΠΕΥΣῙΣ
1054 4026 1180 4079 ΚΡ.

254 4111 368 4165 Καὶ
394 4110 513 4175 πῶς
542 4113 670 4183 περὶ
690 4113 785 4167 τοῦ
820 4115 1033 4186 Πατρὸς
1081 4117 1412 4188 γέγραπται,
1445 4122 1528 4175 Οὐ
1559 4122 1765 4177 πεινά-

179 4220 300 4267 σει,
328 4204 404 4257 οὐ
435 4202 704 4272 διψήσει,
738 4204 882 4260 οὐδέ
922 4205 1095 4261 ἐστιν
1134 4208 1442 4279 ἐξεύρεσις
1480 4212 1590 4282 τῆς
1621 4232 1764 4283 φρο-

178 4295 419 4362 νήσεως
447 4294 637 4350 αὐτοῦ
658 4311 671 4324 ⁸
710 4297 838 4367 περὶ
853 4297 911 4351 δὲ
937 4297 1031 4353 τοῦ
1060 4300 1210 4367 Υίοῦ,
1244 4303 1326 4355 ὅτι
1349 4304 1601 4359 ἐπείνασε
1624 4307 1762 4377 μετὰ

177 4386 596 4457 τεσσαράκοντα
628 4387 864 4459 ἡμέρας,
893 4390 1212 4469 πειρασθεὶς
1244 4394 1303 4446 ὲν
1336 4397 1401 4467 τῇ
1424 4396 1636 4469 ἐρήμῳ,
1669 4400 1763 4453 καὶ

175 4479 417 4550 διψήσας
443 4477 625 4550 ἐζήτει
673 4481 818 4532 πιεῖν
862 4466 1013 4549 παρᾶ
1042 4482 1141 4553 τῆς
1175 4466 1568 4556 Σαμαρίτιδος;
1588 4466 1760 4544 *πάλιν

182 4573 316 4642 περὶ
339 4570 435 4625 τοῦ
456 4570 695 4643 Πατρὸς,
725 4574 809 4626 Οὐ
844 4573 1146 4639 κοπιάσει,
1170 4577 1244 4630 οὐ
1275 4580 1593 4645 νυστάσει,
1622 4583 1766 4637 οὐδὲ

176 4660 453 4715 ὐπνώσει
487 4662 521 4713 ὁ
551 4658 894 4728 φυλάσσων
925 4660 1032 4715 τὸν
1078 4663 1325 4732 Ἰσραήλ
1349 4683 1362 4696 ·
1409 4666 1670 4721 ἐκοπίασε
1711 4669 1767 4722 δὲ

190 4749 405 4822 Ἰησοῦς
429 4751 496 4802 ὲκ
515 4749 614 4819 τῆς
628 4748 959 4820 ὁδοιπορίας,
984 4748 1082 4804 καῖ
1099 4750 1369 4807 ὑπνώττει
1394 4755 1451 4808 ὲν
1475 4752 1552 4825 τῷ
1574 4754 1766 4826 πλοίῳ,

178 4843 327 4913 άπερ
352 4840 457 4895 οὐκ
493 4840 608 4893 ἔστι
635 4839 772 4894 Θεοῦ
796 4856 812 4905 ;

797 4957 1158 5028 Ἀπόκρισις.

252 5053 479 5119 Ἀπαγε
521 5050 720 5104 σαυτὸν
747 5051 848 5121 τῆς
872 5052 1216 5126 νηπιότητος,
1249 5054 1524 5127 ἄνθρωπε.
1551 5058 1627 5111 oe
1664 5061 1760 5130 p.6-

174 5161 266 5196 νον
306 5141 421 5213 γὰρ
468 5143 720 5213 πεινῆσαι
754 5143 1075 5211 κατεδέξατο
1122 5145 1290 5200 ἐλθὼν
1333 5148 1362 5201 ὁ
1398 5148 1759 5215 ὲνυπόστατος

174 5236 273 5289 καὶ
303 5234 416 5300 ζῶν
448 5234 603 5303 ἅγιος
630 5234 821 5304 Λόγος,
852 5236 988 5289 ἀλλὰ
1018 5237 1112 5291 καὶ
1142 5238 1377 5292 πέπονθε
1408 5239 1485 5311 τῷ
1517 5241 1576 5308 ἐξ
1604 5242 1759 5314 ἡμῶν

174 5325 595 5396 προσλήμματι,
629 5324 723 5377 καὶ
755 5323 860 5378 ὑπὸ
902 5325 1078 5397 ταφὴν
1117 5326 1307 5382 τούτου
1346 5330 1555 5399 γέγονε,
1605 5332 1758 5404 πρῶ-

171 5432 267 5469 τον
300 5415 622 5487 μαπιχθεὶς
670 5415 762 5469 τὸν
804 5415 1007 5479 νῶτον,
1058 5418 1154 5472 καὶ
1193 5418 1412 5491 δέσμιος
1454 5425 1520 5493 τῇ
1570 5423 1760 5477 ὲνὼσει

170 5506 563 5577 ἀνα-πεμφθεὶς
605 5505 820 5581 Ἡρώδῃ
841 5507 945 5560 ὑπὸ
974 5508 1229 5565 Πιλάτου.
1263 5506 1377 5565 Εἴθ’
1398 5511 1568 5577 οὑτως
1600 5514 1760 5586 ῥαπί-

171 5595 333 5660 ζεται
357 5591 612 5669 παρειαῖς
642 5597 740 5651 καὶ
780 5597 1101 5668 ἐμπτύεται.
1140 5600 1299 5656 Ἀλλὰ
1331 5604 1425 5657 καὶ
1469 5605 1755 5676 ἐδάκρυσε,

169 5682 269 5736 καὶ
322 5683 383 5736 ἐν
422 5684 634 5757 ἀγωνίᾳ
686 5685 975 5757 γενόμενος
1025 5687 1218 5760 ἵδρωσε
1241 5707 1253 5721 ·
1301 5692 1399 5746 καὶ
1448 5692 1685 5763 ἐγένετο
1725 5698 1759 5751 ό

1857 1297 1969 1353 quo
1995 1280 2238 1336 ostendit
2264 1294 2323 1334 se
2352 1295 2460 1333 non
2498 1279 2765 1349 aequalem
2815 1293 2938 1335 esse
2981 1272 3151 1344 Patri,
3192 1294 3316 1334 cum
3360 1280 3447 1334 in—

1863 1370 2005 1443 quit,
2049 1368 2200 1423 Vado
2235 1368 2303 1422 ad
2332 1367 2497 1422 Deum
2522 1369 2735 1422 meum?

2499 1458 2809 1527 Responsio.

1934 1548 2291 1620 Nequaquam
2327 1549 2536 1604 recidat
2561 1563 2629 1603 eo
2663 1564 2817 1603 mens
2852 1558 3059 1612 nostra,
3095 1555 3155 1601 ut
3189 1554 3454 1617 putemus

1870 1641 2138 1696 minorem
2200 1656 2324 1697 esse
2375 1639 2537 1695 Patre
2590 1638 2810 1705 Filium,
2847 1638 3053 1695 oﬂ‘ensa
3106 1639 3211 1694 hoc
3260 1640 3448 1706 verbo,

1868 1733 2017 1803 quod
2049 1733 2262 1788 ratione
2284 1732 2782 1788 administrationis
2815 1733 2953 1787 uniti
2986 1747 3112 1786 cum
3142 1732 3253 1788 Deo
3274 1732 3450 1786 homi-

1872 1824 1959 1880 nis
1981 1824 2204 1879 dicitur.
2236 1823 2353 1879 Non
2384 1825 2528 1879 enim
2561 1832 2689 1880 ante
2712 1825 2817 1880 hoc
2845 1833 3057 1893 tempus
3081 1838 3205 1878 eum
3232 1831 3450 1879 constat

1872 1916 1954 1970 sic
1994 1915 2237 1970 locutum
2269 1929 2393 1970 esse
2439 1913 2493 1968 in
2536 1913 2821 1983 Scriptura
2855 1910 3061 1978 Veteri,
3111 1926 3237 1965 cum
3269 1912 3449 1966 adhuc

1870 2015 2017 2063 esset
2066 2005 2459 2076 incorporeus:
2523 2003 2673 2059 Vada
2734 2002 2803 2057 ad
2852 2001 3019 2056 Deum
3076 2018 3267 2056 meum.
3334 2002 3448 2057 lmo

1870 2100 2035 2154 etiam
2069 2098 2224 2154 carni
2263 2097 2419 2153 unito
2459 2095 2718 2152 divinitas
2754 2093 3113 2151 nihilominus
3153 2107 3184 2146 a
3221 2093 3446 2148 vatibus

1872 2190 2152 2252 tribuitur,
2185 2188 2326 2245 Isaia
2352 2187 2575 2259 quidem
2617 2188 2932 2243 clamante:
2977 2185 3118 2239 Puer
3160 2193 3320 2239 natus
3362 2194 3445 2240 est

1871 2280 2043 2349 nobis,
2073 2289 2122 2335 et
2163 2280 2322 2334 datus
2357 2290 2458 2343 est,
2489 2279 2644 2349 cujus
2678 2278 2957 2347 imperium
2983 2293 3139 2347 super
3172 2276 3444 2330 humerum

1868 2373 2019 2442 ejus;
2038 2381 2089 2427 et
2110 2373 2382 2428 vocabitur
2402 2389 2588 2427 nomen
2607 2371 2744 2441 ejus,
2774 2374 2954 2442 magni
2962 2372 3167 2427 consilii
3189 2370 3445 2432 Nuntius,

1868 2462 2224 2518 Admirabilis
2251 2463 2616 2526 consiliarius,
2674 2462 3038 2530 Deus’fortis,
3091 2460 3442 2525 Dominator,

1870 2553 2121 2623 Princeps
2150 2555 2318 2624 pacis,
2365 2553 2529 2608 Pater
2569 2553 2737 2622 futuri
2776 2552 2958 2607 arvi“.
2997 2550 3228 2608 Davides
3261 2561 3441 2606 autem

1870 2645 2170 2702 secundum
2206 2645 2343 2700 uniti
2366 2660 2490 2700 eum
2518 2643 2627 2699 Deo
2660 2644 2900 2700 hominis
2932 2643 3229 2699 adventum
3269 2646 3442 2710 canit,

1868 2753 1978 2807 quo
2003 2736 2069 2791 ad
2094 2735 2365 2806 judicium
2390 2743 2444 2792 et
2467 2735 2881 2791 retributionem
2905 2750 3097 2790 omnes
3118 2735 3415 2791 excitabun
3431 2765 3445 2778 -

1869 2836 1990 2884 tur:
2017 2828 2158 2883 Deus
2187 2836 2366 2883 noster
2394 2827 2677 2897 manifesto
2706 2828 2955 2895 veniet”;
2990 2826 3158 2891 Deus,
3191 2829 3439 2898 inquam,

1868 2926 2079 2985 noster,
2132 2935 2235 2975 nec
2265 2919 2434 2975 tacite
2482 2919 2538 2975 id
2578 2918 2706 2975 (iet:
2747 2918 2892 2990 Ignis
2926 2919 3182 2989 procedet
3213 2930 3333 2973 ante
3358 2920 3443 2988 ip-

1868 3027 2008 3074 sum,
2039 3021 2088 3066 et
2115 3011 2169 3064 in
2210 3011 2440 3064 circuitu
2470 3012 2634 3079 ipsius
2676 3011 2945 3065 uehemens
2986 3009 3220 3079 procella
3235 3009 3304 3074 ⁸⁸,
3336 3009 3443 3064 im-

1865 3103 2073 3173 pellens
2106 3103 2175 3158 ad
2204 3104 2532 3175 supplicium
2563 3118 2711 3169 reos,
2737 3118 2876 3174 quos
2906 3101 3140 3158 terribili
3171 3108 3226 3157 et
3256 3102 3443 3157 incor-

1862 3201 2027 3264 rupto
2054 3195 2209 3251 sistet
2235 3193 2495 3249 tribunali
2523 3194 2645 3264 ejus
2671 3194 2762 3266 qui
2785 3207 2953 3264 supra
2988 3192 3175 3247 omnia
3199 3192 3442 3254 exsistit,

1861 3279 1955 3336 Dei
2006 3282 2217 3338 scilicet
2264 3297 2328 3336 ac
2387 3281 2698 3338 Servatoris
2777 3282 2951 3337 nostri
3008 3278 3138 3336 Jesu
3212 3280 3442 3336 Christi.

1862 3369 2058 3427 Merito
2087 3372 2255 3443 igitur
2288 3379 2513 3443 propter
2544 3371 3078 3427 administrationem
3114 3369 3171 3424 in
3209 3383 3447 3440 corpore

1864 3477 2039 3527 suam,
2088 3463 2287 3534 inquit,
2329 3463 2478 3518 Vado
2502 3463 2572 3517 ad
2614 3462 2780 3517 Deum
2825 3478 3020 3517 meum.
3061 3461 3291 3532 Propter
3322 3476 3445 3517 eam

1863 3568 1996 3609 vero
2058 3568 2181 3622 quae
2232 3554 2536 3607 secundum
2596 3560 2848 3606 naturam
2905 3551 3106 3607 divinae
3158 3567 3228 3606 ex
3279 3551 3444 3608 Patre

1868 3641 2237 3711 generationis
2271 3649 2377 3707 est,
2418 3642 2587 3706 Vada,
2622 3641 2820 3712 inquit,
2870 3641 2940 3695 ad
2984 3641 3203 3697 Patrem
3244 3658 3441 3699 meum.

1867 3734 2013 3789 Deus
2061 3732 2227 3804 igitur
2274 3733 2365 3788 ille
2412 3733 2809 3802 discipulorum
2847 3741 2953 3800 est,
3008 3739 3063 3788 et
3108 3731 3270 3788 Pater
3318 3734 3443 3789 Filii

1867 3823 2166 3880 secundum
2203 3830 2477 3889 naturam,
2505 3829 2560 3878 et
2607 3821 2751 3879 Deus
2797 3821 2942 3879 idem
2987 3820 3110 3877 Filii
3139 3822 3440 3879 secundum

1866 3916 2117 3985 gratiam.

2267 4025 2784 4085 INTERROGATIO
2831 4028 3023 4084 XXIII.

1931 4119 1997 4174 Et
2029 4120 2123 4191 qui
2159 4119 2245 4186 iit,
2280 4128 2341 4174 ut
2368 4118 2435 4174 de
2461 4118 2622 4175 Patre
2644 4120 2714 4176 sit
2742 4120 3043 4190 scriptum:
3079 4118 3201 4181 Non
3219 4121 3435 4184 esuriet,

1860 4227 1962 4266 non
1991 4212 2150 4278 sitiet,
2167 4227 2327 4281 neque
2346 4220 2422 4265 est
2440 4210 2990 4279 inveniresapientiam
3020 4207 3278 4280 ejus";de
3295 4208 3440 4265 Filio

1867 4310 2072 4365 autem,
2104 4302 2249 4373 quod
2297 4302 2556 4358 esurierit
2602 4310 2723 4371 post
2755 4301 3115 4373 quadraginta
3143 4300 3282 4366 dies,
3313 4309 3437 4355 ten-

1870 4400 2016 4447 tatus
2054 4391 2111 4446 in
2154 4390 2390 4456 deserto,
2437 4398 2493 4447 et
2534 4391 2679 4462 quod
2720 4391 2939 4453 sitierit,
2987 4391 3113 4446 dum
3150 4399 3358 4461 peteret
3408 4406 3458 4445 a-

1869 4481 2211 4538 Samaritana
2237 4481 2465 4553 potum?
2498 4480 2807 4551 iterumque
2829 4480 2897 4535 de
2928 4478 3121 4535 Patre:
3162 4477 3287 4533 Non
3330 4480 3447 4534 las-

1862 4574 2092 4640 sabitur,
2116 4590 2221 4627 non
2241 4570 2570 4633 dormitabit,
2599 4586 2759 4641 neque
2780 4568 3004 4623 dormiet
3036 4578 3210 4624 custos
3256 4566 3439 4622 Israc-

1864 4662 2027 4721 lis“:
2078 4670 2133 4716 at
2176 4659 2336 4718 Jesus
2379 4660 2710 4731 defatigatus
2754 4666 2838 4715 est
2879 4674 2943 4714 ex
2966 4658 3340 4747 proiectione,
3383 4667 3438 4712 et

1867 4755 2127 4811 dormivit
2154 4758 2209 4810 in
2241 4755 2368 4811 navi
2395 4775 2407 4810 :
2442 4770 2564 4826 qua:
2593 4753 2781 4823 utique
2805 4751 2918 4807 Deo
2940 4765 3051 4805 non
3081 4756 3400 4819 competunt
3413 4750 3449 4803 2-

2496 4957 2801 5027 Responsio.

1940 5054 2120 5124 Apage
2157 5053 2233 5107 sis
2258 5066 2380 5105 cum
2413 5051 2512 5103 hac
2545 5056 2637 5102 tua
2671 5046 2967 5112 dementia,
2997 5047 3071 5099 mi
3098 5046 3278 5100 homo.
3313 5044 3435 5103 Non

1865 5145 2010 5200 enim
2059 5143 2276 5198 esurire
2326 5139 2488 5194 modo
2531 5135 2826 5200 sustinuit,
2879 5152 2975 5207 per
3021 5152 3080 5193 se
3128 5137 3438 5195 subsistens

1865 5235 1998 5290 illud
2031 5234 2210 5289 vivum
2237 5239 2596 5301 sanctumque
2626 5225 2887 5293 Verbum,
2906 5227 2999 5284 sed
3027 5239 3081 5285 et
3109 5244 3330 5299 passum
3352 5240 3443 5284 est

1867 5334 2150 5398 assumpta
2170 5334 2357 5382 nostra
2374 5333 2589 5391 natura,
2616 5322 2669 5377 in
2686 5336 2790 5391 qua
2812 5332 2865 5379 et
2887 5321 3221 5392 sepulturam
3243 5320 3432 5377 subiit.

1867 5418 2109 5473 Primum
2152 5417 2377 5489 ﬂagellis
2419 5433 2562 5474 caeso
2601 5418 2767 5474 dorso
2808 5413 3166 5471 constrictum
3200 5408 3435 5464 vinculis

1867 5511 1939 5567 ad
1966 5510 2233 5567 Herodem
2264 5512 2492 5566 missum
2527 5497 2613 5565 est
2642 5523 2673 5563 a
2706 5507 2900 5563 Pilato.
2944 5500 3149 5559 Deinde
3187 5498 3431 5571 colaphis

1867 5604 1923 5658 in
1963 5603 2213 5658 maxillas
2251 5601 2499 5664 caeditur,
2542 5609 2598 5656 et
2636 5597 2983 5669 conspuitur.
3016 5592 3124 5648 Sed
3172 5599 3227 5647 et
3265 5590 3434 5655 ﬂevit,

1863 5703 1918 5750 ct
1968 5693 2023 5749 in
2071 5709 2275 5766 angore
2324 5693 2683 5749 constitutum
2732 5686 2971 5755 sudavit,
3022 5685 3226 5756 fuitque
3275 5686 3438 5742 sudor

242 5842 294 5874 ⁸⁸
327 5840 485 5901 Joan.
520 5861 611 5911 xx,
648 5846 729 5901 ΓΖ.
806 5847 852 5881 ⁸⁵
881 5846 988 5906 lsa.
1032 5861 1105 5916 ix,
1142 5847 1195 5903 6.
1272 5849 1319 5881 “
1349 5848 1491 5905 Psal.
1529 5864 1675 5919 ms,
1708 5850 1760 5904 5.

1868 5850 1883 5881 ⁸
1917 5849 2045 5906 ibid.
2122 5851 2165 5883 ⁸⁷
2202 5849 2369 5908 Eccli.
2411 5867 2564 5922 svnt,
2609 5854 2659 5911 5.
2732 5853 2778 5885 ⁸⁸
2809 5850 2954 5918 Psal,
2985 5864 3112 5914 cxx,
3162 5848 3218 5907 4.
