4030 6232
583 372 692 426 883

578 489 693 556 ejus
729 496 977 558 tanquam
1019 496 1183 559 gutta:
1218 489 1512 560 sanguinis.
1558 487 1624 542 Et
1663 489 1908 557 apparuit
1943 487 2159 559 angelus

579 578 669 647 qni
706 579 1083 634 corroborabat
1109 596 1248 647 eum,
1284 579 1460 651 inquit
1493 579 1714 635 divinus
1757 579 1850 635 ille
1885 580 2060 636 Lucas
2085 581 2153 635 ⁸³.

585 665 724 730 Quin
774 667 937 722 etiam
981 669 1126 724 velut
1179 669 1438 740 ignorans
1479 667 1545 724 de
1586 666 1796 722 Lazaro
1847 668 2158 738 qumrebat,

590 756 690 811 L'bi
707 760 959 828 posuistis
989 776 1104 815 eum
1123 761 1210 814 ’°?
1232 759 1294 815 Et
1320 759 1388 816 de
1403 761 1631 816 muliere
1657 760 1922 832 proﬂuvio
1942 761 2162 832 sangui-

583 850 669 905 nis
686 851 991 918 laborante,
1012 868 1132 924 quae
1161 853 1301 908 clam
1331 868 1425 924 per
1443 859 1646 907 tactum
1670 852 1894 907 ﬁmbrite
1921 853 2162 909 abstule-

583 950 668 996 rat
712 942 1001 998 sanitatem
1053 962 1066 999 :
1118 943 1249 1010 Quis
1295 961 1376 998 me
1423 945 1588 1016 tetigit
1623 944 1718 998 9'?
1754 944 1962 1014 inquit;
1993 955 2048 999 et
2093 945 2161 998 ad

581 1027 801 1085 Judaeos
826 1032 918 1101 qui
944 1031 1122 1100 ipsum
1155 1031 1604 1102 comprehensuri
1621 1039 1800 1096 erant,
1821 1035 1989 1098 Quem
2018 1047 2162 1101 qua?-

582 1119 700 1172 rite‘s
716 1120 800 1173 "?
823 1121 918 1175 ait.
949 1119 1012 1174 Et
1041 1119 1108 1175 ad
1137 1120 1438 1191 discipulos
1465 1138 1479 1174 :
1516 1120 1684 1187 Quem
1728 1137 1809 1175 me
1851 1121 2032 1174 dicunt
2065 1120 2161 1175 Ito-

582 1211 749 1264 mines
778 1227 890 1265 esse
909 1212 955 1244 ”
977 1212 1004 1266 ?
1033 1211 1189 1275 Item,
1226 1209 1365 1277 Quot
1390 1229 1551 1282 panes
1581 1211 1783 1267 habetis
1801 1213 1886 1266 ⁸δῖ
1910 1211 2045 1267 Cum
2071 1212 2159 1266 ni-

583 1302 662 1356 hil
703 1303 898 1357 borum
943 1303 1242 1374 ignoraret,
1293 1304 1436 1360 sicut
1465 1304 1643 1360 exitus
1683 1304 1801 1376 ipse
1831 1319 2014 1360 rerum
2066 1303 2162 1358 de-

584 1392 757 1446 clarat
784 1411 798 1446 :
841 1393 893 1447 in
935 1392 1140 1448 Lazaro
1171 1394 1428 1464 primum,
1460 1395 1604 1465 quod
1624 1393 1746 1465 ejus
1768 1400 1998 1451 mortem
2023 1407 2162 1464 pra:-

585 1482 740 1545 dicit,
793 1483 862 1538 de
889 1498 999 1553 quo
1037 1484 1281 1555 apertius
1331 1486 1497 1555 paulo
1543 1491 1670 1555 post
1702 1485 1994 1549 disseram,
2036 1497 2160 1538 cum

587 1570 653 1625 ad
678 1571 836 1627 linem
871 1573 1138 1628 orationis
1171 1587 1258 1628 me
1290 1579 1507 1645 tempus
1536 1573 1862 1644 compulerit
1889 1590 1904 1640 ;
1953 1573 2009 1626 in
2042 1586 2162 1625 mu-

585 1660 724 1716 liere
745 1662 1028 1732 sanguinis
1064 1662 1330 1734 proﬂuvio
1350 1664 1658 1729 laborante,
1715 1661 2163 1720 contreetationis

582 1748 706 1816 ipse
723 1763 939 1814 sensus,
997 1757 1052 1804 et
1107 1753 1391 1821 copiosum
1443 1751 1641 1808 divinae
1693 1751 1978 1822 potestatis
2013 1749 2162 1804 auxi-

581 1841 758 1907 lium;
811 1841 866 1894 in
898 1843 1475 1913 compreltensoribus,
1515 1843 1752 1914 impetus
1797 1851 1852 1898 et
1902 1855 2160 1897 accessus

581 1949 777 2002 causa,
802 1941 856 1989 et
885 1934 1038 1991 horae
1065 1935 1213 1992 illius
1246 1938 1652 2008 propinquitas,
1671 1936 1798 1992 item
1825 1933 1971 2007 quod
1989 1935 2159 1988 inter-

583 2026 885 2083 fectoribus
942 2026 1105 2095 dicit,
1160 2032 1274 2100 Ego
1326 2046 1444 2084 sum
1465 2028 1624 2084 ":in
1673 2043 1743 2084 eo
1769 2026 1914 2096 quod
1944 2023 2157 2096 quaerit,

579 2117 707 2188 quis
744 2117 1060 2174 hominibus
1098 2135 1222 2176 esse
1271 2119 1572 2185 videretur,
1622 2119 1727 2175 hoc
1761 2119 1962 2188 ipsum,
2014 2113 2160 2186 quod

580 2207 804 2264 Petrum
845 2208 918 2265 ob
958 2211 1369 2268 esactissimam
1411 2209 1893 2279 ﬁrmissimamque
1947 2205 2162 2260 confes-

581 2299 791 2355 sionem
818 2298 1041 2355 beatum
1069 2301 1331 2371 praedicat
1352 2301 1438 2366 ;in
1474 2300 1733 2371 panibus,
1763 2297 1831 2353 de
1867 2295 2082 2368 exiguis
2108 2302 2162 2350 et

582 2391 778 2460 paucis
811 2391 1009 2462 ingens
1064 2392 1358 2448 multitudo
1399 2393 1779 2466 reliquiarum.
1827 2389 1966 2446 Cum
2011 2387 2160 2443 enim

583 2480 828 2549 quinque
858 2488 1069 2534 tantum
1109 2488 1317 2547 essent,
1372 2482 1668 2553 quinquies
1699 2479 1846 2536 mille
1879 2478 1945 2534 ad
1992 2477 2158 2533 satie-

587 2579 749 2628 tatem
779 2579 1067 2642 paverunt,
1126 2588 1192 2628 ac
1237 2583 1497 2645 praeterea
1551 2573 1839 2629 duodecim
1893 2570 2161 2640 cophinos

585 2661 907 2732 fragmentis
967 2662 1334 2733 repleverunt,
1386 2671 1676 2733 postquam
1737 2661 1894 2716 turba
1945 2658 2161 2729 epulata

579 2761 719 2821 erat,
747 2761 1002 2810 contactu
1033 2762 1086 2810 et
1121 2754 1389 2811 l‘ractione
1421 2756 1571 2812 illius
1595 2754 1762 2820 aucti,
1796 2753 1891 2824 qui
1923 2753 1977 2806 in
2010 2750 2163 2820 prin-

581 2839 727 2910 cipio
757 2848 918 2896 terra:
940 2842 1317 2907 mandaverat,
1355 2851 1415 2897 ut
1450 2843 1697 2898 triticum
1725 2841 2072 2912 produceret,
2106 2846 2162 2893 et

581 2932 740 2999 aquis
764 2940 823 2986 ut
849 2933 1211 3003 producerent
1240 2948 1403 2990 omne
1428 2951 1600 3006 genus
1627 2935 1885 2997 natabile,
1909 2946 1972 2986 ac
2001 2928 2162 3000 quid-

580 3023 716 3092 quid
741 3039 805 3078 ex
838 3025 923 3080 eis
957 3026 1219 3079 nascitur.
1576 3019 1578 3021 ’
1828 3033 1830 3035 ’
1931 3017 1934 3020 ’

996 3157 1514 3216 INTERROGATIO
1551 3158 1741 3215 XXIV.

651 3271 900 3338 Quodsi
945 3273 1222 3344 perfectus
1261 3274 1403 3332 Deus
1431 3283 1517 3332 est
1558 3275 1838 3340 Christus,
1880 3274 2190 3346 quomodo‘

581 3365 760 3436 inquit
793 3367 1150 3439 evangelista,
1185 3365 1329 3422 Puer
1365 3367 1523 3423 Iesus
1554 3367 1818 3422 crescebat
1865 3384 1928 3422 ac
1964 3367 2158 3436 spiritu

579 3458 1019 3529 conﬁrmabatur,
1065 3469 1114 3514 et
1161 3459 1470 3530 proﬁciebat
1517 3470 1626 3514 tam
1682 3461 1944 3530 sapientia
1998 3476 2157 3529 quam

581 3566 739 3613 wtate
759 3555 844 3610 ηι
876 3553 1020 3610 Deus
1044 3563 1194 3610 certe
1224 3569 1334 3610 non
1364 3555 1586 3615 crescit,
1614 3569 1792 3625 neque
1824 3554 2044 3625 prolicit
2069 3568 2155 3610 sa-

581 3646 812 3719 pientia,
842 3658 1023 3717 neque
1045 3646 1429 3710 conﬁrmatur,
1471 3656 1533 3700 ut
1564 3653 1723 3700 antea
1759 3647 2032 3701 inﬁrmus.

1218 3737 1527 3808 Responsio.

649 3828 756 3897 Qui
799 3839 879 3886 est
934 3829 1194 3900 sapientia
1238 3838 1289 3884 et
1334 3829 1568 3898 potentia
1621 3828 1715 3884 Dei
1755 3837 1805 3885 et
1845 3827 2047 3896 Patris,
2098 3836 2159 3882 ut

521 3962 542 3971 -
580 3919 762 3989 inquit
789 3926 1018 3975 sanctus
1044 3917 1137 3973 ille
1163 3918 1462 3988 Apostolus
1480 3919 1550 3982 ³⁷,
1576 3933 1672 3988 per
1693 3917 2157 3988 diSpcnsationem

581 4011 757 4066 nostri
779 4009 980 4065 similis
1007 4009 1213 4065 incedit
1235 4010 1546 4066 voluntaria
1568 4009 1920 4076 demissione,
1946 4009 2160 4079 sapien-

579 4105 714 4160 tiam
741 4103 946 4159 docens
981 4102 1262 4169 mortales,
1302 4102 1398 4172 qui
1425 4100 1616 4156 Adami
1656 4100 1920 4171 plantavit
1944 4116 2154 4156 aurem.

579 4193 753 4250 Paulo
785 4201 968 4250 autem
1001 4193 1259 4265 superius
1292 4193 1544 4248 oratione
1577 4194 1827 4264 repetita,
1863 4192 2158 4248 dilucidius

579 4288 761 4358 ipsum
788 4287 1180 4343 demonstrabo
1213 4283 1405 4350 Deum,
1440 4285 1534 4356 qui
1569 4285 1708 4340 citra
1741 4287 2158 4342 conversionem

579 4386 634 4432 ct
672 4373 1112 4433 immutationem
1148 4376 1315 4430 ullam
1347 4384 1571 4447 propter
1613 4391 1715 4432 nos
1764 4377 2022 4433 mortales
2073 4378 2158 4433 in-

583 4472 706 4524 t'ans
734 4467 807 4523 sit
837 4465 1039 4529 iactus,
1069 4474 1126 4521 et
1155 4465 1556 4520 incrementum
1585 4465 1860 4536 acceperit
1884 4466 2156 4536 corporis,

581 4576 694 4616 non
739 4557 1070 4614 divinitatis.
1116 4555 1260 4612 Dicit
1304 4556 1468 4628 igitur
1513 4557 1684 4611 multa
1733 4573 2027 4627 perpessus
2067 4556 2160 4614 ille

580 4663 734 4709 vates
763 4648 1103 4707 Hieremias:
1175 4647 1350 4704 Homo
1383 4660 1496 4716 est;
1541 4659 1592 4705 et
1624 4650 1741 4720 quis
1774 4659 2047 4721 cognoscet
2075 4651 2156 4720 ip-

581 4745 803 4800 sum"?
831 4759 941 4814 quo
987 4743 1186 4808 innuit,
1213 4743 1392 4814 ipsum
1442 4742 1614 4799 Deum
1644 4759 1787 4808 esse,
1832 4743 1927 4814 qui
1971 4751 2156 4800 tamen

582 4837 866 4908 ignoretur
907 4835 975 4892 ab
1009 4835 1077 4892 iis
1110 4834 1203 4906 qui
1239 4834 1513 4889 crassiore
1559 4842 1686 4890 sunt
1727 4835 2024 4901 intellectu,
2061 4851 2157 4890 ne-

581 4941 691 4997 que
715 4934 947 4996 possunt
975 4942 1071 4997 per
1091 4925 1533 4982 incredulitatem
1555 4939 1751 4996 capere
1784 4927 2150 4998 cognitionem

583 5020 745 5085 ejus;
779 5018 950 5072 veluti
981 5019 1073 5090 qui
1118 5018 1295 5076 oculis
1329 5019 1457 5089 aegri
1491 5028 1640 5085 sunt,
1675 5033 1772 5090 per
1816 5017 2162 5075 imbecillitao

581 5115 693 5163 tem
729 5116 1014 5188 aspectum
1044 5110 1176 5164 solis
1207 5109 1446 5165 tolerare
1475 5117 1773 5179 nequeunt.
1815 5107 1872 5164 Si
1899 5125 2031 5165 vero
2063 5110 2160 5166 bo-

583 5215 680 5256 mo.
704 5210 851 5270 erat,
873 5201 1149 5270 quomodo
1182 5217 1291 5256 non
1321 5201 1782 5274 cognoscebatur;
1807 5201 2159 5272 quemadmo-

581 5277 717 5349 dum
765 5290 914 5347 nos?
966 5289 1157 5345 Otnnis
1193 5292 1339 5348 enim
1385 5292 1549 5348 homo
1599 5293 1761 5364 plane
1805 5295 2163 5365 cognoscitur

583 5392 681 5441 aut
705 5401 773 5440 ex
825 5382 1167 5455 parentibus,
1212 5391 1308 5437 aut
1355 5398 1422 5438 ex
1456 5385 1707 5456 cognatis
1737 5391 1792 5440 et
1830 5385 2161 5457 consangui-

585 5475 727 5541 neis,
784 5484 880 5530 aut
933 5472 1170 5544 denique
1227 5489 1292 5529 es
1337 5475 1826 5530 contubernalibus
1869 5483 1924 5531 et
1966 5477 2155 5532 dome-

586 5567 762 5624 sticis.
800 5566 878 5622 Ex
927 5568 1079 5624 nullo
1120 5567 1284 5641 igitur
1314 5582 1508 5625 eorum
1551 5583 1673 5639 qtae
1707 5570 1761 5623 in
1805 5570 1965 5625 nobis
2006 5577 2157 5638 sunt,

1680 375 1737 430 S.
1765 371 2060 431 CAESARI!
2091 371 2418 430 GBEGORII
2458 373 2761 430 FRATRIS
3723 373 3804 429 8N

2265 489 2440 559 ἱδρὼς
2476 491 2662 545 αὑτοῦ
2707 487 2849 542 ὡσεί
2893 487 3133 558 θρόμϐοι
3183 486 3432 556 αἳματος
3454 525 3468 551 ,
3523 484 3620 539 καί
3669 485 3806 556 ὤφθη

2256 584 2517 657 pinnatae
2536 624 2550 648 ,
2581 583 2885 651 ἐνισχύων
2914 580 3129 646 αὐτὸν,
3175 579 3340 650 φησιν
3371 580 3400 632 6
3438 577 3578 642 θεῖος
3609 579 3805 642 Λουκᾶς.

2277 675 2415 728 Ἀλλ’
2440 675 2514 739 ὠς
2539 673 2748 744 ἀγνοῶν
2778 673 2904 744 περῖ¹
2927 671 3178 744 Λαζάρου
3204 671 3388 742 ἤρετο,
3403 669 3527 724 Ποῦ
3550 670 3810 724 τεθείκατε

2263 769 2485 830 αὐτόν;
2517 765 2622 820 Καὶ
2653 765 2780 836 περὶ
2804 764 2905 834 τῆς
2929 763 3195 835 αἱμόρῤου
3229 760 3510 829 γυναικὸς,
3536 760 3810 831 συλησὼης

2261 858 2349 913 διὰ
2382 857 2477 911 τοῦ
2511 856 2820 929 κρασπέδου
2843 855 2942 926 τὴν
2977 856 3142 917 ῐασιν,
3190 854 3282 917 Τίς
3295 870 3374 923 με
3410 852 3610 922 ἥψατο
3636 870 3653 916 ;
3685 852 3810 922 φησί.

2262 949 2373 1003 Καὶ
2393 947 2530 1021 πρὸς
2559 948 2686 1012 τοὺς
2715 945 3011 1018 ζητοῦντας
3041 945 3203 999 αὑτὸν
3232 943 3516 1008 Ἰουδαίους
3542 943 3809 1003 συλλαϐεῖν,

2270 1041 2409 1094 Τίνα
2446 1039 2707 1107 (nrt-its;
2738 1039 2891 1108 φησί.
2931 1038 3041 1092 Καὶ
3067 1039 3180 1098 τοῖς
3208 1037 3488 1106 φοιτηταῖς
3520 1035 3672 1104 φησι,
3702 1035 3811 1088 Τίνα

2257 1146 2335 1199 με
2361 1127 2653 1200 λέγουσιν
2681 1131 2734 1184 cl
2779 1127 3078 1196 ἄνθρωποι
3125 1121 3278 1179 εἶναι
3297 1143 3317 1184 :
3350 1120 3588 1189 Πόσους
3628 1120 3808 1192 ἄρτοις

2260 1223 2465 1291 Egere;
2497 1221 2610 1276 οὗθ’
2635 1222 2820 1293 ἕτερον
2847 1219 3052 1274 τούτων
3079 1218 3308 1287 ἀγνοῶν,
3342 1216 3418 1280 ὡς
3448 1216 3510 1269 τὸ
3541 1215 3710 1287 πέρας
3729 1215 3812 1267 τῶν

2260 1314 2554 1386 δρωμένων
2590 1315 2889 1386 παρίστησι
2914 1331 2927 1342 '
2963 1311 3058 1364 τοῦ
3110 1311 3208 1382 μὲν
3253 1307 3505 1380 Λαζάρου
3539 1311 3572 1380 ἡ
3616 1307 3812 1362 θανάτου

2261 1406 2588 1478 πρόρρησις,
2627 1405 2754 1473 περὶ
2781 1399 2849 1476 ἦς
2874 1401 3195 1471 λευκότερον
3229 1396 3424 1469 μικρὸν
3463 1395 3689 1467 ὕστερον
3722 1395 3812 1448 δια-

2261 1497 2506 1572 λέξομαι,
2531 1498 2630 1568 τῆς
2671 1496 2821 1566 ὥρας
2862 1495 2955 1548 ἐπὶ
2991 1495 3090 1566 τὴν
3133 1491 3344 1547 παῦλαν
3377 1490 3471 1544 τοῦ
3513 1490 3674 1558 λόγου
3713 1505 3812 1540 σνν-

2261 1590 2544 1662 ωθούσηςο
2596 1590 2722 1660 περὶ
2769 1589 2825 1642 δὲ
2879 1588 2980 1658 τῆς
3029 1586 3342 1658 αίμόρῤου,
3381 1586 3416 1655 ἡ
3442 1574 3554 1655 ¹τῆς
3592 1581 3813 1652 ψαύσεως

2261 1682 2533 1752 αἴσθησις,
2559 1682 2653 1735 καὶ
2694 1683 2726 1750 ἠ
2763 1681 2862 1751 τῆς
2901 1679 3182 1750 δυνάμεως
3224 1676 3454 1747 ἄφθονος
3506 1673 3811 1743 ἐπικουρία·

2261 1774 2390 1845 περὶ
2434 1773 2491 1826 δὲ
2531 1773 2640 1827 τῶν
2687 1772 3072 1843 συλληπτόρων
3113 1772 3146 1842 ἡ
3181 1771 3277 1840 τῆς
3315 1767 3504 1837 ἐφόδου
3546 1767 3810 1838 πρόφασις.

2261 1867 2358 1920 καὶ
2384 1867 2417 1938 ἠ
2447 1866 2546 1936 τῆς
2581 1865 2729 1937 ὥρας
2755 1865 2969 1935 ἐκείνης
2998 1862 3254 1932 ὲγγύτης,
3291 1860 3384 1914 καὶ
3423 1859 3484 1913 τὸ
3514 1859 3687 1929 φῆσαι
3723 1857 3813 1916 τοῖς

2268 1957 2591 2028 μιαιφόνοις,
2648 1956 2796 2026 Ἐγώ
2849 1958 2999 2024 είμιο
3053 1953 3184 2025 περὶ
3235 1951 3289 2004 δὲ
3333 1944 3410 2004 ὧν
3462 1952 3576 2014 τοῖς
3634 1949 3814 2020 βροτοῖς

2261 2048 2418 2119 ᾤετο,
2447 2051 2475 2102 6
2506 2049 2582 2119 τῷ
2619 2048 2812 2118 Πέτρῳ
2852 2047 2942 2099 ἐπὶ
2982 2048 3048 2117 τῇ
3092 2042 3462 2116 ἀκριϐεστάτη
3489 2041 3583 2094 καὶ
3618 2038 3813 2112 ἀραρότι

2261 2139 2522 2211 ὁμολογίᾳ
2548 2137 2806 2209 ἐπαχθεὶς
2835 2135 3213 2208 μακαρισμός·
3249 2132 3379 2204 περὶ
3414 2131 3470 2185 δὲ
3503 2130 3614 2184 τῶν
3641 2131 3811 2200 ἄρτων.

2262 2233 2296 2302 ἡ
2341 2229 2402 2294 ἐξ
2432 2227 2686 2301 ἀμυδρῶν
2727 2227 2823 2282 καὶ⁵
2867 2227 3115 2299 βραχέων
3152 2225 3376 2295 ἄπειρος
3416 2218 3677 2294 πληθώρα
3728 2219 3815 2272 τῶν

2260 2322 2561 2392 λειψάνων·
2595 2320 2756 2374 πέντε
2792 2319 2902 2391 γάρ
2939 2319 3110 2384 ὅντες,
3142 2315 3612 2387 πεντακισχιλίους
3647 2312 3720 2376 εἰς
3742 2310 3814 2363 κό-

2263 2432 2356 2487 ρον
2405 2412 2718 2484 διέθρεψαν,
2764 2409 2975 2465 δώδεκα
3023 2409 3276 2479 κοφίνους
3328 2406 3657 2480 κλασμάτων
3703 2401 3814 2476 μετὰ

2260 2508 2361 2581 τὴν
2410 2507 2652 2561 ἑστίασιν
2690 2505 2786 2559 τοῦ
2827 2505 2986 2576 ὄχλου
3023 2503 3431 2577 πληρώσαντες,
3469 2505 3538 2573 τῇ
3587 2502 3696 2571 ἀφῇ
3739 2496 3813 2552 καὶ

2262 2599 2451 2654 κλάσει
2495 2597 2784 2668 αὐξόμενοι
2833 2595 2927 2649 τοῦ
2991 2596 3394 2668 προστάξαντος
3448 2597 3506 2647 ἐν
3569 2595 3706 2664 ἀρχῇ
3759 2593 3809 2660 τῇ

2262 2690 2440 2762 χέρσῳ
2474 2689 2646 2761 πυρὸν
2683 2687 3020 2759 βλαστῆσαι,
3058 2687 3155 2740 καὶ
3199 2690 3312 2751 τοῖς
3356 2686 3542 2740 ὕδασιν
3576 2683 3812 2756 ὲκϐράσαι

2263 2782 2372 2835 πᾶν
2415 2779 2572 2849 γένος
2606 2777 2853 2844 πλωτὸν,
2891 2779 2985 2833 καὶ
3018 2779 3126 2832 πᾶν
3165 2778 3345 2832 ὁτιοῦν
3387 2777 3447 2843 ἐξ
3486 2775 3659 2831 αὐτῶν
3706 2772 3814 2844 φύε-

2260 2891 2370 2928 ται.

2349 3213 2353 3220 .
2538 3241 2542 3244 ἠ
2839 3167 3088 3220 umis
3127 3167 3258 3222 KA'.

2327 3280 2437 3334 Καὶ
2461 3281 2512 3333 εἰ
2535 3279 2737 3344 τέλειός
2759 3281 2875 3333 ἐστι
2905 3278 3037 3343 Θεδς
3067 3280 3096 3332 6
3135 3279 3382 3351 Χριστὸς,
3409 3274 3521 3340 πῶς
3543 3277 3571 3328 6
3603 3276 3820 3344 εὐαγγε-

2256 3369 2441 3442 λιστὴς
2466 3369 2616 3439 λέγει
2637 3386 2654 3402 ο
2706 3370 2776 3424 Τὸ
2806 3369 2875 3424 δὲ
2929 3370 3172 3427 παιδίον
3207 3366 3432 3437 Ἰησοῦς
3468 3367 3694 3434 ηὔξανε
3727 3364 3817 3419 καί

2257 3458 2642 3527 ἐκραταιοῦτο
2671 3461 2985 3530 πνεύματι,
3010 3459 3109 3514 καί
3134 3458 3464 3529 προέκοπτε
3498 3458 3682 3527 σοφίᾳ
3723 3453 3811 3508 καὶ

2257 3552 2502 3621 ἡλικίας
2553 3551 2688 3616 Θεὸς
2715 3552 2816 3605 οὐκ
2855 3550 3007 3616 αὔξει
3041 3551 3163 3605 οὐδὲ
3179 3550 3480 3622 προκόπτει
3517 3543 3814 3620 σοφία,οὑδὲ

2259 3641 2612 3717 κραταιοῦται
2632 3641 2707 3707 ὡς
2739 3641 2991 3715 ἀσθενής.

2892 3735 3248 3803 Ἀπόκρισις.

2331 3832 2522 3904 Σοφία
2545 3833 2646 3888 καὶ.
2665 3832 2918 3900 δύναμις
2947 3827 3052 3881 τοῦ
3073 3828 3222 3885 Θεοῦ
3247 3826 3474 3896 Πατρός
3563 3825 3811 3894 ὑπάρχων,

2259 3917 2402 3973 καθά
2457 3919 2621 3988 φησιν
2665 3919 2694 3972 6
2741 3917 2885 3991 ἱερὸς
2936 3916 3278 3980 ’Λπόστολος,
3320 3917 3674 3989 οἰκονομικῶς
3709 3908 3810 3966 καθ’

2258 4013 2408 4083 ἡμᾶς
2452 4009 2724 4082 διαφοιτᾷ,
2779 4010 3090 4081 αὐθαιρέτῳ
3137 4011 3455 4082 μετριότητι
3493 4011 3676 4077 σοφίαν
3701 4021 3808 4060 παιο

2258 4102 2428 4156 δεύων
2465 4101 2714 4173 βροτοὺς,
2740 4104 2769 4156 6
2791 4102 2886 4156 τοῦ
2929 4101 3101 4174 Ἀδὰμ
3130 4102 3406 4171 φυτεύσας
3431 4101 3493 4155 τὸ
3515 4097 3624 4165 οὖς.
3653 4096 3809 4169 Βραχὺ

2258 4191 2314 4246 δὲ
2335 4191 2620 4246 ἀναλαϐὼν
2648 4193 2717 4247 τά
2745 4194 3032 4267 εἰρημένα,
3065 4193 3401 4265 σαφέστερον
3423 4193 3516 4246 τὸν
3539 4191 3666 4263 ὲμδν
3691 4189 3806 4242 ἁπο-

2259 4283 2418 4352 δείξω
2451 4284 2606 4350 Θεὸν,
2653 4286 2940 4359 ἀτρέπτως
2969 4286 3062 4339 καὶ
3081 4284 3478 4355 άμεταὸλήτως
3513 4282 3598 4336 διὰ
3617 4275 3807 4351 βροτοὺς

2263 4372 2460 4444 βρέφος
2483 4373 2796 4445 γενόμενον,
2823 4374 2919 4428 καὶ
2940 4373 3169 4444 αὔξησιν
3188 4370 3622 4445 προσδεξάμενον
3649 4366 3806 4436 σώμα-

2261 4483 2373 4530 τος,
2428 4466 2488 4519 οὗ
2547 4465 2818 4537 θεότητος.
2875 4468 3014 4537 Φησὶ
3069 4466 3200 4536 γοῦν
3241 4469 3269 4520 6
3314 4463 3681 4524 πολυκίνδυνος
3714 4457 3804 4510 τῶν

2264 4557 2561 4630 προφητῶν
2597 4557 3235 4630 ’1ερεμίας,Ἀνθρωπός
3259 4558 3416 4623 ἐστι,
3455 4557 3553 4611 καὶ
3584 4555 3665 4619 τίς
3688 4547 3806 4621 γνώ-

2262 4666 2433 4705 σεται
2459 4651 2648 4704 αὐτόν
2661 4665 2682 4714 ;
2709 4650 2774 4704 ὲκ
2794 4649 2984 4704 τούτου
3005 4649 3182 4721 δηλῶν
3207 4649 3290 4702 ὅτι
3321 4648 3454 4713 Θεός
3483 4649 3614 4709 ἐστι,
3635 4639 3802 4696 λανθά-

2261 4763 2370 4800 νων
2419 4746 2547 4809 τοὺς
2583 4745 2926 4818 παχυτέρους
2962 4746 3060 4816 τὴν
3103 4746 3347 4800 διάνοιαν
3366 4785 3384 4810 ,
3434 4746 3528 4799 καὶ
3565 4743 3654 4812 οὐχ
3681 4737 3803 4797 οἴους

2258 4854 2320 4891 τε
2344 4837 2504 4901 ὄντας
2525 4837 2592 4890 δι’
2609 4836 2866 4890 ἀπιστίαν
2883 4837 3134 4914 χωρῆσαι
3162 4835 3262 4907 τὴν
3277 4836 3504 4904 γνῶσιν,
3541 4831 3672 4888 καθὰ
3695 4827 3803 4922 τοὺς

2262 4929 2707 5000 βαρυωποῦντας,
2752 4929 2847 4981 καὶ
2873 4927 2938 4980 δι’
2955 4927 3240 4982 ἀσθένειαν
3276 4927 3352 4999 μὴ
3391 4925 3686 5000 χωροῦντας
3720 4933 3799 4970 του

2256 5021 2408 5094 ἡλίου
2435 5022 2534 5094 τὴν
2559 5022 2701 5092 ὄψιν.
2721 5021 2784 5074 Et
2797 5020 2855 5073 δὲ
2869 5019 2966 5074 ἄνθ
2973 5037 3155 5092 ρωπος
3163 5015 3254 5091 ἦν,
3269 5020 3389 5084 πῶς
3401 5021 3504 5074 οὐκ
3518 5014 3802 5088 symblum

2260 5115 2384 5169 καθ’
2416 5116 2597 5186 apag;
2635 5115 2743 5177 πᾶς
2779 5112 2890 5184 γάρ
2921 5112 3205 5183 ἄνθρωπος
3244 5113 3572 5182 γινώσκεται
3601 5108 3800 5163 πάντως,

2268 5208 2380 5262 εἴτε
2407 5207 2516 5261 ἀπὸ
2529 5205 2888 5277 γεννητόρων,
2906 5203 3016 5258 εἴτε
3040 5204 3149 5258 ἀπὸ
3172 5204 3279 5257 τῶν
3298 5205 3573 5274 συγγενῶν
3586 5191 3802 5266 mitiga!-

2269 5316 2408 5368 μων,
2426 5298 2535 5353 εἴτε
2549 5299 2655 5352 ἀπὸ
2666 5298 2770 5352 τῶν
2790 5299 3074 5368 συσκήνων
3090 5298 3184 5352 καὶ
3198 5298 3512 5352 συνεστίων.
3530 5295 3615 5360 Ἐξ
3628 5284 3800 5346 οὐδενδς

2263 5392 2446 5446 τοίνυν
2485 5391 2592 5446 τῶν
2636 5391 2759 5445 καθ’
2798 5391 2941 5462 ἡμᾶς
2970 5391 2998 5442 6
3029 5391 3316 5462 προφήτης
3346 5391 3511 5444 αὑτὸν
3542 5377 3800 5458 παριστῶνυ

2267 5484 2450 5555 φησὶν,
2495 5485 2837 5552 Ἄνθρωπός
2867 5483 3020 5546 ἐστι,
3053 5481 3152 5536 καὶ
3178 5483 3269 5549 τίς
3312 5482 3603 5553 γνώσεται
3621 5473 3803 5531 aurai;

2266 5577 2348 5630 ὅτι
2376 5575 2506 5639 Θεὸς
2564 5576 2824 5648 ὑπάρχων
2868 5575 3024 5630 τοῦτο
3067 5573 3318 5644 γενέσθαι
3356 5574 3639 5647 ηὑόόκησε.
3666 5559 3808 5636 Atpr

658 5771 1024 5846 ”_Ifuc._nxtt,
1051 5771 1141 5835 Η,
1171 5773 1259 5825 45.
1327 5770 1382 5846 _'_°
1398 5769 1556 5846 Jo_a_u_.
1594 5788 1666 5835 si,
1693 5772 1785 5825 54.
1812 5841 1821 5846 _
1846 5772 1900 5846 A"
1936 5771 2066 5846 Luc.
2101 5792 2151 5830 νι

2261 5778 2340 5835 ιδ.
2414 5781 2457 5812 ⁹¹
2485 5779 2640 5835 Joan.
2678 5796 2832 5842 svnt,
2867 5781 2919 5834 ι.
2998 5779 3384 5846 "Mallius",
3426 5781 3485 5837 15
3566 5776 3610 5812 ⁸⁸
3638 5765 3801 5827 Hatth-

593 5854 684 5908 xv,
712 5839 801 5894 34.
875 5841 921 5874 "
958 5839 1118 5896 Joan.
1151 5856 1282 5908 xvn,
1324 5839 1378 5893 5.
1456 5839 1501 5872 ’⁸
1534 5839 1664 5895 Luc.
1713 5857 1772 5908 ιι,
1802 5841 1888 5908 40,
1932 5843 2016 5898 52.
2095 5848 2137 5880 ’⁷

2261 5864 2341 5906 or.
2382 5866 2421 5919 ι,
2457 5850 2544 5906 24.
2623 5851 2666 5884 ³⁸
2693 5839 2965 5922 1οι.ἰνιι,
2995 5853 3027 5908 9
3057 5867 3167 5909 sec.
3199 5849 3364 5905 LXX.

3791 5921 3821 5936 θ
