4030 6232
288 267 397 325 985

277 385 336 438 δὲ
367 382 460 436 καὶ
488 382 646 454 δίψαν
676 384 868 450 ὓδατος
895 387 1195 459 προσίεται,
1220 389 1288 445 τὰ
1314 390 1409 446 τοῦ
1437 390 1688 465 σώματος
1714 396 1863 451 ἀδιά-

277 473 457 538 ϐλητα
486 475 669 548 πάθη’
712 478 1030 550 Μανιχαίων
1074 479 1220 536 λύων
1247 482 1348 554 τὴν
1389 484 1743 557 ματαιότητα,
1777 488 1865 542 δό-

279 581 443 638 κησιν
474 568 569 622 καὶ
599 569 901 640 φαντασίαν
934 573 1290 645 ποιουμένους
1313 574 1414 646 τὴν
1443 578 1778 650 οἰκονομίαν.

1699 280 2050 342 DIALOGUS
2075 285 2120 340 I.

3434 299 3550 356 8‘36

1974 407 2128 456 vates
2159 399 2339 470 ipsum
2371 401 2706 473 exprimens,
2744 401 2962 474 inquit:
3010 401 3180 460 Homo
3212 413 3313 472 est,
3344 418 3395 462 et
3426 410 3544 480 quis

1973 499 2245 559 cognoscet
2269 494 2432 549 eum?
2479 490 2748 558 Quoniam
2783 507 2911 546 cum
2949 491 3091 548 Deus
3125 501 3291 558 esset,
3328 495 3432 551 hoc
3463 506 3546 552 ta-

1973 593 2095 634 men
2148 579 2266 636 ﬁeri
2308 581 2498 647 voluit,
2542 580 2740 636 famem
2785 590 2841 638 et
2883 582 3032 639 sitim
3085 597 3240 652 atque
3289 585 3544 651 admittit,

1971 685 2095 740 qua:
2121 680 2254 727 sunt
2285 673 2532 743 corporis
2563 672 2901 738 alfectiones,
2939 680 3192 745 expertes
3220 674 3336 729 vitii
3366 691 3430 729 ac
3459 690 3550 730 re-

280 744 698 838 prehensionis;
748 747 1174 808 Manichaeorum
1232 753 1338 811 hoc
1388 753 1509 826 ipso
1565 756 1860 814 vanitatem
1915 759 2200 830 refutans,
2254 764 2348 836 qui
2389 764 2700 836 opinionem
2747 774 2804 820 et
2846 780 2962 822 rem
3013 744 3389 838 imaginariam
3426 781 3550 824 esse

275 843 530 893 statuunt
554 836 731 910 ipsius
763 840 819 897 in
845 857 1014 900 carne
1053 845 1611 904 administrationem.

865 979 1115 1035 ΠΕΥΣΙΣ
1157 983 1287 1039 KE’:

348 1085 542 1158 Ψυχὴν
592 1087 776 1158 λέγεις
824 1089 968 1163 ἔχειν
999 1094 1060 1146 τὸ
1111 1095 1272 1162 σῶμα
1306 1097 1399 1151 τοῦ
1448 1098 1642 1168 Λόγου.
1686 1098 1870 1171 nam

275 1171 457 1243 ψυχῆς
485 1173 582 1246 τὴν
607 1175 836 1248 θεότητα
887 1180 1163 1254 ὲνεργεῖνς
1201 1185 1393 1239 Πολλοὶ
1430 1186 1538 1260 γὰρ
1583 1189 1742 1244 τοῦτο
1783 1191 1868 1246 λέ-

278 1279 460 1331 γουσι,
482 1267 576 1320 καὶ
601 1267 828 1324 πιθανὸν
858 1269 1032 1330 δοκεῖ.

897 1383 1259 1455 Ἀπόκρισις.

351 1478 620 1550 Εύηθείας
673 1484 770 1538 καὶ
809 1486 1156 1561 νηπιότητος,
1205 1491 1410 1562 ἄψυχον
1444 1493 1654 1549 οἴεσθαι
1688 1495 1749 1548 τὸ
1775 1495 1869 1550 τοῦ

277 1568 416 1660 Θεοῦ
463 1573 559 1625 καὶ
615 1574 793 1643 Λόγου
841 1576 1022 1649 σῶμα,
1072 1581 1430 1656 ’Λμφοτέροις
1473 1585 1584 1657 γὰρ
1623 1587 1682 1652 ἐξ
1721 1579 1796 1642 ὧν
1835 1589 1871 1660 ἡ

276 1659 490 1732 βροτῶν
515 1664 678 1733 φύσις
700 1669 1035 1737 συνίσταται,
1059 1673 1087 1727 6
1113 1673 1284 1743 Λόγος
1301 1676 1618 1749 ύπερλόγως
1643 1659 1870 1750 ἥνωται,

278 1752 427 1826 ψυχῇ
459 1757 607 1829 φημὶ
637 1761 729 1814 καὶ
757 1759 988 1832 σώματι,
1015 1763 1262 1837 ἑκατέρῳ
1290 1767 1543 1838 τμήματι
1568 1769 1871 1842 εὐρωστίαν

277 1847 640 1920 δωρούμενος.
681 1852 921 1926 Θατέρου
974 1855 1083 1928 γάρ
1121 1857 1286 1911 αὐτοῦ
1333 1859 1634 1928 λείποντος,
1676 1863 1873 1934 ἀτελὴς

280 1935 440 2006 ἡμῶν
475 1940 506 2009 ἡ
548 1942 810 2013 σωτηρία,
841 1942 873 2013 ἢ
899 1941 994 1996 τοῦ
1026 1943 1277 2014 σώματος
1305 1949 1364 2002 ἐν
1385 1948 1562 2022 φθορᾷ
1593 1951 1868 2024 μένοντος,

279 2027 314 2099 ἢ
348 2027 451 2100 τῆς
474 2029 655 2103 ψυχῆς
693 2035 751 2086 ἐν
779 2033 880 2106 ᾅδῃ
915 2036 1312 2109 κατεχομένης.

860 2239 1114 2294 nem):
1157 2241 1304 2309 κεῖν.

349 2351 462 2404 Καὶ
488 2351 577 2405 διὰ
601 2351 655 2404 τί
683 2354 711 2406 6
755 2352 1008 2425 Ἰωάννης
1033 2353 1094 2408 οὐ
1117 2354 1276 2424 ’λέγει
1305 2354 1497 2422 τοῦτο;
1529 2357 1714 2412 Είπὼν
1735 2360 1867 2431 γὰρ,

293 2441 390 2496 Ἐν
420 2439 580 2510 ἀρχῇ
613 2437 739 2512 ἦνό
767 2444 982 2512 Λόγος,
1001 2446 1118 2514 καὶ,
1136 2447 1192 2500 '0
1213 2446 1404 2516 Λόγος
1423 2447 1582 2516 σάρξ
1609 2449 1869 2519 ἐγένετο,

281 2532 743 2606 οὐπροστίθησιν,
793 2535 876 2589 ὅτι
915 2533 1189 2607 καὶψυχὴ
1233 2536 1471 2605 ἐγένετο,
1512 2539 1546 2609 ἢ
1590 2539 1671 2593 ὅτι
1710 2540 1872 2594 ἔλασε

279 2623 478 2696 ψυχήνσ
1711 2655 1716 2658 -

894 2739 1261 2809 Ἀπόκρισις.

357 2855 420 2908 Εί
461 2853 666 2925 ἄψυχον
693 2852 966 2925 οἰηθῶμεν
1010 2854 1074 2908 τὸ
1121 2853 1400 2925 Κυριακὸν
1458 2854 1638 2927 σῶμα,
1683 2855 1870 2927 ἕψεται

287 2948 534 3012 πάντως,
585 2945 831 3017 παθητὴν
879 2944 1203 3016 ἀποφαίνειν
1251 2945 1350 3017 τὴν
1393 2945 1642 3017 θεότητα,
1687 2946 1868 3018 ψυχῆς

287 3038 444 3110 δίκην
486 3038 543 3112 εν
591 3039 659 3109 τῇ
700 3036 864 3108 σαρκὶ
912 3036 1227 3108 διήκουσαν,
1268 3035 1427 3107 πείνῃ
1459 3053 1519 3089 τε
1563 3037 1656 3092 καὶ
1702 3036 1871 3107 δίψει,

290 3131 443 3204 ὕπνῳ
467 3148 525 3184 τε
555 3131 649 3184 καὶ
674 3130 957 3201 δάκρυσιν,
983 3128 1194 3200 ἀγωνίᾳ
1209 3145 1269 3181 τε
1303 3129 1396 3183 καὶ
1417 3128 1601 3201 ἱδρῶτι
1628 3129 1873 3198 φυσικῶς

287 3221 727 3277 ὑποκύπτουσαν.
791 3219 1110 3274 ’Λκουστέον
1150 3219 1207 3273 δὲ
1242 3219 1336 3274 τοῦ
1379 3208 1665 3275 θεσπεσίου
1714 3219 1878 3284 Δαϐὶδ

285 3315 417 3384 περὶ
457 3313 558 3384 τῆς
596 3311 915 3383 θεανδρικῆς
969 3309 1335 3382 μελῳδοῦντος
1369 3309 1570 3382 ψυχῆς,
1602 3311 1668 3364 ἐκ
1705 3326 1874 3384 προσ-

281 3407 437 3459 ῶπου
473 3404 640 3458 αὐτοῦ
687 3403 919 3467 ἐκείνου,
962 3403 1082 3456 Ὅτι
1125 3404 1236 3458 οὐκ
1261 3402 1720 3472 ἐγκατωίείψεις
1763 3399 1879 3470 τὴν

285 3497 502 3568 ψυχήν
538 3515 658 3568 μου
694 3498 784 3563 είς
816 3495 988 3564 ᾅδου,
1009 3493 1151 3550 οὐδὲ
1174 3494 1387 3559 δώσεις
1421 3495 1529 3548 τὸν
1554 3493 1729 3548 ὅσιόν
1759 3510 1878 3549 σου

285 3591 442 3648 Mair
483 3589 831 3661 διαφθοράν.
867 3588 1039 3654 Αὐτὸς
1070 3588 1128 3642 δὲ
1160 3591 1189 3643 6
1219 3589 1410 3661 Σωτὴρ
1443 3588 1500 3641 ὲν
1526 3586 1877 3656 Εὐαγγελίοις

284 3686 477 3757 φησιν’
525 3684 852 3750 Ἐεουσίαν
873 3683 990 3752 ἔχω
1021 3683 1209 3737 θεῖναι
1241 3681 1358 3750 τὴν
1379 3680 1592 3752 ψυχήν
1608 3697 1750 3752 μου,
1780 3680 1880 3736 καὶ

281 3776 479 3831 πάλιν
512 3774 722 3832 λαϐεῖν
765 3774 992 3840 αὐτήν·
1035 3774 1150 3838 καὶ,
1194 3773 1343 3844 Ἐγώ
1374 3775 1494 3843 ειμι
1522 3775 1556 3827 ό
1581 3769 1808 3842 ποιμὴν
1845 3775 1880 3827 ό

281 3870 500 3936 καλὸς,
534 3872 568 3924 ό
604 3867 782 3935 τιθεὶς
815 3867 931 3939 τὴν
967 3866 1180 3939 ψυχὴν
1205 3865 1395 3922 αὐτοῦ
1419 3862 1572 3933 ὑπὲρ
1589 3860 1710 3919 τῶν
1732 3880 1881 3933 προ-

284 3957 508 4015 ﬁcitur.
1290 3960 1292 3962 ⁷

865 4071 1116 4127 ΠΕΥΣΙΣ
1169 4071 1297 4124 ΚΖ’.

363 4185 576 4241 οὐκοῦν
604 4187 698 4241 καὶ
728 4186 757 4240 6
797 4186 984 4259 Πατὴρ
1022 4184 1201 4256 ψυχὴν
1226 4183 1376 4254 ἔχεις
1416 4180 1644 4246 Ἠσαίας
1669 4179 1778 4252 γὰρ
1817 4180 1883 4234 ὲκ

286 4278 590 4351 προσώπου
625 4277 814 4344 αὐτοῦ,
835 4278 963 4350 περὶ
982 4274 1220 4347 Χριστοῦ
1248 4291 1414 4348 φησιν
1433 4289 1451 4306 ⁸
1499 4271 1647 4328 Ἰδοὺ
1672 4273 1708 4326 ό
1740 4269 1880 4337 παῖς

282 4393 409 4448 μου
445 4376 518 4430 ὃν
549 4373 941 4445 ῄρετισάμην,
977 4377 1010 4429 ό
1034 4372 1340 4444 ἀγαπητός
1367 4390 1487 4441 μου
1507 4372 1594 4437 εις
1619 4369 1692 4424 ὃν
1709 4368 1879 4425 εὐδό-

288 4484 487 4536 κησεν
509 4468 548 4536 ἡ
574 4466 745 4537 ψυχή
782 4484 924 4536 μου.
957 4466 1019 4519 Ei
1039 4460 1145 4536 φύν
1169 4463 1231 4529 ἐξ
1264 4458 1338 4519 ὧν
1364 4461 1516 4517 εἷπεν
1542 4463 1570 4515 6
1600 4461 1749 4527 Υίδς,
1774 4459 1879 4531 ψυ-

288 4559 393 4631 χὴν
414 4559 578 4612 αὐτὸν
604 4557 848 4630 νομίζεις
865 4556 1028 4628 ἔχειν,
1064 4556 1282 4621 πάντως
1317 4555 1411 4610 καὶ
1440 4555 1534 4624 ἀφ’
1568 4546 1644 4608 ὧν
1673 4547 1827 4606 εἶπεν
1851 4552 1881 4605 ὁ

291 4651 508 4722 Πατὴρ,
540 4648 720 4721 ψυχὴν
762 4647 925 4702 αὑτὸν
967 4646 1215 4717 λέγωμεν
1249 4645 1415 4717 ἔχειν.
1463 4643 1604 4697 Ἀλλ’
1628 4645 1657 4697 6
1691 4641 1881 4714 Πατὴρ

289 4743 396 4798 οὐκ
428 4742 563 4814 ἔχει,
602 4740 820 4804 πάντως
852 4739 974 4796 οὐδὲ
1001 4739 1030 4792 6
1058 4737 1217 4802 Υἱός·
1269 4737 1318 4790 εί
1359 4737 1419 4790 δὲ
1461 4735 1597 4808 ἔχει,
1632 4732 1880 4789 ἐντεῦθεν

290 4833 570 4889 δείκνυται
596 4833 850 4906 ἀνόμοιος
873 4831 1142 4902 ὑπάρχειν
1163 4828 1243 4901 τῷ
1269 4825 1467 4899 Πατρί.

910 5029 1277 5098 Ἀπόκρισις.

379 5149 519 5204 Ἀλλ’
550 5148 652 5202 ούκ
701 5145 815 5218 ἔχει
865 5143 1043 5215 ψυχὴν
1071 5145 1100 5196 6
1129 5139 1342 5212 Πατὴρ,
1372 5136 1495 5191 ἐπεὶ
1533 5135 1655 5190 οὐδὲ
1703 5135 1882 5205 σάρκα

303 5238 506 5312 βροτῶν
539 5235 779 5307 ὑπῆλθεν
808 5230 902 5288 ἶσα
933 5233 1010 5305 τῷ
1037 5231 1230 5286 Παιδί·
1261 5228 1384 5283 οὐδὲ
1415 5226 1508 5280 ἐπὶ
1537 5225 1769 5296 σταυρὸν
1787 5225 1884 5278 καὶ

301 5333 530 5387 θάνατον
555 5325 711 5400 ἧκεν,
738 5326 806 5380 δι’
839 5317 914 5381 ὧν
940 5325 1036 5378 καὶ
1063 5320 1220 5394 χρεία
1246 5318 1448 5391 σαρκὸς
1474 5317 1555 5388 τῷ
1582 5316 1764 5388 Λόγῳ,
1788 5315 1880 5368 ὑπ’

303 5422 484 5494 ἐκείνῃ
517 5417 873 5493 κρατουμένῳ
920 5414 1014 5470 καὶ
1048 5413 1331 5482 πάσχοντι,
1365 5409 1462 5463 καὶ
1490 5409 1613 5463 ἀντὶ
1647 5407 1879 5478 θνητῶν,

303 5515 600 5578 ἀθανάτους
639 5511 733 5566 καὶ
763 5509 1014 5583 μάκαρας
1039 5507 1126 5562 ἀεὶ
1150 5503 1440 5575 ἐσομένους
1461 5501 1686 5574 βροτοὺς
1707 5501 1881 5572 άπερ-

307 5607 437 5670 γαζο
442 5605 609 5677 μένῳ.

2396 992 2915 1050 INTERROGATIO
2953 993 3121 1048 XXV.

2044 1105 2183 1162 Num
2229 1107 2468 1162 animam
2517 1105 2691 1162 tradis
2744 1107 2944 1162 habere
2989 1121 3194 1176 corpus
3228 1103 3415 1169 Verbi,
3465 1107 3548 1162 vel

1975 1216 2075 1273 pro
2100 1201 2279 1255 anima
2311 1200 2428 1271 ipsa
2462 1210 2722 1269 Operatur
2747 1199 3041 1256 divinitas?
3071 1196 3184 1254 Hoc
3215 1198 3361 1253 enim
3393 1198 3547 1253 multi

1975 1276 2252 1360 asserunt,
2280 1301 2334 1349 et
2375 1292 2670 1350 verisimile
2700 1290 2934 1348 videtur.

2605 1408 2912 1478 Responsio.

2046 1511 2375 1571 Stoliditatis
2413 1521 2469 1568 et
2502 1512 2792 1568 dementiae
2815 1520 2921 1578 est,
2959 1509 3320 1567 inanimatum
3355 1519 3551 1582 putare

1971 1603 2065 1659 Dei
2096 1601 2263 1659 Verbi
2306 1617 2530 1674 corpus.
2567 1603 2830 1673 Utrisque
2875 1601 3023 1658 enim
3064 1600 3267 1672 quibus
3311 1601 3550 1656 humana
3621 1607 3626 1612 '

1972 1701 2167 1750 natura
2205 1702 2446 1758 constat,
2479 1693 2714 1750 Verbum
2755 1693 2969 1749 unitum
2997 1699 3082 1749 est
3121 1708 3288 1764 supra
3331 1701 3550 1764 captum

1972 1786 2204 1842 rationis
2235 1792 2456 1848 nostrae,
2497 1785 2695 1840 anima:
2726 1784 2949 1855 inquam
2979 1791 3033 1840 et
3062 1783 3304 1856 corpori,
3335 1783 3553 1854 utrique

1972 1879 2114 1949 parti
2155 1877 2324 1933 robur
2350 1877 2730 1948 suppeditans.
2766 1877 3047 1932 Alterutro
3083 1877 3233 1931 enim
3265 1875 3314 1932 si
3343 1883 3550 1939 careat,

1972 1970 2166 2025 inutile
2191 1968 2297 2025 erit
2326 1975 2380 2024 et
2413 1969 2668 2036 alterum,
2701 1977 2756 2024 et
2791 1968 3113 2038 imperfecta
3143 1968 3298 2025 salus
3339 1976 3550 2034 nostra,

1971 2059 2101 2117 dum
2146 2060 2230 2116 vel
2280 2066 2536 2115 manente
2575 2059 2629 2114 in
2670 2058 2896 2114 interitu
2933 2072 3190 2130 corpore,
3236 2059 3323 2115 vel
3369 2058 3554 2114 anima

1972 2150 2193 2207 detenta
2223 2150 2277 2204 in
2305 2163 2457 2205 orco.

2380 2262 2904 2323 INTERROGATIO
2946 2263 3142 2356 XXVI.

2041 2371 2410 2438 Quamobrem
2482 2388 2613 2446 ergo
2679 2371 2920 2433 Joannes
2987 2376 3043 2432 id
3115 2389 3223 2430 non
3309 2371 3548 2426 indicat!

1971 2459 2270 2530 Postquam
2293 2461 2436 2515 enim
2460 2459 2712 2527 dixisset,
2739 2457 2805 2514 In
2821 2459 3078 2527 principio
3098 2468 3216 2514 erat
3246 2457 3465 2512 Verbum
3483 2459 3552 2523 ὀ,

1971 2549 2288 2608 et.Verbum
2311 2565 2438 2604 caro
2462 2549 2663 2619 factum
2694 2559 2774 2603 est
2798 2551 2837 2617 ¹,
2869 2564 2978 2604 non
3001 2548 3176 2614 addit,
3217 2547 3363 2619 quod
3385 2547 3551 2605 etiam

1971 2640 2154 2695 anima
2183 2641 2386 2696 factum
2422 2639 2515 2706 sit,
2550 2647 2644 2694 aut
2671 2637 2818 2708 quod
2845 2637 3087 2693 animam
3127 2639 3444 2711 sumpserit.

2608 2750 2921 2822 Responsio.

2047 2863 2106 2920 Si
2138 2864 2506 2920 inanimatam
2535 2879 2662 2921 esse
2689 2864 3051 2936 cogitabimus
3083 2863 3299 2919 Domini
3327 2878 3552 2934 corpus,

1974 2964 2237 3028 sequetur
2274 2970 2524 3026 prorsus,
2561 2956 2806 3026 passioni
2853 2971 2954 3012 nos
2982 2955 3275 3012 obnoxiam
3305 2971 3556 3026 pronun—

1977 3051 2114 3104 tiare
2142 3048 2515 3112 Divinitatem,
2545 3047 2742 3102 animae
2776 3047 2953 3103 instar
2976 3048 3033 3102 in
3060 3063 3228 3104 carne
3267 3063 3328 3105 se
3351 3047 3557 3105 diden-

1977 3131 2110 3204 terit,
2139 3137 2362 3204 famem,
2395 3138 2566 3203 sitim,
2609 3153 2886 3205 somnum,
2932 3138 3230 3211 lacrymas,
3271 3153 3556 3210 angorem,

1976 3233 2352 3302 sudoremque
2379 3233 2708 3286 naturaliter
2747 3230 3133 3302 perferentem.
3164 3231 3433 3286 Audiatur
3459 3244 3561 3286 au-

1979 3331 2085 3378 tem
2122 3321 2354 3378 Davides
2400 3321 2626 3376 divinus
2665 3320 2756 3376 ille
2785 3329 2961 3387 vates,
2994 3321 3063 3376 de
3091 3321 3272 3376 anima
3311 3335 3560 3392 persona:

1975 3427 2040 3468 ex
2073 3412 2296 3467 homine
2336 3410 2558 3482 Deoque
2595 3409 2927 3476 constantis,
2959 3425 3169 3466 canens
3204 3410 3353 3466 illius
3384 3409 3559 3480 ipsius

1964 3504 2160 3560 .verbis
2187 3522 2201 3558 :
2236 3503 2501 3571 Quoniam
2529 3519 2631 3557 non
2659 3502 2986 3572 derelinques
3024 3503 3262 3556 animam
3306 3517 3477 3556 meam
3504 3502 3559 3555 iit

1977 3611 2121 3660 orco,
2172 3611 2336 3665 neque
2385 3594 2657 3664 permittes
2699 3601 2756 3646 ut
2805 3601 3023 3647 sanctus
3059 3601 3180 3646 tuus
3228 3591 3404 3647 videat
3439 3607 3560 3647 cor-

1978 3686 2272 3755 ruptionem
2299 3687 2340 3741 ².
2367 3684 2488 3755 Ipse
2508 3697 2640 3738 vero
2661 3681 2921 3739 Servator
2941 3683 3119 3753 inquit
3142 3683 3199 3737 in
3221 3682 3517 3754 Evangelio
3537 3701 3556 3740 :

1980 3751 2304 3830 PotEstatem
2338 3751 2502 3829 habeo
2530 3772 2759 3841 ponendi
2805 3751 3040 3826 animam
3073 3789 3264 3840 meam,
3293 3781 3344 3827 et
3371 3751 3558 3828 rursus

1977 3868 2220 3925 sumendi
2252 3883 2369 3922 eam
2391 3867 2432 3919 ³.
2462 3866 2618 3930 Item,
2651 3864 2763 3936 Ego
2793 3880 2906 3918 sum
2933 3873 3118 3933 pastor
3145 3865 3236 3919 ille
3258 3863 3445 3930 bonus,
3469 3865 3560 3934 qui

1975 3962 2123 4033 ponit
2151 3961 2388 4017 animam
2417 3975 2571 4014 suam
2595 3973 2691 4028 pro
2714 3957 2892 4013 oribus
2910 3958 2954 4012 ⁵.

2380 4067 2902 4127 INTERROGATIO
2937 4068 3155 4125 XXVII.

2049 4185 2188 4241 Num
2222 4185 2388 4257 igitur
2429 4194 2482 4240 et
2508 4183 2670 4238 Pater
2707 4181 2946 4236 animam
2979 4179 3183 4235 habet!
3207 4178 3379 4234 Isaias
3411 4177 3557 4234 enim

1979 4278 2037 4335 in
2071 4279 2247 4350 ipsius
2279 4291 2537 4350 persona,
2573 4275 2642 4330 de
2685 4274 2907 4330 Christo
2939 4271 3117 4343 inquit
3147 4289 3162 4327 :
3216 4268 3347 4324 Ecce
3378 4285 3559 4325 servus

1979 4388 2125 4427 meus
2147 4387 2298 4442 quem
2317 4369 2468 4439 elegi,
2498 4365 2716 4421 dilectus
2744 4381 2890 4419 meus
2913 4365 3002 4436 qui
3031 4371 3216 4434 gratus
3238 4370 3288 4416 et
3315 4370 3559 4432 acceptus

1977 4473 2056 4520 est
2088 4464 2282 4518 anima:
2308 4477 2434 4516 mea:
2457 4461 2501 4516 ⁸.
2533 4457 2590 4513 Si
2621 4459 2788 4530 igitur
2811 4472 2880 4512 cx
2919 4455 2986 4512 iis
3015 4470 3136 4526 quae
3161 4451 3333 4509 Filius
3379 4453 3562 4525 loqui-

1955 4566 2091 4634 ‘tur,
2147 4556 2388 4611 animam
2439 4558 2619 4625 ipsum
2669 4551 2871 4606 habere
2905 4558 3091 4620 putas,
3131 4548 3359 4604 omnino
3393 4547 3561 4603 etiam

1979 4665 2044 4706 ex
2078 4648 2146 4705 iis
2173 4662 2295 4718 qua:
2325 4646 2541 4701 locutus
2561 4653 2646 4698 est
2668 4640 2852 4702 Pater,
2877 4640 3120 4694 animam
3149 4637 3352 4694 habere
3380 4637 3560 4708 ipsum

1981 4739 2309 4795 dixerimus.
2335 4734 2491 4804 Quod
2521 4735 2567 4792 si
2600 4731 2762 4788 Pater
2789 4746 2899 4786 non
2927 4731 3110 4794 habet,
3138 4743 3240 4783 nec
3271 4725 3442 4784 Filius
3465 4726 3563 4781 ba-

1981 4829 2150 4886 bebit.
2192 4827 2291 4883 Sin
2323 4834 2504 4880 autem
2537 4823 2723 4892 habet,
2760 4821 2826 4878 de
2875 4821 2980 4877 hoc
3025 4820 3148 4894 ipso
3185 4819 3376 4892 liquet,
3415 4816 3561 4890 quod

1980 4921 2129 4979 Patri
2163 4921 2235 4978 sit
2267 4917 2573 4990 inaequalis.

2617 5028 2922 5098 Responsio.

2057 5128 2124 5182 At
2151 5141 2263 5181 non
2285 5124 2448 5179 habet
2471 5121 2713 5177 animam
2745 5119 2926 5187 Pater,
2956 5117 3105 5190 quod
3135 5132 3313 5189 neque
3336 5129 3559 5174 carnem

1982 5220 2278 5274 humanam
2311 5213 2482 5271 subiit
2508 5227 2633 5268 cum
2665 5208 2825 5278 Filio,
2861 5225 3039 5282 neque
3075 5224 3296 5266 crucem
3325 5218 3380 5264 et
3408 5221 3559 5262 mor-

1983 5322 2115 5377 tem,
2152 5316 2376 5380 propter
2421 5321 2543 5376 quaa
2575 5301 2814 5358 Verbum
2857 5317 3023 5359 carne
3059 5315 3199 5372 opus
3242 5297 3456 5362 habuit,
3500 5303 3561 5351 us

1983 5404 2076 5457 illa
2105 5409 2382 5468 assumpta
2412 5403 2714 5469 pateretur,
2751 5408 2816 5450 ac
2845 5409 2944 5465 pro
2972 5391 3302 5449 mortalibus
3329 5391 3565 5450 immor-

1985 5493 2121 5549 tales
2147 5498 2202 5546 et
2223 5495 2488 5544 atternum
2520 5484 2710 5540 beatos
2739 5483 2986 5539 homines
3020 5480 3274 5537 ediceret.

384 5773 605 5836 "Joan.
641 5777 758 5849 1,1.
838 5777 1010 5836 Iibid.
1049 5777 1132 5832 l-I.
1208 5777 1227 5809 ³
1253 5773 1496 5844 Ρειιι,ιν,
1530 5773 1612 5831 ιο.
1689 5773 1708 5805 ³
1739 5770 1874 5828 Joan

1975 5811 1984 5837 ,
2021 5767 2102 5824 I8.
2182 5766 2197 5796 ³
2223 5779 2379 5821 scan.
2414 5777 2489 5830 ιι,
2529 5759 2609 5815 Ii.
2687 5759 2706 5790 ⁸
2745 5755 2852 5813 Isa.
2881 5768 3011 5823 xw,
3045 5753 3098 5809 I.
