4030 6232
446 214 544 269 887

469 310 476 316 ’
837 321 1355 379 ιΝτεῐιιιοοΑτιο
1392 321 1626 377 xxvm.

524 418 631 474 Sed
659 430 827 488 quare
855 431 962 470 non
994 421 1182 485 aperte
1209 412 1450 469 Joannes
1478 421 1532 468 et
1565 415 1632 468 de
1658 413 1837 466 anima
1858 413 2015 477 dixit,

452 512 594 584 quod
628 509 986 580 assumpserit
1015 523 1156 574 eam,
1191 506 1334 562 sicut
1363 506 1496 560 dicit
1534 505 1602 562 de
1636 505 1845 560 carne?

1082 597 1386 666 Responsio.

525 693 665 747 Num
689 706 840 763 ergo,
864 691 990 761 quia
1011 689 1142 744 dicit
1165 688 1471 758 Scriptura,
1494 685 1641 756 quod
1671 684 1860 739 fecerit
1879 682 2020 737 Deus

459 785 756 847 hominem,
789 789 1016 850 accepto
1049 779 1115 836 de
1164 787 1308 834 terra
1350 779 1596 848 pulvere,
1641 791 1742 830 nec
1787 773 2020 836 addidit,

459 875 604 944 quod
638 860 828 938 fecerit
869 879 1055 941 caput,
1093 879 1185 924 aut
1217 869 1526 935 cerebrum,
1565 874 1660 921 aut
1702 867 1890 936 bepar,
1933 876 2025 920 aut

459 967 722 1036 splenem,
769 971 862 1016 aut
897 962 1207 1033 pulmonem
1247 981 1259 1014 :
1303 975 1408 1015 non
1454 959 1599 1029 quod
1634 965 1829 1014 caetera
1868 958 2023 1012 deni-

462 1069 569 1124 que
600 1052 869 1106 naturalia
923 1051 977 1104 in
1011 1050 1174 1104 nobis
1207 1063 1408 1103 arcana
1439 1047 1646 1112 fecerit,
1685 1046 1807 1101 ideo
1844 1047 2026 1116 priva-

463 1156 548 1201 tos
581 1160 723 1206 esse,
762 1154 817 1199 et
861 1142 970 1197 illis
1003 1156 1196 1196 carere
1234 1155 1332 1196 nos
1367 1139 1702 1209 putabimus,
1743 1138 1872 1208 quia
1916 1152 2024 1208 non

463 1236 668 1307 quaevis
689 1236 894 1288 minuta
921 1241 1122 1288 nostra:
1153 1239 1359 1286 natura:
1383 1243 1583 1301 organa
1615 1229 1830 1284 Litterae
1860 1243 2029 1284 sacrae

463 1322 791 1378 recensent?
837 1320 902 1375 Ut
949 1320 1117 1391 igitur
1161 1319 1215 1372 in
1261 1318 1704 1374 consideratione
1749 1317 1920 1372 nostri
1963 1332 2028 1371 ex

465 1421 615 1480 parte
642 1419 813 1466 totum
841 1410 1213 1482 cognoscitur,
1235 1412 1314 1466 sic
1337 1416 1389 1463 et
1422 1415 1668 1463 sanctum
1701 1405 1868 1461 Deum
1898 1404 2032 1460 Ver-

468 1506 596 1556 bum
632 1510 744 1556 tam
787 1501 1178 1576 animaequam
1225 1499 1442 1569 corpori
1491 1499 1701 1552 unitum
1742 1513 1865 1552 esse
1909 1512 2032 1551 cre-

467 1592 692 1658 damus,
731 1607 799 1647 ne
846 1591 1200 1646 inanimatum
1240 1590 1484 1645 divinum
1528 1589 1660 1643 illud
1703 1603 1904 1659 corpus
1941 1603 2033 1642 ar-

471 1685 761 1750 bitrantes,
805 1682 915 1738 Deo
951 1681 1216 1754 quasdam
1259 1681 1576 1737 affectiones
1616 1681 1896 1736 naturales
1935 1680 2033 1734 tri-

469 1775 718 1828 buamus.
1370 1756 1383 1767 ’

887 1859 1396 1916 INTERROGATIO
1436 1858 1625 1915 XXIX.

539 1951 644 2009 Sed
673 1953 946 2025 quomodo
1001 1954 1229 2023 aequalis
1267 1951 1414 2007 Patri
1450 1952 1752 2008 secundum
1783 1951 2035 2007 divinita-

383 2090 390 2099 .
469 2055 576 2101 tem
607 2054 692 2102 est
719 2045 998 2111 Christus,
1033 2047 1223 2117 angori
1251 2055 1304 2100 et
1334 2045 1524 2101 sudori
1562 2045 1857 2111 obnoxius,
1889 2054 1942 2100 et
1969 2049 2038 2099 ab

468 2138 660 2208 angelo
687 2135 1563 2207 conlirmatus,‘quemadmodum
1599 2136 1666 2191 de
1703 2136 1820 2205 ipso
1861 2134 2038 2190 Lucas

470 2228 649 2298 inquit
682 2227 726 2295 ⁸,
772 2226 838 2283 de
866 2228 1066 2297 quibus
1103 2242 1268 2297 supra
1311 2226 1616 2298 quaestione
1655 2234 1801 2284 mota
1847 2241 2035 2281 eorum

469 2317 893 2372 declarationem
925 2317 1279 2390 prazteriisti?

1101 2407 1406 2478 Responsio.

541 2515 645 2570 Per
702 2515 816 2570 bazc
864 2514 1154 2572 manifesto
1203 2515 1486 2584 dccemur,
1538 2532 1649 2571 non
1698 2515 2038 2588 imaginarie,

476 2623 574 2664 nec
616 2608 894 2664 hominum
925 2608 1210 2679 opini’one,
1247 2609 1340 2665 sed
1389 2624 1450 2664 re
1485 2609 1603 2679 ipsa
1640 2611 1824 2680 potius
1858 2609 2044 2664 nobis-

473 2713 597 2753 cum
633 2699 845 2752 unitum
879 2713 1002 2754 esse
1037 2699 1221 2753 vivum
1259 2699 1395 2754 illud
1431 2707 1487 2754 et
1520 2716 1615 2770 per
1646 2716 1706 2756 se
1736 2701 2044 2756 subsistens

474 2799 726 2846 sanctum
751 2789 920 2845 Deum
945 2788 1208 2853 Verbum,
1239 2799 1468 2860 excepto
1491 2791 1610 2844 solo
1639 2801 1862 2860 peccato
1882 2800 2046 2861 atque

477 2881 628 2946 vitio,
673 2895 795 2950 quae
823 2881 1019 2935 cadere
1061 2880 1300 2934 divinam
1348 2881 1406 2933 in
1437 2888 1688 2934 naturam
1733 2893 2041 2951 nequeunt;

476 2986 600 3024 nam
629 2971 753 3040 angi
792 2971 1016 3034 animae,
1053 2969 1253 3024 sudare
1299 2984 1426 3023 vero
1468 2971 1716 3039 corporis
1755 2985 1876 3026 esse
1906 2971 2042 3025 dici-

476 3077 634 3126 mus;
685 3060 1016 3130 sanguineas
1063 3069 1243 3114 autem
1293 3067 1476 3131 guttas
1515 3075 1546 3115 e
1607 3075 1772 3116 carne
1822 3062 2044 3119 cll‘erve-

477 3160 715 3214 scentes,
754 3157 907 3219 puto,
957 3164 1053 3219 per
1093 3159 1436 3204 emanantem
1474 3149 1762 3220 liquorem,
1804 3151 2043 3208 infusum

477 3241 634 3297 nobis
675 3256 771 3311 per
811 3255 972 3294 aures
1008 3255 1277 3295 venenum
1315 3241 1587 3311 serpentis
1639 3241 1694 3295 in
1731 3249 2044 3314 transgres-

478 3337 633 3390 sione
663 3332 830 3389 divini
865 3332 921 3386 in
951 3331 1205 3402 paradiso
1235 3331 1512 3402 praecepti,
1545 3347 1640 3402 per
1673 3333 1925 3388 unionem
1951 3331 2046 3387 Dei

477 3433 532 3481 et
561 3423 724 3480 Verbi
764 3439 795 3478 a
835 3431 1024 3479 nostra
1067 3431 1263 3478 natura
1313 3423 1652 3495 abstergere,
1699 3441 1769 3480 ne
1816 3426 2052 3495 amplius

479 3515 877 3572 sacriﬁciorum
909 3515 1100 3569 nidore
1127 3522 1180 3570 et
1219 3516 1504 3585 sanguine,
1541 3515 1889 3586 ﬁliorumque
1932 3533 2047 3571 ma-

479 3607 812 3663 etationibus
856 3621 887 3661 a
934 3606 1090 3661 nobis
1133 3606 1345 3661 colatur
1392 3615 1586 3662 auctor
1634 3607 1726 3665 ille
1778 3609 2045 3665 malorum

479 3701 714 3756 daemon.
733 3699 922 3769 Neque
942 3699 1167 3769 angelus
1195 3700 1574 3764 corroborare,
1609 3716 1876 3772 suumque
1898 3716 2050 3757 crea-

481 3801 656 3845 torem
689 3788 1019 3844 conﬁrmare
1055 3788 1188 3842 mihi
1220 3788 1454 3844 videtur.
1488 3790 1773 3856 Quomodo
1792 3792 1936 3846 enim
1971 3789 2050 3844 la-

483 3881 665 3935 mulus
708 3876 990 3934 dominum
1032 3878 1402 3943 conﬁrmaret,
1452 3889 1548 3934 aut
1585 3881 1813 3950 spiritus
1841 3890 2050 3952 petram

481 3970 897 4028 corroboraret?
923 3968 1056 4023 Nam
1084 3977 1230 4038 petra
1253 3981 1366 4024 erat
1391 3969 1651 4035 Christus,
1685 3972 1859 4040 inquit
1892 3971 2050 4027 divus

483 4062 574 4116 ille
611 4061 906 4131 Apostolus
929 4062 971 4112 ".
1008 4060 1070 4114 Et
1101 4078 1313 4126 rursus,
1348 4061 1452 4127 Qui
1491 4063 1621 4131 facit
1671 4063 1882 4132 angelos
1929 4079 2050 4117 suos

482 4155 699 4223 spiritus
725 4155 767 4208 ⁸.
796 4152 951 4218 ltem,
982 4153 1189 4223 Absque
1231 4154 1372 4207 omni
1412 4155 1788 4216 controuersia,
1822 4156 1995 4210 minus
2019 4173 2051 4210 ιι

483 4246 682 4315 majore
694 4243 1012 4298 benedicitur
1040 4253 1088 4297 et
1111 4245 1459 4312 conﬁrmatur
1480 4246 1520 4298 ⁹.
1546 4247 1623 4300 Ex
1637 4247 1836 4316 quibus
1857 4247 2052 4302 merito

485 4336 837 4405 intelligatur,
891 4343 1114 4406 propter
1142 4352 1343 4390 novum
1378 4346 1432 4392 et
1476 4336 1778 4395 inauditum
1815 4339 2084 4394 miracu--

483 4427 597 4482 lum
633 4427 875 4484 victoriae
923 4427 1129 4482 Christi
1173 4428 1319 4498 quod
1354 4436 1672 4483 secuturum
1710 4437 1847 4496 erat,
1884 4431 2055 4484 victo-

486 4519 672 4573 rialem
706 4518 997 4588 quamdam
1035 4518 1270 4588 speciem
1307 4517 1558 4588 angelum
1589 4520 1865 4588 exhibere,
1889 4519 2054 4578 Hosis

483 4610 810 4684 lcgislatoris
861 4609 1027 4665 verba
1077 4611 1258 4680 reipsa
1327 4609 1716 4676 declarantem,
1768 4613 1862 4683 qui
1927 4622 2054 4670 ante

486 4704 633 4759 mille
657 4711 710 4758 et
743 4703 927 4772 plures
966 4717 1139 4758 annos
1173 4702 1441 4757 exclamat
1472 4703 1516 4734 ιο
1543 4721 1554 4755 :
1583 4700 1884 4770 Exsultate,
1918 4707 2054 4771 cazli,

487 4811 604 4847 cum
629 4811 708 4859 eo,
736 4793 995 4864 quoniam
1027 4794 1080 4849 id
1108 4793 1254 4864 quod
1285 4793 1557 4863 deiectum
1585 4805 1702 4850 erat
1728 4796 1793 4850 ad
1819 4811 2054 4866 superna

488 4884 741 4949 reduxit;
783 4895 833 4939 et
872 4884 1096 4940 adorent
1138 4885 1308 4954 ipsum
1339 4901 1514 4940 omnes
1558 4886 1729 4957 angeli
1777 4886 1897 4953 Dei,
1931 4903 2054 4942 cum

489 4989 589 5030 sua
659 4974 778 5028 loca
839 4975 1122 5032 hominum
1189 4978 1508 5033 accessione
1563 4980 1748 5050 augeri
1797 4987 2055 5046 cernant;

487 5063 770 5127 exsultare,
807 5075 1002 5134 gentes,
1036 5083 1153 5120 cum
1197 5068 1390 5137 populo
1423 5068 1556 5137 ejus,
1601 5077 1653 5124 et
1686 5077 1953 5140 quotquot
1991 5086 2057 5124 ex

489 5154 747 5219 gentibus
779 5152 1025 5218 Enocho,
1052 5155 1187 5220 Noe,
1225 5159 1554 5222 Abrahamo,
1582 5159 1792 5224 lsaaco,
1829 5160 2055 5225 Iacobo,

489 5246 748 5317 .Iosepho,
797 5243 1006 5310 Davidi,
1055 5243 1274 5302 Christo
1307 5256 1361 5303 et
1407 5248 1668 5304 Ecclesiae
1699 5260 1824 5305 sunt
1867 5251 2056 5316 additi,
2122 5245 2126 5248 ’

490 5338 741 5407 quoniam
783 5337 999 5407 sanguis
1033 5337 1266 5405 ﬁliorum
1309 5340 1443 5407 ejus.
1494 5340 1690 5409 inquit,
1739 5341 2057 5403 vindicatur,

492 5431 539 5474 et
565 5423 870 5488 vindicabit,
901 5431 951 5478 et
986 5423 1230 5478 retribuet
1281 5424 1530 5480 ultionem
1560 5427 1809 5494 inimicis,
1855 5439 1903 5482 et
1938 5429 2058 5484 odio

564 5580 582 5610 °
614 5578 913 5659 [λιιςεαιιιῃ
956 5585 1044 5650 il,
1077 5587 1162 5640 45.
1241 5587 1259 5618 ⁷
1301 5583 1467 5641 lCor.
1506 5601 1558 5650 Χ,
1597 5586 1650 5641 4.

495 5663 600 5704 sec.
633 5648 769 5701 LXX

1499 207 1556 263 S.
1593 208 1894 264 CAL'SARH
1934 209 2262 267 GREGORII
2300 207 2601 267 FRATRIS

1743 5588 1762 5618 ⁸
1789 5585 1934 5642 Psal.
1977 5603 2090 5655 C'll,
2123 5589 2190 5656 -l;
2225 5587 2386 5646 llcbr.
2431 5604 2468 5657 ι,
2503 5588 2553 5643 7.

3583 209 3695 271 883

2697 324 2941 380 ΠΕΥΣΙΣ
2969 325 3097 379 κη’.

2195 417 2304 471 Καὶ
2359 417 2447 470 διὰ
2487 418 2538 470 τί
2574 415 2647 487 μὴ
2676 416 2922 488 φανερῶς
2955 410 3107 468 εἶπεν
3157 415 3429 486 Ἰωάννης,
3478 414 3559 469 δτι
3600 420 3700 470 καὶ

2121 507 2298 580 ψυχὴν
2324 509 2532 574 ἔλαϐεν,
2556 509 2631 572 ὼς
2658 509 2784 579 περὶ
2812 508 2909 579 τῆς
2937 508 3134 578 σαρκὸς
3154 507 3330 577 λέγει;

2729 599 3084 667 Ἀπόκρισις.

2192 686 2316 760 Ἆρ’
2345 686 2459 755 οῦν,
2491 691 2614 744 ἐπεί
2649 707 2811 759 φησιν
2832 691 2864 760 ή
2887 688 3102 760 Γραφὴ,
3125 689 3210 742 ὅτι
3236 685 3486 758 ἐποίησεν
3504 687 3532 738 ὁ
3563 684 3704 750 Θεδς

2123 782 2214 835 τὸν
2265 780 2568 853 ἄνθρωπον,
2629 780 2759 850 χοῦν
2817 779 2926 832 ἀπὸ
2981 780 3080 850 τῆς
3128 778 3233 848 γῆς
3263 776 3466 841 λαϐὼν,
3509 778 3609 830 καὶ
3641 776 3703 831 οὑ

2126 871 2480 943 προσέθηκεν,
2511 871 2592 924 ὅτι
2631 869 2852 938 ἐποίησε
2882 867 3124 938 κεφαλὴν
3171 867 3204 938 ἦ
3239 866 3560 936 ἐγκέφαλον,
3605 869 3707 937 οὐχ

2125 956 2297 1033 ἧπαρ,
2353 961 2387 1030 ἦ
2431 959 2642 1030 σπλῆνα
2676 958 2770 1013 καὶ
2809 956 3104 1027 πνεύμονα,
3143 955 3244 1024 οὐχ
3283 953 3472 1024 ἕτερόν
3507 971 3560 1006 τι
3594 952 3706 1004 τῶν

2127 1051 2369 1122 φυσικῶν
2404 1050 2736 1121 μυστηρίων,
2775 1048 2925 1120 παρὰ
2959 1047 3117 1101 τοῦτο
3150 1047 3386 1118 ἐρήμους
3412 1044 3507 1096 καὶ
3535 1043 3710 1112 ἀκτή·

2131 1163 2297 1216 μονας
2319 1144 2542 1198 ἐκείνων
2573 1143 2796 1205 ἑαυτοὺς
2825 1139 3120 1211 οἰηθῶμεν,
3155 1138 3229 1209 μὴ
3259 1133 3711 1206 λεπτηγορούσης

2128 1237 2226 1304 τῆς
2249 1233 2472 1306 Γραφῆς
2516 1231 2585 1285 τὰ
2637 1228 2840 1300 φυσικὰ
2879 1228 3035 1299 ἡμῶν
3064 1228 3303 1300 δργανας
3341 1224 3431 1286 Ὠς
3461 1223 3598 1291 γοῦν
3624 1224 3708 1290 ἐφ’

2131 1326 2285 1398 ἡμῶν
2313 1325 2422 1378 ἀπὸ
2456 1323 2655 1394 μέρους
2698 1321 2758 1374 τὸ
2789 1322 2896 1374 πᾶν
2924 1318 3361 1388 διαγινώσκεται,
3399 1313 3577 1375 οὕτως
3617 1312 3712 1364 καὶ

2129 1416 2221 1469 τὸν
2265 1415 2418 1484 ἅγιον
2461 1413 2592 1466 Θεὸν
2624 1413 2794 1480 Λόγον
2877 1410 3023 1481 ψυχῇ
3067 1410 3159 1463 καὶ
3203 1407 3416 1478 σώματι
3461 1402 3711 1475 ἡνῶσθαι

2133 1506 2534 1575 πιστεύσωμεν·
2564 1505 2650 1556 ἶνα
2669 1502 2743 1574 μὴ
2765 1501 2969 1572 ἄψυχον
2979 1501 3041 1554 τὸ
3065 1500 3206 1553 θεῖον
3229 1498 3386 1568 σῶμα
3400 1494 3712 1557 δοκοῦντες,

2135 1597 2209 1668 τῷ
2241 1596 2360 1667 Θεῷ
2385 1595 2525 1650 κατὰ
2558 1594 2718 1664 φύσιν
2741 1592 2888 1665 πάθη
2913 1590 3305 1665 προσάψωμεν.

2761 1690 2791 1720 6

2719 1887 2968 1941 ΠΕΥΣΙΣ
3006 1885 3135 1940 ΚΘ.

2209 1985 2311 2040 Καὶ
2336 1984 2452 2048 πῶς
2486 1977 2602 2045 ἶσος
2637 1980 2714 2052 τῷ
2757 1980 2931 2049 Ila-cpi.
2975 1977 3115 2031 κατὰ
3140 1975 3367 2044 θεότητα
3409 1974 3438 2026 ό
3478 1969 3715 2043 Χριστὸς

2137 2075 2346 2147 ἀγωνίᾳ
2396 2074 2490 2128 καὶ
2541 2070 2724 2143 ἱδρῶτι
2760 2068 3136 2139 συνεχόμενος,
3183 2065 3278 2118 καὶ
3329 2063 3434 2116 ὑπὸ
3477 2061 3714 2131 ἀγγέλου

2139 2167 2536 2238 ένισχυόμενος,
2554 2161 2736 2225 καθὼς
2764 2162 2793 2213 ὁ
2824 2160 3038 2220 Λουκᾶς
3065 2156 3191 2228 περὶ
3221 2153 3383 2209 αὑτοῦ
3409 2151 3596 2220 λέγεις
3625 2149 3714 2203 καὶ

2139 2256 2396 2328 ἀνωτέρω
2441 2253 2550 2323 γὰρ
2598 2250 2803 2304 τούτων
2840 2247 3166 2319 κινηθέντων
3214 2243 3575 2316 παρέδραμες
3618 2241 3712 2310 τὴν

2139 2351 2489 2419 διασάφησιν;

2759 2435 3115 2502 Ἀπόκρισις.

2213 2529 2406 2602 Σαφῶς
2439 2531 2504 2583 ἐκ
2536 2528 2740 2582 τούτων
2789 2522 3173 2593 παιδευόμεθα,
3216 2519 3276 2572 ού
3326 2515 3597 2587 φαντασίᾳ
3624 2512 3714 2566 καὶ

2141 2623 2380 2694 δοκήσει,
2411 2619 2639 2690 ἀληθεία
2667 2615 2724 2669 δὲ
2757 2613 2956 2687 μᾶλλον
2981 2612 3050 2666 τὰ
3088 2610 3333 2681 ἡμέτερα
3358 2605 3602 2674 ἡνῶσθαι
3628 2604 3714 2655 τὸν

2144 2715 2321 2780 ζῶντα
2351 2713 2446 2766 καλ⁵
2477 2709 2836 2766 ὲνυπόστατον
2870 2706 3023 2774 ἅγιον
3057 2702 3188 2756 Θεὸν
3214 2702 3404 2769 Λόγον,
3441 2697 3585 2770 πλὴν
3625 2695 3715 2767 μό-

2144 2824 2242 2878 νης
2281 2806 2382 2876 τῆς
2411 2805 2622 2857 ἀνοσιου
2669 2798 2897 2860 κακίας’
2936 2794 3283 2850 ἀνεπίδεκτον
3316 2791 3423 2863 γὰρ
3452 2791 3622 2859 αὐτῆς
3656 2787 3713 2840 τὸ

2145 2899 2317 2954 Θείον.
2367 2895 2440 2947 Τὸ
2484 2893 2593 2964 γὰρ
2641 2891 2878 2960 ἀγωνιᾷν
2917 2887 3018 2957 τῆς
3070 2885 3271 2956 ψυχῆς,
3304 2884 3364 2937 τὸ
3410 2883 3468 2936 δὲ
3513 2880 3710 2952 ἱδροῦν,

2146 2989 2238 3042 τοῦ
2268 2985 2516 3058 σώματός
2543 3000 2722 3053 φαμεν
2741 2998 2756 3012 ·
2786 2981 2909 3042 τοὺς
2945 2979 3003 3031 δὲ
3034 2966 3592 3048 αἱμῶδεις’θρόμ6ους
3619 2971 3711 3040 τῆς

2151 3079 2350 3150 σαρκὸς
2383 3073 2864 3148 ὲκϐραττομένους,
2898 3069 3060 3134 δοκῶ,
3108 3066 3198 3121 διὰ
3231 3067 3329 3136 τῆς
3375 3061 3715 3132 έκδιδομένης

2145 3169 2364 3234 νοτίδος,
2395 3166 2485 3219 τὸν
2519 3164 2810 3235 ἐγχεθέντα
2847 3164 2980 3232 ἡμῖν
3012 3160 3080 3212 δι’
3109 3157 3278 3228 ἀκοῆς
3307 3157 3378 3209 low
3401 3153 3491 3207 τοῦ
3512 3153 3711 3219 ὄφεως,

2149 3262 2243 3314 ἐπὶ
2277 3263 2341 3331 τῇ
2377 3257 2686 3330 παραϐάσει
2715 3257 2814 3327 τῆς
2841 3253 2992 3317 θείας
3033 3253 3090 3304 ὲν
3123 3246 3424 3321 παραδείσῳ
3469 3241 3710 3331 ἐντολῆς,

2147 3354 2212 3422 τῇ
2247 3330 2436 3402 ένῶσει
2470 3347 2562 3400 τοῦ
2596 3345 2755 3413 Θεοῦ,
2791 3343 2885 3398 καὶ
2923 3342 3122 3409 Λόγου,
3175 3340 3274 3410 τῆς
3315 3334 3522 3406 φύσεως
3559 3330 3716 3422 ἡμῶν

2148 3420 2513 3512 ἐκμύζεσθαιο
2549 3438 2688 3490 ὥστε
2739 3434 2936 3506 μηκέτι
2982 3431 3232 3492 κνίσσαις
3263 3428 3356 3480 καὶ
3387 3425 3580 3494 αἵμασι
3625 3420 3715 3473 καὶ

2150 3530 2556 3592 παιδοκτονίαις
2584 3529 2673 3597 ὑφ’
2699 3525 2854 3598 ἡμῶν
2882 3520 3278 3593 θρησκεύεσθαι
3305 3518 3396 3571 τὸν
3417 3515 3715 3586 ἀρχέκακον

2149 3619 2396 3691 δαίμονα.
2429 3617 2562 3671 Ούδὲ
2597 3614 2823 3684 ἄγγελος
2873 3609 3281 3684 ὲπιρῤωννύειν,
3325 3609 3420 3661 καὶ
3467 3602 3714 3674 σθεναρὸν

2151 3708 2430 3763 ἀποτελῶν
2475 3708 2565 3760 τὸν
2610 3704 2801 3771 ἑαυτοῦ
2853 3701 3078 3773 ποιητὴν
3111 3701 3376 3770 ἐνισχύειν
3424 3714 3512 3767 μοι
3560 3694 3712 3749 δοκεῖ.

2153 3801 2279 3865 Πῶς
2327 3799 2436 3870 γὰρ
2473 3797 2694 3867 οἰκέτης
2729 3794 2996 3863 δεσπότην
3037 3789 3388 3863 ὲνισχύσειεν,
3425 3788 3459 3856 ἢ
3508 3787 3716 3856 πνεῦμα

2154 3893 2358 3962 πέτραν
2385 3887 2876 3959 ύποστερηνήσειεν
2921 3884 3080 3954 (sic);
3119 3880 3187 3934 Ἦ
3210 3880 3318 3952 γὰρ
3366 3877 3575 3948 ,πέτρα
3593 3875 3666 3946 ἦν
3685 3875 3714 3927 ὁ

2144 3981 2608 4051 Χριστὸς,φησὶν
2651 3981 2679 4032 ό
2730 3977 2872 4041 θεῖος
2917 3973 3254 4038 Ἀπόστολος.
3298 3973 3408 4028 Καὶ
3439 3971 3622 4034 πάλιν,
3664 3968 3712 4018 Ὁ

2153 4072 2340 4129 ποιῶν
2367 4072 2508 4138 τοὺς
2534 4071 2827 4141 ἀγγέλους
2872 4066 3058 4122 αὑτοῦ
3098 4066 3438 4133 πνεύματαο
3472 4064 3571 4116 καὶ
3615 4063 3712 4116 πά-

2153 4165 2255 4230 λιν,
2291 4161 2477 4230 Χωρὶς
2501 4159 2704 4226 πάσης
2728 4157 3071 4226 ἀντιλογίας
3096 4154 3163 4208 τὸ
3193 4155 3444 4208 ἔλαττον
3474 4153 3596 4207 ὑπὸ
3618 4150 3713 4205 τοῦ

2155 4256 2494 4324 κρείττονος
2545 4246 2876 4317 εὐλογεῖται
2923 4245 3024 4299 καὶ
3074 4244 3436 4312 ἐνισχύεται.
3509 4239 3603 4304 Ἐξ
3647 4232 3714 4290 ὧν

2161 4347 2385 4408 εἰκότως
2417 4342 2640 4398 νοείσθω
2670 4339 2808 4409 ὑπὲρ
2844 4337 2939 4391 τοῦ
2975 4335 3260 4408 μέλλοντος
3297 4333 3601 4405 παραδόξου
3623 4330 3714 4399 τῆς

2159 4439 2315 4508 νίκης
2337 4431 2572 4507 Χριστοῦ
2597 4429 2859 4484 ἐπινίκιόν
2879 4446 2929 4481 τι
2963 4427 3149 4498 σχῆμα
3169 4427 3260 4479 τὸν
3283 4424 3507 4494 ἄγγελον
3529 4424 3709 4481 ποιεῖν.

2160 4529 2305 4598 ἔργῳ
2327 4525 2395 4579 τὰ
2419 4523 2661 4586 Μωσέως
2687 4520 2779 4573 τοῦ
2805 4518 3091 4590 νομοθέτου
3115 4516 3460 4589 παριστῶντα
3484 4517 3712 4587 ῥήματα,

2158 4620 2264 4691 πρὸ
2295 4616 2483 4688 χιλίων
2517 4613 2612 4667 καὶ
2643 4613 2754 4667 ἄνω
2783 4610 2988 4681 χρόνων
3016 4607 3313 4680 διαρρήδην
3345 4605 3593 4676 βοῶντοςε
3619 4605 3714 4654 Εὐ·

2159 4707 2476 4778 φράνθητε,
2509 4701 2774 4771 οὐρανοί,
2826 4700 2946 4770 ἅμα
2989 4697 3167 4764 αὐτῷ,
3199 4697 3378 4751 ὃτιτὰ
3423 4696 3574 4750 κάτω
3616 4695 3713 4748 ἄνω

2160 4800 2436 4868 ἀνήγαγε,
2495 4794 2591 4848 καὶ
2647 4789 3247 4860 προσκυνησάτωσαν
3290 4787 3451 4854 αὐτῷ
3503 4787 3714 4846 πάντες

2161 4889 2400 4959 ἄγγελοι
2434 4885 2603 4948 Θεοῦ,
2651 4883 2750 4947 τὰς
2790 4883 2939 4954 σφῶν
2988 4881 3170 4953 χώρας
3203 4880 3484 4952 προσθήκῃ
3521 4875 3713 4950 βροτῶν

2165 4978 2465 5049 αύξομένας
2492 4975 2726 5048 ὁρῶντες
2746 4991 2758 5004 ·
2797 4974 3204 5044 Εὐφράνθητε,
3236 4972 3403 5039 ἔθνη,
3427 4971 3582 5040 μετὰ
3618 4965 3712 5021 τοῦ

2163 5069 2315 5124 λαοῦ
2346 5067 2551 5128 αὐτοῦ,
2593 5068 2642 5119 οἱ
2683 5065 2741 5131 ἐξ
2771 5064 2960 5129 ἐθνῶν,
2990 5064 3068 5135 τῷ
3112 5063 3302 5134 Ἑνὼχ,
3337 5061 3415 5132 τῷ
3454 5059 3711 5132 Ἀϐραὰμ,

2163 5159 2242 5229 τῷ
2281 5157 2484 5224 Ἰσαὰκ,
2510 5156 2587 5226 τῷ
2645 5155 2862 5225 Ἰωσὴφ,
2903 5154 2980 5224 τῷ
3030 5154 3214 5217 sum,
3259 5152 3338 5224 τῷ
3374 5150 3611 5223 Χριστῷ,
3654 5150 3712 5211 τῇ

2177 5250 2472 5321 Ἐκκλησία
2524 5247 2953 5319 προστιθέμενοι,
3005 5246 3189 5300 ὅτιτὸ
3231 5242 3372 5314 αἷμα
3417 5241 3538 5297 τῶν
3583 5239 3714 5295 υἱῶν

2165 5340 2372 5400 αὐτοῦ,
2409 5341 2593 5409 φησὶν,
2627 5335 2964 5402 ἐκδικεῖται,
3004 5335 3103 5388 καὶ
3134 5333 3462 5400 ἐκδικήσει,
3483 5331 3591 5385 ’καὶ
3619 5329 3710 5382 dr-

2167 5429 2494 5484 ταποδώσει
2529 5429 2705 5497 δίκην
2737 5429 2858 5496 τοῖς
2890 5427 3143 5498 ἐχθροῖς,
3167 5427 3264 5480 καὶ
3299 5424 3420 5490 τοῖς
3440 5421 3713 5494 μισοῦσιν

2664 5588 2683 5618 ⁸
2711 5585 2872 5642 Hebr.
2907 5603 3001 5652 vn,
3041 5587 3089 5639 7.
3195 5586 3238 5618 '°
3271 5580 3423 5639 Deut.
3456 5593 3616 5642 χχιιι,
3647 5575 3708 5631 i3
