4030 6232
301 295 471 356 -889

352 415 550 469 αὐτὸν
586 415 1017 487 ἀνταποδώσει,
1059 423 1156 476 καί
1201 424 1537 495 ἐκκαθαριεῖ
1569 426 1786 494 Κύριος
1815 426 1930 494 τὴν

355 501 482 572 τῆν
524 503 630 558 τοῦ
678 507 833 560 λαοῦ
872 509 1076 564 αὐτοῦ.
1125 512 1282 566 Ἀλλὰ
1317 516 1410 568 καὶ
1459 518 1488 569 ὀ
1531 516 1730 586 ὑψηλὸς
1768 517 1929 568 Ἀπό-

355 594 569 661 στολος,
608 598 884 664 ἐπινικίως
921 604 1180 675 ἐνισχύων
1212 607 1289 677 τῷ
1322 608 1559 679 Χριστῷ,
1607 613 1764 680 φησὶ,
1801 612 1933 678 Χρι-

354 685 511 750 στὸς
551 687 699 741 Θεοῦ
744 688 1012 760 δύναμις,
1058 695 1156 748 καὶ
1191 697 1336 751 Θεοῦ
1368 700 1572 768 σοφία.
1608 700 1717 753 Καὶ
1746 700 1927 764 πάλιν,

351 772 436 840 ιῖξς
463 779 655 846 νικητῇ
691 780 870 834 πᾶσαν
901 783 1076 837 κτίσιν
1115 788 1434 842 ποτνιᾶσθαι
1462 789 1610 860 αὑτῷ
1638 790 1925 857 παιδεύων,

353 864 549 934 φησὶν,
601 867 701 920 Ἐν
725 868 806 935 τῷ
835 871 1078 941 ὀνόματι
1126 875 1320 944 Ἰησοῦ
1347 880 1605 947 Χριστοῦ
1632 879 1754 934 πᾶν
1780 882 1927 950 γόνυ

352 952 582 1022 κάμψει
645 958 1048 1029 ἐπουρανίων,
1105 967 1202 1020 καὶ
1253 969 1548 1038 ἐπιγείων,
1611 971 1707 1024 καί
1760 970 1928 1026 πᾶσα

351 1041 613 1108 γλῶσσα
678 1046 1181 1120 ἐξομολογήσεται
1251 1056 1430 1123 αὐτῷ.
1497 1059 1809 1131 Συμφώνως
1868 1062 1926 1115 δὲ

349 1131 531 1204 τούτῳ
563 1134 886 1206 βροντόπαις
928 1144 1194 1216 Ἰωάννης,
1233 1149 1511 1214 ὲπινικίως
1543 1149 1806 1220 θεολογῶν
1836 1153 1926 1208 τὸν

348 1220 609 1292 Χριστὸν,
647 1229 808 1298 φησί’
842 1233 954 1286 Kal
979 1235 1347 1307 ἐθεασάμεθα
1370 1241 1483 1310 τὴν
1503 1242 1692 1307 δόξαν
1714 1243 1922 1310 αὑτοῦ,

347 1311 547 1377 δόξαν
573 1317 654 1382 ὡς
675 1321 1053 1392 Μονογενοῦς
1076 1331 1236 1398 παρὰ
1266 1335 1496 1401 Πατρός
1515 1352 1529 1366 ·
1554 1336 1789 1404 πλήρης
1818 1337 1925 1405 χά-

335 1421 516 1472 ριτος
547 1408 648 1463 καί
688 1411 1008 1482 ἀληθείας.
1053 1419 1142 1489 Τῷ
1167 1421 1225 1473 δὲ
1281 1424 1497 1496 ἀγγέλῳ
1532 1428 1786 1498 ἑπόμενοι
1829 1430 1924 1484 καὶ

347 1498 537 1593 ἡμεῖς,
570 1498 681 1556 οἷον
712 1505 1030 1578 ἐνισχύομεν
1058 1513 1337 1578 ὲπινικίως
1375 1517 1466 1571 τὸν
1492 1519 1723 1590 Χριστὸν
1752 1522 1809 1575 ἐν
1845 1522 1923 1593 τῷ

347 1591 530 1682 καιρῷ
575 1593 675 1664 τῆς
726 1596 876 1662 θείας
914 1601 1023 1655 τῶν
1077 1607 1353 1673 μυστικῶν
1401 1609 1624 1682 τελετῆς
1671 1591 1920 1681 βοῶντες,

343 1680 478 1737 Ὀτι
506 1683 625 1740 σόν
653 1688 719 1742 τὸ
760 1691 978 1760 κράτος
1009 1696 1105 1750 καί
1141 1699 1179 1766 ἡ
1217 1701 1507 1763 ,βασιλεία
1542 1680 1640 1761 καὶ
1674 1680 1716 1775 ἦ
1743 1680 1922 1762 δύναέ

335 1791 452 1868 pls
483 1778 591 1868 grai
623 1781 661 1849 ή
700 1781 867 1848 δόξα.
921 1787 1050 1841 Ἰδοὺ
1081 1788 1142 1842 :0
1174 1792 1350 1847 ἑνικὸν
1387 1796 1485 1866 τῆς
1531 1796 1678 1863 θείας
1708 1800 1920 1868 φύσεως

340 1863 447 1916 τοῦ
480 1866 692 1939 Πατρὺς
719 1873 814 1926 καὶ
843 1875 936 1928 τοῦ
958 1876 1110 1946 Υίοῢ,
1144 1882 1237 1935 καὶ
1279 1883 1371 1938 τοῦ
1397 1863 1916 1961 estcomm-namq.

424 2046 597 2119 Ὅπερ
619 2050 781 2122 νόμος
795 2055 889 2107 καὶ
915 2059 1026 2122 τοῖς
1054 2065 1338 2130 γυμνικοῖς
1363 2065 1590 2133 ἀγῶσιν,
1610 2070 1706 2124 εἴτ’
1724 2073 1782 2124 ὲν
1811 2089 1920 2126 σω-

341 2139 634 2232 ξιασκίαις,
647 2145 771 2208 τοὺς
782 2147 1059 2219 ἀνδρείους
1073 2153 1167 2206 καὶ
1189 2156 1503 2226 ρωμαλέους
1519 2161 1625 2213 τῶν
1647 2162 1914 2232 ἀθλητῶν,

337 2227 466 2296 ἦτοι
492 2238 903 2322 παγκρατείαις,
926 2242 1052 2307 τοὺς
1075 2245 1150 2314 (8)
1184 2247 1287 2300 ὑπὸ
1314 2253 1614 2322 μειρακίων
1640 2227 1800 2312 τινῶν
1823 2227 1917 2312 καί⁷

341 2321 721 2419 κομιδῆ-νέων,
756 2330 978 2400 μηδέπω
1013 2335 1207 2400 ἰούλοις
1238 2339 1336 2403 τὰς
1362 2321 1595 2414 παρειάς
1627 2348 1916 2419 σκιαζομέ-

341 2427 488 2474 νων,
545 2414 943 2486 ὐποφωνεῖσθαι
987 2424 1083 2477 καὶ
1134 2427 1470 2497 ἀλείφεσθαι,
1529 2433 1670 2486 ὥστε
1720 2414 1916 2502 αὐτοὺς

338 2503 694 2598 σφριγῶντας
729 2512 1099 2586 στεῤῥοτὲρως
1145 2519 1284 2573 κατά
1327 2521 1436 2575 τῶν
1469 2524 1778 2580 ἀντιπάλων
1808 2547 1914 2598 χω-

339 2593 490 2688 ρεῖνς
523 2596 620 2688 οὐχ
662 2597 743 2651 ὅτι
775 2599 965 2675 ῥώμης
1013 2608 1108 2660 καὶ
1148 2608 1457 2676 εὐσθενείας
1494 2617 1607 2677 τοῖς
1651 2593 1912 2688 ἀνδρείοις

332 2681 496 2779 παρά
543 2685 650 2779 τῷν
703 2689 1103 2766 ἀσθενεστέρων
1159 2699 1525 2773 ὲντιθεμένης,
1576 2704 1710 2758 ἀλλὰ
1750 2681 1912 2779 ’νόμω

326 2774 440 2829 καὶ
473 2776 790 2844 ἀκολουθίας
827 2785 1040 2857 ἑκάστῳ
1071 2787 1306 2859 δράματι
1334 2797 1780 2864 προηγουμένων.
1818 2774 1913 2851 de-

329 2867 596 2958 σποτείας
627 2873 842 2940 πάντως
868 2875 1029 2948 νόμος
1061 2879 1164 2933 ὑπὸ
1192 2881 1300 2936 τῶν
1328 2885 1552 2940 οίκετῶν
1571 2886 1906 2958 ἀλείφεσθαι,

327 2955 441 3047 καὶ
495 2956 863 3016 θωπεύεσθαι’
921 2965 1191 3039 πλήρωμα
1240 2971 1297 3024 δὲ
1343 2974 1508 3044 νόμου
1561 2955 1830 3047 Χριστὸς,

327 3045 562 3101 πάντων
591 3051 722 3120 ὁμοῦ
763 3055 1062 3126 Δεσπότης·
1110 3059 1271 3130 νόμος
1307 3061 1364 3115 δὲ
1397 3045 1664 3132 ἀγγέλοις,
1699 3067 1788 3122 τὸν
1824 3087 1911 3122 σο·

325 3138 444 3207 φὺν
475 3142 694 3213 ποιητὴν
742 3146 835 3199 καὶ
875 3146 1139 3220 δεσπότην
1169 3150 1435 3207 θωπεύειν
1465 3157 1560 3209 καὶ
1597 3156 1908 3213 ὕποσαίνειν

326 3230 768 3324 βοηθουμένους,
825 3239 886 3291 οὐ
938 3239 1282 3310 βοηθοῦντας.
1344 3246 1408 3300 El
1461 3246 1570 3319 γὰρ
1616 3249 1717 3320 τῆς
1777 3252 1907 3324 παρ’

322 3321 564 3376 ἐκείνων
592 3325 772 3395 ἰσχύος
799 3327 988 3394 ἐδεῖτο,
1033 3330 1212 3403 πολλῷ
1264 3334 1462 3403 μᾶλλον
1499 3338 1556 3389 ἐν
1598 3340 1663 3408 τῇ
1715 3321 1907 3409 ἐρήμιρ

321 3416 745 3486 τεσσαράκοντα
795 3421 1017 3492 ἡμερῶν
1063 3424 1168 3478 ὑπὸ
1219 3426 1314 3479 τοῦ
1366 3428 1611 3482 διαϐόλου
1651 3430 1906 3501 πειραζό-

326 3519 504 3572 μενος
538 3506 749 3577 ἐκείνης
799 3510 1016 3582 ἐδεήθη.
1077 3514 1213 3567 Ἀλλ’
1267 3517 1389 3570 οὑδὲ
1446 3536 1548 3571 που
1597 3522 1660 3590 τῇ
1715 3521 1901 3592 Γραφῇ

320 3593 499 3648 τοῦτο
525 3597 758 3669 εἴρηταιο
796 3604 1070 3672 Ἄγγελοι
1101 3607 1229 3680 γὰρ,
1262 3609 1418 3678 φησι,
1465 3612 1904 3677 προσελθόντες

318 3685 440 3738 οὐκ
470 3686 742 3758 ἐϐοήθουν,
777 3691 910 3746 ἀλλά
937 3693 1261 3763 διηκόνουν
1294 3697 1486 3764 αὐτῷ’
1519 3700 1654 3772 ὅπερ
1701 3701 1903 3773 ἐναργῆ

319 3775 435 3832 τοῦ
478 3778 576 3848 μὲν
623 3781 718 3852 τὴν
772 3783 1108 3852 δεσποτείαν,
1153 3788 1259 3842 τῶν
1288 3790 1345 3843 δὲ
1373 3790 1471 3862 τὴν
1499 3792 1740 3846 οἰκετίαν
1759 3811 1904 3866 παρ-

323 3870 537 3940 ίστησι.
571 3873 724 3927 Κατὰ
764 3871 856 3930 οὖν
882 3877 974 3931 τὸν
1004 3879 1332 3936 ἀποδοθέντα
1381 3883 1536 3951 λόγον
1569 3886 1790 3940 νοείσθω
1833 3888 1902 3941 τὰ

321 3960 470 4030 περὶ
519 3963 610 4015 τοῦ
665 3965 917 4034 ἀγγέλου.
982 3970 1119 4024 Οῠτε
1169 3973 1276 4044 γὰρ
1328 3975 1397 4028 τὰ
1444 3976 1574 4044 ἅγια
1627 3977 1904 4048 Χερουϐὶμ

322 4051 612 4120 ἁγιασμοῦ
660 4057 1028 4126 προσδίδονται
1072 4062 1130 4115 ὲν
1177 4063 1388 4134 οὐρανῷ
1431 4069 1497 4137 τῇ
1550 4066 1668 4137 θείᾳ
1717 4068 1902 4139 Τριάδι

319 4144 614 4214 ἁσιγήτως
629 4147 688 4200 :0
707 4149 925 4220 Ἄγιος,
945 4151 1130 4221 ἅγιος,
1146 4155 1330 4223 ἅγιος,
1346 4157 1474 4211 ὅταν
1501 4160 1867 4229 ἀναφωνοῦσιν
1881 4177 1897 4194 ⁸

321 4235 449 4288 οὐδ’
489 4232 554 4290 αὖ
604 4239 784 4300 πάλιν.
821 4244 977 4313 ἡμῶν
1019 4247 1077 4299 ὲν
1125 4243 1689 4318 τρισαγίῳ,”Αγιοςό
1735 4254 1896 4320 Θεὸς,

322 4327 504 4393 ἅγιος
531 4331 799 4399 ἰσχυρὸς,
836 4332 1002 4403 ἅγιος
1027 4336 1340 4403 ἀθάνατος,
1383 4340 1713 4410 ὲκὸοὼντων,
1743 4347 1898 4415 ἁγια-

324 4416 475 4488 σμὸν
508 4419 539 4490 ἢ
577 4422 727 4494 ίσχὺν
760 4425 792 4494 ἢ
825 4424 1118 4482 ἀθανασίαν
1149 4428 1210 4482 :0
1248 4430 1400 4486 Θεῖον
1433 4433 1650 4489 ὲνίεται.

937 4822 1182 4876 ΠΕΥΣΙΣ
1229 4825 1305 4877 A'.

419 4928 638 4995 ’ἵκανῶς
682 4933 808 5003 περὶ
838 4932 945 4986 τῶν
983 4934 1140 4988 θείων
1175 4935 1622 5006 προσταχθέντων
1657 4957 1736 4992 σοι
1770 4945 1900 5013 παρ’

319 5019 490 5091 ἡμῶν
531 5022 891 5093 διδαχθέντες,
923 5026 1020 5090 τὰς
1046 5026 1154 5080 τῶν
1195 5029 1438 5098 ἀνοήτων
1462 5027 1692 5099 δεόμεθα
1717 5031 1899 5087 λοιπὸν

317 5113 708 5183 ἀνατραπῆναι
748 5115 952 5183 φωνάς.
992 5117 1220 5185 Λέγουσι
1264 5117 1372 5187 γὰρ
1418 5119 1630 5186 ἀγνοεῖν
1671 5122 1761 5173 τὸν
1791 5122 1902 5174 Σωι-

318 5202 476 5271 τῆρα
525 5203 586 5256 :0
641 5205 736 5258 τοῦ
786 5205 1037 5278 Λαζάρου
1075 5209 1282 5277 μνῆμα,
1333 5208 1425 5262 καὶ
1468 5210 1566 5280 τὴν
1615 5210 1900 5283 ἀψαμένην

318 5289 425 5344 ’τοῦ
458 5293 764 5364 κρασπέδου
801 5296 1246 5368 αίμορῤ[ο]οῦσαν
1273 5300 1527 5366 γυναῖκα,
1554 5300 1647 5353 καὶ
1670 5301 1751 5354 ὅτι
1782 5302 1901 5356 οὐδὲ

407 5456 448 5487 ³³
484 5455 653 5514 lCor.
689 5474 728 5519 ι,
767 5457 855 5512 94.

329 5528 380 5560 ⁸⁸
414 5526 519 5581 lsa.
557 5545 628 5594 νι,
660 5530 713 5584 5.

996 5450 1037 5488 ⁹¹
1071 5455 1304 5527 Philipp.
1349 5473 1408 5522 ιι,
1463 5457 1552 5523 10,
1605 5459 1688 5513 Η.

401 5663 481 5735 (8)
516 5665 669 5736 Ἤτοι
700 5663 1136 5736 παγκρατείαις,
1169 5662 1326 5734 τούς.
1357 5661 1482 5736 Hoc
1504 5677 1751 5736 comma,
1774 5666 1890 5736 ἦτοι

325 5733 746 5804 παγκρατείαις,
771 5733 1206 5790 transferendum
1246 5740 1372 5787 ante
1410 5734 1532 5796 τοὺς
1575 5733 1878 5804 ἀνδρείους,

1702 309 2048 368 DIALOGUS
2074 313 2111 367 l.

1822 5462 1864 5494 "
1896 5462 2050 5524 Joan.
2091 5487 2129 5536 ι,
2168 5471 2250 5526 Η.

3498 331 3607 388 890

2033 435 2461 502 prosequentibus
2494 438 2661 506 ipsum
2692 441 2968 506 retribuet,
3002 449 3050 496 et
3077 445 3386 516 erpurgobit
3419 446 3606 505 Damt-

2034 537 2133 574 nus
2187 533 2382 578 terram
2417 529 2598 596 populi
2625 531 2731 583 sui.
2776 531 2884 586 Sed
2935 541 2988 588 et
3027 535 3260 590 eximius
3307 535 3603 606 Apostolus

2031 612 2327 669 victoriose
2358 616 2412 670 iu
2439 618 2659 675 Christo
2679 637 2738 676 se
2765 624 3094 680 confirmans
3115 624 3327 695 inquit:
3359 625 3603 684 Christus

2030 712 2106 757 est
2137 706 2234 759 Dei
2263 711 2492 775 polentia
2531 721 2580 764 et
2617 712 2710 767 Dei
2747 717 3001 784 sapientia
3028 719 3094 771 ¹¹.
3142 717 3208 770 Ει
3249 733 3441 773 rursus
3481 730 3602 774 tan-

2031 811 2192 866 quam
2235 799 2338 868 ipsi
2373 801 2570 856 victori
2597 818 2816 859 onmem
2848 815 3156 861 creaturam
3202 824 3262 863 se
3286 809 3603 879 suppliciter

2030 890 2354 947 submittere
2385 892 2613 958 docens,
2645 895 2824 966 inquit
2853 918 2866 952 :
2906 897 2972 953 In
3003 899 3210 953 nomine
3237 899 3366 954 .Iesu
3400 899 3601 955 Christi

2029 994 2182 1033 omne
2207 997 2338 1050 genu
2381 998 2437 1036 se
2471 983 2663 1051 ﬂectet,
2704 986 2990 1040 caelestium
3033 996 3084 1041 et
3130 989 3495 1053 terrestrium;
3550 998 3601 1044 et

2029 1074 2198 1126 omnis
2231 1074 2410 1142 lingua
2443 1074 2779 1142 conﬁtebitur
2799 1079 2846 1131 ei
2875 1079 2936 1132 ι’.
2967 1078 3104 1132 Cum
3131 1079 3235 1133 hoc
3258 1087 3436 1133 autem
3467 1095 3599 1134 con-

2027 1165 2276 1220 sentiens
2310 1164 2457 1220 filius
2486 1167 2577 1222 ille
2617 1168 2843 1223 tonitrui
2872 1169 3135 1234 Joannes,
3164 1171 3230 1225 de
3257 1170 3478 1225 Christo
3513 1172 3596 1225 vi-

2027 1255 2265 1310 etoriose
2292 1258 2670 1323 concionatur,
2699 1261 2753 1314 in
2775 1259 2888 1314 haec
2915 1260 3115 1316 verba:
3145 1259 3214 1313 Et
3235 1261 3595 1329 conspeximus

2022 1345 2246 1416 gloriam
2293 1348 2428 1416 ejus.
2465 1349 2690 1418 gloriam
2738 1352 2876 1406 velut
2919 1350 3182 1421 Unigeniti
3225 1369 3257 1405 a
3289 1351 3471 1416 Patre,
3506 1353 3596 1422 qui

2021 1437 2204 1505 plenus
2243 1449 2320 1493 est
2346 1441 2523 1510 gratia
2559 1451 2608 1495 et
2645 1445 2862 1498 veritate
2904 1444 2969 1498 ¹³.
3007 1444 3278 1515 Angelum
3325 1451 3505 1498 autem
3540 1451 3594 1498 et

2022 1544 2124 1583 nos
2153 1529 2453 1596 imitemur,
2488 1532 2647 1602 quasi
2681 1534 3070 1590 confirmantes
3099 1536 3390 1591 vietoriose
3429 1535 3592 1590 Chri-

2024 1625 2193 1685 stum,
2245 1628 2486 1690 tempore
2537 1621 2734 1678 divina:
2793 1624 2942 1680 illius
2995 1641 3179 1680 rerum
3232 1627 3588 1698 mysticarum

2020 1706 2538 1775 administrationis,
2574 1712 2876 1768 clamantes
2904 1732 2919 1769 :
2954 1713 3092 1780 Quia
3125 1724 3215 1768 tua
3241 1725 3315 1768 est
3337 1717 3589 1784 potentia,

2020 1798 2071 1853 'et
2106 1808 2253 1853 tuum
2283 1810 2362 1855 est
2413 1818 2649 1871 regnum,
2689 1815 2737 1857 et
2763 1813 3017 1873 potestas,
3061 1815 3110 1858 et
3145 1806 3314 1875 gloria
3359 1807 3422 1860 “.
3454 1805 3594 1862 Ecce

2018 1891 2283 1946 unitatem
2319 1891 2518 1947 divina:
2550 1902 2779 1961 naturae,
2814 1910 3009 1966 nempe
3036 1895 3238 1962 Patris,
3267 1904 3319 1952 et
3356 1894 3503 1963 Filii,
3539 1905 3595 1952 et
3700 1949 3702 1953 ,

2020 1980 2257 2052 Spiritus
2285 1985 2485 2039 sancti.

2011 2129 2014 2132 .
2086 2074 2404 2132 Consimilis
2448 2083 2502 2133 et
2543 2077 2600 2133 in
2635 2077 2904 2150 gymnicis
2937 2079 3332 2135 certaminibus
3363 2095 3592 2136 censue.

2017 2165 2152 2220 tudo
2183 2173 2289 2230 est,
2327 2169 2442 2222 sive
2489 2167 2544 2221 in
2591 2168 2870 2224 exercitiis
2899 2184 3190 2239 corporum
3225 2184 3289 2224 ac
3332 2172 3591 2226 certami-

2014 2258 2198 2322 nibus,
2225 2266 2282 2312 ut
2309 2258 2525 2314 athletae
2552 2258 2724 2316 fortes
2759 2267 2924 2330 atque
2953 2261 3166 2316 robusti
3207 2261 3590 2318 adolescentu-

2014 2349 2190 2404 lorum
2236 2359 2290 2404 et
2334 2350 2628 2405 admodum
2668 2350 2952 2420 juvenum,
2977 2351 3179 2422 quibus
3221 2352 3400 2408 adhuc
3439 2353 3588 2407 nulla

2014 2440 2194 2494 barbae
2221 2440 2476 2510 lanugine
2501 2456 2653 2511 gena:
2684 2449 3070 2512 conteguntur,
3094 2443 3588 2497 acclamationibus

2012 2530 2323 2585 excitentur
2350 2538 2404 2585 et
2437 2540 2738 2600 uagantur,
2783 2545 2894 2600 quo
2937 2532 3126 2599 vigore
3168 2532 3403 2600 quodam
3439 2531 3586 2586 aucti

2015 2619 2210 2675 fortius
2242 2621 2296 2674 in
2327 2621 2672 2676 adversarios
2705 2622 2948 2676 tendant.
2989 2620 3106 2675 Non
3137 2621 3283 2691 quod
3324 2624 3490 2678 robur
3532 2633 3586 2678 et

2014 2709 2275 2764 fortitudo
2323 2712 2392 2766 ab
2429 2710 2883 2766 imbecillioribus
2917 2712 3296 2780 suppeditetur
3327 2711 3584 2780 fortibus,

2011 2803 2106 2858 sed
2147 2803 2292 2873 quod
2331 2813 2481 2858 certa
2537 2805 2653 2874 lege
2694 2811 2746 2858 et
2791 2803 2984 2858 ordine
3031 2804 3421 2858 consueverint
3469 2804 3585 2863 lucc

2009 2894 2335 2965 prmccdere.
2369 2894 2601 2950 Dominii
2635 2895 2854 2964 quidem
2891 2903 3040 2950 certe
3068 2896 3154 2949 lex
3185 2905 3292 2960 εει,
3337 2903 3394 2948 ιιι
3425 2911 3455 2949 a
3499 2894 3584 2948 fa-

2009 2986 2172 3041 mulis
2202 2986 2319 3041 heri
2361 2994 2636 3056 ungantur
2667 2993 2832 3056 atque
2884 2985 3172 3050 colantur;
3224 2986 3362 3056 legis
3403 2993 3581 3041 autem

2009 3077 2290 3146 plenitudo
2333 3085 2418 3132 est
2447 3076 2725 3140 Christus,
2771 3074 2864 3145 qui
2896 3077 3138 3129 omnium
3177 3075 3230 3130 in
3267 3077 3580 3131 universum

2007 3167 2269 3222 Dominus
2299 3177 2414 3233 est;
2451 3166 2660 3236 angelis
2693 3180 2822 3221 vero
2847 3167 3126 3236 proposita
3155 3166 3238 3221 lex
3269 3176 3372 3230 est,
3407 3175 3464 3219 ut
3490 3180 3582 3221 sa-

2006 3260 2241 3329 pientem
2279 3259 2435 3312 illum
2473 3257 2814 3313 conditorem
2841 3267 2895 3314 et
2922 3259 3116 3313 herum
3145 3273 3304 3312 suum
3337 3257 3584 3313 studiose

2005 3353 2190 3406 colant
2239 3361 2402 3420 atque
2431 3351 2800 3416 demulccant,
2844 3359 2900 3404 et
2937 3351 3008 3404 ab
3045 3364 3110 3404 eo
3152 3350 3432 3419 iuventur,
3471 3365 3583 3404 non

2004 3457 2126 3497 eum
2157 3442 2258 3512 ipsi
2286 3442 2498 3511 juvent.
2535 3439 2670 3494 Nam
2706 3441 2754 3496 si
2787 3441 3008 3495 illorum
3045 3440 3245 3495 robore
3291 3439 3582 3510 indigeret,

2005 3534 2176 3586 multo
2227 3532 2402 3601 magis
2445 3532 2498 3585 in
2535 3532 2776 3596 deserto,
2824 3531 2954 3585 dum
3010 3531 3371 3601 quadraginta
3400 3531 3518 3586 dies
3550 3547 3582 3585 a

2003 3620 2225 3674 diabolo
2253 3629 2577 3683 tentaretur,
2619 3619 2966 3690 indiguisset.
2997 3617 3198 3674 Verum
3230 3620 3282 3674 id
3315 3619 3490 3674 sacris
3525 3619 3582 3675 in

2003 3711 2225 3767 Litteris
2258 3726 2529 3780 nusquam
2561 3710 2816 3766 traditur.
2855 3712 3039 3781 Angeli
3071 3711 3217 3766 enim
3255 3709 3577 3773 accedentes,

2003 3820 2114 3859 non
2155 3803 2580 3869 auxiliabantur,
2615 3805 2709 3857 sed
2746 3802 3120 3857 ministrabant
3164 3804 3211 3856 ei
3244 3803 3311 3858 ".
3343 3801 3401 3856 ιιι
3434 3799 3579 3871 quod

2003 3894 2281 3949 evidenter
2312 3893 2460 3948 illius
2514 3892 2734 3962 quidem
2781 3893 3118 3959 dominium,
3161 3891 3352 3947 borum
3397 3898 3577 3944 autem

2003 3985 2396 4052 subiectionem
2438 3981 2797 4038 demonstrat.
2854 3981 3166 4038 Secundum
3209 3982 3352 4037 hanc
3413 3980 3580 4052 igitur

2002 4074 2272 4129 rationem
2315 4074 2616 4144 expositam
2669 4073 3048 4144 intelligantur
3089 4073 3193 4129 ista
3247 4073 3315 4128 de
3363 4072 3574 4143 angelo.

2005 4165 2192 4238 Neque
2229 4166 2374 4221 enim
2403 4165 2579 4220 sancti
2611 4165 2690 4219 illi
2725 4164 3020 4219 Cberubim
3060 4163 3340 4233 quidpiam
3371 4161 3576 4217 sancti-

2007 4258 2136 4313 tatis
2163 4257 2425 4312 addentes
2455 4257 2509 4310 in
2550 4257 2692 4311 caelo
2722 4264 2924 4312 sanctte
2952 4255 3228 4320 Trinitati,
3260 4255 3379 4308 sine
3409 4254 3577 4308 inter-

2005 4349 2293 4412 missione,
2322 4347 2572 4412 Sanctus,
2598 4359 2834 4412 sanctus,
2869 4357 3107 4411 sanctus,
3145 4346 3454 4402 exclamant
3488 4347 3572 4399 ηε

2005 4453 2185 4507 neque
2213 4437 2400 4492 itidem
2428 4437 2555 4490 dum
2591 4451 2694 4491 nos
2725 4438 2778 4491 in
2813 4438 3011 4508 hymno
3049 4437 3395 4492 sanctissimo
3425 4433 3574 4491 cani-

2006 4546 2150 4594 mus,
2179 4514 2404 4584 Sanctus
2435 4528 2597 4592 Deus,
2621 4537 2834 4584 sanctus
2861 4529 3036 4598 fortis,
3058 4537 3269 4582 sanctus
3297 4528 3575 4580 immorta-

2007 4622 2095 4684 lis,
2128 4621 2214 4675 vel
2247 4620 2590 4676 sanctitatem
2632 4622 2891 4691 aliquam,
2927 4623 3004 4676 vel
3054 4619 3450 4685 fortitudinem,
3488 4617 3573 4673 vel

2007 4711 2471 4767 immortalitatem
2500 4711 2759 4766 divinitas
2789 4711 3004 4782 recipit.

2430 4835 2946 4893 lNTERROGATlO
2985 4836 3152 4891 XXX.

2075 4948 2222 5005 Satis
2253 4949 2320 5004 de
2355 4949 2424 5004 iis
2469 4964 2589 5019 qua:
2635 4963 2665 5002 a
2701 4950 2859 5005 nobis
2896 4950 3166 5020 explicare
3203 4948 3392 5019 jussus
3425 4963 3570 5014 eras,

2001 5038 2179 5093 edocti
2212 5054 2402 5094 sumus
2431 5058 2444 5093 :
2475 5040 2618 5109 quod
2651 5040 2918 5111 reliquum
2943 5048 3050 5108 est,
3075 5056 3328 5112 rogamus
3353 5049 3411 5094 ut
3436 5041 3572 5096 insi-

2005 5129 2268 5196 pientium
2291 5131 2654 5199 quorumdam
2699 5147 2861 5187 voces
2914 5133 3323 5188 subvertantur.
3375 5117 3572 5186 Dicunt

2002 5218 2145 5272 cnim
2194 5218 2536 5276 Serratorem
2587 5223 2842 5293 ignorare
2898 5223 3088 5278 Lazari
3133 5225 3466 5294 sepulcrum,
3516 5229 3570 5275 et

2009 5309 2292 5364 mulierem
2323 5312 2588 5380 profluvio
2635 5315 2919 5386 sanguinis
2945 5318 3256 5379 obnoxiam,
3284 5327 3408 5367 cum
3450 5310 3568 5363 fim-

2389 5473 2430 5504 ”
2466 5472 2634 5543 Apoc.
2677 5492 2775 5540 xu,
2822 5477 2908 5531 10.
3044 5476 3085 5507 ¹⁵
3119 5471 3303 5526 Matth.
3341 5485 3415 5535 tv,
3474 5468 3562 5526 Η.

2000 5676 2366 5793 ριέξοιοοὲιιο
2398 5667 2660 5726 delcndus
2685 5668 2948 5725 articulus
2980 5669 3118 5734 τούς,
3148 5678 3272 5728 ante
3300 5673 3409 5728 ὑπὸ
3438 5691 3556 5749 μει-

2000 5755 2212 5793 οοικ.ων.
2271 5754 2406 5793 ⁴ιιιτ.

1992 5754 2212 5809 ροικιων.
2254 5754 2406 5794 nDt'r.
3581 5770 3583 5777 τ
