4030 6232
461 287 556 343 891

459 403 638 457 briam
663 409 928 475 tangeret,
959 419 1071 461 non
1101 404 1375 473 sensisse;
1410 416 1674 478 praeterea
1695 410 1841 482 quod
1870 427 2046 482 neque

459 493 737 565 perfectus
776 494 941 551 fuerit
986 496 1127 553 Deus
1163 516 1177 551 :
1212 498 1537 568 Proﬁciebat
1595 502 1765 568 enim,
1820 513 1871 557 et
1923 521 2049 559 eon-

463 585 781 652 ﬁrmabatur
830 588 1117 657 sapientia,
1160 600 1211 645 et
1260 601 1438 659 a'late,
1467 606 1516 648 et
1550 596 1747 664 gratia,
1783 604 1843 650 ut
1872 597 2049 669 inquit

467 671 817 745 Evangelium
845 678 908 732 ¹⁷.

1107 770 1418 842 Responsio.

535 854 716 912 Nolite
745 859 1091 918 committere
1125 872 1184 918 ut
1224 880 1347 934 qua:
1380 866 1591 923 ratione
1621 867 2055 926 administratio.

468 947 555 1002 nis
584 948 637 1003 in
668 964 837 1005 carne
867 951 937 1006 ab
978 954 1098 1022 ipso
1125 955 1273 1010 dicta
1306 966 1460 1021 sunt,
1507 958 1663 1013 vobis
1704 961 2052 1017 occasionem

469 1038 1108 1111 blasphemiaaprmbeaut
1129 1062 1142 1098 :
1164 1060 1381 1117 nempe,
1396 1046 1502 1101 Ubi
1517 1049 1772 1117 posuistis
1790 1050 1959 1119 ipsum
1979 1050 2056 1120 “y

1563 289 1621 345 Β.
1665 290 1964 348 (ΖᾸΞᾹΒῘΙ
2004 290 2335 351 οπεοοηιι
2377 295 2676 355 FRATRIS

3645 302 3758 361 892

2156 416 2359 481 τέλειος
2391 413 2460 489 ἦν
2510 418 2676 483 Θεὸς·
2712 415 3045 485 προέκοπτε
3090 418 3197 491 γὰρ
3246 424 3343 479 καὶ
3368 421 3762 493 ἐκραταιοῦτο

2153 505 2361 573 σοφίᾳ,
2382 503 2477 557 καὶ
2510 505 2718 575 ἡλικίᾳ
2738 508 3066 581 καὶχάριτι,
3123 512 3197 578 ὡς
3230 512 3376 583 λέγει
3417 514 3479 568 τὸ
3507 516 3758 584 Εὐαγγέ-

2149 596 2283 651 λιον.

2764 776 3129 847 Ἀπόκρισις.

2244 866 2406 921 Ἀλλά
2460 866 2537 938 μὴ
2576 866 2647 921 τὰ
2694 869 3050 941 οἰκονομικῶς
3090 871 3219 945 παρ’
3247 873 3412 927 αὐτοῦ
3462 876 3756 947 εἰρημένα,

2162 957 2439 1027 πρόφασις
2482 957 2829 1028 βλασφημίας
2867 960 2996 1030 ὑμῖν
3025 960 3273 1032 γένηται,
3300 964 3378 1025 τὸ,
3410 963 3536 1017 Ποῦ
3564 969 3753 1019 reﬂat-

2157 1064 2301 1103 κατε
2334 1050 2553 1113 αὐτόν;
2588 1050 2645 1120 ἢ,
2688 1050 2785 1115 Τίς
2803 1066 2923 1118 μου
2974 1051 3211 1120 imam;
3239 1053 3294 1124 ἢ.
3323 1055 3463 1108 Τίνα
3497 1054 3754 1121 (meite;

467 1130 733 1197 aut,Quis
768 1150 848 1187 me
878 1135 1046 1205 tetigit
1075 1136 1157 1191 "i
1188 1146 1304 1203 aut,
1340 1138 1505 1205 Quem
1538 1142 1779 1210 qua-ritis
1809 1144 1897 1197 ὀἳ
1940 1154 2054 1210 aut,

2163 1138 2216 1209 ἢ,
2248 1139 2384 1193 Τίνα
2409 1154 2486 1208 με
2513 1138 2845 1209 .lérovmr;
2905 1140 2961 1212 ἢ,
2985 1144 3069 1200 δτι
3116 1143 3184 1196 Τὸ
3229 1143 3469 1199 παιδίον
3508 1147 3751 1214 ηὔξετο,

464 1227 633 1289 Quem
661 1241 740 1279 me
759 1226 982 1283 dicunt?
1005 1238 1118 1293 aut,
1146 1230 1298 1300 quod
1348 1229 1489 1286 Puer
1515 1235 1700 1299 crevit,
1733 1245 1781 1289 et
1812 1236 2059 1291 corrobo-

468 1325 618 1371 ratus
635 1326 788 1381 est,et
807 1320 1117 1388 proﬁciebat
1140 1323 1403 1392 sapientia
1420 1334 1468 1378 et
1485 1335 1640 1379 wtate
1662 1328 1730 1383 ¹¹.
1751 1326 1895 1382 Nihil
1913 1329 2057 1385 enim

470 1406 666 1461 horum
708 1408 1071 1480 ignorationis
1097 1412 1578 1486 crimenimpingit
1611 1417 1684 1482 ei,
1708 1419 1802 1488 qui
1839 1431 2060 1491 propter

468 1511 570 1550 nos
613 1496 812 1553 similis
851 1501 1025 1555 nostri
1074 1501 1254 1559 iactus
1289 1512 1375 1560 est
1420 1504 1567 1562 Deus
1602 1505 1858 1564 Verbum.
1893 1510 2061 1565 Pater

466 1588 612 1641 enim
636 1606 804 1655 meus,
834 1591 1035 1660 inquit,
1062 1610 1222 1663 usque
1247 1595 1316 1647 ad
1347 1595 1442 1649 hoc
1476 1606 1678 1666 tempus
1711 1609 1989 1669 operatur,
2009 1610 2059 1655 et

466 1696 564 1749 ego
592 1700 779 1751 operor
800 1688 868 1739 υ.
892 1683 1011 1740 Non
1034 1689 1177 1757 quod
1204 1687 1420 1743 deﬁciat
1438 1690 1738 1761 quidquam
1764 1692 1820 1746 in
1835 1694 2058 1749 condito

464 1789 498 1825 a
526 1774 685 1831 nobis
714 1776 1092 1834 universitatis
1115 1780 1280 1849 hujus
1298 1782 1539 1851 opiﬁcio,
1558 1784 1718 1854 quasi
1737 1784 2056 1855 imperfecta

473 1866 585 1919 sint
610 1874 792 1920 creata
810 1869 913 1924 sub
931 1880 1211 1940 aspectum
1230 1872 1607 1941 cadentia,sed
1619 1890 2056 1945 operamur,eam

472 1970 595 2023 quae
616 1970 990 2013 consentanea
1022 1962 1210 2017 virtuti
1228 1971 1311 2018 est
1333 1964 1497 2018 vitam
1524 1964 1838 2021 [nominibus
1861 1982 2057 2038 sugge-

471 2054 657 2102 rentes
687 2063 810 2103 cum
834 2049 945 2106 Deo
992 2050 1152 2108 Patue
1183 2056 1579 2125 nostro,idque
1610 2071 1707 2125 per
1722 2072 1840 2122 eos,
1860 2058 1953 2127 qui
1988 2057 2059 2113 ab

469 2136 591 2205 ipso
612 2137 725 2206 jam
753 2154 821 2194 ex
855 2141 1169 2199 conditione
1200 2144 1476 2202 deteriore
1509 2147 1819 2203 conﬁrmati
1852 2160 1979 2205 sunt
2003 2150 2057 2203 in

470 2229 775 2285 meliorem.
809 2230 973 2287 Pater
999 2233 1145 2289 idem
1191 2236 1565 2307 interrogabat
1594 2240 1831 2311 primum
1860 2256 2059 2312 paren-

466 2329 579 2375 tem
627 2333 874 2377 nostrum
909 2324 1204 2392 Adamum,
1236 2340 1525 2399 postquam
1563 2331 1910 2402 deliquisset,
1960 2332 2060 2387 Ubi

466 2430 522 2468 es
557 2414 643 2469 "i
667 2414 787 2470 Non
821 2417 1082 2488 ignorans
1125 2420 1305 2488 ipsum
1335 2421 1577 2479 latebras
1606 2432 1866 2477 conatum
1910 2441 2060 2496 quae.

462 2521 611 2571 rere,
640 2508 725 2564 vel
755 2510 904 2577 quod
935 2519 1213 2580 oporteret
1247 2522 1462 2569 terrore
1491 2516 1713 2585 percelli
1749 2523 2035 2587 transgrcs

468 2615 673 2667 sorem,
717 2602 811 2657 sed
853 2605 1013 2674 quasi
1059 2604 1246 2662 ridens
1274 2621 1339 2661 ac
1384 2608 1739 2664 subsannans
1759 2609 2060 2666 clandesti-

468 2708 595 2747 nam
648 2694 823 2764 ipsius
875 2697 1341 2766 subductionem,
1403 2709 1459 2755 et
1503 2702 1782 2757 temerarii
1844 2703 2058 2758 consilii

470 2786 847 2854 stoliditatem,
892 2790 1036 2860 quod
1090 2807 1213 2848 mox
1256 2802 1386 2863 post
1428 2792 1646 2849 fructus
1700 2794 1853 2849 vetiti
1893 2795 2060 2865 degu-

470 2880 766 2937 stationem
818 2884 1100 2939 occultare
1158 2901 1218 2940 se
1282 2886 1462 2940 vellet.
1526 2887 1713 2956 Itaque
1769 2887 2059 2956 compellat

470 2973 648 3043 ipsum
694 2974 774 3037 is,
818 2991 983 3044 quem
1028 2977 1164 3030 nihil
1214 2978 1385 3033 latere
1433 2986 1651 3046 potest:
1709 2972 1808 3031 Ubi
1856 2994 1943 3038 es.
2000 2985 2055 3031 tu

462 3065 562 3133 qui
621 3066 823 3135 putasti
871 3065 1154 3132 futurum,
1201 3074 1277 3120 ut‘
1307 3068 1540 3121 consilio
1593 3068 1866 3137 serpentis
1915 3066 2057 3123 deus

466 3152 754 3213 evaderes,
791 3152 1009 3206 ubinam
1039 3154 1138 3207 es?
1172 3151 1272 3206 Ubi
1302 3170 1378 3216 es.
1415 3154 1509 3223 qui
1545 3154 1860 3209 incredulus
1904 3154 2054 3209 fuisti

470 3239 603 3305 Deo,
651 3250 704 3295 et
743 3240 1026 3297 credidisti
1073 3242 1343 3297 inimico?
1382 3242 1461 3299 Ne
1505 3252 1560 3299 te
1595 3245 1920 3310 abscondas,
1969 3246 2056 3302 in-

469 3333 631 3404 quit:
676 3349 784 3388 non
826 3334 974 3389 enim
1025 3334 1265 3405 ignorat,
1318 3344 1371 3391 te
1418 3336 1779 3392 immortalem
1832 3345 1885 3393 et
1931 3338 2059 3393 bea-

470 3437 583 3481 tam
622 3426 785 3481 vitam
821 3427 1069 3484 exuisse.
1122 3428 1389 3483 Similiter
1438 3428 1604 3499 igitur
1642 3437 1696 3485 et
1730 3430 1923 3496 Filius,
1966 3431 2057 3486 ubi

470 3520 695 3575 clausus
732 3519 942 3590 jaceret
989 3518 1257 3585 Lazarus,
1307 3537 1416 3576 non
1468 3522 1778 3593 ignorabat.
1818 3522 1952 3577 Nam
1994 3539 2061 3579 ea

468 3608 540 3663 de
593 3624 760 3665 causa
811 3609 925 3678 jam
986 3617 1161 3664 totum
1220 3617 1349 3665 ante
1414 3610 1683 3676 biduum,
1737 3613 2057 3683 priusquam

463 3698 527 3751 in
574 3696 767 3751 Lazari
822 3698 1057 3768 patriam
1112 3698 1433 3753 Betbaniam
1488 3700 1831 3769 perveniret,
1883 3701 2059 3755 Laza-

468 3806 606 3857 rus,
671 3789 875 3859 inquit
922 3790 991 3845 ad
1053 3790 1287 3845 comites
1355 3790 1617 3857 itineris,
1689 3794 1894 3847 amicus
1966 3809 2061 3846 no-

471 3893 582 3937 ster
634 3883 851 3951 dormit,
900 3892 949 3937 et
1003 3883 1137 3937 vado
1187 3890 1243 3935 ut
1274 3884 1493 3937 excitem
1535 3901 1654 3938 eum
1683 3886 1754 3951 “,
1803 3885 1901 3955 qui
1933 3892 2061 3940 ante

474 3980 620 4029 totos
674 3983 913 4045 quatuor
954 3973 1074 4031 dies
1122 3982 1374 4033 mortuus
1427 3974 1573 4030 fetet.
1636 3973 1922 4041 Quomodo
1969 3974 2062 4045 igi-

472 4073 564 4121 tur
612 4064 659 4120 is
708 4066 802 4136 qui
856 4073 983 4122 ante
1020 4081 1306 4122 accessum
1352 4067 1598 4121 locorum
1635 4081 1698 4121 ea
1744 4082 1865 4137 quae
1907 4066 1962 4120 in
1990 4066 2059 4122 iis

474 4156 615 4214 locis
667 4157 982 4213 acciderant
1026 4151 1208 4223 norat,
1247 4166 1539 4229 postquam
1580 4173 1812 4228 corpore
1857 4159 1924 4212 ad
1967 4158 2059 4212 illa

472 4250 744 4320 pervenit,
778 4251 1059 4321 ignorabat
1090 4267 1212 4321 qua:
1245 4260 1623 4321 praecognorat
1650 4250 1825 4320 ipsius
1855 4250 2059 4305 divini-

470 4351 585 4405 tas,
632 4342 935 4397 secundum
970 4357 1133 4413 quam
1169 4342 1429 4413 implebat
1470 4341 1757 4397 universa?
1788 4340 2059 4396 Nimirum

470 4444 631 4491 certo
674 4434 910 4505 quodam
946 4434 1178 4488 consilio
1207 4434 1510 4505 qumrebat,
1556 4442 1615 4489 ut
1654 4449 1718 4489 ea
1768 4435 2060 4490 occasione

472 4530 657 4600 ipsum
698 4529 1144 4585 demonstrarent
1176 4526 1347 4583 Judaei
1380 4529 1446 4583 ad
1489 4530 1802 4598 sepulcrum
1832 4545 2063 4601 congre-

478 4621 612 4692 gati,
648 4621 923 4692 iidemque
953 4629 1122 4676 testes
1156 4622 1345 4676 tierent
1366 4621 1788 4681 resurrectionis
1817 4621 1936 4690 ejus
1966 4622 2059 4691 qui

472 4714 661 4770 fuerat
718 4723 969 4770 mortuus
1000 4734 1013 4769 :
1043 4730 1152 4785 quo
1200 4722 1362 4786 pacto
1407 4713 1576 4776 illius,
1628 4712 1788 4783 cujus
1831 4714 2055 4770 sudario

471 4816 644 4876 caput
692 4815 812 4863 erat
855 4806 1177 4878 obligatum,
1222 4806 1392 4863 iacies
1436 4805 1639 4861 amictu
1680 4804 1831 4861 lintei
1884 4815 2049 4872 tecta,

479 4898 646 4966 pedes
694 4898 930 4955 vinculis
982 4899 1384 4970 sepulcralibus
1434 4897 1750 4962 constricti,
1798 4898 1911 4968 jam
1964 4914 2063 4969 per

470 4987 773 5042 calvariam
818 4992 1117 5058 cernentis,
1148 5006 1244 5047 ore
1289 4988 1515 5045 diducto
1559 4990 1825 5060 corrupti,
1874 4990 2060 5063 lingua

471 5080 768 5149 oculisque
796 5082 1089 5142 dililueutis
1113 5105 1125 5139 :
1162 5099 1271 5155 quo
1302 5084 1470 5155 igitur
1498 5091 1656 5153 pacto
1688 5081 1852 5152 hujus
1880 5081 2063 5136 anima

478 5188 582 5245 per
610 5187 801 5228 vocem
836 5177 1050 5244 Opiﬁcis
1079 5179 1297 5234 eminus
1336 5185 1569 5232 attracta
1596 5176 1652 5229 in
1696 5191 1895 5246 corpus
1928 5172 2062 5228 illud

473 5264 627 5337 quod
683 5264 1001 5335 reliquerat,
1059 5282 1253 5323 rursus
1303 5267 1717 5339 immigrasset?
1771 5265 2057 5333 Quomodo

2159 1230 2257 1284 καὶ
2287 1230 2696 1297 ἐκραταιοῦτο,
2732 1232 2831 1285 καὶ
2870 1232 3200 1300 προέκοπτε
3235 1237 3421 1305 σοφίᾳ
3472 1238 3569 1290 καὶ
3618 1239 3752 1306 ἠλι-

2162 1322 2284 1389 κίᾳ.
2320 1322 2489 1375 Οὐδὲν
2530 1321 2639 1394 γάρ
2686 1323 2890 1377 τούτων
2940 1324 3162 1393 ἀγνοίας
3198 1332 3519 1399 κατηγορεῖ,
3554 1331 3637 1401 τῷ
3680 1333 3750 1385 δι’

2162 1414 2307 1483 ἡμᾶς
2344 1411 2465 1466 καθ’
2504 1413 2651 1483 ἡμᾶς
2680 1415 2958 1485 γενομένῳ
2998 1417 3157 1487 Λόγῳ
3186 1417 3305 1488 Θεῷ
3326 1434 3337 1446 ⁸
3372 1422 3435 1471 ἐκ
3464 1420 3669 1473 τούτων
3692 1422 3751 1475 δὲ

2166 1503 2366 1576 μᾶλλον
2393 1498 2511 1556 ἴσον
2538 1503 2615 1575 τῷ
2646 1505 2822 1577 Ιιατρὶ
2870 1506 3237 1581 δεικνυμένῳ·
3284 1510 3346 1564 ’0
3393 1512 3596 1582 Πατὴρ
3640 1515 3749 1587 γάρ

2159 1612 2300 1665 μου,
2336 1595 2523 1665 φησὶν.
2570 1595 2682 1662 ἕως
2712 1596 2843 1665 ἄρτι
2877 1597 3196 1668 ἐργάζεται,
3242 1600 3743 1673 κάτὼέργὰζομαι·

2152 1688 2263 1741 οὐκ
2288 1686 2631 1752 ἐκλείποντος
2660 1705 2805 1752 τινος
2851 1692 2916 1761 τῇ
2948 1691 3079 1762 παρ’
3106 1690 3263 1762 ἡμῶν
3298 1689 3394 1743 τοῦ
3426 1692 3623 1756 παντὸς
3650 1694 3749 1764 δηο

2161 1778 2441 1849 μιουργίᾳ,
2473 1777 2700 1843 ἀτελοῦς
2734 1780 2832 1849 τῆς
2864 1781 3097 1845 κτίσεως
3144 1780 3460 1852 ὁρωμένηςο
3507 1781 3624 1833 ἀλλ’
3659 1784 3752 1853 ἑρ-

2158 1868 2439 1939 γαζόμεθα
2463 1868 2555 1922 τὸν
2586 1871 2705 1923 κατ’
2728 1870 2927 1941 ἀρετὴν
2967 1870 3101 1940 βίον,
3133 1870 3345 1942 βροτοῖς
3369 1871 3752 1943 ὑποτιθέμενοι

2158 1960 2249 2014 τὸν
2283 1959 2377 2027 ξὺν
2407 1960 2527 2031 Θεῷ
2567 1960 2724 2031 ἡμῶν
2770 1962 2965 2033 Πατρὶ,
2998 1961 3087 2015 διὰ
3122 1962 3231 2016 τῶν
3274 1964 3367 2016 ὑπ’
3397 1964 3603 2017 ἐκείνου
3650 1965 3753 2036 ἥδη

2158 2054 2225 2107 ἐκ
2266 2052 2361 2106 τοῦ
2405 2053 2646 2124 χείρονος
2698 2053 2793 2107 ἐπὶ
2833 2054 2893 2106 τὸ
2939 2057 3184 2126 κρεῖττον
3228 2057 3750 2128 μεταρρωσθέντων.

2171 2146 2231 2198 '0
2280 2144 2473 2216 Πατὴρ
2514 2145 2748 2199 ἐπύθετο
2800 2146 3148 2218 προπάτορος
3197 2148 3353 2219 ἡμῶν
3403 2149 3755 2221 παραϐάντος
3784 2214 3797 2223 γ,

2174 2233 2363 2305 Ἀδὰμ,
2397 2234 2521 2289 Ποῦ
2560 2231 2655 2301 ei;
2694 2236 2794 2288 ούκ
2848 2236 3059 2306 ἀγνοῶν
3101 2237 3385 2293 λανθάνειν
3431 2240 3753 2312 πειρᾶσθαι,

2161 2328 2255 2380 καὶ
2280 2326 2343 2379 τὸ
2382 2326 2491 2380 δεῖν
2526 2327 2913 2398 κραδαίνεσθαι
2951 2329 3043 2383 τὸν
3078 2330 3419 2401 παραϐάτην,
3466 2330 3578 2384 ἀλλ’
3618 2333 3757 2387 ὡσεὶ

2159 2418 2334 2487 γελῶν
2362 2420 2455 2471 καὶ¹
2492 2418 2774 2488 χλευάζων
2813 2421 2982 2475 αὑτοῦ
3021 2421 3121 2494 τὴν
3150 2422 3452 2493 ὑπαγωγὴν
3497 2425 3591 2477 καὶ
3621 2424 3755 2495 eiii;-

2162 2509 2313 2563 θειαν
2340 2509 2438 2579 τῆς
2481 2509 2760 2575 ἀϐουλίας,
2795 2506 2953 2575 αὖθις
2994 2514 3062 2582 τῇ
3097 2512 3381 2582 ἀγορεύσει
3409 2510 3505 2565 τοῦ
3534 2513 3756 2584 ἀπηγο-

2166 2600 2427 2674 ρευμένου
2458 2601 2797 2673 κρύπτεσθαι
2832 2602 3196 2673 πειρωμένου.
3232 2604 3378 2673 Πρὸς
3425 2604 3485 2659 ὃν
3525 2622 3694 2675 φησιν
3724 2607 3758 2659 ὁ

2161 2694 2411 2763 ἀληστος,
2466 2693 2592 2747 Ποῦ
2635 2690 2711 2757 εἶ,
2762 2695 2793 2747 ὁ
2840 2693 3014 2747 δοκῶν
3066 2693 3443 2759 ὲκθειάζεσθαι
3491 2698 3559 2765 τῇ
3608 2713 3755 2767 συμ-

2162 2785 2353 2856 ϐουλία
2403 2784 2496 2838 τοῦ
2543 2785 2869 2857 δράκοντοςς
2917 2787 3039 2841 Ποῦ
3080 2783 3163 2855 εἴ,
3204 2788 3232 2841 ὁ
3279 2787 3586 2859 ἀπειθήσας
3631 2786 3756 2859 Θεῷ

2164 2877 2257 2931 καὶ
2292 2876 2587 2941 πιστεύσας
2639 2878 2850 2949 ὲχθρῴ;
2882 2879 2973 2949 Μὴ
3032 2880 3295 2952 κρύπτου,
3330 2881 3513 2950 φησὶν,
3543 2880 3604 2932 ού
3641 2878 3756 2950 γάρ

2158 2969 2299 3039 λήσῃ
2329 2969 2428 3037 τὴν
2456 2970 2734 3041 ἀκήρατον
2759 2972 2852 3023 καὶ
2885 2971 3161 3043 μακαρίαν
3184 2972 3330 3043 ζωὴν
3360 2972 3747 3043 ἐκδυσάμενος.

2172 3060 2402 3131 Ὁμοίως
2463 3057 2557 3115 οὗν
2615 3062 2644 3113 ὁ
2706 3063 2865 3127 Υἱὸς,
2952 3064 3056 3117 ποῦ
3138 3064 3429 3137 καθεῖρκτο
3497 3064 3755 3135 Λάζαρος

2158 3154 2259 3208 οὐκ
2304 3153 2541 3223 ἀγνοῶν·
2600 3155 2703 3227 πρὸ
2751 3155 2845 3209 δύο
2874 3155 2982 3229 γὰρ
3032 3156 3257 3228 ἡμερῶν
3307 3143 3399 3210 τοῦ
3444 3155 3646 3224 φθάσαι
3693 3157 3759 3209 ὲν

2161 3246 2399 3317 Βηθανίᾳ
2448 3250 2513 3317 τῇ
2566 3247 2907 3319 ὲνεγκαμὲνῃ
2960 3247 3229 3319 Λάζαρον,
3277 3248 3405 3318 φησὶ
3460 3248 3572 3310 τοῖς
3617 3248 3764 3301 ἑπο-

2164 3336 2365 3407 μένοις,
2423 3336 2686 3405 Λάζαρος
2742 3341 2776 3392 δ
2820 3339 3002 3407 φίλος
3036 3338 3203 3409 ἡμῶν
3236 3338 3595 3408 κεκοίμηται,
3643 3340 3762 3393 καὶ

2161 3430 2483 3499 πορεύομαι
2558 3430 2906 3499 ὲξυπνῆσαι
2974 3431 3190 3497 αὐτὸν,
3242 3432 3342 3503 ήδη
3406 3433 3760 3504 τετρήμερον

2159 3522 2413 3588 ὀδωδότα,
2436 3522 2626 3595 νεκρὸν
2654 3523 2988 3595 ὑπάρχοντα.
3023 3525 3148 3587 Πῶς
3178 3519 3271 3578 οὖν
3302 3525 3407 3598 πρὸ
3430 3524 3540 3577 τῶν
3567 3525 3759 3579 τόπων

2161 3612 2231 3665 τὰ
2289 3614 2349 3666 ἐν
2417 3614 2604 3684 τόποις
2666 3612 3033 3684 συμϐαίνοντα
3099 3613 3499 3685 ἐπιστάμενος,
3552 3613 3756 3678 ἐπιϐάς

2162 3705 2389 3769 ἐκείνοις
2424 3705 2658 3776 σώματι,
2707 3707 2952 3779 ἀγνοήσῃ
2999 3706 3035 3760 ἃ
3080 3707 3334 3779 προέγνω
3379 3706 3592 3777 θεότητι
3627 3706 3756 3759 καθ’

2161 3797 2227 3868 ἢν
2251 3797 2455 3869 ὲπιπλη
2466 3801 2548 3867 poi
2566 3798 2632 3851 τά
2654 3798 2982 3870 σύμπαντα;
3015 3798 3154 3852 ’Λλλ’
3179 3798 3539 3869 οἰκονομικῶς
3562 3798 3756 3869 ἤρετο,

2161 3888 2303 3942 ὥστε
2331 3890 2603 3961 προφάσει
2624 3889 2716 3943 τοῦ
2756 3890 3033 3956 ὑποδεῖξαι
3069 3890 3313 3945 Ἰουδαῖοι
3338 3890 3431 3943 ἐπὶ
3456 3889 3546 3943 τὸν
3577 3891 3760 3958 τάφον

2164 3979 2649 4050 συναγειρόμενοι,
2706 3979 2984 4051 μάρτυρες
3043 3979 3198 4034 αὐτοὶ
3243 3980 3343 4051 τῆς
3398 3978 3759 4042 ἀναστάσεως

2162 4071 2255 4125 τοῦ
2303 4072 2629 4143 τεθνηκότος
2678 4072 2978 4141 γένωνταιο
3016 4071 3136 4135 πῶς
3185 4071 3456 4143 σουδαρίῳ
3498 4071 3600 4142 μὲν
3654 4071 3761 4143 τὴν

2163 4162 2407 4234 κεφαλὴν
2437 4162 2738 4233 δεδεμένος,
2766 4164 2862 4217 καὶ
2892 4166 2958 4235 τῇ
2996 4161 3256 4234 περιϐολῇ
3286 4162 3386 4233 τῆς
3424 4162 3617 4232 ὀθόνης
3654 4162 3760 4227 τὰς

2162 4254 2314 4323 ὄψεις
2342 4255 2778 4326 κεκαλυμμένος,
2810 4253 3045 4326 κειρίαις
3073 4254 3173 4317 τὰς
3210 4255 3397 4325 βάσεις
3438 4253 3760 4324 πεπεδημὲφ

2163 4364 2271 4411 νος,
2299 4345 2397 4418 ἢδη
2429 4350 2499 4418 τῇ
2543 4347 2717 4418 κράνη
2754 4345 3043 4417 δεδορκὼς,
3073 4347 3167 4400 καὶ
3194 4345 3271 4417 τῷ
3322 4347 3549 4417 στόματι
3589 4362 3760 4416 σεση-

2166 4436 2243 4511 ρῷ
2269 4437 2346 4508 (9)
2378 4438 2698 4509 διεφθορὼς,
2726 4439 2823 4510 τὴν
2866 4437 3115 4506 γλῶτταν
3153 4438 3246 4491 καὶ
3288 4438 3389 4503 τάς
3413 4438 3563 4507 ὄψεις
3599 4438 3758 4509 διερο

2165 4529 2405 4601 ρευκώςο
2442 4530 2561 4594 πῶς
2598 4534 2663 4602 τῇ
2699 4533 2849 4603 φωνῇ
2883 4530 2976 4583 τοῦ
3007 4530 3354 4602 Δημιουργοῦ
3402 4530 3694 4602 πόρρωθεν
3720 4534 3758 4603 ἡ

2162 4622 2311 4695 ψυχὴ
2344 4622 2583 4689 ἕλκεται,
2613 4624 2709 4677 καὶ
2742 4622 2820 4693 τῷ
2852 4622 3233 4691 ἀπολειφθέντι
3262 4622 3458 4677 ὲνίεται
3496 4621 3757 4692 σώματι;

2164 4714 2282 4779 πῶς
2316 4714 2765 4785 συνειλημμένων
2795 4714 2904 4767 τῶν
2939 4713 3171 4783 βάσεων,
3201 4713 3384 4785 πηδῶν
3422 4713 3518 4766 τοῦ
3550 4714 3757 4782 τάφου,

2162 4805 2480 4878 ὲξεκρούετο
2534 4805 2815 4876 άλώϐητος
2863 4805 2958 4860 καὶ
2994 4805 3288 4877 ἀνελλιπὴς
3336 4805 3636 4877 ὁρώμενος,
3685 4809 3756 4876 τῇ

2161 4902 2311 4970 φωνῇ
2354 4898 2449 4952 τοῦ
2495 4898 2668 4967 Λόγου
2715 4898 3221 4969 ὲπιρῤωννύμενος,
3254 4900 3349 4953 καὶ
3385 4897 3565 4969 βοηθῷ
3614 4898 3757 4969 πρὸς

2160 4990 2261 5063 τὴν
2320 4990 2496 5057 ἔξοδον
2549 4988 2830 5062 χρώμενος
2858 4991 3007 5059 (l0);
3065 4992 3224 5043 Δοκεῖ
3280 4988 3339 5043 δέ
3396 5006 3487 5059 μοι
3532 4989 3629 5042 καὶ
3677 4989 3759 5060 τῷ

2163 5078 2381 5150 θανάτῳ
2413 5079 2807 5133 ὐπονύττεσθαι
2842 5079 2979 5149 πρὸς
3025 5079 3124 5149 τὴν
3153 5078 3443 5150 ὠκυτάτην
3499 5078 3757 5151 ἔγερσιν.

2167 5170 2365 5239 μήπως
2385 5173 2451 5240 τῇ
2484 5169 2735 5241 μελλήσει
2755 5169 3015 5240 δευτέρας
3043 5169 3341 5240 γενομένης
3365 5170 3428 5222 ὲκ
3449 5167 3546 5221 τοῦ
3572 5168 3755 5239 Λόγου

2164 5263 2370 5334 φωνῆς,
2391 5264 2597 5327 πάντας
2622 5264 2687 5318 ἀθ
2697 5264 2833 5334 ρόως
2858 5263 3104 5338 ἀπολύσῃ
3126 5264 3243 5317 ἐκεῖ
3264 5262 3553 5326 τελοῦντας
3572 5279 3587 5293 ⁶
3614 5263 3757 5333 ὅπερ

550 5406 595 5440 ⁸⁷
634 5410 763 5461 Luc.
802 5422 861 5463 ll.
900 5404 991 5469 40,
1025 5406 1112 5461 52.
1192 5406 1233 5437 "
1264 5405 1421 5462 Joan.
1460 5424 1537 5474 ιι,
1567 5408 1653 5462 δι.
1736 5409 1777 5439 "
1807 5405 1939 5462 Luc.
1976 5420 2057 5460 vui

2167 5402 2219 5457 ὅ.
2296 5402 2341 5433 ³⁸
2367 5401 2527 5457 Joan.
2566 5417 2721 5466 xvut,
2750 5402 2804 5456 4.
2882 5403 2925 5434 ²¹
2962 5400 3095 5456 Luc.
3130 5417 3189 5465 ιι,
3220 5401 3310 5464 40,
3342 5400 3430 5454 52.
3508 5401 3555 5431 υ
3581 5396 3752 5455 Joan.

482 5493 536 5545 ν,
568 5478 655 5534 47.
733 5479 777 5510 ⁸³
806 5477 942 5532 Gen.
975 5476 1121 5533 111.9
1195 5479 1242 5513 “
1270 5475 1426 5532 Joan.
1466 5495 1541 5542 xl,
1577 5479 1659 5532 tl.

556 5609 906 5694 lidius'eqnptb
964 5610 1400 5694 [iege-05mph}.
1442 5610 1601 5689 Εριτ.
1690 5678 1716 5689 _
1938 5675 1949 5694 ν

555 5680 665 5750 (10)
695 5679 823 5745 Πῶς
859 5679 1187 5750 σουδαρίῳ.
1206 5722 1223 5738 .
1250 5679 1414 5747 ’ζττῶς
1443 5680 1517 5747 τῇ
1543 5679 1716 5749 φωνῆ
1800 5718 1812 5730 ο
1840 5679 2062 5748 χρώμε-

484 5766 592 5816 νος
607 5764 624 5812 ;
649 5745 848 5819 Legcre
873 5745 1086 5807 mallem
1118 5753 1236 5807 sine
1261 5745 1710 5821 interrogatione.
1726 5745 2064 5805 Enumeran-

2170 5614 2261 5661 tur
2300 5606 2445 5662 enim
2465 5606 2677 5678 ,_modo
2709 5607 3067 5678 explicativo.
3101 5613 3530 5678 circumstantiae
3558 5620 3751 5678 resur-

2170 5678 2430 5749 rectionis
2458 5676 2692 5749 Lazari,
2744 5676 2977 5748 quarum
3026 5676 3243 5735 Judazos
3278 5677 3563 5749 μάρτυρας
3589 5676 3754 5743 γενέ-

2174 5747 2296 5803 σθαι
2325 5748 2494 5804 voluit
2525 5747 2798 5805 Christus.
2845 5750 2921 5805 lo.
