3984 6208
314 340 430 399 893

316 457 418 513 καὶ
451 451 590 527 μετὰ
630 451 690 520 ἐξ
735 448 947 523 ἡμέρας
989 448 1256 504 πέπονθεν
1293 450 1323 502 ό
1367 445 1615 511 δείλαιος,
1642 446 1737 502 τοῦ
1783 464 1897 516 φω-

315 544 540 608 νοῦντος
567 543 706 613 πρὸς
752 537 1086 607 παλινζωῖαν
1116 540 1241 603 τοὺς
1280 540 1529 609 νεκροὺς,
1556 538 1694 611 πρὸς
1733 537 1899 593 αὐτὸν

316 634 701 707 φοιτήσαντος,
725 629 870 685 κατὰ
887 627 985 701 τὴν
1011 627 1347 699 προφητείαν
1375 626 1514 694 Ἰὼϐ,
1539 627 1632 680 καὶ
1653 627 1896 691 Ἡσαΐου,

316 723 428 779 τῶν
476 721 796 786 θεσπεσίων,
835 719 944 792 πρὸ
975 718 1160 788 χιλίων
1205 718 1307 788 ήδη
1355 717 1564 788 χρόνων
1601 716 1907 789 διαρρήδην-

320 813 594 886 βοιὶιντων,
623 810 719 865 τοῦ
754 810 885 881 μέν·
922 802 1146 873 Ἦλθες
1180 806 1279 860 ἐπὶ
1313 804 1421 875 τῆς
1461 804 1798 873 θαλάσσης,
1826 806 1897 859 ἐν

317 906 371 961 δ’
431 907 673 976 ιχνεσιν
720 903 995 958 ἀϐύσσου
1045 897 1521 969 περιεπάτησας,
1555 897 1898 968 ἀνοίγονταί

318 1011 423 1055 σοι
445 997 608 1066 φόϐῳ
634 996 822 1048 πύλαι
845 978 1103 1048 θανάτου
1119 1008 1132 1022 ·
1165 988 1430 1057 πυλωροὶ
1460 987 1529 1042 δὲ
1552 988 1700 1056 ᾅδου
1736 987 1897 1042 ἰδόν-

318 1105 423 1153 τες
471 1100 547 1139 σε
595 1082 884 1151 ἔπτηξαν.
942 1078 1254 1150 Συμφώνως
1309 1078 1365 1132 δέ
1412 1077 1621 1141 τούτοις
1669 1079 1698 1132 ό
1754 1077 1896 1144 θεῖος

318 1177 509 1241 Δασιδ,
529 1176 559 1228 ό
596 1173 703 1228 τῶν
735 1172 894 1228 θείων
922 1170 1157 1244 μελῳδός
1174 1187 1189 1201 ·
1233 1171 1457 1241 ’ᾼσατε
1496 1168 1578 1235 τῷ
1602 1166 1744 1234 Θεῷ,
1782 1168 1892 1239 Lini.

318 1271 470 1324 ,ποτε
504 1264 861 1341 τῷέόνόματι
903 1262 1125 1317 αὐτοῦ’
1159 1257 1559 1327 ὁδοποιήσατε
1595 1260 1675 1326 τῷ
1701 1260 1895 1314 ἐπιδε-

320 1358 530 1427 σηκότι
557 1354 656 1410 ἐπὶ
693 1350 970 1422 δυσμῶν·
997 1353 1211 1421 Κύριος
1276 1349 1466 1422 ὄνομα
1502 1350 1710 1406 αὐτοῦ.
1746 1351 1895 1422 Ὀδοτ

321 1448 501 1504 ποιεῖν
524 1447 581 1502 δέ
619 1446 841 1510 ἑαυτοὺς
867 1442 946 1517 τῷ
973 1442 1165 1515 Κυρίῳ
1205 1442 1593 1514 παιδευόμεθα,
1628 1444 1722 1497 καὶ
1751 1445 1903 1497 οίκοο.

316 1540 499 1593 ποιεῖν
532 1536 601 1590 δι’
629 1535 886 1607 ἐναρέτου
912 1532 1209 1598 πολιτείας,
1243 1532 1305 1587 τὸ
1337 1532 1491 1600 Θείον
1520 1531 1890 1604 ἐπιδρύμενοι,

318 1628 463 1701 μονὴ
489 1626 586 1682 καὶ⁵
613 1626 743 1690 ναὸς
784 1622 949 1678 αὑτοῦ
987 1622 1280 1695 γινόμενοι,
1325 1622 1507 1687 καθὼς
1545 1624 1603 1677 ὲν
1648 1623 1892 1692 Εὐαγγε-

316 1718 478 1783 λίοις,
520 1717 614 1771 καὶ
658 1717 716 1770 ἐν
758 1714 955 1786 Παύλῳ
993 1713 1302 1785 θεηγορῶν,
1343 1713 1504 1779 αὐτὸς
1549 1713 1887 1785 ἀπεφήνατο.

316 1812 514 1881 Δυσμῇ
544 1808 602 1862 δὲ
626 1810 832 1863 νοεῖται
855 1809 890 1877 ὴ
928 1804 1171 1878 ἡμετέρα
1205 1802 1387 1875 φύσις,
1420 1804 1517 1858 καὶ
1545 1804 1606 1858 τὸ
1632 1796 1898 1857 ἐπίπονον

317 1899 417 1954 τοῦ
445 1899 648 1969 κόσμου
674 1894 874 1969 χωρίον
901 1897 1023 1965 ταῖς
1048 1893 1258 1964 ἡδοναῖς
1301 1894 1410 1949 τῶν
1448 1892 1634 1947 παθῶν
1674 1890 1892 1957 σκιαζό-

320 2008 508 2065 μενον.
545 1989 765 2044 Νοεῖται
791 1986 849 2040 δέ
896 1986 991 2040 καί⁹
1017 1987 1047 2039 ό
1077 1984 1228 2057 ᾅδης.
1262 1984 1351 2037 Ἔν
1376 1977 1459 2048 οἷς
1496 1982 1559 2037 rb
1597 1982 1758 2038 ᾱῦλον
1794 1983 1891 2036 καὶ

318 2083 513 2140 ἄσκιον
549 2081 664 2152 φῶς
714 2078 1090 2151 ἐναστράψαν,
1124 2077 1302 2132 πάντα
1353 2076 1491 2148 πρὸς
1532 2075 1592 2130 τὺ
1645 2078 1905 2149 κρεῖττον,

319 2170 795 2246 μετεστοιχείωσε,
828 2170 928 2243 τὴν
966 2169 1128 2239 φύσιν
1167 2165 1505 2233 ἀνεκαίνισε,
1547 2164 1640 2220 τὸν
1688 2166 1891 2237 κόσμον

320 2252 642 2337 φαιδρύνας,
674 2262 767 2316 τδν
788 2261 922 2335 ᾅδην
945 2257 1243 2323 σκυλεύσας
1273 2256 1409 2331 πρὸς
1433 2256 1767 2330 ἡμερότητα,
1798 2257 1893 2310 καὶ⁸

317 2353 428 2409 τῶν
456 2351 789 2424 ἐνεχομένων
818 2347 1103 2402 ἀπόλυσιν.
1133 2345 1245 2400 Καὶ
1274 2344 1345 2398 τὰ
1386 2344 1483 2416 μὲν
1506 2344 1572 2398 ἐκ
1597 2343 1691 2397 τοῦ
1729 2342 1894 2396 Δασὶδ

320 2442 581 2517 ἀμυδρῶς
634 2458 724 2515 μοι
775 2438 920 2504 ἔδοξε
940 2455 954 2471 ·
1005 2437 1074 2492 τὰ
1109 2436 1167 2490 δὲ
1208 2434 1301 2489 τοῦ
1340 2432 1482 2517 Ἰὼϐ,
1518 2435 1613 2488 καὶ
1671 2432 1890 2515 Ἡσαΐου

325 2516 447 2608 μετ’
472 2534 532 2587 ού
581 2531 716 2586 πολὺ
758 2528 1129 2599 ἀποδώσομεν,
1159 2526 1247 2580 διὰ
1278 2525 1340 2579 τὸ
1387 2516 1560 2596 βραχὺ
1601 2527 1702 2596 τῆς
1743 2523 1894 2595 ὥρας

319 2622 418 2677 νῦν
463 2618 898 2692 ὑπερτιθέμενοι.
950 2617 1154 2687 ’Ἄμφω
1205 2614 1263 2667 δέ
1314 2613 1375 2666 τὸ
1419 2612 1629 2684 μέλλον,
1661 2614 1736 2676 ώς
1791 2611 1891 2683 ἤδη

321 2713 587 2785 πραχθὲν,
609 2709 899 2781 ἐξεϐόησαν
926 2707 1229 2780 ἀραρότως,
1250 2702 1347 2777 τὴν
1373 2704 1595 2759 ἔκϐασιν
1614 2704 1713 2774 τῆς
1744 2701 1895 2772 σφῶν

318 2803 678 2876 προρῤήσεως
697 2798 1076 2871 ἐπιστάμενοι.
1092 2790 1460 2867 Οἰκονομικῶς
1485 2794 1661 2849 τοίνυν
1683 2793 1896 2861 ἀγνοεῖν

322 2892 651 2966 ὑπεκρίνετο
671 2891 863 2962 πάσης
885 2889 1001 2964 ἅμα
1027 2885 1265 2951 κτίσεως
1285 2883 1567 2955 γινώσκων
1586 2882 1893 2955 ἀπόρρητα,

1747 324 2093 388 DIALOCUS
2124 326 2165 382 l.

2000 443 2130 500 item
2160 439 2469 497 convolutis
2511 439 2742 512 pedibus
2770 439 3029 499 exsiliens
3061 440 3334 514 sepulcro,
3379 459 3591 518 egros-.

1998 548 2095 589 sus
2114 538 2283 597 esset,
2325 530 2456 586 dum
2495 531 2698 587 iussus
2724 540 2779 587 et
2811 531 2958 588 nulla
2987 534 3233 603 corporis
3261 543 3412 604 parte
3442 552 3565 592 mu-

1998 624 2190 679 tilatus
2233 623 2500 687 cernitur,
2549 638 2648 694 per
2699 638 2888 679 vocem
2942 621 3106 680 Verbi
3141 625 3564 694 corroboratus,-

1996 730 2170 786 eoque
2204 714 2272 768 ad
2301 729 2583 785 egressum
2615 715 2939 771 auxiliatore
2974 730 3106 771 usus
3130 715 3153 769 ί
3179 712 3428 771 ονίιίειιιι-
3461 732 3562 771 au-

1996 816 2104 861 tem
2164 805 2321 871 mihi,
2386 804 2561 875 ipsam
2613 820 2830 875 quoque
2879 813 3110 861 mortem
3162 804 3565 877 quodammodo

1999 895 2334 952 commoveri
2355 895 2424 950 ad
2453 895 2861 968 velocissimam
2874 897 3035 953 istam
3062 897 3467 965 excitationem,
3493 913 3564 953 ne

2001 988 2222 1058 quando
2252 1001 2351 1058 per
2376 986 2777 1042 cunctationem
2806 987 2975 1042 altera
3007 1002 3137 1043 voce
3169 985 3330 1042 Verbi
3353 988 3561 1052 audita,

1995 1094 2126 1134 mox
2156 1078 2447 1136 universos
2469 1077 2612 1149 apud
2636 1094 2697 1136 se
2722 1079 2979 1150 degentes
3004 1080 3217 1135 solvere
3235 1088 3559 1150 cogeretur:

1998 1169 2160 1241 quale
2189 1167 2448 1240 quiddam
2480 1177 2603 1238 post
2637 1185 2730 1226 sex
2765 1169 2884 1230 dies
2928 1169 3130 1226 accidit
3154 1168 3401 1236 infelici,
3435 1184 3559 1225 cum

1992 1262 2041 1320 is
2070 1262 2164 1333 qui
2194 1262 2262 1317 ad
2284 1262 2719 1318 reviviscendum
2741 1271 2900 1319 vocat
2926 1273 3197 1330 mortuos,-
3229 1264 3300 1319 ad
3328 1272 3558 1322 mortem

1992 1353 2295 1417 accederet,
2319 1354 2618 1409 secundum
2643 1353 2953 1410 divinorum
2980 1362 3162 1410 vatum
3185 1354 3307 1410 Jobi
3327 1363 3385 1410 et
3406 1355 3562 1411 Isaiae

1993 1444 2357 1516 prophetiam,
2413 1452 2540 1501 ante
2580 1445 2731 1500 mille
2774 1460 2948 1501 annos
3001 1446 3275 1501 luculente
3319 1446 3565 1500 claman-

1991 1534 2125 1589 tium
2156 1552 2170 1590 :
2200 1533 2474 1603 Ingressus
2519 1552 2574 1590 es
2620 1550 2784 1598 mare,
2808 1544 2858 1589 et
2904 1534 3191 1611 ambulasti
3236 1536 3291 1590 in
3328 1536 3584 1610 vestigiis.

1991 1622 2206 1692 abyssi;
2254 1624 2563 1693 aperiuntur
2611 1622 2706 1677 tibi
2745 1638 2863 1677 cum
2906 1629 3102 1677 terrore
3139 1632 3304 1691 porta
3338 1625 3557 1680 mortis.

1993 1710 2249 1767 Custodes
2287 1713 2473 1783 januw
2532 1714 2644 1767 orci
2701 1727 2750 1767 ts
2808 1711 3037 1767 uidentes
3085 1714 3467 1768 exhorruerunt
3488 1715 3554 1769 ⁸⁸.

1994 1800 2091 1857 llis
2121 1808 2307 1856 autem
2328 1803 2677 1859 consentiens
2699 1802 3008 1859 divinorum
3038 1802 3345 1859 carminum
3368 1810 3562 1858 auctor

1993 1891 2223 1949 Davides
2278 1892 2502 1963 inquit:
2535 1892 2759 1948 Cantate
2812 1892 2943 1958 Deo,
3004 1893 3215 1961 psallite
3257 1894 3422 1962 ipsius
3465 1910 3561 1949 uo-

1992 1985 2142 2049 nu'ni,
2185 1984 2324 2057 vium
2370 1994 2555 2060 parate
2584 1987 2655 2052 ei,
2693 1986 2783 2055 qui
2825 1985 3117 2055 ingreditur
3159 1984 3229 2041 ad
3266 1996 3510 2042 cocum
3538 2001 3563 2042 :

1992 2074 2250 2129 Dominus
2305 2090 2491 2131 nomen
2537 2078 2585 2131 ei
2609 2077 2673 2130 “.
2702 2074 2859 2132 Viam
2891 2083 3072 2132 autem
3120 2091 3222 2133 nos
3270 2076 3421 2148 ipsos
3463 2075 3563 2132 Do-

1993 2167 2146 2222 mino
2171 2182 2368 2238 parare
2399 2167 2684 2236 docemur,
2724 2168 3057 2240 domumque
3089 2168 3268 2225 facere
3311 2185 3410 2241 per
3433 2186 3562 2227 san-

1991 2264 2137 2313 ctam
2184 2257 2402 2329 vivendi
2454 2259 2749 2336 rationem,
2794 2257 3006 2319 Numen
3044 2257 3115 2313 ad
3164 2273 3263 2329 nos
3298 2259 3455 2335 velut
3494 2259 3582 2316 in~

1992 2348 2295 2405 sacrarium
2346 2334 2698 2418 recipientes,
2745 2334 2960 2405 mansio
2985 2360 3042 2406 et
3083 2351 3344 2421 templum
3380 2350 3554 2420 ipsius

1994 2439 2144 2506 iacti,
2177 2449 2238 2495 ut
2285 2441 2341 2495 in
2388 2441 2681 2511 Evangelio
2708 2443 2753 2475 "'
2792 2449 2847 2505 et
2883 2440 3054 2496 Paulo
3075 2442 3123 2473 “
3149 2441 3411 2496 divinitus
3439 2442 3560 2511 ipse

1993 2528 2197 2585 docuit.
2237 2529 2303 2583 Et
2330 2530 2557 2601 intelligi
2601 2547 2699 2600 per
2729 2546 2985 2585 occasum
3018 2539 3197 2601 potest
3234 2538 3431 2586 natura
3461 2545 3583 2593 που,

1994 2627 2132 2685 stra,
2165 2627 2218 2676 et
2254 2635 2567 2676 aerumnosa
2607 2620 2770 2691 huius
2798 2619 2984 2674 mundi
3030 2619 3202 2689 regio,
3237 2634 3361 2690 qua:
3406 2620 3565 2675 vitio-

1993 2724 2115 2764 rum
2156 2707 2525 2779 voluptatibus
2562 2706 2941 2762 obumbratur.
2990 2705 3221 2776 lntelligi
3260 2705 3425 2761 etiam
3458 2719 3557 2774 po-

1994 2807 2101 2857 test
2147 2814 2336 2855 orcus.
2388 2800 2567 2869 Atque
2609 2799 2665 2853 in
2704 2797 2790 2852 bis
2839 2794 3218 2851 immaterialis
3262 2802 3319 2851 et
3361 2795 3559 2850 umbra

1994 2902 2191 2945 carens
2237 2889 2330 2943 illa
2363 2889 2452 2943 lux
2494 2888 2785 2952 irradians,
2833 2885 3019 2941 omnia
3048 2885 3327 2941 meliorem
3357 2884 3415 2940 in
3451 2892 3582 2939 sta-1

322 2987 412 3042 διὰ
434 2986 529 3057 τῆς
559 2982 804 3045 πεύσεως
833 2978 1035 3050 πλῆθος
1058 2977 1444 3050 συνεγερθῆναι
1469 2976 1606 3046 πρὸς
1630 2974 1728 3046 τὴν
1754 2974 1891 3027 ὑπό·

1997 2985 2111 3033 tum
2151 2978 2360 3049 redegit
2395 2985 2450 3033 et
2493 2977 2928 3033 transformavit.
2981 2974 3244 3030 Naturam
3291 2975 3566 3046 reparavit

326 3078 520 3144 δειξιν,
542 3075 637 3130 καὶ
666 3072 821 3146 παρὰ
857 3071 964 3126 τῶν
995 3070 1204 3143 ἐχθρῶν
1246 3068 1655 3142 μαρτυρηθῆναι
1692 3065 1891 3137 μᾶλλον

1999 3071 2207 3126 mundo
2241 3071 2535 3134 illustratu,
2557 3077 2610 3125 et
2637 3084 2768 3139 orco
2795 3068 3050 3139 spoliato,
3072 3082 3182 3137 quo
3209 3066 3480 3133 mitescat,
3513 3073 3568 3119 et

318 3169 380 3223 τὺ
414 3163 737 3240 παράδοξον.
917 3154 926 3159 ’
1244 3198 1245 3201 η
1800 3224 1809 3230 θ

1996 3159 2243 3215 detentos
2269 3158 2411 3230 apud
2442 3175 2503 3215 se
2544 3158 2798 3213 dimittat.
2843 3158 3020 3227 Atque
3061 3156 3164 3211 hoc
3196 3155 3413 3235 quidem
3459 3155 3564 3209 ali-

318 3272 431 3332 quo
487 3254 650 3313 modo
701 3247 842 3311 tecte
894 3251 1026 3307 milii
1086 3249 1301 3307 videtur
1358 3249 1512 3307 innui
1567 3263 1599 3303 a
1644 3245 1865 3305 Davide.
1919 3247 2096 3306 Verba
2152 3257 2331 3306 autem
2379 3249 2502 3305 Jobi
2540 3257 2594 3305 et
2636 3248 2790 3327 [sane
2824 3250 2968 3307 haud
3025 3251 3196 3311 multo
3242 3257 3364 3321 post
3396 3249 3581 3321 expli-l

318 3353 591 3418 cabimus,
632 3365 780 3405 nunc
833 3352 1056 3420 prepter
1107 3342 1415 3413 angustiam
1451 3337 1711 3410 temporis
1769 3352 1833 3395 ea
1896 3338 2228 3397 dill‘erentes.
2281 3338 2520 3412 Uterque
2575 3349 2757 3396 autem
2817 3339 2872 3397 id
2916 3340 3058 3414 quod
3117 3341 3360 3396 futurum
3414 3348 3579 3410 erat”

318 3446 476 3520 quasi
529 3445 642 3516 jam
681 3441 881 3498 factum
920 3436 1410 3511 pronuntiaverunt
1448 3433 1661 3489 ratione
1709 3433 2103 3500 conveniente,
2146 3443 2404 3506 tanquam
2448 3435 2581 3492 certi
2643 3434 2714 3491 de
2761 3432 3005 3489 vaticinii
3061 3433 3148 3489 sui
3195 3442 3411 3488 eventu.
3464 3430 3569 3487 Sc-

319 3538 561 3595 cundum
612 3534 1071 3607 dispensationem
1131 3531 1299 3603 igitur
1356 3530 1609 3601 ignorare
1655 3544 1715 3585 se
1760 3530 2074 3596 simulavit,
2151 3533 2245 3602 qui
2291 3534 2472 3588 omnis
2534 3534 2589 3588 in
2635 3532 2951 3587 universum
2988 3526 3248 3586 creaturae
3290 3529 3571 3600 cognoscit

320 3644 544 3697 arcana,
576 3636 635 3684 ut
675 3643 773 3699 per
816 3625 1297 3697 interrogationem
1342 3623 1500 3683 turba
1566 3623 1898 3686 escitaretur
1929 3622 1997 3677 ad
2037 3623 2456 3679 monstrandum
2524 3623 2814 3690 Lazarum,
2846 3635 2901 3683 et
2936 3633 2997 3682 ut
3057 3627 3130 3683 ab
3156 3625 3293 3698 ipsis
3326 3623 3570 3681 inimicis

322 3729 476 3779 tanto
499 3718 671 3792 magis
722 3717 1092 3775 testimonium
1134 3714 1459 3787 prodigiosa:
1493 3715 1574 3770 rei
1627 3711 2026 3785 perbiberetur.

888 3865 1146 3931 ﬁmi}?
1181 3875 1307 3929 ΔΜ.

390 4013 587 4079 Καλῶς
618 4012 710 4068 τὸν
749 4013 877 4084 περὶ
907 4010 1159 4083 Λαζάρου
1196 3999 1527 4073 ἀκούσαντες
1569 4006 1749 4077 λόγον,
1778 4006 1894 4062 δεό-

325 4106 469 4180 μεθα
507 4106 647 4178 ὑπὲρ
679 4106 780 4177 τῆς
821 4096 1219 4176 αἶμορροούσης
1258 4100 1514 4170 γυναικὸς
1537 4140 1554 4166 ,
1590 4101 1655 4153 ἐκ
1688 4100 1892 4171 ταύτης

318 4197 770 4270 τεκμαιρομένων
800 4197 930 4269 περὶ
967 4194 1079 4249 τῶν
1104 4193 1308 4249 λοιπῶν
1338 4191 1432 4247 τοῦ
1471 4191 1727 4265 Σωτῆρος
1764 4193 1889 4246 ἐπε-

324 4288 639 4362 Masone.
978 4298 979 4301 ‘

835 4432 837 4434 ·
940 4418 1293 4488 Ἀπόκρισις.

394 4529 509 4584 Καὶ
530 4531 594 4582 ἐκ
617 4527 822 4598 ταύτης
845 4524 1233 4599 παιδευόμεθα.
1265 4522 1383 4580 ἴσον
1407 4525 1498 4580 τὸν
1523 4527 1694 4581 Παῖδα
1719 4526 1894 4599 ὑπάρ-

320 4638 442 4695 χειν
474 4618 555 4690 τῷ
582 4618 701 4690 Θεῷ
741 4619 836 4674 καὶ
874 4617 1072 4689 Πατρὶ,
1100 4616 1195 4672 καὶ
1224 4616 1327 4670 οὐκ
1359 4616 1574 4689 ἀγνοίᾳ,
1602 4616 1716 4671 ἀλλ’
1747 4618 1894 4672 οίκο-

321 4713 509 4785 νομίᾳ,
537 4714 655 4767 κατ’
696 4709 1293 4780 ιέκεῖνον,,πυθόμενον.
1335 4708 1473 4780 Φησὶ
1509 4708 1619 4781 γὰρ
1646 4707 1724 4781 τῷ
1745 4726 1895 4781 πρω-

321 4801 533 4872 τοφόνῳ
556 4801 718 4864 Κάῖν,
753 4798 1022 4871 βασκανίᾳ
1046 4798 1137 4852 τὸν
1160 4798 1386 4869 ἀδελφὸν
1406 4799 1679 4853 κτείναντι
1711 4799 1803 4852 ἐπὶ
1825 4801 1893 4872 τῇ

322 4890 656 4962 προτιμήσει
695 4888 806 4944 τῶν
848 4887 1058 4960 δώρων,
1089 4886 1510 4959 ἐνδομυχοῦντος
1544 4887 1637 4942 τοῦ
1674 4888 1891 4957 φθόνου,

323 4982 421 5035 καὶ
452 4978 712 5049 θήγοντος
736 4978 831 5033 τοῦ
854 4978 1016 5048 φόνου
1049 4977 1111 5031 τὸ
1150 4978 1423 5047 φάσγανον
1442 4993 1457 5008 ’
1490 4978 1616 5033 Ποῦ
1645 4977 1828 5037 Ἅϐελ
1861 4982 1895 5035 ό

322 5071 591 5141 ἁδελφός
628 5084 745 5125 σου
762 5087 782 5135 ;
836 5070 935 5123 οὐκ
964 5068 1193 5138 ἀγνοῶν,
1231 5067 1365 5124 ἀλλά
1394 5068 1582 5140 καιρὸν
1607 5070 1895 5141 μετανοίας

329 5163 603 5236 μιαιφόνῳ
634 5160 931 5233 μνώμενος.
956 5161 1015 5215 ’0
1030 5160 1108 5225 δέ,
1125 5162 1206 5226 είς
1224 5160 1482 5214 ἀπόνοιαν
1505 5161 1891 5235 χωρήσας,Μὴ

324 5251 534 5322 φύλαξ’
560 5252 666 5307 τοῦ
694 5250 962 5321 ἀδελφοῦ
993 5268 1111 5320 μου
1138 5250 1255 5320 εἶμί
1280 5250 1393 5322 ἐγώ
1409 5266 1429 5314 ;
1446 5252 1629 5323 φησίν.
1647 5248 1813 5317 Αὖθις
1837 5252 1895 5307 δέ

325 5342 465 5416 πρὸς
499 5341 659 5399 αὐτὸν
692 5345 726 5415 ή
760 5343 878 5396 θεία
910 5341 1060 5414 φωνὴ
1093 5342 1409 5413 ἐλέγχουσα,
1443 5342 1615 5413 Φωνὴ
1646 5345 1895 5414 αἵματος

325 5432 436 5486 τοῦ
459 5431 725 5501 ἀδελφοῦ
751 5445 868 5486 σου
887 5429 1009 5497 ,βοᾷ
1034 5432 1184 5500 πρός
1200 5448 1306 5501 με·
1331 5431 1391 5496 ἐξ
1414 5424 1490 5487 ὧν
1516 5432 1769 5504 δηλοῦται
1796 5434 1895 5488 οὐκ

326 5521 542 5594 ἀγνοίᾳ,
573 5520 711 5577 ἀλλά
739 5521 1117 5595 φιλανθρωπίᾳ
1147 5521 1246 5594 τὴν
1278 5522 1468 5578 πεῦσιν
1496 5525 1601 5578 ὑπὸ
1629 5525 1724 5579 τοῦ
1758 5525 1893 5580 Θεοῦ

401 5718 448 5797 ff
489 5714 595 5772 Job
635 5734 863 5797 nam},
888 5720 1244 5797 lti._l7;__lsa.
1269 5736 1395 5797 μιν,
1419 5723 1473 5780 9.
1571 5727 1615 5759 “
1646 5725 1791 5785 Psal.
1837 5744 2003 5797 uvu,
2042 5730 2094 5787 5.

332 5784 539 5845 "Gen.
582 5804 655 5855 tv,
688 5789 738 5845 9.
818 5791 863 5823 ³⁸
885 5790 1019 5848 ibid.
1097 5791 1138 5823 "
1175 5789 1303 5846 ibid.
1342 5792 1423 5848 10.

2407 3871 2927 3932 INTERROGATIO
2962 3862 3156 3931 XXXI.

2066 4008 2211 4064 Satis
2232 4008 2372 4066 bene
2404 4008 2508 4065 bac
2552 4008 2620 4065 de
2663 4007 2872 4065 Lazaro
2901 4010 3116 4066 ratione
3160 4015 3436 4082 percepta,
3469 4022 3564 4083 ro.

1992 4096 2186 4172 gamus
2220 4101 2289 4157 de
2319 4092 2548 4157 muliere
2572 4101 2860 4172 sanguinis
2887 4101 3153 4173 profluvio
3179 4100 3462 4156 laborante
3496 4109 3558 4152 ut

2007 4188 2270 4257 disseras,
2302 4201 2360 4248 ut
2395 4206 2459 4247 ex
2494 4190 2597 4246 bac
2616 4191 2984 4261 conjecturam
3018 4191 3282 4247 faciamus
3312 4190 3473 4246 etiam
3498 4188 3579 4271 de.

1996 4284 2209 4340 caeteris
2233 4284 2745 4356 interrogationibus
2777 4282 3107 4340 Servatoris.
3572 4282 3577 4290 ’

2632 4415 2934 4485 Responsio.

2067 4529 2171 4587 Per
2198 4530 2337 4586 hanc
2360 4545 2576 4602 quoque
2602 4529 2885 4597 docemur,
2910 4529 3173 4599 aequalem
3209 4524 3404 4581 Filium
3437 4540 3562 4582 esse

1999 4620 2110 4679 Deo
2134 4630 2189 4678 et
2226 4621 2398 4690 Patri,
2428 4614 2530 4678 nec
2557 4622 2629 4677 ob
2660 4621 3083 4692 ignorationem,
3113 4618 3208 4675 sed
3238 4635 3305 4674 ex
3331 4618 3558 4688 dispen-

1998 4714 2211 4771 satione
2253 4721 2516 4784 certoque
2546 4712 2800 4778 consilio,
2836 4710 3053 4767 Patrem
3096 4709 3380 4775 imitando,
3417 4702 3569 4778 quae:

1987 4820 2129 4861 rere.
2179 4803 2364 4875 inquit
2393 4805 2537 4860 enim
2573 4803 2620 4858 is
2662 4800 2730 4858 ad
2782 4802 3016 4873 primum
3067 4800 3395 4855 homicidam
3430 4797 3557 4854 Cai-

1987 4912 2141 4959 num,
2173 4895 2266 4965 qui
2303 4910 2398 4964 per
2434 4894 2691 4949 invidiam
2721 4886 2995 4949 interemit
3026 4891 3271 4958 fratrem,
3314 4897 3561 4961 propter-

1985 4999 2050 5041 ea
2093 4984 2238 5056 quod
2278 4984 2424 5041 illius
2456 4984 2596 5039 dona
2640 4983 2859 5054 praelata
2885 4991 3104 5047 essent,
3139 4981 3254 5053 jam
3289 4981 3438 5037 intus
3477 4981 3559 5033 la-

1989 5085 2137 5134 tente
2166 5074 2393 5140 invidia,
2432 5084 2485 5131 et
2513 5074 2752 5145 gladium
2776 5073 2942 5130 caedis
2970 5081 3268 5130 exacuente
3292 5092 3306 5128 :
3344 5071 3443 5128 Ubi
3476 5082 3558 5129 est

1990 5165 2181 5220 Abelus
2211 5164 2380 5236 frater
2421 5173 2543 5218 tuus
2568 5164 2651 5219 “?
2698 5162 2817 5219 Non
2851 5164 3130 5233 ignorans,
3180 5163 3276 5219 sed
3331 5169 3561 5218 cruento

1989 5254 2281 5310 homicida:
2314 5244 2658 5310 Occasionem
2694 5253 3028 5324 paenitentiae
3076 5269 3393 5325 suggerens.
3437 5254 3559 5325 Ipso

1990 5360 2120 5400 vero
2146 5344 2201 5399 in
2238 5344 2527 5398 amentiam
2566 5359 2757 5399 versus
2786 5363 2816 5405 ε,
2835 5341 2977 5397 Nunt
3006 5355 3181 5398 custos
3208 5360 3322 5412 ego,
3355 5341 3554 5412 inquit,

1992 5437 2178 5507 fratris
2227 5436 2327 5490 mei
2375 5451 2492 5489 sum
2509 5435 2596 5489 ³⁸2
2632 5432 2949 5505 Rursusque
2993 5434 3169 5504 ipsum
3223 5434 3406 5488 divina
3452 5448 3555 5491 vox

1991 5526 2327 5598 red-arguens
2386 5525 2565 5596 inquit
2590 5525 2673 5581 ³¹;
2759 5525 2871 5579 Vox
2918 5523 3191 5594 sanguinis
3238 5523 3426 5592 fratris
3477 5524 3556 5580 lui

2202 5733 2243 5763 ⁸⁷
2269 5728 2423 5787 Juan.
2467 5745 2573 5795 xxv,
2611 5727 2704 5785 23.
2811 5727 2858 5760 ³⁸
2897 5723 2916 5779 Ι
2950 5724 3076 5781 Cor.
3109 5739 3189 5792 ιιι,
3221 5723 3315 5793 16;
3350 5737 3422 5787 vr,
3460 5719 3544 5777 ια.
