4030 6232
464 304 572 359 895

463 422 658 476 clamat
693 424 762 477 ad
799 442 898 482 me.
943 427 1017 484 Ex
1056 431 1255 502 quibus
1295 439 1644 497 manilestum
1683 445 1760 510 tit,
1809 463 1918 503 non
1969 468 2034 506 ex

464 512 798 583 ignorantia,
833 518 928 574 sed
962 535 1027 576 ex
1062 537 1250 582 amore
1283 540 1337 582 et
1373 531 1614 588 bonitate
1639 551 1745 606 qua
1774 553 1903 608 erga
1932 542 2034 596 ho-

464 603 662 657 minem
696 607 955 675 prteditus
981 621 1085 677 est,
1125 616 1606 690 interrogationem
1636 641 1666 679 a
1697 626 1805 682 Deo
1845 639 1900 684 et
1941 631 2042 688 Pa-

463 697 548 746 tre
574 691 640 746 ad
685 697 960 754 crudelem
1013 703 1346 763 homicidam
1389 711 1697 770 institutam
1733 716 1924 775 fuisse.
1959 723 2038 776 Ad

460 785 710 838 eumdem
745 787 910 858 igitur
940 795 1160 850 modum
1193 813 1246 855 et
1262 801 1454 869 Filius,
1495 820 1603 858 non
1632 809 1779 877 quod
1823 811 2042 882 ignora-

461 879 562 937 ret,
601 877 695 930 sed
747 878 870 934 ideo
899 884 1276 957 interrogavit,
1325 907 1393 945 ne
1437 894 1480 948 si
1514 895 1630 964 ipse
1655 913 1753 968 per
1783 916 1843 956 se
1877 906 2042 958 mira-

455 963 642 1017 culum
700 966 1034 1039 indicasset,
1089 981 1458 1039 crassioribus
1519 987 1798 1045 videretur
1847 1009 2040 1065 super-

453 1057 574 1112 bire
606 1079 619 1114 :
655 1077 830 1133 neque
878 1068 1008 1122 item
1051 1071 1172 1142 ipso
1227 1083 1460 1144 tacente,
1501 1083 1772 1151 iacturam
1825 1089 2036 1150 facere-

455 1164 579 1204 mus
621 1153 894 1222 miraeuli,
940 1172 1090 1218 certo
1136 1169 1374 1224 consilio
1430 1173 1859 1247 interrogatione
1903 1200 2036 1243 usus

449 1249 556 1304 est,
592 1252 651 1296 ut
683 1246 799 1314 ipsa
839 1254 1214 1324 progrediens,
1251 1264 1578 1330 praedicaret
1614 1246 1736 1338 eius
1769 1289 1943 1342 preme
1972 1294 2035 1334 ac

453 1334 582 1389 mali
617 1336 1015 1412 liberationem,
1048 1364 1168 1418 qtae
1209 1368 1303 1421 per
1333 1355 1559 1414 Iimbrim
1587 1368 2028 1424 attrectationem

451 1423 597 1478 facta
626 1437 760 1482 erat.
795 1429 976 1503 Inquit
1013 1440 1161 1495 enim
1206 1451 1541 1518 evangelista
1566 1453 1610 1484 ⁸¹
1643 1474 1655 1509 :
1695 1455 1892 1514 Viden:
1926 1479 2036 1516 mn-

449 1516 548 1570 lier
575 1522 713 1588 quod
743 1524 906 1580 latere
927 1546 1028 1584 non
1055 1545 1250 1603 posset,
1284 1516 1508 1597 tremens
1534 1548 1690 1612 venit,
1722 1559 1772 1604 et
1798 1551 2032 1611 adorans

449 1709 616 1752 carne
642 1701 1008 1770 ignorantiam
1042 1728 1153 1782 pm
1195 1732 1255 1773 se
1283 1719 1487 1791 ferens,
1535 1728 1711 1799 inquit
1754 1735 1820 1788 ad
1854 1738 2028 1793 Abra-

445 1783 703 1845 hamum:
731 1792 830 1847 Ubi
855 1808 933 1851 est
956 1798 1096 1857 Sara
1131 1821 1268 1862 uxor
1287 1820 1378 1866 tua
1403 1813 1488 1869 ³³2
1515 1818 1670 1884 Quod
1700 1822 1744 1877 si
1779 1824 2024 1892 ignoras-

447 1882 550 1936 set,
590 1892 696 1933 non
745 1897 876 1940 Sane
927 1893 1370 1960 reprehendisset
1410 1919 1554 1971 eam,
1591 1925 1712 1980 quae
1745 1913 1797 1968 iu
1846 1918 2028 1973 taber«

443 1968 644 2022 naculo
694 1972 923 2032 ridebat.
966 1979 1100 2038 Nam
1150 1990 1296 2057 quod
1348 1968 1785 2061 liabetur.-ititra
1842 2019 2017 2064 semet

445 2052 620 2130 ipsam
651 2062 841 2121 risisse
871 2068 1084 2139 Saram,
1117 2079 1330 2137 modice
1363 2085 1537 2154 ipsam
1571 2091 1763 2151 risisse
1796 2099 2020 2155 indicat.

439 2145 853 2228 Confestimque
873 2165 1053 2222 trinus
1083 2169 1283 2241 hospes
1311 2191 1342 2229 a
1375 2181 1685 2248 patriarcha
1708 2199 2020 2260 susceptus,

441 2243 763 2310 nominatim
817 2251 991 2320 ipsam
1038 2264 1424 2332 compellabat,
1476 2286 1596 2326 eam

1595 326 1651 382 S.
1694 330 1991 389 CAESAR"
2031 338 2368 400 GREGORII
2419 346 2721 406 FRATRIS

3623 365 3726 422 896

2144 461 2239 512 καὶ
2263 463 2473 532 Πατρδς
2497 464 2573 535 τῷ
2601 466 2873 539 μιαιφόνῳ
2899 468 3290 540 προσάγεσθαι.
3324 474 3725 549 Παραπλησὶως

2149 547 2241 604 οῦν
2260 554 2352 606 καὶ
2382 555 2411 606 ό
2438 556 2565 620 Tib;
2590 558 2692 610 οὑκ
2722 559 2932 626 ἀγνοῶν
2966 561 3151 632 ἠρετο,
3177 563 3290 616 ἀλλ’
3315 566 3401 619 ἵνα
3435 568 3510 640 μὴ
3536 547 3602 621 δι’
3627 571 3726 624 αὑ-

2143 643 2236 695 τοῦ
2262 646 2441 715 φήσας
2463 647 2525 699 τὸ
2553 647 2758 719 θαῦμα,
2779 651 2906 722 δόξῃ
2932 653 3232 720 τυφοῦσθαι
3266 659 3377 721 τοῖς
3406 662 3729 733 παχυτέροις

2141 735 2240 803 τὴν
2264 734 2533 790 διάνοιαν⁶
2566 740 2640 811 μὴ
2679 740 2725 793 δ’
2759 737 2826 794 ai}
2861 743 3044 809 πάλιν,
3079 748 3411 813 σιωπῶντος,
3441 752 3729 823 ζημιωθῶ-

2145 843 2243 896 μεν
2275 828 2335 880 τὸ
2365 831 2688 901 παράδοξον,
2723 836 3084 907 οἰκονομικῶς
3120 843 3185 910 τῇ
3223 841 3416 895 πεύσει
3443 845 3726 917 κέχρηται,

2139 918 2287 983 ὅπως
2311 921 2491 994 ἐκείνη
2529 925 2866 995 προελθοῦσα
2901 930 3114 1004 κηρύξῃ
3132 932 3229 1002 τὴν
3261 936 3324 987 ὲκ
3353 935 3453 1006 τῆς
3475 937 3730 1007 ψαύσεως

2138 1009 2232 1062 τοῦ
2257 1013 2564 1083 κρασπέδου
2597 1019 2895 1090 γενομένην
2938 1021 3076 1093 αὑτῇ
3117 1023 3269 1077 λύσιν
3301 1025 3401 1095 τῆς
3439 1029 3724 1099 μάστιγος.

2138 1102 2276 1172 Φησὶ
2324 1103 2432 1175 γὰρ
2476 1109 2504 1159 ό
2547 1107 2690 1171 θεῖος
2736 1110 3158 1185 εὑαγγελιστὴς,
3199 1117 3441 1171 Ἰδοῦσα
3491 1122 3528 1188 ἡ
3570 1122 3725 1190 γυνὴ

2138 1194 2226 1248 ὅτι
2257 1199 2329 1250 οὐ
2358 1197 2637 1266 λέληθεν,
2664 1202 2967 1270 τρέμουσα
2988 1203 3195 1276 ἦλθεν,
3227 1210 3326 1263 καὶ
3363 1215 3725 1280 προσεκύνει

2135 1285 2316 1351 αὐτῷ,
2355 1289 2450 1341 καὶ
2481 1289 2549 1343 τά
2568 1290 2716 1361 ἑξῆς.
2750 1293 2908 1346 Ἀ).λὰ
2938 1296 3033 1349 καὶ
3066 1297 3166 1367 τῆς
3196 1299 3420 1372 πρώτης
3455 1305 3725 1376 ὲνσάρκου

2137 1377 2274 1446 πρὸς
2306 1380 2455 1448 ἡμᾶς
2484 1382 2788 1452 φοιτήσεως
2816 1384 3038 1452 ἄγνοιαν
3072 1389 3562 1461 προσποιούμενος,
3594 1397 3725 1466 φησὶ

2134 1466 2212 1537 τῷ
2249 1467 2520 1539 Ἀϐραὰμ,
2547 1472 2669 1525 Ποῦ
2694 1471 2892 1542 Σὰῤῥα
2922 1476 2959 1543 ἡ
2991 1476 3145 1546 γυνή
3171 1495 3288 1533 σου
3308 1496 3325 1542 ;
3349 1482 3410 1533 Εἰ
3431 1482 3488 1535 δὲ
3512 1485 3722 1554 ἠγνόει,

2134 1559 2233 1612 οὑκ
2288 1559 2355 1614 ἂν
2407 1562 2633 1632 ἤλεγξεν
2682 1563 2828 1619 ἔνδον
2881 1567 3147 1640 ὑπάρχειν
3195 1570 3295 1641 τῆς
3345 1575 3573 1645 σκηνῆς,
3621 1578 3726 1664 ’καὶ

2137 1651 2365 1721 μειδιᾷν.
2417 1653 2489 1706 Τὸ
2564 1655 2706 1728 γὰρ,
2753 1655 3082 1728 Ἐγέλασεν
3127 1663 3196 1715 ἐν
3242 1665 3430 1734 ἑαυτῇ
3485 1657 3721 1737 Σάρρα,

2137 1742 2428 1812 μειδιῶσαν
2479 1747 2646 1818 αὑτὴν
2682 1747 2850 1820 δηλοῖ.
2895 1753 3005 1805 Καὶ
3051 1754 3264 1825 ἀθρόως
3315 1757 3561 1830 ἕντριτος
3600 1762 3724 1815 επι-

2133 1832 2382 1901 ξενωθεὶς
2404 1837 2483 1909 τῷ
2509 1841 2842 1915 πατριάρχῃ,
2871 1845 2937 1897 ὲκ
2965 1849 3340 1920 προσηγορίας
3365 1851 3464 1922 τὴν
3492 1852 3722 1925 ξεναγὸν

2127 1926 2407 1998 ἐπεζήτει,
2449 1935 2670 2005 στεῖραν
2709 1935 3061 2007 ὑπάρχουσαν
3097 1940 3432 1997 παιδοποιεῖν
3477 1947 3720 2018 ἐπαγγε-

2121 2015 2368 2087 λόμενος.
2392 2022 2571 2093 Πέρας
2605 2024 2662 2077 δὲ
2690 2029 2788 2099 τῆς
2817 2029 3167 2097 ἐπαγγελίας,
3201 2034 3385 2088 Ἰσαάκ
3417 2038 3480 2090 ὲκ
3512 2015 3721 2111 ταύτης

2120 2107 2474 2180 ἐκφυόμενος.
2518 2116 2594 2168 Οὑ
2632 2117 2742 2189 γάρ
2791 2119 3048 2191 πλάσμα,
3091 2124 3152 2176 οὑ
3198 2123 3423 2196 κλῆσις,
3457 2128 3518 2180 οὑ
3576 2107 3719 2202 πσρ-

2119 2201 2390 2270 ῳχηκότα,
2407 2205 2505 2259 οὑκ
2521 2209 2813 2276 ἐνεστῶτα,
2842 2213 2902 2264 οὑ
2933 2213 3326 2287 μέλλοντα,οὑχ
3362 2217 3541 2272 ὁτιοῦν
3580 2239 3718 2294 φρα-

1239 2355 1425 2414 ittens.
1469 2360 1621 2419 Finis
1660 2376 1840 2424 autem
1881 2377 2268 2443 promissionis
2315 2395 2448 2450 erat,
2489 2401 2650 2447 natus
2697 2409 2763 2449 ex
2812 2395 2915 2450 hac
2962 2396 3203 2456 lsaacus.
3255 2401 3374 2459 Non
3415 2407 3567 2460 enim
3619 2409 3714 2479 tig-

1239 2461 1316 2479 inn
1355 2453 1623 2479 ,ινιτιαλ-ξι..
1688 2475 1788 2479 ..-η
2069 2470 2102 2479 -.
2377 2477 2388 2479 ,

435 2432 701 2489 mentum,
743 2445 850 2485 non
901 2447 1174 2510 creatura,
1209 2461 1319 2501 non
1354 2453 1649 2522 prmterila,
1686 2475 1795 2515 non

434 2521 633 2585 potest,
659 2516 936 2578 Christum
973 2527 1121 2585 latct.

841 2659 1368 2729 INTERROGATIO
1406 2675 1622 2736 XXXII.

506 2759 572 2813 At
603 2769 878 2832 quomodo
911 2775 1027 2843 ipse
1062 2777 1117 2832 in
1158 2782 1402 2839 ministri
1438 2789 1631 2847 ordine
1651 2803 1705 2848 et
1737 2797 1790 2850 in
1827 2798 2014 2857 famuli

432 2863 663 2908 numero
699 2867 864 2917 semet
907 2864 1084 2933 ipsum
1117 2886 1328 2939 ponens
1355 2876 1490 2932 dicit
1522 2899 1537 2934 :
1575 2882 1747 2940 Nemo
1779 2891 1914 2943 venit
1946 2893 2015 2946 ad

434 2943 668 3013 l’atrent,
699 2952 806 3005 nisi
840 2969 932 3020 per
961 2975 1039 3013 me
1063 2961 1146 3014 3“2

1066 3071 1374 3143 Responsio.

501 3168 704 3227 Verum
750 3189 963 3247 oportet
993 3192 1046 3237 ct
1079 3201 1198 3240 eam
1250 3206 1462 3259 vocem,
1511 3213 1633 3266 quae
1667 3200 1796 3258 huic
1845 3220 2013 3277 oppo-

428 3260 531 3314 sita
565 3273 670 3327 est,
702 3282 731 3320 a
784 3270 1002 3327 Christo
1043 3279 1272 3336 audire:
1307 3282 1496 3354 Nemo,
1533 3292 1728 3361 inquit,
1767 3300 1901 3352 venit
1941 3301 2010 3353 ad

428 3367 526 3419 me,
563 3357 668 3411 nisi
705 3357 871 3416 Pater
926 3382 1069 3422 meus
1117 3373 1340 3430 caelestis
1378 3384 1599 3436 traxerit
1626 3403 1745 3441 eum
1769 3391 1834 3445 ³⁵.

806 3495 1326 3565 INTERROGATIO
1367 3510 1603 3572 XXXIII.

496 3617 600 3675 Sed
648 3639 756 3680 non
791 3638 876 3684 est
915 3631 1079 3703 idem,
1106 3653 1200 3706 per
1234 3658 1334 3708 me,
1367 3655 1441 3712 et,
1495 3654 1720 3710 trahere.
1755 3655 1886 3714 Nam
1915 3679 2008 3731 per

426 3723 526 3773 me,
551 3713 673 3780 ejus
711 3727 794 3772 est
837 3723 932 3790 qui
979 3726 1264 3797 subjectus
1307 3743 1392 3790 est
1425 3756 1437 3792 :
1467 3742 1676 3800 trahere
1729 3765 1877 3818 vero,
1909 3713 2004 3825 qui

422 3802 641 3871 propria
675 3817 948 3876 potestate
976 3819 1140 3889 cogit.

1056 3954 1366 4028 Responsio.

488 4047 628 4114 Quid
663 4050 827 4125 igitur
865 4070 968 4127 est,
999 4068 1143 4134 quod
1177 4071 1246 4124 ad
1289 4076 1556 4136 Adamum
1599 4085 1736 4140 Deus
1783 4088 1998 4146 adducit

418 4138 695 4207 animalia,
731 4159 788 4200 ut
818 4151 1007 4208 videret
1036 4161 1164 4228 quid
1198 4177 1405 4222 vocaret
1429 4189 1513 4239 ea,
1546 4175 1689 4230 sicut
1726 4178 1900 4251 inquit
1934 4183 2000 4238 li-

418 4227 512 4251 ,ιμ
551 4229 600 4251 ,Α
654 4249 663 4251 ,
775 4241 808 4251 ,.

1049 4227 1053 4228 ,
1500 4227 1513 4239 .
1549 4227 1687 4230 ν---
1726 4227 1900 4251 --ηι---ν
1934 4227 1967 4238 --

417 4227 512 4281 ber
542 4229 609 4287 de
644 4241 919 4299 creatione
947 4263 1127 4304 rerum
1148 4253 1236 4308 ³⁸2
1267 4254 1409 4315 Num
1443 4273 1730 4334 propterea
1767 4273 1998 4332 audebis

417 4320 728 4382 ministrum
761 4339 814 4385 et
844 4333 1106 4395 famulum
1138 4349 1427 4408 nominare
1455 4354 1666 4413 Deum?

800 4463 1321 4536 INTERROGATIO
1362 4482 1601 4545 XXXIV.

487 4568 628 4642 Ergo
659 4575 702 4629 si
749 4580 1022 4648 perfectus
1063 4572 1208 4648 Deus
1240 4605 1359 4651 erat
1403 4599 1677 4670 Christus,
1716 4616 1993 4677 quomodo

412 4663 671 4726 sapientia
724 4679 774 4724 et
820 4683 974 4733 a’tale
1017 4679 1188 4748 ipsum
1245 4691 1499 4758 pro/icere
1555 4695 1689 4753 dicit
1747 4701 1991 4778 Evange-

412 4752 541 4778 Νη...
563 4759 646 4778 un

411 4752 646 4813 lium"?

1043 4867 1345 4939 Responsio.

478 4985 595 5041 Non
632 4990 889 5054 debemus
927 5003 1016 5056 illa
1038 5010 1312 5078 applicare
1343 5013 1637 5076 divinitati.
1673 5021 1985 5084 Secundum

407 5077 553 5132 illam
588 5083 734 5138 enim
767 5103 941 5159 neque
983 5102 1204 5166 crescit,
1248 5121 1428 5176 neque
1459 5109 1681 5180 delicit;
1734 5134 1842 5173 non
1880 5123 1981 5175 mi-

407 5541 644 5596 cundum
673 5549 978 5616 profectum
1014 5555 1309 5616 humanum
1346 5562 1488 5622 Deus
1517 5575 1622 5624 est.

483 5696 683 5778 Ἴλιος.
713 5723 834 5778 vm,
874 5715 960 5770 47.

411 5777 447 5819 ιι
483 5719 683 5799 *ξτξλιια
713 5723 834 5778 νιιι,
874 5719 960 5770 47.
1057 5719 1100 5752 ³³
1133 5722 1264 5778 Cen.
1295 5740 1449 5792 xvm,
1494 5726 1547 5781 9.

458 5805 468 5819 .
501 5785 587 5819 ι)...

457 5805 468 5832 ,
501 5785 587 5824 0:.

1657 5728 1697 5761 ³⁵
1721 5729 1856 5787 Joan
1912 5753 2020 5806 Juv,
2053 5742 2104 5798 6.

1848 2480 2021 2534 ιιι-ωδε

2132 2489 2163 2537 ι,
2212 2489 2322 2531 non
2367 2477 2569 2546 futura,
2613 2499 2723 2540 non
2758 2479 3021 2560 quidquid
3052 2493 3322 2548 nominari
3371 2498 3456 2552 vel
3479 2502 3716 2571 cogitari

2720 2713 2966 2767 ΠΕΥΣΙΣ
3003 2717 3126 2771 ΛΒ’.

2197 2812 2306 2866 Καὶ
2349 2817 2464 2880 πῶς
2493 2819 2656 2885 αὑτὸς
2690 2824 2748 2875 ἐν
2795 2826 3045 2883 διακόνου
3082 2831 3235 2896 τάξει
3277 2836 3371 2889 καὶ
3425 2837 3706 2909 ὑπηρέτου

2125 2902 2314 2958 ἑαυτὸν
2354 2908 2664 2982 ὲναριθμῶν
2707 2915 2873 2985 λέγει,
2902 2921 3111 2988 Οὐδεὶς
3139 2923 3374 2994 ἔρχεται
3406 2902 3561 2998 πρὸξ
3602 2933 3710 2987 τὸν

2121 2995 2372 3066 Πατέρα,
2413 3005 2464 3054 εὶ
2494 3004 2580 3072 μὴ
2623 3005 2698 3058 δι’
2733 3009 2916 3080 ἐμυῧὶ

2734 3124 3098 3196 Ἀπόκρισις.

2155 3269 2158 3271 .
2201 3226 2360 3280 Ἀλλά
2400 3231 2504 3301 χρὴ
2561 3234 2654 3286 καὶ
2696 3237 2974 3295 ἀντίθετον
3020 3250 3225 3318 ταύτης
3272 3253 3416 3323 παρὰ
3455 3253 3704 3322 Χριστοῦ

2116 3314 2346 3371 ἀκοῦσαι
2377 3322 2589 3393 φωνήν·
2639 3327 2866 3395 Οὐδείς,
2905 3335 3092 3403 φησὶν,
3138 3314 3369 3410 ἔρχεται
3411 3314 3558 3410 πρός
3589 3364 3692 3415 με,

2114 3410 2167 3462 εὶ
2187 3410 2273 3479 μὴ
2300 3416 2334 3466 ὀ
2354 3417 2556 3486 Πατήρ
2572 3437 2692 3487 μου
2717 3423 2997 3492 οὐράνιος
3023 3427 3272 3486 ἑλκύσω
3295 3436 3493 3491 αὐτόν.

2700 3561 2948 3616 ΠΕΥΣΙΣ
2986 3566 3106 3620 Al".

2197 3685 2332 3738 Ἀλλ’
2364 3687 2425 3740 οὑ
2459 3691 2652 3745 ταύτόν
2684 3694 2820 3760 ἐστι,
2848 3697 2927 3763 τὸ,
2969 3699 3044 3752 δι’
3075 3701 3244 3770 ἐμοῦ,
3278 3706 3373 3758 καὶ
3407 3707 3490 3772 τὸ,
3511 3709 3696 3765 ἐλκύ-

2111 3792 2225 3831 σει.
2261 3780 2332 3832 Τὸ
2373 3779 2498 3852 γὰρ,
2536 3782 2610 3836 δι’
2636 3785 2804 3853 ἐμοῦ,
2851 3790 3128 3857 πείθοντός
3169 3797 3318 3850 ἐστι·
3365 3799 3426 3852 τὸ
3469 3800 3549 3865 δὲ,
3594 3804 3694 3858 ἐλ-

2111 3867 2301 3932 κύειν,
2321 3869 2720 3939 ἀναγκάζοντος
2747 3877 2843 3930 τοῦ
2864 3879 3272 3950 αὑθεντοῦντος.

2724 4010 2781 4066 Ἀ
2789 4015 3084 4084 πόκρισις.

2179 4111 2244 4162 Τί
2264 4107 2483 4181 οῦν,ἐπὶ
2501 4123 2608 4178 τοῦ
2637 4123 2860 4194 Ἆδάμό
2881 4128 3026 4196 Θεὸς
3054 4120 3342 4205 πρόσὰγει
3370 4135 3442 4189 τὰ
3469 4139 3689 4209 κτήνη,

2100 4198 2257 4254 ἰδεῖν
2290 4206 2348 4257 τί
2378 4206 2625 4263 καλέσει
2674 4215 2864 4281 αὐτὰ,
2906 4221 3071 4288 φησὶν
3101 4198 3136 4274 ό
3182 4198 3284 4295 τῆς
3318 4198 3689 4302 δημιουργίας

2100 4290 2283 4362 λόγος;
2311 4295 2612 4369 Τολμήσεις
2643 4305 2795 4376 παρὰ
2821 4309 2980 4364 τοῦτο
3003 4290 3252 4370 διάκονον
3281 4290 3687 4396 καὶμὺπηρέτην

2098 4385 2187 4439 τὸν
2220 4386 2354 4441 Θεὸν
2385 4391 2661 4463 ἀποφῆναι
2677 4414 2690 4461 ;

2685 4533 2931 4589 ΠΕΥΣΙΣ
2967 4539 3086 4594 ΛΔ’.

2167 4633 2276 4688 Καὶ
2308 4637 2357 4688 εί
2387 4638 2590 4704 τέλειος
2617 4637 2686 4714 ἦν
2716 4646 2849 4712 Θεὸς
2881 4651 3201 4723 όΧριστὸς,
3237 4656 3356 4722 πῶς
3391 4661 3560 4732 σοφίᾳ
3589 4663 3682 4718 καὶ

2090 4724 2277 4795 ἡλικίᾳ
2297 4731 2629 4796 προκόπτειν
2657 4737 2820 4792 αὑτὸν
2845 4740 2992 4805 λέγει
3019 4744 3079 4797 τὸ
3106 4724 3471 4818 Εὑαγγέλιον,

2695 4918 3061 4990 Ἀπόκρισις.

2156 5035 2244 5106 Μὴ
2281 5041 2344 5109 τῇ
2382 5041 2593 5115 θεότητι
2627 5048 2810 5103 ἐκεῖνα
2841 5055 3230 5128 προσάψωμεν.
3263 5060 3336 5114 Οὑ
3373 5063 3481 5132 γάρ
3511 5064 3668 5130 αὔξει

2090 5126 2206 5178 κατ’
2236 5129 2473 5203 ἐκείνην,
2496 5136 2616 5191 οὑδὲ
2651 5139 2829 5210 λήγει,
2864 5146 2923 5197 οὑ
2964 5149 3230 5216 μειοῦται,
3266 5154 3325 5206 οὑ
3357 5154 3670 5226 δοξάζεται,

1961 5256 1978 5283 ,
2085 5218 2144 5270 οὑ
2175 5223 2536 5292 κορυφοῦται,
2573 5231 2670 5302 οὐχ
2700 5234 3021 5304 ὑφίσταται,
3057 5241 3116 5296 οὑ
3161 5246 3473 5314 συνάγεται.
3515 5250 3668 5321 Προ-

2084 5308 2255 5363 ϐαίνει
2293 5314 2350 5366 δὲ

405 5358 704 5415 secundum
749 5371 1000 5422 naturam
1050 5380 1292 5430 nostram
1328 5379 1382 5434 in
1417 5387 1598 5441 servili
1631 5387 1825 5447 forma.
1860 5393 1978 5451 Non
2081 5401 2300 5476 δουλικῇ
2353 5425 2392 5478 μ

405 5447 551 5478 nni...
588 5453 862 5478 -I....:.__.L
910 5459 952 5478 )9
996 5463 1007 5473 ο
1057 5463 1088 5478 ι.
1137 5465 1168 5478 λ.
1241 5469 1253 5478 .
1377 5473 1387 5478 -

405 5447 551 5500 enim
586 5453 870 5521 plenitudo
900 5459 1203 5520 divinitatis
1239 5469 1525 5528 imminuta
1557 5486 1662 5544 est,
1696 5496 1874 5552 neque
1904 5501 1994 5542 se-.
2074 5493 2242 5566 Θεότη

407 5541 642 5566 nun-An-..
675 5549 803 5566 nu,»
868 5563 877 5566 _
1015 5555 1026 5566 ι
1348 5562 1376 5566 _

2071 5581 2222 5648 Θεός.

2395 5323 2842 5394 κραταιοὺμενος,
2880 5331 2973 5383 καὶ
3007 5331 3186 5397 αὑξων
3224 5340 3288 5409 τῇ
3345 5339 3468 5394 καθ’
3509 5343 3669 5412 ἡμεῖς

2395 5415 2556 5483 ορφῇ.
2607 5417 2684 5469 Οὐ
2735 5419 2845 5490 γὰρ
2899 5421 3170 5497 πλήρωμα
3215 5427 3500 5502 ἠλαττώθη
3560 5435 3670 5505 τῆς

2247 5514 2356 5564 τος,
2391 5502 2509 5556 οὑδὲ
2554 5507 2693 5561 κατὰ
2727 5515 3010 5587 προκοπὴν
3040 5515 3099 5584 ὲξ
3135 5519 3441 5591 ἀνθρώπων
3467 5502 3662 5594 γέγονε

2209 5747 2254 5780 ³⁸
2279 5745 2434 5806 Joan.
2467 5769 2540 5822 vt,
2572 5755 2658 5826 Η,
2693 5757 2780 5816 66.
2886 5765 2930 5797 ³⁸
2960 5767 3091 5824 Cen.
3144 5784 3202 5837 ll,
3246 5769 3326 5829 I9.
3434 5767 3476 5800 ³⁷
3511 5763 3648 5824 Luc-
