3984 6208
317 201 421 259 897

887 324 1136 378 ΠΕΥΣΙΣ
1173 327 1293 380 ΛΕ’.

385 435 498 490 Καὶ
529 435 646 500 πῶς
683 438 758 508 μὴ
788 438 1003 492 κτιστὸν
1035 441 1259 510 εἴπομεν
1289 441 1379 494 τὸν
1422 441 1569 504 Υίὸν,
1601 443 1694 495 τοῦ
1737 445 1890 496 Ἀπο-

312 527 500 581 στόλου
530 528 830 598 γράφοντος
852 531 978 602 περὶ
1001 531 1190 596 αὐτοῦ,
1213 533 1478 596 Δέξασθε
1496 534 1601 586 τὸν
1617 534 1895 602 ἀρχιερέα

311 619 422 688 τῆς
438 621 699 687 πίστεως
717 621 908 690 ὑμῶν,
927 622 1148 677 πιστὸν
1162 624 1308 678 ὄντα
1335 623 1415 689 τῷ
1436 625 1757 694 ποιήσαντι
1786 629 1894 681 αὑ-

313 713 456 778 τόν;
504 713 634 776 Καὶ,
661 713 950 767 Γνωστὸν
976 715 1139 784 ὑμῖν,
1169 714 1288 782 πᾶς
1311 717 1474 782 οἶκος
1508 717 1776 786 Ἰσραὴλ,
1803 719 1893 773 ὅτι

306 804 524 858 τοῦτον
554 805 660 858 τὸν
691 805 928 873 Ἰησοῦν
977 805 1050 858 ὃν
1087 807 1254 876 ὑμεῖς
1280 809 1725 877 ἐσταυρώσατε,
1769 810 1892 864 Κύ-

301 913 438 961 ριον
465 897 564 949 καὶ
593 897 849 965 Χριστὸν
889 900 1077 953 αὐτὸν
1099 903 1132 954 ό
1180 901 1323 967 Θεὸς
1359 901 1629 970 ἐποίησε.
1660 904 1769 956 Καὶ
1798 906 1893 957 Σο-

308 986 492 1057 λομὼν
517 988 573 1040 δέ
605 1005 793 1058 φησιν,
825 991 888 1044 ἐκ
926 991 1219 1062 προσώπου
1252 993 1346 1047 τοῦ
1380 995 1616 1064 Χριστοῦ
1644 996 1778 1066 πρὸς
1799 997 1890 1050 τὸν

307 1077 442 1129 Θεὸν
471 1076 563 1130 καὶ
596 1077 816 1149 Πατέρα
836 1096 849 1108 ο
885 1081 1104 1148 Κύριος
1144 1082 1348 1136 ἕκτισέ
1387 1101 1464 1152 με
1493 1083 1692 1154 ἀρχὴν
1735 1085 1892 1141 ὁδῶν

307 1171 494 1224 αὐτοῦ
531 1172 620 1236 είς
659 1171 804 1240 ἔργα
835 1172 1045 1228 αὑτοῦ.

928 1304 1288 1378 Ἀπόκρισις.

378 1463 488 1517 Καὶ
519 1462 782 1535 ἀνωτέρω
824 1465 954 1536 περὶ
987 1467 1192 1522 τούτων
1223 1470 1513 1536 διαλαϐὼν,
1549 1473 1661 1536 τοῖς
1702 1474 1887 1538 αὐτοῖς

307 1555 472 1609 πάλιν
514 1553 876 1608 κυλινδεῖσθαι
912 1558 1138 1624 ἀτοπίας
1167 1562 1248 1615 λᾶν
1293 1563 1399 1634 εἴη,
1440 1565 1473 1634 ἢ
1517 1566 1876 1634 φιλοπαιδίας.

307 1649 381 1702 Τὸ
408 1648 538 1719 γὰρ,
572 1649 864 1710 ἐποίησεν
885 1636 1089 1716 αὑτὸν,
1127 1655 1241 1718 καὶ,
1273 1655 1475 1710 ἕκτισέ
1493 1675 1590 1726 με,
1621 1663 1686 1730 τῇ
1721 1662 1884 1732 σαρκὶ

261 1746 272 1753 ’
305 1740 539 1794 νοεῖσθαι
569 1740 712 1793 δοκῶ
751 1741 943 1797 ταῦτα.
994 1744 1238 1818 Ὅρῶμεν
1276 1747 1332 1800 δέ
1367 1749 1462 1802 καὶ
1503 1748 1602 1812 τὰς
1641 1751 1884 1822 παραϐο-

302 1833 404 1896 λὰς
438 1833 511 1903 μή
542 1833 738 1886 ταύτὸν
761 1835 1038 1908 ὑπάρχειν
1067 1840 1181 1900 τοῖς
1228 1840 1744 1912 παραϐαλλομένοις.
1795 1844 1882 1898 Ἐν

301 1925 413 1997 γὰρ
442 1923 518 1995 τῷ
547 1925 648 1995 τῆς
679 1926 979 1997 Παροιμίας
1004 1928 1184 1999 τεύχει
1222 1931 1417 2002 ταχθὲν
1453 1933 1608 2004 ῐσμεν
1639 1936 1718 1999 τὸ,
1763 1935 1811 1988 Κ
1818 1938 1880 1991 ύο

292 2035 428 2084 ριος
461 2015 666 2070 ἕκτισέ
685 2034 780 2085 με.
827 2020 1122 2091 Παροιμίαι
1151 2022 1206 2075 δὲ
1241 2023 1472 2094 παρόδιά
1497 2043 1615 2079 τινα
1645 2027 1878 2099 ὑπάρχει

300 2109 542 2179 ῥήματα,
566 2109 735 2177 οἶμος
768 2110 878 2182 γὰρ
903 2112 1017 2176 ὁδὸς
1053 2117 1118 2184 τῇ
1151 2113 1254 2178 ἔξω
1281 2115 1496 2188 παιδείᾳ
1516 2122 1714 2173 νοεῖται
1737 2122 1878 2175 ὥστε

299 2199 522 2272 πάροδοι
549 2202 660 2254 -καὶ
711 2202 917 2266 είκόνες
953 2204 1058 2257 τῶν
1088 2207 1430 2276 πραγμάτων
1472 2210 1529 2262 αἱ
1572 2212 1879 2282 παραδολαὶ

295 2291 674 2360 τυγχάνουσιν.
750 2293 972 2363 Ὁμοία,
1026 2297 1154 2369 γὰρ,
1213 2299 1388 2353 ἐστίν
1428 2301 1718 2365 βασιλεία
1759 2306 1878 2359 τῶν

295 2381 571 2450 οὐρανῶν
611 2385 811 2451 κόκκῳ
856 2386 1175 2454 σινάπεως,
1216 2390 1378 2460 φησὶν
1429 2393 1457 2444 ό
1501 2393 1720 2465 Κύριος.
1753 2397 1876 2460 Πῶς

297 2473 480 2527 τοίνυν
530 2475 588 2527 ἐν
637 2475 822 2546 κόκκῳ
875 2477 1092 2532 πάντων
1141 2481 1472 2550 σπερμάτων
1525 2485 1876 2558 ἀμυδροτέρῳ

294 2567 500 2637 ἄπειρα
544 2567 744 2638 πλήθη,
779 2567 873 2620 καὶ
905 2569 1063 2641 δῆμοι
1107 2571 1354 2640 ἀγγέλων
1396 2575 1490 2626 καὶ
1520 2577 1874 2645 άρχαγγέλων

293 2661 652 2731 χωρήσωσινς
697 2660 858 2714 Ἀλλά
882 2663 1100 2727 πάντως
1127 2667 1192 2736 τῇ
1224 2666 1391 2718 εικόνι
1413 2667 1582 2738 ταύτῃ
1611 2669 1873 2740 κέχρηται

291 2752 322 2805 ὁ
359 2751 637 2821 πάνσοφος
669 2754 894 2826 Κύριος,
939 2755 972 2826 ἢ
1019 2755 1106 2808 διὰ
1135 2757 1234 2826 τὴν
1263 2757 1452 2831 εὐτελῆ
1496 2760 1593 2830 τῆς
1627 2762 1872 2814 ἑκουσίου

294 2844 592 2913 πτωχείας,
639 2847 733 2898 καὶ
761 2847 897 2919 πρὸς
925 2847 1025 2917 τὴν
1059 2849 1332 2921 ἡμετέραν
1376 2851 1710 2922 βραχύτητα,
1744 2871 1872 2922 συγ-

293 2935 620 3002 κατάσασιν,
653 2929 819 3008 δι’
856 2939 987 3009 ἡμῖν
1029 2939 1176 3003 σκιὰ,
1221 2941 1312 2992 καὶ
1341 2941 1603 3010 άνάψυξις
1634 2943 1742 2995 τῶν
1782 2944 1878 2996 άλ-

293 3029 490 3096 γεινῶν
523 3030 625 3100 τῆς
667 3031 950 3103 παρούσης
991 3030 1135 3104 ζωῆς
1177 3034 1415 3101 γίνεταιο
1461 3034 1494 3105 ἢ
1543 3034 1630 3088 διὰ
1674 3035 1772 3107 τὴν
1819 3039 1876 3090 ἐν

291 3121 436 3193 ἀρχῇ
483 3122 578 3175 τοῦ
627 3123 1250 3195 εὐαγγελικοῦποιμνίου
1304 3126 1652 3198 μετριότητα,
1705 3127 1738 3199 ἢ
1789 3127 1876 3181 διὰ

289 3213 393 3285 τὴν
421 3214 522 3284 τῆς
571 3214 825 3285 θεότητος
871 3213 966 3267 τοῦ
1012 3216 1184 3286 Λόγου
1219 3217 1544 3291 δριμύτητα,
1585 3219 1651 3272 δι’
1681 3215 1750 3291 ἦς
1792 3239 1874 3274 νι-

293 3306 462 3375 φάδες
489 3305 762 3360 κινοῦνται
812 3305 1064 3377 δακρύων
1094 3311 1209 3371 τοῖς
1237 3309 1408 3379 ἡδέως
1449 3310 1759 3380 καὶ’ἀ6ρῶς
1807 3311 1873 3364 δι’

291 3397 496 3469 ἀρετῆς
533 3398 821 3468 μετέχουσι
871 3398 970 3451 τοῦ
1004 3398 1196 3469 νοητοῦ
1239 3399 1341 3470 τῆς
1391 3401 1676 3471 μετανοίας
1726 3403 1876 3456 σινά-

290 3505 466 3552 πεωςο
501 3481 562 3542 οὗ
586 3489 681 3542 καὶ
702 3491 730 3542 ό
750 3489 1222 3554 θεσπέσιοςιΔαόὶδ
1252 3491 1663 3562 ἐμφορούμενος
1694 3493 1872 3563 μελῳ-

287 3574 390 3636 δεῖ,
427 3577 640 3629 Λούσω
669 3579 796 3631 καθ’
829 3577 1098 3645 ἑκάστην
1128 3580 1317 3633 νύκτα
1342 3579 1459 3647 τὴν
1485 3581 1708 3650 κλίνην
1731 3600 1869 3650 μου,

285 3665 360 3718 ἐν
387 3664 648 3734 δάκρυσί
664 3683 782 3736 μου
811 3665 929 3735 τὴν
980 3668 1301 3738 στρωμνήν
1327 3686 1447 3738 μου
1497 3670 1716 3738 βρέξω.
1766 3671 1874 3724 Ka‘i

287 3758 477 3823 πάλιν,
508 3763 590 3813 Δι’
619 3761 871 3828 ἐξόδους
907 3762 1144 3818 ὑδάτων
1177 3761 1519 3817 κατέδυσαν
1554 3768 1608 3818 οἱ
1650 3765 1873 3834 ὀφθαλ-

279 3852 388 3920 μοί
431 3869 590 3921 μου·
638 3855 671 3924 ἢ
724 3854 813 3907 διὰ
848 3855 948 3925 τὴν
1001 3855 1300 3926 μέλλουσαν
1352 3855 1503 3910 Θείαν
1543 3856 1724 3927 κρίσιν
1759 3857 1875 3928 δρι-

289 3946 456 4014 μεῖαν
483 3945 786 4015 ἐπάγεσθαι
824 3949 940 4010 τοῖς
974 3948 1298 4018 ἡττημένοις
1327 3947 1404 4018 τῷ
1434 3948 1656 4019 χείρονι,
1689 3948 1874 4012 καθὼς

287 4038 469 4108 πάντη
525 4038 559 4107 ἡ
612 4037 730 4091 θεία
776 4038 963 4109 Πυκτὴ
1007 4039 1469 4110 διαμαρτύρεται,
1525 4043 1618 4095 καὶ
1672 4044 1705 4114 ἡ
1763 4043 1872 4097 τῶν

285 4126 394 4190 ἐξω
425 4125 706 4191 παίδευσις
733 4126 821 4181 διὰ
853 4128 1138 4192 Πλάτωνος
1167 4130 1293 4193 τοὺς
1326 4131 1384 4182 ἐν
1415 4131 1546 4203 πυρὶ
1587 4134 1868 4197 κωκυτοὺς

286 4217 525 4271 ἀπειλεῖ.
567 4218 636 4270 Ἢ
667 4217 756 4271 διὰ
788 4217 886 4288 τὴν
916 4219 1155 4290 ἄτμητον
1189 4220 1284 4273 καὶ
1313 4219 1617 4293 ἀδιαίρετον
1643 4222 1735 4276 τοῦ
1767 4223 1869 4277 Δό-

285 4326 385 4379 γου
419 4309 516 4362 καὶ
545 4309 647 4380 τῆς
687 4310 889 4380 σαρκὸς
915 4310 1105 4364 ἕνωσιν
1145 4312 1237 4364 καὶ
1269 4311 1398 4383 μίαν
1427 4313 1743 4379 ὑπόστασιν,
1772 4315 1867 4368 ού-

285 4401 399 4454 δενὶ
434 4399 577 4471 λόγῳ
624 4402 656 4470 ἢ
690 4400 904 4473 ἐπινοίᾳ
944 4402 1345 4474 διαιρουμένην.
1399 4405 1716 4458 Διεκπίπτει
1759 4407 1868 4479 γὰρ

285 4485 448 4554 αὖθις
474 4489 585 4543 τῶν
616 4490 895 4544 δακτύλων
932 4491 1034 4560 τῆς
1068 4491 1305 4556 διανοίας
1334 4491 1441 4546 τῶν
1468 4494 1816 4564 διαιρούντων
1843 4498 1872 4549 ὁ

285 4581 432 4644 θεῖος
461 4580 564 4651 τῆς
616 4580 895 4652 βασιλείας
942 4583 1166 4647 κόκκος,
1212 4583 1544 4656 βλασφήμων
1591 4586 1872 4658 παλάμαις

282 4671 634 4742 ἐγκλείεσθαι
685 4673 820 4745 μηδέ
869 4675 1008 4738 ὅλως
1049 4675 1396 4747 ἀνεχόμενος.
1441 4678 1581 4730 Ἀλλ’
1615 4679 1736 4733 οὐδὲ
1779 4698 1875 4734 σα-

281 4767 405 4834 φῶς
443 4765 534 4818 τὸν
569 4767 972 4838 παροιμιαστὴν
1003 4767 1327 4839 Σολομῶντά
1363 4786 1446 4832 τις
1487 4769 1792 4837 ἐπίσταται,
1825 4773 1873 4825 εί

283 4858 419 4928 περὶ
445 4856 540 4909 τοῦ
570 4856 706 4911 Θεοῦ
749 4857 914 4928 φησὶν
943 4859 1024 4926 τὸ,
1075 4861 1290 4930 Κύριος
1325 4859 1531 4914 ἕκτισέ
1565 4879 1661 4931 με.
1708 4861 1771 4916 ΕΞ
1813 4863 1870 4916 δὲ

282 4950 381 5004 καὶ
409 4950 586 5014 οὕτως
627 4952 760 5021 ἡμῖν
792 4951 1057 5024 ἐξελήφθη
1093 4954 1126 5024 ἡ
1162 4952 1252 5006 τοῦ
1293 4953 1464 5022 Σοφοῦ
1512 4955 1689 5026 ῥῆσις,
1724 4955 1870 5008 δοκεί

287 5058 379 5112 μοι
411 5041 513 5112 τὴν
542 5041 862 5114 θεανδρικὴν
903 5042 998 5096 τοῦ
1031 5045 1234 5116 Κυρίου
1273 5045 1554 5116 σημαίνειν
1588 5037 1870 5118 ἐπιφοίτη-

284 5152 393 5201 σιν,
443 5134 700 5204 φάσκων·
732 5136 947 5204 Κύριος
985 5136 1188 5191 sum
1228 5155 1299 5204 με
1328 5138 1526 5208 ἀρχὴν
1565 5139 1721 5194 ὁδῶν
1759 5143 1866 5195 αὐ-

282 5226 414 5289 τοῦ,
435 5228 523 5292 εὶς
553 5227 698 5297 ἔργα
732 5227 940 5292 αὐτοῦ,
973 5228 1088 5296 πρὸ
1119 5229 1225 5284 τοῦ
1257 5229 1472 5296 αἰῶνος
1510 5232 1868 5300 ἐθεμελίωσέ

278 5332 377 5384 με,
413 5317 527 5386 πρὸ
555 5316 625 5370 δὲ
651 5317 894 5372 πάντων
912 5319 1160 5383 ,Βουνῶν
1187 5320 1372 5389 γεννᾷ
1392 5339 1488 5391 με.
1533 5321 1656 5386 Πῶς
1686 5318 1778 5375 οὖν
1806 5323 1868 5375 τὸ

283 5405 624 5478 γεννώμενον
655 5408 1015 5480 θεμελιοῦται,
1049 5410 1166 5475 πῶς
1204 5411 1259 5465 δὲ
1304 5413 1367 5466 τὸ
1398 5413 1712 5485 κτιζόμενον
1742 5431 1865 5483 γεν-

1777 213 2125 275 DIALUGUS
2154 221 2192 273 Ι.

3469 237 3574 295 898

2409 336 2926 397 INTERROGATIO
2971 341 3181 400 XXXV.

2071 448 2359 514 Quomodo
2389 467 2522 508 vero
2561 470 2672 508 non
2721 454 2971 512 dicemus
3013 466 3257 513 creatum
3309 475 3434 518 esse
3482 462 3576 520 Fi-

1999 542 2154 607 lium,
2182 543 2256 599 'de
2297 544 2417 614 ipso
2452 547 2506 600 iu
2555 546 2800 616 Epistola
2834 549 3051 605 dicente
3083 550 3351 619 Apostolo
3388 573 3400 608 :
3443 555 3574 610 Sus-

1997 635 2152 702 cipite
2177 636 2477 703 pontiﬁcem
2524 638 2647 706 ﬁdei
2684 649 2870 694 vestrae
2893 681 2908 707 ,
2949 642 3037 709 qui
3080 641 3254 708 ﬁdelis
3287 654 3365 698 est
3407 647 3454 699 ei
3483 649 3573 716 qui

1996 726 2269 779 constituit
2306 727 2476 794 ipsum
2491 729 2577 786 ³⁸⁸2
2610 731 2694 791 Ει.
2729 730 2931 784 Nolunt
2967 733 3036 785 sit
3067 733 3234 797 vobis,
3267 737 3438 790 omnis
3477 737 3574 792 do-

1995 833 2111 871 mus
2136 817 2327 881 Israel,
2362 819 2502 890 quod
2526 820 2665 874 hunc
2688 821 2872 876 Iesum
2897 840 3045 894 quem
3086 842 3173 880 vos
3207 829 3569 896 cruci/ixistis,

1996 909 2282 964 Dominum
2307 921 2358 964 et
2390 910 2662 967 Christum
2686 913 2825 969 Deus
2851 915 3034 984 fecit”
3094 918 3198 973 Sed
3228 927 3281 975 et
3313 920 3568 976 Salomon

1994 1001 2173 1070 inquit
2204 1003 2256 1055 in
2279 1018 2512 1072 persona
2542 1005 2745 1061 Christi
2778 1007 2843 1060 ad
2877 1007 3044 1062 Deum
3076 1018 3131 1063 et
3157 1010 3374 1066 Patrem
3413 1031 3427 1067 :
3462 1011 3571 1065 Do-

1993 1095 2166 1146 minus
2200 1095 2393 1147 creavit
2433 1111 2535 1159 me,
2575 1097 2787 1151 initium
2820 1102 3022 1152 viarum
3057 1118 3277 1155 suarum
3305 1105 3375 1156 ad
3409 1120 3568 1173 opera

1991 1200 2090 1237 sua
2112 1184 2174 1238 ⁸ο.

2624 1318 2928 1388 Responsio.

2058 1472 2195 1528 Cum
2227 1475 2391 1529 etiam
2422 1477 2476 1531 in
2503 1480 2944 1547 praecedentibus
2969 1483 3037 1537 de
3067 1482 3260 1538 iisdem
3291 1492 3564 1541 tractave-

1993 1565 2118 1632 rim,
2148 1567 2342 1622 iisdem
2372 1584 2566 1625 rursus
2598 1571 2866 1641 implicari
2900 1574 3258 1631 absurditatis
3287 1576 3448 1631 fuerit
3471 1587 3566 1631 aut

1992 1656 2148 1711 lusus
2190 1660 2438 1728 puerilis.
2489 1660 2624 1716 Nam
2670 1664 2817 1733 quod
2856 1665 3051 1735 inquit,
3095 1667 3218 1734 [erit
3257 1668 3449 1735 ipsum,
3486 1678 3562 1734 et,

1989 1751 2182 1803 creavit
2217 1767 2318 1816 me,
2351 1751 2418 1807 de
2441 1767 2609 1808 carne
2644 1756 2868 1826 intelligi
2901 1765 3054 1826 puto.
3091 1756 3350 1814 Videmus
3383 1767 3564 1815 autem

1988 1849 2042 1895 et
2067 1840 2458 1896 similitudines
2485 1858 2593 1896 non
2623 1843 2764 1898 idem
2797 1860 2919 1900 esse
2949 1861 3071 1899 cum
3105 1849 3267 1904 rebus
3293 1849 3565 1904 assimila-

1987 1932 2081 1987 tis.
2117 1931 2254 1987 Nam
2287 1934 2340 1987 in
2375 1933 2661 1991 Parmmia:
2698 1937 2978 1993 volumine
3014 1941 3256 2010 positum
3299 1955 3422 1996 esse
3456 1941 3567 1996 sci-

1987 2041 2111 2082 mus
2163 2025 2318 2092 illud,
2359 2025 2618 2081 Dominus
2656 2030 2851 2082 creavit
2894 2045 2994 2084 me.
3046 2029 3330 2084 Parazmize
3376 2040 3561 2086 autem

1985 2117 2288 2172 allusiones
2341 2118 2589 2187 quaedam
2640 2126 2803 2182 sunt,
2853 2118 2908 2173 in
2958 2120 3142 2175 verbis
3191 2122 3344 2186 sitm;
3407 2116 3564 2191 οἶμος

1983 2209 2128 2264 enim
2185 2208 2328 2263 viam
2385 2209 2438 2264 in
2490 2218 2718 2265 externa
2767 2209 3020 2265 doctrina
3076 2211 3368 2282 signiﬁcat.
3415 2211 3563 2277 Qua-

1985 2308 2207 2370 propter
2241 2309 2294 2356 et
2325 2301 2622 2358 allusiones
2668 2311 2722 2358 et
2755 2303 3023 2373 imagines
3068 2319 3252 2358 rerum
3299 2312 3444 2358 sunt-
3466 2320 3563 2375 pa-

1982 2392 2203 2446 rabolm.
2254 2390 2439 2446 Simile
2469 2401 2546 2447 est
2581 2409 2794 2463 regnum
2837 2393 3085 2446 calorum
3120 2410 3286 2462 grano
3333 2394 3559 2460 sinapis,

1983 2483 2162 2552 inquit
2194 2483 2536 2538 Dominus“.
2573 2484 2861 2549 Quomodo
2886 2498 3017 2537 vero
3052 2483 3106 2536 in
3140 2498 3311 2554 grano
3351 2484 3560 2552 sinapis

1981 2575 2226 2628 omnium
2259 2575 2531 2628 seminum
2565 2574 2942 2628 niinutissimo
2976 2573 3259 2628 immensa:
3307 2574 3560 2629 multitu-

1980 2665 2139 2719 dines
2171 2673 2224 2719 et
2263 2663 2518 2718 nationes
2548 2664 2868 2734 angelorum
2898 2671 2954 2718 et
2984 2664 3440 2734 archangelorum
3479 2666 3560 2719 lo-

1980 2771 2104 2811 cum
2134 2755 2433 2818 habebunt,
2467 2754 2574 2808 nisi
2608 2755 2856 2809 dicamus
2878 2753 3236 2809 similitudine
3257 2769 3414 2810 usum
3437 2768 3560 2810 esse

1981 2847 2448 2918 sapientissimum
2491 2844 2780 2899 Dominum
2807 2884 2822 2910 ,
2872 2845 3038 2915 idque
3067 2845 3151 2900 vel
3189 2852 3413 2916 propter
3454 2845 3557 2898 liu-

1977 2941 2160 2994 milem
2198 2939 2521 2994 voluntaria:
2569 2937 2912 3008 paupertatis
2961 2946 3016 2993 et
3059 2938 3126 2992 ad
3179 2947 3427 2992 nostram
3473 2945 3558 2991 te-

1978 3032 2242 3086 nuitatem
2274 3029 2687 3093 demissionem,
2725 3043 2819 3098 per
2863 3043 3027 3097 quam
3071 3027 3230 3083 nobis
3278 3026 3473 3080 umbra
3503 3037 3559 3080 et

1976 3121 2329 3192 refrigerium
2364 3121 2422 3174 lit
2448 3119 2698 3174 dolorum
2730 3120 3015 3188 praesentis
3043 3119 3198 3184 vita};
3227 3119 3312 3174 vel
3337 3125 3558 3188 propter

1976 3214 2417 3271 mediocritatem
2447 3213 2747 3284 evangelici
2779 3212 2981 3283 gregis,
3005 3211 3099 3282 qui
3126 3218 3244 3266 erat
3265 3211 3333 3265 ab
3364 3209 3554 3274 initio;

1975 3309 2062 3363 vel
2107 3315 2336 3378 propter
2378 3305 2688 3360 divinitatis
2728 3305 2782 3358 in
2818 3303 2999 3360 Verbo
3046 3302 3359 3358 acredinem
3385 3339 3403 3366 ,
3460 3317 3560 3371 per

1975 3415 2141 3470 quam
2175 3398 2397 3453 cientur
2431 3397 2584 3452 nives
2629 3397 2998 3467 lacrymarum
3042 3393 3298 3449 delicatis
3329 3401 3384 3447 et
3418 3392 3558 3446 mol-

1975 3491 2120 3544 libus
2165 3503 2262 3559 per
2298 3488 2560 3541 virtutem
2607 3485 2964 3541 iutel!ectuali
3009 3484 3345 3554 paenitentia:
3376 3483 3555 3554 sinapi

1975 3579 2438 3652 participantibus
2473 3595 2486 3630 :
2535 3592 2648 3648 quo
2677 3585 2731 3631 et
2762 3575 2985 3630 divinus
3024 3582 3175 3630 vates
3214 3574 3448 3630 Davides
3495 3589 3556 3630 se

1974 3675 2232 3730 satiatum
2295 3672 2445 3728 canit
2487 3689 2501 3725 :
2551 3669 2762 3724 Lavabo
2803 3668 3028 3738 singulis
3083 3668 3324 3722 noctibus
3364 3670 3554 3720 lectum

1975 3782 2168 3829 meum,
2217 3765 2472 3834 lacrymis
2515 3763 2645 3816 meis
2675 3769 2906 3816 stratum
2947 3775 3120 3814 meum
3164 3758 3346 3828 rigabo
3363 3758 3429 3811 δ’.
3487 3757 3554 3810 Et

1974 3873 2216 3914 rursus:
2271 3854 2593 3909 Decursibus
2639 3868 2900 3922 aquarum
2942 3851 3201 3905 submersi
3247 3857 3369 3902 sunt
3415 3849 3555 3902 oculi

1974 3949 2164 4004 mei“.
2227 3946 2322 4002 Vel
2376 3954 2602 4016 propter
2660 3943 2903 3997 futurum
2955 3940 3200 3996 divinum
3244 3938 3548 4009 judicium,

1973 4039 2117 4112 quod
2147 4037 2403 4094 acerbum
2437 4032 2784 4104 superveniet
2813 4031 2881 4086 iis
2919 4030 3012 4101 qui
3063 4028 3305 4099 superati
3349 4035 3478 4083 sunt
3519 4041 3552 4079 a

1973 4131 2122 4186 vitiis
2159 4144 2174 4183 :
2209 4123 2671 4199 quemadmodum
2724 4121 2927 4192 ubique
2966 4120 3153 4176 divina
3193 4119 3389 4189 pagina
3427 4132 3551 4188 per-

1975 4223 2148 4286 hibet,
2183 4231 2237 4275 et
2279 4227 2521 4274 externae
2563 4213 2830 4288 doctrina:
2856 4227 2953 4283 per
2993 4211 3274 4266 Platonem
3310 4209 3552 4264 ululatus

1974 4312 2236 4384 lugubres
2267 4311 2321 4364 in
2359 4309 2469 4380 igni
2500 4308 2716 4362 futuros
2745 4307 3041 4360 minantur.
3083 4300 3180 4358 Vel
3211 4307 3433 4372 propter
3464 4301 3550 4354 in-

1975 4404 2208 4458 divisam
2233 4410 2286 4457 et
2319 4397 2740 4470 inseparabilem
2774 4395 2935 4452 Verbi
2968 4403 3022 4450 et
3055 4394 3244 4450 carnis
3265 4394 3548 4458 unionem,

1973 4504 2028 4550 et
2058 4510 2224 4549 unam
2271 4491 2632 4566 hypostasin,
2683 4491 2837 4548 nullo
2877 4491 3044 4544 verbo
3081 4495 3174 4542 aut
3219 4485 3551 4556 cogitatione

1974 4587 2357 4658 separabilem.
2390 4585 2524 4639 Nam
2551 4585 2700 4640 illico
2730 4583 2935 4641 excidit
2964 4582 3209 4636 divinum
3239 4577 3390 4648 regni
3425 4591 3551 4648 gra~

1977 4696 2106 4734 num
2144 4694 2245 4749 per
2272 4678 2472 4748 digitos
2515 4677 2714 4732 mentis
2755 4690 2946 4733 eorum
2987 4674 3081 4744 qui
3115 4672 3388 4733 dividunt,
3427 4669 3546 4722 bla-

1977 4772 2332 4841 sphemorum
2361 4769 2613 4824 manibus
2635 4767 2838 4822 includi
2871 4778 3217 4836 nequaquam
3249 4760 3542 4817 sustinens.

1979 4861 2085 4917 Sed
2122 4876 2301 4932 nequc
2335 4859 2632 4915 manifesto
2677 4858 2968 4929 quisquam
3008 4855 3151 4910 scire
3181 4859 3382 4924 potest,
3418 4865 3550 4904 num

1977 4953 2376 5010 Parmmiarum
2413 4953 2650 5022 scriptor
2685 4951 2944 5006 Salomon
2977 4947 3043 5002 de
3070 4945 3208 5000 Filio
3238 4943 3332 4999 Dei
3365 4943 3553 5013 loqua-

1978 5055 2088 5111 tur,
2124 5061 2248 5100 cum
2283 5045 2382 5112 ait,
2414 5045 2673 5099 Dominus
2702 5043 2896 5096 creavit
2931 5057 3012 5094 me
3037 5058 3056 5096 :
3098 5038 3182 5094 vel
3212 5035 3426 5092 etiamsi
3469 5033 3554 5089 sic

1977 5139 2279 5207 accipiatur
2314 5137 2580 5207 sapientis
2607 5135 2759 5190 illius
2793 5133 2893 5188 viri
2916 5133 3142 5196 dictum,
3170 5130 3388 5184 videtur
3417 5126 3551 5180 mihi

1976 5230 2287 5300 signiﬁcare
2317 5229 2610 5284 adventum
2641 5226 2782 5282 uniti
2821 5240 2946 5280 cum
2975 5223 3085 5280 Deo
3133 5220 3394 5283 hominis,
3423 5231 3550 5272 cum

1975 5325 2053 5376 ait
2078 5341 2092 5376 :
2129 5321 2383 5378 Dominus
2412 5321 2608 5377 ereavit
2633 5338 2731 5386 me,
2757 5321 2971 5375 initium
2998 5319 3204 5373 viarum
3236 5327 3455 5368 suarum
3481 5309 3550 5361 ad

1973 5430 2131 5483 opera
2170 5429 2290 5467 sua.
2335 5412 2470 5466 Ante
2509 5428 2674 5467 avum
2714 5427 2795 5466 me
2825 5409 3092 5479 fundavit,
3141 5413 3190 5459 et
3222 5410 3342 5456 ante
3372 5415 3550 5454 omnes

358 5613 405 5692 ff
435 5611 598 5672 llebr.
629 5631 712 5686 ιιι,
745 5616 797 5683 1,
826 5618 880 5672 2.
959 5617 1005 5650 ³⁵
1026 5616 1152 5676 Act.
1180 5632 1240 5689 ιι,
1272 5618 1363 5674 56.
1437 5619 1482 5656 ⁸ο
1506 5621 1664 5679 Prov.
1691 5639 1812 5692 vm,
1843 5622 1876 5677 2

2008 5620 2049 5655 "
2084 5619 2274 5677 Matth.
2305 5634 2430 5689 xm,
2458 5619 2548 5675 3|.
2627 5619 2671 5650 η
2701 5615 2848 5674 Psal.
2876 5629 2951 5684 vi,
2980 5611 3037 5667 7.
3114 5609 3159 5642 "
3187 5607 3333 5666 Psal.
3355 5621 3549 5670 εει-ιιι,

291 5681 415 5738 556.
