4030 6232
490 253 594 312 899

489 365 648 422 colles
681 362 842 434 gignit
872 377 950 415 me
967 361 1032 417 ³⁸.
1076 358 1362 427 Quomodo
1393 358 1560 429 igitur
1589 360 1830 430 genitum
1863 356 2061 413 funda-

483 453 619 510 tur?
647 459 738 505 aut
768 450 1043 521 quomodo
1063 457 1307 504 creatum
1339 449 1618 519 gignitur?
1649 446 1783 501 Nam
1815 446 2059 503 creatum

490 548 730 619 genitum
776 560 884 599 non
940 552 1045 605 est.
1096 550 1151 597 et
1204 544 1447 613 genitum
1499 551 1742 597 creatum
1798 555 1906 595 non
1954 548 2057 596 est.

488 639 649 696 Aliud
675 637 817 692 enim
864 643 948 690 est
988 635 1141 700 illud,
1186 642 1239 689 et
1274 633 1422 689 aliud
1473 634 1597 687 hoc.
1648 631 1889 701 Utraque
1935 645 2066 687 vero

489 730 740 786 videmus
759 741 881 781 esse
908 724 1105 779 Filium
1136 742 1149 777 :
1183 725 1484 779 increatum
1510 723 1727 793 quidem
1758 722 2062 785 divinitate,

489 831 739 878 creatum
772 832 903 874 vero
932 816 1294 872 humanitate.
1331 815 1428 870 Est
1450 824 1631 871 autem
1669 812 1923 884 frequens
1948 828 2065 868 mos

489 928 666 969 sacrae
692 910 1010 982 Scriptum,
1036 923 1099 963 ea
1126 923 1248 979 quae
1282 908 1439 963 nobis
1470 906 1694 977 propria
1721 913 1870 971 sunt,
1913 904 2061 960 indi-

490 1014 621 1054 care
646 1000 909 1069 primum,
938 1005 993 1053 et
1030 997 1289 1067 deinceps
1320 996 1652 1065 antiquiora.
1686 994 1779 1049 Sic
1808 993 1952 1049 enim
1989 992 2069 1046 l'a-

492 1092 567 1143 cit
613 1098 667 1144 et
701 1088 921 1143 divinus
961 1085 1270 1147 Mattiueus,
1318 1102 1384 1141 ex
1438 1084 1931 1156 propinquioribus
1976 1097 2069 1138 or-

493 1181 649 1236 diens
698 1181 1027 1235 annuntiare
1086 1180 1244 1234 nobis
1304 1178 1655 1249 Evangelinm
1710 1177 1777 1231 de
1827 1175 2066 1230 Christo.

492 1271 667 1334 Liber,
724 1270 1071 1341 inquiens",
1116 1270 1469 1340 generationis
1525 1267 1654 1322 Iesu
1705 1268 1928 1330 Christi,
1967 1267 2071 1336 ﬁlii

495 1362 735 1425 Davidt's,
772 1362 879 1431 ﬁlii
909 1352 1201 1414 Abrahami
1229 1377 1247 1413 :
1283 1362 1477 1431 partim
1505 1360 1723 1430 quidem
1748 1357 1967 1413 Judazos
1994 1357 2072 1411 al-

498 1451 707 1513 liciens,
743 1449 883 1505 ﬁlios
922 1450 1219 1504 Abrahami
1267 1465 1389 1511 sese
1428 1449 1569 1503 falso
1607 1448 1987 1517 praulicantes,
2017 1454 2071 1501 et

494 1557 632 1597 vane
670 1558 729 1597 se
756 1542 1029 1610 iactantes
1076 1550 1297 1611 propter
1327 1540 1476 1595 viros
1518 1550 1776 1602 sanctos,
1827 1553 2065 1609 quorum

494 1632 619 1688 vitae
648 1633 914 1686 rationem
964 1645 1073 1685 non
1128 1629 1529 1685 imitabantur:
1575 1628 1771 1699 partim
1808 1644 1935 1683 vero
1977 1644 2071 1681 ru-

495 1724 678 1779 diores
726 1739 821 1793 per
875 1722 1261 1793 propinquiora
1309 1723 1362 1777 in
1412 1723 1652 1777 divinam
1704 1722 2069 1792 cognitionem

496 1816 724 1878 ducens,
755 1824 810 1870 et
851 1813 905 1867 in
950 1814 1245 1883 Evangelia
1274 1814 1470 1869 deinde
1512 1812 1885 1884 progrediens,
1916 1812 2068 1867 ordi-

500 1916 589 1959 tur
615 1906 798 1960 divina
828 1906 1130 1976 praedicare
1178 1906 1245 1960 de
1284 1905 1525 1970 Christo,
1554 1905 1711 1975 quasi
1742 1919 1837 1974 per
1865 1904 2069 1959 scalam

499 1992 737 2063 aliquam
784 1992 1098 2049 subduccns
1127 1994 1193 2047 ad
1236 1993 1507 2047 diviniora
1528 1996 1539 2003 "
1558 2000 1805 2049 nostrum
1858 1992 2071 2047 intelle-

498 2092 671 2139 ctum.
698 2084 905 2156 inquit
950 2088 1116 2157 igitur
1156 2102 1341 2141 rerum
1377 2085 1686 2141 divinarum
1726 2086 1935 2155 peritus
1983 2085 2074 2139 ille

500 2176 765 2231 Salomon
799 2194 812 2230 :
846 2176 1106 2231 Dominus
1134 2178 1329 2237 crearit
1357 2194 1457 2241 me,
1479 2178 1690 2231 initium
1714 2178 1916 2231 viarum
1943 2194 2071 2230 sua-

499 2283 617 2319 rum
644 2282 665 2321 7:
694 2267 910 2321 initium
942 2268 1157 2322 scilicet
1188 2267 1289 2321 via:
1324 2267 1551 2335 justitia:
1585 2265 1885 2339 Evangelii,
1926 2265 2073 2337 quod

497 2364 582 2411 cst
608 2356 908 2412 secundum
941 2373 1161 2412 carnem
1197 2358 1357 2413 nobis
1385 2375 1453 2412 ex
1485 2367 1757 2428 perpetuae
1783 2359 2074 2429 virginita-

498 2449 569 2503 tis
613 2456 786 2502 matre
830 2447 999 2503 Maria
1063 2451 1319 2505 nativitas
1369 2449 1463 2504 Dei
1523 2449 1710 2515 Verbi,
1761 2450 1908 2517 quod
1956 2460 2076 2505 ante

498 2557 664 2596 morini
689 2557 766 2594 me
785 2541 1051 2609 fundavit.
1074 2540 1376 2613 Antequam
1404 2542 1693 2597 circularis
1714 2549 1858 2597 esset
1884 2543 2080 2598 hebdo-

499 2632 659 2685 mada
684 2633 869 2687 surculi
899 2634 1205 2703 praesentis,
1234 2641 1389 2690 sexta
1438 2634 1527 2689 die
1558 2634 1837 2701 auimaiu
1869 2634 2077 2690 Adamo

501 2723 725 2778 fundata
774 2733 858 2779 est
904 2726 972 2780 ab
1025 2725 1219 2795 opiﬁcc
1254 2733 1462 2780 natura:
1493 2733 1737 2793 nostra)...
1773 2725 1953 2795 Atque
1995 2726 2077 2781 sic

500 2826 862 2888 post,sextam
892 2820 1124 2890 septima
1148 2820 1312 2889 hujus
1345 2820 1529 2875 saaculi
1558 2821 1914 2875 constituitur
1936 2819 2076 2886 dies,

500 2911 701 2977 septies
734 2911 789 2963 in
823 2912 1170 2980 semetipsam
1215 2912 1458 2967 revoluta
1490 2926 1586 2981 per
1618 2920 1791 2966 totum
1830 2926 2073 2982 praesens

500 3020 777 3076 sa‘culum.
805 3020 885 3075 Ad
907 3020 1179 3077 diviniora
1208 3030 1390 3077 autem
1425 3031 1479 3075 et
1510 3024 1817 3092 antiquiora
1849 3038 2074 3094 progre-

400 3113 404 3117 ’
500 3111 680 3172 diens.
727 3111 951 3179 inquit:
997 3112 1131 3165 Ante
1167 3128 1345 3166 omnes
1387 3113 1548 3167 colles
1596 3114 1759 3183 gignit
1809 3128 1932 3167 me:
1978 3130 2075 3183 per

500 3199 705 3262 colles,
758 3199 861 3255 hoc
910 3202 1066 3267 loco,
1104 3203 1276 3258 caelos
1310 3204 1395 3259 vel
1441 3210 1588 3259 certe
1616 3219 1712 3259 eas
1743 3220 1864 3274 quae
1908 3219 2076 3273 supra

500 3288 670 3344 celos
713 3295 843 3343 sunt
887 3298 1183 3360 potestates
1229 3292 1570 3363 signiﬁcans.
1603 3291 1722 3347 Non
1752 3294 1897 3349 enim
1926 3295 2075 3358 caeli,

502 3394 613 3435 non
647 3379 844 3449 angeli,
886 3396 995 3435 non
1025 3382 1359 3453 archangeli,
1393 3400 1502 3439 non
1543 3387 1806 3455 temporis
1837 3385 2080 3455 qualitas

500 3478 598 3524 aut
625 3472 926 3541 quantitas,
976 3488 1082 3526 non
1122 3475 1408 3539 saeculum,
1441 3491 1550 3530 non
1582 3476 1730 3531 aliud
1778 3476 2077 3546 quidquam

502 3561 648 3630 quod
684 3560 913 3631 cogitari
957 3562 1039 3616 vel
1079 3562 1187 3617 dici
1234 3572 1434 3633 potest,
1470 3566 1756 3636 antiquius
1795 3576 1880 3624 est
1915 3567 2075 3623 Filio.

504 3652 637 3704 Nam
666 3651 785 3721 ipse
817 3654 1144 3709 saeculorum
1178 3656 1429 3711 conditor
1460 3666 1570 3723 est,
1602 3660 1958 3730 omniumque
1990 3676 2077 3716 re-

502 3760 624 3799 rum
678 3745 732 3799 in
784 3747 1129 3812 universum,
1167 3758 1355 3819 aperte
1388 3751 1657 3808 clamante
1695 3752 1863 3809 Paulo
1908 3770 1923 3807 :
1976 3753 2081 3808 Per

502 3853 651 3907 quem
693 3847 745 3892 et
788 3840 982 3893 saecula
1022 3841 1257 3895 condidit
1278 3843 1361 3909 ";
1404 3852 1478 3907 et,
1513 3843 1580 3899 In
1614 3846 1725 3914 ipso
1745 3856 1925 3900 creata
1962 3857 2087 3900 sunt

504 3930 749 3983 universa
780 3939 889 3983 tam
919 3933 1265 4000 aspectabiiia
1302 3951 1463 4004 quam
1493 3937 1916 4006 inaspectabilia,
1954 3954 2084 4007 quo-

503 4021 646 4072 niam
687 4021 865 4073 omnia
888 4036 980 4089 per
1008 4022 1182 4087 ipsum
1223 4024 1370 4093 facta
1398 4035 1521 4079 sunt
1540 4026 1605 4080 ⁸⁷.
1660 4027 1888 4081 Creatur
1919 4027 2085 4097 igitur

503 4125 568 4165 ex
620 4110 786 4166 Maria
823 4113 1036 4169 ratione
1078 4116 1259 4170 carnis
1301 4127 1615 4188 assumpta},
1662 4116 1925 4173 fundatur
1953 4133 2083 4172 vero

504 4202 685 4255 anima
735 4201 789 4256 in
822 4214 1007 4259 creato
1038 4221 1301 4274 corpore;
1359 4208 1614 4279 utrisque
1659 4219 1842 4265 autem
1895 4211 2084 4265 unitus

1509 242 1567 300 S.
1598 245 1899 300 CASSABII
1935 243 2258 300 GREGURII
2296 241 2599 299 FRATRIS

3621 246 3723 301 900

2162 360 2349 423 vitai;
2385 358 2457 410 Τὸ
2485 357 2593 427 γάρ
2628 352 2841 408 κτιστὸν
2872 354 2930 408 οὐ
2960 354 3236 427 γεννητὸν,
3266 355 3327 408 τδ
3351 355 3407 409 δὲ
3450 358 3725 426 γεννητὸν.

2161 452 2221 505 οὐ
2266 434 2521 504 κτιστὸνο
2576 449 2760 518 ἕτερον
2806 447 2916 519 γὰρ
2956 449 3150 513 ἐκεῖνο,
3194 448 3421 519 θάτερον
3459 447 3511 501 δὲ
3555 448 3723 503 τοῦτο.

2182 542 2489 613 Ἀμφότερα
2522 542 2578 594 δὲ
2615 542 2829 612 ὁρῶμεν
2867 542 2994 593 ὂντα
3038 540 3130 594 τὸν
3159 539 3321 593 Υἱόν⁸
3357 540 3608 594 ἄκτιστον
3637 541 3727 610 μὲν

2163 634 2399 703 θεότητι,
2435 633 2650 686 κτιστὸν
2690 634 2748 686 δὲ
2801 631 3200 704 ἀνθρωπότητι.
3250 630 3390 683 Ἀλλ’
3435 630 3555 693 ἔθος
3604 630 3727 683 πολ-

2162 724 2323 796 λαχοῦ
2357 728 2422 795 τῇ
2457 725 2577 796 Θείᾳ
2614 726 2800 797 Γραφῇ
2831 726 2899 779 τὰ
2926 724 3202 793 ἐγγύτατα
3239 726 3373 794 ἡμῖν
3411 723 3606 794 πρῶτα
3635 740 3728 793 mq-

2169 818 2399 889 μαίνειν,
2448 818 2542 871 καὶ¹
2569 817 2639 870 τὰ
2685 817 2908 888 ἀρχαῖα,
2955 815 3204 886 δεύτερα.
3240 814 3398 869 Οὕτω
3424 816 3533 888 γὰρ
3584 818 3674 869 καὶ
3704 818 3731 869 6

2166 908 2309 971 θεῖος
2336 908 2610 971 Mat-Gaio;
2658 910 2822 971 ποιεῖ,
2856 908 2920 959 ὲκ
2952 904 3062 959 τῶν
3106 906 3418 977 ὲγγυτέρων
3458 906 3552 960 καὶ
3583 906 3732 977 εὐληο

2167 1002 2447 1071 πτοτέρων
2476 1000 2776 1071 ἀρχόμενος
2814 1001 2945 1071 ἡμῖν
2984 999 3076 1052 τὸν
3125 999 3359 1069 Χριστὸν
3390 998 3733 1068 εὐαγγελίζε-

2166 1110 2256 1146 ται
2280 1110 2293 1121 ·
2325 1093 2542 1157 Βίϐλος
2573 1090 2865 1161 γενέσεως
2922 1090 3123 1158 Ἰησοῦ
3162 1090 3440 1157 Χριστοῦ,
3470 1091 3604 1144 vim";
3634 1093 3733 1143 Δα-

2170 1185 2282 1249 ϐὶδ,
2311 1185 2444 1239 υἱοῦ
2487 1182 2733 1252 Ἀϐραάμ
2752 1198 2766 1212 °
2798 1182 2955 1235 τοῦτο
2987 1182 3084 1252 μὲν
3119 1182 3403 1244 Ἰουδαίους
3428 1181 3734 1252 ἐπισπώμε-

2169 1295 2277 1342 νος,
2310 1278 2474 1330 τέκνα
2501 1276 2595 1329 τοῦ
2655 1275 2905 1346 Ἀϐραὰμ
2953 1274 3216 1345 ὑπάρχειν
3255 1273 3733 1346 ψευδηγοροῦντας,

2170 1370 2265 1423 καὶ
2293 1368 2720 1439 σεμνυνομένους
2754 1367 2875 1436 εἰκῆ
2921 1368 3035 1429 τοῖς
3080 1365 3406 1429 Θεσπεσίοις,
3438 1360 3519 1419 ὧν
3561 1383 3618 1418 τε
3645 1367 3734 1435 τὴν

2171 1460 2445 1513 πολιτείαν
2492 1460 2591 1511 οὐκ
2661 1457 3031 1527 ἐμιμήσαντο·
3076 1454 3234 1508 τοῦτο
3283 1455 3341 1508 δὲ
3390 1456 3736 1525 νηπιάζοντος

2171 1552 2253 1605 ἔτι
2285 1550 2378 1605 τοῦ
2416 1551 2603 1604 ϐιάσου
2641 1552 2705 1603 ἐκ
2731 1550 2839 1601 τῶν
2867 1549 3175 1620 ἐγγυτέρων
3218 1550 3364 1619 ἡμᾶς
3397 1551 3480 1613 εἰς
3519 1550 3737 1618 θεογνω-

2173 1646 2293 1698 σίαν
2335 1643 2577 1713 ποδηγεῇ
2618 1642 2712 1695 καὶ⁸
2756 1640 2959 1713 προῖὼν
2988 1641 3066 1711 τῷ
3130 1641 3441 1712 Εὑαγγελίῳ
3481 1642 3737 1710 θεολογεῖν

2171 1738 2262 1790 τὸν
2294 1736 2527 1806 Χριστὸν
2552 1736 2796 1805 ἄρχεται,
2824 1734 3013 1804 ὥσπερ
3039 1733 3126 1788 διὰ
3149 1734 3415 1803 κλίμακάς
3446 1751 3591 1798 τινος
3620 1735 3738 1788 ἀνά-

2170 1846 2284 1898 γων
2331 1827 2486 1899 ήμῶν
2540 1826 2677 1897 πρὸς
2734 1820 2805 1878 τὰ
2854 1825 3102 1895 θειότερα
3153 1824 3253 1895 τὴν
3296 1824 3560 1879 διάνοιαν.
3614 1827 3739 1897 Φησὶ

2170 1919 2299 1987 γοῦν
2347 1920 2376 1970 ό
2413 1917 2518 1970 τῶν
2558 1916 2717 1985 θείων
2766 1914 2927 1984 σοφὸς
2971 1914 3242 1985 Σολομὼν,
3287 1912 3512 1984 Κύριος
3538 1916 3736 1971 ἔκτισέ

2170 2026 2248 2080 με
2300 2008 2498 2078 ἀρχὴν
2530 2007 2686 2063 ὁδῶν
2732 2007 2951 2060 αὑτοῦ·
2994 2005 3168 2077 ἀρχὴν
3212 2005 3319 2077 γὰρ
3360 2007 3485 2060 ὀδοῦ
3531 2008 3624 2079 τῆς
3664 2008 3735 2061 διο

2172 2103 2464 2174 καιοσύνης
2496 2101 2593 2154 τοῦ
2622 2100 2976 2169 Εὐαγγελίου,
3011 2101 3072 2153 τὸ
3098 2100 3239 2153 κατὰ
3289 2099 3470 2170 σάρκα
3524 2103 3653 2172 ἡμῖν
3681 2101 3738 2152 ὲκ

2174 2194 2275 2263 τῆς
2308 2192 2586 2256 eumue;
2629 2191 2847 2264 Μαρίας
2876 2190 3128 2260 γενέσθαι
3166 2191 3257 2244 τὸν
3299 2190 3430 2245 Θεὸν
3476 2194 3663 2261 Λόγον,
3689 2191 3739 2253 ὃς

2173 2289 2286 2357 πρὸ
2332 2288 2440 2342 τοῦ
2464 2285 2681 2352 αἰῶνος
2711 2284 3068 2353 ἐθεμελίωσέ
3101 2302 3196 2353 με.
3233 2284 3346 2357 Πρὸ
3381 2285 3477 2338 τοῦ
3510 2285 3737 2354 γενέσθαι

2173 2381 2271 2450 τὴν
2327 2378 2590 2448 κυκλικὴν
2636 2377 2909 2447 ἑϐδομάδα
2954 2376 3050 2430 τοῦ
3104 2376 3367 2448 παρόντος
3417 2377 3637 2441 αἰῶνος,
3680 2378 3737 2445 τῇ

2174 2469 2307 2539 ἕκτῃ
2340 2470 2523 2540 ἡμέρᾳ
2552 2469 2585 2538 ἡ
2618 2467 2763 2538 ψυχὴ
2798 2468 2857 2520 ὲν
2886 2461 2967 2534 τῷ
3013 2466 3185 2537 Ἀδάμ
3226 2466 3567 2538 ὲθεμελιώθη
3609 2466 3738 2536 παρὰ

2175 2560 2269 2613 τοῦ
2312 2562 2596 2631 οἰκοδόμου
2643 2561 2740 2631 τῆς
2785 2558 3000 2629 φύσεως
3042 2561 3221 2629 ἡμῶν,
3274 2560 3369 2613 καὶ
3397 2559 3576 2623 οὕτως
3620 2558 3740 2629 μετὰ

2182 2651 2281 2722 τὴν
2302 2652 2468 2721 ἓκτην
2493 2648 2526 2722 ὴ
2560 2651 2762 2720 ἑϐδόμη
2791 2650 2884 2703 τοῦ
2916 2649 3113 2713 αἰῶνος
3136 2649 3552 2721 δημιουργεῖται
3577 2649 3740 2719 ἡμέρα

2180 2740 2411 2805 ἑπτάκις
2441 2739 2890 2810 ὰνακυκλουμένη
2931 2740 3010 2803 εἰς
3050 2739 3245 2808 ἑαυτὴν
3291 2738 3379 2792 διὰ
3422 2739 3624 2802 παντὸς
3656 2737 3738 2791 τοῦ
3780 2752 3785 2757 ·

2180 2832 2476 2896 ἐνεστῶτος
2509 2830 2725 2895 αἰῶνος.
2770 2832 2895 2884 Ἐπὶ
2922 2832 2979 2885 δὲ
3005 2831 3074 2885 τὰ
3103 2830 3351 2901 θειότερα
3395 2831 3493 2884 καὶ
3523 2828 3740 2901 ἀρχικώ-

2180 2940 2313 2994 τερα
2342 2923 2568 2993 προῖὼν,
2607 2922 2737 2992 φησί
2756 2939 2771 2955 ’
2797 2923 2914 2990 Πρὸ
2938 2922 3007 2975 δὲ
3043 2920 3285 2975 πάντων
3305 2921 3555 2985 ,Βουνῶν
3575 2918 3739 2990 τεν-γᾷ

2173 3032 2249 3083 με
2276 3030 2289 3043 ο
2335 3013 2557 3083 βουνοὺς
2592 3011 2824 3065 ἐνταῦθα
2866 3014 2989 3075 τοὺς
3015 3012 3298 3083 οὐρανοὺς,
3340 3012 3460 3081 ἤτοι
3494 3009 3590 3074 τὰς
3616 3009 3739 3080 ὑπὲρ

2179 3106 2374 3168 αὐτοὺς
2416 3104 2669 3173 δυνάμεις
2702 3103 2896 3174 δηλῶν.
2938 3104 3050 3156 Οὐκ
3081 3102 3299 3173 οὐρανοὶ
3336 3100 3469 3172 γάρ,
3517 3102 3615 3154 οὐκ
3652 3101 3737 3167 ἄγ-

2178 3194 2348 3264 γελοι,
2393 3194 2494 3245 οὐκ
2530 3194 2886 3265 ἁρχάγγελοι,
2930 3194 2991 3246 οὐ
3038 3194 3249 3262 καιρὸς,
3299 3191 3360 3244 οὐ
3405 3191 3606 3262 χρόνος,
3649 3188 3741 3241 οὐκ

2182 3284 2337 3348 αἰὼν,
2372 3286 2471 3354 οὐχ
2511 3284 2697 3356 ἕτερόν
2726 3302 2781 3337 τι
2820 3283 3106 3355 νοούμενον
3154 3284 3187 3356 ἢ
3233 3282 3577 3354 φραζόμενον,
3606 3296 3734 3349 πρε-

2180 3376 2440 3447 σϐύτερον
2470 3376 2563 3430 τοῦ
2594 3375 2745 3429 Υἱοῦ.
2782 3376 2951 3440 Αὐτὸς
2984 3375 3093 3447 γάρ
3121 3376 3351 3446 ὑπάρχει
3374 3371 3596 3443 ποιητὴς
3634 3369 3740 3423 τῶν

2184 3468 2395 3522 αἰώνων
2448 3468 2541 3522 καὶ
2593 3468 2810 3523 πάντων
2861 3466 3027 3537 ὁμοῦ·
3060 3465 3271 3519 Παύλου
3326 3465 3423 3536 μὲν
3464 3463 3740 3538 διαρρήδην

2186 3560 2417 3631 βοῶντος
2445 3560 2528 3625 τὸ,
2558 3560 2636 3612 Δι’
2674 3554 2749 3614 οὗ
2783 3558 2882 3611 καὶ
2924 3557 3067 3623 τοὺς
3102 3555 3321 3622 αἰῶνας
3360 3557 3625 3624 ἐποίησε,
3654 3554 3738 3607 καὶ

2184 3653 2266 3714 τὸ,
2316 3653 2411 3704 Ἐν
2442 3649 2602 3715 αὐτῷ
2621 3650 2867 3717 ἐκτίσθη
2902 3649 2973 3703 τὰ
3002 3648 3218 3712 πάντα,
3247 3646 3321 3701 τά
3346 3664 3408 3700 τε
3453 3648 3633 3717 ὁρατὰ
3653 3644 3741 3701 καὶ

2187 3745 2429 3812 ἀόρατα,
2471 3742 2560 3795 ὅτι
2595 3740 2793 3794 πάντα
2839 3740 2913 3795 δι’
2963 3740 3150 3794 αὐτοῦ
3200 3738 3459 3809 ἐγένετο.
3506 3739 3741 3803 Κτίζεται

2185 3830 2276 3888 οὖν
2300 3836 2365 3887 ὲκ
2393 3832 2609 3904 Μαρίας
2638 3832 2715 3903 τῷ
2741 3832 3147 3903 προσλήμματι,
3170 3830 3516 3901 θεμλιοῦται
3544 3831 3597 3885 δὲ
3614 3828 3740 3899 ψυχὴ

2184 3928 2242 3979 ὲν
2278 3924 2357 3994 τῷ
2390 3923 2691 3994 κτιζομένῳ
2722 3922 2954 3993 σώματι,
2986 3924 3191 3993 ἀμφοῖν
3219 3923 3275 3975 δὲ
3303 3924 3331 3975 ὁ
3361 3923 3537 3992 Λόγος
3565 3921 3742 3975 καταλ-

2182 4017 2359 4087 λήλως
2391 4015 2632 4079 ὲνωοεὶς,
2671 4015 2886 4077 κτιστὸς
2922 4015 3021 4085 μὲν
3053 4016 3244 4085 ὁρᾶται
3272 4014 3483 4086 βροτὸς,
3516 4016 3742 4072 iuncto;

2187 4107 2245 4160 δὲ
2290 4108 2492 4159 νοεῖται
2537 4105 2686 4170 Θεὸς,
2730 4106 2791 4170 ἐξ
2841 4105 3098 4159 ἀκτίστου
3151 4106 3362 4176 Πατρδς
3421 4106 3632 4177 πατέρα
3677 4100 3741 4171 μὴ

2190 4198 2421 4269 ἔχοντος.

505 4291 706 4357 Verbo.
738 4303 952 4351 creatus
999 4297 1216 4368 quidem
1249 4301 1497 4355 cernitur
1540 4304 1732 4371 homo,
1764 4303 2047 4359 iacreatus
2098 4307 2277 4354 autem
2331 4291 2652 4362 intelligitur
2675 4288 2818 4346 Deus
2845 4304 2909 4344 ex
2943 4292 3188 4343 tncreato
3220 4288 3384 4345 Patre
3435 4304 3506 4343 ac
3555 4296 3738 4359 patrem

506 4398 615 4438 non
645 4385 896 4441 habente.

897 4496 1415 4556 INTERROGATIO
1452 4502 1696 4560 XXXVI.

595 4586 666 4642 At
721 4590 996 4658 quomodo
1048 4590 1165 4659 ipse
1220 4592 1390 4649 Filius
1430 4603 1675 4649 creatum
1726 4598 2075 4666 semetipsum

506 4678 769 4742 ostendit,
798 4678 986 4734 dicens
1010 4698 1026 4733 :
1050 4680 1160 4751 Ego
1191 4698 1305 4735 sum
1329 4684 1523 4737 ostium
1550 4686 1805 4749 ovium",
1831 4697 1884 4741 et
1912 4687 2082 4741 ria“?

508 4769 772 4825 Similiter
798 4778 851 4825 et
880 4786 909 4825 a
941 4773 1223 4843 prophetis
1267 4781 1492 4830 creatus
1537 4790 1659 4831 esse
1694 4777 1975 4845 innuitur;
2012 4778 2082 4833 ab

509 4859 647 4913 Isaia
678 4856 919 4931 quidem,
964 4880 1088 4919 cum
1133 4866 1268 4936 lapis
1304 4868 1608 4936 offensionis
1652 4867 1874 4935 dicitur,
1911 4879 1963 4925 et
1992 4886 2082 4939 pe-

509 4958 596 5001 tra
629 4950 869 5005 καικίαιὶ
899 4954 981 5021 ";
1014 4968 1043 5007 a
1088 4956 1288 5011 Davide
1330 4970 1481 5021 vero,
1517 4958 1771 5013 columna
1825 4959 2001 5030 ignis;
2030 4967 2084 5015 et

510 5038 581 5092 ab
614 5038 756 5102 aliis,
792 5041 897 5106 leo,
925 5045 1043 5099 ovis
1074 5057 1128 5101 et
1164 5049 1269 5103 alia
1303 5049 1726 5121 quamplurima.

1142 5217 1455 5287 Responsio.

581 5306 651 5360 At
671 5303 970 5361 cavendum
998 5320 1065 5359 ne
1089 5307 1279 5364 littera:
1300 5313 1647 5369 dormitando
1671 5314 2077 5381 incumbentes,

511 5412 614 5453 nos
646 5399 795 5469 ipsos
831 5412 859 5452 a
885 5396 1248 5454 divinioribus
1281 5404 1644 5461 secludamus.
1680 5406 1836 5471 Nam,
1875 5420 2077 5460 secun-

512 5489 641 5543 dum
672 5490 929 5545 eximium
973 5488 1328 5559 Apostolum,
1379 5494 1555 5549 littera
1597 5497 1810 5562 accidit,
1855 5498 2076 5565 spiritus

585 5620 630 5652 ιι
656 5620 818 5696 [διὀνῖ
851 5639 967 5696 vui,
991 5624 1082 5685 τε.
1117 5624 1208 5696 25,
1244 5623 1334 5680 2‘3.
1430 5628 1472 5661 ιε
1502 5628 1688 5685 Matth.
1720 5647 1756 5696 ι,
1802 5630 1851 5684 t.

516 5702 626 5757 xw,
657 5691 709 5746 6.
801 5694 845 5726 '°
873 5694 972 5748 lsa.
1005 5711 1119 5761 vui,
1150 5694 1236 5749 ﬂ.

1953 5628 1997 5660 ⁸⁵⁸
2028 5625 2190 5683 llehr.
2231 5643 2268 5694 ι,
2303 5627 2357 5680 2.

2755 4490 3004 4543 Herm:
3043 4490 3182 4556 Acr.

2255 4586 2367 4643 Καὶ
2401 4584 2518 4648 πῶς
2550 4583 2712 4646 αὐτὸς
2754 4581 2785 4632 ό
2832 4581 2962 4643 Υἱὸς
3002 4579 3221 4634 κτιστὺν
3264 4579 3461 4633 ἑαυτὸν
3521 4580 3738 4633 δείκνυσι

2186 4680 2430 4748 φάσκων,
2491 4673 2631 4743 Ἐγώ
2672 4675 2787 4741 εἰμι
2817 4671 2855 4740 ἦ
2899 4672 3049 4738 θύρα
3082 4670 3202 4723 τῶν
3233 4669 3567 4738 προϐάτων,
3592 4668 3681 4723 καὶ
3708 4666 3738 4730 ἡ

2187 4770 2363 4835 ὀδός;
2408 4765 2640 4837 Ὁμοίως
2669 4764 2726 4817 δὶ
2757 4763 2852 4816 καὶ
2885 4762 2990 4815 ὑπὸ
3019 4761 3128 4814 τῶν
3162 4760 3517 4832 προφητικῶν
3549 4756 3738 4816 κτιστὸς

2188 4859 2594 4918 ὑποδείκνυται,
2629 4854 2734 4907 ὑπὸ
2783 4854 2880 4923 μὲν
2918 4852 3139 4906 Ἥσαῖου
3180 4854 3349 4918 λίθος
3378 4850 3741 4919 προσκόμμα-

2185 4968 2317 5015 τος,
2364 4950 2460 5003 καὶ
2512 4946 2698 5013 πέτρα
2738 4943 3125 4998 σκανδάλου*
3180 4942 3285 4997 ὑπὸ
3331 4942 3389 4996 δὲ
3432 4942 3529 4997 τοῦ
3573 4936 3736 4999 Δαὸὶδ,

2186 5042 2481 5110 στυλοπὺρ,
2512 5037 2605 5107 ὑφ’
2639 5035 2841 5106 ἑτέρων
2874 5034 2930 5087 δὲ
2964 5034 3121 5099 λέων,
3153 5032 3444 5105 πρόϐατον,
3474 5033 3571 5086 καὶ
3595 5031 3740 5099 ἕτερα

2184 5132 2435 5185 πλεῖστα.

2799 5218 3163 5287 Ἀπόκρισις.

2268 5313 2427 5367 Ἀλλά
2478 5313 2553 5385 μὴ
2602 5311 2679 5383 τῷ
2723 5309 3013 5381 γράμματι
3058 5310 3559 5382 προωθεύδοντας
3617 5304 3741 5375 σφοῖς

2186 5406 2291 5458 τῶν
2319 5405 2602 5475 Θειοτὲρων
2634 5406 3069 5474 ἀποκλείσωμεν.
3098 5404 3254 5456 Κατὰ
3278 5405 3388 5477 γάρ
3418 5404 3508 5458 τὸν
3556 5398 3742 5469 ὑψηλὸν

2198 5497 2541 5562 Ἀπόστολον,
2569 5496 2636 5549 Τὸ
2669 5496 2902 5565 γράμμα
2926 5494 3285 5559 ἀποκτείνει,
3320 5495 3385 5548 τὸ
3419 5494 3484 5547 δὲ
3520 5488 3743 5555 πνεῦμα

3520 5625 3564 5656 ⁸³
3589 5620 3737 5677 Joan.

2456 5628 2499 5660 ⁸⁷
2531 5627 2741 5683 Coloss.
2773 5644 2809 5695 ι,
2849 5625 2900 5681 7.
3006 5628 3052 5663 ⁸³
3080 5625 3235 5684 Joan.
3269 5644 3323 5694 χ,
3356 5627 3406 5682 7.
