4030 6232
380 237 480 292 σοι

376 357 662 418 ζωοποιεῖ.
716 361 1009 418 Ἀνάπαλιν
1041 365 1098 420 δὲ
1127 370 1268 440 φημί
1288 388 1300 400 ·
1338 371 1413 424 Οὑ
1458 373 1519 427 τὸ
1547 375 1781 446 γράμμα
1816 379 1957 433 ἀπο-

373 448 584 503 κτείνει
633 452 761 515 τοὺς
800 453 978 526 ὀρθῶς
1034 457 1496 527 ἀποσκοποῦντας,
1542 466 1651 518 οὐδ’
1685 463 1750 521 αὖ
1797 469 1957 524 πάλιν

374 536 637 628 ζωοποιεῖ
666 540 730 592 τὸ
766 542 984 613 πνεῦμα
1015 544 1467 617 βλασφημοῦντας
1496 554 1663 625 αὐτῷ.
1701 558 1957 628 Τιμήσω-

378 642 485 697 μεν
509 624 603 681 οῦν
631 628 692 682 τὺ
720 631 938 703 πνεῦμα
965 635 1112 701 ὅπως
1140 639 1423 710 νοήσωμεν
1450 643 1511 696 τὸ
1548 624 1802 717 γράμμα,
1834 624 1957 719 τρο-

373 719 554 781 πικῶς
598 720 693 773 τὸν
733 721 861 775 Υίδν
905 723 1077 797 θύραν
1119 729 1213 783 καὶ
1253 732 1372 785 ὁδὸν
1411 734 1505 786 καὶ
1552 736 1718 802 λίθον,
1762 740 1855 791 καὶ
1885 739 1956 793 τὰ

372 808 543 865 λοιπὰ
572 811 684 865 τῶν
731 814 958 870 εἰκόνων
991 817 1366 891 ἐκδεχόμενον
1414 825 1532 878 ὁδὸν
1572 827 1819 891 νοοῦντες
1859 830 1955 882 αὑ-

370 899 491 962 τὸν,
523 900 663 972 πρὸς
685 900 786 973 τὴν
815 904 1015 971 γνῶσιν
1039 906 1131 959 τοῦ
1165 909 1379 982 Πατρὸς
1405 913 1500 966 καὶ
1530 914 1639 967 τῶν
1671 914 1953 988 θειοτέρων

370 989 677 1061 φέρουσανο
705 990 876 1063 θύραν
925 995 1282 1067 ἀνοιγομένην
1314 1000 1412 1069 μὲν
1437 1004 1549 1065 τοῖς
1576 1002 1664 1056 διά
1690 1005 1798 1057 τῶν
1826 1006 1954 1077 ἀρε-

368 1080 482 1135 τῶν
531 1080 849 1137 σπεύδουσιν
897 1085 1047 1150 ἐντὸς
1101 1088 1394 1155 γενέσθαι,
1450 1096 1640 1164 πυγμῇ
1700 1096 1951 1159 παίοντες

371 1170 529 1241 σφῶν
554 1171 623 1226 τά
650 1174 879 1244 στέρναο
909 1175 1100 1240 στύλος
1129 1178 1186 1231 δὲ
1219 1180 1443 1234 νοείσθω
1471 1183 1750 1255 ἑδραίωμα
1778 1186 1952 1259 ὑπάρ-

371 1279 495 1332 χειν
532 1261 627 1333 τῆς,
669 1263 905 1327 πίστεως
943 1266 1121 1337 ἡμῶν,
1156 1269 1533 1342 ὑποστηρίζων
1574 1274 1690 1345 ἅμα
1732 1278 1824 1330 καὶ
1857 1278 1952 1348 φέ-

371 1369 487 1423 ρων
517 1351 587 1407 τά
634 1352 927 1425 σύμπαντα
946 1372 960 1386 ·
1001 1357 1149 1424 λίθος
1175 1360 1231 1413 δὲ
1265 1362 1689 1434 προσκόμματος
1716 1367 1948 1440 ὑπάρχει

366 1443 645 1510 ἀπίστοις,
677 1446 770 1499 καὶ
816 1447 992 1519 πέτρα
1042 1450 1340 1505 σκανδάλου
1386 1454 1679 1520 Ἰουδαίοις,
1728 1459 1858 1529 ἡμῖν
1890 1460 1951 1513 δὲ

366 1535 519 1599 λίθος
543 1535 641 1589 τοῦ
673 1536 920 1607 θεμελίου
953 1539 1054 1610 τῆς
1096 1541 1441 1613 Ἐκκλησίας,
1479 1547 1656 1600 πᾶσαν
1689 1548 1787 1618 τὴν
1811 1566 1945 1621 κρη-

365 1628 501 1682 πῖδα
534 1627 791 1699 συνέχων.
838 1630 1039 1703 Πέτρα,
1072 1632 1133 1685 τὸ
1172 1620 1390 1707 στερεὸν
1430 1639 1524 1690 καὶ
1554 1640 1801 1694 ἄπτωτον
1846 1620 1945 1712 τῆς

362 1718 681 1789 ὁμολογίας,
781 1723 1291 1795 προσαραττόμεναι
1322 1727 1376 1779 αἱ
1405 1730 1691 1800 τρικυμίαι
1719 1732 1826 1787 τῶν
1854 1735 1942 1787 αἱ-

367 1808 594 1880 ρέσεων,
631 1812 765 1883 πρὸς
800 1813 971 1883 ἀφρὸν
1013 1808 1169 1878 αὖθις
1199 1815 1515 1870 ἐκλύονται·
1563 1819 1800 1892 σκώληξ,
1846 1840 1944 1876 κα-

364 1898 478 1963 Od»;
511 1917 677 1971 φησιν
710 1900 738 1952 ὁ
778 1902 964 1967 Δαὸὶδ,
1008 1903 1037 1955 ὁ
1078 1904 1191 1957 τῶν
1234 1903 1395 1959 θείων
1453 1907 1719 1978 μελῳδὸς.
1776 1911 1940 1978 Ἡμῖν

368 1991 473 2061 μὲν
504 1992 644 2045 κατά
690 1993 782 2047 τὸν
834 1996 898 2048 ὲκ
942 1994 1041 2065 τῆς
1075 1996 1270 2067 χέρσου
1318 1997 1572 2069 σκώληκα
1616 2002 1743 2055 ἄνευ
1797 2003 1940 2067 τινὸς

364 2083 575 2148 πάθους
602 2085 634 2158 ἧ
664 2086 964 2150 συνουσίας,
1002 2088 1066 2141 ἐκ
1099 2088 1198 2159 τῆς
1221 2090 1497 2154 ἀείπαιδος
1531 2093 1747 2165 Μαρίας
1778 2094 1938 2147 ἀπει-

362 2176 627 2247 ρογάμως
662 2179 994 2249 τικτόμενος,
1020 2182 1132 2244 τοῖς
1159 2180 1201 2233 δ’
1234 2182 1493 2247 ἐναντίοις
1526 2184 1737 2258 σκώληξ
1764 2205 1937 2259 τιμωι

361 2266 511 2337 ρίας,
540 2267 978 2341 ὑπο[τι]τραίνων
1009 2271 1100 2324 καὶ
1132 2272 1403 2327 ὑπεσθίων
1430 2275 1699 2348 ἀλήκτως.

945 2472 1193 2525 ΠΕΥΣῘΣ
1230 2474 1351 2529 AZ'.

450 2561 586 2613 Ἀλλ’
628 2561 727 2615 ἐὰν
766 2562 841 2633 μὴ
898 2561 1057 2634 εἴπῃς
1086 2563 1248 2617 αὑτὸν
1292 2564 1528 2630 κτίσμα,
1569 2566 1813 2639 ὑϐρίζεις
1845 2569 1937 2623 τὸν

354 2653 605 2723 Πατέρα,
637 2653 805 2717 πάθος
823 2653 971 2724 αὑτῷ
994 2654 1349 2725 προσάπτων.
1376 2657 1490 2720 Πᾶς
1519 2657 1626 2729 γὰρ
1654 2660 1683 2711 ὁ
1707 2661 1931 2728 γεννῶν,

352 2744 617 2815 ἐμπαθὴς
646 2744 861 2808 πάντως
879 2744 1066 2798 ἔσται.
1107 2746 1177 2798 Ἦ
1203 2747 1545 2801 συστέλλεται
1574 2749 1703 2822 γὰρ,
1734 2751 1769 2822 ἢ
1796 2752 1933 2807 πλα-

349 2833 597 2901 τύνεται,
632 2834 666 2905 ἢ
696 2835 867 2905 τομὴν
895 2835 927 2907 ἢ
970 2834 1153 2906 ρεῦσιν
1187 2836 1494 2905 ὑφίσταται,
1524 2839 1555 2909 ἢ
1586 2840 1868 2907 ὀγκοῦται,
1897 2841 1929 2911 ἢ

352 2923 731 2991 ταπεινοῦται,
764 2926 805 2997 ἦ
829 2944 880 2979 τι
911 2926 1126 2991 πάντως
1151 2928 1413 3000 ὑπομένει
1441 2932 1469 2984 ὁ
1498 2932 1723 3001 γεννῶν.

968 3105 1319 3175 Ἀπόκρισις.

436 3195 646 3264 Ἄπαγε
669 3197 768 3267 τῆς
782 3195 1033 3265 τοιαύτης
1054 3196 1342 3267 ληρῳδίας,
1365 3198 1694 3269 ἀξιάγαστεῐ
1728 3202 1801 3255 Οὐ
1824 3202 1931 3275 γὰρ

354 3287 522 3360 σῶμα
556 3288 619 3341 τὸ
658 3289 809 3342 Θεῖον
840 3288 1073 3360 ὑπάρχει
1120 3289 1269 3360 ὄγκῳ
1303 3289 1335 3361 ἢ
1369 3291 1603 3364 συστολῇ.
1633 3293 1920 3365 ὑποκείμεο

351 3380 529 3451 νον,ἢ
561 3379 797 3452 ῥεύσειῆ
827 3385 966 3453 τομῇ
998 3382 1187 3452 ﬁam;
1224 3383 1384 3437 πάθει
1411 3388 1516 3438 τινὶ
1560 3387 1928 3459 χειρούμενον.

350 3471 514 3526 Καθδ
537 3468 629 3525 οῦν
660 3474 689 3525 ὁ
722 3472 910 3544 Πατὴρ
937 3472 1151 3543 πνεῦμα
1192 3473 1484 3545 ὑπάρχων,
1512 3477 1601 3529 τὸν
1642 3477 1766 3530 Υἱδν
1799 3478 1931 3532 θεὸν

350 3562 534 3631 Δόγον
591 3563 1001 3633 πνευμωτικῶς,
1060 3564 1335 3634 άχρόνως,
1390 3565 1683 3637 ἀφράστως
1726 3568 1928 3636 γεγέν-

349 3669 547 3724 νηκεν.
581 3654 722 3707 Ἀλλ’
750 3654 935 3727 ἐπειδὴ
964 3653 1233 3719 πλείστοις
1257 3656 1405 3709 δοκεῖ
1434 3658 1466 3728 ἡ
1492 3657 1613 3727 ὄψις
1644 3660 1740 3729 τῆς
1760 3660 1931 3731 ἀκοῆς

352 3744 691 3816 πιστοτέρα,
716 3745 827 3800 δεῖν
851 3745 1038 3817 ᾠήθην
1070 3746 1162 3799 καὶ
1188 3747 1444 3819 ἀμυδρῶς
1479 3749 1783 3820 χρήσασθαι
1821 3768 1926 3804 παί·

355 3834 715 3906 ραδείγμασιν
735 3876 751 3901 ,
780 3837 871 3889 ἐπὶ
893 3835 987 3889 τοῦ
1017 3836 1242 3900 ἀπαθῶς
1279 3836 1537 3908 γεννῆσαι
1564 3838 1624 3891 τὸ
1653 3838 1806 3891 Θεῖον
1823 3879 1838 3902 ,
1866 3839 1925 3893 οὑ

353 3925 579 3996 ρεῦσιν,
606 3926 671 3980 οὑ
710 3926 883 3998 τομὴν
913 3928 1297 3998 ὑφιστάμενον.
1338 3929 1562 4001 κτίσμα
1587 3930 1773 3984 τοίνυν
1793 3930 1931 3988 Θεώ

349 4015 597 4086 ὖπάρχει
644 4020 674 4073 ὁ
722 4018 897 4089 ἥλιος,
954 4018 1047 4089 ἀφ’
1096 4014 1158 4072 οὗ
1210 4038 1352 4084 τινες
1385 4023 1442 4074 ὲν
1485 4025 1605 4085 ταῖς
1654 4023 1929 4093 ἀοικήτοις

352 4108 669 4174 ἐσχατιαξ,
713 4108 884 4180 παρος
907 4108 1217 4181 λειπόμενοι
1244 4111 1464 4165 πέττειν
1496 4112 1563 4164 τὰ
1591 4116 1739 4179 σῖτα,
1768 4116 1929 4167 ἱππο-

352 4196 557 4267 φορϐοί
583 4216 643 4252 τε
684 4199 777 4254 καὶ
817 4199 1096 4271 βουκόλοι,
1144 4200 1238 4253 καὶ
1272 4201 1563 4273 συφορϐοὶ,
1614 4204 1709 4256 καὶ
1737 4205 1929 4275 ποιμέ-

350 4305 483 4353 νες,
516 4288 713 4342 κύλικα
749 4289 939 4353 ὕδατος
984 4289 1226 4362 καθαροῦ
1274 4290 1691 4363 πληρώσαντες,
1734 4295 1825 4348 καὶ
1859 4297 1924 4366 τῇ

354 4382 544 4434 ἀκτῖνι
577 4380 671 4434 τοῦ
704 4381 852 4451 ἡλίου
897 4382 1272 4452 ἀντισχόντες,
1324 4384 1417 4436 καὶ
1463 4384 1591 4438 ὁνίδι
1620 4386 1760 4457 ξηρᾷ
1788 4386 1930 4457 ψαύ-

353 4490 553 4537 σαντες
580 4476 646 4545 τῇ
678 4474 940 4546 ὑδροχόῃ,
992 4470 1147 4538 αὖθις
1194 4475 1257 4527 τὸ
1304 4474 1423 4547 πῦρ
1448 4476 1669 4531 αὑτόθεν
1722 4479 1927 4532 ἀπεσύ-

348 4563 555 4635 ληταν,
582 4564 643 4617 ού
680 4564 886 4636 τομὴν,
927 4565 989 4618 οὑ
1028 4564 1244 4635 psam,
1293 4565 1393 4619 οὑκ
1423 4566 1618 4635 ὄγκον,
1651 4568 1929 4622 ούισυστο-

351 4653 459 4722 ὶὶιν
504 4653 599 4707 τοῦ
656 4655 939 4726 φωστῆρος
990 4656 1357 4718 ὑποστάντοςο
1408 4658 1502 4711 καὶ
1551 4658 1642 4712 διά
1683 4660 1929 4731 καθαρᾶς

353 4742 525 4797 eam.
559 4744 617 4796 ὲν
659 4743 855 4807 οἰκίαις
885 4743 1116 4812 διήκων,
1150 4744 1245 4796 καὶ
1290 4743 1453 4797 οἱονεί⁹
1488 4745 1801 4815 ἀπογεννῶν
1829 4746 1929 4811 τὰς

356 4835 585 4897 ἀκτῖνας
610 4833 751 4887 κατὰ
777 4833 957 4904 πάσης
995 4834 1222 4905 ἠπείρου
1248 4833 1533 4906 ἀνελλιπὴς
1566 4835 1660 4889 καὶ
1690 4835 1929 4907 ἄτμητος

356 4925 451 4979 διὰ
494 4923 695 4988 παντὸς
745 4925 960 4996 δρᾶται.
1028 4924 1259 4995 Ὁμοίως
1309 4924 1402 4979 καὶ
1456 4925 1661 4997 πυρσὸς
1729 4928 1927 4998 μυρίας

358 5014 611 5079 ἐξάπτων
639 5014 956 5084 λαμπάδας,
989 5015 1048 5068 οὑ
1083 5014 1297 5087 ρεῦσιν,
1323 5017 1383 5069 οὑ
1412 5017 1583 5089 τομὴν
1612 5017 1925 5088 ὑπέμεινεν.

363 5104 428 5156 Ei
454 5098 547 5156 οὖν
588 5102 726 5166 τέως
773 5102 1031 5174 ἁλώδητα
1084 5103 1323 5176 ὑπάρχει
1353 5104 1523 5158 ταῦτα
1543 5144 1559 5171 ,
1593 5105 1843 5178 ἀπείρως
1873 5107 1933 5161 τὸ

358 5196 515 5246 eam
560 5194 883 5265 ὑπιρτερεϊν
936 5193 1140 5247 τούτων
1188 5194 1310 5248 καθ’
1358 5195 1478 5249 ὅλου
1534 5197 1929 5268 πιστεύσομεν·

356 5286 525 5356 ἀτμὶς
558 5285 670 5357 γάρ
706 5285 842 5356 πρὸς
892 5286 1069 5341 ἐκεῖνο
1102 5286 1236 5357 ὁμοῦ
1284 5288 1361 5341 τά
1394 5287 1701 5359 σύμπαντα.
1740 5290 1934 5359 Γεγέν·

357 5392 494 5446 νηκε
528 5376 711 5429 τοίνυν
737 5378 765 5429 ὁ
796 5376 985 5446 Πατὴρ
1014 5376 1103 5430 τὸν
1136 5377 1305 5430 Παῖδα
1335 5378 1395 5431 οὑ
1425 5378 1513 5433 διά
1539 5381 1711 5452 τομῆς
1737 5382 1771 5452 ἢ
1805 5381 1936 5453 ῥεύ-

358 5480 531 5530 σεως,
578 5465 638 5518 ού
683 5465 751 5520 δι’
792 5465 958 5535 ὄγκου
998 5467 1092 5519 καὶ
1144 5466 1436 5537 συστολῆς·
1485 5469 1599 5523 ἀλλ’
1643 5471 1931 5542 ἀσώματος

362 5555 475 5621 ὢν,
527 5556 817 5627 ἀσώματον
869 5558 1042 5628 Λόγον
1103 5557 1467 5611 ὲνυπόστατον
1513 5560 1775 5617 ἀκούοντα
1836 5564 1930 5617 καὶ

434 5684 693 5741 ιιιιεοτ.
714 5698 803 5754 tu,
827 5685 880 5744 6.
973 5688 1017 5719 “
1047 5684 1193 5743 Psal.
1219 5702 1331 5755 ut,
1367 5686 1418 5741 7.

1799 259 2141 319 DIALOGUS
2163 263 2205 318 1.

3526 279 3632 337 902

2060 397 2175 435 vero
2213 380 2522 453 viviﬁcal".
2576 382 2942 457 V’icissimque
2983 385 3205 459 inquam
3241 406 3341 463 ego
3379 398 3475 453 :Si
3517 412 3625 454 non

2057 472 2256 527 occidit
2279 475 2459 528 littera
2492 490 2585 529 eos
2618 476 2707 545 qui
2739 485 2882 533 recte
2912 479 3281 543 considerant,
3303 497 3476 551 neque
3496 484 3623 540 item

2057 562 2296 617 viviﬁcat
2327 566 2552 634 spiritus
2577 566 3016 638 blaspbentantes
3046 571 3245 640 ipsum.
3285 572 3625 631 Honoremus

2056 652 2221 722 igitur
2256 656 2506 723 spiritum
2558 664 2616 711 ut
2664 658 3032 729 intelligamus
3081 661 3334 716 litteram.
3372 661 3626 735 Figuratc

2058 739 2273 809 Filium,
2299 744 2521 810 ostium,
2548 754 2603 800 et
2628 746 2792 810 viam,
2821 756 2876 801 et
2905 748 3161 818 lapidem,
3181 758 3235 805 et
3257 750 3301 805 si
3320 753 3448 822 quid
3478 754 3623 810 aliud

2053 843 2136 887 est
2230 833 2499 902 ejusmodi
2566 835 2975 893 similitudinem
3014 852 3019 890 ε
3056 840 3162 895 dici
3217 844 3550 913 accipiamus
3608 863 3622 900 :

2053 922 2193 976 viam
2216 922 2581 995 intelligentes
2613 926 2813 996 ipsum,
2844 938 2902 983 ut
2924 930 3015 999 qui
3047 946 3146 987 nos
3174 932 3227 986 in
3254 934 3621 1005 cognitionem

2052 1011 2227 1070 Patris
2284 1016 2700 1088 divinarumque
2751 1035 2933 1075 rerum
2992 1022 3201 1091 ducat;
3272 1026 3476 1081 ostium
3538 1037 3624 1083 est

2052 1117 2292 1176 apertum
2314 1108 2379 1164 iis
2395 1110 2486 1179 qui
2514 1112 2846 1180 pervirtutes
2863 1113 3009 1168 intus
3033 1117 3344 1184 ri-gcnerari
3380 1117 3618 1183 student,

2050 1209 2232 1264 pugno
2281 1196 2594 1265 frequenter
2637 1200 3004 1269 percutientes
3059 1211 3317 1272 pectora;
3368 1206 3621 1261 columna

2049 1301 2184 1341 vero
2208 1287 2537 1358 intelligatur
2582 1288 2983 1347 ﬁrmamentum
3028 1309 3150 1369 esse
3201 1294 3324 1348 fidei
3374 1301 3620 1360 nostra.

2050 1377 2278 1434 ﬁrmiter
2309 1379 2629 1437 suifulciens
2657 1392 2710 1437 et
2738 1382 2918 1439 ferens
2956 1384 3117 1438 simul
3148 1385 3401 1440 universa
3422 1404 3444 1453 ;.
3479 1386 3621 1457 lapis

2048 1477 2229 1523 autem
2275 1468 2590 1525 oﬂensionis
2625 1472 2918 1528 incredulis
2950 1480 3056 1536 est,
3096 1480 3150 1529 et
3183 1482 3333 1544 petra
3376 1475 3620 1531 scandali

2054 1559 2288 1627 Iudaeis;
2318 1562 2474 1618 nobis
2497 1573 2678 1618 autem
2706 1565 2843 1634 lapis
2878 1564 3213 1620 fundamenti
3234 1565 3617 1631 Ecclesiae,to—-

2048 1660 2154 1704 tam
2194 1652 2366 1706 basim
2398 1654 2707 1709 continens.
2735 1654 2916 1718 Petra,
2952 1656 3119 1711 robur
3137 1665 3191 1710 et
3223 1656 3450 1713 ﬁrmitas
3480 1673 3616 1713 con-

2043 1738 2337 1807 fessionis,
2388 1756 2491 1811 qua
2541 1744 2791 1812 procella:
2827 1747 3090 1801 lueresum
3129 1746 3503 1815 impugnatze,
3556 1747 3615 1802 in

2043 1846 2289 1903 spumam
2327 1848 2524 1889 rursus
2548 1834 2961 1903 dissolvuntur;
2998 1838 3219 1904 vermis,
3262 1838 3616 1908 quemadmo-

2040 1923 2170 1977 dum
2195 1923 2425 1981 Darides
2447 1925 2757 1981 divinorum
2786 1928 3089 1982 carminum
3121 1940 3312 1984 auctor
3337 1930 3569 2000 inquit"
3597 1949 3609 1985 :

2041 2031 2104 2070 ac
2124 2016 2281 2073 nobis
2299 2017 2514 2087 quidem
2533 2018 2706 2074 instar
2725 2020 2999 2075 vermisex
3023 2028 3187 2086 terra,
3207 2022 3413 2091 absque
3430 2020 3614 2092 aliquo

2037 2106 2231 2163 all'ectu
2277 2116 2371 2164 aut
2418 2109 2597 2174 coitu,
2640 2126 2705 2165 ex
2751 2119 3023 2181 perpetua:
3066 2111 3396 2182 virginitatis
3442 2122 3621 2168 matre

2038 2197 2226 2266 Maria,
2263 2200 2468 2271 absque
2494 2201 2724 2274 nuptiali
2758 2201 3143 2257 commistione
3174 2209 3367 2268 natus;
3414 2202 3610 2257 adver-

2042 2289 2203 2345 sariis
2232 2297 2412 2346 autem
2450 2292 2651 2347 vermis
2682 2291 2979 2363 supplicii,
3023 2291 3314 2347 stimulans
3360 2298 3416 2348 et
3442 2292 3609 2363 depa-

2040 2394 2205 2435 scens
2228 2381 2437 2453 absque
2464 2382 2594 2437 line.

2406 2490 2925 2547 INTERROGATIO
2964 2490 3225 2545 XXXV".

2111 2582 2272 2652 Atqui
2308 2582 2413 2636 nisi
2445 2582 2622 2651 ipsum
2657 2589 2962 2637 creaturam
2988 2596 3111 2635 esse
3134 2580 3361 2643 dixeris,
3399 2588 3602 2635 contu-

2040 2676 2201 2731 melia
2223 2673 2437 2729 Patrem
2469 2673 2659 2738 amcis,
2691 2672 2940 2728 allectum
2987 2674 3035 2727 ei
3089 2672 3354 2726 tribuens.
3413 2672 3604 2727 Omnis

2037 2767 2183 2820 enim
2212 2767 2301 2836 qui
2360 2772 2604 2837 generat,
2653 2765 2876 2819 omnino
2910 2764 3014 2819 erit
3054 2764 3325 2817 obnoxius
3364 2762 3604 2819 all'cctui.

2036 2858 2144 2911 Aut
2167 2858 2308 2912 enim
2335 2857 2705 2922 contrahitur,
2736 2863 2829 2909 aut
2857 2856 3137 2917 dilatatur,
3173 2861 3267 2909 aut
3296 2854 3601 2909 sectionem

2030 2936 2501 3003 iderivationemve
2531 2949 2757 3017 patitur,
2796 2955 2891 3001 aut
2927 2946 3171 3011 effertur,
3212 2952 3306 2998 aut
3344 2932 3611 3015 deprimi-

2036 3041 2149 3100 tur,
2180 3045 2273 3090 aut
2306 3043 2456 3091 certe
2488 3035 2751 3107 talequid
2781 3035 3041 3102 sustinet,
3069 3034 3163 3104 qui
3200 3043 3449 3105 generat.

2667 3126 2972 3195 Responsio.
3036 3138 3039 3139 '

2104 3219 2263 3273 Absit
2295 3218 2488 3288 procul
2512 3218 2621 3272 tale
2652 3218 2935 3283 delirium,
2952 3231 2993 3271 o
3012 3216 3291 3287 praeclare.
3319 3213 3435 3269 Non
3460 3214 3611 3270 enim

2033 3310 2216 3366 divina
2254 3319 2451 3365 natura
2491 3325 2690 3380 corpus
2720 3317 2827 3375 est,
2862 3309 3081 3363 elationi
3111 3317 3207 3361 aut
3240 3305 3611 3363 eontractiom’r

2033 3401 2339 3470 subjectum
2375 3440 2388 3462 .
2433 3406 2527 3453 aut
2566 3388 2766 3464 ﬂux'ui,
2801 3406 2896 3453 aut
2939 3395 3195 3461 scctioni,
3233 3404 3326 3450 aut
3378 3410 3604 3465 prorsus

2032 3493 2400 3561 qualicunque
2442 3489 2656 3544 all‘ectui
2695 3489 3086 3558 mancipatum.
3129 3487 3415 3551 Quatenus.
3440 3487 3606 3556 igitur

2032 3585 2193 3638 Pater
2219 3582 2445 3651 spiritus
2473 3587 2580 3643 est,
2615 3579 2810 3633 Filium
2853 3581 3018 3632 Deum
3062 3575 3297 3631 Verbum
3340 3577 3610 3646 spiritua-

2018 3672 2153 3743 gliter
2181 3672 2388 3740 absque
2412 3678 2656 3741 tempore
2709 3668 3058 3724 inelfabiliter
3099 3668 3309 3737 genuit.
3352 3665 3421 3720 At
3470 3681 3602 3722 vero

2035 3762 2162 3832 quia
2197 3760 2471 3831 plerisque
2511 3757 2727 3813 videtur
2763 3758 2904 3813 visui
2960 3757 3141 3827 potius
3177 3771 3341 3826 quam
3388 3755 3604 3811 auditui

2033 3852 2385 3916 credendum,
2417 3850 2580 3906 etiam
2621 3847 2776 3904 facili
2822 3849 3009 3917 aliquo
3043 3847 3293 3917 exemplo
3334 3848 3597 3901 utendum

2028 3960 2152 4001 esse
2186 3953 2335 3998 ratus
2390 3956 2512 3999 sum
2561 3940 2617 3995 in
2677 3954 2743 3995 eo
2798 3939 3145 4004 declarando,
3205 3938 3349 4009 quod
3391 3938 3604 4008 absque

2032 4036 2223 4091 all‘cctu
2262 4034 2411 4089 Deus
2437 4038 2684 4104 generet,
2706 4046 2816 4086 non
2848 4030 3051 4084 ﬂuxum
3079 4045 3255 4100 neque
3289 4030 3594 4085 sectionem

2030 4128 2262 4199 patiens.
2290 4125 2558 4180 Creatura
2586 4124 2777 4194 utique
2805 4122 2898 4177 Dei
2928 4130 3013 4177 cst
3049 4123 3154 4186 sol,
3187 4137 3296 4191 quo
3344 4121 3512 4190 aliqui
3539 4120 3603 4173 iu

2029 4219 2467 4275 extremitatibus
2492 4217 2942 4273 inhabitabilibus
2962 4216 3084 4287 igne
3099 4221 3350 4271 carentes
3368 4219 3606 4268 utuntur

2018 4312 2105 4379 ,ad.
2123 4311 2443 4381 coquendos
2470 4310 2648 4374 cibos,
2678 4321 3057 4379 equorumque
3084 4314 3333 4377 pastores
3350 4342 3377 4369 ,ι
3397 4314 3451 4360 et
3497 4303 3597 4357 bu-

2029 4405 2203 4472 bulci,
2232 4403 2441 4459 subulci
2477 4409 2531 4458 et
2553 4409 2800 4472 pastores
2838 4400 2952 4465 alii,
2992 4399 3218 4454 calicem
3269 4412 3413 4468 aqua
3457 4411 3601 4467 pura

2028 4496 2274 4567 implent,
2327 4504 2381 4551 et
2431 4494 2585 4548 radio
2633 4493 2767 4549 solis
2819 4492 3132 4556 obvertunt,
3162 4488 3424 4558 aridoque
3464 4488 3603 4541 limo

2028 4584 2251 4640 admoto
2276 4583 2343 4638 ad
2374 4597 2479 4638 vas
2518 4581 2831 4654 aquarium,
2881 4580 3033 4636 illico
3087 4580 3267 4650 ignem
3306 4575 3592 4642 auferunt,

2028 4691 2153 4732 cum
2187 4674 2407 4730 interim
2438 4690 2536 4730 nec
2562 4658 2883 4737 sectionem,
2928 4687 3028 4726 nec
3076 4670 3305 4737 ﬂuxum,
3348 4683 3450 4723 nec
3502 4675 3598 4721 tu:-

2028 4780 2258 4829 morem.
2284 4780 2385 4821 nec
2417 4764 2847 4820 contractionem
2871 4762 3143 4817 luminare
3187 4761 3367 4831 ipsum
3413 4759 3597 4831 patia—

2028 4866 2139 4912 t‘ur.
2176 4856 2322 4913 idem
2357 4872 2453 4927 per
2480 4872 2676 4926 purum
2723 4856 2933 4910 vitrum
2975 4854 3039 4908 in.
3079 4851 3374 4908 domiciliis
3423 4865 3597 4922 pene»-

2032 4960 2213 5013 trans,
2238 4948 2506 5018 quasique
2533 4948 2725 5003 radios
2740 4947 2969 5018 gignens
3005 4959 3101 5015 per
3134 4944 3445 4999 universam
3478 4949 3603 4998 ter-

2029 5055 2168 5104 ram,
2189 5038 2545 5093 nihilominus
2568 5037 2774 5105 absque
2797 5034 3021 5090 defectu
3045 5043 3098 5089 et
3115 5034 3321 5104 absque
3351 5033 3603 5089 sectione

2032 5145 2125 5201 per
2154 5128 2337 5183 omnia
2372 5126 2633 5182 cernitur.
2669 5124 2931 5180 Similiter
2968 5134 3022 5180 et
3051 5126 3160 5187 lat,
3207 5125 3423 5180 etiamsi
3474 5124 3609 5178 iulio

2031 5220 2175 5274 nitas
2210 5217 2498 5285 lampades
2525 5214 2860 5280 accenderit,
2908 5230 3085 5284 neque
3135 5213 3367 5280 ﬂuxum,
3417 5229 3607 5282 neque

2030 5311 2327 5367 sectionem
2360 5309 2586 5380 patitur.
2618 5306 2675 5361 Si
2715 5306 2880 5373 igitur
2930 5306 3139 5378 absque
3186 5304 3409 5360 laesione
3458 5302 3599 5356 liuut

2028 5404 2155 5470 ista,
2186 5404 2241 5457 in
2273 5401 2549 5456 inﬁnitum
2581 5401 2701 5457 istis
2725 5416 2820 5471 per
2857 5398 3043 5454 omnia
3084 5398 3425 5466 superiorem
3471 5408 3608 5448 esse

2027 5501 2278 5549 naturam
2306 5494 2545 5549 divinam
2574 5492 2886 5548 credamus.
2925 5488 3061 5542 Nam
3092 5486 3256 5542 simul
3280 5485 3335 5539 in
3374 5484 3603 5541 univcr.

2026 5602 2146 5644 sum
2177 5586 2438 5642 omniain
2468 5585 2639 5656 ipsam
2688 5583 2887 5641 collata
2933 5585 3061 5637 sunt
3110 5578 3281 5633 instar
3322 5575 3468 5633 venti
3519 5583 3603 5629 te-
