4030 6232
491 239 597 294 903

494 350 642 407 nuis.
674 346 815 418 Ergo
835 342 1024 417 genuit
1058 341 1218 397 Pater
1249 339 1466 406 Filium,
1496 355 1606 394 non
1637 355 1734 410 per
1765 339 2064 395 sectionem

501 450 599 498 aut
632 441 860 502 ﬂuxum,
895 454 1004 493 non
1036 452 1132 508 per
1170 444 1440 490 tumorem
1476 434 1561 487 vel
1604 434 2064 497 contractionem,

494 534 589 588 sed
631 533 991 600 incorporeus
1047 528 1322 582 exsistens
1380 527 1764 594 incorporeum
1829 523 2066 580 Verbum

493 622 741 692 ejusdem
799 619 1150 684 substantiae,
1196 615 1342 686 quod
1394 622 1449 670 et
1495 615 1649 669 audit
1701 622 1756 668 et
1804 613 2066 682 loquitur.

497 710 633 764 Vani
674 710 838 781 igitur
870 709 949 762 illi
978 716 1033 764 et
1067 708 1414 777 insipientes,
1450 705 1542 774 qui
1594 719 1720 758 cum
1765 703 2069 774 ignominia

498 799 770 852 honorant
796 795 1036 866 Patrem,
1071 811 1142 851 ne
1168 795 1408 850 audeant
1430 801 1674 849 creatum
1708 793 2065 862 pronuntiare

496 886 718 942 Filium.
754 887 811 942 Si
841 887 1010 952 enim,
1046 897 1106 942 ut
1139 886 1317 951 aiunt,
1348 880 1505 938 Pater
1535 897 1810 955 generans
1838 883 2066 952 patitur,

494 980 654 1032 etiam
689 994 789 1048 ego
815 987 1092 1033 creautem
1137 976 1352 1047 fatigari
1378 975 1524 1032 dico.
1573 973 1727 1029 Unde
1771 973 1941 1044 igitur
1981 988 2072 1027 or-

498 1080 609 1121 tum
641 1068 890 1122 dicemus
920 1067 1141 1131 Filium,
1183 1083 1250 1121 ne
1284 1065 1500 1120 Patrem
1538 1072 1632 1118 aut
1675 1064 1808 1135 pati,
1854 1073 1949 1118 aut
1999 1062 2074 1117 fa-

496 1161 656 1230 tigari
698 1161 1012 1229 blaspheme
1042 1158 1388 1216 statuamus?
1420 1157 1578 1211 Absit
1622 1157 1789 1227 igitur
1823 1170 1854 1208 a
1896 1163 1968 1220 te,
2016 1163 2074 1210 ut

498 1269 622 1308 cum
677 1255 782 1311 hac
843 1254 1145 1325 ignominia
1195 1253 1331 1307 velis

1534 228 1548 243 ‘
1584 227 1638 282 δ.
1667 224 1965 282 CIESARII
2002 223 2329 283 GREGORI!
2371 224 2669 281 FRATRIS
3626 220 3726 275 90'.

2170 341 2559 412 φθεγγόμενον.
2608 343 2670 394 Οί
2704 335 2796 394 οὖν
2823 340 3030 410 ἀτίμως
3064 339 3330 409 τιμῶντες
3360 337 3446 390 τὸν
3477 337 3722 404 Πατέρα,

2170 434 2529 487 εἰκαιόϐουλοι
2575 433 2669 486 καὶ
2705 433 3130 502 ματαιόφρονες,
3176 429 3393 483 κτιστδν
3439 427 3512 497 μὴ
3537 426 3731 496 τολμα-

2169 542 2351 578 τωσαν
2393 524 2714 592 ἀποφαίνειν
2766 523 2854 576 τὸν
2905 523 3052 576 Υίόν.
3100 522 3165 575 Εί
3198 521 3329 592 γάρ,
3379 519 3560 581 καθὼς
3587 534 3730 588 φησι,
3757 509 3778 535 “

2170 614 2444 683 γεννῶντα
2469 614 2700 682 πάσχειν
2729 613 2819 666 τὸν
2846 613 3066 683 Πατέρα
3085 651 3100 676 ,
3135 610 3290 679 κάγώ
3320 625 3462 678 φημι
3489 607 3733 672 κτίζοντα

2173 707 2399 775 κάμνειν
2421 744 2436 768 ,
2487 705 2649 758 πόθεν
2690 703 2933 774 δώσομεν
2970 703 3060 757 τὸν
3097 703 3247 764 Υίὸν,
3285 702 3372 756 ἵνα
3407 701 3480 772 μὴ
3505 700 3600 754 τὸν
3627 701 3733 753 Πα-

2171 791 2305 861 τέρα
2331 792 2609 860 πάσχοντα
2632 791 2666 861 ἢ
2691 791 2966 862 κάμνοντα
2990 791 3501 860 βλασφημήσωμενς
3531 792 3738 854 Ἄπαγε

2173 881 2350 933 τοίνυν
2399 881 2594 934 σαυτὸν
2615 920 2630 945 ,
2683 881 2894 950 ἀτίμως
2935 879 2996 933 τὸ
3027 880 3181 933 Θεῖον
3205 878 3508 951 γεραίρωνι
3551 877 3611 932 ’0
3641 877 3739 947 γὰρ

2177 970 2268 1023 τὸν
2305 970 2476 1023 Παῖδα
2517 969 2853 1041 βλασφημῶν
2872 1009 2887 1034 ,
2921 969 3009 1023 τὸν
3039 968 3258 1039 Πατέρα
3282 967 3492 1031 λιθάζει
3511 1005 3526 1031 ,
3569 965 3738 1028 καθὼς

2173 1061 2333 1124 αὐτὸς
2354 1062 2412 1114 ὲν
2433 1060 2784 1128 Εὑαγγελίοις
2803 1060 3071 1132 Θεηγορεῖο
3098 1061 3151 1113 Ὁ
3163 1059 3248 1129 μὴ
3270 1059 3452 1129 τιμῶν
3464 1058 3574 1112 τὸν
3593 1057 3738 1120 Υὶόν,

2193 1151 2338 1207 οὐδὲ
2360 1151 2469 1205 τὸν
2504 1153 2736 1220 Πατέρα
2768 1149 2924 1222 τιμᾷ.

1409 1259 1664 1306 naturam
1736 1251 1978 1306 divinam
2021 1249 2314 1303 honorare.
2343 1245 2476 1300 Nam
2510 1247 2604 1317 qui
2635 1245 2836 1300 Filium
2876 1246 3241 1316 blasphemat,
3278 1244 3494 1300 Patrem
3525 1244 3738 1314 lapidat.

507 1345 977 1413 Quemadmodum
1019 1348 1139 1417 ipse
1193 1346 1246 1399 in
1282 1343 1576 1414 Evangelia
1623 1350 1814 1399 sancte
1842 1341 2102 1413 pradicat
2136 1357 2148 1392 :
2183 1337 2286 1404 Qui
2328 1355 2433 1392 non
2464 1337 2688 1392 honorat
2717 1335 2941 1401 Filium,
2969 1353 3128 1407 neque
3164 1335 3382 1390 Patrem
3427 1336 3651 1392 honorat
3680 1336 3741 1393 ⁸³.

847 1457 1364 1514 ’INTERROGATIO
1423 1456 1717 1512 XXXVIII.

572 1571 680 1627 Sed
710 1570 987 1641 quomodo
1018 1570 1205 1623 dicunt
1233 1570 1422 1640 aliqui,
1460 1569 1603 1639 quod
1638 1567 1936 1622 secundum
1965 1564 2074 1618 ele-

509 1665 744 1719 etionem
780 1671 834 1716 et
856 1662 1084 1730 gratiam
1115 1661 1368 1716 Christus
1405 1661 1475 1715 sit
1517 1660 1695 1714 factus
1736 1657 1828 1712 Dei
1868 1655 2080 1710 Filius?

505 1753 621 1806 Non
648 1752 793 1804 enim
828 1751 1006 1818 inquit
1055 1749 1239 1813 Pater,
1278 1748 1379 1802 Hic
1415 1757 1491 1802 est
1534 1746 1709 1800 Filius
1749 1762 1894 1800 meus
1940 1745 2077 1798 dile-

501 1852 618 1897 ctus
646 1857 805 1910 quem
836 1842 1017 1910 genui,
1063 1841 1156 1895 sed
1204 1857 1303 1910 quo
1349 1839 1580 1893 delector
1610 1839 1680 1894 “.
1731 1837 1795 1890 Et
1821 1836 1992 1892 Isaias
2022 1836 2075 1890 in

501 1948 736 2005 persona
768 1932 860 1986 Dei
890 1940 943 1986 et
974 1932 1154 1986 Patris
1184 1932 1250 1988 de
1271 1931 1493 1987 Christo
1526 1924 2077 2001 inquitzEcceFilius

503 2041 647 2078 meus
686 2041 835 2094 quem
867 2022 1020 2094 elegi,
1049 2024 1273 2078 dilectus
1310 2040 1454 2077 meus
1479 2039 1580 2093 quo
1631 2022 1926 2076 delectatur
1960 2019 2080 2071 uui-

505 2101 621 2170 mus
657 2132 799 2169 meus
824 2116 894 2168 "".
923 2117 1001 2170 Ad
1055 2115 1307 2170 eumdem
1363 2114 1582 2167 modum
1632 2123 1685 2169 et
1734 2112 1953 2166 Solomo
1991 2111 2076 2163 in-

501 2208 642 2279 quit,
680 2207 894 2262 Electus
925 2223 952 2261 e
989 2207 1166 2260 decem
1202 2205 1436 2259 millibus
1457 2205 1527 2259 ³⁸.

1138 2400 1441 2471 Responsio.

575 2507 645 2566 Ut
677 2510 910 2575 videtur,
943 2511 1145 2565 Ariana
1181 2511 1398 2566 laboras
1447 2510 1744 2575 dementia,
1783 2519 1941 2564 tanto
1985 2526 2078 2565 eo-

508 2613 640 2656 natu
683 2602 948 2656 adversus
985 2604 1271 2656 veri-tatem
1317 2603 1678 2656 contendens.
1723 2601 2081 2672 Ostendeigi-

507 2704 596 2746 tur
649 2694 855 2749 similes
889 2691 1133 2758 Christo,
1182 2709 1320 2763 quos
1371 2693 1532 2748 Pater
1569 2694 1971 2790 apprpbaverit,
2019 2700 2081 2746 ut

507 2785 784 2840 Christum
819 2786 981 2856 elegit
1013 2787 1212 2840 solum.
1246 2785 1379 2839 Nam
1412 2786 1459 2840 si
1496 2785 1666 2842 Filius
1694 2785 1793 2841 'est
1832 2787 2078 2854 unigeni-

509 2884 617 2943 tus,
654 2893 763 2931 non
797 2877 958 2931 habet
998 2878 1219 2932 fratrem
1246 2885 1339 2929 aut
1379 2878 1665 2947 aequalem,
1722 2885 1816 2930 aut
1864 2877 1966 2931 sibi
2013 2893 2079 2931 ex

509 2969 760 3036 apposito
791 2967 1231 3036 respondentem.
1260 2965 1472 3020 Cecinit
1500 2967 1643 3020 enim
1698 2965 1765 3020 de
1812 2965 1932 3035 ipso
1982 2964 2084 3017 Da-

509 3059 662 3111 vides
691 3058 781 3111 ille
804 3057 1060 3110 divinus:
1099 3056 1228 3120 Quis
1281 3056 1668 3108 assimilabitur
1707 3053 1956 3116 Domino,
2000 3055 2083 3107 iu-

509 3159 588 3201 ter
624 3148 765 3214 ﬁlios
797 3147 889 3199 Dei
911 3147 954 3176 ⁸⁷
981 3147 1003 3198 ?
1046 3147 1111 3199 Et
1139 3145 1397 3215 deinceps
1425 3164 1438 3200 :
1464 3145 1688 3215 Magnus
1716 3155 1761 3200 et
1785 3147 2081 3200 tremendus

509 3247 608 3302 est,
631 3254 791 3306 supra
827 3253 1003 3290 omnes
1032 3239 1119 3306 qui
1154 3245 1273 3290 sunt
1307 3238 1359 3290 in
1394 3238 1620 3290 circuitu
1648 3237 1812 3305 ipsius
1836 3237 1904 3289 ⁸⁸.
1939 3237 2082 3289 Tan-

508 3344 671 3400 quam
703 3343 862 3382 nemo
895 3329 1069 3396 possit
1109 3328 1412 3381 secundum
1463 3329 1694 3398 gratiam
1742 3335 1836 3382 aut
1884 3343 2083 3383 secun-

507 3418 639 3471 dum
685 3417 989 3486 profectum
1036 3409 1274 3471 conferri
1328 3415 1437 3471 Deo
1484 3415 1680 3481 Verbo,
1731 3417 1823 3486 qui
1860 3425 2083 3485 propter

509 3510 767 3564 mortales
815 3510 1090 3565 hominem
1139 3508 1474 3577 assumpsit,
1527 3516 1581 3561 et
1627 3507 1824 3562 merito
1874 3508 2082 3563 electus

507 3608 612 3654 est.
640 3599 774 3655 Cum
816 3601 961 3655 enim
1013 3600 1260 3670 plurima:
1318 3607 1372 3654 et
1434 3599 1861 3653 innumerabiles
1900 3610 2084 3653 essent

507 3690 767 3744 mulieres
791 3690 970 3743 adhuc
997 3691 1347 3758 incorruptaa,
1392 3688 1565 3743 solam
1591 3697 1774 3744 tamen
1807 3705 1871 3744 ex
1905 3689 2084 3743 omni-

513 3781 612 3835 bus
640 3781 831 3851 selegit
862 3779 1109 3848 Mariam,
1140 3781 1193 3834 in
1222 3782 1338 3850 ipsa
1380 3777 1728 3834 ineﬂ‘abiliter
1757 3779 1951 3835 uniens
1975 3781 2081 3836 sibi

511 3877 566 3924 et
607 3873 873 3941 eopulans
901 3882 1152 3926 naturam
1184 3879 1458 3933 nostram,
1495 3869 1955 3940 quemadmodum
1994 3871 2081 3923 di-

512 3960 674 4014 vinus
707 3961 797 4014 ille
836 3969 985 4015 vates
1025 3961 1203 4030 inquit
1242 3979 1255 4013 :
1317 3959 1486 4030 Elegit
1544 3959 1690 4014 nobis
1722 3958 2080 4014 liazreditatem

507 4048 1071 4119 sibipulrltritudiuem
1099 4047 1309 4114 Jacobi,
1329 4065 1485 4119 quant
1513 4047 1699 4101 dilexit
1719 4048 1764 4081 ⁵⁸
1804 4065 1816 4099 :
1851 4046 2076 4100 Mariam

510 4147 770 4208 perpetuo
801 4147 1108 4193 manentem
1130 4140 1395 4209 virginem
1431 4137 1767 4209 signiﬁcans,
1787 4153 1908 4208 quae
1936 4155 2077 4192 nun-

508 4245 670 4300 quam
713 4229 776 4283 ad
807 4229 1174 4299 generandum
1226 4244 1518 4299 progressa
1553 4228 1752 4293 fuerat,
1791 4237 1883 4283 aut
1909 4229 2074 4284 fetum

511 4325 567 4376 in
619 4330 775 4375 utero
822 4329 1070 4376 materno
1121 4331 1475 4393 conceperat.
1532 4321 1831 4392 Amplexus
1890 4329 2073 4375 autem

509 4414 670 4469 Pater
699 4429 816 4469 eam
848 4431 968 4484 quae
1005 4431 1070 4470 ex
1102 4416 1220 4485 ipsa
1248 4423 1390 4481 erat,
1421 4415 1859 4469 incarnationem
1884 4413 2076 4478 Verbi,

507 4520 539 4559 e
568 4504 822 4575 supernis
863 4507 1128 4560 acclamat
1169 4524 1183 4559 :
1222 4504 1360 4559 Ecce
1407 4505 1582 4560 Filius
1635 4522 1778 4560 meus
1833 4505 2077 4568 dilectus,

506 4611 607 4666 quo
637 4595 868 4650 delector
900 4596 967 4648 σθ.
1007 4594 1219 4660 Quibus
1248 4596 1304 4649 in
1347 4595 1528 4649 verbis
1549 4588 1803 4664 intelligit
1857 4595 2078 4648 unicum

509 4690 662 4743 illum
689 4706 754 4744 ex
788 4704 848 4744 se
889 4695 944 4743 et
982 4703 1046 4743 ex
1095 4695 1356 4758 perpetua
1417 4686 1631 4756 virgine
1685 4694 1874 4739 natum
1920 4684 2078 4739 nobis

509 4776 704 4832 Filium
744 4778 934 4841 Deum,
968 4777 1074 4834 sibi
1099 4788 1150 4832 et
1181 4776 1338 4831 nobis
1364 4775 1888 4830 consubstantialem
1913 4815 1926 4840 ,
1963 4774 2066 4844 ipsi

2757 1451 3006 1503 ΠΕΥΣΙΣ
3042 1451 3173 1506 AH'.

2248 1563 2356 1617 Kal
2385 1563 2499 1627 πῶς
2542 1563 2684 1627 τινές
2727 1581 2887 1633 φασι,
2917 1565 3036 1618 κατ’
3083 1564 3311 1635 ἐκλογὴν
3346 1566 3439 1618 καὶ
3474 1566 3634 1636 χάριν
3658 1566 3738 1618 τὸν

2179 1656 2409 1728 Χριστὸν
2455 1656 2705 1724 γενέσθαι
2749 1657 2876 1710 Υίὸν
2925 1655 3018 1708 τοῦ
3059 1655 3227 1721 Θεοῦ;
3289 1655 3364 1708 Οὐ
3410 1656 3523 1726 γὰρ
3554 1655 3742 1724 λέγειό

2179 1750 2369 1821 Πατήρ
2392 1765 2404 1777 ·
2456 1745 2641 1814 Οὗτός
2669 1749 2839 1801 ἐστιν
2867 1751 2899 1802 d
2937 1749 3070 1814 Υἱός
3103 1766 3220 1817 μου
3273 1751 3304 1802 ό
3343 1749 3653 1818 ἀγαπητὸς
3691 1748 3743 1801 δν

2178 1840 2480 1911 ἐγέννησα,
2529 1839 2664 1904 ἀλλ’,
2695 1840 2764 1893 ἐν
2803 1832 2850 1905 ᾧ
2881 1839 3214 1907 ηὑδόκησα.
3270 1839 3380 1901 Kal
3425 1840 3654 1903 Ἡσαΐας
3688 1843 3742 1893 ὲκ

2179 1931 2470 1999 προσώπου
2517 1931 2608 1984 τοῦ
2659 1930 2793 1984 Θεοῦ
2839 1932 2931 1984 καὶ
2977 1931 3217 2003 Πατέρος
3249 1930 3396 1999 λέγει
3450 1933 3581 2004 περὶ
3625 1935 3741 2004 Χρι-

2180 2019 2306 2072 στοῦ
2327 2037 2340 2049 ·
2376 2019 2529 2075 Ἰδοὺ
2563 2023 2596 2074 ό
2627 2019 2772 2085 Παῖς
2797 2039 2916 2090 μου
2945 2021 3017 2074 ὃν
3044 2021 3434 2091 ᾑρετισάμην,
3469 2026 3502 2075 ό
3531 2022 3742 2091 ἀγαπη-

2178 2113 2281 2177 τός
2303 2130 2452 2181 μου,
2487 2115 2575 2178 είς
2616 2112 2687 2165 ὃν
2713 2111 3057 2180 ηὐδόκησεν
3083 2115 3120 2181 ἡ
3151 2112 3320 2182 ψυχή
3339 2131 3486 2182 μου.
3527 2114 3740 2184 Ὀμοίως

2180 2201 2275 2253 καὶ
2331 2201 2582 2271 Σολομὼν
2637 2201 2810 2270 λέγει’
2882 2201 3411 2272 Ἐκλελογισμένος
3470 2202 3592 2256 ἀπὸ
3637 2220 3739 2271 μυ-

2173 2288 2402 2357 ριὰδος.

2805 2401 3155 2469 Ἀπόκρισις.

2264 2510 2349 2573 Ὠς
2382 2508 2524 2562 ἔοικε
2570 2509 2669 2580 τῆς
2730 2510 2938 2582 Ἀρείου
2989 2513 3272 2584 παροινίας
3318 2514 3618 2586 ὑπάρχεις,
3667 2534 3742 2569 το-

2184 2601 2355 2674 σαύτῃ
2410 2601 2710 2672 φιλονεικίᾳ
2769 2603 2910 2658 κατὰ
2964 2605 3062 2675 τῆς
3127 2605 3384 2675 ἁτρεκίας
3454 2608 3738 2680 χρώμενος.

2183 2690 2364 2754 Δεῖξον
2395 2693 2574 2745 τοίνυν
2617 2693 2742 2756 τοὺς
2773 2693 2989 2764 ὁμοίους
3027 2695 3260 2765 Χριστοῦ
3281 2735 3296 2759 ,
3331 2695 3424 2760 οὓς
3459 2699 3743 2769 δοκιμάσας

2183 2784 2210 2834 6
2257 2783 2475 2854 Πατὴρ,
2524 2784 2757 2855 Χριστὸν
2804 2783 3083 2851 ἐξελέξατο
3114 2787 3292 2856 μόνον.
3339 2787 3402 2840 El
3450 2788 3560 2859 γάρ
3600 2788 3740 2859 μόνος

2185 2872 2310 2936 Υἱὸς
2342 2874 2573 2945 ὑπάρχει
2623 2875 2948 2946 μονογενὴς,
2993 2877 3092 2930 οὐκ
3137 2877 3248 2948 ἔχει
3279 2878 3570 2950 eadem
3610 2880 3742 2933 ἀντι-

2183 2961 2508 3030 παράοετον.
2548 2963 2885 3034 Ἐμελῲδησε
2915 2963 3023 3034 γὰρ
3049 2966 3174 3036 περὶ
3218 2966 3380 3019 αὑτοῦ
3410 2968 3577 3021 Δαὸὶδ
3607 2970 3634 3021 6
3671 2967 3743 3019 Θε-

2184 3051 2437 3115 σπέσιος·
2503 3054 2595 3118 Τίς
2642 3055 3064 3123 ὁμοιωθήσεται
3112 3056 3192 3122 τῷ
3235 3059 3430 3126 Κυρίῳ
3485 3060 3556 3112 ἐν
3604 3057 3741 3122 υἱοῖς

2187 3143 2369 3208 Θεοῦ;
2405 3145 2497 3197 καὶ
2538 3145 2657 3216 μεθ’
2695 3148 2888 3218 ἕτεραο
2923 3148 3123 3218 Μέγας
3150 3151 3250 3203 καὶ
3293 3153 3542 3220 φοϐερός
3583 3153 3744 3205 ἐστιν

2183 3230 2279 3284 ἐπὶ
2335 3232 2566 3300 πάντας
2608 3236 2748 3303 τοὺς
2785 3240 3124 3306 περικύκλῳ
3171 3241 3383 3306 αὑτοῦ·
3415 3242 3492 3305 ὡς
3520 3242 3744 3311 μηδενὸς

2184 3322 2296 3374 οἴου
2325 3340 2383 3376 τε
2422 3324 2572 3389 ὄντος
2604 3327 2698 3380 τοῦ
2747 3330 2885 3383 κατὰ
2917 3332 3074 3401 χάριν
3101 3331 3133 3402 ἦ
3165 3332 3434 3404 προκοπὴν
3464 3332 3743 3404 παραϐάλ-

2184 3412 2372 3467 λεσθαι
2400 3416 2476 3484 τῷ
2522 3417 2640 3487 Θεῷ
2681 3419 2871 3490 Λόγῳ,
2911 3421 2996 3474 διὰ
3033 3421 3253 3492 βροτοὺς
3293 3421 3612 3494 ἀνδρωθέντι
3655 3423 3744 3475 καὶ

2182 3505 2408 3570 εἰκότως
2460 3507 2784 3578 ἐκλεχθέντι.
2831 3511 3103 3566 Πλείστων
3129 3513 3236 3586 γὰρ
3265 3514 3623 3586 ὑμπαρχουσῶν
3650 3532 3744 3584 pu-

2187 3597 2383 3668 ριάδων
2409 3599 2685 3666 γυναικῶν
2723 3600 2801 3654 ἔτι
2833 3603 3105 3675 ἀφθὸρων,
3140 3581 3312 3674 μόνης
3335 3581 3399 3658 si
3416 3581 3612 3658 πασῶν
3634 3581 3743 3659 Μα-

2187 3690 2306 3758 ρίαν
2353 3691 2674 3762 ἀπέκρινεν,
2706 3696 2763 3746 ἐν
2801 3695 2936 3765 αὑτῇ
2987 3696 3280 3766 ἀφράστως
3325 3696 3535 3761 ὲνώσας
3580 3696 3741 3765 ἑαυτῷ

2182 3781 2276 3832 καὶ
2326 3781 2638 3850 συμπλέξας
2677 3783 2744 3836 τὰ
2781 3784 3056 3856 ἡμέτερα,
3109 3786 3291 3850 καθώς
3343 3804 3510 3856 φησιν
3540 3787 3569 3839 6
3613 3786 3741 3846 θεῖος

2181 3871 2492 3941 τραγῳδός·
2571 3873 2920 3938 Ἐξελέξατο
2980 3876 3124 3946 ἡμῖν
3177 3877 3292 3946 τὴν
3351 3879 3743 3946 κληρονομίαν

2180 3961 2424 4024 ἑαυτοῦ,
2468 3962 2583 4030 τὴν
2635 3965 2945 4034 aeaut/lori)?
3009 3968 3221 4034 Ἰακὼϐ,
3264 3967 3344 4036 ἢν
3400 3968 3739 4037 ἠγάπησεν·

2179 4052 2278 4122 τὴν
2310 4053 2564 4106 άείπαιδα
2612 4043 2830 4126 Μαρίαν
2881 4057 3080 4128 δηλῶν,
3133 4059 3360 4129 μηδέπω
3413 4063 3498 4124 είς
3546 4060 3744 4128 γένεσιν

2183 4143 2579 4215 παρελθοῦσαν,
2605 4146 2662 4199 ὲν
2681 4146 2833 4217 νηδύϊ
2862 4149 3069 4220 μητρὸς
3102 4150 3561 4220 καταϐληθεῖσαν.
3595 4148 3742 4216 Ἀγά-

2185 4253 2343 4305 μενος
2366 4236 2409 4288 δ’
2432 4239 2459 4289 ὁ
2491 4237 2679 4309 Πατὴρ
2713 4238 2810 4311 τὴν
2841 4239 2898 4306 ἐξ
2926 4242 3094 4312 αὐτῆς
3129 4241 3220 4294 τοῦ
3250 4243 3421 4310 Λόγου
3458 4244 3741 4313 σάρκωσιν,

2181 4326 2387 4381 ἄνωθεν
2430 4329 2646 4400 ὲπιὸοᾷο
2691 4331 2835 4384 Ἰδοὺ
2866 4334 2898 4385 ὁ
2933 4334 3063 4398 Υἱός
3084 4350 3203 4402 μου
3243 4337 3275 4386 ό
3314 4334 3653 4402 ἀγαπητὸς,
3683 4333 3744 4384 ἐν

2178 4408 2226 4482 ᾧ
2254 4416 2579 4485 εὐδόκησα’
2602 4419 2696 4472 ἕνα
2722 4420 2813 4473 τὸν
2845 4423 2976 4493 παρ’
3007 4423 3169 4475 αὑτοῦ
3203 4425 3293 4475 καὶ
3323 4425 3419 4494 τῆς
3453 4424 3744 4486 Ἀείπαιδος

2177 4507 2456 4579 γνωρίζων
2471 4511 2600 4580 ἡμῖν
2622 4511 2791 4563 Παῖδα
2804 4512 3108 4584 Θεὸν,αὑτῷ
3123 4515 3214 4566 καὶ
3238 4517 3270 4584 ἡ
3279 4517 3367 4585 μῖν
3382 4517 3408 4567 6
3415 4513 3743 4585 μοούσιον,τὸ

2179 4600 2297 4668 μὲν,
2317 4600 2574 4672 Θειότητι,
2601 4603 2698 4674 τῆς
2720 4603 2772 4656 δὲ
2799 4604 2997 4676 (il-12)
3021 4605 3106 4676 τῷ
3135 4606 3552 4678 προσλὴμματι.
3595 4607 3742 4676 Ὅμο-

2176 4689 2376 4762 θὲωρος
2401 4692 2509 4763 γὰρ
2540 4693 2751 4763 θνητοῖς
2776 4695 3060 4760 ἀθάνατος,
3095 4697 3431 4769 αὐθαιρέτως
3463 4696 3742 4766 γενόμενος

2177 4775 2388 4847 ἔμεινεν
2419 4780 2447 4832 ὃ
2467 4777 2555 4851 ἦν,
2582 4781 2855 4852 ὁρώμενος
2878 4785 3011 4856 ὅπερ
3039 4785 3176 4855 είμὶ.

506 4866 723 4934 quidem
755 4868 1057 4932 divinitate,
1090 4865 1245 4923 nobis
1285 4883 1412 4922 vero
1443 4871 1660 4922 ratione
1689 4867 1872 4921 carnis
1906 4875 2222 4937 assumptaa.
2262 4869 2404 4925 Idem
2439 4873 2583 4926 enim
2619 4876 2761 4928 inter
2795 4875 3056 4930 mortales
3094 4891 3363 4947 apparens
3398 4865 3740 4940 immortalis;

507 4970 806 5030 spontanea
836 4964 1114 5020 voiuntate
1139 4965 1341 5019 mansit
1370 4963 1514 5034 quod
1539 4973 1674 5029 erat,
1706 4979 1829 5019 eum
1869 4963 2284 5034 conspiceretur
2322 4967 2374 5022 id
2403 4983 2524 5024 esse
2548 4969 2692 5037 quod
2729 4985 2850 5024 sum
2881 4985 3004 5041 ego.

866 5072 1381 5130 INTERROGATIO
1452 5073 1697 5127 XXXIX.

574 5163 856 5230 Quomodo
878 5179 1007 5219 vero
1032 5167 1334 5221 secundum
1370 5165 1672 5236 profectum
1721 5173 1769 5220 el
1812 5165 2064 5221 dilectio-

505 5271 628 5310 nem
678 5253 972 5324 Apostolus
1028 5254 1208 5323 ipsum
1243 5257 1540 5312 ostendens
1587 5256 1782 5310 Filium
1836 5254 1952 5320 Dei,
2003 5255 2071 5310 de

2753 5081 3000 5134 ΠΕΥΣΙΣ
3036 5080 3158 5134 ΛΘθ.

2248 5168 2359 5220 Kal
2391 5169 2506 5234 πῶς
2535 5170 2676 5224 κατὰ
2703 5172 2981 5243 προκοπὴν
3008 5171 3101 5224 καὶ
3130 5171 3406 5241 άγάτησιν
3428 5171 3464 5247 ὁ,
3494 5172 3742 5224 Ἀπόστο-

2177 5256 2265 5319 λος
2296 5257 2508 5322 δεικνὺς
2535 5260 2694 5314 αὑτὸν
2725 5261 2852 5313 Υἰὸν
2898 5260 2993 5314 τοῦ
3033 5260 3167 5314 Θεοῦ
3187 5300 3203 5325 ,
3252 5261 3379 5331 περὶ
3408 5259 3504 5314 τοῦ
3540 5257 3743 5330 Πατίιδς

572 5410 618 5443 ⁸³
645 5410 802 5484 Joan.
829 5411 1002 5484 y,_23.
1030 5481 1040 5484 _
1064 5409 1112 5441 “
1143 5408 1329 5484 Matth.
1357 5427 1436 5478 ιιι,
1466 5413 1550 5466 I7.
1623 5412 1672 5444 ⁸⁸
1703 5410 1804 5464 lsa.
1835 5425 1969 5476 XLII,
2003 5413 2054 5464 1.

2200 5410 2352 5466 Cant.
2383 5427 2435 5479 ν,
2470 5413 2555 5470 10.
2629 5416 2675 5448 ⁸⁷
2702 5415 2842 5472 Psal.
2873 5431 3134 5484 Lxxxvm,
3166 5416 3215 5471 7.
3258 5415 3303 5447 ³⁸
3333 5414 3464 5471 ibid.
3523 5415 3568 5448 "
3602 5407 3741 5466 [εει.

504 5495 655 5549 XLVI,
689 5483 742 5536 5.
821 5482 865 5513 ‘°
896 5481 1086 5542 Matth.
1114 5496 1196 5546 ιιι,
1230 5481 1319 5536 17.

483 5701 488 5706 .
574 5638 780 5713 (“‘12)
815 5642 881 5694 Τό
903 5641 1038 5716 μὲν.
1063 5683 1075 5698 .
1098 5685 1112 5700 .
1148 5640 1256 5712 τῆς
1284 5641 1370 5695 δέ.
1407 5640 1603 5707 Forte,
1639 5639 1716 5710 τῷ
1761 5638 1877 5711 μὲν.
1904 5673 1954 5691 ..
1987 5639 2076 5691 τοῖς

2182 5678 2194 5693 .
2240 5638 2398 5696 Eon.
