3984 6208
229 321 343 379 905

224 435 416 501 λέγει.
473 437 576 500 ’ος
614 434 906 504 ἐλρῤύσατο
953 441 1109 509 ἡμᾶς
1143 442 1211 496 ἐκ
1249 441 1356 513 τῆς·
1388 445 1672 513 ἐξουσίας
1696 448 1803 502 τοῦ

222 532 493 588 σκότου,
538 527 636 580 καὶ
672 529 1048 599 μετέστησεν
1073 537 1160 598 εὶς
1198 537 1313 603 τὴν
1342 538 1674 601 ,βασιλείαν
1697 541 1804 594 τοῦ

223 618 365 674 Υἱοῦ
396 615 504 687 τῆς
527 620 762 688 ἀγάπης
783 622 990 678 αὐτοῦ.

844 733 1202 803 Ἀπόκρισις.

307 808 454 869 Ἀλλ’
501 818 601 871 οὐκ
649 821 713 872 ἐκ
745 820 949 875 τούτων
983 824 1124 878 κατὰ
1155 827 1439 899 προκοπὴν
1490 828 1618 892 Υἱὸς
1667 829 1802 882 Θεοῦ

217 906 588 978 δειχθήσεται.
635 911 892 982 Ἑτέρωθι
933 915 1040 987 γὰρ
1066 919 1094 970 6
1118 917 1278 981 αὐτὸς
1308 919 1451 990 ἱερὸς
1485 920 1804 984 Ἀπόστολός

221 1015 423 1069 φησιν·
457 1001 586 1054 Ὀτι
625 1005 658 1055 ό
698 1005 842 1070 Θεὸς
888 1006 1205 1075 ἠγάπησεν
1235 1007 1393 1079 ἡμᾶς
1434 1011 1504 1064 ἐν
1539 1013 1798 1079 Χριστῷο

221 1091 508 1161 σημαίνων
538 1094 758 1164 ἀγάπην
786 1096 879 1149 τοῦ
907 1097 1040 1150 Θεοῦ
1065 1100 1158 1152 καὶ¹
1179 1101 1391 1172 Πατρὸς
1417 1101 1682 1172 ὑπάρχειν
1711 1103 1802 1156 τὸν

219 1185 268 1236 Χ
276 1186 478 1255 ριστὸν,
504 1187 579 1247 ὡς
603 1188 694 1240 καὶ
712 1189 899 1258 σοφίαν
921 1193 1014 1244 καὶ
1030 1192 1276 1265 δύναμιν.
1296 1197 1508 1266 Ἀγάπη
1529 1191 1622 1250 οὖν
1644 1197 1673 1248 6
1690 1198 1800 1251 Πα-

216 1274 349 1345 τὴρ,
381 1277 581 1346 ὁμοίως
613 1279 708 1331 καὶ
733 1282 762 1332 6
785 1280 943 1344 Υἱός’
975 1282 1051 1346 ὡς
1088 1285 1204 1353 φῶς
1225 1286 1290 1338 ἐκ
1320 1287 1514 1354 φωτὸς,
1552 1287 1645 1340 καὶ
1668 1287 1800 1352 Θεὸς

215 1365 287 1418 ἐκ
318 1367 474 1427 Θεοῦ,
509 1368 604 1421 καὶ
629 1368 818 1440 ἀγάπη
845 1371 902 1436 ἐξ
927 1373 1164 1444 ἀγάπης.
1202 1375 1256 1427 '0
1295 1377 1438 1442 Θεὸς
1462 1377 1572 1449 γὰρ
1597 1377 1798 1446 ἀγάπη

214 1455 380 1519 ἐστὶ,
415 1457 578 1526 φησὶν
607 1459 636 1510 6
677 1459 949 1523 Ἰωάννης.
987 1462 1394 1518 Παυσάσθωσαν
1421 1467 1598 1519 τοίνυν
1618 1469 1668 1519 ot
1700 1467 1799 1536 τῆς

232 1543 444 1613 Ἀρείου
474 1546 701 1615 μανίας,
756 1549 961 1620 κτίσμα
1002 1552 1092 1605 τὸν
1133 1555 1359 1625 κτίστην
1391 1557 1659 1626 οἰόμενοί,
1683 1555 1796 1609 οὔθ’

214 1633 417 1705 ἐτέρας
464 1634 571 1688 τῶν
612 1636 896 1708 Διαθηκῶν
945 1639 1102 1693 τοῦτο
1149 1640 1495 1714 βουλομένης.
1543 1644 1796 1716 Τέσσαρα

214 1727 354 1796 ἡμῖν
395 1727 627 1798 ὑπάρχει
675 1730 982 1799 Εὑαγγέλια
1002 1769 1017 1794 ,
1055 1732 1364 1801 κεφαλαίων
1384 1734 1568 1804 χιλίων
1600 1737 1792 1790 ἑκατὸν

213 1816 481 1889 ἐξήκοντα
502 1819 595 1872 δύο
615 1838 628 1850 ·
655 1820 746 1874 καὶ
771 1823 866 1876 ἀπ’
888 1824 1056 1893 ἄκρου
1083 1824 1242 1895 μέχρι
1274 1825 1508 1897 πέρατος
1536 1830 1595 1882 ἐν
1613 1829 1793 1893 αὐτοῖς

213 1910 497 1982 θεηγορῶν
539 1914 568 1964 6
615 1911 742 1977 Υἱὸς
791 1915 920 1986 περὶ
965 1915 1060 1968 τοῦ
1113 1916 1356 1988 Πατρὸς,
1395 1920 1490 1973 καὶ
1531 1920 1560 1972 6
1605 1921 1794 1994 Πατὴρ

215 2003 350 2072 περὶ
393 2002 487 2055 τοῦ
536 2004 764 2069 Παιδὸς,
813 2004 927 2058 οὗθ’
983 2004 1168 2077 ἕτερος
1225 2008 1405 2062 αὐτῶν
1461 2027 1658 2081 φησιν,
1712 2013 1794 2066 ὅτι

218 2091 456 2144 ’Ἑκτισα
499 2092 722 2163 ἐμαυτῷ
766 2094 924 2160 Υἰὸν,
958 2096 992 2164 ἢ
1021 2090 1087 2148 αὖ
1123 2095 1314 2164 πάλιν,
1352 2099 1434 2152 ὅτι
1467 2099 1686 2168 Ἕκτισέ
1726 2119 1794 2172 με

212 2187 242 2238 6
273 2185 485 2255 Πατήρ.

815 2277 1063 2334 ΠΕΥΣΙΣ
1103 2283 1192 2336 Μ’.

287 2367 352 2420 Τί
399 2361 490 2421 οὖν
518 2368 760 2438 νομίζεις
790 2370 888 2441 τὴν
919 2371 1190 2444 Παρθένον
1214 2375 1432 2445 Μαρίαν
1451 2415 1466 2440 ,
1508 2377 1731 2449 κτιστὴν
1757 2379 1791 2450 ἢ

210 2461 503 2527 ἄκτιστον;
540 2463 634 2516 καὶ
660 2462 721 2515 τὸ
751 2462 811 2528 ἐξ
849 2465 1018 2535 αὐτῆς
1051 2465 1209 2537 σῶμα
1239 2467 1333 2520 τοῦ
1377 2469 1652 2538 Χριστοῦ;
1698 2472 1794 2525 καὶ

211 2555 333 2619 πῶς
369 2558 694 2626 προσκυνεῖς
722 2555 800 2626 τῷ
831 2556 1085 2627 Χριστῷ;
1118 2557 1180 2612 Et
1209 2557 1318 2629 γὰρ
1352 2559 1568 2613 κτιστὸν
1596 2560 1789 2632 εἴπῃς,

209 2648 351 2720 ὅπερ
383 2649 531 2702 πᾶσα
557 2649 774 2714 πάντως
800 2648 1035 2720 ἀνάγκη,
1063 2649 1301 2720 δηλονότι
1335 2650 1594 2722 κτίσματι
1623 2669 1792 2725 προσ-

213 2741 428 2800 κυνεῖς·
463 2740 512 2791 εἰ
557 2738 613 2792 δὲ
661 2737 737 2810 μὴ
785 2742 1143 2810 προσκυνεῖς,
1197 2741 1333 2811 ἀρνῇ
1379 2742 1470 2795 τὸν
1524 2742 1653 2796 Υἰὸν
1697 2743 1792 2797 τοῦ

210 2829 371 2883 Θεοῦ.
420 2830 497 2884 Οὐ
544 2830 740 2902 γράφω
782 2830 1044 2900 Θεότητος
1095 2831 1295 2886 τύπον
1343 2833 1492 2903 ἁπλῆ
1540 2833 1649 2906 γὰρ
1699 2837 1794 2890 καὶ

208 2922 444 2991 ἀόρατος
475 2920 570 2974 καὶ
607 2921 841 2986 ἀνείδεός
874 2923 1022 2975 ἐστι’
1059 2922 1160 2992 τῆς
1197 2922 1400 2993 σαρκὸς
1421 2924 1479 2978 δὲ
1509 2925 1601 2980 τὸν
1621 2925 1790 2981 τύπον

211 3010 477 3079 ἱστορῶν,
531 3011 820 3082 προσκυνῶ
873 3011 1167 3082 θεοπρεπεί
1213 3013 1302 3068 διὰ
1349 3014 1449 3084 τὴν
1497 3015 1616 3068 καθ’
1656 3016 1790 3069 ὑπό-

211 3119 404 3156 στασιν
427 3103 633 3156 ἕνωσιν.

824 3282 881 3334 Ἀ
893 3282 1186 3349 πόκρισις.

282 3369 368 3439 Νὴ
402 3369 499 3439 τὴν
531 3370 672 3441 ἐμὴν
713 3370 936 3438 ὑγείαν,
989 3372 1088 3442 οὐχ
1134 3373 1211 3438 ὡς
1261 3375 1517 3445 κτίσματι
1551 3395 1792 3448 προσκυ-

208 3463 270 3520 vi
282 3479 361 3514 σω
401 3461 620 3532 Χριστῷ
641 3501 656 3526 ,
701 3461 816 3515 ἀλλ’
847 3463 923 3526 ὡς
954 3464 1062 3518 τῶν
1090 3468 1404 3536 κτισμάτων
1443 3471 1672 3540 ποιητὴν
1699 3471 1790 3524 καὶ

206 3553 364 3606 Θεόν.
397 3555 605 3625 Ὥσπερ
630 3555 738 3625 γὰρ
768 3554 861 3608 τὸν
886 3555 1106 3626 βασιλέα
1133 3558 1229 3611 σὺν
1256 3560 1322 3629 τῇ
1346 3557 1625 3630 ἁλουργίδι
1645 3563 1791 3631 τιμῶ

207 3645 314 3715 μιᾷ
342 3647 739 3717 προσκυνήσει,
775 3648 836 3700 οὐ
869 3647 1118 3718 χωρίζων
1143 3648 1306 3702 αὐτὸν
1334 3650 1569 3720 ἐκείνης.
1607 3651 1676 3704 ἸΙ
1707 3670 1788 3706 σοι

205 3734 320 3809 ἆρα
351 3738 502 3790 δοκεί
527 3739 674 3810 ἐρεῖν
699 3739 778 3811 τῷ
807 3741 1068 3812 ἀνάκτορι
1087 3757 1100 3772 ο
1139 3741 1427 3812 Ἀνάστηθι
1450 3743 1540 3796 τοῦ
1577 3743 1786 3814 θρόνου,

204 3832 300 3885 ἵνα
343 3848 404 3884 σε
446 3834 846 3905 προσκυνήσω;
886 3835 956 3906 ἢ,
1010 3835 1231 3900 Ἔξελθε
1276 3834 1369 3889 τοῦ
1400 3837 1567 3901 ναοῦ,
1611 3837 1696 3891 ἵνα
1729 3855 1788 3891 σε

205 3923 438 3992 ὑμνήσω
478 3923 648 3993 χωρὶς
684 3925 784 3996 τῆς
834 3925 1042 3996 ἀψύχου
1073 3925 1243 3998 ὖλης;
1279 3927 1343 3980 Εἰ
1375 3922 1468 3980 οῦν
1500 3926 1570 3981 τά
1607 3928 1788 4001 ἄψυχα

201 4016 288 4086 τῷ
343 4015 571 4086 ἐμψύχῳ
618 4020 1120 4088 συμπροσκυνείται
1170 4018 1265 4072 καὶ
1320 4019 1391 4072 τὰ
1441 4019 1669 4090 εὐτελῆ,
1710 4021 1790 4092 τῷ

205 4109 393 4178 πάσης
437 4107 573 4179 ὁμοῦ
607 4111 707 4180 τῆς
756 4111 985 4181 ὑφηλίου
1019 4110 1298 4184 Δεσπότῃ,
1355 4112 1582 4176 εἰκότως
1617 4115 1713 4166 καὶ
1759 4117 1789 4167 6

205 4197 383 4265 Λόγος
427 4198 524 4251 σὺν
561 4198 638 4269 τῷ
679 4199 793 4269 ναῷ
822 4200 915 4254 τοῦ
958 4201 1241 4272 σώματος,
1288 4202 1425 4272 ὅπερ
1471 4203 1638 4257 αὐτοῦ
1694 4207 1788 4259 καὶ

207 4289 507 4360 ἁλουργίδα
539 4293 683 4362 φημὶ
710 4293 804 4344 καὶ
835 4280 1048 4363 χιτῶνοῖ
1066 4293 1158 4346 καὶ
1185 4291 1394 4365 θρόνον,
1423 4294 1522 4364 μιᾷ
1553 4311 1786 4365 προσκυ-

208 4381 364 4452 νήσει
399 4383 924 4453 προσκυνηθήσεται.

791 4583 1039 4635 ΠΕΥΣΙΣ
1075 4585 1211 4637 MA'.

282 4668 392 4720 Καὶ
418 4671 466 4721 εἰ
494 4667 624 4733 Θεός
646 4672 763 4724 ἐστι
798 4671 936 4740 μετὰ
963 4671 1212 4743 σώματος
1234 4712 1248 4736 ,
1281 4672 1396 4736 πῶς
1423 4673 1584 4737 αὐτὸς
1605 4674 1786 4742 λέγει,

218 4759 364 4813 Θεὸν
392 4759 594 4826 οὐδεὶς
618 4761 838 4828 ἑώρακε
862 4761 1134 4826 «dirrare;
1165 4765 1228 4818 Et
1247 4759 1338 4817 οὖν
1358 4763 1491 4827 Θεὸς
1514 4761 1583 4835 ἦν
1609 4805 1622 4829 ,
1655 4766 1791 4820 πάν-

212 4862 300 4911 τες
324 4851 375 4902 οἱ
416 4852 532 4903 κατ’
561 4853 736 4905 ἐκεῖνο
761 4852 953 4923 καιροῦ
987 4848 1124 4906 εἶδον
1146 4854 1326 4908 αὐτόν.

829 5045 1182 5116 Ἀπόκρισις.

279 5133 415 5202 Περὶ
461 5133 554 5187 τοῦ
598 5135 812 5207 Πατρός
843 5153 1006 5207 φησιν
1038 5139 1065 5189 6
1096 5137 1245 5204 Υἱὸς,
1291 5141 1374 5194 ὅτι
1409 5141 1558 5196 Θεὸν
1586 5141 1786 5207 οὐδεὶς

209 5222 430 5292 ἑώρακε
477 5227 732 5283 πώποτε.
783 5229 859 5281 ὒύ
893 5229 1000 5300 γὰρ
1027 5225 1168 5283 εἶτεν
1199 5231 1300 5285 Τὸν
1337 5233 1460 5285 Υἰὸν
1490 5234 1621 5287 Θεὸν
1657 5235 1787 5288 ὄντα

209 5311 381 5380 Λόγον
423 5313 514 5365 καὶ
540 5315 825 5386 ἄνθρωπον
863 5319 1181 5387 γενόμενον,
1224 5319 1397 5384 οὐδεὶς
1425 5321 1637 5391 ἑώρακε
1673 5325 1787 5378 πώ-

210 5418 360 5456 ποτε.
395 5399 551 5458 Εἶδον
577 5406 673 5475 μὲν
702 5410 977 5479 προφῆται
1005 5412 1097 5464 καὶ
1126 5411 1412 5464 ἀπόστολοι
1436 5416 1528 5466 καὶ
1558 5415 1788 5478 ἕκαστος

208 5492 318 5546 τῶν
349 5493 575 5549 δικαίων
607 5497 760 5562 Θεὸν,
789 5500 902 5552 ἀλλ’
931 5503 1104 5567 οὐδεὶς
1125 5503 1258 5557 καθὸ
1283 5503 1515 5575 ὑπάρχει
1537 5509 1602 5576 τῇ
1628 5507 1785 5575 φύσει

210 5581 340 5636 ίδεῖν
363 5578 473 5647 οἷός
494 5601 574 5640 τε.
607 5588 737 5641 Οὐδὲ
760 5589 866 5662 γὰρ
891 5590 1006 5644 ἔστι
1031 5592 1192 5660 φύσις
1217 5594 1468 5665 χωροῦσα
1502 5597 1599 5666 τὴν
1623 5597 1746 5666 ὄψιν
1769 5616 1781 5628 ο

210 5675 426 5745 ἑκάστῳ
466 5677 522 5730 δὲ
559 5678 665 5733 τῶν
705 5680 870 5746 ἀξίων
914 5683 1195 5750 κραίνεται,
1221 5685 1321 5737 οὐκ
1352 5683 1480 5738 ἄνευ
1505 5687 1648 5751 τινὸς
1679 5706 1783 5741 πα·-

283 5790 324 5820 ⁶⁸
359 5788 574 5846 (ἒοίοεε.
607 5805 645 5856 ι,
679 5793 763 5846 15.

542 5883 808 5947 ΡΔτιιοι..
840 5883 958 5945 Gn.
997 5887 1356 5950 XXXVIII.

1103 6037 1130 6066 Ο

1649 335 1993 395 DIALOGUS
2019 335 2059 389 I.

3372 351 3474 407 906

1906 447 2067 502 Patre
2101 448 2277 517 inquit
2308 467 2320 502 :
2357 449 2674 522 Quicripuit
2703 473 2796 510 nos
2817 473 2882 510 ea:
2929 466 3186 527 potestate
3237 462 3479 516 tenebra-

1906 556 2044 603 rum,
2070 549 2116 593 et
2150 541 2420 594 transtulit
2443 544 2496 596 in
2521 561 2734 613 regnum
2766 547 2896 602 Filii
2938 551 3231 604 dilectionis
3262 568 3372 606 sua'
3409 555 3474 607 °‘.

2535 739 2838 811 Responsio.

1981 823 2178 880 Verum
2214 843 2277 881 ex
2307 827 2395 883 his
2425 844 2534 884 non
2562 833 2883 890 ostendetur
2907 851 3031 892 esse
3069 839 3246 908 ipsum
3281 854 3475 895 secun-

1904 915 2033 969 dum
2059 916 2364 986 profectum
2393 918 2592 976 Filium
2627 922 2744 979 Dei.
2768 927 2914 982 Alibi
2951 930 3095 982 enim
3126 931 3268 984 idem
3299 931 3478 1002 inquit

1903 1007 2222 1076 Apostolus,
2258 1009 2524 1075 Quoniam
2552 1012 2690 1068 Deus
2725 1016 2911 1070 dilexit
2951 1035 3044 1072 nos
3075 1020 3128 1072 in
3161 1018 3376 1075 Christo
3391 1021 3436 1052 °’
3458 1063 3473 1084 ,

1903 1097 2222 1167 signiﬁcans
2251 1099 2598 1187 dilectionem
2634 1105 2724 1161 Dei
2754 1116 2805 1161 et
2825 1107 3002 1165 Patris
3029 1125 3151 1166 esse
3168 1112 3470 1176 Christum,

1901 1190 2360 1257 quemadmodum
2393 1202 2445 1248 et
2477 1197 2803 1266 sapientiam
2844 1208 2896 1254 et
2930 1201 3210 1258 virtutem.
3247 1203 3474 1259 Dilectio

1902 1275 2070 1346 igitur
2091 1291 2175 1335 est
2201 1279 2381 1346 Pater,
2435 1286 2688 1341 similiter
2737 1296 2792 1342 et
2837 1288 3029 1356 Filius,
3077 1300 3136 1346 ut
3179 1294 3359 1349 lumen
3406 1311 3472 1350 ex

1890 1366 2126 1440 lumine,
2159 1381 2214 1426 et
2239 1371 2382 1428 Deus
2409 1392 2476 1429 ex
2512 1376 2656 1445 Deo;
2682 1387 2736 1433 et
2785 1379 3006 1436 dilectio
3044 1397 3110 1437 ex
3153 1383 3466 1440 dilectione.

1898 1457 2034 1514 Nam
2057 1461 2198 1517 Deus
2223 1474 2302 1519 est
2346 1466 2559 1522 dilectio
2594 1469 2660 1533 ³³,
2711 1471 2890 1541 inquit
2937 1472 3195 1531 Joannes.
3242 1476 3474 1535 Cessent

1900 1550 2068 1621 igitur
2113 1555 2332 1612 Arianae
2378 1561 2616 1616 vesaniae
2655 1571 2981 1631 sectatores,
3021 1567 3115 1637 qui
3161 1580 3470 1626 creaturam

1899 1651 2203 1697 creatorem
2244 1656 2461 1714 putant,
2525 1659 2722 1705 neutro
2761 1651 3238 1709 Testamentorum
3289 1656 3346 1710 id
3385 1673 3476 1711 vo-

1905 1730 2069 1787 lente.
2092 1731 2336 1799 Quatuor
2369 1739 2527 1794 nobis
2565 1751 2693 1797 sunt
2739 1741 3054 1814 Evangelia,
3103 1747 3282 1815 capita
3323 1747 3473 1802 mille

1903 1830 2122 1877 centum
2155 1829 2437 1898 sexaginta
2469 1830 2608 1898 duo;
2636 1840 2690 1888 et
2715 1835 2784 1889 ab
2813 1835 2972 1890 initio
3004 1836 3070 1891 ad
3103 1836 3263 1894 linem
3299 1854 3474 1909 usque

1897 1911 1954 1968 in
1982 1913 2117 1984 ipsis
2141 1916 2413 1977 divinitus
2437 1921 2598 1976 tradit
2636 1923 2945 1980 doctrinam
2980 1925 3152 1985 Filius
3184 1929 3253 1985 de
3289 1929 3470 1991 Patre.

1896 2012 1952 2060 et
1979 2004 2142 2063 Pater
2168 2008 2236 2064 de
2263 2011 2426 2077 Filio,
2459 2021 2512 2068 et
2543 2021 2725 2071 tamen
2758 2025 2954 2072 neuter
2996 2017 3242 2088 ipsorum
3274 2023 3468 2092 inquit,

1898 2094 2088 2152 Creavi
2123 2100 2256 2156 mihi
2297 2101 2527 2170 Filium,
2569 2114 2663 2161 aut
2716 2107 2836 2164 vice
2897 2124 3080 2175 versa,
3128 2113 3344 2170 Creavit
3387 2132 3474 2172 me

1895 2185 2076 2245 Pater.
2620 2235 2628 2241 -

2343 2286 2550 2343 INTER
2559 2289 2863 2348 ROGA’I‘IO
2901 2292 3013 2350 XL.

1968 2370 2111 2438 Quid
2140 2374 2312 2447 igitur
2345 2382 2545 2437 statuis
2564 2381 2632 2438 de
2663 2381 2885 2454 Virgine
2924 2385 3132 2442 Maria?
3159 2405 3287 2443 num
3316 2405 3471 2445 erea-

1897 2466 2028 2527 tam,
2051 2477 2122 2516 an
2151 2464 2471 2533 increa'tam,
2507 2476 2561 2524 et
2590 2472 2737 2539 quod
2766 2488 2832 2526 ex
2863 2487 2927 2528 ea
2949 2485 3034 2529 est
3061 2490 3262 2547 corpus
3301 2477 3466 2532 Chri-

1896 2553 1964 2605 sti
1998 2552 2021 2605 ‘t
2054 2553 2118 2606 Et
2152 2557 2428 2624 quomodo
2451 2558 2733 2615 Christum
2764 2560 3007 2618 adoras?
3033 2563 3168 2617 Nam
3199 2565 3242 2620 si
3289 2567 3468 2636 ipsum

1896 2653 2142 2699 creatum
2176 2646 2406 2715 dixeris,
2435 2649 2488 2705 id
2548 2651 2694 2720 quod
2749 2655 2976 2709 omnino
3028 2671 3314 2712 necessum
3352 2670 3468 2721 est,

1896 2740 2206 2789 creaturam
2235 2736 2491 2806 videlicet
2522 2741 2761 2810 aliquam
2805 2743 3024 2800 adoras.
3082 2746 3140 2800 Si
3196 2763 3324 2803 vero
3361 2765 3469 2804 non

1897 2823 2116 2887 adoras.
2158 2841 2326 2898 negas
2349 2827 2548 2884 Filium
2598 2831 2715 2888 Dei.
2764 2832 2886 2888 Non
2926 2835 3180 2893 describo
3222 2839 3473 2895 divinita-

1897 2921 2004 2968 tem
2034 2917 2334 2972 secundum
2380 2918 2634 2978 formam.
2685 2922 2929 2994 Simplex
2966 2929 3112 2983 enim
3147 2941 3252 2996 est,
3281 2940 3336 2987 et
3385 2933 3471 2988 in-

1895 3008 2268 3075 aspectabilis,
2286 3020 2338 3065 et
2357 3009 2530 3066 forma
2557 3029 2774 3070 carens.
2799 3016 2995 3074 Carnis
3027 3021 3210 3076 autem
3240 3025 3470 3080 formam

1897 3097 2140 3162 intuens,
2177 3100 2348 3156 adoro
2371 3100 2566 3164 Deum,
2602 3113 2661 3159 ut
2696 3120 2794 3175 par
2831 3115 2934 3174 est,
2967 3119 3190 3181 propter
3211 3129 3333 3170 eam
3351 3131 3472 3186 qua:

1895 3187 2197 3243 secundum
2231 3191 2571 3262 hypostasim
2611 3205 2713 3262 est,
2753 3198 3030 3256 unionem.

2540 3285 2846 3358 Responsio.

1965 3369 2068 3427 Per
2133 3388 2307 3428 meam
2363 3384 2512 3431 certe
2561 3379 2818 3447 salutem,
2879 3397 2990 3438 non
3054 3393 3112 3439 ut
3161 3397 3469 3446 creaturam

1895 3461 2064 3516 adoro
2113 3463 2414 3530 Christum,
2461 3467 2556 3523 sed
2598 3477 2656 3523 ut
2707 3479 3088 3529 creaturarum
3132 3478 3382 3548 opiﬁcem
3417 3492 3472 3536 et

1897 3549 2090 3606 Deum.
2121 3552 2593 3620 Quemadmodum
2625 3576 2805 3632 regem
2841 3578 2965 3617 cum
2997 3581 3238 3637 purpura
3262 3569 3472 3627 honoro

1894 3657 2002 3697 una
2039 3650 2094 3699 et
2119 3645 2310 3699 eadem
2335 3651 2708 3716 veneratione,
2739 3652 2920 3722 ipsum
2953 3657 3022 3711 ab
3053 3657 3145 3712 illa
3172 3675 3279 3715 non
3309 3677 3469 3734 sepa-

1893 3745 2042 3786 rans.
2075 3730 2293 3802 Alioqui
2355 3751 2484 3790 num
2542 3738 2639 3793 tibi
2691 3740 2907 3795 videtur
2955 3743 3024 3797 ad
3085 3730 3468 3816 imperator—em

1895 3821 2187 3876 dicendum
2219 3838 2374 3893 esse,
2433 3823 2610 3898 Surge
2655 3829 2722 3885 de
2755 3831 2954 3887 throno
2989 3841 3104 3900 tuo,
3149 3845 3208 3891 ut
3249 3839 3470 3896 adorem

1895 3913 1978 3968 te?
2007 3923 2120 3980 aut,
2147 3915 2418 3985 Egredere
2440 3932 2507 3972 ex
2537 3920 2765 3988 templo,
2790 3933 2851 3978 ut
2885 3934 2935 3980 te
2967 3927 3239 3984 celebrem
3264 3931 3472 4002 absque

1893 4007 2123 4061 materia
2161 4007 2492 4065 inanimata?
2523 4009 2582 4066 Si
2612 4026 2745 4084 ergo
2787 4030 2876 4072 res
2911 4017 3166 4077 inanima:
3206 4039 3313 4078 una
3344 4041 3468 4080 cum

1894 4095 2156 4154 animatis
2186 4099 2506 4168 adorantur,
2559 4112 2614 4159 et
2659 4120 2747 4160 res
2789 4109 3016 4164 omnino
3057 4112 3242 4181 leves;
3274 4118 3470 4171 merito

1897 4186 2084 4255 utique
2106 4186 2287 4255 eteius
2301 4188 2395 4259 qui
2413 4191 2654 4246 omnium
2681 4193 2735 4247 in
2754 4195 3071 4251 universum
3086 4215 3208 4270 quae
3230 4202 3334 4258 sub
3354 4204 3469 4258 sole

1895 4286 2043 4339 sunt,
2071 4278 2336 4334 Dominus
2380 4287 2486 4343 est.
2518 4289 2572 4336 et
2614 4281 2852 4338 Verbum
2897 4287 3053 4352 illud,
3098 4304 3220 4344 cum
3267 4293 3471 4363 templo

1896 4368 2169 4437 corporis,
2199 4369 2345 4438 quod
2381 4369 2559 4440 ipsum
2599 4387 2900 4444 purpuram
2942 4377 3062 4446 ejus
3090 4396 3228 4437 voco
3250 4393 3304 4438 et
3326 4386 3468 4440 tuni-

1894 4472 2016 4513 cam
2045 4467 2100 4514 et
2121 4459 2339 4526 solium,
2366 4475 2473 4514 una
2507 4461 2828 4520 adorationc
2857 4465 3193 4526 adorabitur.

2335 4572 2850 4636 INTERROGATIO
2889 4581 3024 4639 XLI.

1961 4663 2129 4734 Atqui
2155 4665 2203 4720 si
2229 4662 2370 4720 Deus
2408 4674 2492 4721 est
2525 4684 2649 4722 cum
2691 4685 2942 4742 corpore,
2988 4675 3265 4746 quomodo
3293 4678 3469 4749 inquit

1893 4753 2032 4825 ipse,
2057 4755 2228 4811 Deum
2263 4774 2413 4811 nemo
2449 4759 2577 4813 vidit
2626 4778 2855 4833 unquam
2891 4767 2975 4820 ‘5?
3015 4766 3292 4838 Siquidem
3322 4771 3467 4828 Deus

1892 4854 2032 4912 erat,
2061 4863 2250 4904 omnes
2273 4850 2367 4918 qui
2409 4866 2532 4905 cum
2569 4853 2661 4907 illo
2707 4855 2761 4910 id
2809 4860 3068 4927 temporis
3108 4859 3348 4930 fuerunt,
3384 4865 3467 4918 vi-

1898 4936 2094 4992 derunt
2125 4939 2320 5008 ipsum.

2529 5053 2834 5122 Responsio.

1964 5138 2038 5194 De
2069 5139 2226 5195 Patre
2273 5143 2519 5212 loquitur
2585 5144 2776 5211 Filius,
2828 5163 2951 5203 cum
2988 5152 3081 5216 ait,
3120 5152 3283 5207 Deum
3315 5171 3466 5209 nemo

1891 5231 2020 5285 uidit
2050 5248 2300 5302 unquam.
2335 5234 2454 5290 Non
2497 5237 2642 5292 enim
2693 5239 2897 5312 inquit:
2925 5242 3145 5310 Filium,
3196 5249 3286 5316 qui
3320 5245 3464 5302 Deus

1889 5332 1972 5376 est
2012 5321 2276 5388 Verbum,
2322 5332 2376 5380 et
2411 5327 2571 5382 homo
2607 5329 2806 5398 factus,
2839 5349 2999 5390 nemo
3035 5338 3164 5390 vidit
3200 5351 3460 5406 unquam.

1895 5412 2166 5468 Viderunt,
2198 5415 2417 5485 quidem
2467 5421 2743 5490 prophetae
2787 5433 2841 5479 et
2894 5428 3126 5495 apostoli
3168 5435 3222 5481 et
3270 5442 3463 5483 omnes

1885 5505 2018 5573 justi
2051 5506 2257 5574 Deum;
2294 5524 2482 5565 verum
2520 5514 2705 5569 nullus
2738 5516 2885 5585 quod
2919 5525 3003 5571 est
3034 5526 3230 5574 natura
3257 5534 3354 5575 sua
3380 5522 3463 5574 vi-

1887 5596 2013 5651 dere
2043 5606 2236 5667 potest.
2271 5597 2388 5654 Non
2418 5602 2564 5656 enim
2609 5613 2694 5659 est
2737 5605 2842 5659 ulla
2871 5614 3068 5664 natura
3109 5625 3234 5680 quae
3264 5611 3338 5667 sit
3366 5627 3464 5668 ca-

1892 5705 1992 5759 pax
2027 5693 2146 5760 ejus
2192 5700 2467 5760 aspectus.
2524 5696 2833 5769 Unicuique
2860 5715 2992 5756 vero
3021 5711 3249 5774 apparet
3271 5705 3461 5778 digno,

843 5794 887 5825 θ’
916 5792 956 5846 ll
991 5793 1184 5849 Thess.
1217 5797 1376 5861 ",16.
1454 5799 1499 5832 ⁵³
1530 5799 1687 5858 Joan.
1725 5820 1799 5874 iv,
1827 5805 1879 5862 8.
1960 5805 2001 5838 “
2029 5803 2186 5862 Joan.
2219 5820 2258 5873 ι,
2287 5807 2374 5866 18.

3062 5907 3141 5967 29

2656 5987 2718 5999 -ε
