4030 6232
475 330 578 387 907

470 469 577 508 non
609 450 727 505 sine
758 448 941 516 aliquo
979 446 1285 502 velamento
1331 460 1431 517 pro
1474 461 1730 502 mensura
1778 446 2034 517 puritatis

468 546 589 613 ejus
618 543 710 612 qui
736 542 784 595 ci
819 541 1114 595 ministrat.
1142 538 1290 594 Vidit
1327 539 1558 609 proinde
1600 539 1792 605 Jobus,
1824 540 1917 593 sed
1954 554 2048 608 per

468 634 742 688 turbinem
793 640 845 686 et
896 631 1088 686 nubes.
1125 631 1264 686 Ante
1316 633 1495 701 ipsum
1546 647 1675 685 vero
1705 632 2047 687 Abraltamus

469 740 566 795 per
614 724 863 792 angelum
911 723 1245 791 loquentem.
1304 721 1451 776 Vidit
1502 722 1739 777 Jacohus
1767 732 1825 775 ut
1870 722 2047 776 homi-

470 830 593 870 nem
638 830 821 869 secum
855 814 1171 867 luctantem.
1224 812 1401 868 Moses
1448 813 1501 865 in
1546 811 1726 867 medio
1771 811 2044 882 caliginis.

471 903 736 958 Similiter
766 913 819 956 et
850 912 1046 956 caetera
1081 909 1395 956 sanctorum
1425 902 1583 955 turba
1631 916 1727 971 per
1759 901 2044 970 aenigmata

468 1003 523 1049 et
576 995 900 1049 velamenta.
955 992 1222 1047 Viderunt
1276 1002 1330 1048 et
1388 992 1622 1061 apostoli
1678 1007 1772 1061 per
1822 1007 2044 1047 carnem

438 1087 743 1140 hominem
780 1086 977 1138 factum
1016 1086 1183 1139 Deum
1232 1091 1286 1138 et
1340 1082 1598 1137 Verbum.
1650 1082 1916 1137 Eumdem
1956 1081 2047 1137 Fi-

471 1178 599 1231 lium
619 1184 670 1230 et
699 1176 787 1229 Dei
809 1184 862 1230 et
890 1175 1125 1229 hominis
1150 1153 1531 1243 unusquisque
1561 1173 1736 1228 cernit
1768 1188 1868 1243 pro
1896 1189 2047 1228 men-

468 1282 596 1319 sura
626 1267 855 1335 propriae
889 1264 1107 1319 virtutis
1136 1274 1190 1318 et
1221 1264 1438 1319 roboris
1456 1262 1668 1329 anima},
1694 1264 1860 1319 sicuti
1886 1272 2047 1333 prout

469 1358 554 1411 vel
582 1356 749 1410 lucidi
781 1356 863 1411 vel
888 1355 1090 1410 turbati
1127 1364 1256 1411 sunt
1298 1356 1546 1425 corporis
1579 1355 1750 1417 oculi,
1797 1356 1887 1410 alii
1923 1356 2046 1425 qui-

469 1450 591 1504 dem
636 1448 726 1501 diu
765 1457 994 1518 possunt
1038 1449 1207 1504 solem
1259 1447 1468 1502 directo
1518 1447 1740 1513 intueri,
1794 1448 1884 1503 alii
1916 1463 2046 1505 vero

469 1542 837 1603 imbecilliter,
888 1541 1033 1595 haud
1093 1540 1329 1595 ferentes
1388 1538 1653 1610 fulgorem
1711 1540 1833 1609 ejus
1886 1539 2046 1596 lumi-

469 1637 617 1689 naris
646 1648 819 1702 neque
844 1632 1123 1687 incursum
1156 1630 1459 1686 radiorum.

542 1726 798 1780 Videmus
839 1724 985 1778 enim
1041 1738 1192 1778 mare
1240 1724 1309 1777 ab
1350 1723 1538 1793 aliquo
1586 1724 1789 1780 montis
1842 1726 2046 1781 vertice

468 1817 550 1871 vel
585 1816 746 1879 colle,
778 1823 836 1871 et
884 1829 1008 1869 cum
1062 1813 1295 1867 veritate
1358 1812 1594 1869 dicimus
1639 1829 1740 1869 nos
1786 1829 1938 1869 mare
1968 1816 2045 1869 vi-

468 1909 636 1969 disse,
709 1922 829 1961 cum
903 1906 1249 1976 superficiem
1320 1904 1495 1975 pelagi
1556 1906 1751 1971 solam,
1819 1921 2047 1977 eamque

467 2006 677 2052 tantum
716 1997 1117 2067 particulariter
1149 2011 1461 2051 cernamus.
1514 1994 1634 2050 Non
1685 1996 1832 2052 enim
1865 1997 1934 2053 ab
1982 2012 2047 2052 eo

467 2089 613 2159 quod
675 2089 818 2159 apud
876 2104 975 2145 nos
1018 2100 1120 2152 ρει,
1147 2090 1315 2159 plano
1346 2096 1691 2159 praeruptove
1726 2090 1931 2157 littore,
1991 2090 2045 2144 in

467 2196 585 2236 eam
614 2196 733 2251 qua:
759 2196 789 2233 e
815 2182 1033 2251 regione
1063 2180 1312 2249 opposita
1359 2190 1463 2245 est,
1501 2182 1777 2250 speculam
1808 2183 1890 2236 vis
1922 2197 2049 2238 ocu-

468 2271 639 2325 lorum
694 2272 1000 2342 pertingere
1044 2282 1222 2341 potest
1266 2286 1603 2327 evanescens
1655 2272 1708 2325 in
1762 2287 1905 2327 aere.
1941 2272 2047 2328 Ne-

467 2379 573 2431 que
637 2364 762 2417 item
824 2363 1251 2433 profunditatem
1307 2364 1427 2432 ejus
1497 2366 1778 2434 imumque
1819 2363 2045 2419 fundum

466 2471 622 2511 mens
644 2456 889 2511 invenire
910 2467 1107 2527 potest.
1139 2455 1369 2525 Semper
1389 2456 1535 2511 enim
1574 2457 1644 2511 ab
1680 2471 1748 2511 eo
1775 2457 1917 2526 quod
1949 2474 2047 2527 pu—

465 2556 633 2611 tatur,
690 2548 839 2601 aliud
882 2548 1126 2603 animum
1176 2548 1343 2614 subit,
1386 2548 1535 2613 quod
1589 2550 1870 2605 contineat
1926 2550 2047 2619 ejus

466 2639 810 2703 eniiuentias,
844 2655 913 2695 ne
936 2638 1274 2694 diffundatur
1296 2636 1651 2704 autdimuat;
1684 2650 1957 2712 quatenus
1991 2642 2047 2695 in

466 2732 793 2789 immensum
824 2733 1162 2801 extenditur,
1204 2734 1516 2790 intellectus
1548 2744 1756 2799 noster,
1787 2745 1845 2789 ut
1876 2751 2047 2805 appa-

466 2833 570 2889 ret,
602 2824 806 2880 deticit.
845 2824 1137 2881 Cernimus
1160 2833 1340 2880 autem
1382 2833 1436 2880 et
1481 2825 1680 2880 coelum
1710 2841 1817 2880 non
1856 2842 2045 2883 omnes

468 2916 743 2980 similiter,
778 2916 873 2971 sed
920 2917 1155 2985 quisque
1194 2915 1496 2971 secundum
1540 2917 1687 2972 vires
1734 2919 2042 2973 oculorum.

466 3001 654 3071 Neque
692 3002 836 3057 enim
873 3018 1028 3057 mens
1078 3002 1145 3056 ad
1191 3003 1593 3058 extremitatem
1639 3008 1920 3077 pertingit,
1951 3022 2046 3061 ne-

468 3108 573 3160 que
602 3099 822 3160 pr0pter
850 3091 1187 3145 resilientem
1225 3106 1255 3145 a
1295 3094 1457 3147 nobis
1498 3093 1649 3149 illius
1685 3093 1911 3149 fornicis
1946 3110 2039 3151 so-

468 3179 732 3235 liditatem
761 3194 984 3247 prorsus
1027 3181 1284 3236 accedere
1306 3189 1513 3252 potest.

539 3272 829 3327 Cernimus
856 3271 1025 3343 igitur
1056 3287 1120 3328 ea
1143 3288 1264 3343 quae
1302 3285 1433 3330 sunt.
1464 3277 1520 3331 in
1551 3279 1739 3334 eadem
1764 3280 2045 3338 servitutis

465 3361 799 3426 conditione,
826 3376 934 3417 non
963 3364 1265 3419 secundum
1290 3364 1340 3419 id
1375 3367 1521 3436 quod
1556 3377 1704 3434 sunt,
1724 3370 1819 3425 sed
1843 3386 2042 3427 secun-

465 3456 595 3512 dum
620 3455 672 3510 id
700 3455 845 3526 quod
875 3458 1230 3528 percipimus.
1279 3462 1421 3515 Sunt
1453 3462 1599 3517 enim
1636 3466 1797 3521 nobis
1848 3482 2047 3539 propo-

456 3548 572 3603 sita
614 3556 727 3602 tum
784 3550 1138 3618 aspectabilia
1186 3561 1298 3607 tum
1342 3555 1793 3626 inaspectabilia;
1842 3567 1897 3614 et
1946 3561 2045 3616 bo-

466 3656 586 3695 rum
639 3640 785 3695 aliud
836 3641 1053 3711 quidem
1113 3658 1177 3697 ex
1230 3653 1407 3715 parte,
1461 3647 1608 3702 aliud
1663 3666 1795 3705 vero
1845 3659 2040 3708 totum.

464 3730 837 3787 Consimiliter
866 3743 918 3787 et
959 3733 1102 3789 Deus
1149 3744 1202 3790 et
1238 3739 1587 3806 aspectabilis
1632 3750 1687 3796 et
1726 3744 2042 3815 inaspecta-

464 3824 591 3879 bilis
622 3833 706 3880 est
748 3824 1066 3881 hominibus
1116 3844 1130 3880 :
1186 3828 1321 3883 illud
1369 3830 1588 3900 quidem
1639 3834 1852 3890 ratione
1900 3838 2046 3891 vela-

466 3917 635 3970 menti
675 3917 923 3987 corporis
960 3934 1055 3987 per
1093 3918 1505 3986 demissionem,
1559 3923 1663 3979 hoc
1707 3942 1859 3993 vero,
1884 3937 2043 3981 natu-

465 4007 655 4061 raliter
684 4018 737 4062 et
773 4008 1159 4065 immensitatis
1201 4013 1431 4069 ratione.
1462 4013 1581 4069 Non
1621 4016 1766 4071 enim
1805 4019 2042 4073 sustinet

468 4099 607 4169 ignis
641 4101 1105 4170 prepinquitatem
1131 4104 1330 4174 stipula
1361 4115 1415 4160 et
1448 4106 1624 4176 palea,
1665 4122 1789 4162 cum
1818 4110 1889 4164 ob
1938 4110 2043 4164 ari-

463 4190 686 4243 ditatem
713 4207 832 4245 mox
860 4193 913 4246 in
949 4202 1149 4247 terram
1181 4196 1547 4251 resolvantur.
1575 4197 1864 4254 Paululum
1894 4202 2040 4256 enim

358 4346 371 4353 Α
465 4283 518 4334 in
546 4297 605 4336 se
626 4282 965 4338 divinitatem
997 4287 1209 4343 nudans
1233 4287 1512 4355 Christus,
1557 4290 1612 4345 in
1645 4300 1831 4347 monte
1861 4301 2044 4350 trans-

466 4372 810 4431 formationis
851 4378 1090 4432 versavit
1124 4380 1408 4435 columnas
1433 4381 1710 4439 Ecclesiae.
1736 4383 1870 4439 Nam
1894 4385 2041 4441 illico

464 4466 814 4535 procidentes
860 4467 1056 4525 Petrus
1101 4479 1155 4524 et
1181 4470 1416 4528 Jacobus
1461 4482 1515 4528 et
1561 4472 1824 4543 Joannes,
1858 4476 1929 4531 ob
1971 4477 2035 4531 ti-

462 4574 671 4613 morem
724 4560 1073 4630 palpitantes,
1125 4564 1518 4632 propemodum
1567 4566 2039 4637 colliquescebant

465 4648 587 4719 igne
629 4651 953 4707 divinitatis.
1009 4653 1087 4707 Ad
1138 4654 1190 4708 id
1228 4664 1408 4711 autem
1466 4670 1570 4710 nos
1618 4657 1825 4713 ducens
1878 4657 2039 4715 divus

462 4744 779 4812 Apostolus,
824 4752 1016 4815 aperte
1046 4746 1283 4800 clamat:
1332 4745 1407 4798 Ex
1461 4747 1837 4817 magnitudine
1884 4763 2040 4805 crea-

462 4841 711 4890 turarum
746 4846 799 4892 et
842 4837 1269 4907 pulchritudine,
1313 4838 1525 4892 ratione
1560 4838 1794 4909 quadam
1834 4854 2035 4896 conve-

1556 322 1612 377 S.
1645 319 2298 385 CESARllﬁREGORll
2340 320 2638 377 FRATRIS

3624 315 3737 374 908

2144 448 2559 521 ραπετάσματος
2598 443 2731 515 πρὸς
2784 441 2841 495 τὸ
2890 440 3086 513 μέτρον
3132 440 3231 511 τῆς
3278 436 3598 509 καθάρσεως
3630 438 3733 492 τοῦ

2149 541 2584 611 διακονουμένου.
2622 533 2742 592 Εἷδε
2789 536 2965 588 τοίνυν
3020 533 3177 596 Ἰὼϐ,
3226 531 3363 586 ἀλλά
3408 531 3495 584 διὰ
3544 532 3732 585 λαίλασ

2148 643 2247 689 πος
2278 627 2372 678 καὶ
2392 626 2595 693 νεφῶν·
2622 624 2728 695 πρὸ
2760 622 2923 677 αὑτοῦ
2951 622 3008 675 δὲ
3026 662 3041 683 ,
3086 620 3356 692 Ἁϐραάμ,
3381 620 3447 672 δι’
3478 620 3734 689 ἀγγέλων

2150 718 2517 787 φθεγγόμενον
2540 732 2553 744 ’
2583 712 2721 768 εἶδεν
2768 715 2983 779 Ἰακὼ6,
3006 716 3082 778 ὡς
3105 715 3394 785 ἄνθρωπον
3424 714 3539 783 μετ’
3565 712 3733 765 αὑτοῦ

2149 806 2473 859 παλαίοντα·
2512 806 2715 875 Μωσῆς
2752 806 2810 857 ὲν
2846 806 2995 875 μέσῳ
3023 805 3117 858 τοῦ
3146 806 3378 875 γνόφου’
3404 804 3607 875 ὁμοίως
3638 806 3735 857 καὶ

2146 899 2175 951 ὁ
2222 898 2409 961 λοιπὸς
2455 896 2563 950 τῶν
2598 897 2897 951 θεσπεσίων
2941 897 3127 967 ὅμιλος
3166 896 3231 949 δι’
3265 897 3605 966 αἰνιγμάτων
3635 899 3734 949 καὶ

2147 989 2670 1061 παραπετασμάτων
2690 1006 2703 1020 ·
2740 986 2879 1043 εἶδον
2913 990 3008 1043 καί¹
3039 990 3089 1041 οἰ
3129 990 3447 1053 ἀπόστολοι,
3477 988 3568 1043 διά
3594 1006 3734 1059 σαρ-

2147 1084 2242 1146 κὸς
2293 1082 2634 1153 ἀνδρωθέντα
2688 1082 2782 1135 τὸν
2832 1081 2964 1134 Θεὸν
3022 1082 3117 1135 καὶ
3164 1082 3367 1151 Λόγον,
3423 1081 3515 1135 τὸν
3565 1081 3733 1136 αὑτὸν

2146 1176 2318 1231 Παῖδα
2352 1173 2488 1228 Θεοῦ
2536 1174 2631 1228 καὶ
2672 1173 2981 1245 ἀνθρώπου,
3011 1174 3241 1236 ἕκαστος
3274 1173 3410 1245 πρὸς
3432 1172 3493 1225 τὸ
3531 1174 3737 1244 μέτρον

2146 1267 2245 1338 τῆς
2273 1267 2473 1331 οἰκείας
2517 1266 2721 1339 ἀρετῆς
2756 1265 2852 1318 καὶ
2878 1266 3095 1337 ῥώσεως
3125 1267 3393 1338 ψυχικῆς·
3424 1267 3564 1320 κατά
3600 1267 3732 1327 τοὺς

2147 1359 2493 1432 ἐρρωμένους
2525 1361 2557 1431 ἢ
2588 1360 2988 1431 τεθολωμένους
3011 1358 3113 1423 τὰς
3142 1358 3237 1413 τοῦ
3273 1358 3522 1429 σώματος
3541 1359 3732 1428 ὄψεις,

2144 1452 2255 1506 τῶν
2299 1453 2397 1524 μὲν
2451 1454 2544 1507 ἐπὶ
2591 1453 2727 1507 πολὺ
2777 1452 3093 1522 δυναμένων
3121 1451 3200 1522 τῷ
3242 1452 3381 1523 ἡλίῳ
3424 1451 3731 1514 ἀτενίζειν,

2146 1543 2252 1597 τῶν
2307 1542 2365 1596 δὲ
2416 1542 2675 1614 ἀμυδρῶς
2718 1542 2792 1613 μὴ
2824 1542 3095 1613 φερόντων
3142 1542 3245 1612 τὴν
3294 1542 3580 1613 ἀστραπὴν
3628 1543 3730 1595 τοῦ

2148 1634 2434 1705 φωστῆρος
2453 1675 2468 1699 ,
2503 1634 2640 1704 μηδὲ
2670 1632 2767 1705 τὴν
2797 1632 3101 1705 προσϐολὴν
3115 1632 3226 1685 τῶν
3254 1632 3653 1704 μαρμαρυγῶν.

2230 1726 2480 1799 Ὀρῶμεν
2512 1727 2620 1797 γὰρ
2647 1728 2747 1796 τὴν
2772 1726 3042 1781 θάλατταν
3072 1725 3168 1780 ἀπ’
3192 1726 3502 1796 ἀκρωρείας
3529 1726 3564 1797 ἢ
3590 1744 3731 1796 γεω-

2150 1818 2311 1887 λόφου
2337 1818 2482 1882 τινὸς
2501 1859 2517 1885 ,
2558 1819 2651 1872 καὶ
2679 1816 3014 1887 ἀληθεύομεν
3045 1816 3345 1887 φάσκοντες
3386 1818 3689 1888 ἑωρακέναι
3716 1837 3732 1850 ·

2148 1910 2246 1981 τὴν
2266 1907 2374 1981 γὰρ
2412 1908 2731 1977 ἐπιφάνειαν
2778 1906 2873 1961 τοῦ
2903 1907 3171 1974 πελάγους
3196 1905 3385 1976 μόνον,
3409 1906 3501 1958 καί¹
3524 1906 3730 1978 ταύτην

2153 1999 2393 2073 μερικῶς
2430 2000 2683 2073 ὁρῶντες.
2725 2000 2798 2052 Οὐ
2822 1998 2928 2070 γὰρ
2962 1999 3070 2052 ἀπὸ
3098 1998 3197 2069 τῆς
3217 1997 3520 2069 ἐντεῦθενῆ
3546 1998 3731 2069 ἠϊόνος

2148 2093 2181 2164 ἢ
2212 2092 2377 2164 ὄχθης
2396 2134 2410 2157 ,
2443 2092 2580 2164 πρὸς
2600 2092 2699 2163 τὴν
2727 2092 2954 2163 ἀντικρὺ
2983 2092 3243 2162 κειμένην
3273 2090 3505 2145 σκοπιάν
3532 2092 3567 2161 ή
3605 2090 3730 2160 ὄψις

2148 2185 2211 2258 δὴ
2243 2186 2331 2239 οἵα
2367 2203 2427 2238 τε
2446 2226 2460 2250 ,
2498 2184 2909 2255 ὲναπολήγουσα
2938 2183 3017 2254 τῷ
3054 2184 3195 2255 ἀέρι.
3222 2183 3345 2237 Οὐδ’
3370 2179 3437 2237 αὖ
3475 2184 3639 2237 πάλιν
3664 2184 3732 2236 τὸ

2149 2276 2310 2341 κῦτος
2362 2277 2592 2348 αὐτῆςῆ
2635 2278 2725 2331 τὸν
2764 2277 2991 2347 ἔσχατον
3026 2276 3275 2347 πυθμένα
3316 2277 3345 2329 ό
3378 2274 3505 2339 νοῦς
3544 2276 3730 2345 εὑρεῖν

2148 2363 2258 2433 οἷός
2280 2386 2361 2422 τε.
2409 2368 2519 2422 Ἀεὶ
2551 2368 2660 2439 γάρ
2693 2369 2787 2422 τοῦ
2816 2368 3101 2439 νοουμένου
3122 2368 3308 2439 ἕτερον
3333 2366 3726 2438 ὑποτιθεμένου

2149 2459 2422 2529 περιέχειν
2465 2459 2631 2529 αὐτῆς
2668 2458 2765 2523 τὰς
2807 2459 3030 2530 ὲξοχάς,
3071 2460 3209 2530 πρὸς
3233 2459 3293 2512 τὸ
3320 2459 3396 2531 μὴ
3426 2459 3725 2529 διαχεῖσθαι

2148 2552 2180 2621 ἢ
2206 2552 2519 2621 καταρρεῖν,
2545 2552 2681 2620 πρὸς
2700 2551 2760 2603 τὸ
2780 2552 2931 2605 κάτω
2953 2553 3033 2615 εἰς
3055 2552 3332 2621 ἀμήχανον
3366 2552 3592 2616 εἰκότως
3628 2552 3727 2621 τῆς

2109 2644 2117 2651 ’
2147 2642 2391 2705 διανοίας
2421 2642 2578 2713 ἡμῶν
2616 2642 3005 2713 ἐκπιπτούσης.
3054 2642 3299 2714 Ὀρῶμεν
3319 2643 3375 2696 δὲ
3409 2644 3505 2697 καὶ
3528 2643 3618 2696 τὸν
3638 2643 3728 2696 οὐ·

2150 2734 2309 2805 ρανὸν
2365 2733 2427 2785 οὐ
2481 2733 2679 2797 πάντες
2728 2734 2960 2802 ὁμοίως,
3008 2733 3122 2787 ἀλλ’
3164 2734 3395 2798 ἕκαστος
3439 2735 3575 2806 πρὸς
3626 2735 3730 2805 τὴν

2150 2825 2340 2896 ῥώμην
2369 2824 2463 2878 τοῦ
2483 2825 2747 2896 ὄμματος.
2778 2824 2915 2877 Οὔτε
2939 2827 3046 2896 γὰρ
3076 2828 3109 2896 ἡ
3133 2827 3338 2879 διάνοια
3370 2825 3464 2880 τοῦ
3491 2826 3728 2897 πέρατος

2148 2918 2493 2986 ἀφικνεῖται(
2504 2917 2631 2983 ιγ),
2668 2916 2789 2969 οὐδὲ
2819 2916 3118 2987 προσϐῆναι
3168 2920 3228 2987 τῇ
3286 2917 3577 2988 ἀντιτυπία
3627 2918 3729 2988 τῆς

2150 3008 2331 3077 ἁψῖδος
2366 3007 2586 3062 δύναται
2617 3008 2876 3079 ἀκριϐῶς.

2227 3287 2472 3359 Ὀρῶμεν
2515 3286 2691 3341 τοίνυν
2733 3287 2797 3339 τά
2841 3285 3129 3352 σύνδουλα,
3173 3287 3234 3339 οὐ
3279 3284 3407 3340 καθὸ
3438 3271 3726 3353 πέφυκεν,

2145 3380 2279 3434 ἀλλὰ
2306 3378 2440 3434 καθὸ
2463 3379 2767 3450 χωροῦμεν.
2805 3379 3007 3449 ὐρατὰ
3027 3378 3137 3448 γάρ
3159 3380 3291 3449 ἡμῖν
3310 3376 3591 3445 πρόκειται
3622 3377 3733 3429 καὶ

2146 3472 2353 3542 ἀόρατα
2380 3513 2395 3537 ,
2443 3470 2505 3523 τὸ
2556 3471 2654 3540 μὲν
2702 3470 2943 3541 μερικῶς
2965 3509 2981 3536 ,
3009 3470 3071 3522 τὸ
3092 3469 3149 3522 δὲ
3192 3469 3509 3540 ὁλοσχερῶς.
3536 3469 3731 3539 “ap:-

2148 3561 2390 3631 πλησίως
2422 3559 2516 3614 καὶ
2559 3558 2621 3612 τὸ
2665 3558 2817 3612 Θεῖον
2858 3557 3085 3628 ὁρατὸν,
3115 3558 3209 3610 καί⁸
3249 3558 3478 3627 ἀόρατον
3514 3555 3729 3626 βροτοῖς

2146 3651 2411 3721 ὑπάρχει·
2454 3650 2513 3702 τὸ
2543 3648 2670 3718 μὲν,
2708 3647 3167 3719 παραπετάσματι
3197 3646 3451 3717 σώματος
3472 3686 3486 3712 ,
3520 3662 3728 3713 συγκα-

2146 3740 2451 3803 ταὸατικῶς
2470 3758 2483 3771 ο
2526 3739 2585 3792 τὸ
2626 3739 2683 3793 δὲ
2717 3740 2998 3809 ἀμήχανον
3037 3738 3300 3807 φυσικῶς.
3329 3738 3405 3791 Uti
3430 3736 3538 3807 γὰρ
3563 3737 3596 3805 ἡ
3624 3752 3728 3789 κα-

2145 3833 2291 3903 λάμη
2334 3833 2427 3885 καὶ
2458 3831 2519 3884 τὸ
2546 3832 2747 3901 ἄχυρον
2785 3830 3049 3901 ὑπομένει
3085 3828 3178 3883 τοῦ
3220 3830 3392 3900 πυρὸς
3420 3830 3519 3901 τὴν
3556 3829 3727 3897 £776-

2146 3943 2304 3997 τητα,
2322 3928 2388 3995 τῇ
2410 3924 2613 3995 φρυγίᾳ
2630 3925 2707 3987 εἰς
2722 3924 2826 3993 γῆν
2842 3923 3282 3993 διαφθειρόμενα.
3299 3922 3483 3993 Βραχὺ
3503 3924 3611 3994 γάρ
3628 3941 3732 3977 πα·-

2151 4014 2512 4086 ραγυμνώσας
2533 4013 2710 4085 ἐαυτῷ
2733 4014 2846 4087 (15)
2866 4014 2962 4085 τὴν
2989 4013 3220 4084 θεότητα
3241 4014 3495 4084 Χριστὸς,
3522 4014 3614 4066 ἐπὶ
3631 4014 3727 4067 τοῦ

2145 4110 2303 4179 ὅρους
2328 4107 2429 4177 τῆς
2476 4106 2949 4177 μεταμορφώσεως
2969 4142 2983 4165 ,
3014 4106 3139 4167 τοὺς
3152 4099 3376 4167 στύλους
3389 4103 3485 4172 τῆς
3506 4103 3730 4172 Ἐκκλη-

2147 4200 2268 4264 σίας
2308 4199 2671 4272 ὲστρόμὸησε.
2723 4198 2990 4261 Πεσόντες
3032 4197 3140 4269 γάρ
3180 4193 3337 4261 αὖθις
3372 4196 3607 4266 "93:90:,
3633 4195 3732 4247 καὶ

2158 4290 2438 4355 Ἰάκωϐος,
2480 4291 2574 4342 καὶ
2606 4289 2888 4359 Ἰωάννης,
2932 4287 3009 4358 τῷ
3031 4287 3139 4340 δέει
3168 4287 3578 4358 κραδαινόμενοι
3596 4324 3613 4349 ,
3641 4302 3732 4355 μιν

2146 4382 2279 4455 κροῦ
2323 4383 2432 4437 δεῖν
2470 4380 2798 4452 ἐχωνεύοντο
2825 4378 2903 4449 τῷ
2940 4380 3072 4449 πυρὶ
3114 4378 3213 4448 τῆς
3264 4377 3535 4447 θεότητος.
3580 4375 3730 4447 Πρὸς

2149 4472 2306 4525 τοῦτο
2342 4471 2398 4524 δὲ
2427 4469 2606 4540 φέρων
2646 4468 2740 4521 καὶ
2782 4470 2809 4521 ὁ
2845 4467 2987 4529 θεῖος
3038 4465 3390 4527 Ἀπόστολος,
3430 4464 3729 4534 διαρρήδην

2149 4564 2279 4636 βοᾷ·
2341 4564 2437 4617 Ἐκ
2482 4563 2591 4633 γὰρ
2650 4560 2909 4632 μεγέθους
2958 4559 3272 4629 κτισμάτων
3326 4557 3421 4610 καὶ
3465 4555 3733 4625 καλλονῆς

2146 4654 2424 4722 ἀναλόγως
2447 4652 2752 4723 θεωρεῖται.
2778 4649 3018 4721 Οὐρανοῦ
3035 4648 3144 4720 γὰρ
3166 4649 3260 4702 καὶ
3281 4647 3388 4717 γῆς
3411 4647 3505 4699 καὶ
3527 4644 3732 4700 θαλάτ-

2146 4763 2242 4817 της
2283 4745 2409 4799 ἰδεῖν
2428 4742 2704 4812 ὁλομερῶς
2742 4741 2842 4811 τὴν
2869 4738 3029 4808 φύσιν
3060 4740 3121 4792 οὐ
3148 4738 3459 4809 δυνάμενοι,
3498 4736 3619 4801 πῶς
3635 4735 3731 4789 ⁴τὸν

2142 4838 2372 4909 ποιητὴν
2401 4833 2610 4888 ἑαυτῶν
2643 4833 2769 4886 ἰδεῖν
2796 4834 2861 4903 τῇ
2902 4831 3061 4900 φύσει
3083 4833 3443 4903 χωρήσομενς

464 4928 645 4983 niente
677 4931 921 4985 cernitur
952 4932 1017 4984 ⁵⁸.
1060 4932 1194 4987 Cum
1226 4931 1374 4987 enim
1430 4931 1628 4985 cmlum
1676 4939 1730 4988 et
1777 4940 1978 4988 terram
2024 4941 2081 4989 et
2128 4947 2299 4995 mare,
2335 4938 2393 4985 ut
2441 4927 2741 4985 secundum
2771 4934 3023 4979 naturam
3075 4930 3238 4985 sunt,
3288 4922 3344 4975 in
3398 4928 3572 4977 totum
3615 4933 3735 4975 cer-

453 5032 593 5073 nere
621 5035 979 5087 nequeamus,
1026 5023 1303 5092 quomodo
1343 5023 1684 5079 conditorem
1712 5032 1962 5081 nostrum
1994 5025 2177 5081 videre
2209 5022 2510 5081 secundum
2542 5019 2715 5090 ipsius
2744 5026 2996 5072 naturam
3029 5014 3370 5085 poterimus?

896 5110 1413 5168 INTERROGATIO
1454 5111 1611 5169 XLII.

537 5197 829 5268 Postquam
858 5200 925 5254 de
955 5201 1173 5257 (Ilii-isto
1200 5206 1333 5260 satis
1368 5202 1623 5260 instructi
1648 5220 1860 5273 sumus,
1886 5205 2040 5275 cupi-

466 5305 590 5347 mus
625 5305 795 5362 pauca
835 5291 1022 5345 audire
1047 5294 1112 5347 de
1148 5293 1355 5363 Spiritu
1393 5303 1605 5360 sancto,
1644 5312 1774 5351 nunt
1810 5297 2042 5367 aequalis

465 5384 540 5437 sit
566 5382 710 5436 Patri
736 5391 790 5437 et
820 5380 979 5447 Filio,
1005 5384 1238 5454 proprize
1274 5389 1561 5455 potestatis
1603 5390 1933 5443 auctoritate
1962 5387 2041 5442 fa-

465 5478 617 5531 ciens
642 5484 695 5531 et
725 5476 993 5531 mandans
1020 5492 1141 5546 qua:
1172 5478 1286 5531 vult
1321 5497 1333 5531 :
1378 5487 1431 5532 ct
1461 5496 1629 5549 quare
1661 5496 1783 5534 cum
1812 5495 1954 5548 aqua
1987 5486 2041 5532 et

466 5568 588 5631 igne
616 5567 673 5621 in
703 5565 988 5638 Scriptura
1016 5578 1389 5640 comparetur.

543 5694 586 5721 *⁵⁵
621 5692 779 5747 llom.
813 5710 850 5758 ι,
881 5694 968 5747 20.

537 5808 671 5877 (12⁸)
725 5809 1099 5877 Ἀφικνεῑται.
1134 5813 1296 5865 Forte
1331 5812 1508 5875 ἑφικν.
1549 5807 1702 5860 Eun".

2729 5109 2977 5162 ΠΕΥΣΙΣ
3015 5105 3149 5161 ΜΒ’.

2218 5204 2413 5268 Καλῶς
2454 5203 2584 5273 περὶ
2629 5199 2867 5272 Χριστοῦ
2897 5198 3267 5268 διδαχθέντες,
3296 5196 3534 5267 δεόμεθα
3573 5199 3733 5268 ὀλίγα

2149 5297 2276 5367 περί
2304 5295 2398 5348 τοῦ
2438 5294 2592 5362 ἁγίου
2624 5291 2939 5361 Πνεύματος
2976 5288 3240 5343 ἀκοῦσαι·
3270 5289 3319 5342 εἰ
3342 5283 3461 5342 ἴσον
3491 5290 3734 5361 ὑπάρχει

2148 5388 2224 5457 τῷ
2253 5386 2449 5457 Πατρὶ,
2471 5385 2563 5438 καὶ
2585 5382 2661 5453 τῷ
2683 5381 2818 5451 Υἰῴ,
2856 5380 3188 5443 αὐθεντικῶς
3215 5378 3403 5433 ποιοῦν
3439 5382 3535 5433 καὶ
3562 5398 3736 5451 προσ-

2150 5480 2348 5532 τάσσον
2393 5476 2425 5531 ἃ
2455 5476 2740 5547 βούλεται·
2775 5475 2866 5527 καὶ
2897 5472 2985 5526 διὰ
3025 5472 3077 5524 τί
3104 5472 3258 5526 ὕδατι
3301 5473 3395 5525 καὶ
3435 5473 3571 5545 πυρὶ
3629 5474 3739 5527 ὑπὸ

2152 5570 2249 5640 τῆς
2274 5567 2491 5638 Γραφῆς
2512 5564 2811 5635 ὁμοιοῦται.

2231 5812 2343 5883 (15)
2388 5809 2624 5875 Ἑαυτῷ.
2660 5810 2821 5867 Forte
2854 5810 3068 5877 ἑαυτοῦ,
3098 5810 3182 5866 vel
3210 5810 3266 5864 ἐν
3296 5807 3495 5879 ἑαυτῷ.
3531 5806 3609 5866 In.
