4030 6232
268 303 379 365 909

883 423 930 479 Ἀ
938 426 1232 495 πόκρισις.

374 518 550 570 Ancus
579 506 679 587 δὴ,
710 514 1002 586 ἀξιάγαστε
1021 559 1038 583 ,
1080 518 1411 587 αὐθεντικῶς
1459 518 1551 573 καὶ
1579 517 1847 591 αὐτοκρα-

266 613 508 686 τορικῶς
532 611 628 665 τοῦ
661 611 977 683 Πνεύματος
1010 613 1434 684 προστάττοντος
1452 653 1466 678 ,
1499 614 1594 667 καὶ
1614 612 1848 685 δρῶντος

268 701 369 760 ἶσα
395 703 476 774 τῷ
504 703 680 774 Πατρὶ
714 703 808 757 καὶ
844 703 922 774 τῷ
955 703 1097 775 Υἱῷ·
1139 705 1481 774 Ἀφορίσατε
1517 704 1595 771 δή
1621 721 1724 775 μοι
1743 704 1850 758 τὸν

269 796 593 866 Βαρνάϐαν
632 795 733 849 καὶ
779 796 1020 850 Σαῦλον
1038 836 1053 861 ,
1086 799 1174 863 είς
1213 794 1283 851 τὸ
1320 797 1498 867 ἔργον
1526 796 1559 851 ὃ
1595 795 1851 865 προσκέ-

269 891 501 956 κλημαι
537 886 788 951 αὐτοὺς,
818 887 953 957 φησὶ
1002 889 1115 952 τοῖς
1155 888 1491 951 ἀποστόλοις.
1536 886 1851 958 Συμφώνως

266 979 332 1033 δὲ
361 977 539 1046 τούτῳ
564 979 595 1030 6
620 976 749 1039 Υἱὸς
777 978 855 1048 τῷ
887 978 1085 1050 Παύλῳ
1114 980 1298 1051 φησιν·
1327 981 1586 1034 Εἵσελθε
1619 981 1707 1046 εὶς
1733 977 1850 1047 τὴν

268 1071 491 1132 πόλιν,
517 1067 694 1123 κάκεῖ
725 1068 1142 1139 λαληθήσεταί
1169 1085 1299 1136 σοι,
1330 1071 1387 1124 τί
1406 1086 1481 1125 σε
1516 1071 1606 1125 δεῖ
1634 1070 1847 1125 ποιεῖν.

282 1159 545 1232 Ἐτέρωθι
603 1158 661 1212 δέ
713 1176 877 1229 φασιν
923 1161 980 1213 αἱ
1031 1160 1265 1233 Πράξεις
1321 1159 1431 1214 τῶν
1497 1160 1810 1215 ἀποστόλων
1833 1175 1849 1190 ·

269 1247 455 1309 οὗτοι
500 1251 619 1321 μέν
659 1251 1100 1322 ἐκπεμφθέντες
1145 1253 1266 1309 ὑπὸ
1316 1253 1423 1307 τοῦ
1473 1253 1820 1323 Πνεύματος
1835 1293 1851 1318 ,

267 1344 581 1414 κατῆλθον
605 1345 695 1410 εις
723 1344 841 1411 τὴν
865 1342 1220 1397 Σελεύκειαν
1258 1344 1489 1416 Ὁμοίως
1511 1347 1540 1400 6
1559 1345 1708 1410 Υἱὸς,
1742 1348 1852 1399 Πο-

259 1436 585 1506 ρευθέντες
601 1475 616 1500 ,
667 1436 804 1507 φησὶ
819 1474 835 1498 ,
879 1435 1296 1503 μαθητεύσατε
1331 1436 1530 1493 πάντα
1569 1438 1642 1493 τὰ
1668 1438 1812 1505 ἔθνη
1834 1455 1847 1468 ’

265 1527 475 1599 ὁμοίως
496 1528 547 1580 οἱ
567 1526 888 1589 ἀπόστολοι,
923 1526 1168 1592 Ἔδοξε,
1200 1529 1354 1597 φασὶ,
1384 1526 1464 1594 τῷ
1494 1530 1642 1600 ἁγίῳ
1658 1529 1851 1583 Πνεύ-

260 1633 409 1687 ματι
458 1615 554 1670 καὶ
608 1615 787 1686 ἡμῖν,
827 1614 1021 1685 μηδὲν
1072 1616 1226 1671 ἄλλο
1291 1617 1661 1673 ἐπιτίθεσθαι
1706 1620 1851 1689 ὑμῖν

262 1709 443 1778 πλὴν
494 1706 615 1762 τῶν
655 1707 1008 1778 ἐπάναγκες.
1057 1707 1288 1779 Ὁμοίως
1338 1710 1369 1762 6
1420 1709 1629 1775 Παῦλός
1674 1726 1844 1781 φησι·

266 1801 439 1871 Λέγω
476 1799 576 1864 δὲ,
606 1799 706 1853 καί
744 1801 856 1853 οὐκ
900 1797 1051 1868 ἐγὼ,
1081 1798 1220 1855 ἀλλ’
1246 1801 1281 1853 ό
1304 1799 1548 1867 Κύριος,
1590 1801 1850 1871 γυναῖκα

264 1890 392 1947 ἀπὸ
440 1889 661 1959 ἀνδρὸς
686 1889 773 1959 μὴ
813 1889 1183 1958 χωρίζεσθαι.
1232 1920 1303 1931 -
1327 1889 1619 1959 Διῆλθον.
1676 1894 1846 1964 φησὶ,

264 1983 388 2052 τὴν
427 1982 692 2052 Φρυγίαν
714 1982 814 2036 καὶ
850 1980 1198 2051 Γαλατικὴν
1234 1981 1454 2051 χώραν,
1479 1985 1851 2052 κωλυθέντες

265 2074 391 2129 ὑπὸ
434 2073 542 2128 τοῦ
584 2074 931 2142 Πνεύματος
967 2073 1074 2128 τοῦ
1114 2070 1385 2142 λαλῆσαι
1414 2074 1522 2127 τὸν
1561 2064 1850 2146 λόγον’έν

266 2163 349 2233 τῇ
392 2165 574 2231 Ἀσίᾳ.
631 2164 863 2234 ὀμοίως
894 2164 924 2218 6
970 2163 1097 2228 Υἱὸς
1148 2165 1262 2227 τοῖς
1294 2163 1614 2230 ἀποστόλοις
1647 2166 1810 2237 φησιν
1829 2182 1845 2198 ’

268 2258 379 2322 Εἰς
418 2254 565 2310 ὁδὸν
593 2252 787 2309 ἐθνῶν
811 2253 899 2324 μὴ
932 2252 1252 2322 ἀπέλθητε,
1285 2254 1385 2309 καὶ
1408 2257 1496 2321 είς
1524 2255 1709 2310 πόλιν
1732 2258 1848 2309 Σα-

260 2346 565 2418 μαρειτῶν
586 2344 676 2416 μὴ
722 2343 1055 2414 εἰσέλθητε.
1098 2346 1257 2400 Ἀλλά
1286 2346 1382 2400 καὶ
1414 2345 1578 2400 Δαϐὶδ
1603 2348 1632 2400 6
1653 2344 1849 2400 θεσπέ-

269 2454 406 2501 σιος,
446 2436 548 2507 τῆς
578 2435 730 2500 θείας
759 2437 988 2508 Τριάδος
1012 2435 1173 2509 ἔργον
1193 2436 1407 2501 δεικνὺς
1432 2435 1501 2491 τὰ
1534 2435 1844 2507 σύμπαντα,

267 2527 502 2599 μελῳδεῖ
543 2530 602 2582 ὲν
636 2527 887 2598 Ψαλμοῖς
909 2544 923 2559 ο
963 2525 1047 2592 Τῷ
1079 2527 1249 2597 Λόγῳ
1273 2527 1494 2595 Κυρίου
1521 2528 1575 2583 οί
1601 2527 1843 2597 οὐρανοὶ

264 2621 720 2690 ἐστερεώθησαν
736 2661 751 2687 ,
805 2620 906 2675 καὶ
948 2621 1030 2687 τῷ
1063 2621 1357 2691 πνεύματι
1401 2620 1508 2676 τοῦ
1546 2622 1845 2690 στόματος

262 2713 454 2769 αὐτοῦ
479 2711 649 2768 πᾶσα
677 2714 717 2781 ἠ
743 2712 997 2782 δύναμις
1023 2711 1223 2767 αὐτῶν
1243 2729 1256 2744 ·
1285 2712 1488 2782 Κύριον
1511 2711 1603 2767 τὸν
1626 2712 1844 2785 Πατέρα

261 2804 441 2877 δηλῶν
459 2846 473 2870 ,
507 2805 678 2872 Λόγον
709 2804 768 2857 δὲ
817 2804 909 2858 τὸν
950 2804 1123 2858 Παῖδα
1140 2843 1156 2868 ,
1211 2804 1436 2875 Πνεῦμα
1487 2803 1545 2857 δὲ
1591 2804 1651 2858 τὸ
1702 2803 1846 2859 θετον

264 2895 515 2967 Πνεῦμα.
548 2896 860 2966 Συμφὼνως
873 2897 929 2951 δὲ
956 2897 1175 2969 τούτῳό
1200 2899 1299 2970 τῆς
1321 2898 1414 2952 ὑπ’
1429 2898 1675 2968 οὐρανῶν
1706 2898 1842 2971 (15⁸)

264 2993 414 3054 θεῖος
461 2990 775 3062 καθηγητὴς
809 2988 1054 3057 Παῦλος,
1101 2990 1264 3061 φησί’
1310 2991 1639 3068 Διαιρέσεις
1672 3009 1840 3061 χαρι-

262 3082 513 3153 σμάτων
542 3082 657 3136 εισι
677 3121 693 3146 ,
728 3077 796 3133 τὸ
813 3079 884 3134 δὲ
901 3080 1048 3137 αὐτὸ
1081 3082 1342 3152 Πνεῦμα’
1373 3084 1473 3139 καὶ
1513 3082 1834 3153 διαιρέσεις

258 3172 606 3235 διακονιῶν,
659 3176 693 3228 ὁ
738 3173 807 3227 δὲ
848 3175 1033 3241 αὐτὸς
1078 3175 1327 3243 Κύριος·
1376 3174 1474 3230 καὶ
1521 3175 1841 3244 διαιρέσεις

259 3266 574 3338 ἐνεργειῶν
592 3305 607 3330 ,
632 3264 747 3319 όδέ
775 3265 958 3331 αὐτὸς
981 3265 1157 3332 Θεὸς,
1188 3270 1222 3320 ό
1253 3268 1512 3339 ἐνεργῶν
1542 3269 1614 3324 τὰ
1644 3268 1841 3322 πάντα

259 3358 333 3411 ἐν
353 3354 541 3411 πᾶσι·
569 3355 698 3427 τρία
726 3356 827 3426 μὲν
849 3354 1130 3427 παριστῶν
1159 3356 1426 3426 πρόσωπα
1445 3397 1460 3423 ,
1491 3357 1621 3428 μίαν
1657 3358 1714 3412 δὲ
1742 3357 1840 3429 τὴν

261 3444 495 3516 θεότητα
516 3485 532 3508 ,
560 3444 846 3499 αύθεντίαν
878 3462 937 3497 τε
961 3444 1054 3498 καὶ
1085 3444 1382 3515 βασιλείαν.

844 3534 1093 3587 ΠΕΥΣΙΣ
1128 3533 1259 3589 Ml".

331 3625 658 3696 Προσθεῖνοιι
689 3626 800 3689 τοῖς
829 3626 1140 3699 εἰρημένοις
1174 3625 1597 3697 παρακαλοῦμεν
1617 3667 1640 3698 ,,
1663 3627 1751 3681 διὰ
1787 3630 1839 3680 τί

261 3716 415 3772 ὕδατι
462 3719 559 3771 καὶ
605 3718 740 3789 πυρὶ
778 3717 1168 3790 παρεικάζει-αι
1217 3717 1323 3771 ὑπὸ
1367 3717 1467 3787 τῆς
1512 3718 1733 3790 Γραφῆς
1779 3719 1840 3772 τὸ

260 3806 417 3876 ἆγιον
442 3805 685 3877 Πνεῦμα.

882 3920 1237 3987 Ἀπόκρισις.

330 4011 449 4065 Οὐκ
486 4011 610 4081 εἰκῆ
647 4011 690 4079 (1
703 4009 790 4077 ι),
834 4009 943 4063 οὐδ’
970 4010 1157 4080 ἀργῶς
1181 4009 1410 4074 ἐκείνοις
1437 4011 1840 4082 παραϐάλλεται

256 4102 321 4155 τὸ
345 4100 492 4155 θεῖον
522 4099 765 4171 Πνεῦμα.
807 4099 1105 4153 Χλοοποιὸν
1135 4101 1264 4172 γὰρ,
1298 4101 1395 4153 καὶ
1432 4100 1712 4167 ζωοποιὸν,
1745 4101 1840 4156 καὶ

260 4192 555 4264 θρεπτικὸν
587 4191 649 4245 τὸ
680 4190 826 4262 ὕδωρ
863 4191 923 4258 ἐξ
955 4191 1204 4264 οὐρανῶν
1245 4192 1492 4263 ύόμενον,
1528 4192 1623 4246 καὶ
1659 4192 1838 4247 πάντα

259 4287 494 4348 πιαῖνον,
526 4284 623 4337 καὶ
647 4285 780 4337 πᾶσι
804 4283 1198 4354 διικνούμενον,
1233 4283 1504 4355 μονοειδὲς
1536 4284 1636 4354 μὲν
1662 4285 1837 4356 ὑπάρ-

258 4393 371 4445 χον,
406 4374 765 4445 πολυτρόπως
795 4374 853 4427 δὲ
896 4374 1189 4446 ἐνεργοῦνο
1244 4377 1310 4429 ὲκ
1356 4376 1485 4447 μιᾶς
1520 4375 1579 4429 δὲ
1626 4377 1837 4447 κρήνης

257 4467 492 4538 διάφορα
538 4466 670 4537 γένη
711 4463 893 4533 φυτῶν
939 4464 1214 4537 ἄρδονται.
1264 4465 1322 4519 ’0
1366 4465 1412 4519 δ’
1460 4466 1623 4531 αὐτὸς
1675 4467 1832 4531 ὑετὸς

259 4554 541 4626 μονοειδὴς
599 4554 860 4625 ὑπάρχων
910 4553 1071 4623 φύσει
1132 4554 1227 4608 καὶ
1284 4554 1428 4625 ὄψει,
1482 4557 1835 4629 πολυτρόπως

254 4646 570 4718 εὐεργετεῖ,
601 4647 660 4700 ὲν
692 4646 792 4716 μὲν
819 4647 991 4719 κρίνῳ
1010 4646 1221 4714 λευκὸς,
1251 4647 1310 4699 ἐν
1335 4646 1392 4699 δὲ
1413 4647 1550 4718 ῥόδῳ
1604 4647 1833 4719 ἐρυθρὸς

253 4736 569 4808 ὁρώμενος,
614 4735 897 4807 πόρφυρος
934 4737 995 4790 ὲν
1028 4735 1162 4802 τοις,
1193 4735 1383 4807 κιρῤδς
1429 4737 1474 4790 δ’
1521 4738 1580 4790 ὲν
1625 4737 1830 4807 κρόκῳ.

265 4827 392 4882 Ἐπὶ
415 4828 519 4898 τῆς
547 4827 719 4898 συκῆς
750 4828 1026 4899 μονοειδὴς
1079 4828 1324 4898 ὑόμενος,
1351 4827 1664 4899 ὲτεροειδῶς
1693 4829 1831 4882 ἀπο-

252 4919 512 4985 τελεῖται,
545 4918 749 4989 γλυκὺς
773 4921 872 4991 μὲν
892 4921 953 4974 ὲν
983 4918 1063 4991 τῷ
1107 4918 1325 4992 καρπῷ,
1352 4920 1552 4990 στυφδς
1576 4920 1634 4975 δὲ
1661 4921 1720 4974 ὲν
1749 4920 1830 4991 τῷ

253 5009 616 5082 ἐκμυζομένῳ
634 5010 885 5079 γάλακτι.
930 5011 991 5067 '0
1015 5011 1178 5076 αὐτὸς
1205 5012 1265 5065 ὲν
1284 5011 1514 5083 ἀμπέλῳ
1549 5012 1827 5085 μονοειδὴς

253 5101 551 5173 ἐρχόμενος
574 5101 899 5168 πυκάζεται,
947 5105 1028 5166 εἰς
1055 5103 1260 5169 ἕλικας,
1295 5105 1374 5167 είς
1422 5103 1704 5174 βλαστοὺς,
1746 5108 1828 5169 είς

253 5192 534 5264 δμφακας,
564 5195 647 5257 εἰς
676 5194 930 5265 βότρυας,
964 5196 1040 5258 εἰς
1070 5189 1233 5260 οἶνον,
1256 5197 1337 5259 εἰς
1366 5195 1548 5261 πότον,
1579 5197 1675 5249 καὶ
1699 5196 1825 5249 συλ-

252 5282 453 5357 λήϐδην
485 5287 680 5351 εἰπεῖν,
714 5287 773 5341 ὲν
811 5288 946 5341 πᾶσι
987 5286 1165 5341 πάντα
1195 5287 1498 5359 γινόμενος.
1532 5289 1827 5360 Μονοειδὴς

322 5405 369 5436 ⁸⁸
396 5404 521 5458 Act.
554 5419 677 5468 xm,
707 5405 763 5459 2.
838 5405 883 5437 ⁸⁷
914 5403 1034 5459 Act.
1066 5421 1141 5468 Ix.
1172 5404 1228 5460 6.
1304 5405 1351 5438 ⁸⁸
1376 5404 1499 5460 Act.
1530 5421 1651 5469 xm,
1697 5409 1749 5463 4.

1687 304 2033 365 DIALOGUS
2071 306 2110 364 Ι.

1866 5410 1910 5441 δ’
1945 5408 2138 5465 Matth.
2169 5428 2338 5478 xxvu,
2372 5412 2457 5468 19.

3423 314 3526 371 910

2590 422 2892 492 Responsio.

2020 516 2161 571 Audi
2197 514 2447 586 proinde,
2482 529 2515 569 ο
2540 517 2823 586 prazclare,
2866 516 3087 587 propria
3125 515 3452 574 auctoritate
3476 527 3534 576 et

1954 617 2221 676 potestate
2246 604 2508 678 Spiritum
2532 608 2940 678 praecipientem
2964 614 3019 662 et
3043 606 3330 664 facientem
3352 624 3510 679 aequa

1954 703 2024 757 lia
2058 717 2181 757 cum
2216 701 2380 757 Patre
2416 710 2472 757 et
2514 701 2655 757 Filio
2692 722 2705 757 :
2740 701 3018 774 Segregate
3056 703 3177 772 jam
3221 703 3350 757 mihi
3388 703 3530 758 Bar—

1954 794 2148 849 nabam
2173 804 2223 849 et
2263 792 2487 849 Saulum
2539 794 2596 848 in
2625 810 2756 865 opus
2798 795 2868 848 ad
2904 796 3043 865 quod
3078 796 3256 851 vocavi
3295 811 3404 860 eos,
3443 795 3531 850 in-

1954 884 2072 956 quit
2115 885 2179 938 ad
2219 885 2500 956 apostolos
2547 884 2613 939 ⁶⁶.
2652 884 3018 941 Consentiens
3055 893 3235 941 autem
3271 900 3394 940 cum
3426 886 3532 942 hoc

1954 976 2024 1031 ad
2049 974 2483 1047 Pauluminquit
2504 975 2678 1032 Filius
2710 995 2723 1031 :
2758 976 3038 1046 Ingredere
3079 978 3133 1031 in
3163 978 3450 1041 civitatem,
3479 989 3531 1033 et

1955 1067 2028 1121 ibi
2064 1069 2269 1122 dicetur
2293 1068 2408 1133 tibi,
2448 1067 2574 1140 quid
2605 1067 2701 1122 tibi
2736 1068 3035 1136 faciendum
3061 1071 3133 1122 sit
3162 1069 3225 1122 ⁸⁷.
3259 1069 3401 1124 Alibi
3430 1084 3531 1124 au-

1956 1168 2063 1216 tem
2089 1161 2285 1217 dicunt
2328 1161 2465 1216 Acta
2497 1159 2869 1232 apostolorum
2917 1178 2930 1213 :
2984 1158 3059 1213 ιιε
3098 1160 3307 1230 quidem
3346 1161 3531 1216 emissi

1955 1268 1990 1305 a
2019 1252 2242 1322 Spiritu,
2264 1252 2506 1307 abierunt
2532 1251 2826 1308 Seleuciam
2843 1252 2908 1306 ⁸⁸.
2930 1252 3008 1306 Ad
3032 1251 3281 1308 eumdem
3305 1251 3528 1307 modum

1956 1342 2128 1399 Filius
2157 1363 2171 1399 :
2200 1343 2438 1412 Profecti
2462 1343 2640 1398 docete
2664 1359 2841 1399 omnes
2865 1352 3039 1414 gentes
3065 1342 3130 1393 “.
3158 1341 3529 1398 Consimiliter

1956 1435 2186 1505 apostoli
2236 1453 2249 1490 :
2297 1434 2480 1490 Visum
2526 1445 2624 1500 est,
2670 1435 2948 1506 inquiunt,
2985 1433 3211 1504 Spiritui
3252 1443 3436 1488 sancto
3475 1442 3527 1487 et

1956 1524 2127 1590 nobis,
2164 1524 2228 1579 de
2266 1525 2417 1579 nulla
2461 1525 2573 1579 alia
2612 1541 2669 1579 re
2708 1541 2796 1580 vos
2842 1523 3416 1592 admonendos,'quam
3448 1522 3528 1577 de

1956 1616 2267 1670 necessariis
2312 1616 2421 1670 illis
2453 1617 2522 1670 7°.
2560 1617 2826 1672 Similiter
2865 1625 2919 1672 et
2945 1615 3147 1672 Paulus
3187 1615 3398 1686 inquit:
3430 1614 3531 1669 Di-

1954 1722 2015 1761 co
2046 1715 2221 1761 autem
2250 1722 2354 1760 non
2381 1722 2495 1777 ego,
2534 1708 2626 1762 sed
2666 1707 2949 1774 Dominus,
2988 1724 3052 1762 ne
3081 1722 3220 1762 uxor
3254 1716 3526 1778 separetur

1954 1815 1987 1852 a
2014 1799 2123 1853 viro
2144 1798 2558 1869 “.Peragrata,
2614 1798 2791 1868 inquit
2834 1799 3001 1863 alius,
3038 1796 3273 1869 Phrygia
3324 1805 3375 1851 et
3419 1794 3529 1851 Ga-

1952 1888 2120 1943 tatica
2168 1889 2397 1961 regione,
2453 1888 2704 1958 prohibiti
2744 1898 2865 1944 sunt
2909 1906 2942 1943 a
2979 1888 3205 1958 Spiritu,
3245 1888 3539 1958 quominus‘

1950 1979 2248 2034 doctrinam
2271 1981 2655 2049 erpouerentin
2674 1978 2807 2035 Asia
2826 1980 2895 2035 ⁷³.
2914 1978 2997 2034 Ad
3023 1980 3274 2036 eumdem
3304 1979 3528 2035 modum

1935 2070 2128 2133 Filius
2153 2071 2220 2126 ad
2240 2072 2517 2142 apostolos
2547 2073 2727 2142 inquit
2757 2090 2772 2127 :
2797 2070 2865 2127 Ιιι
2887 2072 3025 2127 viam
3050 2072 3281 2142 gentium
3298 2087 3363 2126 ne
3388 2070 3526 2125 abie-

1950 2164 2097 2229 ritis,
2129 2173 2181 2219 et
2231 2164 2290 2218 in
2334 2164 2600 2219 civitatem
2649 2164 3115 2219 Samaritanorum
3152 2179 3215 2218 ne
3256 2161 3528 2232 ingredia-

1951 2255 2084 2309 mini
2106 2255 2177 2310 ".
2204 2254 2310 2312 Sed
2338 2263 2393 2313 et
2417 2256 2638 2313 divinus
2662 2257 2754 2313 ille
2780 2256 3013 2313 Davides
3042 2270 3213 2313 sacrtr
3239 2252 3527 2310 Trinitatis

1948 2356 2089 2417 opus
2125 2347 2424 2403 ostendens
2467 2348 2584 2405 haec
2623 2348 2905 2414 universa,
2950 2348 3098 2404 canit
3133 2347 3190 2402 in
3235 2344 3470 2403 Psalmis
3505 2361 3519 2399 :

1960 2436 2125 2492 Verbo
2158 2436 2372 2492 Domini
2402 2440 2520 2494 creti
2550 2440 2753 2508 ﬁrmati
2794 2447 2938 2504 sunt,
2965 2446 3017 2492 et
3053 2438 3245 2507 spiritu
3269 2437 3377 2491 oris
3404 2435 3522 2505 ejus

1951 2529 2125 2583 omnis
2148 2528 2313 2583 virtus
2337 2545 2518 2585 eorum
2543 2528 2589 2561 '"‘
2616 2548 2631 2585 :
2665 2543 2761 2598 per
2789 2527 3098 2592 Dominum,
3120 2524 3338 2582 Patrem
3361 2526 3524 2597 signi-

1950 2618 2142 2685 licans,
2175 2632 2272 2689 per
2300 2616 2535 2674 Verbum
2574 2615 2806 2684 Filium;
2839 2631 2937 2687 per
2973 2615 3236 2687 Spiritum
3262 2615 3518 2687 denique,

1946 2718 2199 2766 sanctum
2240 2710 2389 2765 illum
2428 2708 2711 2781 Spiritum.
2739 2710 2876 2767 Cum
2914 2710 3018 2764 hoc
3046 2716 3229 2764 autem
3279 2723 3517 2767 consen-

1948 2802 2089 2857 tiens
2117 2801 2335 2857 divinus
2371 2801 2463 2857 ille
2493 2800 2736 2856 omnium
2759 2816 2882 2871 qua:
2909 2800 3013 2857 sub
3028 2800 3193 2856 ctelis
3224 2810 3376 2868 sunt,
3405 2816 3521 2857 ma-

1942 2892 2115 2963 gister
2158 2890 2385 2959 Paulus,
2432 2892 2612 2963 inquit
2671 2910 2685 2947 :
2731 2892 3027 2947 Divisiones
3070 2892 3330 2947 donorum
3373 2903 3516 2957 sunt,

1946 2981 2036 3037 sed
2059 2982 2198 3037 idem
2235 2981 2470 3052 Spiritus
2499 2996 2517 3034 :
2546 2991 2596 3036 et
2633 2982 2916 3037 divisiones
2955 2983 3391 3045 ministeriorum.
3428 2982 3520 3037 sed

1947 3073 2086 3128 idem
2113 3073 2372 3129 Dominus
2393 3092 2411 3127 :
2436 3082 2487 3128 et
2519 3073 2803 3128 divisiones
2832 3074 3215 3143 operationum,
3242 3072 3378 3128 idem
3399 3090 3547 3131 vero.

1949 3164 2112 3232 Deus,
2145 3162 2236 3234 qui
2264 3173 2514 3235 operatur
2556 3165 2735 3220 omnia
2759 3165 2817 3220 in
2858 3165 3100 3220 omnibus
3130 3166 3208 3233 7';
3254 3172 3366 3221 tres
3394 3166 3520 3235 qui-

1945 3256 2067 3312 dem
2113 3256 2430 3327 exprimens
2470 3270 2756 3326 personas,
2804 3271 2968 3312 unam
2999 3270 3133 3313 vero
3156 3256 3517 3324 divinitatem,

1943 3349 2322 3403 amtoritatcm
2352 3356 2406 3402 et
2434 3363 2685 3419 regnum.

2362 3545 2880 3617 lNTERitOGATIO
2917 3548 3097 3605 xun.

2014 3632 2338 3699 Quaesumus
2368 3645 2426 3690 ut
2455 3638 2523 3692 iis
2553 3653 2674 3708 quae
2697 3639 2962 3696 hactenus
2981 3641 3313 3709 disseruisti,
3342 3643 3515 3702 addas

1943 3741 2113 3796 quare
2138 3742 2265 3782 cum
2296 3742 2437 3797 aqua
2485 3738 2539 3784 et
2577 3730 2702 3800 igne
2737 3742 3086 3802 comparetur
3134 3734 3188 3789 in
3233 3733 3517 3805 Scriptura

1943 3816 2180 3886 Spiritus
2200 3820 2456 3873 sanctus-‘

2576 3926 2881 3997 Responsio.

2013 4014 2135 4072 Non
2163 4016 2390 4085 frustra,
2424 4033 2604 4088 neque
2641 4019 2739 4075 abs
2766 4036 2826 4076 re
2865 4021 2973 4079 illis
2997 4036 3348 4097 comparatur
3375 4030 3517 4084 divi-

1944 4129 2050 4170 nus
2085 4111 2350 4184 Spiritus.
2378 4111 2515 4167 Nam
2553 4113 2754 4172 herbas
2788 4118 3143 4187 producendi,
3187 4130 3242 4178 et
3273 4123 3513 4187 fovendi,

1942 4215 1997 4261 et
2027 4204 2208 4261 alendi
2237 4205 2346 4260 vim
2375 4204 2541 4261 habet
2562 4220 2701 4275 aqua
2730 4209 2796 4263 de
2823 4208 2977 4264 caelis
3008 4211 3224 4280 pluens,
3257 4221 3311 4269 et
3331 4215 3515 4270 omnia

1941 4294 2296 4368 pinguefacit,
2342 4295 2598 4352 omnibus
2629 4313 2750 4354 sese
2794 4299 3073 4368 miscens;
3119 4317 3183 4359 ac
3218 4305 3346 4359 licet
3390 4307 3515 4367 uni-

1943 4385 2135 4441 formis
2164 4388 2258 4450 sit,
2288 4385 2478 4441 multis
2503 4392 2685 4443 tamen
2709 4389 2889 4445 modis
2911 4402 3191 4461 operatur,
3223 4402 3279 4450 et
3306 4409 3371 4450 ex
3407 4412 3515 4453 una

1942 4476 2278 4548 scaturigine
2337 4475 2559 4531 diversa
2615 4492 2817 4547 genera
2878 4482 3185 4552 germinum
3239 4485 3509 4555 rigantur.

1943 4566 2144 4623 Eadem
2178 4568 2359 4639 pluvia
2390 4585 2513 4625 cum
2537 4571 2608 4628 sit
2636 4572 2929 4630 uniformis
2960 4584 3155 4631 natura
3184 4584 3240 4633 et
3263 4587 3511 4649 aspectu,

1942 4657 2297 4713 multifariam
2332 4675 2455 4716 sese
2499 4661 2743 4718 declarat
2789 4661 3098 4733 efficacem;
3153 4666 3209 4722 in
3245 4668 3359 4724 lilio
3388 4671 3511 4740 qui-

1941 4750 2064 4807 dem
2096 4751 2239 4816 alba,
2277 4752 2331 4807 in
2365 4768 2491 4811 rosa
2521 4768 2653 4811 vero
2701 4757 2868 4812 rubra
2906 4773 3197 4829 apparens,
3240 4776 3512 4833 purpurea

1939 4839 1997 4896 in
2039 4842 2222 4906 violis,
2270 4841 2418 4898 fulva
2462 4844 2517 4899 in
2556 4859 2740 4903 croco.
2787 4846 2965 4919 Super
3016 4849 3176 4907 ficum
3225 4851 3516 4909 uniformis

1937 4933 2154 5004 pluens,
2187 4935 2418 4992 alterius
2453 4936 2645 4992 formae
2685 4937 2937 5006 edicitur,
2984 4942 3164 4999 dulcis
3197 4944 3417 5014 quidem
3460 4946 3514 5000 in

1935 5022 2142 5088 fructu,
2188 5026 2387 5081 acerba
2441 5042 2569 5084 vero
2609 5029 2664 5083 in
2696 5044 2960 5100 expresso
2998 5033 3158 5091 lacte.
3210 5035 3413 5093 Eadem
3457 5038 3515 5092 in

1933 5110 2100 5167 vitem
2136 5112 2431 5169 uniformis
2460 5115 2708 5181 veniens,
2742 5117 3007 5174 densatur
3037 5121 3089 5176 in
3115 5125 3420 5192 capreolos,
3456 5125 3512 5179 in

1931 5203 2201 5274 germina,
2235 5204 2290 5260 in
2322 5220 2479 5270 uvas,
2523 5207 2579 5262 in
2608 5208 2819 5275 botros,
2862 5210 2916 5265 in
2949 5211 3156 5280 vinum,
3191 5216 3245 5269 in
3281 5223 3467 5285 potum
3495 5232 3508 5267 :

1932 5300 2010 5358 et,
2063 5304 2124 5351 ut
2174 5294 2491 5351 summatim
2530 5296 2732 5365 dicam,
2789 5299 2844 5354 in
2889 5303 3143 5361 omnibus
3198 5304 3379 5358 omnia
3429 5304 3509 5357 lit.

2572 5414 2620 5486 ⁷9
2653 5419 2776 5473 Act.
2806 5433 2895 5483 xv,
2926 5419 3019 5474 28.
3132 5418 3218 5472 "l
3247 5418 3375 5476 Cor.
3405 5436 3506 5486 vn,

252 5473 340 5530 ιο.
416 5476 466 5506 ”
498 5473 621 5529 Act.
649 5489 763 5539 nl,
794 5474 848 5528 6.
932 5475 979 5507 ⁷³
1015 5475 1205 5531 Matth.
1246 5491 1302 5541 χ,
1346 5475 1399 5531 5.
1476 5475 1525 5508 "
1554 5474 1701 5532 Psal.
1732 5494 1839 5534 xxx

1948 5481 1991 5536 Β.
2075 5483 2121 5514 ⁷⁵
2154 5481 2172 5535 Ι
2201 5473 2336 5537 (λοι.
2365 5500 2462 5550 xu,
2500 5486 2556 5554 4,
2596 5484 2650 5541 6.

317 5608 479 5689 (13⁸).
506 5609 637 5689 ’γε’
685 5610 975 5680 οὐρανῶν.
1009 5611 1173 5670 Forte
1216 5617 1307 5670 ὑπ’
1335 5617 1593 5689 οὐρανόν,
1622 5618 1705 5674 vel
1736 5620 1825 5673 ὑπ’

248 5678 537 5752 οὐρανούς.
573 5678 759 5752 Ειητ.)

317 5749 437 5822 (ιι)
468 5751 592 5803 οὐκ
619 5750 773 5822 εικῆ,
815 5769 871 5809 κ.
909 5769 960 5810 τ.
1005 5753 1055 5810 λ.
1083 5752 1208 5811 Haec
1250 5771 1384 5829 pene
1417 5757 1693 5824 αὐτολεξεὶ
1725 5758 1820 5815 de-

1935 5628 2149 5698 sumpta
2178 5632 2486 5698 noscuntur
2510 5625 2795 5698 ex_Cyri_ll_i
2826 5623 3307 5698 llierosolymitaui
3340 5627 3512 5685 Cate-

1932 5691 2083 5774 chesi
2114 5708 2225 5756 xvr,
2257 5692 2408 5774 §__l5.
2438 5694 2601 5774 Quod
2651 5691 2871 5765 quidem
2907 5691 3186 5769 perspexit
3218 5699 3288 5757 cl.
3320 5698 3504 5774 Cyril-

1933 5760 2206 5821 lianorum
2230 5760 2410 5822 editor
2438 5760 2727 5824 Toutteus.
