4030 6232
486 361 597 417 ‘9”

504 478 805 538 Uuiformis
834 490 957 530 cum
997 476 1089 538 sit,
1129 487 1316 528 eorum
1346 486 1374 525 a
1404 472 1604 541 quibus
1636 472 1952 540 suscipitur,
1986 486 2079 523 na-

501 581 639 626 turae
688 569 862 629 unita,
912 566 1208 635 unicuique
1259 563 1403 633 quod
1457 573 1536 617 est
1588 562 1934 616 commodum
1981 563 2077 615 tri-

506 662 646 715 buit.
677 659 868 713 Itidem
898 668 949 711 et
987 656 1128 725 ignis
1157 654 1446 709 uniformis
1476 670 1596 707 cum
1644 656 1732 717 sit,
1766 653 1933 707 variis
1964 667 2079 707 mo-

502 754 589 807 dis
623 736 905 820 operatur,
949 747 1222 813 calefacit,
1262 755 1478 817 purgat,
1515 746 1829 817 concoquit,
1860 746 2075 816 probat,

504 844 795 907 illuminat,
846 842 1017 894 ardet.
1073 840 1153 893 Ad
1188 838 1436 893 eumdem
1486 838 1707 893 modum
1754 846 1807 893 ct
1854 845 2080 893 sanctus

506 936 763 1006 Spiritus,
803 947 927 985 cum
986 932 1057 986 sit
1103 944 1266 993 unus,
1313 930 1475 983 unius
1510 928 1698 983 formae
1737 937 1791 984 et
1831 928 2078 998 ejusdem

502 1027 672 1089 modi,
730 1026 1002 1093 uniusque
1057 1023 1400 1086 substantiae,
1452 1023 1721 1077 indivisus
1772 1030 1825 1076 ct
1872 1023 2081 1091 absque

502 1112 741 1176 defectu,
792 1110 1086 1177 unicuique
1132 1106 1328 1161 dividit
1360 1108 1587 1177 gratiam
1626 1108 1768 1161 sicut
1800 1109 1939 1162 vult.
1979 1106 2078 1161 Ut-

504 1218 611 1272 que
643 1202 697 1255 in
728 1200 933 1271 plantis
965 1199 1081 1253 fieri
1123 1198 1282 1263 solet,
1322 1205 1381 1251 ut
1418 1197 1663 1267 quandiu
1704 1197 1929 1267 quidem
1973 1198 2084 1253 hie-

508 1295 613 1348 mis
650 1292 917 1361 asperitas
957 1288 1235 1359 praevalet,
1263 1287 1601 1357 infrugiferaz
1620 1294 1876 1341 maneant
1904 1305 1918 1339 :
1942 1294 2083 1357 post-

504 1399 669 1455 quam
692 1398 822 1437 vero
846 1382 1043 1452 pluviis
1065 1381 1272 1450 rigata},
1295 1380 1409 1435 sole
1430 1379 1699 1443 foventur,
1716 1386 2083 1433 renascuntur

503 1484 559 1531 et
602 1476 932 1545 germinant,
986 1472 1067 1527 sic
1108 1480 1161 1525 et
1210 1470 1526 1523 mortalium
1577 1469 1795 1533 animae,
1836 1469 2081 1538 quandiu

505 1566 725 1637 quidem
757 1565 934 1618 hieme
966 1562 1221 1616 vitiorum
1246 1561 1578 1623 detinentur,
1606 1559 1853 1614 difliciles
1884 1569 1939 1613 et
1966 1576 2083 1614 om-

503 1657 589 1711 nis
627 1652 1031 1709 communionis
1087 1656 1338 1718 expertes
1391 1664 1571 1702 mores
1620 1662 1749 1718 erga
1801 1648 2081 1716 proximos

503 1744 877 1807 ostendentes,
910 1748 1139 1794 morture
1168 1747 1224 1792 et
1258 1737 1594 1807 infrugifera:
1621 1748 1769 1791 sunt.
1810 1736 1945 1790 Cum
1982 1750 2081 1789 au-

504 1845 610 1890 tem
639 1834 875 1889 divinam
903 1831 1141 1901 Spiritus
1176 1829 1414 1899 pluviam
1451 1843 1546 1897 per
1577 1828 1885 1882 doctrinam
1915 1826 2076 1880 insti-

474 1922 736 1981 tutionis
776 1924 1139 1991 susceperint,
1190 1931 1244 1976 et
1293 1920 1687 1989 turpitudinem
1725 1933 1849 1989 quae
1892 1927 1977 1973 est
2016 1933 2079 1972 ex

502 2016 822 2079 vitiositate,
874 2014 1258 2075 absterserint,
1316 2012 1612 2080 multisque
1656 2010 1942 2065 affectibus
1985 2009 2085 2064 ob-

503 2108 726 2162 noxium
759 2120 1037 2176 corporea:
1080 2104 1242 2158 molis
1282 2104 1666 2157 vestimentum
1704 2099 2080 2169 deposuerint,

504 2214 628 2251 nios
668 2198 720 2251 in
757 2197 839 2252 eis
889 2198 1189 2251 suscitatur
1222 2195 1383 2259 ratio,
1424 2203 1479 2248 et
1509 2192 1669 2263 quasi
1720 2199 2083 2245 renascuntur

502 2304 601 2358 per
628 2288 870 2343 divinam
897 2287 1223 2356 rigationem
1255 2293 1309 2339 et
1334 2284 1571 2339 calorem
1606 2282 1853 2353 spiritus,
1884 2289 1940 2336 et
1969 2282 2084 2349 fru-

502 2391 643 2433 ctum
686 2380 882 2447 ferunt,
939 2376 1242 2433 secundum
1294 2375 1510 2429 Domini
1562 2388 1893 2436 sermonem,
1942 2373 2081 2427 alius

504 2470 713 2540 quidem
754 2470 1093 2534 tricesimum,
1146 2469 1284 2522 alius
1329 2482 1451 2521 vero
1490 2467 1895 2537 sexagesimum,
1940 2465 2081 2518 alius

504 2579 622 2618 vero
651 2563 991 2616 centesimum
1012 2561 1079 2614 ".
1117 2559 1252 2613 Nam
1287 2560 1377 2613 alii
1406 2558 1627 2628 quidem
1656 2558 1724 2612 ad
1754 2558 2075 2628 sapientiam

505 2652 883 2707 accommodat
928 2651 1193 2721 linguam,
1236 2650 1329 2705 alii
1381 2649 1449 2703 ad
1490 2649 1834 2712 vaticinium,
1876 2649 1969 2703 alii
2014 2648 2081 2701 ad

514 2746 824 2798 daemonum
865 2742 1267 2812 expulsionem,
1313 2740 1405 2815 alii
1442 2739 1509 2793 ad
1535 2740 1953 2795 declarationem
1993 2754 2079 2795 re-

504 2848 626 2889 rum
683 2833 1012 2889 divinarum.
1074 2832 1254 2887 Alium
1315 2832 1384 2886 ad
1428 2831 1612 2887 sobrie
1661 2830 1953 2887 vivendum
2005 2831 2083 2884 ir.-

502 2927 689 2987 struit,
734 2927 899 2980 alium
942 2924 1011 2978 ad
1051 2923 1512 2989 misericordiam,
1561 2924 1727 2975 alium
1772 2923 1838 2977 ad
1878 2930 2080 2991 tempe-

502 3019 738 3072 rantiam
787 3016 1094 3071 confirmat.
1128 3016 1310 3067 Alium
1353 3013 1419 3066 ad
1461 3013 1781 3082 martyriqu
1837 3013 1992 3081 ungit
2027 3021 2081 3068 et

504 3111 732 3173 excitat,
768 3124 831 3164 ac
871 3108 1122 3162 diversus
1153 3110 1206 3161 in
1242 3107 1350 3159 alio
1373 3119 1498 3159 esse
1535 3104 1769 3169 videtur,
1808 3120 1931 3157 cum
1963 3105 2079 3173 ipse

504 3214 619 3253 non
647 3200 717 3254 sit
750 3200 911 3263 alius,
945 3194 1404 3267 quemadmodum
1441 3192 1678 3248 eximius
1718 3193 1806 3247 ille
1835 3203 1889 3247 et
1928 3208 2079 3247 men-

504 3293 576 3347 tis
628 3292 679 3344 vi
730 3300 997 3360 prwstaus
1029 3287 1223 3342 scribit
1255 3285 1590 3355 Apostolus:
1632 3282 1941 3353 Unicuique,
1992 3284 2077 3337 in-

505 3385 645 3453 quit,
672 3383 834 3434 datur
863 3379 1152 3433 declaratio
1179 3377 1432 3445 Spiritus,
1465 3384 1623 3443 prout
1665 3374 1891 3443 expedit.
1935 3372 2079 3427 Nam

507 3477 601 3529 alii
626 3473 833 3544 quidem
865 3485 955 3538 per
982 3470 1240 3538 Spiritum
1271 3470 1430 3520 datur
1458 3466 1631 3519 oratio
1657 3466 1951 3533 sapientiw,
1985 3465 2082 3519 alii

504 3584 621 3621 vero
674 3565 846 3619 oratio
883 3562 1116 3616 scientia:
1162 3557 1447 3614 secttndum
1504 3556 1741 3611 eumdem
1792 3555 2077 3625 Spiritum,

505 3660 600 3713 alii
640 3659 769 3727 ﬁdes
811 3658 864 3709 in
913 3654 1091 3709 eodem
1138 3653 1360 3719 Spiritu,
1397 3651 1492 3705 alii
1545 3650 1907 3719 prodigiorum
1947 3650 2078 3718 eﬂ'e-

504 3752 726 3813 ctiones,
778 3748 873 3802 alii
920 3745 1265 3803 vaticinatio.
1316 3744 1410 3797 alii
1471 3744 1881 3811 dijudicationes
1920 3744 2079 3811 spiri-

510 3852 682 3901 tuum,
725 3840 820 3892 alii
850 3853 1039 3907 genera
1077 3836 1401 3906 linguarum,
1438 3834 1534 3888 alii
1577 3836 1939 3904 interpretatio
1974 3836 2079 3889 lin-

504 3947 753 4001 guarum.
788 3929 889 3984 Sed
920 3927 1098 3982 omnia
1126 3925 1234 3979 [nec
1263 3925 1412 3993 efﬁcit
1444 3940 1577 3977 unus
1601 3924 1689 3977 ille
1713 3933 1761 3977 et
1792 3925 1928 3977 idem
1955 3924 2077 3993 Spi-

508 4024 667 4086 ritus,
690 4020 999 4088 dispertiens
1023 4016 1359 4086 peculiariter
1396 4016 1673 4084 unicuique
1696 4016 1853 4069 sicuti
1882 4017 1991 4068 uult
2008 4016 2074 4071 ⁷⁷.

1562 352 1621 407 S.
1664 347 1984 413 CAESARI],
2007 346 2340 405 GREGORII
2375 347 2675 403 FRATRIS

3652 342 3770 397 (διῖ

2187 469 2469 540 ὑπάρχων,
2522 471 2588 539 τῇ
2634 466 2741 519 τῶν
2793 460 3202 534 ὑποδεχομένων
3233 459 3389 529 φύσει
3429 459 3721 530 ἑνούμενος
3746 500 3764 524 ,

2183 560 2397 628 ἑκάστῳ
2445 558 2749 630 πρόσφορον
2786 554 2958 625 νέμει.
2998 554 3072 605 Τὸ
3104 552 3215 623 πῦρ
3260 552 3443 615 πάλιν,
3492 552 3767 620 μονοειδὲς

2182 653 2414 724 ὑπάρχει
2436 693 2450 712 ,
2480 649 2831 718 πολυτρόπως
2857 649 3101 716 ἐνεργεῖ,
3128 644 3435 715 θερμαίνει,
3469 643 3729 713 καθαίρει
3750 683 3765 703 ,

2182 745 2402 805 πέπτει,
2433 742 2807 811 δοκιμάζεται,
2831 738 3075 807 φωτίζει,
3107 736 3317 805 φλέγει.
3358 734 3638 797 Ὡσαύτως
3671 737 3771 787 καὶ

2179 836 2240 889 τὸ
2269 835 2412 888 θεῖον
2435 834 2680 903 Πνεῦμα,
2713 832 2769 884 ἓν
2794 831 3058 901 ὑπάρχον,
3090 826 3379 897 μονοειδὲς,
3407 826 3765 899 μονότροπον,

2187 925 2517 997 μονοούσιον,
2574 923 2897 993 ἀδιαίρετον,
2941 919 3244 991 άλώὸητον,
3296 919 3512 987 ἑκάστῳ
3562 916 3772 988 διαιρεῖ

2182 1018 2280 1089 τὴν
2320 1018 2503 1087 χάριν,
2536 1014 2717 1079 καθὼς
2748 1013 3013 1084 βούλεται⁸
3050 1013 3144 1064 καὶ
3167 1005 3278 1063 οἷον
3311 1008 3543 1063 ἐπὶτῶν
3578 1010 3769 1076 φυτῶν

2185 1109 2425 1177 γίνεσθαι
2458 1108 2722 1176 πέφυκεν,
2753 1106 2857 1169 ἓως
2896 1104 2994 1174 μὲν
3033 1102 3093 1155 τὸ
3119 1101 3338 1172 suetae;
3376 1097 3470 1153 τοῦ
3498 1098 3770 1169 χειμῶνος

2182 1200 2362 1253 αὐτῶν
2407 1200 2727 1269 ἐπικρατεῖ,
2775 1198 2999 1265 ἄκαρπα
3050 1194 3237 1264 μένει·
3273 1191 3494 1244 ἐπειδὰν
3535 1191 3592 1243 δὲ
3625 1190 3773 1260 ὐετῷ

2180 1291 2499 1362 νοτιζόμενα
2522 1332 2534 1354 ,
2572 1289 2704 1360 ἡλίῳ
2732 1287 3111 1347 διαθάλπεται,
3144 1284 3358 1337 ἀναϐιοῖ
3382 1284 3478 1335 καὶ
3513 1281 3769 1351 βλαστά-

2182 1399 2263 1435 νει
2284 1400 2297 1413 ο
2327 1381 2469 1435 οὕτω
2502 1381 2595 1433 καὶ
2628 1381 2682 1432 αί
2716 1378 2922 1449 βροτῶν
2955 1377 3145 1447 ψυχαὶ,
3180 1375 3285 1438 ἕως
3313 1374 3410 1445 μὲν
3432 1373 3511 1444 τῷ
3538 1374 3638 1443 τῆς
3665 1390 3773 1427 κα-

2184 1474 2310 1537 κίας
2354 1472 2581 1543 χειμῶνι
2612 1471 2929 1539 κατέχονται
2956 1509 2971 1533 ,
3000 1466 3063 1519 τὸ
3096 1465 3314 1535 άμειδὲς
3344 1465 3440 1516 καὶ
3476 1463 3774 1529 ἀκοινώνη-

2185 1582 2279 1617 τον
2330 1563 2466 1635 πρὸς
2513 1562 2640 1625 τοὺς
2679 1561 2849 1622 πέλας
2894 1558 3370 1626 ἐπιδεικνύμεναι,
3430 1555 3623 1624 νεκραὶ
3668 1558 3771 1606 καὶ

2184 1656 2423 1727 ἄκαρποι
2451 1654 2827 1722 τυγχάνουσιν,
2861 1652 2982 1705 ἐπεὶ
3013 1650 3058 1703 δ’
3086 1649 3151 1702 ἂν
3179 1651 3270 1701 τὸν
3298 1649 3440 1701 θεῖον
3472 1647 3565 1699 τοῦ
3598 1646 3771 1699 Πνεύ-

2188 1765 2352 1818 ματος
2382 1747 2535 1800 ὑετὸν
2558 1746 2643 1799 διὰ
2671 1745 2828 1813 λόγου
2863 1744 3220 1813 κατηχήσεως
3247 1740 3531 1803 δέξωνται,
3583 1740 3675 1791 καὶ
3706 1739 3772 1790 τὺ

2186 1840 2295 1893 ἀπὸ
2323 1838 2520 1902 κακίας
2552 1834 2737 1907 αἶσχος
2779 1836 3208 1905 ὰποτρίψωνται,
3243 1836 3302 1884 τὸ
3333 1831 3644 1894 πολυπαθὲς
3666 1830 3771 1899 τῆς

2187 1929 2319 2000 ὕλης
2349 1931 2559 2001 ἱμάτιον
2597 1927 2931 1998 ἀποθέμεναι
2954 1965 2969 1988 ,
3006 1921 3171 1988 αὖθις
3223 1922 3672 1993 άναζωπυροῦται
3706 1924 3772 1974 τδ

2184 2022 2431 2090 λογικὸν,
2488 2024 2583 2074 καὶ
2632 2021 2793 2074 οἱονεὶ
2840 2016 3125 2073 ἀναϐιοῦσι
3172 2018 3239 2086 τῇ
3296 2015 3415 2086 θεία
3456 2014 3621 2067 νοτίδι
3672 2016 3771 2067 καὶ

2185 2115 2366 2187 θέρμῃ
2398 2114 2492 2166 τοῦ
2530 2112 2881 2182 Πνεύματος,
2930 2110 3026 2163 καὶ
3081 2106 3547 2176 Καρποφοροῦσι
3571 2147 3586 2169 ,
3623 2108 3771 2159 κατὰ

2193 2208 2280 2277 τὴν
2309 2205 2619 2275 θεηγορίαν,
2654 2206 2685 2257 ό
2723 2202 2841 2272 μὲν
2862 2199 3208 2269 τριάκοντα,
3238 2202 3271 2252 ό
3297 2198 3364 2251 δέ
3386 2198 3705 2263 ἐξήκοντα,
3737 2200 3771 2250 ὀ

2183 2296 2253 2349 δὲ
2289 2295 2527 2349 ἑκατόν.
2573 2293 2665 2363 Τῷ
2717 2294 2816 2363 μὲν
2849 2293 2958 2362 γὰρ
3006 2289 3375 2359 συγκέχρηται
3428 2287 3647 2359 γλώττῃ
3686 2288 3772 2350 εἰς

2186 2388 2396 2456 σοφίαν,
2429 2385 2507 2456 τῷ
2534 2385 2589 2437 δὲ
2620 2387 2700 2448 εἰς
2728 2381 3084 2455 προφητείαν,
3116 2382 3287 2453 ὲτέρῳ
3305 2380 3360 2432 δὲ
3389 2381 3470 2443 είς
3496 2379 3772 2449 δαιμόνων

2182 2476 2531 2547 δραπέτειαν,
2562 2474 2775 2545 θατέρῳ
2801 2473 2857 2526 δὲ
2888 2473 2970 2535 είς
3014 2472 3310 2541 σαφήνειαν
3331 2470 3439 2523 τῶν
3462 2470 3768 2539 θειοτέρων,

2186 2570 2370 2639 ἕτερον
2406 2569 2460 2621 δὲ
2490 2568 2785 2637 σωφρονεῖν
2813 2562 3080 2626 παιδεύει,
3112 2562 3343 2633 θάτερον
3374 2561 3431 2614 δὲ
3460 2562 3654 2624 ἐλεεῖν,
3676 2561 3770 2615 άλ-

2184 2660 2273 2713 λον
2300 2658 2434 2730 πρὸς
2464 2658 2789 2729 ἐγκράτειαν
2818 2655 3101 2725 ῥώννυσιν,
3149 2654 3339 2723 ἕτερον
3373 2652 3515 2723 πρὸς
3564 2650 3773 2722 μαρτύ-

2188 2768 2299 2821 ριον
2329 2751 2538 2819 ἀλείφει
2568 2751 2662 2802 καὶ
2702 2749 2997 2816 ύποφωνεῖ,
3028 2747 3255 2816 θάτερον
3284 2748 3342 2799 ὲν
3365 2746 3539 2816 ἑτέρῳ
3581 2744 3771 2814 φαινό-

2188 2857 2363 2911 μενον,
2397 2840 2528 2893 αὐτὸ
2555 2840 2611 2893 δὲ
2640 2839 2738 2908 οὐχ
2778 2837 2964 2908 ἓτερον
2984 2854 2997 2867 ’
3046 2836 3229 2900 καθὼς
3269 2838 3299 2889 ὁ
3330 2836 3532 2907 ὑψηλὸς
3561 2836 3770 2899 ἐκεῖνος

2183 2932 2278 2985 καὶ
2304 2932 2469 2994 πολὺς
2496 2932 2595 3002 τὴν
2617 2931 2855 2983 διάνοιαν
2878 2930 3079 2999 γράφει
3124 2924 3461 2987 Ἀπόστολος·
3486 2924 3767 2992 Ἐκάστῳ,

2184 3022 2339 3091 φησι,
2374 3019 2607 3073 δίδοται
2634 3022 2673 3087 ἠ
2708 3019 3050 3088 φανέρωσις
3084 3016 3191 3071 τοῦ
3237 3017 3586 3084 Πνεύματος
3620 3016 3771 3083 πρὸς

2185 3110 2250 3165 τὸ
2287 3110 2621 3179 συμφέρον.
2662 3100 2732 3182 ’ῼ
2762 3109 2880 3179 μὲν
2905 3110 3013 3179 γὰρ
3042 3108 3141 3161 διὰ
3166 3108 3272 3162 τοῦ
3304 3109 3650 3175 Πνεύματος
3674 3106 3769 3159 δὶ-

2183 3199 2348 3253 δοται
2374 3200 2555 3269 λόγος
2576 3200 2817 3269 σοφίας,
2836 3200 3004 3263 ἄλλῳ
3023 3197 3091 3251 δὲ
3114 3200 3297 3267 λόγος
3319 3196 3593 3267 γνώσεως
3617 3196 3777 3249 κατὰ

2182 3291 2249 3344 τὸ
2285 3292 2429 3346 αὐτὸ
2485 3292 2746 3360 Πνεῦμα,
2787 3291 2966 3360 ἑτέρῳ
3010 3290 3079 3344 δὲ
3126 3291 3322 3354 πίστις
3356 3288 3425 3339 ἐν
3472 3286 3552 3349 τῷ
3601 3288 3780 3353 αὐτῷ

2182 3385 2510 3452 Πνεύματι*
2546 3382 2715 3447 ἄλλῳ
2736 3383 2806 3436 δὲ
2836 3382 3209 3452 ἐνεργήματα
3237 3379 3563 3448 δυνάμεων,
3594 3379 3780 3442 ἄλλῳ

2181 3474 2251 3526 δὲ
2287 3476 2651 3543 προφητεία,
2695 3474 2867 3541 ἄλλῳ
2902 3474 2972 3526 δὲ
3015 3473 3346 3541 διακρίσεις
3386 3469 3773 3539 πνευμάτων,

2186 3563 2362 3633 ἑτέρῳ
2405 3565 2547 3635 γένη
2595 3566 2910 3633 γλωσσῶν,
2955 3565 3123 3631 ἄλλῳ
3160 3564 3229 3617 δὲ
3260 3564 3540 3632 ἑρμηνειά
3572 3565 3771 3630 γλωσο

2186 3655 2345 3709 σῶν·
2378 3656 2573 3711 πάντα
2599 3656 2667 3711 δὲ
2699 3657 2886 3712 ταῦτα
2912 3656 3145 3725 ἐνεργεῖ
3183 3656 3251 3709 τὸ
3285 3656 3356 3708 ἐν
3390 3655 3489 3707 καὶ
3522 3654 3587 3707 τὸ
3622 3655 3775 3707 αὐτὸ

2189 3743 2449 3813 Πνεῦμα,
2482 3742 2755 3809 διαιροῦν
2778 3741 2900 3804 ἰδίᾳ
2945 3744 3182 3809 ἑκάστῳ
3219 3744 3414 3807 καθὼς
3455 3742 3770 3806 βούλεται.

2186 3835 2396 3905 Ὥσπερ
2425 3835 2533 3907 γὰρ
2565 3834 2754 3899 ὓδατος
2785 3836 2850 3889 τὸ
2878 3835 3176 3905 χλοοποιεῖν
3204 3833 3296 3887 καὶ
3337 3832 3646 3903 σήπ[τ]ειν,
3676 3834 3778 3884 καὶ

2184 3927 2353 3997 πυρὸς
2376 3926 2547 3980 καίειν
2569 3928 2661 3979 καὶ
2686 3927 2960 3996 φωτίζειν·
2984 3925 3155 3989 οὕτως
3178 3927 3272 3979 καὶ
3300 3924 3395 3977 τοῦ
3427 3924 3571 3977 θείου
3602 3923 3773 3977 [Ινεύ-

2191 4036 2379 4088 ματος,
2405 4020 2709 4090 εύεργετεῖν
2744 4020 2839 4073 καὶ
2876 4019 3145 4083 κολάζειν.

506 4112 975 4182 Quemadmodum
1023 4110 1186 4180 igitur
1219 4122 1358 4177 aqua
1404 4107 1510 4159 vim
1562 4106 1724 4160 habet
1773 4106 2111 4176 producendi
2155 4108 2378 4174 herbas,
2430 4120 2484 4166 ct
2543 4111 2976 4181 putrefacicndi;
3023 4110 3187 4182 ignis,
3230 4107 3427 4165 urendi
3472 4117 3527 4164 et
3566 4106 3777 4161 illumi-

510 4207 712 4261 nandi:
754 4206 833 4259 sic
879 4203 1049 4257 divini
1092 4198 1331 4271 Spiritus
1377 4208 1482 4261 est,
1534 4197 1857 4253 benefacere
1908 4207 1962 4252 et
1991 4198 2285 4271 castigare.

928 4314 1442 4396 INTERROGATIO
1482 4314 1662 4367 XLIV.

582 4413 716 4477 Quia
761 4418 811 4465 te
853 4410 1122 4463 medicqu
1171 4408 1365 4462 annuae
1419 4406 1898 4476 deprehendimus,
1944 4405 2079 4460 aﬂ‘a-

509 4506 603 4558 tim
653 4500 1153 4556 demonstrationes
1211 4497 1560 4552 adhibentem
1619 4496 1818 4551 animis
1876 4497 2084 4551 nostris

510 4594 861 4653 medicinam,
896 4600 949 4643 ct
980 4588 1047 4643 ab
1078 4602 1261 4641 errore
1286 4593 1646 4649 asserentcm,
1679 4599 1995 4656 quaesumus
2024 4593 2082 4639 ut

510 4688 736 4755 mljicias
774 4684 839 4737 ad
876 4682 1154 4751 praemissa
1204 4679 1269 4733 de
1316 4678 1545 4747 angelis,
1584 4692 1712 4731 num
1762 4676 1926 4745 aliqui
1968 4676 2081 4732 sint

508 4792 694 4831 eorum
720 4775 963 4839 ordines,
999 4781 1053 4826 et
1082 4777 1234 4840 quot,
1268 4777 1321 4823 et
1354 4768 1544 4838 quales
1564 4768 1673 4821 sint
1700 4775 1916 4833 natura,
1948 4782 2079 4821 num

511 4868 635 4919 item
673 4882 791 4935 qme
830 4864 1012 4917 futura
1046 4871 1175 4916 sunt
1206 4859 1408 4913 sciant.

1143 4972 1447 5041 Responsio.

582 5069 759 5121 Creati
792 5068 1009 5136 quidem
1043 5074 1172 5122 sunt
1202 5063 1401 5134 angeli,
1437 5072 1489 5117 et
1519 5060 1740 5116 obnoxii
1770 5059 2078 5125 mutationi,

506 5161 739 5230 spiritus
793 5160 1090 5213 rationales
1133 5158 1198 5211 ad
1256 5154 1621 5210 ministerium
1664 5152 1841 5217 missi,
1895 5166 2081 5222 quem-

510 5250 803 5307 admodum
847 5250 1021 5319 inquit
1066 5248 1371 5301 divinorum
1410 5245 1711 5299 carminum
1762 5252 1974 5306 auctor,
2025 5249 2078 5298 et

509 5360 631 5401 cum
681 5344 800 5412 ipso
845 5339 1045 5394 Paulus
1098 5342 1489 5393 consentiens:
1525 5337 1628 5403 Qui
1686 5336 1815 5404 facit
1864 5336 2075 5405 angelos

509 5452 632 5490 suos
667 5434 905 5503 spiritus,
953 5440 1000 5483 et
1033 5429 1300 5482 ministros
1338 5445 1461 5481 suos
1511 5428 1644 5497 ignis
1674 5425 1948 5493 ﬂammam
1986 5425 2074 5491 7°;

504 5528 708 5597 quibus
738 5526 919 5583 verbis
950 5522 1113 5579 simul
1148 5508 1488 5576 ct'naturam
1520 5529 1575 5574 et
1616 5520 1957 5589 majestatem
1984 5534 2077 5573 eo-

583 5643 629 5674 ”
664 5643 853 5697 Matth.
882 5656 1005 5706 xm,
1038 5640 1091 5692 8.
1166 5638 1210 5668 ⁷⁷
1249 5637 1265 5689 Ι
1307 5636 1430 5690 Cor.
1466 5651 1566 5699 xu,
1601 5635 1748 5689 7-H.

579 5788 719 5857 (N‘)
747 5788 956 5839 Πόσαι.
980 5784 1137 5839 Forte
1162 5784 1321 5847 πόσα,
1350 5782 1430 5835 vel
1461 5782 1638 5837 πόσοι.
1664 5785 1813 5837 [ἰυιτ.

2769 4320 3017 4373 ΠΕΥΣῘΣ
3050 4321 3154 4374 MA’
3169 4331 3197 4374 ἰ

2266 4413 2468 4484 Ίατρὸν
2497 4432 2553 4466 σε
2577 4414 2803 4483 ψυχικὸν
2834 4415 3146 4485 εὑράμενοι,
3172 4412 3374 4475 ἱκανῶς
3398 4412 3485 4465 διὰ
3507 4412 3615 4465 τῶν
3636 4413 3778 4465 ἁπο-

2183 4500 2400 4565 δείξεων
2431 4503 2804 4573 θεραπεύοντα
2830 4504 2985 4573 ἡμῶν
3014 4504 3110 4567 τὰς
3142 4502 3344 4574 ψυχὰς,
3379 4502 3474 4556 καὶ
3505 4500 3605 4571 τῆς
3630 4501 3775 4554 πλά-

2184 4609 2281 4661 νης
2321 4595 2602 4663 ῥυόμενον,
2635 4595 2866 4665 δεόμεθα
2898 4612 2991 4647 σου
3039 4593 3355 4666 προσθεῖναι
3412 4595 3525 4655 τοῖς
3559 4590 3775 4660 ῥηθεῖσι

2186 4684 2314 4753 περὶ
2362 4682 2629 4751 ἀγγέλων,
2683 4686 2776 4738 καὶ
2814 4687 2862 4737 εί
2907 4684 3167 4754 τάγματα
3199 4679 3616 4747 ὲστιν,αὺτῶν,
3673 4678 3776 4731 καὶ

2185 4774 2347 4828 πόσαι
2373 4775 2528 4845 (Μ’),
2560 4776 2653 4829 καὶ
2685 4777 2829 4839 τίνες
2854 4775 2951 4846 τὴν
2987 4774 3175 4844 φύσιν,
3208 4771 3302 4826 καὶ
3337 4772 3386 4823 εἰ
3411 4770 3479 4822 τὰ
3509 4767 3774 4838 μέλλοντα

2184 4863 2355 4917 οἴδασι
2366 4904 2377 4917 .

2142 4961 2210 5032 ἓ
2801 4982 3163 5049 Ἀπόκρισις.

2258 5070 2482 5124 Κτιστο“ι
2524 5073 2621 5141 μὲν
2665 5072 2713 5123 oi
2765 5070 2985 5139 ἄγγελοι
3026 5072 3120 5123 καὶ
3167 5069 3425 5141 τρεπτοὶ,
3479 5068 3772 5138 πνεύματα

2187 5154 2380 5222 λογικὰ
2409 5159 2487 5221 εἰς
2514 5157 2787 5219 διακονίας
2820 5156 3283 5226 ἀποστελλόμενα,
3319 5152 3506 5216 καθώς
3545 5172 3710 5226 φησιν
3743 5154 3772 5205 ὁ

2186 5247 2293 5301 τῶν
2324 5248 2480 5303 θείων
2515 5250 2771 5321 μελῳδός,
2807 5251 2899 5303 καὶ
2934 5250 3051 5320 μετ’
3083 5249 3243 5302 αὑτὸν
3280 5248 3512 5311 Παῦλος,
3548 5246 3769 5317 ὁμοφώ-

2185 5360 2289 5405 νως
2313 5360 2325 5371 ·
2376 5342 2429 5395 ’0
2468 5342 2654 5398 ποιῶν
2693 5342 2833 5408 τοὺς
2874 5341 3168 5410 ἀγγέλους
3215 5338 3399 5392 αὐτοῦ
3430 5338 3767 5406 πνεύματα,

2186 5432 2284 5485 καὶ
2319 5433 2461 5499 τοὺς
2502 5433 2885 5503 λειτουργοὺς
2910 5432 3097 5485 αὑτοῦ
3139 5429 3327 5498 πυρὸς
3369 5427 3605 5497 φλόγκιο
3634 5427 3768 5497 ὁμοῖν

2186 5524 2288 5593 τὴν
2321 5524 2481 5591 φύσιν
2516 5526 2608 5577 καὶ
2641 5525 2739 5594 τὴν
2787 5524 2941 5587 ἀξίαν
2979 5519 3285 5593 δηλοῦντες.
3331 5520 3501 5572 Ἐπτὰ
3536 5519 3594 5572 δὲ
3641 5533 3770 5589 τυγ-

1825 5632 1870 5664 "
1912 5630 2056 5689 Psal.
2091 5648 2208 5705 cm,
2237 5639 2301 5706 4;
2348 5637 2511 5695 Hebr.
2546 5656 2583 5705 ι,
2624 5642 2674 5694 7.
