1992 3104
115 157 169 184 Si}

114 219 228 270 Rivali-Gl
243 221 381 270 τάγματα,
402 225 493 258 καθὼς
509 227 733 265 ’1ούδαςέγραψε.
750 233 796 259 καὶ
811 234 825 258 ὁ
836 234 904 270 ὑψητ

112 263 163 315 Eb?
177 265 362 315 ἐξαριθμεῖται
390 270 549 305 Ἀπόστολος
560 282 567 290 '
581 271 603 308 ᾧ
617 263 662 302 καί
677 263 804 312 ἑπόμενοι
820 280 844 306 οἱ

113 310 194 359 ἔλεξας
206 312 317 349 τελετῆς
334 315 416 350 ἱερεῖς
426 317 597 353 ἀναφωνοῦσι
613 322 672 357 Θεῴ
682 331 688 337 ·
706 310 744 350 Σὲ
756 310 907 359 ὐμνοῦσίκ

112 357 248 406 (ipsiet,
265 359 458 406 ἀρχάγπελοι,
474 366 589 399 θρόνοι,
602 357 789 403 κυριότητες,
805 371 906 406 ἀρχαὶ.

113 402 270 452 ἐξομσίαι,
305 404 458 441 δυνάμεις.
489 409 549 436 Ὅτι
574 411 603 438 δὲ
629 402 768 448 epsit-col,
789 402 907 452 évapﬁ;

113 447 270 494 ἀπόδειξις·
300 449 360 476 Ἐπὶ
379 452 409 478 τὸ
428 454 518 488 χεῖρον
539 447 654 491 τραπεὶς
677 447 905 494 ἁρχὲκακοξδιά-

113 492 207 525 ὕθλος,
231 497 439 532 συναποστήσας
453 499 542 535 ἐαυτῷ
563 501 671 535 ἱκανοὺς
693 504 747 531 τῶν
770 506 905 540 ἀγγέλων,

113 537 145 563 οὐ
160 538 243 588 ἱιῦύςει
256 560 264 572 ,
280 540 349 588 ἀλλὰ
371 542 467 579 γνώμῃ
483 545 637 580 τραπέντας
652 550 684 584 τῇ
701 537 843 588 ὑποσπορᾷ
859 537 906 580 τού

115 582 194 617 σφῶν
207 585 369 621 ἡγουμένου,
382 588 456 624 αὐτῷ
469 591 634 628 κατάλληλον
647 582 694 621 τού
708 582 845 632 δράματος
858 599 906 634 τὴν

114 631 304 675 προσηγορίαν
318 632 475 669 δεξαμένου.
499 636 545 664 Ἐκ
565 639 619 675 γὰρ
642 641 689 667 τοῦ
710 631 862 671 διαϐάλλειν
877 631 908 672 τὸ

112 674 252 724 ξμόςρυλον
265 678 439 724 δοερωνύμως
452 682 582 718 κέκληται
604 674 727 719 διάϐολος
738 696 744 703 ·
760 689 848 716 Σατὰν
860 691 906 724 δὲ,

112 721 149 747 ὲκ
162 721 209 747 τοῦ
222 721 280 757 Θεῷ
304 725 350 750 καὶ
362 725 516 761 ἀνθρώποις
533 730 703 760 ἀντικεῖσθαι
718 742 724 749 ·
737 734 777 761 διὸ
794 736 840 762 καὶ
852 721 907 763 τῶν

114 765 312 817 ὺτξρκοσμὶων
328 771 533 817 κατήρῤακται·
553 776 600 802 καὶ
622 777 675 804 ὑπὸ
705 779 835 817 Ίεζεκιὴλ
848 783 906 817 (15)

113 811 163 859 τονΞδ
182 812 326 840 θεσπεσίου
347 816 401 842 τῶν
418 818 559 855 Χερουϐὶμ
574 823 707 858 ἐξηγητοῦ
728 811 901 859 ὀνειδίζεταιί

113 854 345 906 Πῶςᾲὲξέπεσας
365 861 401 888 ἐκ
423 863 476 890 τοῦ
494 854 660 899 οἰιρωόθδ
688 854 842 906 ἑωσφόρος
856 894 863 905 ,
888 875 905 901 ὁ

112 901 195 952 πρωῒ
212 903 409 952 ,ἀνατέλλωη
429 909 496 943 ὁμοῦ
514 908 549 937 τὸ
558 913 679 948 πυρῶδες
688 915 735 943 καὶ
747 901 906 952 educent»

112 946 167 996 τῆς
183 947 306 998 φύσεως,
330 952 377 978 καὶ
394 953 558 988 ἡγεμονικὸν
579 946 629 992 τῆς
650 946 804 998 τάξεωςΙτῇ
822 964 906 992 εἰκόνι

111 999 164 1046 ται)
178 998 324 1046 φωστήρος
340 998 491 1032 παριστῶν.
505 1001 661 1037 Συμφώνως
671 1005 699 1031 δὲ
710 1007 796 1041 τούτῳ
808 1009 908 1046 Δανιὴλ

115 1035 169 1088 την
188 1039 340 1092 μοχθηρίαν
354 1042 437 1069 αὑτοῦ
453 1035 614 1081 διαϐάλλων,
630 1035 677 1076 καὶ
696 1050 744 1087 τὴν
759 1035 908 1092 ὑπαγωνῆν

114 1082 175 1109 τῶν
190 1084 331 1120 ἑπομένων
342 1089 434 1123 φησίν.

112 1127 169 1157 lius
200 1133 368 1166 exprimens.
399 1136 466 1163 Cum
495 1138 545 1166 hoc
569 1145 660 1169 autem
687 1147 866 1176 consentiens
902 1150 958 1178 Dan

111 1182 281 1206 sectatorum
302 1183 424 1216 exponit.

156 1224 296 1273 Ἀγνοοῦσι
309 1227 337 1254 δὲ
348 1228 406 1263 ἅμα
420 1228 523 1265 βροτοῖς
536 1233 583 1259 καὶ
593 1233 704 1268 ἄγγελοι
713 1237 748 1264 τὰ
761 1239 893 1273 μέλλοντα
902 1252 908 1259 -

113 1269 200 1321 μόνης
216 1271 270 1307 γὰρ
284 1273 335 1321 τῆς
360 1274 434 1307 Oeta;
456 1276 570 1313 Τριὰδος
596 1281 742 1314 γινώσκειν
761 1269 798 1313 τὰ
831 1287 907 1321 ὄντα,

112 1316 160 1370 Ital.
178 1317 377 1370 προγινώσκειν
404 1321 438 1348 τὰ
451 1322 579 1358 ἐσόμενα.
600 1327 757 1356 Διακονοῦσι
775 1331 804 1358 δὲ
822 1316 909 1370 ταύτῂ

111 1361 161 1409 καὶ
182 1363 249 1397 ἡμῖν
262 1372 269 1378 ”
287 1366 319 1400 τῇ
344 1366 394 1400 μὲν
414 1367 574 1404 Θεοπρεπῶς
590 1371 771 1407 δουλεύοντες,
797 1378 852 1409 τοῖς
878 1361 906 1405 δέ

109 1408 292 1459 οἰκονομικῶς
302 1431 310 1443 ,
329 1412 397 1459 πρὸς
410 1415 546 1450 σωτηρίαν
560 1417 595 1444 τὰ
609 1420 674 1454 παρ’
694 1421 803 1457 ἐκείνης
824 1408 907 1459 προσ-

110 1455 265 1505 ταττόμενα
275 1465 282 1472 ·
298 1458 364 1505 τοὺς
383 1459 432 1493 μὲν
447 1461 622 1497 ἀναιροῦντες
637 1464 681 1492 διὰ
697 1455 795 1494 κακίαν
814 1455 906 1505 ἀδιόρ-

112 1499 201 1549 (Ξωτον
211 1521 219 1533 ,
229 1502 304 1534 ὅπως
324 1503 361 1539 μὴ
383 1505 434 1540 τῆς
448 1505 538 1542 λύμης
552 1509 733 1545 ἐμφορεῖσθαι
752 1513 816 1546 τοὺς
828 1499 904 1549 twi-

111 1544 210 1578 ζοντας
223 1556 230 1562 ·
253 1549 325 1575 κατά
338 1550 401 1582 τοὺς
424 1553 522 1586 σοφοὺς
545 1554 599 1581 τῶν
614 1556 725 1592 ἰατρῶν,
744 1560 767 1585 οἱ
789 1560 843 1595 πρὸ
858 1561 906 1588 τοῦ

110 1592 269 1629 διαχεοῆναι
282 1595 352 1622 κατὰ
363 1597 464 1629 παντὸς
475 1598 521 1625 τοῦ
538 1599 664 1636 σώματος
680 1602 728 1639 τὴν
742 1604 789 1631 τοῦ
805 1592 907 1638 πάθους

111 1637 214 1674 λώϐην,
234 1640 352 1676 καυτῆρι
372 1642 388 1676 ἢ
417 1644 487 1679 τομῇ
514 1645 564 1680 τὴν
587 1646 677 1683 ῥύμην
693 1637 903 1684 ἀνακόπτοντεςί

113 1684 205 1720 Ὅπερ
222 1685 269 1712 καὶ
284 1688 416 1722 γεωργοῖς
432 1689 630 1725 σπουδάζεται,
643 1692 701 1728 ἅμα
716 1694 754 1729 τῷ
768 1696 906 1723 ἀνατεῖλαι

110 1726 192 1761 αὖθις
207 1729 335 1765 ἐκριζοῧν
349 1732 385 1758 τὰ
402 1732 520 1767 ζιζάνια,
541 1735 646 1771 μήποτε
663 1726 843 1773 συμφυόμενα
860 1741 907 1767 καὶ

111 1775 255 1811 ὐψούμενα
265 1795 273 1808 ,
288 1776 334 1803 τὸν
349 1779 421 1805 σῖτον
447 1779 641 1815 λυμήνωνται·
658 1782 706 1808 καὶ
720 1784 907 1821 ἀμπελουργοὶ

110 1820 141 1847 δὲ
157 1821 199 1847 ἔτι
213 1822 366 1855 ποάζουσαν
384 1824 449 1859 πρὶν
462 1826 667 1862 περιπλακῆναι
678 1829 711 1864 τῇ
729 1820 906 1867 ἀμπέλῳγτὴν

110 1868 270 1912 ἀτχομένην
290 1869 458 1904 ἀνασπῶσιν,
479 1871 495 1907 ἢ
515 1873 548 1907 τῇ
571 1872 692 1910 δρεπάνῃ
708 1875 905 1912 ὑποτέμνουσι,

111 1911 183 1947 πρὸς
204 1912 234 1939 τὸ
260 1912 299 1948 μὴ
314 1913 360 1940 τδν
382 1914 479 1950 βότρυν
503 1915 688 1952 λυμήνασθαι.
713 1911 800 1946 Τοῦτο
822 1922 870 1948 καὶ
893 1924 906 1949 ὁ

110 1957 236 1991 γεωργὸς
251 1958 299 1992 τῆς
317 1959 454 1994 ἡμετέρας
477 1960 586 1994 φύσεως
608 1963 656 1988 κα)⁵
674 1963 724 1999 τῆς
745 1964 906 2001 Ἐκκλησίας

110 2001 305 2038 ἀμπελουργὸς
319 2004 406 2030 ποιεῖν
422 2004 515 2031 εἴωθεν
528 2014 535 2021 ο
558 2007 756 2042 προγινώσκων
774 2010 822 2037 τοῦ
840 2011 905 2038 ὑπο-

110 2046 205 2073 τίτῡου
231 2047 280 2082 τὴν
301 2048 427 2086 ὀλεθρίαν
453 2051 585 2087 αὔξησιν·
613 2054 660 2080 καὶ
683 2054 741 2090 ἅμα
765 2056 805 2091 τῷ
824 2057 906 2091 φῦναι

110 2090 231 2127 ἐκριζῶν
244 2093 291 2120 καὶ
306 2094 435 2121 ἀνασπῶν
453 2096 497 2122 τὸν
508 2097 617 2133 ἐτέρους
632 2099 757 2136 ἀνασπᾷν
774 2090 906 2136 μέλλοντα

110 2138 233 2173 δράμασι
246 2139 292 2166 καὶ
304 2139 435 2175 δόγμασιν
447 2142 584 2175 ἀπωλείας
595 2152 601 2158 ·
613 2144 629 2180 ἢ
645 2145 689 2172 διὰ
700 2145 730 2172 τὸ
742 2147 906 2184 κουφότερον

110 2185 240 2218 γενέσθαι
256 2185 294 2220 τῷ
309 2186 500 2224 ἀναιρουμένῳ
522 2189 570 2224 τὴν
589 2190 767 2229 ὀφειλομένην
786 2193 840 2220 τῶν
858 2195 903 2228 βε-

111 2230 256 2265 ὄιωμένων
272 2232 400 2266 μάστιγα.
421 2234 452 2259 Ol
471 2234 524 2269 γὰρ
539 2235 654 2262 ἐνταῦθα
667 2237 717 2269 τὰς
727 2238 843 2271 εὐθύνας
854 2240 905 2267 ὺπ-

111 2277 232 2311 έχοντες,
248 2278 293 2304 καὶ
309 2279 359 2314 τὴν
371 2279 429 2306 ἐκεῖ
439 2282 683 2315 προαποτινοῠντες
696 2284 763 2318 (15⁸)
773 2294 901 2321 ταμιευο-

114 2321 200 2357 μένην
221 2323 309 2359 δίκην,
329 2324 503 2359 ἀμεϐύδευτοι
526 2326 633 2354 δοκοῦσί
651 2337 696 2364 μοι
710 2330 818 2358 ἔσεσθαι
835 2333 904 2369 ὑπὲρ

111 2363 151 2394 ὧν
170 2368 382 2405 ἀπολελόγηνται
394 2379 402 2387 ⁸
418 2371 467 2406 οὺχ
484 2372 553 2408 ὑπὲρ
568 2369 605 2399 ὦν
619 2374 753 2410 διαφόρως
771 2377 876 2405 ἀνεῖλεν

114 2412 266 2447 μιαιφόνος,
282 2411 339 2441 ἀλλ’
360 2416 431 2451 ὑπὲρ
451 2414 481 2444 οὗ
499 2419 546 2445 καὶ
561 2418 596 2445 δι’
611 2417 642 2446 οὗ
656 2421 705 2456 τὴν
722 2422 769 2449 ἐπὶ
789 2422 902 2451 θανάτου

112 2458 215 2495 ἀρτίως
242 2460 385 2495 ἐπάγεται.
416 2462 570 2499 Ὀφθαλμὸν
589 2464 644 2500 γὰρ
669 2466 731 2493 ἀντὶ
750 2467 902 2505 ὀφθαλμοῦ,

113 2504 160 2530 καὶ
173 2504 268 2532 ὀδόντα
280 2507 340 2532 ἀντὶ
355 2507 470 2541 ὀδόντος,
486 2510 533 2535 καὶ
546 2510 591 2537 τὸν
602 2511 731 2546 ἐκχέοντα
743 2509 814 2548 αἷμα
828 2515 903 2543 ἀναι-

114 2550 219 2584 ρεῖσθαι
232 2552 246 2578 ὁ
261 2551 332 2584 οεῖος
342 2553 527 2582 διακελεύεται
544 2555 634 2591 νόμος.

831 173 1000 203 DIALOGUS
1019 176 1039 203 l.

1696 183 1752 211 9η

959 244 1019 263 rum
1050 236 1217 271 signiﬁcant.
1249 238 1360 275 Septem
1387 246 1453 267 vero
1476 245 1541 268 sunt
1571 240 1693 274 ordines,
1722 248 1750 271 ut

958 274 1069 317 scripsit
1081 282 1167 312 Iudas
1179 284 1214 317 '9,
1227 289 1256 312 et
1270 285 1389 314 eximius
1405 290 1548 314 enumerat
1561 287 1708 322 Apostolus
1716 289 1750 319 "°,

956 336 1036 363 quem
1066 334 1093 356 et
1121 335 1276 365 sequuntur
1304 332 1375 359 sacri
1400 332 1520 360 ministri
1546 332 1626 360 ollicii
1654 334 1751 366 divini,

955 374 1020 401 dum
1039 375 1093 401 alta
1108 376 1229 403 clamant
1245 384 1313 404 voce
1335 377 1368 404 ad
1392 377 1477 405 Deum
1496 388 1502 405 :
1522 378 1556 405 Te
1573 379 1697 406 laudibus
1712 388 1754 407 ce-

956 419 1060 446 lebrant
1084 421 1186 456 angeli,
1217 423 1388 463 archangeli,
1407 424 1513 456 throni,
1538 424 1750 458 dominationes,

956 466 1130 500 principatus,
1147 472 1299 501 potestates,
1319 471 1437 496 virtutes.
1454 470 1531 502 Quod
1548 478 1613 498 vero
1633 472 1753 499 mutabi-

958 511 997 540 les
1011 512 1076 544 sint,
1092 513 1205 541 evidens
1219 519 1261 542 est.
1279 515 1478 543 demonstratio
1495 525 1500 542 :
1522 516 1556 543 ad
1573 517 1674 544 malum
1691 525 1752 544 ver-

958 565 1006 586 sus
1031 563 1127 586 auctor
1143 559 1188 586 ille
1212 561 1275 587 mali
1293 561 1431 593 diabolus,
1452 569 1546 589 secum
1573 562 1607 589 ad
1623 563 1754 590 defectio-

958 611 1020 631 nem
1043 604 1144 632 multos
1167 606 1327 640 angelorum
1349 608 1475 639 trahens,
1493 615 1547 635 non
1570 613 1678 640 natura,
1702 611 1749 636 sed

957 651 1098 679 voluntate
1118 656 1238 680 Inutatos
1261 661 1308 689 per
1320 654 1401 682 ducis
1412 656 1455 683 sui
1473 656 1687 691 suggestionem,
1704 658 1751 691 qui

957 694 1152 731 congiuentem
1184 705 1235 725 suo
1270 699 1341 726 facto
1373 700 1495 735 suscepit
1529 701 1752 735 appellationem.

956 741 1024 768 Nam
1049 744 1083 770 ah
1107 751 1140 771 co
1167 745 1240 779 quod
1266 745 1334 772 alios
1362 746 1404 773 sui
1422 747 1532 781 generis
1556 747 1751 779 calumniatur,

958 789 1069 823 proprie
1084 790 1243 818 nominatus
1260 795 1302 818 est
1322 792 1471 827 diabolus;
1489 791 1574 820 Salan
1591 801 1700 820 veroex
1720 801 1753 821 eo

957 833 1029 868 quod
1055 834 1109 862 Deo
1134 839 1162 862 et
1187 836 1344 865 hominibus
1368 838 1547 870 adversatur;
1582 843 1753 874 quapropter

958 880 1041 906 etiam
1053 880 1088 907 de
1112 881 1181 908 locis
1197 882 1252 910 illis
1271 883 1492 912 ullramundanis
1514 885 1619 920 ejccms
1639 890 1681 913 est
1703 895 1709 912 :
1727 891 1751 913 et

959 925 1031 959 apud
1055 925 1227 954 Ezechielum
1245 927 1371 965 [Isaiam]
1390 929 1513 957 divinum
1539 936 1627 959 vatem
1650 932 1754 959 Cheru—

958 970 1066 1002 borum,
1094 972 1203 1006 probris
1226 974 1376 1001 incessitur
1397 975 1557 1008 :Quamodo
1581 977 1704 1004 decidisti
1723 977 1755 1005 de

958 1016 1034 1048 cmlo,
1054 1017 1158 1052 lucifer,
1176 1020 1222 1054 qui
1237 1028 1313 1047 mane
1327 1021 1455 1048 ariebaris
1468 1022 1509 1048 “?
1522 1023 1611 1049 Simul
1625 1027 1652 1050 et
1665 1024 1753 1058 ignem

960 1062 1152 1098 lucentemque
1175 1068 1302 1091 naturam
1327 1065 1399 1099 ejus,
1421 1069 1447 1092 et
1473 1066 1645 1100 principatus
1666 1066 1755 1101 digni-

961 1110 1055 1139 tatem,
1080 1108 1107 1134 in
1126 1108 1235 1142 ordine,
1258 1118 1306 1145 per
1329 1110 1538 1138 similitudinem
1558 1111 1702 1138 lumiuaris
1722 1110 1755 1137 il-

962 1153 1048 1186 ielus,
1076 1156 1224 1190 nequitiam
1252 1157 1312 1191 ejus
1336 1157 1467 1188 traducit.
1489 1163 1515 1185 et
1542 1157 1753 1186 subductioueln

997 1243 1126 1278 Ignorant
1153 1249 1243 1271 autem
1272 1253 1324 1272 una
1350 1253 1412 1272 cum
1438 1246 1596 1273 hominibus
1620 1252 1647 1274 et
1664 1246 1753 1281 angeli

960 1296 1005 1316 res
1036 1288 1163 1321 futuras;
1197 1290 1285 1318 solius
1307 1291 1379 1318 enim
1404 1295 1507 1318 sanctae
1532 1291 1675 1319 Trinitatis
1699 1296 1753 1323 est,

961 1334 1054 1361 omnia
1072 1334 1173 1361 habere
1196 1335 1318 1369 cognita,
1335 1339 1362 1362 et
1386 1336 1515 1370 praescire
1537 1343 1568 1364 ea
1584 1344 1645 1371 qua:
1662 1337 1753 1364 futura

959 1384 1034 1407 sunt.
1049 1379 1205 1407 Ministrant
1220 1385 1310 1408 autem
1327 1385 1355 1408 et
1367 1382 1432 1408 huic
1451 1386 1479 1409 et
1491 1382 1572 1410 nobis
1590 1391 1597 1409 :
1611 1382 1675 1409 huic
1689 1385 1754 1418 qui-

959 1424 1031 1457 dem,
1050 1427 1081 1451 ut
1095 1431 1159 1458 erga
1177 1423 1260 1451 Deum
1276 1432 1324 1458 par
1339 1429 1392 1456 est,
1411 1425 1579 1458 servientes;
1593 1425 1673 1453 nobis
1690 1434 1754 1454 vero

959 1473 1124 1504 praestantes
1144 1476 1176 1496 ea
1191 1477 1253 1504 quae
1269 1470 1303 1496 ad
1326 1471 1443 1498 salutem
1466 1471 1553 1499 nostri
1570 1476 1646 1499 certo
1660 1473 1767 1499 consi-‘

960 1514 997 1541 lio
1019 1514 1087 1549 ipsis
1103 1515 1138 1542 ab
1152 1522 1184 1542 ea
1206 1514 1384 1543 mandantur.
1404 1515 1497 1551 Itaque
1522 1517 1671 1545 nonnullos
1694 1525 1755 1553 pro-

961 1565 1021 1596 pter
1034 1560 1166 1588 malitiam
1183 1562 1210 1588 in
1226 1569 1279 1596 qua
1295 1562 1388 1590 nullus
1403 1562 1589 1590 emendationi
1604 1564 1682 1591 locus
1700 1570 1752 1596 est,

961 1607 1110 1642 perimunt,
1123 1615 1156 1635 ne
1169 1608 1285 1642 proximi
1299 1609 1402 1644 quique
1419 1609 1550 1644 perniciei
1568 1610 1753 1645 implicentur,

958 1657 987 1679 ut
1003 1652 1154 1688 prudentes
1168 1653 1266 1681 medici
1290 1654 1390 1687 solent,
1407 1654 1465 1689 qui,
1479 1660 1626 1690 antequam
1646 1664 1695 1691 per
1712 1661 1755 1685 to-

957 1703 1014 1727 tum
1029 1707 1132 1734 corpus
1146 1699 1318 1727 dlﬂ‘undatur
1337 1700 1426 1728 morbi
1444 1702 1552 1733 vitium,
1570 1703 1695 1730 cauterio
1708 1709 1754 1730 aut

959 1746 1085 1773 sectione
1101 1746 1233 1780 impetum
1248 1746 1309 1780 ejus
1328 1750 1482 1781 atuputaut.
1496 1747 1525 1773 ld
1537 1748 1612 1782 quod
1629 1749 1664 1776 ab
1679 1751 1753 1783 agri-

957 1791 1026 1818 colis
1042 1792 1125 1819 etiam
1142 1792 1266 1819 studiose
1280 1792 1453 1824 observatur,
1473 1797 1502 1820 ut
1529 1801 1592 1821 mox
1609 1794 1636 1821 in
1654 1800 1752 1823 exortu

957 1836 1044 1863 malas
1071 1836 1172 1864 herbas
1198 1837 1351 1870 eradicent,
1368 1845 1403 1865 ne
1431 1837 1502 1866 forte
1525 1839 1607 1867 simul
1633 1845 1703 1868 natae
1725 1847 1753 1869 et

957 1889 1068 1910 sursum
1086 1882 1243 1914 tendentes,
1263 1883 1386 1910 triticum
1406 1884 1573 1918 opprimant.
1592 1887 1645 1913 Sed
1671 1893 1698 1914 et
1714 1888 1754 1914 vi-

957 1927 1061 1954 nitores
1077 1926 1189 1954 herbam
1216 1927 1286 1955 vites
1308 1927 1500 1962 sulfocantem,
1514 1929 1578 1956 dum
1604 1930 1695 1957 adhuc
1715 1937 1753 1958 Ie-

957 1981 1023 2001 nera
1040 1977 1094 2006 est,
1123 1978 1269 2009 antequam
1293 1974 1341 2001 viti
1369 1982 1430 2002 sese
1449 1975 1582 2011 implicet,
1606 1975 1751 2010 revellunt.

958 2022 1006 2045 aut
1021 2018 1092 2046 falce
1109 2025 1246 2051 resecant,
1258 2028 1293 2048 ne
1311 2027 1363 2047 uva
1380 2021 1507 2048 laedatur.
1525 2022 1582 2050 Hoc
1594 2026 1620 2050 et
1633 2022 1751 2058 agricola

958 2064 1004 2092 ille
1028 2069 1130 2092 nostra:
1148 2069 1254 2093 natura:
1277 2070 1305 2093 et
1323 2066 1452 2094 Ecclesia:
1471 2067 1573 2095 vinitor
1591 2067 1682 2095 facere
1705 2076 1751 2096 so-

958 2109 1005 2136 let.
1028 2108 1184 2138 Praavidens
1194 2111 1256 2146 ejus
1272 2111 1319 2146 qui
1338 2111 1429 2139 adhuc
1446 2112 1551 2140 lactens
1572 2112 1605 2139 ab
1618 2113 1751 2140 uberibus

957 2155 1072 2190 pendet,
1099 2157 1284 2191 perniciosum
1308 2157 1526 2191 incrementum,
1551 2159 1661 2187 interim
1685 2159 1750 2187 dum

956 2203 1068 2234 crescit,
1081 2203 1203 2238 eradicat
1219 2208 1245 2231 et
1265 2204 1357 2231 evellit
1370 2212 1433 2232 eum
1453 2205 1500 2240 qui
1517 2206 1585 2233 alios
1600 2206 1749 2234 evulsurns

956 2253 1015 2274 erat
1029 2255 1075 2282 per
1086 2256 1168 2283 opera
1185 2253 1211 2276 et
1227 2249 1368 2277 doctrinas
1379 2250 1514 2278 exitiales.
1530 2251 1582 2278 Aul
1595 2256 1750 2286 propterea,

959 2296 988 2319 ut
1000 2293 1036 2319 sit
1052 2293 1139 2321 levius
1159 2294 1220 2329 ipso
1233 2295 1343 2322 sublato
1363 2295 1500 2331 ﬂagellum
1517 2296 1579 2325 aliis
1592 2297 1627 2324 ob
1642 2305 1673 2325 ea
1688 2305 1750 2333 qua:

958 2339 985 2365 in
1001 2339 1056 2366 vita
1077 2339 1271 2376 designarunt,
1286 2342 1426 2374 debitum;
1443 2350 1505 2369 nam
1523 2343 1569 2378 qui
1593 2342 1638 2370 hic
1654 2350 1750 2377 poenas

958 2386 1087 2418 subeunt,
1104 2391 1131 2414 et
1158 2395 1266 2422 poenam
1285 2388 1384 2416 futurae
1405 2389 1467 2416 vita:
1485 2390 1682 2424 praavcnientes
1702 2389 1749 2417 de-

958 2430 1092 2464 pendunt,
1111 2431 1138 2457 in
1152 2439 1201 2459 eos
1222 2432 1287 2459 mihi
1304 2433 1411 2460 videtur
1427 2440 1481 2460 non
1502 2434 1619 2469 amplius
1636 2434 1748 2468 inquisi-

959 2481 1015 2503 tum
1029 2477 1062 2504 iri
1077 2486 1161 2513 super
1176 2479 1208 2506 iis
1223 2479 1257 2506 de
1271 2480 1371 2514 quibus
1388 2479 1582 2508 satisfecerunt
1598 2490 1604 2507 :
1621 2488 1676 2508 non
1689 2489 1748 2516 pro-

957 2526 1017 2556 pter
1031 2530 1063 2549 ca
1080 2531 1141 2558 qua:
1164 2524 1237 2551 varie
1257 2525 1396 2552 commisit
1424 2526 1572 2559 homicida,
1597 2527 1643 2554 sed
1663 2527 1699 2555 ob
1720 2526 1746 2553 id

957 2567 1036 2602 cujus
1050 2575 1134 2596 causa
1150 2577 1246 2598 recens
1269 2570 1417 2599 damnatus
1433 2572 1467 2599 ad
1485 2578 1601 2600 mortem
1624 2573 1744 2605 ducitur.

160 2598 273 2650 oculum
297 2600 396 2652 pendat
418 2609 467 2636 pro
483 2602 575 2635 oculo,
596 2603 704 2632 dentem
721 2614 769 2641 pro
787 2607 868 2636 dente
885 2619 891 2636 ι
906 2612 968 2640 item
987 2618 1017 2641 ut
1033 2615 1079 2644 ille
1104 2617 1150 2652 qui
1170 2619 1330 2654 sanguinem
1355 2619 1461 2652 eﬂ‘udit.
1486 2621 1684 2654 interﬁciatur,
1702 2622 1743 2649 lex

112 2644 205 2672 diuina
223 2647 356 2684 praecipit.

149 2690 203 2717 Καὶ
218 2690 249 2718 τὸ
265 2692 303 2727 μὴ
318 2692 398 2719 πάλιν
413 2694 511 2727 αὐτοὺς
523 2695 733 2745 ἐκτιμωρεῖσθαι
747 2701 816 2737 ὑπὲρ
829 2703 897 2730 ἐκεί-

989 2705 1021 2732 Ει
1039 2714 1074 2734 ne
1093 2714 1189 2735 rursus
1204 2706 1288 2736 iidem
1305 2708 1458 2736 aﬂiciantur
1474 2709 1609 2744 supplicio
1632 2713 1743 2744 propter

147 2771 171 2787 τ’
188 2770 267 2799 Julia:
289 2781 316 2807 v,
334 2774 361 2802 6,
399 2776 422 2791 ⁵⁰
439 2775 537 2812 Ephes.
559 2786 577 2811 I,
593 2779 644 2814 ΞΗ
665 2781 770 2811 Coloss.
787 2792 806 2817 ι,
827 2785 867 2812 lG.

962 2794 1001 2813 sa.
1021 2794 1077 2819 xtv,
1093 2787 1136 2814 ιε.

148 2851 206 2894 (l5)
224 2852 460 2894 'Y‘adjlscsenjx.
472 2857 562 2894 Locus
571 2859 604 2885 ab
612 2865 724 2889 auctore
733 2863 832 2892 citatus
844 2874 897 2894 non

113 2891 203 2915 exstat
216 2888 288 2924 apud
302 2889 483 2927 Ezechiclcm,
496 2893 544 2921 sed
557 2894 657 2930 legitur
672 2888 723 2925 lsa.
735 2888 849 2933 invita.

962 2902 968 2907 ι
985 2868 1052 2903 (15‘)
1080 2869 1365 2903 Προαποτινοῦντες.
1382 2869 1465 2898 Forte
1488 2873 1739 2906 προαποτιννυντες.

947 2902 1028 2931 Eutr.
