4030 6232
515 339 622 394 3'5

517 459 706 514 eadem
737 457 955 522 delicta,
993 462 1180 526 aperte
1208 456 1451 511 dicitur:
1487 454 1610 511 Non
1646 457 1814 527 capiet
1844 457 2094 510 ultionem

516 554 778 608 Dominus
806 552 884 606 bis
913 551 976 605 de
1010 550 1273 606 eodem“.
1305 549 1494 622 Neque
1525 552 1669 606 enim
1700 551 1802 605 hoc
1831 549 1972 620 apud
1997 565 2098 604 nos

515 659 732 714 aequum
770 651 879 709 est,
920 643 1024 698 sub
1065 643 1281 698 duobus
1307 642 1588 712 judicibus
1636 640 1816 710 puniri
1858 639 2096 709 aliquem

516 749 694 788 reum.
737 731 872 786 Nam
916 733 1041 786 dum
1076 732 1160 784 hic
1185 731 1516 801 judicamur,
1542 747 1575 782 a
1602 729 1828 782 Domino
1863 729 2097 798 castiga-

517 840 656 888 mur,
703 840 763 876 ne
797 840 912 877 cum
965 823 1158 876 mundo
1201 823 1514 875 danmemur
1535 820 1616 883 ⁸³,
1643 819 1706 872 Ει
1735 819 1969 873 eximius
2016 820 2098 872 in-

516 917 636 986 quit
669 916 967 986 Apostolus
1000 932 1013 968 :
1043 914 1210 980 Quem
1252 911 1424 982 diligit
1459 911 1713 965 Dominus
1771 911 2014 980 castigat,
2049 920 2098 962 et

518 1008 735 1075 corripit
787 1023 990 1060 onmem
1041 1006 1214 1074 ﬁlium
1252 1022 1404 1076 quem
1441 1005 1661 1074 suscipit
1684 1003 1750 1055 “.
1796 1001 1916 1056 Non
1959 1001 2098 1056 alios

519 1097 739 1164 quidem
768 1097 1022 1167 suscipit,
1056 1096 1192 1151 alios
1219 1109 1350 1151 vero
1379 1095 1596 1165 rejieit;
1630 1093 1725 1150 sed
1757 1093 1849 1148 alii
1878 1093 2097 1163 quidem

522 1187 632 1248 hic,
670 1185 761 1240 alii
810 1201 936 1241 vero
977 1187 1089 1242 illic
1131 1187 1188 1242 id
1241 1186 1467 1252 faciunt,
1524 1186 1850 1257 recipientes
1896 1186 2097 1255 ipsum,

520 1284 616 1328 aut
661 1276 1017 1345 repudiantes
1051 1292 1146 1347 per
1185 1277 1300 1346 ipsa
1351 1276 1628 1330 mandata.
1671 1273 1789 1329 Non
1826 1275 1968 1328 enim
2012 1273 2099 1327 via

519 1368 671 1436 regia
710 1381 933 1423 causam
961 1369 1163 1438 praibet
1191 1368 1597 1424 ollendentibus
1633 1376 1728 1421 aut
1753 1365 2096 1430 cadentibus,

520 1458 616 1512 sed
662 1459 878 1528 ipsimet
913 1459 1042 1514 dum
1079 1461 1254 1515 oculis
1293 1462 1793 1530 circumvagantur,
1829 1465 1884 1512 et
1911 1458 2100 1512 incau-

519 1545 596 1602 tis
629 1548 859 1618 pedibus
897 1549 1178 1605 incedunt.
1208 1548 1430 1604 Tollunt
1461 1549 1627 1619 igitur
1654 1549 1827 1618 angeli
1869 1562 1966 1603 eos
2005 1547 2096 1617 qui

518 1636 578 1691 in
617 1638 823 1692 inalitia
853 1649 1224 1707 perseverant,
1269 1646 1598 1694 conservant
1621 1653 1752 1694 vero
1783 1653 1878 1693 eos
1911 1637 2004 1707 qui
2034 1637 2100 1691 ad

519 1726 781 1782 virtutem
817 1744 940 1784 sese
967 1739 1313 1785 convertunt.
1346 1730 1606 1800 Egressus
1666 1729 1811 1784 enim
1842 1737 1919 1782 est
1947 1743 2102 1797 ange-

523 1819 604 1872 lus
644 1817 854 1873 Domini
875 1837 940 1874 ex
975 1823 1189 1886 castris,
1219 1831 1267 1875 et
1297 1822 1560 1890 interfecit
1595 1830 1802 1876 centum
1830 1820 2094 1891 octoginta

521 1909 747 1977 quinque
798 1911 967 1965 millia
1018 1911 1436 1982 alienigenarum
1456 1912 1524 1977 ⁸⁸,
1580 1912 1837 1983 inquiunt
1885 1909 2104 1966 Littera:

521 2015 714 2054 sacra).
750 2001 885 2056 item
945 2003 1174 2072 angelus
1210 2003 1497 2059 suﬂ‘ocavit
1542 2003 1900 2074 primogenita
1934 2001 2103 2074 Egy-

521 2091 621 2160 pti.
654 2091 720 2144 Et
771 2093 998 2162 angelus
1035 2094 1368 2164 impediebat
1401 2093 1796 2163 profectionem
1835 2093 2101 2158 Balaami,

518 2181 703 2235 cumis
751 2180 819 2234 ad
865 2181 1178 2248 Balaacum,
1212 2193 1272 2237 ut
1298 2183 1465 2240 Israel
1499 2191 1909 2251 exsecrarctur,
1943 2199 2102 2255 quem

529 2270 616 2322 ubi
669 2273 958 2342 conspexit
1001 2274 1335 2344 jumentum,
1394 2275 1541 2346 quod
1605 2279 1782 2346 ipsum
1825 2277 2102 2346 portabat,

522 2368 671 2417 metu
701 2365 1150 2434 perhorrescens,
1177 2369 1446 2433 substitit,
1488 2370 1728 2424 humana
1753 2385 1886 2424 voce
1921 2377 2105 2425 vecto-

521 2471 638 2512 rem
686 2459 1114 2528 reprehendens.
1157 2461 1457 2518 Michaelus
1508 2455 1870 2534 archangelus
1911 2463 1977 2518 ad
2018 2461 2108 2517 Je-

523 2564 646 2603 sum
680 2549 826 2606 Nave
853 2552 1020 2606 tilium
1068 2555 1343 2622 mittitur;
1375 2554 1663 2611 Gabrielus
1699 2557 1762 2612 ad
1799 2556 2102 2622 Danielum,

437 2644 448 2654 '
525 2646 586 2692 ut
606 2639 1060 2710 interpretaretur
1084 2643 1133 2698 ei
1166 2646 1410 2710 somnia;
1446 2645 1514 2700 ad
1546 2645 1892 2712 Zachariam,
1927 2655 1985 2701 ut
2016 2660 2107 2701 an-

521 2730 804 2786 nuntiaret
825 2731 1053 2789 Joannis
1100 2736 1474 2804 nativitatem;
1509 2735 1577 2790 ad
1615 2744 1845 2792 matrem
1878 2745 1928 2791 et
1963 2752 2107 2793 sem-

523 2835 622 2890 per
665 2833 978 2879 manentem
1023 2824 1291 2895 virginem
1332 2825 1586 2894 Mariam,
1630 2827 1697 2883 de
1724 2827 1820 2882 Dei
1849 2835 1904 2882 et
1941 2825 2106 2883 Verbi

469 2918 482 2932 '
521 2915 926 2984 conceptione;
971 2916 1039 2970 ad
1079 2916 1306 2972 Tobiam
1368 2917 1682 2988 Raphaclus
1727 2919 1985 2983 mittitur,
2038 2919 2106 2973 ad

521 3003 854 3070 portandum
910 3005 1032 3074 ejus
1086 3021 1294 3076 peram,
1345 3017 1398 3061 et
1447 3007 1514 3060 ad
1565 3007 1938 3061 comitandum
1973 3023 2106 3077 qua-

520 3093 828 3148 tuordeeim
856 3094 994 3159 dies,
1020 3109 1356 3165 uxoremque
1377 3095 1672 3165 legitimam
1701 3095 2102 3166 copulandum;

521 3190 577 3236 et
627 3183 694 3237 ad
750 3184 1116 3253 separandum
1173 3187 1242 3240 ab
1285 3186 1636 3242 interfectore
1691 3187 1936 3242 daemone
1981 3200 2101 3241 eam

522 3286 646 3341 qua:
679 3271 799 3328 viro
819 3288 915 3343 per
945 3274 1126 3344 ipsum
1149 3275 1342 3345 juncta
1377 3285 1517 3340 erat,
1552 3285 1607 3331 et
1641 3276 1709 3332 ad
1743 3277 2101 3348 aperiendum

521 3364 713 3421 oculos
747 3379 941 3422 socero
967 3380 1202 3436 sponsae,
1245 3368 1530 3423 volucrum
1570 3377 1816 3426 stercore
1845 3379 2100 3435 caecatos,

521 3463 578 3511 et
609 3471 869 3528 expressa
909 3458 1077 3529 piscis
1115 3460 1224 3516 bile
1259 3460 1565 3517 restitutos.
1606 3460 1715 3517 Sed
1749 3468 1805 3516 et
1839 3460 1946 3514 alia
1979 3461 2102 3532 plu-

520 3546 665 3601 rima
699 3549 1019 3620 angelorum
1062 3551 1312 3608 invenies
1345 3552 1673 3620 ministeria,
1715 3552 1770 3607 in
1804 3553 2105 3608 Abrahami

519 3639 656 3705 vita,
689 3649 742 3696 et
789 3641 977 3708 Mosis,
1026 3652 1081 3698 et
1122 3643 1350 3709 Manoae,
1398 3645 1541 3716 apud
1590 3645 2026 3713 Bethlehemum,’
2051 3655 2106 3702 et

521 3746 792 3804 pastores,
851 3739 995 3804 apud
1043 3748 1458 3797 monumentum
1509 3741 1736 3810 Christi,
1787 3751 1842 3798 et
1883 3743 1939 3798 in
1983 3741 2103 3812 ejus

521 3839 867 3884 ascensnone.

859 3920 925 3974 IN
931 3921 1376 3980 TERROGATIO
1405 3924 1560 3993 XLV,
1589 3923 1771 3982 XLVL

594 4009 762 4081 Atqui
798 4011 844 4066 si
889 4027 977 4067 res
1017 4012 1236 4070 futuras
1284 4016 1541 4086 ignorant
1585 4017 1786 4087 angeli,
1827 4015 2103 4087 quomodo

521 4097 752 4158 Danielo
777 4104 1026 4173 praedicit
1069 4105 1120 4159 in
1171 4106 1447 4179 Babylone
1502 4107 1744 4175 Gabriel,
1792 4116 1916 4180 post
1966 4125 2103 4180 qua-

523 4192 847 4265 dringentos
911 4199 1189 4269 octoginta
1242 4209 1464 4268 tresque
1525 4214 1699 4255 annos
1757 4201 2099 4256 nasciturum

523 4284 805 4342 Christum
830 4286 1008 4342 ?Natn
1035 4290 1321 4360 sexaginta
1365 4307 1561 4348 novem
1597 4291 1991 4357 hebdomadas,
2035 4293 2104 4349 de

523 4375 727 4444 quibus
762 4378 829 4433 ad
857 4380 1036 4450 ipsum
1073 4381 1423 4451 loquebatur,
1450 4383 1797 4453 septuaginta
1831 4399 2101 4440 annorum

526 4467 898 4527 hebdomadas
929 4489 1053 4529 csse
1083 4473 1416 4543 interpretes
1442 4475 1685 4530 tradunt.

1161 4561 1465 4632 Responsio.

595 4651 700 4708 Sed
736 4667 842 4708 non
882 4654 1104 4724 propria
1134 4655 1479 4725 praascientia
1510 4655 1565 4710 id
1593 4655 1885 4722 indicavit;
1911 4672 2098 4712 verum

523 4758 860 4814 quaecunque
887 4745 1063 4816 angeli
1102 4761 1132 4799 a
1167 4761 1402 4817 superna
1431 4747 1700 4817 sapientia
1732 4746 1974 4814 discunt,
2007 4749 2100 4804 illa

523 4835 733 4891 dicunt.
773 4835 1005 4892 Sanctas
1033 4838 1179 4892 enim
1207 4853 1294 4893 res
1317 4853 1347 4891 a
1376 4853 1533 4894 sacra
1569 4837 1835 4894 Trinitate
1857 4840 2096 4906 discunt,

525 4933 579 4977 ct
607 4926 676 4980 ab
702 4927 836 4995 ipsis
888 4944 1083 4986 rursus
1127 4929 1396 4992 homines,
1453 4936 1505 4984 ct
1536 4931 1605 4985 ab
1655 4931 1966 4990 hominibus
2007 4934 2099 4989 alii

527 5017 648 5068 loco
685 5015 980 5076 inferiores
1009 5036 1132 5091 quae
1166 5031 1496 5092 sequuntur.

923 5132 1448 5191 INTERROGATIO
1490 5135 1693 5191 XLVII.

591 5222 646 5279 Si
676 5236 808 5292 ergo
857 5237 950 5291 per
1010 5225 1316 5282 doctrinam
1365 5229 1694 5299 percipiunt,
1752 5244 1977 5284 necesse
2014 5237 2100 5284 est

523 5321 673 5386 ipsos
707 5311 905 5369 libellis
959 5320 1014 5368 ct
1069 5315 1278 5372 chartis
1317 5320 1391 5372 uti
1447 5335 1599 5376 more
1655 5329 1865 5375 nostro.
1923 5319 2099 5374 Voces

520 5407 666 5464 enim
697 5413 750 5462 et
781 5405 997 5461 decreta
1030 5421 1140 5460 non
1175 5408 1377 5478 scripta
1419 5427 1544 5465 mox
1579 5412 1842 5466 oblivioni
1875 5411 2098 5466 dantur.

520 5495 655 5553 Nam
690 5499 734 5554 si
767 5515 929 5555 voces
961 5497 1018 5553 in
1075 5499 1338 5554 memoria
1397 5501 1678 5558 durabiles
1726 5509 1934 5565 essent,
1987 5517 2101 5557 non

524 5606 659 5645 sane
687 5589 868 5647 Moses
903 5591 958 5646 in
984 5591 1187 5650 tabulis
1217 5570 1449 5662 lapideis
1479 5594 1534 5647 in
1564 5604 1750 5650 monte
1784 5594 1932 5664 ipsas
1960 5593 2101 5648 scri-

1583 339 1640 394 S.
1681 337 2340 406 CAESARILGREGORII
2378 338 2679 398 FRATRIS

3663 336 3762 397 916

2202 475 2327 524 νων,
2366 458 2660 530 διαρρήδην
2690 459 2806 530 βοᾷ’
2833 459 2952 512 Οὐκ
2972 456 3278 527 ἐκδικήσει
3305 454 3521 525 Κύριος
3545 454 3635 522 δὶς
3671 456 3761 510 ἐπὶ

2201 551 2267 604 τὸ
2299 551 2468 605 αὐτό.
2495 549 2630 603 Οὐδὲ
2659 549 2767 620 γὰρ
2793 548 2922 619 παρ’
2956 549 3088 619 ἡμῖν
3128 545 3283 600 τοῦτο
3315 546 3525 599 δίκαιον
3556 544 3660 598 ὑπὸ
3679 545 3766 600 δύο

2200 626 2405 715 κ’ριτῶν
2437 642 2759 707 κολάζεσθαι
2813 641 2906 695 τὸν
2946 641 3256 696 κατάδικον.
3286 641 3638 709 Κρινόμενοι
3667 638 3766 708 γὰρ

2199 735 2493 801 ἐνταῦθα,
2539 735 2657 789 ὑπὸ
2701 734 2924 803 Κυρίου
2961 732 3378 801 παιδευόμεθα,
3407 732 3510 785 ἵνα
3529 730 3616 800 μὴ
3657 731 3768 784 σὺν

2200 825 2280 891 τῷ
2330 826 2536 896 κόσμῳ
2585 823 3066 894 κατακριθῶμεν·
3126 823 3232 876 καί
3275 839 3437 894 φησιν
3497 824 3526 876 ὁ
3579 821 3769 893 ὑψηλὸς

2213 919 2550 984 Ἀπόστολοςο
2583 921 2685 973 Ὃν
2707 916 2910 987 ἀγαπᾷ
2936 918 3172 986 Κύριος,
3193 915 3478 969 παιδεύειο
3499 914 3774 984 μαστιγοῖ

2200 1009 2268 1062 δὲ
2305 1009 2501 1064 πάντα
2529 1009 2665 1064 υἱὸν
2696 1009 2768 1062 ὃν
2798 1008 3212 1077 παραδέχεται.
3242 1008 3317 1060 Οὐ
3349 1008 3476 1070 τοὺς
3509 1008 3609 1077 μὲν
3643 1007 3767 1060 ἀποο

2201 1101 2438 1172 δέχεται,
2469 1103 2594 1166 τοὺς
2619 1101 2675 1154 δὲ
2712 1100 3046 1155 ἀπωθεῖται·
3080 1101 3195 1154 ἀλλ’
3225 1101 3273 1153 οί
3303 1098 3402 1170 μὲν
3443 1098 3704 1165 ἐνταῦθα,
3726 1101 3769 1151 οἱ

2199 1190 2256 1244 δὲ
2305 1193 2422 1244 ἐκεῖ
2452 1191 2611 1246 τοῦτο
2654 1191 2905 1256 ποιοῦσι,
2937 1190 3360 1263 παραδεχόμενοι
3391 1189 3577 1254 αὐτὸν,
3613 1190 3648 1260 ἢ
3678 1191 3771 1242 ἀπο

2201 1283 2496 1354 ωθούμενοι
2517 1283 2605 1338 διὰ
2628 1284 2736 1340 τῶν
2761 1283 3008 1338 ἐντολῶν.
3033 1285 3108 1336 Οὐ
3134 1284 3242 1356 γὰρ
3269 1283 3416 1338 αἰτία
3446 1285 3480 1352 ή
3511 1281 3772 1351 λεωφόρος

2200 1380 2314 1440 τοῖς
2359 1378 2794 1448 προσκόπτουσιν
2835 1377 2868 1443 ἣ
2911 1375 3224 1438 πίπτουσιν,
3273 1374 3389 1427 ἀλλ’
3431 1375 3635 1427 ἐκεῖνοι
3680 1372 3774 1438 ἔξω

2203 1471 2412 1540 ταύτης
2434 1470 2541 1525 τδνι
2576 1470 2860 1540 ὀφθαλμὸν
2908 1470 3287 1540 περιάγοντες,
3325 1466 3419 1519 καὶ
3449 1466 3774 1535 ἀφυλάκτοις

2208 1561 2333 1615 ποσὶ
2365 1561 2689 1632 βαδίζοντες.
2732 1559 3036 1630 Ἀναιροῦσι
3067 1561 3251 1612 τοίνυν
3279 1558 3499 1627 ἄγγελοι
3547 1556 3775 1627 πονηρίᾳ.

2205 1651 2564 1723 ἐμμένοντας,
2593 1649 2915 1717 διασώζουσι
2960 1652 3019 1704 δὲ
3072 1651 3199 1715 τοὺς
3233 1651 3318 1704 ἐπ’
3351 1649 3557 1721 ἀρετὴν
3587 1665 3774 1719 τρεποο

2208 1745 2420 1814 μένους.
2461 1742 2715 1811 Ἐξῆλθε
2737 1737 2847 1808 γὰρ
2885 1743 3134 1814 ἅγγελος
3155 1741 3375 1810 Κυρίου
3395 1741 3465 1794 ἐκ
3490 1740 3607 1809 τῆς
3642 1755 3775 1806 παρ·

2203 1833 2484 1903 εμϐολῆς,
2532 1834 2630 1888 καί
2664 1831 2904 1887 ἀνεῖλεν
2941 1830 3156 1885 ἑκατὸν
3198 1829 3572 1900 ὀγδοήκοντα
3611 1827 3775 1881 πέντε

2207 1926 2480 1996 χιλιάδας
2520 1926 2902 1994 ἀλλοφύλων,
2956 1923 3120 1994 φησὶν
3169 1922 3357 1994 ήθεία
3405 1921 3597 1991 Πυκτή
3624 1937 3638 1950 ⁸
3686 1921 3769 1973 καὶ

2213 2021 2462 2091 ἄγγελος,
2559 2020 2748 2089 φησὶν,
2792 2019 2979 2086 ἕπνιγε
3011 2017 3078 2070 τὰ
3119 2015 3397 2084 Αἰγύπτου
3439 2014 3772 2083 πρωτότοκα,

2207 2112 2298 2162 καὶ
2331 2108 2558 2178 ἅγγελος
2609 2105 2760 2179 εἶργε
2810 2108 2907 2178 τῆς
2935 2106 3159 2177 πορείας
3202 2105 3296 2157 τὸν
3329 2103 3602 2171 Βαλαὰμ,
3655 2101 3776 2172 πρὸς

2206 2200 2423 2255 Βαλαὰκ
2460 2199 2823 2270 πορευόμενον
2863 2199 2954 2253 τὸν
2995 2196 3210 2267 Ἰσραὴλ
3249 2194 3694 2266 καταράσασθαι,
3724 2191 3776 2244 ὃν

2206 2292 2266 2345 τὸ
2291 2293 2456 2365 φέρον
2482 2291 2642 2345 αὐτὸν
2667 2291 2978 2359 ὑποζύγιον,
3005 2289 3360 2359 Θεασάμενον,
3387 2288 3464 2358 τῷ
3497 2287 3613 2339 δέει
3649 2284 3772 2352 πτῆο

2209 2385 2304 2450 ξαν
2340 2382 2693 2446 συνεκάθισε,
2735 2381 3049 2454 ἀνθρωπεία
3096 2385 3248 2453 φωνῇ
3295 2382 3386 2433 τὸν
3415 2378 3772 2454 ἐποχούμενον

2207 2471 2498 2541 διελέγχον.
2549 2471 2771 2542 Μιχαὴλ
2813 2473 2842 2524 ὁ
2883 2472 3220 2542 ἀρχάγγελος
3273 2469 3407 2541 πρὸς
3450 2468 3543 2521 τὸν
3585 2465 3776 2537 Ἰησοῦν

2207 2564 2301 2617 τοῦ
2342 2565 2498 2636 Ναυῆ
2538 2564 2966 2619 ἀποστέλλεται·
3007 2563 3248 2636 Γαϐριὴλ
3274 2563 3410 2634 πρὸς
3444 2561 3536 2614 τὸν
3570 2558 3774 2630 Δανιὴλ,

2207 2656 2618 2727 διασαφηνίζειν
2668 2657 2816 2727 αὑτῷ
2865 2657 2935 2709 τὰ
2980 2657 3260 2728 όνείρατα’
3307 2657 3444 2726 πρὸς
3487 2653 3775 2725 Ζαχαρίαν,

2207 2751 2305 2822 τὴν
2367 2749 2612 2803 Ἰωάννου
2660 2750 2874 2818 γένεσιν
2909 2748 3058 2820 αὑτῷ
3099 2748 3605 2818 εὐαγγελίσασθαι·
3655 2745 3778 2816 1:90;

2208 2843 2305 2913 τήν
2344 2842 2553 2915 μητέρα
2600 2841 2854 2895 ἀείπαιδα
2905 2842 3159 2914 Μαρίαν,
3202 2842 3332 2912 περὶ
3375 2841 3475 2911 τῆς
3516 2839 3614 2893 τοῦ
3655 2836 3775 2892 θεοῦ

2209 2933 2382 3002 Λόγου
2417 2933 2730 3004 συλλήψεως
2750 2950 2764 2964 °
2809 2933 2944 3006 πρὸς
2978 2933 3069 2988 τὸν
3109 2932 3289 3005 Τοϐήτ
3320 2934 3349 2986 ὁ
3395 2932 3662 3004 Ῥαφαήλ,
3689 2931 3778 3000 τὴν

2208 3025 2391 3095 πήραν
2413 3024 2577 3078 αὑτοῦ
2611 3025 2902 3096 βαστάσαι,
2933 3025 3027 3079 καὶ
3057 3023 3372 3078 συνοδεῦσαι
3403 3022 3670 3093 τέτταρας
3693 3020 3778 3074 καὶ

2209 3114 2340 3168 δέκα
2374 3115 2584 3186 ἡμέρας
2606 3157 2620 3180 ,
2657 3118 2751 3170 καὶ
2786 3116 3005 3185 γυναικὶ
3029 3115 3248 3186 νομίμῳ
3279 3106 3531 3185 συνάψαι,
3570 3116 3662 3168 καὶ
3691 3111 3776 3165 τοῦ

2211 3208 2563 3279 ἀνδροκτόνου
2602 3209 2857 3280 δαίμονος
2910 3207 3183 3276 διαζεῦξαι
3212 3207 3310 3280 τὴν
3359 3207 3436 3277 τῷ
3467 3206 3624 3276 ἀνδρὶ
3665 3222 3781 3257 συν-

2210 3299 2497 3370 αφϐεἴσαν,
2528 3301 2623 3354 καὶ
2650 3302 2744 3356 τοῦ
2774 3303 3032 3373 κηδεστοῦ
3061 3303 3157 3372 τῆς
3185 3320 3255 3374 γη
3266 3302 3435 3372 μάσης
3468 3298 3783 3369 ὀφθαλμοὺς

2211 3391 2420 3459 ἀνοῖξαι
2475 3392 2696 3463 πτηνῶν
2742 3392 2936 3465 ἀφοδία
2991 3393 3365 3465 πηρωθέντας.
3421 3391 3534 3444 Καὶ
3589 3388 3782 3461 ἑτέρας

2211 3482 2470 3547 πλείστας
2522 3484 2649 3555 περὶ
2683 3483 2930 3553 ἀγγέλων
2963 3485 3218 3557 εὑρήσεις
3263 3483 3536 3546 διακονίας
3570 3482 3664 3536 ἐπὶ
3692 3477 3781 3534 τοῦ

2223 3575 2505 3646 Ἀϐραὰμ,
2547 3576 2640 3630 καὶ
2683 3577 2960 3642 Μωσέως,
2995 3577 3091 3631 καὶ
3137 3578 3369 3641 Μανωὲ,
3407 3575 3503 3628 ἐπὶ
3546 3576 3645 3647 τῆς
3679 3574 3777 3643 Bn-

2212 3665 2408 3738 θλεὲμ,
2449 3669 2544 3720 καὶ
2579 3666 2688 3722 τῶν
2730 3668 3023 3740 ποιμένων,
3065 3669 3158 3722 ἐπὶ
3183 3668 3279 3724 τοῦ
3321 3667 3471 3723 Θείου
3508 3669 3778 3738 μνήματος

2211 3759 2307 3812 καὶ¹
2339 3758 2679 3830 ἀναλήψεως.

2716 3937 2967 3992 ΠΕΥΣΙΣ
3015 3939 3287 4007 ME,MG’.

2279 4027 2389 4082 Καὶ
2415 4029 2464 4083 εί
2490 4029 2747 4098 ἀγνοοῦσι
2769 4029 2836 4084 τὰ
2866 4029 3126 4102 μέλλοντα
3157 4031 3207 4082 0i
3239 4029 3485 4099 ἄγγελοι,
3517 4027 3637 4094 πῶς
3658 4043 3775 4100 προ·

2208 4122 2355 4189 λέγει
2388 4125 2417 4176 ό
2448 4121 2685 4194 Γαϐριὴλ
2714 4123 2773 4178 έν
2808 4123 3089 4178 Βαϐυλῶνι
3121 4123 3201 4194 τῷ
3229 4124 3452 4194 Δανιὴλ,
3491 4123 3634 4195 μετά
3668 4125 3778 4188 νῆ’

2211 4212 2307 4283 ἔτη
2340 4214 2631 4282 γεννᾶσθαι
2656 4215 2747 4268 τὸν
2771 4215 3034 4287 Χριστόν;
3057 4216 3169 4279 Τὰς
3201 4215 3310 4287 γὰρ
3344 4217 3615 4286 ἑξήκοντα
3638 4213 3776 4268 ἐννέα

2210 4306 2510 4376 ἑϐδομάδας
2531 4347 2545 4372 ,
2579 4307 2647 4367 ἃς
2677 4307 2826 4377 αὑτῷ
2847 4303 3027 4375 εἶπεν,
3060 4307 3197 4361 ἐτῶν
3223 4307 3600 4379 ἐϐδομήκοντα
3625 4307 3778 4376 ὑπαρ-

2203 4415 2319 4468 χειν
2353 4399 2524 4462 αὑτὰς
2548 4401 2597 4451 οί
2625 4401 2882 4469 ἑρμηνεῖς
2911 4399 3268 4469 διεσάφησαν.

2805 4578 3171 4648 Ἀπόκρισις.

2295 4669 2433 4721 Ἀλλ’
2469 4669 2569 4722 οὐκ
2602 4668 2780 4740 οἰκείᾳ
2824 4669 3132 4738 προγνώσει
3170 4669 3329 4722 τοῦτο
3362 4670 3600 4742 έςεραζεν
3623 4685 3634 4697 ·
3676 4664 3777 4722 ἀλλ’

2211 4760 2310 4812 ὅσα
2337 4761 2486 4831 παρὰ
2515 4762 2612 4832 τῆς
2641 4761 2753 4815 ἄνω
2779 4762 2971 4831 σοφίας
2995 4762 3361 4825 παιδεύονται,
3387 4765 3573 4818 ἐκεῖνά
3602 4776 3775 4831 φασιν.

2216 4853 2470 4920 ’Ἄγγελοι
2495 4853 2603 4922 γὰρ
2647 4852 2797 4924 παρά
2829 4853 2927 4923 τῆς
2960 4852 3111 4917 Θείας
3144 4854 3375 4925 Τριάδος
3410 4853 3775 4912 διδάσκονται,

2213 4945 2342 5014 παρ’
2381 4944 2560 4998 αὐτῶν
2585 4943 2639 4996 δὲ
2670 4943 2966 5015 ἄνθρωποι,
2989 4947 3120 5017 παρ’
3145 4948 3177 5017 ή
3189 4945 3302 5016 μῶν
3327 4946 3385 4999 δὲ
3420 4945 3490 4999 τὰ
3527 4946 3775 5016 ἑπόμενα.

2783 5143 3034 5197 ΠΕΥΣΙΣ
3068 5145 3199 5198 ΜΖ’.

2281 5229 2342 5281 Εἰ
2368 5224 2459 5282 οὖν
2498 5228 2736 5284 διδακτοί
2779 5234 2945 5300 εἰσιν,
2979 5234 3194 5306 ἀνάγκη
3222 5233 3420 5298 αὐτοὺς
3459 5234 3667 5298 δέλτοις
3697 5231 3779 5286 καὶ

2210 5320 2438 5390 χάρταις
2468 5322 2764 5393 κεχρῆσθαι
2795 5323 2917 5378 καθ’
2955 5327 3123 5396 ἡμᾶς.
3155 5326 3333 5382 Φωναὶ
3363 5326 3474 5396 γὰρ
3505 5329 3601 5380 καὶ
3622 5325 3778 5396 ψῆφοι

2211 5411 2284 5480 μὴ
2315 5411 2684 5482 γραφόμεναι,
2704 5415 2929 5486 ὅαχέως
2957 5416 3096 5490 λήθῃ
3143 5418 3548 5489 παραδίδονται.
3585 5420 3647 5472 ΕΞ
3681 5416 3778 5486 γὰρ

2206 5503 2272 5570 τῇ
2307 5502 2495 5574 μνήμῃ
2527 5504 2835 5574 παρέμενον
2887 5507 2940 5559 αἱ
2978 5507 3187 5575 φωναὶ,
3235 5509 3335 5560 οὐκ
3375 5505 3441 5560 ἂν
3482 5506 3685 5576 Μωσῆς
3726 5507 3778 5558 ἐν

2213 5589 2375 5655 πλαξὶ
2405 5591 2633 5658 λιθίναις
2680 5596 2771 5648 ἐπὶ
2823 5595 2916 5649 τοῦ
2955 5595 3117 5667 ὅρους
3172 5595 3563 5668 γεγραμμένας
3616 5591 3777 5656 αὐτὰί

592 5775 636 5804 ⁸³
665 5771 876 5827 Nahuin
915 5792 950 5840 ι,
979 5779 1009 5828 ‘J
1109 5778 1152 5808 ⁵³
1193 5777 1354 5834 lCor.
1389 5793 1464 5842 SI,
1497 5777 1584 5830 δὲ.
1665 5776 1707 5808 ⁸⁵
1749 5775 1909 5834 Hebr.
1950 5794 2046 5848 xu,
2083 5779 2100 5838 ί

2217 5783 2259 5814 ⁸⁵
2300 5780 2431 5853 Reg.
2469 5794 2581 5847 xix,
2616 5781 2703 5837 ⁸55.
