4030 6232
322 320 433 381 917

328 436 541 502 ἐδέξατο
560 453 573 468 ⁶
614 435 817 492 τούτων
842 438 898 492 δὲ
950 439 1361 508 συντριϐέντων,
1387 443 1657 517 δευτέρων
1698 449 1799 503 οὐκ
1828 449 1896 505 ἂν

321 527 541 600 ἐδεήθη,
567 529 617 582 εί
643 529 711 584 τά
735 529 792 582 ἐν
814 533 933 595 ταῖς
962 530 1207 601 πρώταις
1232 534 1513 605 γραφέντα
1538 536 1895 609 ἐμνημόνευε.

941 708 1294 779 Ἀπόκρισις.

393 794 603 868 Μωσῆς
637 796 741 865 μὲν
766 798 826 852 ὲν
850 801 972 863 ταῖς
1018 799 1184 868 πλαξὶ
1231 801 1363 856 δέκα
1401 801 1593 871 λόγους
1624 802 1784 857 θείων
1815 803 1903 855 δο-

321 887 572 960 γμάτων,
626 889 797 959 χωρὶς
836 888 1193 964 λαξευτηρίου
1238 893 1272 965 ἢ
1317 894 1582 967 γραφίδος
1630 894 1760 967 θείῳ
1810 896 1903 950 δα-

321 977 507 1050 κτύλῳ
534 979 948 1052 ἐντορευθέντας
968 982 1204 1047 ἐδέξατο.
1233 983 1358 1049 Πῶς
1381 984 1425 1038 δ’
1456 987 1485 1039 ὁ
1511 985 1672 1050 αὐτὸς
1696 987 1903 1059 γέγρα-

320 1087 449 1140 φεν,
474 1067 620 1144 ἅπερ
642 1073 781 1148 μόνῃ
808 1075 874 1145 τῇ
904 1075 1095 1149 μνήμῃ
1118 1074 1408 1147 κατασχὼν
1438 1076 1574 1131 Θεοῦ
1605 1077 1905 1149 φάσκοντος

322 1162 457 1234 περὶ
494 1164 702 1234 κόσμου
731 1165 1039 1235 γεννήσεως
1065 1183 1080 1233 ;
1126 1164 1245 1230 πῶς
1272 1165 1331 1220 δὲ
1361 1166 1551 1240 μνήμῃ
1597 1168 1906 1223 ὲντυπωσά-

324 1269 492 1324 μενος
521 1251 621 1324 τὴν
668 1252 1127 1323 παραδειχθεῖσαν
1153 1254 1246 1307 ἐπὶ
1279 1254 1378 1326 τῆς
1411 1255 1720 1329 ἀκρωρείας
1754 1256 1904 1311 θείαν

323 1342 537 1414 σκηνὴν
571 1342 660 1396 διὰ
691 1341 785 1396 τοῦ
835 1341 994 1412 λόγου
1040 1342 1133 1397 τὸν
1164 1342 1428 1416 Βεσελεὴλ
1479 1344 1786 1411 ἐπαίδευσε,
1834 1346 1902 1400 δι’

206 1440 215 1444 ’
323 1432 462 1505 ὕλης
493 1434 593 1505 τὴν
632 1433 793 1489 ἄῦλον
827 1418 1199 1506 μιμήσασθᾶις
1249 1435 1369 1501 πῶς
1404 1436 1462 1490 δὲ
1502 1437 1597 1491 καὶ
1627 1437 1829 1502 πάντες
1854 1439 1902 1492 oi

322 1526 609 1581 θεσπέσιοι
634 1526 911 1598 προφῆται
944 1525 1039 1580 καί¹
1064 1525 1385 1591 ἀπόστολοι,
1416 1527 1477 1580 οὐ
1508 1525 1597 1581 διὰ
1645 1526 1904 1599 μαθημά-

322 1636 458 1684 των,
489 1618 606 1673 ἀλλ’
634 1618 710 1680 ὡς
742 1617 924 1682 αὐτοῖς
959 1621 988 1672 ὁ
1007 1617 1178 1687 Λόγος
1221 1618 1473 1690 ὲνήχησε,
1500 1619 1594 1673 καὶ
1618 1622 1684 1690 τῇ
1715 1621 1904 1692 μνήμη

324 1710 630 1783 παρέθεντο
652 1749 666 1775 ,
697 1712 763 1781 τῇ
794 1710 1087 1780 οἰκουμένῃ
1117 1710 1436 1780 ἐκήρυττον,
1468 1709 1741 1764 Γαλιλαῖοι
1774 1727 1904 1763 παι-

330 1802 523 1855 δευταὶ
558 1800 855 1872 Ῥωμαίοις
881 1800 1289 1869 ἐπιφοιτῶντες,
1318 1799 1454 1871 πρὸς
1481 1800 1711 1855 ἕκαστον
1752 1801 1907 1866 ἔθνος

320 1896 394 1965 τῇ
426 1892 641 1966 γλώττῃ
675 1889 1168 1963 μετατυπούμενοι;
1193 1891 1397 1962 Πάρθοι
1423 1890 1552 1964 γάρ,
1583 1890 1677 1945 καὶ
1704 1892 1901 1963 Μῆδοι,

323 1986 423 2039 καὶ
460 1983 740 2054 Ἐλαμῖται
780 1981 975 2037 καὶτὰ
1018 1980 1181 2034 λοιπά
1219 1981 1346 2053 ἔθνη
1377 1983 1575 2054 ἤκουον
1613 1984 1713 2055 τῆς
1753 1983 1904 2054 σφῶν

322 2075 609 2131 διαλέκτου
639 2074 870 2138 ἕκαστος
898 2073 1205 2128 λαλούντων
1227 2074 1295 2127 τά
1333 2074 1596 2146 μεγαλεῖα
1627 2075 1721 2129 τοῦ
1742 2075 1901 2130 Θεοῦ.

325 2168 511 2240 Ἀπερ
551 2166 612 2220 οὐ
666 2168 1027 2238 γραμματικῇ
1067 2165 1319 2238 παιδείᾳ,
1371 2164 1506 2220 ἀλλά
1559 2170 1904 2238 πνευματικῇ

321 2258 579 2330 ἐνεργείᾳ
616 2259 933 2328 ἐκήρυττον.
966 2256 1246 2328 Ὠφθησαν
1280 2256 1389 2328 γάρ
1431 2256 1617 2320 αὐτοῖς
1653 2257 1902 2329 διαμερι-

324 2350 552 2421 ζόμεναι
594 2348 839 2418 γλῶσσαι
885 2347 1019 2401 ὡσεὶ
1075 2347 1248 2419 πυρὸς
1293 2347 1666 2419 (πεντηκοστῇ
1698 2348 1756 2402 δὲ
1803 2349 1904 2419 τῆς

323 2441 698 2506 ἀναστάσεως,
724 2441 922 2512 δεκάτῃ
952 2439 1008 2492 δὲ
1039 2439 1139 2510 τῆς
1164 2438 1485 2510 ἀναλήψεως
1506 2442 1544 2502 )·
1577 2439 1686 2494 Καὶ
1706 2439 1904 2494 ἐκάθι-

324 2548 444 2590 σεν
460 2534 553 2604 ἐφ’
581 2533 691 2589 ἕνα
714 2534 976 2588 ἕκαστον
1004 2530 1220 2600 αὐτῶν,
1249 2533 1414 2604 φησὶν
1442 2534 1471 2587 ὁ
1495 2532 1637 2596 θεῖος
1663 2534 1900 2597 Λουκᾶς,

327 2626 561 2699 ιπορῶν
592 2626 662 2681 τά
686 2627 806 2681 κατ’
845 2624 1062 2688 αὐτούς.

1731 313 2073 395 ntALbcus
2109 334 2150 391 ι.

3470 348 3572 403 MS

2005 460 2128 523 ptas
2162 452 2500 523 accepisset,
2530 454 2709 527 iisque
2738 456 3057 525 confractis,
3121 461 3245 518 aliis
3285 478 3392 519 non
3435 463 3574 518 tuis-

2002 550 2081 601 set
2109 557 2271 614 opus,
2302 539 2574 614 siquidem
2625 563 2817 603 eorum
2864 565 2986 621 quae
3026 551 3082 605 iu
3124 553 3409 620 prioribus
3436 555 3574 612 seri-

2005 634 2181 704 pturis
2219 640 2400 699 erant,
2429 652 2640 693 memor
2662 639 2876 697 fuisset.

2633 728 2941 800 Responsio.

2076 813 2254 873 Moses
2281 816 2505 888 quidem
2539 818 2595 875 in
2626 820 2826 878 tabulis
2857 821 3108 895 Decalogi
3131 825 3441 881 divinorum
3474 826 3573 880 de-

2003 916 2279 962 cretorum
2304 908 2513 980 absque
2535 910 2812 968 cmlatorio
2823 912 3184 984 scriptoriove
3203 916 3573 972 instrumento

2004 991 2174 1063 digito
2198 993 2292 1049 Dei
2320 995 2632 1067 exsculptas
2660 1013 2820 1055 voces
2851 1002 3081 1072 accepit.
3129 1002 3415 1070 Quomodo
3445 1019 3577 1060 vero

2005 1078 2148 1135 idem
2188 1082 2532 1153 perscripsit,
2584 1083 2654 1142 de
2697 1087 2814 1141 sola
2846 1089 3111 1144 memoria
3154 1102 3405 1161 prompta
3440 1106 3580 1162 qua:-

2005 1181 2221 1238 cunque
2249 1165 2396 1224 Deus
2428 1171 2655 1240 protulit
2698 1172 2766 1229 de
2798 1174 3012 1247 origine
3058 1178 3287 1232 mundi?
3327 1187 3422 1234 aut
3449 1195 3580 1248 quos

2005 1257 2170 1314 modo
2197 1273 2294 1328 per
2331 1261 2651 1316 memoriam
2693 1278 2954 1336 expresso
2992 1267 3109 1337 illo,
3161 1270 3308 1341 quod
3358 1271 3580 1327 demon-

2006 1356 2237 1405 stratum
2267 1361 2385 1407 erat
2409 1352 2513 1422 ipsi
2546 1353 2600 1408 in
2650 1364 2835 1413 monte
2867 1359 3281 1417 tabernaculum
3335 1362 3594 1418 divinum.

2006 1439 2258 1496 oratione
2303 1440 2422 1497 sola
2456 1441 2792 1501 Beseleelum
2827 1447 3016 1504 docuit
3057 1466 3153 1521 per
3201 1453 3485 1508 materiam
3524 1452 3597 1507 id

2008 1529 2232 1597 imitari,
2256 1532 2408 1602 quod
2436 1542 2559 1589 erat
2585 1551 2782 1606 expers
2798 1540 3079 1597 materiae?
3126 1541 3411 1608 Quomodo
3452 1545 3583 1599 item

2007 1635 2199 1678 omnes
2238 1623 2599 1695 divinivatcs
2637 1636 2693 1682 et
2737 1629 2993 1699 apostoli,
3040 1647 3148 1685 nutt
3195 1648 3289 1702 per
3334 1634 3582 1704 discipli-

2009 1726 2129 1776 nas,
2161 1712 2258 1768 sed
2293 1716 2754 1784 quemadmodum
2803 1720 2859 1773 in
2892 1719 3029 1790 ipsis
3062 1719 3297 1776 Verbum
3328 1727 3579 1788 sonabat,

2011 1801 2145 1859 licet
2173 1804 2378 1875 aliquid
2405 1806 2461 1863 in
2493 1810 2757 1865 memoria
2791 1821 3139 1881 reponerent,
3169 1814 3287 1869 orbi
3315 1824 3582 1872 terrarum

2013 1893 2405 1965 praedicabant,
2442 1898 2647 1955 Galilaei
2698 1900 2952 1959 doctores
2988 1918 3112 1959 cum
3153 1903 3416 1963 Romanis
3462 1922 3584 1963 con-

2012 1987 2359 2043 suetudinem
2416 1987 2700 2055 habentes,
2756 1992 2941 2063 lingua
3003 1995 3231 2051 cuilibet
3274 1998 3420 2067 genti
3448 2012 3581 2053 con-

2012 2076 2218 2136 formes
2250 2079 2451 2135 ﬁebant
2475 2088 2493 2139 '!
2514 2079 2701 2136 Parthi
2728 2084 2896 2150 enim,
2930 2094 2985 2142 et
3033 2087 3195 2153 Medi,
3236 2099 3289 2144 et
3321 2088 3586 2157 Elamitaa,

2009 2178 2064 2224 et
2089 2168 2314 2239 reliquae
2342 2178 2531 2240 gentes
2565 2170 2860 2228 audiebant
2903 2176 3137 2247 quisque
3180 2179 3266 2233 sui
3314 2181 3585 2235 sermonis

2012 2259 2185 2313 forma
2230 2258 2571 2329 proferentes
2612 2262 2761 2333 ipsos
2813 2269 3230 2337 amplitudinem
3276 2285 3457 2327 rerum
3498 2271 3585 2325 di-

2013 2351 2284 2417 vinarum,
2340 2367 2479 2421 quas
2532 2369 2641 2410 non
2694 2372 2792 2426 per
2842 2358 3187 2430 disciplinam
3239 2362 3584 2424 litterariam,

2011 2437 2105 2494 sed
2130 2453 2228 2509 per
2264 2439 2637 2498 eﬂiracitatem
2665 2458 2729 2498 ac
2760 2447 2867 2500 vim
2908 2449 3205 2518 quamdam
3244 2450 3589 2520 spiritualem

2010 2530 2402 2600 praedicabant.
2436 2530 2758 2603 Conspecta:
2790 2545 2923 2593 sunt
2958 2537 3105 2592 enim
3145 2539 3200 2592 in
3227 2540 3365 2609 ipsis
3392 2539 3585 2595 divisa:

2011 2621 2211 2694 lingua:
2238 2622 2386 2677 velut
2415 2622 2605 2694 igneae,
2622 2639 2817 2696 nempe
2842 2627 3295 2700 quinquagesima
3324 2631 3414 2686 die
3444 2644 3473 2684 a
3500 2644 3584 2685 re-

327 2721 693 2788 surrectione,
726 2720 939 2776 decima
970 2735 1101 2776 vero
1134 2718 1205 2775 ab
1245 2716 1590 2774 ascensione.
1631 2713 1701 2770 Et
1751 2713 1886 2771 sedit
1942 2731 2099 2785 super
2150 2730 2566 2789 unumquemque
2604 2718 2837 2788 ipsorum
2884 2719 2952 2788 ⁸⁸,
2990 2720 3169 2793 inquit
3197 2720 3357 2779 divus
3386 2720 3585 2787 Lucas,

325 2827 518 2871 eorum
542 2827 812 2883 enarrans.
835 2821 1013 2884 gesta.

914 2921 1162 2977 ΠΕΥΣΙΣ
1186 2921 1328 2977 ΜΗν.

406 3012 471 3065 Ei
500 3009 783 3081 ἀσώματοι
814 3013 951 3065 εἰσιν
984 3011 1033 3064 oi
1073 3009 1295 3079 ἄγγελοι
1314 3048 1331 3076 ,
1383 3010 1501 3076 πῶς
1534 3010 1754 3081 γυναιξὶ
1783 3010 1906 3081 ὲμί-

331 3117 529 3171 γησαν,
555 3099 617 3166 ἐξ
645 3091 721 3155 ὧν
755 3101 918 3171 προῆἲ
932 3102 1020 3153 θον
1053 3100 1104 3153 oi
1129 3101 1417 3169 γίγαντες;
1458 3100 1575 3166 πῶς
1599 3100 1655 3154 δὲ
1681 3101 1778 3155 καὶ
1810 3100 1908 3154 ἀν-

324 3186 535 3258 θρωποι
560 3189 671 3253 τοῖς
699 3188 876 3258 ἁγίοις
914 3190 1214 3260 φαίνονται,
1255 3192 1411 3265 εἴπερ
1441 3192 1724 3264 ἀσώματοί
1752 3194 1895 3261 aiat;

322 3276 461 3349 Φησὶ
498 3278 607 3350 γὰρ
639 3281 672 3351 ἡ
715 3279 835 3335 θεία
866 3281 1057 3354 Γραφή
1080 3300 1093 3313 ·
1129 3284 1237 3339 Καὶ
1284 3283 1579 3353 εἰσῆλθον
1627 3285 1745 3339 υἱοί
1794 3283 1902 3339 τοῦ

324 3367 477 3423 Θεοῦ
503 3371 655 3440 πρὸς
699 3372 807 3441 τὰς
839 3374 1166 3445 θυγατέρας
1207 3374 1325 3430 τῶν
1351 3377 1694 3447 ἀνθρώπων,
1731 3375 1792 3441 ἐξ
1822 3368 1899 3430 ὧν

322 3460 541 3531 λέγουσί
568 3481 710 3530 τινες
736 3467 1025 3536 γεννᾶσθαι
1047 3469 1174 3533 τοὺς
1199 3468 1481 3538 γίγαντας.

952 3633 1305 3703 Ἀπόκρισις.

413 3722 723 3795 Ἀσώματοι
773 3724 872 3795 μὲν
904 3724 957 3778 oi.
998 3724 1222 3794 ἄγγελοι
1273 3723 1400 3781 καθ’
1437 3726 1588 3796 ἡμᾶς
1613 3743 1628 3758 ο
1661 3724 1822 3798 σῶμα
1853 3726 1911 3781 δὲ

331 3815 457 3873 καθ’
476 3817 723 3884 ἑαυτοὺς,
738 3817 814 3882 ὡς
829 3817 1051 3890 ἄνεμος,
1080 3816 1311 3889 ἢπῦρ,ἢ
1332 3817 1556 3883 καπνὸς,
1579 3818 1613 3890 ἢ
1635 3818 1765 3891 ἀήρ.
1795 3817 1910 3872 Σώ-

332 3923 484 3978 ματα
509 3906 620 3979 γὰρ
664 3906 971 3980 ὑπάρχουσι
1009 3904 1184 3961 λεπτὰ
1223 3907 1315 3961 καὶ
1345 3906 1486 3962 ἀῦλα
1519 3905 1625 3974 ἔξω
1650 3907 1749 3978 τῆς
1773 3908 1910 3978 ἡμε-

329 3998 494 4066 τέρας
531 3996 838 4070 παχύτητος
857 4014 873 4031 ο
895 3995 1145 4067 Σώματα
1171 3996 1282 4069 γὰρ
1304 3996 1651 4065 ἐπουράνια,
1679 3996 1778 4051 καί
1803 3996 1912 4050 σώ-

325 4107 485 4158 ματα
531 4090 781 4162 ἐπίγεια,
819 4090 984 4162 φησιν
1012 4089 1043 4143 ὁ
1082 4089 1228 4162 ἱερὸς
1289 4087 1628 4154 Ἀπόστολος.
1678 4090 1912 4144 ’Ἄτοπον

326 4176 386 4231 δὲ
414 4177 510 4231 καὶ
552 4177 734 4248 πάσης
760 4177 946 4241 ἀνοίας
970 4216 987 4244 ,
1018 4175 1405 4247 συγκαθεύδειν
1438 4176 1637 4242 αὐτοὺς
1667 4176 1910 4247 γυναιξὶν

328 4268 565 4323 οἴεσθαι·
605 4268 729 4322 ἐπεὶ
755 4267 823 4325 ἂν
853 4268 947 4323 καὶ
970 4268 1233 4340 δαίμονας
1257 4268 1642 4339 συγκαθεύδειν
1663 4269 1909 4338 γυναιξὶν

327 4360 557 4417 οἴονται.
584 4362 659 4416 Οὐ
682 4361 793 4435 γάρ
812 4361 912 4434 τὴν
939 4362 1123 4433 φύσιν,
1153 4361 1294 4416 ἀλλά
1313 4362 1415 4435 τὴν
1443 4359 1600 4428 τάξιν
1619 4361 1905 4416 ἀπέλιπον·

327 4453 451 4508 οὐδὲ
475 4451 571 4507 τοῦ
597 4451 881 4525 μεγέθους,
925 4450 1065 4508 ἀλλά
1095 4452 1198 4524 τῆς
1233 4452 1550 4525 παρρησίας
1572 4454 1902 4526 ἀφῄρηνται.

328 4542 688 4614 Βλασφημίας
733 4541 915 4597 τοίνυν
948 4541 1043 4595 καὶ
1072 4541 1401 4614 νηπιότητος
1444 4543 1681 4616 ὑπάρχει
1714 4545 1775 4599 τὸ
1798 4546 1903 4600 ole-

328 4633 455 4688 σθαι
476 4632 743 4702 ἀγγέλους
766 4632 1118 4705 θηλυμανεῖν.
1140 4633 1214 4686 Οὐ
1239 4632 1365 4707 περὶ
1387 4633 1591 4689 τούτων
1607 4635 1715 4708 γάρ
1736 4653 1903 4708 φησιν

326 4726 363 4797 ἡ
387 4723 511 4778 θεία
540 4723 752 4796 Γραφὴ,
771 4724 857 4778 ὅτι
878 4722 1187 4794 Βία-ἦλθον
1217 4726 1273 4779 οι
1296 4725 1411 4780 υἱοὶ
1436 4725 1542 4781 τοῦ
1577 4727 1725 4782 Θεοῦ
1753 4728 1903 4797 πρὸς

325 4814 434 4882 τὰς
454 4813 778 4883 θυγατέρας
792 4812 911 4869 τῶν
922 4812 1265 4883 ἀνθρώπων
1289 4816 1500 4870 οὐδέπω
1522 4816 1631 4889 γὰρ
1657 4818 1897 4889 ἄγγελοι,

325 4906 432 4960 υἱοὶ
479 4903 617 4959 Θεοῦ
663 4905 1188 4978 προσαγορεύονται·
1238 4905 1355 4960 ἀλλ’
1403 4910 1449 4961 oi
1498 4907 1592 4962 τοῦ
1654 4908 1763 4981 Σὴθ
1805 4913 1900 4968 καὶ

335 4996 503 5062 Ὲνὼς
522 4995 650 5062 uici,
679 4996 785 5049 ὑπὸ
807 4997 915 5051 τῶν
948 4998 1070 5052 κατ’
1110 4997 1350 5063 ἐκείνους
1382 5000 1611 5072 καιροὺς
1640 5002 1896 5075 ἧρξαντο.

320 5081 509 5151 οὗτος
564 5086 675 5158 γάρ
705 5086 929 5156 ἤρξατο
982 5087 1214 5158 πρῶτος
1257 5089 1675 5147 ἐπικαλεῖσθαι
1728 5093 1898 5163 Θεὸν,

322 5177 490 5247 φησιν
516 5178 552 5248 ἡ
569 5178 781 5250 Γραφή.
814 5179 925 5234 Καὶ
947 5179 1025 5251 τῷ
1046 5182 1238 5235 Μωσεῖ
1257 5199 1422 5253 φησιν
1449 5183 1478 5237 ὁ
1505 5183 1730 5256 Κύριοςο
1754 5186 1902 5241 Θεὸν

320 5265 556 5323 δέδωκά
591 5284 667 5325 σε
690 5270 772 5337 τῷ
807 5271 1050 5341 Φαραώ·
1082 5275 1177 5328 καὶ
1204 5274 1335 5346 περὶ
1374 5275 1483 5330 τῶν
1511 5270 1668 5331 θείων
1701 5278 1902 5349 κριτῶν
1922 5270 1937 5289 ⁸

2418 2893 2931 2953 INTERROGATIO
2963 2897 3193 2953 XLVIII.

2084 2987 2140 3043 Si
2174 2988 2487 3059 incorporei
2514 3001 2644 3044 sunt
2673 2991 2874 3060 angeli,
2917 2992 3195 3061 quomodo
3232 3006 3356 3046 cum
3388 2993 3587 3049 inulie-

2013 3082 2166 3138 ribus
2183 3081 2641 3138 consuetudinem
2664 3083 3000 3146 habuerunt,
3020 3100 3088 3138 ex
3111 3084 3312 3154 quibus
3334 3086 3590 3156 prognati

2013 3174 2302 3245 gigantes?
2325 3172 2610 3241 Quomodo
2642 3173 2792 3241 item,
2842 3182 2904 3229 ut
2926 3173 3204 3239 homines,
3252 3178 3460 3232 sanctis
3495 3192 3591 3248 ap-

2013 3272 2230 3336 parent,
2287 3266 2334 3320 si
2384 3265 2606 3335 quidem
2647 3263 2960 3336 iucorporei
2998 3265 3169 3321 sunt?
3220 3264 3401 3337 lnquit
3442 3265 3591 3322 enim

2016 3356 2303 3427 Scriptura
2338 3370 2494 3412 sacra
2527 3375 2541 3411 :
2575 3356 2644 3409 Et
2690 3357 2917 3426 ingressi
2946 3365 3068 3411 sicut
3097 3357 3197 3425 ﬁlii
3238 3355 3334 3410 Dei
3356 3357 3426 3411 ad
3441 3358 3591 3427 ﬁlias

2010 3447 2361 3512 hominum",
2421 3463 2491 3504 ex
2517 3448 2717 3520 quibus
2760 3448 2929 3519 aliqui
2965 3448 3119 3502 aiunt
3159 3456 3317 3505 natos
3350 3465 3474 3507 esse
3510 3453 3592 3521 gi-

2012 3552 2223 3609 gantcs.

2645 3627 2951 3698 Responsio.

2085 3719 2395 3791 lncorporei
2420 3728 2562 3776 ’sunt
2583 3722 2785 3792 angeli,
2837 3723 3054 3778 ratione
3095 3731 3460 3795 respectuque
3497 3737 3592 3781 na-

2012 3821 2150 3867 turae
2178 3820 2416 3876 nostra;
2457 3827 2659 3881 corpus
2691 3827 2820 3867 vero
2836 3811 3059 3876 habent,
3093 3812 3395 3869 secundum
3426 3821 3590 3869 natu-

2012 3919 2128 3958 ram
2158 3918 2336 3968 suam,
2370 3911 2429 3957 ut
2460 3910 2678 3967 ventus,
2694 3903 2776 3957 vel
2805 3903 2968 3975 ignis,
2998 3904 3085 3960 vel
3107 3902 3311 3967 fumus,
3342 3905 3424 3960 vel
3444 3921 3538 3959 aer
3568 3925 3583 3959 :

1976 4036 1985 4051 κ
2012 4009 2243 4065 corpora
2273 3995 2419 4050 enim
2452 4001 2583 4051 snnt
2610 3994 2853 4062 subtilia,
2872 4011 3076 4052 crassae
3107 3996 3355 4053 materiei
3385 4005 3585 4052 nostra:

2010 4086 2277 4158 expertia.
2326 4085 2535 4156 Quippe
2583 4101 2807 4156 corpora
2857 4086 3102 4158 quadam
3155 4097 3277 4142 sunt
3331 4087 3585 4154 cwlestia,’

2010 4174 2256 4245 quwdam
2286 4176 2581 4242 terrestria,
2604 4174 2785 4246 inquit
2818 4184 3046 4232 sanctus
3076 4176 3167 4232 ille
3195 4176 3580 4245 Apostolus”.

2010 4268 2328 4329 Absurdum
2380 4284 2511 4325 vero
2535 4276 2591 4323 et
2652 4268 2811 4337 plane
2858 4268 3085 4324 stultum
3146 4268 3331 4332 fuerit,
3392 4278 3587 4340 putare

2012 4358 2164 4429 ipsos
2192 4358 2396 4413 cubare
2449 4374 2575 4414 cum
2626 4357 2971 4423 mulieribus,
3032 4358 3175 4415 sicut
3213 4368 3269 4415 et
3308 4361 3585 4420 daemones

2013 4446 2252 4503 dormire
2282 4462 2410 4501 cum
2448 4446 2773 4503 mulieribus
2798 4448 3183 4504 existimantur
3213 4468 3227 4503 :
3258 4450 3352 4522 qui
3404 4462 3584 4510 tamen

2009 4535 2157 4592 haud
2187 4546 2461 4601 naturam,
2489 4536 2584 4593 sed
2624 4545 2826 4592 statum
2862 4539 3199 4609 reliquerunt
3225 4556 3239 4606 ;
3262 4558 3439 4613 neque
3471 4560 3582 4598 ma-

2010 4627 2320 4699 gnitudine,
2344 4628 2442 4685 sed
2474 4628 2727 4685 libertate
2759 4630 3007 4687 destituti
3039 4640 3189 4689 sunt.
3220 4633 3580 4705 Blasphemiai

2010 4717 2179 4788 igitur
2203 4726 2268 4798 ,ει
2299 4719 2547 4776 stultitiae
2575 4727 2680 4789 est,
2719 4728 2911 4791 putare
2939 4722 3083 4794 quod
3127 4725 3306 4796 angeli
3346 4725 3581 4785 feminas

2008 4809 2325 4882 depereant.
2365 4811 2551 4883 Neque
2571 4813 2715 4868 cnim
2748 4814 2813 4869 de
2844 4814 2930 4871 his
2962 4816 3140 4884 inquit
3180 4816 3466 4887 Scriptura
3495 4836 3582 4878 ειη

2008 4919 2125 4969 cra,
2158 4903 2303 4975 quod
2336 4903 2568 4974 ingressi
2597 4904 2710 4961 sint
2743 4905 2835 4959 lilii
2870 4904 2961 4961 Dei
2986 4906 3054 4961 ad
3079 4906 3219 4965 tilias
3258 4909 3577 4970 hominum:

2008 5012 2276 5065 nusquam
2299 4996 2447 5052 enim
2475 4997 2653 5068 angeli
2683 4996 2777 5051 lilii
2821 4996 2914 5052 Dei
2942 4999 3306 5068 appellantur,
3351 5003 3446 5058 sed
3479 5003 3574 5058 ﬁlii

2008 5085 2158 5142 Sethi
2181 5094 2238 5142 et
2264 5088 2426 5142 Enosi
2459 5104 2555 5158 per
2572 5088 2692 5144 illas
2717 5090 2959 5160 corrupti
2984 5099 3132 5145 sunt.
3154 5090 3398 5148 Deilicari
3431 5095 3574 5149 enim

2007 5175 2208 5232 Sethus
2232 5185 2287 5231 et
2319 5175 2534 5233 Enosus
2565 5178 2675 5233 illis
2712 5179 3052 5249 temporibus
3086 5193 3405 5252 cmperunt:
3442 5185 3575 5255 quia

2005 5267 2192 5324 Sethus
2215 5269 2365 5335 Cthil
2393 5270 2596 5339 primus
2618 5269 2860 5325 invocare
2888 5269 3079 5337 Deum,
3111 5273 3289 5345 inquit
3332 5274 3576 5344 Scriptu-

321 5375 460 5431 φησι
482 5378 499 5393 ·
537 5360 723 5428 Θεοὺς
753 5363 866 5418 οὐκ
897 5363 1050 5433 ἐρεῖς
1099 5365 1313 5431 κακῶς,
1359 5367 1457 5422 καὶ
1496 5366 1759 5438 ἄρχοντα
1790 5368 1898 5424 τοῦ

2008 5375 2055 5414 ra
2075 5360 2143 5413 ⁸⁸.
2193 5360 2300 5415 Sed
2327 5368 2383 5415 et
2412 5360 2590 5432 Moysi
2622 5361 2800 5432 inquit
2838 5361 3106 5420 Dominus
3137 5383 3150 5419 :
3180 5364 3343 5419 Deum
3373 5373 3424 5418 te
3455 5380 3575 5421 con-

324 5448 477 5505 λαοῦ
504 5465 645 5506 σου.
680 5452 925 5519 Εἰκότως
954 5450 1069 5524 οῦν,
1101 5457 1151 5510 οἱ
1185 5457 1280 5510 τοῦ
1315 5456 1438 5527 Σὴθ.
1451 5459 1547 5512 καὶ
1585 5458 1751 5523 Ἐνὼς
1773 5461 1899 5514 παῖ-

324 5544 431 5609 δες,
466 5543 575 5598 υίοὶ
592 5542 731 5607 Θεοῦ
758 5545 1086 5601 νοείσθωσαν
1108 5565 1123 5581 ο
1155 5547 1352 5613 οἵτινες
1373 5548 1641 5621 ἀκολασίᾳ
1658 5549 1897 5616 ἁλόντες,

396 5717 455 5750 ³⁸
497 5716 617 5791 Act.
657 5737 739 5791 ιιι,
773 5723 825 5779 3.

904 5791 909 5797 _
941 5725 985 5757 ⁸⁷
1027 5723 1162 5781 Gen.
1189 5741 1264 5792 Vl,
1286 5726 1341 5781 2.

331 5798 469 5855 nn,
516 5786 605 5845 28.

1473 5725 1519 5758 ⁸⁸
1552 5723 1572 5780 1
1601 5724 1729 5783 Cor.
1759 5740 1846 5798 xv,
1896 5724 1986 5782 40.

2000 5452 2150 5508 stitui
2175 5449 2535 5506 Pharaoni”.
2582 5450 2647 5506 Et
2677 5451 2746 5509 de
2774 5452 2977 5510 divinis
3009 5454 3291 5523 iudicibus
3336 5454 3515 5525 inquit
3547 5470 3564 5512 :

2008 5543 2126 5601 Diis
2159 5560 2262 5599 non
2288 5542 2590 5614 maledica,
2618 5561 2711 5602 nec
2737 5546 3061 5616 principibus
3110 5546 3292 5617 populi
3304 5547 3370 5600 θ’.
3404 5545 3569 5604 Recte

2099 5723 2143 5757 υ
2183 5717 2318 5777 Gen.
2362 5734 2436 5789 tv,
2471 5719 2561 5776 26.
2703 5720 2746 5752 ὀ
2788 5718 2957 5775 Exod.
2995 5733 3090 5788 vn,
3138 5717 3182 5772 Ι.
3299 5715 3348 5751 ’⁸
3387 5716 3563 5789 Exod.
