4048 6222
475 316 579 371 BI'J

478 435 642 499 igitur
670 433 762 490 ﬁlii
795 434 948 491 Sethi
979 444 1033 492 et
1066 436 1255 506 Euosi,
1290 437 1383 494 ﬁlii
1406 439 1853 513 Deiintelligendi
1884 453 2047 511 sunt;

475 525 569 595 qui
597 541 695 597 per
741 527 1024 583 libidinem
1073 533 1242 600 capti,
1296 533 1364 588 ad
1412 533 1552 590 ﬁlias
1605 535 1762 592 Caini
1818 538 2053 609 ingressi

479 626 629 680 sunt,
685 635 751 673 ex
779 635 1013 690 quorum
1060 633 1249 678 mutua
1297 628 1762 684 contaminatione
1823 631 2054 700 nuptiali

477 709 534 764 in
569 711 736 764 vitam
779 712 909 766 editi
938 724 1068 769 sunt
1102 716 1368 786 gigantes,
1419 726 1641 788 propter
1672 719 1884 788 justum
1934 722 2058 790 qui-

477 799 599 855 dem
631 802 866 867 robusti,
899 813 1121 874 propter
1151 807 1383 862 Cainum
1416 816 1598 863 autem
1639 810 1790 866 mali.
1824 809 1892 864 Et
1926 826 2056 866 vero

477 909 718 963 quonam
751 903 909 964 pacto
955 898 1214 954 mulieres
1260 914 1384 953 cum
1416 900 1626 970 angelis
1679 901 1922 957 dormire
1959 918 2058 974 po-

478 995 686 1054 terant,
739 989 962 1057 quando
1004 990 1109 1044 viri
1158 991 1225 1045 ad
1277 992 1494 1046 illorum
1533 1002 1818 1063 aspectum
1868 996 2060 1052 obstu-

483 1086 738 1146 puerunt,
771 1079 919 1150 iique
949 1095 1059 1136 non
1091 1082 1365 1153 vulgares,
1413 1084 1510 1138 sed
1546 1086 1748 1141 virtute
1793 1095 2062 1155 praestan-

481 1169 605 1224 tes?
633 1168 744 1223 llac
774 1172 918 1224 enim
967 1171 1036 1227 de
1082 1186 1251 1229 causa
1302 1173 1565 1231 Danielus
1604 1175 1844 1232 Gabricli
1903 1194 2063 1249 aspe-

479 1270 630 1314 ctum
666 1275 774 1314 non
813 1262 1118 1327 sustinens,
1183 1280 1309 1320 mox
1364 1265 1421 1320 in
1453 1273 1656 1322 terram
1715 1269 1962 1333 cadebat,
2008 1277 2062 1325 et

481 1365 596 1419 prae
638 1359 786 1406 metu
825 1361 1034 1407 tantum
1075 1370 1184 1410 non
1219 1357 1672 1427 colliquescebat.
1732 1357 1838 1415 Sed
1867 1369 1922 1415 et
1955 1359 2060 1414 Za-

479 1441 698 1498 charias
759 1445 912 1498 illum
957 1446 1197 1510 horruit,
1247 1458 1302 1502 et
1372 1448 1441 1502 ad
1491 1448 1726 1518 primum
1779 1460 2062 1529 aspectum

482 1539 667 1589 mutus
699 1533 900 1598 factus,
966 1536 1165 1591 timore
1201 1538 1522 1608 palpitabat,
1582 1540 1780 1611 lingua:
1826 1557 1930 1596 usu
1966 1557 2062 1597 ca-

484 1637 612 1680 rens
640 1640 819 1695 usque
841 1626 910 1680 ad
930 1624 1161 1682 Joannis
1188 1630 1553 1695 nativitatem,
1591 1631 1820 1688 nutibus
1843 1641 2062 1688 tantum

483 1719 782 1774 voluntatis
816 1719 1015 1788 placita
1040 1721 1380 1790 signiﬁcans.
1417 1724 1471 1777 ld
1504 1725 1652 1793 quod
1667 1725 1799 1780 mihi
1833 1725 2052 1781 videtur

484 1809 853 1878 praenuntiam
882 1811 1162 1866 silentium
1196 1813 1332 1884 legis
1363 1822 1416 1868 et
1445 1816 1647 1871 veteris
1675 1817 1860 1872 cultus
1891 1819 2060 1882 sacri,

483 1902 552 1957 ad
587 1901 992 1973 praestantioris
1015 1903 1333 1960 adventum.
1361 1905 1466 1961 Sed
1500 1908 1665 1977 paulo
1693 1917 1816 1978 post
1856 1911 2063 1967 clarius

484 1993 663 2062 ipsum
693 2007 914 2048 sensum
943 1993 1468 2052 demonstrabimus.
1527 1997 1797 2053 Praeterea
1838 2008 1892 2054 et
1943 2016 2065 2054 mu-

485 2084 725 2139 lierculae
751 2084 818 2138 ad
849 2082 1161 2142 Servatoris
1185 2090 1498 2159 sepulcrum
1537 2105 1662 2144 cum
1701 2090 2056 2146 festinatione

484 2174 901 2242 contendentes,
944 2177 1163 2233 illorum
1213 2181 1530 2250 angelorum
1592 2191 1817 2252 aspectu
1877 2185 2067 2237 obstu-

488 2268 750 2330 puerunt,
769 2269 821 2316 et
849 2262 1046 2318 timore
1063 2265 1332 2333 perculsae
1351 2280 1459 2319 non
1494 2269 1895 2322 annuntiarunt
1937 2285 2063 2340 apo-

489 2353 646 2406 stolis
673 2367 794 2420 quaz
821 2351 924 2406 sibi
949 2365 1105 2408 erant
1133 2354 1379 2423 injuncta
1411 2374 1425 2409 :
1459 2354 1735 2412 Invasemt
1758 2361 1894 2414 enim
1917 2363 2062 2431 ipsas

489 2449 686 2494 tremor
708 2451 758 2495 et
783 2444 988 2511 stupor,
1012 2454 1068 2497 ut
1097 2445 1230 2498 nihil
1260 2448 1503 2517 cuiquam
1525 2448 1758 2506 dicerent
1784 2455 1854 2518 θ’,
1885 2455 2063 2526 inquit

408 2528 417 2535 ’
486 2532 650 2588 divus
679 2535 1038 2604 evangelista.
1086 2535 1145 2592 Si
1178 2538 1344 2607 igitur
1376 2555 1444 2594 ne
1490 2544 1808 2613 angelorum
1841 2547 2062 2617 quidem

485 2626 881 2683 demissionem
918 2629 1020 2684 viri
1059 2631 1240 2702 magni
1268 2634 1542 2690 sustinere
1575 2644 1890 2706 potuerunt,
1923 2655 2062 2709 quo-

487 2715 654 2769 modo
682 2724 885 2772 tenerae
911 2720 1170 2777 mulieres
1194 2722 1412 2778 illorum
1447 2730 1940 2785 contrectationem
1966 2740 2060 2786 aut

487 2807 841 2862 concubitum
892 2811 1034 2866 ferre
1075 2815 1334 2882 possent?
1361 2815 1716 2887 Nequaquam
1744 2821 1890 2875 enim
1929 2823 2064 2879 satis

491 2895 648 2952 ﬁrma
679 2908 764 2955 est
807 2901 1072 2959 adversus
1115 2906 1225 2960 vim
1261 2909 1620 2977 propinquam
1657 2913 1882 2980 stipula.
1933 2913 2064 2969 Per-

489 2991 756 3060 scriptum
777 2995 952 3049 sacris
976 3005 1059 3051 est
1092 2997 1144 3050 in
1177 2996 1433 3054 Litteris:
1466 3000 1604 3055 Vixit
1635 3003 1872 3059 Adamus
1895 3024 2062 3062 annos

489 3081 743 3137 ducentos
774 3096 820 3138 et
853 3088 1094 3156 triginta,
1131 3092 1407 3162 genuitque
1443 3096 1612 3162 ﬁlium
1651 3099 1720 3151 ad
1748 3100 2060 3156 similitudi-

491 3189 608 3226 nem
639 3191 792 3227 suam
830 3186 879 3230 et
915 3180 1200 3234 secundum
1230 3183 1508 3253 imaginem
1535 3205 1690 3242 suam
1719 3191 1786 3256 ”,
1821 3193 1924 3248 hoc
1950 3204 2057 3261 est,

497 3267 716 3334 qualem
755 3269 945 3324 habuit
981 3273 1050 3327 ab
1080 3273 1260 3340 initio,
1291 3281 1515 3348 quando
1548 3281 1727 3338 factus
1754 3294 1841 3342 est
1865 3302 1894 3340 a
1925 3287 2059 3354 Deo,

491 3358 791 3430 imaginem
820 3371 871 3417 et
911 3365 1257 3434 splendorem
1294 3371 1350 3424 in
1382 3370 1544 3438 facie,
1571 3385 1620 3429 et
1643 3379 1841 3431 rocavit
1875 3396 2063 3436 nomen

497 3450 614 3518 ejus
651 3451 865 3518 Sethus,
900 3457 1003 3512 hoc
1026 3467 1111 3513 est
1146 3462 1518 3518 resuscitatio.
1547 3465 1818 3532 Quoniam
1847 3471 2065 3527 videbat

492 3543 546 3595 in
584 3542 705 3612 ipso
735 3546 1023 3616 pristinam
1063 3558 1117 3605 et
1153 3553 1532 3610 admirandam
1564 3559 1713 3613 illam
1748 3561 1980 3618 formam
2013 3575 2067 3620 et

491 3632 726 3698 gratiam
752 3640 1096 3705 renovatam,
1121 3649 1176 3697 ct
1200 3643 1546 3714 splendorem
1573 3656 1914 3709 sacrosancti
1943 3654 2067 3726 Spi-

495 3723 656 3789 ritus,
677 3741 840 3797 quem
870 3729 1119 3788 videntes
1148 3734 1298 3792 illius
1328 3741 1592 3808 temporis
1613 3742 1866 3801 homines
1895 3723 2066 3802 Deum

491 3818 922 3910 appellaverunt.
965 3825 1043 3880 Ac
1079 3837 1368 3898 propterea
1413 3829 1700 3904 Scriptura
1731 3838 1884 3903 dicit,
1923 3842 2068 3910 quod

491 3908 753 3968 videntes
779 3913 874 3968 ﬁlii
907 3913 1060 3971 Scthi
1087 3917 1226 3975 ﬁlias
1261 3921 1543 3978 hominum
1562 3941 1683 3995 qum
1712 3908 1956 3985 erantei
1979 3946 2070 4001 ge-

489 4016 622 4059 nere
653 4003 830 4068 Caini,
859 4017 1191 4079 acceperunt
1230 4014 1334 4070 sibi
1368 4031 1464 4071 eas
1496 4017 1549 4071 in
1582 4034 1802 4076 uxores.
1839 4020 2071 4078 Partici-

1558 323 1614 376 S.
1661 323 1978 389 CAESAR",
2004 323 2335 382 GREGORII
2368 323 2667 380 FRATRIS

3633 337 3737 393 ί)ἓο

2158 447 2295 519 πρὸς
2323 446 2422 510 τὰς
2445 445 2752 517 θυγατέρας
2781 444 2921 499 Καῖν
2954 447 3199 526 εἰσῆλθον
3228 465 3240 480 ·
3267 449 3325 516 ἐξ
3348 441 3423 502 ὧν
3449 448 3742 519 τῆςάκατ.

2156 539 2382 611 αλλήλων
2424 537 2753 610 μιαιγαμίας
2800 537 3188 606 ζωογονοῦνται
3227 540 3277 593 οί
3333 540 3613 608 γίγαντες,
3647 543 3736 596 διὰ

2159 633 2258 702 μέν
2286 631 2377 684 τὸν
2406 630 2613 684 δίκαιον
2660 631 2888 701 ίσχυροὶ,
2939 630 3026 683 διὰ
3051 631 3108 683 δὲ
3160 631 3250 684 τὸν
3277 631 3438 699 Καῒν,
3479 637 3737 707 πονηροί.

2160 723 2282 785 Πῶς
2314 724 2370 776 δὲ
2403 725 2661 791 γυναῖκες
2689 723 2942 791 ἀγγέλοις
2965 723 3356 792 συγκαθεύδειν
3385 725 3734 797 δυνήσονται,

2159 816 2361 870 ὁπόταν
2395 815 2584 888 ἄνδρες
2616 815 2716 886 τὴν
2746 815 2972 868 ἐκείνων
3011 813 3321 886 ἐνάρκησαν
3345 814 3488 884 ὄψιν,
3524 816 3619 868 καὶ
3639 817 3738 886 οὐχ

2159 909 2208 959 οἱ
2238 907 2510 977 τυχόντες,
2542 905 2660 960 ἀλλ’
2687 905 3074 978 ὑπερέχοντες;
3117 905 3319 976 Δανιὴλ
3345 905 3476 974 γοῦν
3505 906 3601 960 τοῦ
3634 908 3738 960 Γα-

2161 999 2320 1071 ϐριὴλ
2346 999 2442 1070 τὴν
2474 999 2596 1067 ὄψιν
2631 997 2704 1068 μὴ
2731 999 3005 1068 χωρήσας,
3055 991 3211 1060 αὖθις
3247 997 3336 1049 ἐπὶ
3366 995 3460 1050 τοῦ
3507 996 3740 1065 ἐδάφους

2162 1090 2364 1153 πεσὼν,
2399 1088 2730 1159 χωνεύεσθαι
2759 1087 2835 1158 τῷ
2876 1087 2986 1140 δέει
3036 1085 3375 1140 ἐκινδύνευεν
3415 1105 3428 1118 ο
3469 1086 3607 1139 ἀλλά
3644 1089 3738 1138 καὶ

2163 1182 2438 1253 Ζαχαρίας
2494 1183 2698 1234 ἐκεῖνον
2745 1177 2994 1249 πτήξας,
3103 1174 3220 1245 ἅμα
3332 1173 3426 1227 τοῦ
3509 1177 3740 1244 ὀφθῆναι

2163 1273 2470 1344 κωφωθεὶς,
2503 1272 2580 1342 τῷ
2610 1271 2758 1341 φόϐῳ
2795 1269 3144 1342 κραδαίνεται
3164 1308 3178 1333 ,
3202 1269 3269 1338 τῇ
3295 1267 3510 1341 γλώττῃ
3541 1267 3737 1322 πε.δού-

2169 1385 2348 1438 μενος,
2382 1366 2541 1437 μέχρι
2569 1363 2667 1434 τῆς
2721 1363 2966 1418 Ἰωάννου
2991 1362 3335 1432 γεννήσεως,
3367 1360 3599 1430 νεύμασι
3637 1362 3732 1431 μό·

2165 1477 2253 1512 νον
2287 1456 2566 1528 σημαίνων
2599 1454 2666 1508 τά
2690 1451 2978 1525 ἐρούμεναο
3006 1453 3143 1522 ὅπερ
3176 1470 3264 1522 μοι
3291 1451 3438 1505 δοκεῖ
3480 1452 3742 1520 σιγᾶσθαι

2166 1551 2256 1603 τον
2289 1547 2452 1618 νόμον
2481 1545 2576 1600 καὶ
2610 1545 2706 1616 τὴν
2738 1542 2975 1597 παλαιὰν
3007 1541 3116 1594 τῶν
3146 1540 3307 1612 ίερῶν
3333 1540 3575 1612 τελετὴν,
3606 1558 3746 1611 προ-

2171 1640 2388 1711 μηνύων
2414 1638 2501 1704 (l6
2527 1638 2568 1706 ),
2592 1639 2656 1708 τῇ
2696 1634 2966 1704 παρουσίᾳ
2993 1631 3087 1684 τοῦ
3118 1631 3446 1702 κρείττονος
3477 1631 3670 1702 μικρὸν
3699 1631 3746 1682 δ’

2171 1731 2396 1800 ὕστερον
2434 1727 2836 1798 ἐμφανέστερον
2880 1723 2940 1777 τὸ
2991 1722 3184 1793 νοηθὲν
3221 1721 3596 1792 ἀποδείξομεν.
3639 1722 3751 1774 Καὶ

2168 1822 2236 1874 τὰ
2262 1819 2458 1888 γύναια
2487 1818 2566 1884 δὲ,
2599 1817 2692 1870 ἐπὶ
2715 1816 2774 1868 τὸ
2803 1815 3071 1885 σωτήριον
3107 1813 3300 1883 μνῆμα
3333 1810 3746 1869 ὡκυποδοῦντα,

2164 1912 2262 1982 τὴν
2297 1910 2519 1964 ἐκείνων
2560 1906 2805 1976 ἀγγέλων
2840 1905 2954 1976 (17)
2989 1906 3372 1975 ναρκήσαντα,
3405 1904 3499 1957 καὶ
3531 1903 3611 1974 τῷ
3638 1903 3752 1956 δέει

2166 2002 2517 2064 συσταλέντα,
2532 1999 2630 2052 οὐκ
2654 1996 2993 2068 ἀπήγγειλαν
3017 1999 3128 2060 τοῖς
3156 1995 3474 2059 ἀποστόλοις
3497 1994 3566 2048 τὰ
3583 2013 3753 2068 προσ-

2165 2093 2451 2164 ταχθέντα.
2489 2087 2632 2161 Εἷχε
2665 2090 2774 2160 γὰρ
2805 2087 2992 2154 αὑτὰς
3025 2089 3208 2156 φόϐος
3232 2128 3248 2152 ,
3297 2087 3395 2141 καί
3435 2089 3750 2154 ἔκστασις,

2167 2184 2264 2236 καί
2290 2179 2492 2235 οὐδενί
2518 2177 2697 2233 οὐδὲν
2716 2173 2908 2241 εἶπον,
2936 2175 3098 2246 φησὶν
3120 2176 3148 2227 ό
3164 2173 3306 2236 θεῖος
3332 2174 3750 2246 εὐαγγελιστής.

2169 2277 2231 2329 Εἰ
2263 2272 2355 2329 οὖν
2399 2271 2518 2326 οὐδέ
2548 2268 2960 2340 συγκατάϐασιν
2987 2266 3234 2334 ἀγγέλων
3269 2266 3317 2317 οί
3353 2265 3577 2336 μεγάλοι
3611 2263 3751 2333 ἐχώ-

2173 2379 2363 2434 ρησαν,
2395 2358 2510 2422 πῶς
2537 2358 2732 2428 εὐτελῆ
2761 2356 2962 2425 γύναια
2990 2356 3088 2425 τὴν
3124 2354 3350 2407 ἐκείνων
3377 2355 3521 2424 ἁφὴν
3551 2355 3584 2424 ἦ
3623 2371 3751 2421 σαγ-

2171 2452 2496 2507 κατεύνασιν
2520 2451 2706 2522 φέρειν
2727 2445 2814 2504 οἷά
2824 2465 2884 2502 τε
2902 2464 2916 2512 ;
2938 2447 3116 2500 σθένει
3131 2447 3201 2516 γα
3210 2465 3240 2517 ρ
3263 2446 3513 2516 οὐδαμῶς
3530 2446 3751 2516 καλάμη

2171 2542 2306 2614 πρὸς
2320 2543 2490 2614 πυρὸς
2502 2540 2967 2612 ἐγγύτητα.Φησ¹ιν
2981 2541 3013 2609 η
3029 2539 3239 2609 Γραφή·
3250 2535 3459 2605 Ἕζησε
3475 2536 3545 2590 δὲ
3571 2537 3756 2606 Ἀδὰμ

2172 2635 2278 2702 ἐτη
2311 2637 2430 2698 σλ¹,
2462 2632 2559 2686 καί
2596 2631 2928 2700 ἐγέννησεν
2949 2631 3083 2684 υἱὸν
3123 2628 3273 2683 κατὰ
3297 2629 3412 2698 τὴν
3443 2629 3608 2683 ἰδέαν
3642 2631 3754 2683 αὐ-

2174 2726 2303 2788 τοῦ,
2337 2725 2436 2779 καὶ
2465 2725 2614 2778 κατὰ
2643 2721 2758 2790 τὴν
2783 2723 2989 2776 εἰκόνα
3019 2720 3204 2774 αὐτοῦ
3231 2720 3249 2790 (
3272 2721 3418 2773 τοῦτ’
3441 2721 3609 2786 ἐστιν,
3635 2722 3750 2774 οἵαν

2175 2813 2320 2888 εἶχεν
2350 2817 2444 2871 ἀπ’
2477 2816 2674 2886 ἀρχῆς,
2703 2815 2792 2868 ὅτε
2837 2813 3062 2882 γέγονεν
3097 2813 3203 2866 ὑπὸ
3233 2811 3391 2876 Θεοῦ,
3443 2812 3629 2865 εἰκόνα
3660 2813 3756 2865 καὶ

2177 2909 2449 2980 ἔκλαμψιν
2496 2909 2588 2960 ἐπὶ
2631 2906 2724 2960 τοῦ
2755 2904 3110 2978 προσώπου),
3149 2903 3248 2958 καί
3281 2904 3641 2972 ἐπωνόμασε
3685 2901 3754 2956 τὸ

2177 3002 2365 3069 ὄνομα
2392 2997 2578 3052 αὐτοῦ
2608 2999 2654 3050 Σ
2661 2997 2732 3064 ho
2751 3035 2766 3059 ,
2812 2994 2956 3048 τοῦτ’
2981 2991 3132 3048 ἐστιν
3166 2993 3545 3061 ἐξανάστασιν.
3599 2993 3761 3046 Ἐπεὶ.

2181 3085 2318 3143 εἶδεν
2350 3089 2406 3140 ἐν
2440 3085 2588 3156 αὐτῷ
2621 3085 3090 3140 ἀνακαινισθεῖσαν
3117 3085 3216 3155 τὴν
3238 3084 3471 3154 ἀρχαίαν
3513 3083 3608 3137 καὶ
3647 3099 3763 3135 πα-

2177 3179 2394 3253 ράδοξον
2416 3165 2632 3248 ἐκείνην
2667 3176 2898 3250 μορφὴν,
2923 3178 3018 3229 καὶ
3039 3177 3220 3246 χάριν,
3250 3175 3342 3240 καὶ
3366 3173 3632 3242 ἐλλαμψιν
3663 3171 3761 3224 τοῦ

2173 3271 2439 3339 παναγίου
2475 3268 2792 3340 Πνεύματος
2817 3285 2829 3298 ·
2853 3268 2915 3320 ὃν
2949 3267 3148 3330 ἰδόντες
3185 3269 3233 3320 oi
3263 3264 3380 3319 κατ’
3417 3267 3628 3316 ἐκεῖνον
3660 3264 3763 3316 τὸν

2178 3365 2385 3438 καιρὸν,
2400 3366 2532 3419 Θεὸν
2560 3365 2722 3420 αὑτὸν
2750 3363 3220 3434 προσηγόρευσαν,
3247 3362 3352 3414 Καὶ
3378 3358 3462 3413 διὰ
3483 3359 3647 3410 τοῦτο
3663 3358 3765 3410 λέο

2177 3472 2264 3523 γει
2294 3454 2558 3526 ἠΓραφὴ,
2583 3455 2664 3508 ὅτι
2695 3454 2892 3517 ἰδόντες
2921 3453 3029 3505 υἱοὶ
3053 3452 3152 3505 τοῦ
3177 3451 3282 3522 Σὴθ
3314 3450 3408 3514 τὰς
3440 3447 3764 3518 θυγατέρας

2177 3548 2288 3602 τῶν
2333 3545 2654 3617 ἀνθρώπων,
2708 3546 2808 3610 τὰς
2841 3544 2934 3598 τοῦ
2977 3543 3168 3612 γένους
3212 3543 3306 3596 τοῦ
3357 3539 3529 3606 Καῖν,
3565 3539 3762 3593 ἔλαϐον

2178 3638 2387 3698 ἑαυτοῖς
2410 3637 2690 3704 γυναῖκας.
2710 3635 2973 3704 Μετεῖχον
2997 3633 3104 3704 γὰρ
3127 3632 3220 3685 καὶ
3245 3631 3399 3684 αὐτοὶ
3415 3634 3513 3702 τῆς
3535 3631 3760 3700 χάριτος

2179 3727 2273 3781 τοῦ
2304 3727 2459 3795 ἁγίου
2491 3725 2828 3796 Πνεύματος,
2868 3727 2973 3788 ἓως
3004 3723 3155 3778 εἶπεν
3181 3727 3208 3778 ὁ
3234 3723 3388 3787 Θεὸς,
3431 3724 3512 3775 ὅτι
3551 3726 3633 3777 Οὐ
3675 3721 3759 3791 μὴ

2181 3819 2507 3889 καταμείνῃ
2530 3819 2596 3872 τὸ
2620 3819 2861 3889 Πνεῦμά
2873 3837 2993 3889 μου
3021 3820 3091 3873 ἐν
3114 3817 3240 3885 τοῖς
3268 3816 3601 3886 ἀνθρώποις
3625 3817 3760 3871 τού-

2182 3925 2328 3976 τοις.
2360 3908 2421 3962 '0
2457 3908 2638 3980 μέντοι
2659 3908 2766 3980 Σὴθ
2798 3909 2891 3962 ἐπὶ
2922 3908 3312 3971 πεντακοσίους
3345 3907 3506 3960 πέντε
3533 3907 3766 3980 χρόνους

2183 4001 2451 4072 διέμεινεν
2483 4000 2620 4071 ἔχων
2635 4000 2734 4071 τὴν
2761 3999 3019 4070 τοιαύτην
3050 3999 3286 4071 μορφήν.

504 4109 600 4163 pes
633 4097 778 4150 enim
809 4106 863 4153 et
897 4100 1002 4170 ipsi
1045 4112 1204 4159 erant
1244 4107 1434 4175 gratiae
1464 4109 1638 4162 sancti
1670 4109 1931 4180 Spiritus,
1966 4131 2140 4186 usque
2170 4118 2297 4173 dum
2327 4117 2466 4172 dixit
2493 4120 2636 4175 Deus
2669 4137 2682 4174 :
2724 4119 2844 4175 Non
2874 4123 3198 4191 permanebit
3244 4125 3476 4192 Spiritus
3504 4142 3648 4182 meus
3688 4125 3747 4182 in

492 4189 788 4245 hominibus
816 4194 934 4247 ἰδιὶε
961 4195 1025 4251 ⁸⁵.
1054 4197 1231 4268 Atque
1257 4196 1459 4256 Scthus
1493 4202 1712 4271 quidem
1743 4202 1811 4258 ad
1837 4203 2060 4275 quinget

2167 4210 2433 4282 tquinque
2451 4225 2625 4267 annos
2659 4213 2799 4268 hanc
2824 4219 2982 4268 talem
3013 4217 3237 4271 fortnam
3265 4222 3510 4276 rrtinuit.

887 4301 1406 4359 INTERROGATIO
1444 4304 1629 4362 XLIX.

548 4388 605 4444 Si
647 4406 840 4446 versus
873 4393 939 4446 ad
973 4395 1216 4449 deterius
1250 4394 1503 4451 diabolus
1536 4412 1602 4450 ex
1636 4397 1792 4452 ccelis
1819 4399 2055 4463 decidit,

476 4495 642 4552 supra
689 4498 749 4538 se
787 4483 994 4539 habens
1040 4500 1135 4540 eos
1181 4487 1272 4556 qui
1325 4499 1745 4557 permanserunt
1795 4490 2056 4544 immuta-

476 4575 644 4644 biles,
679 4576 955 4646 quomodo
990 4576 1092 4646 ipsi
1132 4578 1259 4633 licet
1298 4580 1452 4635 oculis
1497 4582 1968 4652 appropinquare,
2005 4590 2058 4638 et

475 4683 599 4722 cum
634 4668 843 4738 angelis
874 4665 985 4723 Deo
1024 4670 1314 4735 assistere,
1367 4687 1432 4726 ac
1475 4673 1772 4744 deposcere
1811 4671 2058 4728 Jobum?

475 4761 656 4832 lnqnit
683 4761 828 4816 enim
862 4761 1078 4833 dc_ipso
1104 4763 1312 4832 scripta
1342 4763 1573 4817 historia
1601 4782 1612 4817 :
1658 4763 1923 4818 Venerunt
1957 4783 2054 4820 an-

475 4851 575 4919 geli
604 4850 728 4916 Dei,
755 4851 1082 4907 et'diabolus
1112 4853 1164 4906 in
1195 4852 1366 4906 medio
1392 4854 1628 4924 ipsorum
1658 4855 1726 4920 ",
1758 4863 1811 4911 et
1838 4865 2056 4912 caetera.

1116 5029 1422 5100 Responsio.

545 5113 662 5172 Non
693 5117 838 5186 quod
877 5121 1050 5187 possit
1094 5123 1147 5176 in
1196 5125 1368 5179 cmlos
1415 5124 1745 5191 ascendere,
1793 5125 1887 5196 qui
1934 5124 2060 5180 inde

475 5211 850 5284 praecipitatus
872 5225 952 5269 est
1000 5218 1070 5272 ob
1119 5217 1359 5276 furorem
1413 5236 1574 5277 suum
1627 5221 1911 5285 diabolus,
1962 5228 2056 5274 aut

475 5322 600 5364 cum
635 5307 844 5396 angelis
877 5307 943 5360 ad
977 5307 1145 5362 Deum
1179 5311 1468 5377 accedere,
1508 5321 1602 5366 aut
1646 5312 1755 5366 ulla
1799 5327 1864 5366 ex
1901 5319 2057 5380 parte

475 5418 640 5472 supra
695 5401 963 5458 ccelorum
1016 5401 1514 5458 circumferentiam
1561 5405 1776 5468 venire,
1832 5403 1934 5458 hoc
1980 5405 2054 5458 ita

475 5495 836 5566 perscriptum
863 5501 977 5557 est,
1008 5493 1102 5550 sed
1130 5493 1258 5564 quia
1289 5493 1471 5548 divina
1503 5503 1695 5550 natura
1725 5495 2046 5563 quantitatis

545 5609 590 5641 θ’
628 5609 788 5665 Marc.
843 5625 954 5674 xvr,
988 5607 1042 5662 8.
1118 5608 1164 5640 ³³
1204 5607 1340 5664 Gen.
1378 5624 1432 5673 ν,
1468 5609 1523 5673 3,
1564 5623 1675 5664 sec.
1706 5606 1874 5663 LXX.

546 5796 681 5868 με)
715 5795 1100 5864 Πίομηνύων.
1148 5793 1309 5850 Forte
1345 5793 1697 5866 προμηνύειν.
1734 5791 1811 5846 In.

2737 4304 2982 4356 ΠΕΥΣΙΣ
3019 4303 3153 4357 ΜΘ⁹.

2230 4399 2286 4447 lui
2322 4397 2544 4469 τραπεὶς
2579 4397 2670 4448 ἐπὶ
2696 4395 2754 4448 τὸ
2779 4398 2954 4468 χεῖρον
2984 4397 3012 4447 ὁ
3038 4394 3306 4460 διάϐολος,
3346 4391 3455 4445 τῶν
3487 4393 3738 4462 οὐρανῶν

2156 4487 2449 4552 κατέπεσε,
2499 4486 2642 4541 κατά
2685 4487 2929 4557 κεφαλῆς
2979 4487 3021 4540 δ’
3066 4486 3206 4556 ἔχων
3261 4487 3386 4549 τοὺς
3447 4485 3740 4556 μείναντας

2154 4578 2542 4648 ἀμεταθέτους,
2581 4577 2699 4642 πῶς
2733 4578 2881 4649 αὐτῷ
2910 4578 3118 4646 ἔξεστιν
3147 4577 3387 4646 ἐγγίζειν
3415 4578 3541 4639 τοὺς
3567 4577 3740 4648 οὐρα-

2153 4669 2297 4732 νοὺς,
2345 4670 2435 4723 κοιλ⁸
2475 4669 2592 4738 μετ’
2625 4669 2870 4739 ἀγγέλων
2902 4668 3020 4739 Θεῷ
3053 4665 3440 4738 παρίστασθαι,
3469 4665 3561 4719 καὶ
3592 4665 3743 4731 ἐξαι-

2155 4762 2268 4812 τεῖν
2301 4760 2390 4814 τὸν
2433 4759 2586 4827 ἰώϐ;
2629 4761 2767 4830 Φησὶ⁵
2791 4759 2958 4830 γὰρὴ
3001 4757 3118 4812 κατ’
3142 4757 3303 4810 αὑτὸν
3342 4756 3550 4827 ἱστορία
3573 4771 3586 4784 ·
3627 4755 3743 4809 Καὶ

2156 4848 2345 4921 ἦλθον
2377 4855 2431 4906 οί
2461 4852 2700 4922 ἄγγελοι
2726 4851 2833 4904 τοῦ
2867 4850 3036 4913 Θεοῦ,
3066 4849 3165 4904 καί
3187 4852 3219 4903 ό
3244 4847 3528 4912 διάϐολος
3552 4842 3743 4916 ἦλθεν

2155 4943 2410 5013 ἐνμέσῳ
2445 4941 2666 5005 αὐτῶν,
2703 4943 2795 4995 καὶ
2823 4941 2890 4994 τὰ
2916 4941 3058 5011 ἑξῆς.

2777 5035 3128 5101 Ἀπόκρισις.

2227 5128 2337 5199 Οὐχ
2367 5129 2448 5181 ὅτι
2474 5123 2584 5192 οἷός
2613 5146 2670 5181 τε
2715 5128 2948 5198 ὑπάρχει
2975 5128 3053 5190 είς
3082 5123 3344 5198 οὐρανοὺς
3372 5122 3691 5176 ἀναϐαίνειν
3718 5123 3747 5175 ὁ

2111 5261 2116 5268 .
2159 5220 2367 5274 ἐκεῖθεν
2395 5219 2748 5291 ἐξοιστρήσας
2786 5219 3050 5281 διάϐολος,
3089 5217 3122 5287 ἦ
3163 5215 3278 5287 μετ’
3319 5214 3572 5281 ἀγγέλων
3606 5213 3743 5283 πρά

2157 5312 2288 5364 Θεὸν
2317 5312 2733 5382 παραγίνεσθαι,
2763 5311 2796 5381 ἢ
2841 5311 2978 5374 ὅλως
3011 5309 3152 5381 ὑπὲρ
3179 5309 3278 5378 τὴν
3309 5307 3476 5375 ἀψίδα
3512 5305 3624 5358 τῶν
3656 5306 3744 5358 οὐ·

2161 5404 2338 5474 ρανῶν
2387 5403 2664 5472 γίνεσθαι·
2713 5403 2827 5457 ἀλλ’
2861 5403 2985 5455 ἐπεὶ
3035 5401 3096 5453 τὸ
3148 5401 3321 5464 Θεῖῡν,
3369 5397 3600 5461 ἄποσον,
3651 5396 3748 5451 καὶ

2153 5495 2439 5565 ἁμὲγεοες,
2468 5497 2560 5550 καὶ
2580 5496 2950 5567 ἀπερίληπτον
2979 5493 3243 5564 ὑπάρχον,
3275 5491 3452 5560 πάντη
3483 5488 3747 5560 πάρεστι,

1953 5608 2000 5640 ⁸*
2039 5606 2176 5665 Gen.
2211 5626 2284 5677 v1,
2309 5612 2361 5666 5.
2439 5611 2485 5644 ⁸³
2523 5611 2625 5667 Job
2654 5627 2714 5674 η,
2749 5610 2800 5664 1.

2233 5729 2343 5798 (Π)
2374 5729 2570 5787 Decsse
2598 5730 2812 5786 videtur
2840 5727 2983 5798 ὄψιν.
3023 5724 3099 5780 lp.
