4048 6222
267 352 367 409 {2|

254 464 357 520 καὶ
390 462 570 516 πάντα
614 461 831 531 πληροῖ.
887 460 948 516 '0
979 461 1088 536 γὰρ
1120 463 1267 530 Θεὸς
1297 464 1486 535 ἡμῶν,
1528 464 1595 517 ἐν
1625 462 1708 529 τῷ
1746 465 1852 518 οὐ·

251 552 451 622 ραν-ᾦ,
491 551 592 608 καὶ
626 552 700 605 ἐν
724 552 800 621 τῇ
838 551 937 622 τῇ,
965 552 1035 606 ἐν
1071 555 1202 621 ταῖς
1231 556 1594 622 θαλάσσαις,
1639 554 1738 607 καὶ
1787 554 1860 608 ἐν

263 644 498 710 πάσαις
521 644 651 711 ταῖς
678 645 997 712 ἀϐύσσοις,
1031 647 1196 718 φησὶν
1229 649 1257 701 ὀ
1285 648 1469 711 Δαϐὶδ,
1502 649 1531 700 6
1558 645 1669 699 τῶν
1698 645 1858 698 θείων

269 738 530 810 μελῳδός.
597 737 688 803 Ἐξ
733 732 807 794 ὧν
854 739 1239 812 παιδευόμεθα,
1275 744 1358 796 ὅτι
1412 740 1644 795 ἐνώπιον
1691 739 1858 792 αὑτοῦ

267 832 599 902 ὑπάρχουσι,
631 832 727 886 καὶ
748 832 978 903 ὁρᾶσθαι
1003 833 1151 903 αὑτῷ
1179 834 1239 887 οὐ
1269 834 1426 905 μόνον
1453 832 1737 903 ἀγγέλους,
1765 831 1859 885 ἀλ-

266 923 340 976 λὰ
383 924 478 976 καὶ
517 922 782 986 διάϐολον,
824 925 919 978 καὶ
947 924 1227 996 δαίμονας,
1263 926 1355 980 καὶ
1382 923 1723 997 ἀνθρώπους,
1763 921 1859 976 καὶ

272 1017 475 1086 κτήνη,
510 1015 603 1068 καὶ
633 1014 702 1068 τά
743 1015 1056 1087 σύμπαντα.
1099 1018 1211 1073 Καὶ
1254 1018 1362 1089 γὰρ
1391 1018 1483 1071 ἐπὶ
1530 1017 1633 1088 γῆς
1684 1016 1855 1079 ὄντες,

268 1107 395 1178 Θεῷ
420 1106 837 1179 παριστάμεθα·
868 1108 1051 1174 καθώς
1076 1127 1240 1182 φησιν
1282 1111 1465 1174 Ἠλίας
1487 1113 1516 1165 6
1549 1108 1853 1171 θεσπέσιος·

268 1198 365 1268 Ζῇ
389 1202 628 1269 Κύριος,
655 1192 704 1267 ᾧ
725 1201 1045 1271 παρέστην
1069 1203 1328 1257 ἐνώπιον
1351 1202 1538 1257 αὐτοῦ
1568 1201 1855 1271 σήμερον.

270 1292 339 1345 El
366 1292 478 1364 γὰρ
502 1292 579 1364 τῷ
607 1294 733 1364 ἀέρι
767 1294 945 1348 πάντα
990 1296 1410 1367 ἐμπεριέχεται,
1444 1294 1624 1365 πολλῷ
1657 1293 1858 1365 μᾶλλον

270 1382 355 1455 τῷ
397 1384 606 1439 ἐκείνου
648 1389 846 1458 ποιητῇ
895 1387 1288 1454 ὲναπείληιτται
1336 1390 1370 1459 ή
1409 1388 1728 1460 τετραςριδὴς¹
1750 1386 1859 1440 τῶν

268 1476 412 1530 ὅλων
446 1476 797 1543 κατάστασις,
829 1478 862 1549 ἡ
892 1478 1153 1547 ἄσαρκος,
1184 1480 1346 1550 νοερά
1370 1497 1427 1534 τε
1455 1480 1548 1534 καὶ
1576 1478 1788 1551 λογικὴ,
1822 1479 1856 1551 ἡ

270 1568 509 1639 αίσθητὴ
537 1568 633 1623 καὶ
681 1569 961 1641 ἔνσαρκος,
1016 1572 1048 1643 ἡ
1094 1571 1374 1643 κτηνὼδης
1423 1573 1518 1626 καὶ
1561 1571 1775 1640 ἄλογος.
1820 1572 1857 1642 ἡ

269 1661 482 1731 ἄψυχος
506 1663 602 1715 καὶ
628 1660 968 1733 ἀναίσθητος.
1009 1661 1212 1718 Πάντα
1248 1663 1359 1733 γὰρ
1390 1664 1589 1733 γυμνά
1626 1661 1729 1717 καί
1766 1678 1857 1716 τε·-

270 1752 728 1823 τραχηλισμένα
780 1754 905 1822 τοῖς
948 1755 1278 1825 ὀφθαλμοῖς
1325 1756 1512 1811 αὑτοῦ
1537 1796 1553 1819 ,
1599 1755 1699 1810 καὶ
1741 1757 1856 1809 οὐκ

270 1844 407 1898 ἔστι
438 1845 636 1912 κτίσις
667 1846 912 1918 ἀφανὴς
935 1847 1197 1903 ἐνώπιον
1217 1848 1424 1915 αὐτοῦ,
1465 1850 1630 1920 φησιν
1662 1850 1691 1903 6
1717 1847 1859 1912 θεῖος

283 1937 629 2004 Ἀπόστολος.

313 2191 321 2198 .
881 2138 1131 2196 ΠΕΥΣΙΣ
1169 2141 1251 2195 N'.

343 2249 498 2303 Διατί
529 2251 773 2324 Μωῦσῆς
809 2253 883 2325 μὴ
930 2254 1029 2308 ἀπ’
1075 2253 1323 2323 ἀγγέλων
1357 2252 1561 2325 ἤρξατο
1614 2253 1705 2307 καὶ
1752 2251 1862 2305 τῶν

173 2383 185 2393 .
274 2340 413 2404 ἄνω,
439 2345 541 2414 τῆς
569 2346 923 2417 συγγραφῆς·
954 2346 1091 2400 ἀλλά
1115 2345 1489 2418 παραδραμὼν
1509 2347 1635 2410 τοὺς
1656 2345 1862 2418 δήμους

278 2434 559 2504 ἀγγέλων,
593 2437 689 2491 καὶ
724 2436 796 2491 τὰ
824 2438 1192 2510 ὑπερουράνια
1240 2438 1417 2492 πάντα
1437 2480 1453 2506 ,
1503 2439 1599 2493 ἀπ’
1630 2436 1860 2511 οὐρανοῦ

280 2525 375 2579 καὶ
403 2525 507 2597 γῆς
532 2527 625 2582 τοῦ
652 2529 1029 2602 συντάγματος
1055 2530 1292 2602 ἦρξατο;

905 2706 1259 2775 Ἀπόκρισις.

357 2791 764 2865 Ἀρμὸττουσαν
810 2799 921 2861 τοῖς
963 2800 1172 2869 καιροῖς
1192 2840 1206 2864 ,
1255 2797 1349 2851 καὶ
1392 2799 1505 2862 τοῖς
1554 2794 1861 2867 ἀνθρώποις

279 2886 667 2958 συμφέρουσαν
713 2888 812 2960 τὴν
860 2889 1035 2959 ἀρχὴν
1080 2889 1174 2943 τοῦ
1222 2889 1553 2962 γράμματος
1606 2887 1858 2952 τέθεικε,

279 2977 610 3047 προσφάτως
655 2978 926 3034 Ἰουδαίων
957 2981 1057 3051 τῆς
1084 2980 1361 3050 Αἰγύπτου
1386 2980 1737 3052 ἀπαράντων,
1768 2978 1864 3033 καὶ

282 3066 486 3121 ἔναυλα
510 3071 627 3133 ταῖς
652 3070 843 3135 ἀκοαῖς
881 3071 953 3126 τὰ
978 3072 1077 3143 τῆς
1105 3072 1329 3129 ἐκείνων
1357 3072 1567 3145 πλάνης
1604 3071 1859 3145 ἑχόντων.

281 3158 349 3210 Οί
379 3157 479 3228 μὲν
504 3159 610 3231 γὰρ
640 3161 748 3215 τῶν
790 3160 967 3215 ἀθέων
1012 3162 1102 3216 τὸν
1143 3163 1389 3234 οὐρανὸν,
1422 3164 1471 3218 οἱ
1518 3163 1576 3217 δὲ
1624 3164 1723 3236 τὴν
1760 3163 1864 3234 γῆν

282 3248 661 3322 ὲθεοποίησαν,
684 3251 960 3324 πνεύμασι
990 3254 1085 3308 καὶ⁵
1111 3254 1364 3323 νεφέλαις
1390 3255 1750 3328 ἀλλοιούμενα
1769 3257 1864 3310 καὶ

282 3342 617 3413 τρεπόμενα.
671 3344 889 3418 Ἐτεροι
933 3345 990 3400 δὲ
1033 3346 1168 3418 ἡλίῳ
1214 3349 1310 3401 καὶ
1352 3348 1548 3423 σελήνῃ
1589 3349 1651 3404 τὸ
1701 3349 1867 3415 σέϐας

283 3433 590 3505 ἀπένεμον·
619 3435 686 3488 ῖν⁹
713 3438 762 3490 οἱ
796 3436 894 3506 μὲν
921 3436 1158 3510 νύκτωρ,
1195 3441 1244 3493 οἱ
1277 3440 1336 3494 δὲ
1368 3440 1583 3513 ἡμέρας
1614 3444 1681 3514 τῇ
1718 3440 1866 3495 δύσει

282 3526 395 3580 τῶν
417 3530 719 3599 φωστήρων
745 3529 895 3584 ἄθεοι
924 3531 1197 3601 μείνωσιν.
1228 3535 1290 3587 Οἱ
1320 3533 1418 3604 μὲν
1438 3533 1549 3605 γὰρ
1574 3535 1665 3588 τὸν
1688 3532 1865 3600 νυκτὶ,

282 3618 382 3672 καὶ
408 3619 629 3693 ὁμίχλῃ,
666 3622 761 3675 καὶ
788 3622 936 3676 κόνει
969 3623 1425 3696 ἐπισκοτούμενον
1452 3625 1829 3690 ἐκθειάζουσιν
1849 3640 1863 3656 ο

283 3712 334 3764 οἱ
369 3710 427 3766 δὲ
451 3711 550 3782 τὴν
583 3712 900 3782 φθίνουσαν,
934 3715 1030 3770 καὶ
1066 3717 1150 3780 εἰς
1186 3716 1246 3771 τὸ
1280 3716 1453 3789 βραχὺ
1488 3717 1870 3790 ἀπολήγουσαν

285 3806 708 3874 προσκυνοῦσιν.
769 3809 989 3881 Ἕτεροι
1044 3810 1102 3864 δὲ
1155 3812 1363 3883 κρήνας
1436 3812 1530 3865 καὶ
1594 3812 1871 3882 ποταμοὺς

285 3894 651 3966 θεολογοῦσιν,
698 3900 785 3955 ἵνα
812 3902 873 3954 ὲν
912 3901 1059 3973 θέρει
1102 3902 1201 3973 μὲν
1228 3904 1516 3975 λήγοντας.
1558 3905 1617 3957 ὲν
1658 3903 1716 3957 δὲ
1756 3922 1871 3975 χει·-

290 3985 437 4056 μῶνι
457 3990 894 4061 κορυφουμένους
917 3993 1009 4046 καὶ
1038 3993 1428 4059 ὲξοιδαίνοντας
1446 3996 1514 4067 τῇ
1544 3994 1650 4066 πλη
1658 3994 1772 4066 μμύ
1779 4012 1867 4068 ρα,

286 4078 461 4143 Θεοὺς
481 4080 694 4151 ἔχωσιν.
723 4083 951 4159 Θάτεροι
978 4088 1035 4141 δὲ
1062 4088 1123 4141 τὸ
1150 4087 1263 4159 πῦρ
1282 4088 1358 4151 ὡς
1386 4087 1517 4141 Θεὸν
1539 4089 1869 4159 πεφρίκασιο

287 4171 355 4225 τὸ
377 4171 421 4225 δ’
454 4174 671 4248 ἐπιϐολῇ
708 4176 898 4242 ὕδατος
924 4179 1302 4252 σϐεννύμενον,
1335 4180 1368 4251 ἢ
1408 4180 1585 4254 ἐνδείᾳ
1609 4183 1706 4252 τῆς
1736 4184 1872 4237 ὑπο-

287 4266 600 4338 τρεφούσης
620 4269 753 4341 ὕλης
789 4272 1207 4343 μαραινόμενον.
1254 4273 1318 4326 Ὢ
1346 4273 1446 4345 τῆς
1475 4274 1769 4339 ἀϐουλίαςι
1806 4274 1875 4329 τὰ

291 4358 449 4426 az,an
484 4361 837 4435 εὐτελέστερα
880 4363 1252 4428 ἐκθειάζουσιν
1282 4368 1332 4420 οί
1376 4366 1735 4421 εἰκαιόϐουλοι
1783 4370 1876 4422 καὶ

293 4453 717 4525 ματαιόφρονες,
746 4457 914 4522 δντως
943 4458 1078 4512 Θεοῦ
1112 4459 1217 4513 ὑπὸ
1261 4459 1363 4531 τῆς
1407 4460 1617 4532 πλάνης
1664 4461 1874 4531 ἀπαγό-

294 4562 474 4618 μενοι.
505 4548 583 4602 Δι’
607 4548 702 4614 οὓς
729 4550 953 4621 Μωσῆς,
990 4552 1020 4604 6
1042 4551 1152 4605 τῶν
1178 4551 1339 4607 θείων
1368 4556 1737 4627 συγγραφεὺς,
1767 4572 1873 4609 κα-

291 4636 541 4692 ταλιπὼν
588 4639 657 4694 τὰ
702 4640 1048 4714 ὑπερκόσμια
1073 4683 1088 4708 ,
1137 4645 1203 4697 ὲκ
1240 4644 1348 4698 τῶν
1376 4647 1751 4718 ὑποκειμένων
1778 4647 1880 4717 τῆς

240 4786 266 4807 ,
295 4729 612 4803 ἐξηγήσεως
644 4732 889 4805 ἄρχεται,
912 4733 1002 4787 διὰ
1028 4734 1136 4789 τῶν
1173 4735 1446 4808 αἰσθητῶν
1473 4738 1568 4792 καὶ
1586 4738 1880 4810 ὁρωμένων

296 4826 554 4897 ποδηγῶν
575 4827 770 4892 αὐτοὺς
796 4828 931 4901 πρὸς
948 4828 1017 4883 τὰ
1037 4831 1217 4901 νοερὰ,
1236 4832 1329 4885 καὶ
1350 4832 1441 4885 τὸν
1460 4831 1688 4902 ἀόρατον
1711 4830 1881 4896 ὅντως

296 4917 453 4972 Θεόν.
493 4917 897 4990 Παραπλησίως
936 4919 991 4973 δὲ
1028 4920 1204 4992 τούτῳ
1231 4922 1325 4974 καὶ
1354 4922 1403 4975 οἱ
1433 4921 1560 4993 περὶ
1588 4920 1679 4974 τὸν
1724 4921 1882 4976 Ἀνα-

298 5009 421 5062 νίαν
458 5009 734 5064 θεσπέσιοι
761 5011 853 5064 τὸν
883 5011 1221 5069 Βαϐυλώνιον
1255 5012 1408 5080 Θεὸν,
1435 5011 1591 5084 δίκην
1618 5004 1791 5084 πυροῦ
1820 5012 1883 5067 τὸ

299 5102 414 5174 πῦρ
442 5105 908 5167 καταπατοῦντες,
939 5104 999 5157 τὸ
1027 5103 1228 5177 νάφθῃ,
1270 5105 1364 5157 καὶ
1404 5103 1596 5177 πίσσῃ,
1629 5104 1724 5157 καὶ
1753 5103 1885 5175 κλη-

302 5195 484 5265 ματίδι
510 5194 937 5267 κορυφούμενον,
970 5194 1124 5249 ὕδατι
1154 5196 1211 5249 δὲ
1243 5194 1661 5266 θανατούμενον,
1688 5197 1883 5250 E610-

300 5287 479 5358 τεῖτε,
513 5287 713 5342 πάντα
735 5290 808 5344 τὰ
845 5290 991 5359 ἔργα
1024 5290 1269 5357 Κυρίου,
1295 5290 1401 5342 τὸν
1423 5289 1662 5357 Κύριον,
1697 5287 1883 5358 φασὶν,

300 5379 395 5432 ἐπὶ
425 5380 517 5433 τὸν
545 5380 706 5434 ἀῦλόν
738 5398 797 5434 τε
838 5382 933 5436 καὶ
966 5379 1380 5451 ἀχειροποίητον
1409 5380 1542 5433 Θεὸν
1587 5379 1886 5444 Χαλδαίους

299 5472 427 5534 τοὺς
468 5470 660 5535 ἀθέους
706 5470 1142 5542 καθηγούμενοι,
1179 5472 1386 5534 πάντας
1441 5471 1566 5536 τοὺς
1617 5469 1887 5541 ’Έλληνας

297 5566 462 5629 θεοὺς
489 5566 763 5637 κτίσματα
795 5567 891 5621 καὶ
931 5565 1071 5638 ἔργα
1100 5566 1365 5638 ὑπάρχειν
1406 5565 1499 5620 τοῦ
1542 5566 1713 5630 ὅντως
1754 5567 1887 5637 ἀληυ

297 5657 454 5712 9.-κοῦ
481 5658 575 5712 καὶ
603 5659 857 5713 ἀκτίστου
888 5658 1025 5713 Θεοῦ
1049 5658 1362 5731 δηλοῦντεςο
1398 5658 1718 5730 Eii-lore?”
1754 5661 1882 5732 γὰρ,

375 5836 422 5869 ’⁸
458 5833 607 5893 Psal.
638 5794 856 5911 crium,
887 5840 942 5899 6.
1019 5841 1064 5876 ”
1105 5839 1169 5898 IV
1206 5842 1335 5916 Reg.
1364 5858 1445 5909 ιιι,
1482 5839 1563 5897 ll.
1641 5843 1687 5878 ’⁸
1726 5842 1867 5902 llcbr

1968 5859 1997 5915 ν,
2037 5844 2121 5902 15.
2199 5848 2242 5880 ⁹¹¹
2275 5843 2409 5902 Dan.
2452 5859 2535 5916 ιιι,
2566 5843 2630 5901 57
2672 5856 2825 5913 seqq.
2866 5826 2870 5831 ’

1711 348 2060 408 DIALOGUS
2097 348 2139 408 Ι.

3427 350 3534 405 9‘22

1958 475 2014 523 et
2047 465 2444 536 magnitudinis
2468 479 2663 537 expers
2690 475 2746 521 et
2785 461 3386 534 incomprehensibilis,
3418 461 3536 517 ubi—

1954 572 2066 627 que
2100 572 2344 626 praesens
2380 558 2486 623 sit,
2516 565 2572 611 et
2601 556 2783 612 omnia
2819 554 3061 625 impleat.
3099 552 3234 607 Nam
3280 551 3415 605 Deus
3443 566 3538 606 uo-

1958 658 2067 703 ster
2095 650 2150 703 in
2182 649 2311 703 mlo
2341 660 2419 703 est
2451 657 2501 703 et
2529 649 2584 702 in
2625 657 2767 702 terra
2790 686 2805 710 ,
2847 648 2903 700 in
2940 647 3077 700 mari
3115 655 3164 699 et
3205 645 3258 697 in
3296 642 3537 696 omnidus

1958 741 2203 811 abyssis,
2258 740 2437 810 inquit
2484 739 2718 795 Davides
2753 740 2821 804 ",
2863 725 3175 792 divin‘orum
3230 736 3537 789 carminum

1959 841 2173 888 auctor.
2204 834 2281 887 Ex
2308 834 2510 901 quibus
2533 833 2794 888 docemur
2823 832 2877 885 in
2903 836 3203 899 conspectu
3232 829 3353 896 ejus
3382 840 3530 892 esse,

1957 933 2013 980 et
2037 925 2284 995 conspici
2314 926 2383 979 ab
2412 926 2535 994 ipso
2566 937 2675 978 non
2707 922 2886 978 solum
2916 923 3143 992 angelus
3164 959 3178 983 ,
3218 918 3312 975 sed
3339 926 3394 972 et
3422 917 3538 971 dia-

1959 1017 2146 1072 bolum
2175 1023 2230 1072 et
2256 1016 2566 1080 d:cmones,
2596 1023 2651 1071 et
2681 1015 2936 1071 homines
2956 1058 2970 1081 ,
2993 1022 3046 1070 et
3065 1015 3315 1083 iumenta
3336 1050 3351 1074 ,
3381 1020 3430 1066 et
3462 1009 3543 1065 si-

1960 1107 2074 1160 mul
2104 1106 2159 1161 in
2190 1107 2507 1162 universum
2532 1108 2740 1162 omnia.
2776 1105 3245 1172 Quemadmodum
3274 1103 3422 1157 Elias
3450 1102 3543 1157 ille

1962 1200 2182 1256 divinus
2214 1200 2329 1255 ait:
2368 1199 2506 1254 Vivit
2539 1199 2832 1263 Dominus,
2862 1200 2919 1254 in
2952 1197 3104 1262 cuius
3136 1206 3413 1259 conspectu
3445 1211 3540 1265 ego

1960 1301 2043 1346 sto
2074 1291 2228 1345 hodie
2255 1290 2325 1344 ’⁷.
2355 1290 2490 1344 Nam
2518 1290 2563 1345 si
2596 1305 2724 1345 aere
2750 1288 2934 1344 omnia
2965 1288 3339 1347 continentur,
3366 1284 3542 1338 multo

1961 1385 2136 1453 magis
2167 1384 2220 1463 in
2256 1382 2404 1438 illius
2432 1382 2714 1437 conditore
2738 1379 3138 1451 comprehensa
3162 1385 3247 1433 est
3272 1376 3388 1430 haec
3411 1388 3543 1445 qua-

1963 1476 2254 1547 dripartita
2291 1483 2504 1530 natura;
2542 1473 2921 1529 universitatis
2960 1485 3143 1526 rerum
3178 1467 3538 1527 constitutio,

1958 1585 2194 1642 quarum
2221 1583 2330 1624 una
2358 1568 2543 1623 carnis
2568 1576 2647 1624 est
2674 1581 2874 1637 expers
2892 1605 2907 1629 ,
2937 1561 3268 1618 intcllectilis
3291 1567 3346 1615 et
3372 1557 3544 1613 ratio-

1936 1662 2136 1733 nalis,
2166 1661 2336 1716 altera
2368 1660 2588 1716 sensilis
2612 1670 2667 1715 et
2691 1673 2857 1714 carne
2882 1656 3108 1728 praedita
3135 1662 3190 1710 et
3216 1650 3503 1708 rationalis
3521 1688 3537 1711 ,

1960 1755 2121 1811 tertia
2152 1754 2389 1808 animata
2415 1760 2471 1807 et
2498 1751 2839 1807 irrationalis
2861 1792 2876 1816 ,
2906 1755 3106 1819 quarta
3144 1744 3449 1801 inanimato
3481 1749 3541 1803 et

1964 1862 2161 1904 sensus
2190 1860 2407 1916 expers.
2447 1842 2643 1899 Omnia
2669 1843 2806 1897 enim
2836 1841 2980 1895 nuda
3010 1847 3135 1895 sunt
3160 1846 3210 1894 et
3238 1836 3546 1905 resupinato

1962 1955 2145 1994 coram
2178 1935 2344 1991 oculis
2374 1933 2489 2004 ejus
2509 1975 2525 2002 ,
2557 1948 2649 1987 nec
2684 1941 2763 1987 est
2794 1943 3042 1985 creatura
3075 1927 3288 1983 occulta
3320 1926 3377 1980 in
3413 1940 3542 1979 cono

1960 2040 2141 2102 specta
2165 2030 2282 2100 ejus
2301 2069 2318 2094 ,
2348 2026 2526 2099 inquit
2554 2026 2715 2081 divus
2743 2024 3043 2095 Apostolus
3070 2023 3139 2074 ".

2439 2135 2959 2196 INTERROGATIO
2998 2136 3058 2189 Ι..

2033 2255 2214 2323 Quare
2245 2254 2424 2311 Moses
2460 2268 2567 2308 non
2601 2252 2672 2308 ab
2701 2250 2948 2321 angelis,
2976 2260 3030 2303 et
3059 2250 3126 2301 ah
3161 2247 3228 2301 iis
3261 2260 3382 2315 quae
3411 2249 3541 2297 sunt

1963 2348 2019 2403 in
2056 2348 2346 2417 supernis,
2386 2360 2617 2401 exorsus
2650 2352 2736 2400 est
2768 2341 3192 2412 descriptionem
3219 2376 3233 2401 ,
3269 2337 3364 2392 sed
3405 2350 3544 2406 prm-

1961 2438 2145 2495 teritis
2203 2438 2524 2509 angelorum
2579 2434 2938 2496 nationibus,
2994 2430 3361 2497 omnibusque
3422 2441 3547 2495 quae

1962 2545 2129 2601 supra
2188 2530 2361 2585 caelos
2419 2536 2585 2591 sunt,
2633 2542 2664 2580 a
2726 2526 2870 2580 cmlo
2921 2534 2979 2577 et
3019 2528 3166 2575 terra
3219 2525 3538 2584 contextum

1962 2638 2123 2680 orsus
2154 2622 2285 2679 est?
3202 2603 3215 2616 ’

2532 2747 2547 2760 -
2600 2711 2908 2782 Responsio.

2034 2810 2378 2867 Conveniens
2412 2804 2756 2877 temporibus
2787 2810 2842 2859 et
2873 2799 3193 2858 hominibus
3226 2796 3360 2854 utile
3395 2794 3547 2865 prin-

1963 2904 2165 2976 cipium
2199 2900 2391 2971 scripti
2420 2899 2509 2954 sui
2546 2898 2776 2962 statuit,
2818 2893 3043 2966 quando
3086 2891 3140 2946 id
3181 2886 3444 2958 temporis
3480 2900 3546 2940 ex

1962 2996 2199 3091 Egypto
2222 2992 2397 3049 Judaei
2425 2991 2711 3053 exierant,
2738 2995 2793 3042 et
2825 2985 3137 3041 insinuatos
3169 2981 3400 3036 auribus
3428 2978 3549 3033 illo-

1964 3102 2087 3142 rum
2111 3070 2337 3142 ἔνιοι-οε
2365 3081 2661 3139 habebant.
2691 3077 2827 3133 Nam
2853 3076 2946 3131 alii
2969 3073 3186 3146 quidem
3217 3070 3512 3141 impiorum
3532 3106 3548 3131 .

1976 3179 2177 3235 cmlum
2202 3196 2218 3246 ;
2252 3176 2341 3231 alii
2374 3190 2507 3230 vero
2537 3183 2737 3228 terram
2766 3168 3201 3224 deiﬁcaverunt:
3233 3177 3354 3234 quae
3381 3161 3491 3216 duo
3519 3175 3551 3214 a

1969 3272 2149 3329 ventis
2184 3278 2241 3327 et
2269 3267 2513 3324 nubibus
2544 3271 2851 3320 mutantur.
2886 3258 2995 3314 Alii
3032 3267 3214 3313 autem
3245 3254 3351 3311 soli
3379 3259 3434 3309 et
3463 3251 3553 3307 ius

1969 3379 2055 3421 na:
2073 3358 2444 3418 venerationis
2468 3357 2677 3412 cultum
2706 3354 3107 3413 exhibueruut,
3133 3354 3195 3403 ut
3220 3345 3314 3401 alii
3335 3343 3553 3415 quidem

1971 3463 2165 3518 noctu,
2210 3452 2305 3508 alii
2349 3449 2481 3505 vero
2511 3446 2748 3503 interdiu
2780 3460 2879 3515 per
2905 3454 3165 3497 occasum
3193 3435 3553 3494 luminarium

1971 3547 2122 3617 impii
2163 3550 2482 3607 manerent;
2518 3552 2646 3593 nam
2679 3536 2738 3592 bi
2773 3535 2995 3606 quidem
3035 3546 3156 3602 quae
3184 3538 3348 3586 nocte
3377 3535 3432 3583 et
3462 3543 3557 3582 nc-

1970 3615 2100 3693 bula
2126 3642 2182 3691 et
2218 3632 2442 3704 pulvere
2474 3628 2871 3688 obscurantur,
2916 3624 3062 3676 inter
3091 3620 3227 3676 deos
3268 3615 3557 3683 referunt;

1972 3729 2051 3786 illi
2080 3719 2214 3783 vero
2244 3724 2609 3779 intereuntem
2628 3756 2645 3781 ,
2671 3724 2729 3771 ct
2756 3714 2919 3785 paulo
2951 3721 3075 3782 post
3102 3709 3408 3765 desituram
3435 3708 3560 3764 ado-

1972 3828 2118 3878 rant.
2167 3816 2277 3872 Alii
2312 3814 2440 3868 item
2472 3809 2656 3866 l‘ontes
2693 3817 2747 3863 et
2788 3806 3014 3860 [Iuntina
3052 3803 3188 3859 deos
3235 3816 3361 3857 esse
3408 3816 3560 3856 assc-

1972 3920 2125 3976 runt,
2149 3917 2211 3965 ut
2239 3909 2295 3964 in
2319 3911 2511 3961 aestate
2533 3899 2755 3972 quidem
2778 3896 3111 3959 desinentia,
3142 3895 3201 3949 in
3228 3894 3407 3948 hieme
3428 3906 3559 3947 vero

1973 4013 2135 4064 aucta
2165 4010 2220 4060 et
2249 3996 2584 4057 exundantia
2613 3994 2745 4050 deos
2778 3991 3037 4048 habeant.
3069 3988 3178 4044 Alii
3212 4001 3342 4044 vero
3375 3985 3557 4056 ignem

1973 4098 2132 4173 quasi
2156 4096 2319 4153 deum
2344 4097 2630 4153 metuunt,
2655 4086 2746 4158 qui
2776 4095 2958 4141 tamen
2984 4082 3170 4138 inlusa
3190 4093 3333 4150 aqua
3356 4079 3561 4133 exstin-

1975 4168 2181 4266 guitur,
2207 4196 2303 4244 aut
2325 4186 2543 4242 defectu
2573 4180 2872 4237 nutrientis
2894 4177 3141 4233 materiae
3171 4172 3485 4229 marcescit.
3513 4168 3563 4227 0

1975 4264 2307 4342 dementiam
2332 4280 2346 4333 !
2376 4291 2499 4348 qua
2528 4290 2590 4331 se
2620 4273 2756 4344 ipsis
2783 4277 2913 4327 sunt
2940 4268 3240 4339 abjectiora
3258 4305 3274 4330 ,
3301 4264 3561 4321 deiﬁcsnt

1977 4376 2102 4431 vani
2135 4383 2190 4430 et
2225 4371 2576 4442 insipientes,
2614 4382 2644 4419 a
2673 4380 2807 4420 vero
2839 4362 2948 4418 Dco
2977 4376 3074 4432 per
3099 4373 3349 4421 errorem
3382 4357 3560 4413 abdu-

1978 4472 2074 4525 cti.
2104 4470 2332 4540 Propter
2361 4480 2502 4538 quos
2534 4462 2711 4518 Moses
2747 4475 2930 4517 rerum
2961 4457 3276 4513 divinarum
3321 4456 3562 4526 scriptor

1980 4563 2188 4619 relictis
2222 4556 2702 4620 ultramundanis,
2745 4553 2816 4610 ab
2863 4552 2933 4608 iis
2976 4567 3098 4623 quae
3135 4549 3327 4632 captui
3368 4556 3561 4604 nostro

1976 4663 2107 4711 sunt
2133 4653 2409 4724 exposita,
2438 4648 2812 4706 narrationem
2848 4644 3085 4709 orditur,
3116 4641 3467 4715 pcrfsensilia
3503 4648 3559 4697 et

1976 4744 2329 4814 aspcctahilia
2355 4742 2564 4798 ducens
2594 4741 2659 4794 ad
2689 4735 3025 4794 intellectilia
3056 4743 3111 4789 et
3137 4732 3205 4787 ad
3248 4734 3563 4803 inaspecta-

1977 4836 2142 4891 bilem
2172 4835 2321 4889 illum
2350 4846 2655 4902 verumque
2685 4829 2879 4886 Deum.
2926 4826 3010 4881 Ad
3040 4824 3292 4880 eumdem
3338 4822 3562 4877 modum

1978 4927 2138 4982 etilli
2186 4925 2321 4981 socii
2379 4923 2609 4979 Ananiae
2652 4920 2826 4976 divini
2874 4917 3153 4983 hominis,
3202 4914 3561 4987 Babylonium

1987 5021 2171 5082 deum,
2209 5017 2541 5088 supplicium
2578 5014 2822 5070 fornacis
2853 5021 2909 5069 et
2938 5013 3119 5083 ignem
3149 5010 3561 5072 conculcantcs,

1979 5112 2072 5182 qui
2110 5109 2351 5180 naphtha
2387 5115 2442 5163 ct
2476 5107 2599 5178 pice
2631 5113 2687 5160 et
2721 5103 3022 5161 sarmentis
3059 5104 3387 5173 augebatur,
3420 5114 3563 5172 aqua

1962 5218 2112 5260 .vero
2143 5200 2625 5271 exstinguebatur,
2654 5194 2957 5251 Benedicite
2981 5237 2996 5260 ,
3038 5196 3220 5250 omnia
3253 5211 3411 5264 opera
3445 5193 3559 5247 Do-

1982 5296 2147 5360 mini,
2180 5293 2471 5349 Dominum
2501 5293 2569 5354 θ’,
2602 5289 2883 5360 inquiunt.
2935 5288 3015 5343 Ad
3061 5285 3474 5343 immaterialem
3507 5291 3561 5339 et

1983 5388 2151 5444 nullis
2183 5385 2439 5442 manibus
2471 5384 2675 5438 factum
2709 5380 2882 5438 Deum
2908 5381 3116 5453 impios
3150 5379 3438 5434 Chaldzeos
3466 5390 3560 5445 per

1982 5478 2384 5535 institutionem
2421 5477 2563 5531 hanc
2596 5474 2860 5529 ducentes
2884 5514 2899 5539 ,
2940 5488 3006 5527 ac
3042 5485 3234 5526 omnes
3273 5467 3559 5540 gentilium

1982 5572 2117 5628 deos
2144 5576 2429 5625 creaturas
2457 5575 2512 5624 et
2545 5580 2712 5637 opera
2760 5581 2883 5622 esse
2931 5578 3063 5620 vere
3102 5559 3458 5619 subsistentia
3502 5569 3556 5618 ct

1990 5664 2106 5719 veri
2134 5670 2188 5718 et
2215 5661 2447 5717 incrcati
2470 5658 2564 5715 Dci
2586 5659 2901 5713 innitentes.
2947 5654 3265 5721 Benedicite,
3286 5652 3555 5727 inquiunt,

3475 5806 3489 5837 ἰ
