4048 6222
538 338 645 396 925

531 443 711 497 omnia
744 459 902 512 opera
938 442 1187 510 Domini,
1222 444 1552 514 Dominum;
1585 457 1991 518 consequenter
2037 463 2104 505 eo

533 533 756 586 cantico
804 531 1283 599 demonstrantes,
1332 534 1442 589 Deo
1487 535 1649 590 simul
1694 536 1749 590 in
1792 538 2111 591 universum

533 625 720 679 omnia
770 625 836 679 ad
897 625 1248 681 serviendum
1314 644 1439 684 esse
1492 629 1752 684 obnoxia.
1812 628 2112 684 Benedicite

532 721 746 787 ipsum,
776 718 968 785 aiunt,
997 716 1172 789 dngelt'
1194 760 1209 785 ,
1237 721 1387 787 ewli,
1415 738 1585 789 aqum,
1614 724 1731 787 sol,
1759 722 1907 785 luna,
1938 731 2107 787 astra,

531 807 704 877 ignis,
741 816 915 870 terra,
954 819 1178 873 montes,
1216 810 1397 875 colles,
1433 810 1714 879 jumenta,
1763 812 1975 876 bestiw,
2024 829 2111 867 re-

530 898 719 966 ptilia,
756 900 994 952 volatilia
1018 939 1033 962 ,
1058 907 1113 955 et
1162 908 1363 956 ca3tera
1406 916 1748 973 quaecunque
1792 904 2023 975 gentiles
2053 904 2111 959 in

531 989 758 1043 deorum
789 1003 1077 1043 numerum
1109 990 1433 1045 retulerunt.

1005 1100 1524 1159 INTERROGATIO
1561 1103 1646 1160 LI.

602 1209 887 1276 Quomodo
916 1213 1123 1268 creavit
1159 1212 1302 1271 Deus
1340 1216 1523 1271 omnia
1550 1256 1565 1283 ,
1602 1217 1923 1289 priusquam
1956 1220 2105 1278 exsi-

528 1309 700 1357 steret
733 1301 989 1358 materies
1020 1319 1126 1373 qua
1156 1307 1440 1360 uteretur?

1163 1394 1472 1463 Responsio.

600 1480 783 1537 Primo
826 1484 1047 1553 quidem
1093 1486 1182 1540 die
1227 1502 1293 1541 ex
1346 1488 1495 1543 nullo
1549 1488 1798 1559 subjecto
1850 1492 2109 1549 materies

528 1574 823 1645 produxit,
860 1576 1023 1631 simul
1066 1577 1349 1646 cogitans,
1395 1580 1576 1649 qualis
1620 1596 1959 1653 unaquaeque
2004 1599 2107 1639 cu-

524 1666 723 1736 jusque
752 1667 971 1721 deberet
1000 1682 1122 1722 esse
1167 1670 1442 1725 materies.
1494 1671 1693 1727 Deinde
1743 1675 1925 1729 statim
1978 1691 2104 1746 pro-

527 1756 733 1812 ferebat
757 1774 819 1813 ea
852 1774 971 1829 qua:
998 1759 1354 1829 cogitaverat.
1392 1762 1569 1833 Atque
1602 1764 1705 1818 hoc
1758 1766 1878 1820 loco
1927 1769 2097 1822 nolim

526 1856 581 1901 te
620 1847 752 1901 mihi
787 1848 967 1902 delabi
1002 1848 1069 1902 ad
1114 1849 1476 1919 cogitationes
1502 1890 1517 1914 ,
1563 1864 1619 1906 ut
1666 1870 1915 1924 quaerere
1964 1856 2099 1913 velis

530 1951 639 2005 quo
670 1937 719 1990 id
755 1947 913 2006 pacto
942 1939 1013 1992 sit
1047 1937 1248 1993 factum
1280 1957 1293 2005 ;
1327 1958 1450 1995 nam
1487 1953 1540 1997 et
1573 1944 1822 2012 volebat,
1859 1956 1911 2001 et
1945 1956 2099 2018 pote-

526 2035 609 2081 rat
642 2028 822 2081 omnia
856 2029 934 2083 vis
966 2029 1056 2082 illa
1106 2031 1351 2086 cll‘ectrix
1403 2033 1669 2090 omnium.
1730 2034 1808 2089 Ex
1858 2036 1926 2093 iis
1970 2054 2101 2094 vero

525 2130 645 2184 qum
675 2116 761 2171 die
792 2118 1034 2173 condidit
1069 2122 1245 2190 primo
1268 2162 1282 2186 ,
1320 2122 1518 2179 deinde
1549 2126 1761 2195 reliqua
1795 2139 1977 2183 creata
2010 2129 2097 2184 fe-

523 2206 634 2273 cit,
664 2207 915 2263 videlicet
949 2212 1415 2281 cmlum'primum
1439 2255 1453 2278 ,
1487 2231 1597 2270 non
1632 2217 1764 2272 illud
1799 2218 1945 2288 quod
1974 2236 2099 2274 cer-

527 2297 711 2352 nimus
731 2340 745 2363 ,
781 2299 877 2353 sed
907 2316 1072 2370 supra
1106 2304 1344 2371 positum
1367 2344 1381 2368 ,
1417 2305 1485 2359 de
1517 2322 1622 2375 quo
1653 2306 1882 2363 Davides
1912 2310 2059 2363 canit
2081 2351 2097 2377 ,

525 2388 725 2441 (Icelum
754 2391 869 2443 coeli
902 2391 1128 2447 Domino
1170 2396 1207 2457 ¹,
1241 2395 1308 2449 ad
1343 2397 1561 2451 modum
1598 2399 1792 2455 domus
1826 2400 2098 2470 duplicem

522 2474 784 2533 fornicem
842 2482 1123 2549 habentis,
1180 2486 1544 2557 interscpiens
1599 2499 1654 2545 et
1698 2492 2018 2549 discernens
2068 2512 2099 2549 a

524 2570 877 2625 terrestribus
912 2573 1331 2631 ultramundana
1355 2618 1369 2643 ,
1400 2587 1454 2633 et
1483 2581 1647 2636 veluti
1684 2582 1927 2641 tabulato
1962 2603 2101 2657 quo-

522 2656 645 2711 dam
680 2658 963 2717 dirimens.

979 2778 1493 2838 INTERROGATIO
1532 2783 1640 2839 LII.

591 2884 773 2950 Quare
820 2904 928 2942 non
976 2894 1199 2962 scripsit
1252 2894 1469 2960 Moses,
1514 2898 1661 2967 quod
1709 2898 1901 2955 fecerit
1956 2901 2100 2959 Deus

522 2986 717 3041 aquam
742 3017 757 3041 ,
792 2986 885 3031 aut
919 2979 1096 3048 ignem
1118 3022 1132 3045 ,
1169 2992 1263 3036 aut
1294 3000 1418 3038 acra
1443 3024 1457 3050 ,
1493 2994 1551 3040 ut
1582 2989 1651 3043 de
1692 2996 1832 3051 coelo
1856 3004 1910 3052 et
1930 3006 2070 3054 terra

522 3066 810 3123 arboribus
843 3077 897 3122 ct
925 3073 1136 3127 caeteris
1161 3074 1184 3125 ?

1156 3159 1457 3225 Responsio.

590 3244 729 3300 Num
770 3262 923 3319 ergo,
959 3251 1085 3320 quia
1135 3252 1187 3307 id
1244 3254 1407 3310 etiam
1461 3258 1725 3329 scriptum
1786 3274 1892 3327 est,
1947 3264 2096 3335 quod

519 3337 683 3405 Deus,
716 3352 939 3411 accepto
967 3343 1190 3412 pulvere
1218 3353 1379 3401 terra:
1432 3348 1750 3407 formaverit
1790 3356 2094 3423 hominem,

518 3447 695 3502 neque
720 3434 961 3489 additum
991 3436 1082 3501 sit,
1120 3438 1266 3508 quod
1302 3440 1350 3494 ei
1386 3438 1574 3497 fecerit
1609 3447 1826 3513 oculos,
1866 3459 1961 3505 aut
1995 3467 2095 3506 au-

516 3535 628 3588 res,
662 3533 757 3579 aut
790 3523 975 3595 pedes,
1005 3536 1102 3581 aut
1130 3528 1451 3599 brachium;
1492 3534 1614 3589 ideo
1662 3540 1966 3609 putandum
2004 3550 2093 3599 est

515 3628 549 3667 a
587 3612 696 3669 Deo
726 3630 835 3669 non
870 3630 993 3671 esse
1017 3625 1200 3672 creata
1236 3621 1422 3675 omnia
1469 3632 1681 3680 natura!
1709 3644 1935 3699 organa,
1975 3641 2092 3691 tum

517 3705 732 3760 interna
761 3716 875 3760 tum
915 3710 1178 3763 externa?
1205 3710 1475 3768 Nimirum
1509 3716 1563 3770 in
1598 3719 1665 3773 iis
1694 3737 1817 3790 qua
1863 3739 2093 3797 compu-

516 3796 650 3861 sita,
680 3804 735 3851 et
765 3798 1063 3868 aliquando
1101 3801 1350 3869 seiuncta
1398 3815 1549 3871 sunt,
1593 3825 1659 3864 ex
1708 3796 2093 3882 praestantiore

515 3887 694 3957 ipsam
750 3904 865 3945 rem
911 3902 1306 3961 repra'sentare
1365 3912 1526 3954 sacra
1583 3900 1867 3974 Scriptura
1925 3911 2087 3965 solet.

515 3980 984 4045 Quemadmodum
1031 3985 1343 4042 divinorum
1406 3992 1713 4049 carminum
1763 4008 1955 4054 auctor
2005 4002 2092 4056 in-

514 4072 655 4140 quit,
690 4071 886 4127 Beatus
935 4075 1015 4129 vir
1041 4077 1132 4147 qui
1188 4094 1290 4134 non
1348 4081 1478 4134 abiit
1540 4084 1597 4136 in
1632 4088 1857 4142 consilio
1897 4091 2091 4161 impio-

516 4177 635 4215 rum
661 4165 681 4194 ³
712 4180 726 4216 :
764 4176 873 4219 non
919 4167 1108 4236 utique
1141 4183 1171 4222 a
1203 4169 1543 4227 beatitudine
1590 4176 1851 4234 mulieres
1899 4184 2091 4236 exclu-

512 4254 688 4321 dens;
726 4255 821 4310 sed
856 4271 981 4311 cum
1012 4258 1203 4315 eadem
1263 4261 1334 4317 sit
1395 4274 1611 4328 natura,
1674 4282 1738 4323 ex
1800 4273 2088 4344 principa-

513 4346 655 4401 liore
680 4360 898 4403 carmen
927 4349 1160 4404 orditur.
1220 4352 1298 4407 Ex
1356 4354 1424 4409 iis
1464 4355 1630 4426 igitur
1688 4375 1810 4429 qua:
1872 4363 1927 4417 in
1979 4365 2088 4421 isto

514 4435 755 4492 carmine
783 4440 1159 4507 praestantiora
1191 4450 1355 4506 sunt,
1403 4445 1568 4499 etiam
1622 4447 1691 4503 de
1729 4455 2088 4521 sequentibus

510 4526 779 4595 judicium
816 4527 930 4582 ﬁat.
963 4528 1096 4582 Nam
1130 4536 1652 4592 commemoratione
1675 4540 1802 4594 coeli
1829 4551 1884 4596 et
1907 4550 2089 4612 terrae,

515 4612 828 4675 universum
898 4619 1006 4675 hoc
1057 4623 1577 4691 comprehenditur,
1629 4643 1745 4696 aer,
1824 4636 2087 4707 tenebm,

512 4710 767 4785 abyssus.

951 4824 1471 4885 INTERROGATIO
1510 4831 1642 4889 LIII.

580 4935 693 4990 Cur
721 4944 902 4992 autem
932 4939 1089 5009 quasi
1124 4940 1334 4997 viribus
1364 4940 1593 4997 inferior
1616 4944 1816 5015 Moses,
1850 4965 1959 5007 non
1991 4969 2084 5025 ag-

510 5043 733 5099 gressus
783 5040 866 5085 est
904 5033 1147 5089 scribere
1189 5034 1537 5089 tenebrarum
1585 5045 1640 5092 et
1695 5040 1878 5111 abyssi
1925 5060 2079 5101 crcac

512 5117 713 5170 tionem
737 5116 760 5169 ?

1149 5210 1456 5280 Responsio.

579 5299 873 5355 Enimvero
907 5316 1029 5370 quae
1059 5302 1237 5358 Moses
1272 5308 1551 5373 praeteriit,
1590 5312 1888 5378 quominus
1936 5316 2077 5369 scri-

510 5393 686 5459 beret,
725 5408 833 5447 non
866 5392 1077 5448 viribus
1104 5392 1403 5453 destitutus
1438 5399 1587 5464 fecit,
1623 5404 1715 5457 sed
1751 5408 2071 5463 exercitium

508 5482 667 5536 nobis
702 5483 943 5553 reliquit.
984 5482 1243 5538 Solomon
1295 5487 1519 5558 scripsit
1564 5491 1615 5543 in
1669 5508 1901 5560 persona
1954 5494 2074 5554 Filii

582 5616 596 5646 '
640 5616 763 5673 Psal
818 5637 972 5685 cxuu,
1013 5623 1099 5677 16.
1176 5626 1195 5655 ²
1234 5622 1384 5680 Psal.
1415 5641 1453 5687 ι,
1494 5629 1541 5678 1.

582 5761 693 5828 (18)
731 5766 1166 5834 ’Υπαρχούσας.
1204 5770 1362 5824 Forte
1390 5769 1752 5839 ὑπαρχούσης.
1788 5768 1944 5824 linit.

1610 328 1666 384 S.
1710 329 2381 397 C/ESAIIII,CRECORII
2424 330 2725 387 FRATRIS

3678 332 3793 390 99.".

2212 450 2369 518 φασὶ,
2398 448 2595 502 πάντα
2619 447 2691 501 τὰ
2710 447 2854 516 ἔργα
2876 446 3116 514 Κυρίου,
3145 446 3251 501 τὸν
3270 447 3488 515 Κύριον
3507 463 3521 477 ·
3563 447 3798 502 ἀκολού-

2212 539 2321 604 θως
2362 543 2429 611 τῇ
2481 540 2737 611 μελῳδίᾳ,
2782 538 2943 593 δοῦλα
2985 538 3103 609 Θεῷ
3135 538 3507 610 παριστῶντες
3545 540 3614 592 τὰ
3651 544 3790 611 σύμ-

2213 648 2410 696 παντα,
2460 631 2797 701 Εὐλογεῒτε,
2848 630 3165 699 φάσκοντες,
3220 629 3484 700 ἄγγελοι,
3518 633 3791 700 oivparoi,

2210 722 2419 787 ὕδατα,
2453 723 2646 789 ἣλιος,
2672 721 2928 789 σελήνη,
2955 721 3168 789 ἄστρα,
3194 722 3333 790 πῦρ,
3359 722 3457 792 γῆ,
3491 722 3621 792 ὄρη,
3641 724 3792 788 βου-

2210 811 2325 876 νοί,
2357 811 2570 880 κτήνη.
2611 814 2808 882 θηρία,
2830 810 3065 881 ἑρπετὰ,
3093 813 3357 879 πετεινὰ,
3380 815 3476 867 καὶ
3501 814 3669 869 λοιπά
3690 816 3790 870 ὅσα

2213 902 2470 974 Ἕλληνες
2509 902 2884 974 ὲθεοποίησαν.

2794 1096 3042 1149 ΠΕΥΣΙΣ
3079 1096 3208 1151 NA’.

2275 1208 2401 1271 Πῶς
2425 1206 2638 1261 ἔκτισεν
2674 1208 2705 1260 ὀ
2731 1207 2865 1271 Θεὸς
2887 1209 2956 1262 τὰ
2981 1209 3190 1275 πάντα;
3234 1213 3660 1285 προϋπαρχούσῃ
3686 1215 3784 1287 ὕλῃ

2207 1299 2569 1371 χρησάμενος,
2608 1298 2641 1370 ἦ
2674 1300 2767 1352 καὶ
2810 1298 2912 1362 τὰς
2940 1297 3068 1361 ὔλας
3101 1298 3263 1362 αὑτὸς
3288 1302 3644 1371 παρήγαγενς

2828 1392 3193 1460 Ἀπόκρισις.

2273 1484 2351 1554 Τῇ
2382 1483 2482 1554 μὲν
2510 1481 2697 1551 πρώτῃ
2732 1479 2915 1551 ἡμέρᾳ.
2952 1480 3016 1532 ὲκ
3052 1480 3275 1551 μηδενὸς
3303 1482 3662 1553 ὑποκειμένου
3688 1484 3789 1547 τὰς

2207 1575 2339 1638 ὔλας
2382 1575 2720 1644 παρήγαγεν,
2766 1572 2881 1642 ἅμα
2919 1571 2997 1642 τῷ
3029 1573 3240 1643 νοῆσαι,
3280 1574 3468 1627 ὁποίαν
3505 1577 3629 1629 τινὰ
3672 1579 3781 1649 χρὴ

2209 1666 2471 1736 ὑπάρχειν
2516 1664 2744 1717 ἑκάστου
2792 1662 2963 1734 ὓλην,
3014 1660 3170 1728 αὖθις
3216 1667 3573 1737 παραστήσας
3606 1668 3785 1739 ἑαυτῷ

2204 1757 2263 1809 τὸ
2288 1756 2496 1827 νοηθέν.
2551 1756 2659 1809 Καὶ
2688 1756 2761 1827 μὴ
2797 1755 3111 1827 καταπέσῃς
3145 1757 3281 1827 πρὸς
3310 1757 3625 1827 λογισμοὺς,
3677 1779 3783 1813 πυ-

2204 1846 2426 1916 θόμενος
2454 1845 2515 1899 τὸ
2543 1846 2679 1909 πῶς.
2740 1845 3032 1916 Ἐὁουλήθη
3083 1846 3191 1917 γάρ
3236 1848 3328 1900 καὶ
3359 1848 3622 1919 ἠδυνήθη,
3655 1851 3785 1921 δραο

2203 1938 2399 2003 στικῶς
2419 1938 2644 2009 δύναμις
2668 1939 2880 1992 πάντων
2913 1938 3252 2011 ὑπάρχουσα.
3298 1940 3390 1992 Ἐκ
3414 1940 3469 1993 δὲ
3500 1942 3608 1994 τῶν
3631 1944 3690 1994 ὲν
3710 1948 3780 2015 τῇ

2200 2026 2390 2097 πρώτῃ
2418 2026 2778 2097 μετεσκεύασε
2798 2027 2865 2081 τὰ
2887 2026 3045 2080 λοιπά
3065 2028 3163 2099 τῆς
3187 2029 3568 2099 δημιουργίας
3593 2033 3785 2104 ἐποίη-

2204 2134 2296 2170 σεν
2325 2118 2549 2188 οὐρανὸν
2576 2119 2806 2189 πρῶτον,
2836 2120 2898 2172 οὑ
2929 2120 3019 2173 τὸν
3045 2120 3339 2190 ὁρώμενον,
3372 2122 3485 2174 ἀλλ’
3522 2124 3787 2195 ὑπερκεί-

2204 2225 2391 2278 μενον,
2440 2210 2567 2281 περὶ
2598 2202 2659 2261 οὗ
2711 2210 2806 2262 καὶ
2845 2210 3009 2263 Δαϐὶδ
3044 2211 3300 2281 μελῳδεῖ,
3349 2215 3621 2281 Οὐρανὸν
3676 2218 3784 2273 τοῦ

2202 2301 2459 2369 οὐρανοῦ
2484 2301 2565 2365 τῷ
2597 2303 2813 2369 Κυρίῳ,
2842 2303 2997 2373 δίκην
3034 2303 3283 2375 διορόερου
3320 2306 3517 2369 οἰκίας,
3548 2306 3781 2376 διαφρά-

2203 2392 2295 2456 ξας
2320 2394 2411 2445 καὶ
2439 2395 2740 2464 ἀποκρίνας
2761 2394 2872 2447 τῶν
2900 2396 3158 2463 ἐπιγείων
3188 2396 3256 2451 τὰ
3284 2398 3654 2469 ὑπερκόσμια,
3686 2402 3780 2453 καὶ

2202 2483 2331 2537 ὡσεὶ
2361 2483 2595 2555 ὑπερῴῳ
2624 2484 3048 2556 ἀπολαϐόμενος.

2784 2766 3030 2820 ΠΕΥΣΙΣ
3058 2767 3184 2821 NB’.

2258 2873 2355 2927 Διά
2384 2876 2435 2927 τί
2482 2876 2556 2946 μὴ
2598 2876 2801 2948 ἔγραψε
2849 2880 3087 2951 Μωσῆς,
3134 2882 3215 2934 ὅτι
3260 2883 3515 2953 ἐποίησεν
3562 2885 3593 2937 ὁ
3639 2884 3780 2948 Θεὸς

2193 2964 2357 3034 ὕδωρ,
2388 2965 2419 3035 ἢ
2453 2966 2583 3037 πῦρ,
2615 2968 2646 3037 ἢ
2683 2970 2835 3040 ἀέρα,
2864 2971 2938 3035 ὡς
2965 2973 3090 3043 περὶ
3117 2974 3367 3044 οὐρανοῦ,
3407 2978 3497 3029 καὶ
3530 2980 3655 3049 γῆς,
3682 2977 3773 3031 καὶ

2191 3055 2438 3127 δένδρων,
2476 3059 2569 3111 καὶ
2600 3059 2708 3115 τῶν
2738 3062 2967 3129 λοιπὼν;

2248 3277 2255 3284 .
2803 3240 3158 3306 Ἀπόκρισις.

2260 3332 2324 3385 Τί
2366 3329 2491 3399 οῦν;
2535 3334 2658 3388 ἐπεὶ
2701 3335 3046 3407 γέγραπται,
3095 3336 3179 3388 ὅτι
3210 3334 3379 3390 λαϐὼν
3410 3338 3439 3388 ὁ
3464 3336 3600 3401 Θεὸς
3632 3340 3780 3409 χοῦν

2188 3426 2297 3481 ἀπὸ
2327 3426 2427 3497 τῆς
2463 3428 2567 3497 γῆς
2604 3428 2803 3481 ἔπλασε
2834 3428 2925 3482 τὸν
2955 3428 3267 3500 ἄνθρωπον,
3298 3431 3389 3483 καὶ
3416 3430 3517 3482 οὑκ
3551 3432 3777 3503 ἐπήγαο

2187 3536 2305 3589 γεν,
2340 3522 2421 3574 ὃτι
2451 3521 2706 3592 ἐποίησεν
2738 3520 2889 3592 αὑτῷ
2938 3521 3271 3594 ὀφθαλμοὺς,
3313 3522 3345 3593 ἦ
3380 3516 3495 3576 ὦτα
3522 3564 3537 3587 ,
3591 3524 3623 3594 ἢ
3665 3524 3767 3594 βά-

2190 3613 2392 3684 σεις,ἢ
2441 3613 2720 3685 βραχίονα,
2771 3612 2924 3683 παρά
2974 3612 3132 3667 τοῦτο
3179 3613 3388 3667 οἴεσθαι
3437 3615 3576 3686 χρὴ,
3617 3617 3771 3687 παρὰ

2186 3703 2323 3757 Θεοῦ
2356 3706 2431 3775 μὴ
2477 3705 2764 3776 κτισθῆναι
2810 3705 2987 3759 πάντα
3034 3704 3105 3758 τὰ
3136 3708 3236 3777 τῆς
3282 3705 3502 3775 φύσεως
3534 3708 3770 3779 ὄργανα,

2187 3798 2338 3861 ἐντός
2360 3814 2417 3851 τε
2441 3798 2535 3851 καὶ
2561 3798 2714 3862 ἐκτός
2738 3814 2753 3863 ;
2790 3798 2930 3851 Ἀλλ’
2956 3798 3049 3851 ἐπὶ
3074 3798 3183 3851 τῶν
3208 3798 3500 3862 συνθέτων,
3528 3800 3624 3852 καὶ
3648 3799 3773 3852 λυο-

2190 3888 2366 3960 μένων
2399 3890 2548 3955 ποτὲ,
2581 3891 2648 3942 ἐκ
2681 3889 2776 3943 τοῦ
2808 3890 3138 3962 τιμιωτέρου
3174 3890 3234 3943 τὸ
3278 3890 3461 3959 δρᾶμα
3493 3893 3773 3961 παριστᾷν

2186 3982 2221 4052 ἡ
2269 3982 2387 4035 θεία
2430 3982 2639 4050 πέφυκε
2695 3982 2922 4056 [φύσις]
2972 3983 3194 4054 Γραφήο
3250 3981 3434 4047 καθὼς
3471 3984 3565 4037 καὶ
3598 3985 3628 4036 ὁ
3662 3984 3776 4037 τῶν

2186 4072 2347 4126 θείων
2373 4074 2506 4144 φησὶ
2548 4074 2783 4145 μελῳδὸς
2806 4090 2821 4105 ’
2849 4074 3152 4142 Μακάριος
3184 4074 3348 4145 ἀνὴρ
3385 4074 3455 4142 ὃς
3492 4077 3605 4129 οὐκ
3628 4076 3771 4129 ἐπο-

2178 4166 2366 4233 ρεύθη
2394 4165 2464 4217 ἐν
2489 4164 2695 4234 ,βουλῇ
2724 4164 2976 4220 ἀσεϐῶν.
3009 4165 3123 4219 Οὑκ
3150 4166 3258 4237 ἄρα
3287 4166 3382 4219 τοῦ
3414 4167 3775 4237 μακαρισμοῦ

2185 4254 2282 4319 τὰς
2301 4258 2564 4324 γυναῖκας
2585 4255 2933 4321 ἀποκλείσας,
2960 4254 3096 4309 ἁλλά
3123 4258 3252 4326 μιᾶς
3273 4256 3631 4327 ὑπαρχούσας
3656 4259 3773 4329 (18)

2185 4348 2285 4417 τῆς
2313 4347 2549 4416 φύσεως,
2596 4351 2661 4403 ὲκ
2692 4348 2787 4403 τοῦ
2818 4348 3288 4419 ἡγεμονικωτέρου
3328 4348 3429 4418 τῆς
3473 4348 3771 4419 μελῳδίας,

2186 4438 2256 4492 τά
2278 4439 2516 4509 ἑπόμενα
2534 4440 2633 4511 τῆς
2656 4440 3017 4512 δημιουργίας
3042 4438 3289 4493 νοείσθω.
3316 4439 3396 4510 Τῇ
3413 4439 3523 4509 γὰρ
3552 4442 3776 4511 ποιήσει

2190 4528 2283 4581 τοῦ
2317 4528 2547 4601 οὐρανοῦ
2576 4529 2669 4582 καὶ
2698 4530 2793 4600 τῆς
2815 4531 2917 4601 γῆς
2940 4529 3000 4583 τὸ
3023 4531 3131 4583 πᾶν
3156 4528 3605 4600 συμπεριεχεται,
3636 4531 3775 4602 ἀὴρ,

2186 4618 2376 4684 σκότος
2409 4621 2502 4673 καὶ
2535 4620 2784 4684 ἄϐυσσος.

2766 4826 3015 4879 ΠΕΥΣΙΣ
3047 4828 3169 4882 NI".

2255 4938 2319 4990 Τί
2349 4934 2441 4992 οῦν
2483 4938 2752 5010 ἀτονήσας
2783 4938 3024 5009 Μωσῆς,
3071 4940 3170 5008 οὑχ
3213 4938 3388 4990 εἵλετο
3420 4939 3634 5009 γράψαι
3667 4937 3772 5009 τὴν

2182 5034 2387 5087 σκὸτων
2420 5033 2514 5085 καὶ
2541 5033 2778 5086 ἀϐύσσου
2808 5034 3016 5097 κτίσιν;

2790 5134 3142 5197 Ἀπόκρισις.

2264 5222 2405 5275 Ἀλλ’
2452 5222 2609 5293 εἴπερ
2657 5223 2862 5292 Μωσῆς
2908 5222 3293 5293 παρέδραμεν,
3342 5222 3444 5276 οὑκ
3466 5224 3767 5297 ἀτονήσας,

2186 5314 2413 5386 γράψαι,
2447 5313 2582 5367 ἀλλά
2612 5315 2907 5383 γυμνάσιον
2938 5314 3066 5384 ἡμῖν
3106 5314 3441 5383 καταλείψας
3460 5331 3473 5344 ο
3511 5316 3769 5383 Σολομὼν

2186 5405 2444 5477 ἔγραψεν,
2480 5407 2541 5459 ὲκ
2584 5405 2875 5476 προσώπου
2918 5404 3009 5457 τοῦ
3055 5404 3184 5456 Υίοῦ
3231 5406 3366 5475 πρὸς
3408 5406 3499 5457 τὸν
3543 5408 3770 5478 Πατέρα

2186 5496 2429 5565 φάσκων·
2473 5494 2592 5562 Πρὸ
2625 5494 2729 5549 τοῦ
2774 5495 2875 5559 τὰς
2904 5495 3214 5561 ἀϐύσσους
3255 5493 3540 5562 ποιῆσαι,
3600 5495 3768 5566 ἥμην
