4048 6222
241 355 355 412 99.5

240 474 385 540 παρ’
433 474 594 547 αὐτῷ
641 477 977 548 ἁρμόζουσα
1020 480 1058 549 ἠ
1116 479 1368 552 δύναμις
1408 482 1507 538 καὶ
1544 485 1582 552 ή
1631 485 1816 554 σοφία

242 569 419 636 θεοῦ,
449 570 724 637 Χριστός.
817 589 835 598 ’·

798 747 1045 802 ΠΕΥΣΙΣ
1073 750 1197 806 ΝΔ’.

329 835 390 890 ’0
419 834 528 906 ἀὴρ
563 836 692 890 πότε
720 837 944 907 γέγονε;
971 841 1061 912 Μὴ
1092 843 1190 897 καὶ
1219 843 1406 899 τοῦτον
1435 843 1581 916 έχεις
1611 846 1785 899 εἰπεῖν
1805 885 1822 912 ,

243 929 330 982 ὅτι
362 927 614 999 Σολομὼν
637 927 903 1000 ἔγραψεν;

534 1009 541 1017 ’
861 1022 1224 1093 Ἀπόκρισις.

327 1106 525 1158 Ἀκουε
552 1106 618 1176 δὴ
638 1108 882 1174 Μωσέως
911 1112 1212 1180 φάσκοντος
1229 1130 1244 1146 ⁸
1270 1116 1380 1170 Καὶ
1407 1117 1653 1186 Πνεῦμα
1676 1117 1825 1172 Θεοῦ

245 1197 571 1267 ἐπεφέρετο
595 1199 793 1254 ἐπάνω
817 1203 922 1256 τοῦ
960 1203 1193 1272 ὓδατος.
1232 1207 1545 1277 Συμφὼνως
1571 1209 1629 1262 δὲ
1651 1209 1826 1279 τούτῳ

245 1294 279 1346 ὁ
327 1292 586 1365 ’Δμμὼςο
618 1294 830 1362 Κύριος
872 1297 1134 1366 στερεῶν
1167 1299 1442 1370 ,ϐροντὴν
1474 1300 1573 1356 καὶ
1619 1299 1830 1363 κτίζων

250 1399 514 1453 πνευμα.
1041 1415 1054 1424 ο

838 1480 928 1533 ΠΕ
936 1480 1085 1534 ΥΣῙΣ
1118 1480 1245 1536 NE'.

335 1567 477 1620 Ἀλλ’
509 1569 570 1622 οὐ
603 1570 730 1640 ’περὶ⁵
760 1570 854 1624 τοῦ
893 1572 1053 1642 ἀέρος
1081 1572 1253 1640 λέγει,
1290 1574 1419 1644 περὶ
1446 1574 1503 1627 δὲ
1533 1574 1626 1628 τοῦ
1668 1574 1828 1645 ἁγίου

246 1661 571 1731 Πνεύματος
600 1662 799 1732 μᾶλλον
827 1663 1042 1734 εἴρηται
1068 1666 1096 1718 ὁ
1119 1664 1296 1732 λόγος.
1337 1664 1412 1718 Ού
1448 1665 1556 1736 γὰρ
1585 1665 1712 1720 ἀλλο
1740 1667 1829 1721 λέο

246 1767 421 1820 γομεν
475 1746 617 1805 εἶναι
662 1752 694 1823 ἢ
751 1755 1252 1825 προσαγορεύεσθαι
1298 1756 1547 1828 πνεῦμα,
1585 1758 1723 1831 πλὴν
1765 1761 1828 1813 τὸ

249 1840 408 1911 ἅγιον
443 1843 688 1913 Πνεῦμα.

863 1936 1219 2005 Ἀπόκρισις.

325 2023 457 2088 Δέος
499 2042 588 2095 μοι
619 2028 686 2096 τῇ
717 2025 890 2079 κτίσει
925 2029 1439 2101 συγκαταριθμῆσαι
1465 2030 1526 2084 τὸ
1558 2030 1828 2085 ἅκτιστον·

253 2114 396 2184 πλὴν
437 2116 586 2185 ὅμως
614 2117 714 2168 οὐκ
743 2116 983 2187 ἀναιρῶν
1013 2117 1076 2170 τὸ
1112 2120 1421 2190 εἰρημένον,
1465 2121 1691 2192 δέχομαι
1739 2122 1832 2174 καὶ

253 2207 434 2271 τοῦτο,
464 2207 688 2271 εἰκότως
722 2209 816 2261 καὶ
857 2210 1177 2281 θεοπρεπῶς
1217 2212 1507 2282 νοούμενον
1526 2254 1541 2278 ,
1569 2213 1830 2282 ἐπιφέρε-

257 2298 382 2350 σθαι
407 2301 520 2360 τοῖς
554 2298 711 2352 ὕδασι
741 2300 876 2371 πρὸς
917 2301 1231 2370 ζωογονίαν,
1260 2303 1398 2356 αύτά
1440 2303 1834 2367 συνθάλποντος

255 2390 416 2460 δίκην
473 2390 830 2463 ὲπωαζούσης
868 2392 1116 2464 ὄρνιθος,
1159 2393 1396 2465 ζωτικὴν
1441 2411 1562 2446 τινα
1607 2394 1834 2465 δύναμιν

257 2481 502 2545 ἀνιέντος
552 2482 662 2552 (I9)
708 2485 822 2546 τοῖς
859 2485 1322 2556 ύποθαλπομένοις
1363 2484 1554 2553 ὓδασι,
1597 2485 1734 2558 πρὸς
1771 2485 1834 2538 τὸ

257 2572 527 2642 ἐκεράσαι
559 2576 627 2628 τὰ
658 2575 860 2647 ἄπειρα
889 2577 997 2629 τῶν
1027 2577 1226 2647 ἰχθύων
1256 2577 1411 2647 γένη.

823 2668 1070 2722 ΠΕΥΣιΣ
1119 2669 1262 2737 Νςῖν.

331 2755 546 2815 Μαθεῖν
576 2758 710 2828 πρὸς
734 2776 763 2808 τ
800 2757 944 2822 ύτοις
976 2759 1208 2829 δεόμεθα
1239 2760 1365 2832 περὶ
1403 2761 1500 2832 τῆς
1539 2759 1633 2815 τοῦ
1666 2757 1836 2830 πυρὸς

259 2848 549 2914 γενέσεως.
585 2847 722 2901 Οὔτε
749 2849 868 2920 ’γὰρ
907 2851 975 2920 τῇ
1007 2850 1195 2921 Γραφῇ
1237 2852 1472 2923 εἴρηται,
1519 2851 1601 2904 ὅτι
1632 2844 1783 2903 εἶπεν
1809 2845 1838 2898 ὁ

259 2937 396 3000 Θεὸς
421 2954 434 2967 ⁸
470 2938 755 3008 Γενηθήτω
789 2938 920 3010 πῦρ.

861 3031 1217 3098 Ἀπόκρισις.

338 3122 564 3176 Πάντων
597 3122 830 3193 μάλιστα
860 3121 1221 3194 ένεργεστέρα
1254 3122 1286 3192 ἡ
1326 3120 1420 3175 τοῦ
1455 3122 1626 3193 πυρὸς
1654 3120 1838 3190 φύσις,

262 3214 649 3266 συνυποστᾶσα
669 3213 762 3267 καὶ
787 3211 1178 3282 ἐμφωλεύουσα
1197 3215 1264 3285 τῇ
1287 3213 1506 3284 ποιήσει
1523 3214 1624 3284 τῆς
1642 3214 1838 3284 χέρσου

262 3305 536 3374 φαίνεται.
584 3304 745 3357 Ὄποι
790 3303 836 3356 δ’
883 3303 948 3357 ἂν
999 3303 1262 3368 πατάξεις
1296 3303 1463 3369 λίθον,
1517 3304 1842 3358 ἀποκυεῖται

262 3395 397 3469 πῦρ,
432 3397 527 3449 καὶ
564 3395 798 3466 σιδήρων
825 3395 1164 3466 τριϐομένων
1183 3433 1199 3460 ,
1225 3394 1426 3466 ὁμοίως
1454 3395 1702 3464 γίνεσθαι
1742 3396 1841 3450 πέ-

264 3507 431 3558 φυκε,
463 3487 560 3542 καὶ
590 3487 762 3555 ξύλων
801 3488 1232 3557 συνθλιϐομένων
1277 3487 1676 3560 παραπλησίως
1708 3489 1843 3542 ἀπο·

263 3579 571 3632 δείκνυταυ
614 3577 690 3642 ὡς
717 3579 746 3632 ὀ
773 3579 872 3648 τῆς
897 3578 1111 3649 ἀπήνης
1134 3576 1278 3644 ἄξων
1310 3577 1477 3647 δηλοῖ,
1513 3576 1590 3649 τῷ
1627 3574 1846 3648 πιεσμῷ

265 3670 361 3723 τοῦ
406 3671 607 3741 φόρτου
654 3669 1086 3741 διασμυχόμενος
1131 3668 1210 3742 τῷ
1257 3669 1646 3741 ὲγκεκραμένῳ
1687 3667 1842 3739 πυρί.

267 3762 343 3814 υύ
374 3762 482 3832 μὴν
519 3761 596 3827 δὲ,
630 3759 766 3814 ἀλλὰ
795 3761 890 3814 καὶ
932 3761 1115 3832 μύλων
1151 3759 1405 3830 διακενῆς
1438 3759 1845 3832 στρεφομένων,

267 3851 367 3905 θέα
403 3852 466 3905 τὸ
498 3852 608 3924 πῦρ
647 3851 1034 3923 ἐξαλλόμενον·
1077 3851 1196 3906 καθ’
1235 3845 1311 3906 ὧν
1353 3852 1452 3924 τὴν
1501 3851 1716 3915 εἰκόνα,
1755 3850 1849 3906 καὶ

267 3944 379 3997 τῶν
407 3945 583 4014 νεφῶν
602 3944 952 4016 παρατριὸαὶ,
975 3947 1089 4008 τοῖς
1115 3943 1419 4013 πνεύμασιν
1453 3942 1852 4014 ἐλαυνομένων,

271 4036 557 4106 ἀστραπὰς
596 4035 880 4090 ἀποτελεῖν
927 4034 1170 4088 εἰώθασι.
1223 4033 1407 4088 Πάντα
1450 4032 1558 4103 γὰρ
1589 4032 1722 4103 πυρὶ
1755 4030 1847 4085 κέ-

271 4143 474 4196 κραται
494 4165 508 4189 ,
545 4125 727 4189 καθὼς
757 4125 962 4196 Πέτρος
997 4124 1182 4194 φησὶν,
1222 4123 1252 4176 ὁ
1286 4121 1593 4192 κλειδοῦχος
1622 4123 1721 4193 τῆς
1751 4121 1850 4192 βα-

275 4217 480 4278 σιλείας
503 4215 611 4268 τῶν
629 4215 894 4288 οὐρανῶν,
921 4215 1063 4269 οὕτω
1087 4229 1222 4278 πως³
1248 4216 1312 4267 Οἱ
1336 4213 1445 4284 γὰρ
1470 4213 1587 4268 νῦν
1607 4213 1850 4282 οὐρανοὶ

275 4307 373 4361 καὶ
407 4307 445 4373 ἡ
480 4306 556 4376 γῆ
590 4307 731 4375 πυρὶ
758 4304 1292 4374 τεθησαυρισμένοι
1319 4304 1470 4369 sici,
1497 4305 1852 4374 τηρούμενοι

274 4401 364 4466 εἰς
408 4399 637 4467 ἡμέραν
676 4400 926 4467 κρίσεως
968 4399 1066 4452 καὶ
1123 4398 1424 4463 ἀπωλείας
1461 4396 1580 4451 τῶν
1617 4396 1855 4452 ἀσεϐῶν

275 4489 620 4559 ἀνθρώπων.

862 4579 1110 4636 ΠΕΥΣῙΣ
1147 4579 1271 4632 ΝΖ’.

351 4669 463 4724 Καὶ
495 4669 612 4733 πῶς
653 4669 919 4741 χειμῶνος
938 4710 952 4734 ,
998 4669 1108 4722 τῶν
1136 4668 1315 4722 αὐτῶν
1358 4667 1528 4722 ὄντων
1557 4665 1735 4738 νεφῶν
1766 4669 1862 4722 καὶ

282 4760 521 4831 ἀνέμων,
552 4761 651 4814 ούκ
678 4760 954 4831 ἀστραπὴ,
995 4759 1054 4812 ού
1087 4756 1284 4830 βροντὴ
1306 4756 1553 4824 γίνεταις

891 4850 1257 4917 Ἀπόκρισις.

355 4943 437 4996 Τὰ
467 4942 594 5012 περὶ
629 4941 855 5012 βροντῆς
889 4940 1146 5011 ἀνωτέρω
1181 4939 1318 5010 πρὸς
1349 4938 1410 4991 τὸ
1445 4936 1634 4991 δοκοῦν
1671 4953 1760 5007 μοι
1789 4937 1865 4989 εἰ·

285 5051 470 5108 ρηται.
503 5032 577 5086 Τὸ
609 5033 687 5097 δὲ,
728 5031 994 5102 χειμῶνος
1032 5027 1322 5101 ἀστραπὰς
1369 5027 1445 5098 μὴ
1481 5025 1859 5094 ἐκφαίνεσθαι,

282 5125 373 5177 διὰ
397 5122 614 5195 τὴν,τού
643 5123 803 5195 ἀέρος
832 5121 1120 5192 παχύτητα
1141 5119 1303 5184 δοκῶ,
1330 5119 1425 5171 καὶ
1449 5118 1546 5187 τὴν
1571 5118 1865 5188 διήκουσαν

287 5216 468 5270 νοτίδα
513 5215 620 5268 τῶν
663 5213 860 5283 νεφῶν.
910 5215 984 5267 Οὐ
1020 5212 1129 5282 γὰρ
1176 5211 1376 5282 ὁμοίως
1410 5209 1470 5263 τὸ
1501 5210 1732 5280 ἄνικμον
1771 5208 1865 5262 καὶ

291 5308 453 5377 ξηρὸν
484 5305 563 5375 τῷ
591 5304 860 5376 διαϐρόχῳ
894 5303 988 5358 καὶ
1033 5302 1224 5356 ὑλώδει
1261 5302 1320 5354 ὲν
1349 5303 1469 5364 ταῖς
1501 5300 1868 5371 παρατρίψεσι

288 5397 575 5466 φαίνεσθαι
597 5397 862 5466 πέφυκεν,
885 5393 978 5449 τοῦ
1010 5395 1108 5465 μὲν
1136 5390 1620 5463 παραφλεγομένου
1640 5429 1655 5456 ,
1685 5389 1778 5445 τοῦ
1805 5389 1862 5444 δὲ

291 5489 820 5562 παρολισθαίνοντος.

1679 362 1927 418 DIALOG
1939 365 2022 420 US
2057 362 2097 420 I.

3391 361 3495 418 99.6

1929 487 1995 539 ad
2037 485 2252 539 Patrem
2293 486 2615 555 loquentis:
2663 483 2962 555 Antequam
3021 483 3236 553 abyssos
3284 486 3500 554 faceret,

1931 593 2078 629 eram
2111 575 2253 645 apud
2287 577 2488 645 ipsum,
2527 586 2647 646 apte
2686 577 2866 630 omnia
2904 575 3188 644 disponens
3222 575 3243 607 ³
3281 595 3294 630 :
3346 577 3504 631 nimi-

1926 681 2069 734 rum,
2103 668 2338 736 potentia
2363 676 2414 722 et
2437 668 2700 736 sapientia
2739 667 2853 730 Dei,
2883 667 3128 722 Christus
3165 671 3204 722 ⁸.

2365 756 2884 813 INTERROGATIO
2925 758 3054 814 LIV.

1995 850 2102 905 Aer
2124 849 2346 918 quando
2375 849 2556 906 factus
2584 849 2708 905 est?
2736 847 2875 902 Num
2921 847 3067 919 quod
3092 850 3257 903 etiam
3299 845 3368 900 de
3402 844 3509 900 hoc

1925 942 2210 1012 scripserit
2257 941 2539 1006 Solomon,
2577 942 2764 996 dicere
2797 941 2990 1011 potes?

2555 1032 2870 1102 Responsio:

1999 1124 2140 1178 Audi
2174 1123 2377 1179 Moscm
2398 1121 2668 1178 dicentem
2702 1140 2716 1176 :
2762 1121 2830 1174 Et
2859 1121 3080 1190 spiritus
3120 1119 3212 1174 Dei
3241 1117 3511 1187 ferebatur

1926 1231 2089 1284 supra
2117 1214 2373 1286 aquam”.
2407 1213 2541 1268 Cum
2577 1213 2682 1267 hoc
2708 1221 2894 1267 autem
2923 1209 3202 1266 consentit
3241 1216 3295 1263 et
3336 1208 3507 1261 Amo-

1929 1321 2024 1362 sus
2051 1324 2065 1361 :
2094 1305 2351 1360 Dominus
2379 1303 2653 1356 intendens
2677 1303 2899 1365 tonitru,
2926 1310 2976 1354 et
3007 1315 3191 1354 creaus
3211 1297 3502 1368 spiritum‘.

2377 1476 2898 1536 INTERROGATIO
2937 1474 3048 1532 LV.

2003 1571 2204 1628 Verum
2238 1586 2352 1626 non
2399 1570 2468 1626 de
2514 1570 2618 1624 hoc
2675 1583 2801 1624 aere
2851 1567 3008 1631 dicit,
3059 1565 3156 1621 sed
3207 1565 3389 1636 potius
3437 1566 3506 1622 de

1934 1661 2139 1732 Spiritu
2165 1669 2358 1716 sancto
2389 1662 2594 1715 dictum
2627 1667 2713 1714 est
2773 1659 2828 1713 id
2880 1659 3130 1713 verbum.
3186 1655 3304 1711 Non
3358 1657 3506 1711 enim

1932 1751 2080 1807 aliud
2109 1751 2347 1806 dicimus
2375 1766 2496 1806 esse
2529 1759 2623 1804 aut
2658 1751 2848 1804 vocari
2894 1748 3173 1820 spiritum,
3219 1761 3383 1817 quam
3405 1747 3508 1818 rip-

1934 1860 2056 1902 sum
2097 1844 2358 1915 Spiritum
2391 1851 2829 1897 sacrosanctum.

2555 1931 2864 1999 Responsio.

2003 2023 2207 2079 Vereor
2232 2037 2302 2077 ne
2329 2036 2453 2076 cum
2474 2030 2726 2076 creatura
2751 2034 3145 2074 connumcrrm
3180 2018 3510 2073 increatum.

1931 2117 2322 2171 Verumtamen
2349 2128 2462 2167 non
2506 2126 2712 2182 negans
2771 2110 2875 2164 IIOC
2935 2109 3081 2179 quod
3137 2108 3342 2162 dictum
3404 2115 3508 2172 est,

1933 2207 2182 2272 admitto,
2213 2213 2267 2259 et
2307 2204 2476 2271 hunc,
2521 2204 2568 2259 si
2601 2211 2658 2256 ut
2709 2218 2808 2272 par
2841 2202 2947 2270 estj
2979 2209 3033 2255 et
3069 2199 3179 2255 Deo
3226 2199 3508 2268 competit,

1935 2297 2288 2366 intelligatur,
2326 2294 2457 2349 ferri
2495 2309 2661 2365 supra
2709 2308 2906 2363 aquas,
2941 2291 3006 2346 ad
3032 2291 3267 2345 viventia
3308 2290 3511 2360 produ-

1934 2388 2108 2441 cenda
2142 2388 2292 2455 ipsas
2316 2385 2612 2450 foventem,
2645 2393 2701 2438 et
2735 2387 2908 2438 instar
2950 2381 3272 2436 incubantis
3296 2381 3514 2449 gallinae

1934 2477 2151 2531 vitalem
2185 2478 2476 2547 quamdam
2523 2478 2632 2529 vim
2670 2475 3049 2528 immittenlem
3097 2472 3254 2540 aquis
3303 2471 3406 2525 sub
3452 2485 3514 2526 se

1935 2568 2085 2635 fetis,
2111 2569 2178 2623 ad
2210 2569 2572 2639 producenda
2602 2568 2886 2620 innumera
2918 2563 3154 2633 piscium
3191 2576 3411 2632 genera.

2375 2655 2900 2712 INTERROGATIO
2939 2653 3072 2708 LVI.

2004 2751 2270 2823 Cupimus
2307 2751 2532 2820 insuper
2559 2765 2627 2805 ex
2669 2758 2721 2803 te
2764 2748 2982 2803 discere
3046 2745 3116 2800 de
3162 2753 3288 2799 ortu
3345 2744 3512 2815 ignis.

1937 2843 2214 2914 Nusquam
2248 2842 2393 2898 enim
2430 2843 2484 2895 in
2518 2839 2808 2909 Scriptura
2836 2838 3092 2906 legimus,
3125 2834 3271 2904 quod
3312 2832 3517 2887 dixerit

1942 2933 2105 3000 Deus,
2132 2931 2250 2986 Fiat
2277 2931 2440 3001 ignis.

2573 3019 2878 3087 Responsio.

2010 3116 2268 3173 Omnium
2305 3115 2540 3169 ma.ime
2569 3111 2758 3165 rllicax
2781 3115 2866 3164 est
2903 3113 3104 3160 natura
3149 3103 3319 3174 ignis,
3363 3099 3517 3156 vide-

1947 3207 2474 3280 turqueionsistere
2507 3211 2560 3258 et
2606 3200 2825 3256 latitare
2880 3197 2938 3252 in
3005 3195 3285 3250 creatione
3334 3201 3516 3246 terrae.

1943 3299 2175 3368 Quando
2236 3297 2467 3368 lapidem
2525 3293 2894 3365 percusseris,
2954 3304 3024 3344 ex
3087 3301 3155 3343 eo
3207 3283 3522 3357 concipitur

1946 3393 2109 3464 ignis,
2135 3399 2190 3447 et
2229 3389 2378 3445 ferro
2405 3386 2600 3442 colliso
2639 3384 2897 3440 similiter
2933 3377 3073 3436 ellici
3107 3377 3269 3434 solet.
3311 3374 3421 3430 Sed
3459 3382 3516 3428 et

1945 3484 2109 3555 lignis
2141 3481 2351 3538 collisis
2375 3476 2738 3535 consimiliter
2776 3471 3142 3542 ionspicitur,
3178 3474 3240 3523 ut
3281 3464 3523 3524 ostendit

1945 3575 2064 3630 axis
2089 3573 2145 3628 in
2170 3587 2336 3627 curru
2364 3585 2430 3626 ex
2462 3580 2720 3640 pressura
2753 3563 2940 3620 oneris
2988 3561 3189 3617 ardens
3250 3571 3348 3629 per
3409 3556 3510 3611 ad-

1947 3663 2167 3720 mistum
2209 3663 2410 3732 ignem.
2440 3656 2628 3728 Neque
2659 3655 2711 3712 id
2741 3661 2975 3717 tantum,
3036 3650 3134 3708 sed
3189 3657 3245 3707 et
3269 3649 3425 3704 mola:
3473 3646 3522 3702 si

1947 3753 2386 3820 circumaguntur
2414 3748 2645 3810 'inanes,
2681 3751 2906 3814 apparet
2931 3742 3073 3814 ignis
3123 3739 3420 3804 exsiliens;
3454 3735 3523 3790 ad

1948 3857 2181 3914 quarum
2212 3839 2627 3895 similitudinem
2656 3845 2709 3892 et
2734 3835 2963 3892 nubium
2991 3830 3312 3888 collisiones
3339 3828 3520 3884 ventis

1950 3932 2312 4003 impulsarum
2360 3928 2584 3984 efﬁcere
2626 3927 2841 3997 fulgura
2872 3930 3294 3981 consueverunt.
3331 3919 3521 3978 Omnia

1948 4022 2092 4077 enim
2128 4020 2236 4092 igni
2274 4019 2438 4074 mis‘ta
2467 4024 2618 4082 sunt,
2664 4027 2719 4071 ut
2746 4016 2921 4086 inquit
2959 4013 3158 4071 Petrus
3185 4014 3298 4081 ille,
3341 4010 3526 4067 claves

1952 4115 2101 4184 regni
2131 4113 2397 4167 cmlorum
2430 4117 2676 4181 gestans,
2738 4108 2803 4162 ad
2866 4108 3016 4162 hunc
3075 4106 3191 4162 fere
3247 4104 3524 4159 modum:

1956 4201 2099 4256 Nam
2127 4199 2241 4255 coeli
2273 4200 2363 4270 qui
2389 4214 2526 4252 nunc
2553 4205 2673 4250 sunt
2703 4205 2751 4250 et
2795 4205 2960 4257 terra,
2991 4193 3106 4263 igni
3139 4185 3354 4259 repositi
3385 4196 3525 4247 sunt,

1953 4298 2002 4344 et
2031 4296 2308 4343 servantur
2336 4288 2392 4339 in
2431 4285 2570 4339 diem
2595 4282 2790 4354 judicii
2818 4290 2869 4336 et
2895 4277 3216 4350 perditionis
3243 4275 3525 4343 impiorum

1957 4381 2225 4434 hominum
2251 4379 2294 4434 ".

2380 4552 2899 4614 INTERROGATIO
2949 4550 3107 4608 LVII.

2027 4657 2096 4706 At
2129 4653 2224 4722 qui
2256 4648 2313 4703 ﬁt
2363 4655 2424 4701 ut
2455 4648 2654 4711 hieme,
2688 4658 2812 4700 cum
2847 4641 3051 4698 eaedem
3102 4645 3235 4695 sunt
3272 4635 3445 4691 nubes
3473 4641 3531 4690 et

1962 4745 2128 4812 venti,
2160 4757 2338 4813 neque
2363 4738 2545 4810 fulgur
2574 4752 2751 4808 neque
2782 4735 2990 4790 tonitru
3031 4731 3125 4786 ﬁat
3151 4730 3175 4784 ?

2596 4827 2900 4898 Responsio.

2027 4924 2182 4993 Quod
2220 4925 2423 4981 tonitru
2461 4923 2679 4986 attinet,
2714 4919 2844 4990 quid
2884 4915 3016 4971 mihi
3051 4913 3329 4978 videatur,
3361 4923 3529 4980 supra

1965 5019 2170 5073 dictum
2200 5025 2304 5074 est.
2325 5015 2481 5083 Quod
2498 5030 2628 5070 vero
2647 5013 2864 5083 fulgura
2897 5025 3004 5064 non
3038 5012 3304 5078 apparent
3336 5003 3532 5066 hieme,

1967 5103 2187 5180 propter
2225 5109 2370 5164 aeris
2393 5106 2822 5164 crassitudinem
2869 5101 2982 5156 fieri
3021 5108 3176 5170 puto,
3223 5108 3277 5152 et
3318 5105 3538 5167 propter

1967 5207 2338 5272 penetrantem
2372 5200 2658 5253 humorem
2688 5194 2938 5250 nubium.
2960 5192 3079 5246 Non
3097 5191 3241 5247 enim
3269 5184 3538 5260 quemad-

1966 5294 2186 5348 modum
2212 5291 2360 5360 quod
2391 5291 2605 5345 siccum
2641 5295 2698 5343 et
2726 5285 2942 5341 aridum
2979 5292 3085 5345 est,
3123 5282 3285 5337 etiam
3322 5275 3536 5330 madida

1969 5397 2023 5443 et
2056 5385 2282 5440 multam
2317 5381 2577 5437 habentia
2610 5379 2894 5434 materiem
2931 5379 2984 5432 in
3031 5369 3406 5430 collisionibus
3449 5366 3534 5418 lu-

1969 5487 2095 5527 cere
2125 5470 2334 5532 solent;
2369 5483 2492 5522 cum
2522 5451 2655 5520 illud
2686 5465 2904 5533 quidem
2937 5479 3031 5532 per
3063 5461 3239 5529 ignem
3272 5451 3536 5510 incenda-

1970 5572 2084 5628 tur,
2122 5561 2176 5616 in
2212 5561 2313 5616 hoc
2346 5574 2476 5615 vero
2506 5557 2589 5612 vis
2619 5556 2739 5625 ejus
2773 5555 3078 5607 ﬂaccescat.

363 5691 384 5722 ³
423 5690 582 5747 Prov.
619 5706 738 5755 νιιι,
763 5690 854 5754 24,
885 5688 972 5743 ὅθ.
1048 5689 1070 5720 ⁸
1111 5686 1282 5742 ICor.
1315 5684 1468 5753 1,24.
1545 5684 1564 5714 ⁸
1606 5681 1738 5738 Gen.
1779 5696 1816 5750 ι,

1974 5677 1994 5709 ⁶
2031 5677 2196 5732 Amos
2232 5689 2304 5740 tv,
2342 5672 2424 5728 l3.
2502 5671 2521 5702 ⁷
2559 5667 2601 5724 Il
2628 5667 2772 5724 Petr.
2810 5681 2892 5732 ιιι,
2925 5663 2976 5718 7.

365 5810 480 5882 (19)
547 5810 850 5878 Ἀνιέντος.
881 5805 1042 5866 Forte
1073 5807 1325 5870 ὲνιέντος.
1359 5805 1454 5861 Eo.
