4048 6222
516 309 616 367 927

919 403 1439 470 INTERROGATIO
1489 409 1677 465 LVIII.

590 511 743 566 Satis
762 510 980 580 quidem
1021 523 1149 561 vera
1189 515 1318 560 sunt
1348 520 1470 575 qua:
1516 502 1699 557 dicis:
1755 519 1943 558 verum
1994 517 2094 558 nos

515 602 586 659 de
616 603 827 672 fulgure
851 601 1231 670 quaerimus,et
1264 598 1330 652 de
1365 594 1718 666 generatione
1755 593 1920 665 ignis,
1973 595 2096 650 ubi-

520 705 646 744 nam
680 689 880 743 dixerit
909 687 1076 752 Deus,
1105 686 1224 739 Fiat
1259 685 1420 754 ignis.

1154 777 1456 842 Responsio.
1529 817 1532 820 .

594 873 771 927 Moses
804 871 995 926 scribit
1027 889 1040 925 :
1075 869 1144 922 Et
1167 869 1303 922 dixit
1338 869 1477 922 Deus
1513 885 1530 922 :
1569 868 1694 922 Fiat
1727 869 1854 932 lux;
1875 875 1924 921 et
1953 865 2098 934 facta

523 974 600 1018 est
629 964 722 1017 tua:
753 963 774 994 ⁸
808 980 820 1015 :
853 960 1108 1015 videlicet
1143 959 1285 1027 ignis
1311 969 1526 1013 natura.
1566 957 1683 1012 Non
1715 959 1860 1012 enim
1894 957 2099 1010 solum-

523 1052 686 1106 modo
725 1051 773 1104 is
803 1050 944 1119 ignis
981 1057 1086 1112 est,
1119 1049 1210 1117 qui
1247 1047 1388 1117 apud
1442 1063 1544 1101 nos
1592 1059 1712 1112 est;
1753 1046 1848 1101 sed
1910 1056 1963 1101 et
2013 1061 2101 1100 su-

525 1158 708 1214 pernae
736 1143 840 1196 illa:
875 1150 1172 1210 potestates
1203 1141 1343 1210 ignis
1376 1156 1500 1195 esse
1531 1139 1807 1203 videntur,
1854 1146 2102 1209 cognata:

525 1235 575 1289 ei
599 1233 692 1304 qui
719 1232 862 1302 apud
894 1248 992 1285 nos
1024 1241 1125 1284 est.

963 1319 1482 1375 INTERROGATIO
1523 1318 1658 1374 LIX.
1774 1383 1778 1387 _

599 1415 706 1470 Sed
735 1414 1011 1483 quomodo
1059 1427 1333 1482 supernus
1363 1414 1408 1466 ei
1443 1412 1535 1480 qui
1562 1411 1707 1481 apud
1739 1427 1839 1466 nos
1857 1419 1965 1476 est,
2007 1427 2102 1466 co-

534 1515 727 1576 gnatus
762 1514 866 1567 est,
897 1521 1022 1558 cum
1076 1503 1166 1557 ille
1201 1503 1426 1572 quidem
1470 1502 1966 1573 inexstinguibilis,
2014 1503 2104 1558 hic

535 1605 710 1652 autem
741 1594 1146 1665 exstinguibilis
1178 1594 1246 1647 sit
1273 1594 1295 1645 ?

610 1737 639 1769 .
1157 1683 1463 1752 Responsio.

601 1777 1003 1848 Propemodum
1034 1777 1259 1848 angelos
1291 1786 1346 1832 et
1390 1785 1610 1832 nostras
1656 1777 1868 1832 animas
1903 1778 2100 1834 simili-

527 1866 771 1920 tudinem
806 1866 1096 1935 quamdam
1130 1865 1253 1920 dico
1290 1865 1510 1920 babere.
1534 1863 1776 1936 Utraque
1799 1867 1944 1921 enim
1975 1875 2102 1922 sunt

528 1959 780 2027 spiritus,
816 1974 845 2010 a
882 1958 988 2012 Deo
1010 1973 1171 2012 suum
1203 1968 1383 2012 ortum
1435 1957 1722 2014 habentes.
1775 1957 1840 2012 Ili
1886 1959 2104 2028 quidem

530 2052 588 2104 in
623 2052 949 2121 corporibus
979 2051 1191 2107 nostris
1224 2051 1536 2121 lampadum
1564 2051 1739 2104 instar
1763 2051 2032 2115 lucentes,
2056 2060 2109 2106 et

529 2143 690 2212 quasi
723 2144 978 2198 exstincti
1006 2159 1102 2213 per
1128 2146 1552 2214 separationem,
1583 2144 1777 2213 agendi
1811 2143 2109 2198 efﬁcacita-

531 2243 640 2289 tem
672 2236 948 2289 amittunt.
981 2233 1114 2288 Nam
1152 2243 1206 2290 et
1247 2249 1276 2288 a
1324 2234 1602 2289 veteribus
1637 2235 1977 2304 sapientibus
2010 2234 2108 2288 ho-

531 2328 708 2383 mines
735 2330 1078 2398 appellantur
1095 2328 1230 2398 φῶς,
1249 2329 1355 2382 hoc
1384 2335 1490 2390 est,
1524 2328 1968 2398 lumen,pr0pter
1998 2327 2106 2380 vim

533 2419 785 2473 rationis.
823 2419 1088 2474 Similiter
1113 2429 1167 2474 et
1197 2421 1337 2491 ignis
1363 2420 1644 2484 dicuntur,
1675 2429 1733 2473 ut
1775 2419 1939 2490 paulo
1985 2427 2109 2488 post

533 2509 944 2575 demonstrabo,
985 2518 1274 2582 postquam
1308 2512 1486 2566 oratio
1505 2512 1570 2565 ad
1605 2520 1847 2566 nostram
1881 2527 2109 2580 genera-

531 2602 735 2656 tionem
771 2618 1066 2673 progressa
1101 2603 1288 2661 fuerit.
1325 2605 1564 2674 Angelos
1599 2612 1780 2658 autem
1817 2603 1942 2658 dico
1999 2604 2110 2671 spi-

536 2693 676 2750 ritus
735 2695 1246 2766 inexstingnibiles,
1286 2715 1397 2752 non
1448 2698 1716 2753 habentes
1762 2698 2105 2768 corporalem

531 2783 958 2853 disjunctionem
987 2794 1081 2840 aut
1116 2785 1544 2856 copulationem.
1603 2788 1772 2842 Porro
1800 2789 2106 2842 animorum

531 2883 586 2930 et
611 2878 927 2945 angelorum
957 2879 1373 2933 similitudinem
1399 2880 1561 2932 etiam
1587 2887 1702 2933 tres
1721 2881 1796 2932 illi
1817 2881 1992 2935 sancti
2013 2898 2106 2936 ex-

534 2974 860 3032 presserunt
897 2968 1049 3035 pueri
1092 2983 1218 3020 cum
1258 2968 1413 3020 aiunt
1451 2987 1464 3022 :
1518 2968 1837 3032 Benedicite,
1886 2972 2108 3037 spiritus

533 3063 583 3106 et
614 3056 808 3109 anima:
843 3057 1133 3122 iustorum,
1174 3057 1450 3110 Dominum
1475 3060 1516 3112 ’.
1556 3059 1622 3112 Et
1657 3075 1851 3114 rursus
1883 3061 1937 3114 in
1978 3077 2111 3114 ran-

535 3145 660 3198 ticis
700 3145 934 3202 Davides
969 3147 1144 3216 inquit
1185 3167 1197 3200 :
1230 3149 1332 3213 Qui
1367 3149 1495 3216 facit
1519 3149 1732 3219 angelos
1780 3168 1904 3206 suos
1949 3154 2108 3221 spiri-

536 3244 622 3290 tus
663 3237 725 3292 '°.
770 3237 834 3291 Et
870 3239 1287 3310 similitudinem
1342 3241 1586 3310 ipsorum
1631 3242 1699 3296 ad
1753 3244 1968 3299 animas
2013 3263 2111 3302 no-

535 3336 680 3382 stras
709 3327 945 3384 innuens
973 3329 1184 3399 inquit:
1231 3330 1488 3384 I’elociter
1511 3333 1708 3388 exaudi
1753 3351 1850 3397 me,
1871 3333 2109 3400 Domine,

535 3421 662 3491 quia
691 3420 884 3489 defecit
914 3423 1138 3491 spiritus
1165 3439 1309 3476 meus
1334 3423 1395 3473 “.

987 3513 1508 3572 INTERROGATIO
1548 3516 1661 3570 LX.

610 3601 899 3668 Quomodo
927 3619 1056 3658 vero
1093 3606 1234 3675 ignis
1263 3606 1406 3676 apud
1447 3623 1549 3662 nos
1592 3608 1752 3663 habet
1785 3611 1893 3663 vim
1923 3610 2114 3666 urendi

539 3693 686 3763 ligna
717 3705 772 3748 et
802 3695 1102 3764 quamlibet
1144 3698 1464 3764 materiam;
1497 3713 1770 3767 supernus
1800 3709 1979 3755 autem
2007 3716 2117 3755 non

540 3783 722 3838 adurit
745 3784 930 3840 aridas
957 3785 1208 3850 arbores,
1253 3795 1350 3840 aut
1404 3789 1587 3842 ovium
1636 3790 1856 3851 veilera,
1901 3791 1984 3844 vel
2026 3806 2118 3846 ca-

492 3938 502 3948 .
545 3871 704 3943 pillos
732 3886 949 3931 nostros
984 3877 1086 3931 soli
1112 3879 1426 3947 expositos?

1177 3966 1481 4036 Responsio.

617 4057 700 4112 Sit
734 4058 849 4127 ipse
885 4059 986 4114 hac
1024 4061 1078 4115 in
1107 4069 1260 4130 parte
1303 4063 1386 4116 sol
1415 4063 1781 4132 ‘prazdagogus
1819 4074 2022 4130 noster,
2056 4080 2120 4119 ac

545 4149 741 4206 doceat
769 4166 870 4208 nos
916 4159 1026 4206 tam
1065 4153 1173 4216 sui,
1207 4169 1370 4222 quam
1403 4153 1523 4222 ejus
1569 4156 1660 4223 qui
1706 4154 1846 4224 apud
1889 4171 1991 4210 nos
2017 4167 2120 4223 est,

545 4243 686 4314 ignis
715 4243 1124 4312 cognationem.
1156 4243 1290 4297 Nam
1335 4261 1710 4313 sa-pennmero
1737 4247 1902 4316 aliqui
1927 4263 2124 4317 capra-

546 4334 637 4397 rii,
662 4341 756 4388 aut
791 4334 1034 4402 bubulci,
1069 4343 1162 4388 aut
1193 4344 1439 4404 pastores
1469 4352 1732 4405 equorum
1778 4338 1833 4390 in
1872 4335 2125 4392 taberna-

546 4423 685 4478 culis
737 4423 999 4478 solilariis
1037 4433 1280 4494 agentes,
1323 4441 1446 4478 cum
1503 4440 1739 4494 coquere
1779 4441 1976 4481 carnes
2029 4433 2122 4480 aut

549 4513 821 4569 frumenta
848 4515 1060 4578 volunt,
1090 4515 1296 4570 mundo
1327 4516 1502 4570 vitreo
1538 4532 1666 4571 vase
1701 4532 1842 4586 aqua
1876 4517 2120 4587 impleto,

545 4605 594 4660 si
628 4622 694 4661 ex
725 4608 975 4681 opposito
1006 4608 1270 4663 solarium
1301 4610 1580 4662 radiorum
1630 4609 1683 4663 id
1725 4609 2020 4672 tenuerint,
2047 4615 2126 4664 te-

549 4700 878 4771 tigerintque
900 4716 1024 4755 eum
1055 4717 1188 4756 vase
1213 4702 1443 4771 aquario
1476 4703 1659 4756 limum
1699 4701 1937 4764 aridum,
1973 4716 2002 4755 a
2030 4717 2127 4758 su-

551 4807 720 4861 perno
750 4792 954 4846 lumine
985 4795 1163 4862 ignem
1196 4793 1533 4862 concipiunt.

988 4905 1506 4964 INTERROGATIO
1549 4909 1680 4964 LXI.

625 4994 901 5053 Tenebras
931 5003 1055 5070 quis
1101 5000 1264 5055 fecit?
1313 5000 1450 5055 Num
1496 5002 1675 5057 Deus?
1721 5019 1788 5058 an
1848 5003 1916 5059 ab
1970 5004 2129 5060 initio

562 5091 819 5145 fuerunt?
846 5091 954 5146 Aut
983 5109 1111 5147 num
1159 5095 1412 5151 diabolus
1455 5111 1549 5151 eas
1601 5096 1750 5159 fecit.
1793 5095 2132 5152 utadversa-

560 5177 678 5233 rios
736 5180 911 5235 lucis?
955 5182 1308 5239 Arbitrantur
1357 5187 1503 5241 enim
1558 5187 1823 5256 plerique,
1868 5187 2013 5256 quod
2064 5189 2133 5243 ab

560 5272 715 5328 initio
739 5271 942 5328 fuerint
976 5284 1103 5329 ante
1146 5279 1432 5333 mundum.
1469 5278 1747 5350 Nusquam
1780 5281 1925 5335 enim
1955 5277 2134 5338 Moses

560 5365 715 5434 dicit,
750 5366 895 5439 quod
924 5367 1126 5438 aliquis
1158 5371 1413 5426 tenebras
1450 5371 1661 5437 fecerit,
1699 5372 1795 5426 sed
1830 5372 1975 5442 quod
2015 5372 2132 5428 l‘uc-

563 5458 692 5514 rint.

1609 293 1667 346 S.
1706 289 2374 354 CIESARII,GREGORII
2419 289 2717 344 FRATRIS

3669 285 3787 341 9‘28

2774 406 3024 461 ΠΕΥΣΙΣ
3066 404 3196 463 NH'.

2267 497 2462 562 Καλῶς
2509 499 2607 569 μὲν
2655 496 2768 566 ἔχει
2807 496 2874 548 τὰ
2927 495 3229 564 εἰρημένα,
3275 494 3411 548 ἀλλά
3467 499 3601 567 ἡμῖν
3653 501 3784 570 περὶ

2198 591 2482 661 ἀστραπῆς
2511 592 2544 660 ἡ
2596 591 2843 661 ζήτησις.
2897 586 3058 640 Ἀλλά
3104 587 3232 658 περὶ
3276 588 3546 655 γενέσεως
3584 591 3781 661 πυρὸς,

2201 685 2302 738 ποῦ
2343 679 2494 736 εἶπεν
2526 686 2554 738 ὁ
2583 683 2736 746 Θεὸς,
2767 680 3056 751 Γενηθήτω
3085 679 3224 751 πῦρ;

2827 774 3178 840 Ἀπόκρισις.

2273 867 2478 935 Μωσῆς
2528 866 2748 936 γράφει·
2800 863 2908 918 Καὶ
2943 858 3112 916 εἶπεν
3161 865 3194 914 ό
3245 863 3406 927 Θεός·
3462 862 3790 929 Γενηθήτω

2200 956 2346 1027 φῶς,
2380 959 2478 1011 καὶ
2517 959 2753 1027 ἐγένετο
2776 955 2923 1026 φῶς,
2951 958 2985 1025 ἡ
3015 955 3109 1008 τοῦ
3139 953 3308 1023 πυρὸς
3335 952 3577 1023 δηλονότι
3599 953 3780 1022 φύσις.

2203 1053 2276 1104 υὺ
2311 1051 2419 1120 γάρ
2446 1051 2606 1122 μόνον
2629 1049 2690 1103 τὸ
2712 1051 2838 1120 παρ’
2869 1051 2999 1120 ἡμῖν
3023 1046 3135 1118 πῦρ
3163 1047 3417 1118 ὑπάρχει,
3446 1045 3585 1101 ἀλλὰ
3609 1049 3704 1101 καὶ
3724 1050 3784 1101 αῑ

2202 1144 2314 1196 ἄνω
2345 1142 2603 1211 δυνάμεις
2633 1141 2742 1212 πῦρ
2773 1137 2912 1194 εἷναί
2949 1157 3042 1211 μοι
3078 1138 3314 1204 δοκοῦσι,
3339 1143 3622 1208 συγγενεῖς
3646 1141 3784 1212 (19⁸)

2206 1231 2298 1284 τοῦ
2335 1233 2462 1301 παρ’
2498 1232 2648 1300 ἡμῖν.

2783 1323 3032 1375 ΠΕΥΣῘΣ
3069 1321 3196 1375 ΝΘ.

2275 1413 2382 1466 Καὶ
2421 1413 2532 1476 πῶς
2562 1412 2623 1464 τὸ
2654 1412 2765 1466 ἄνω
2803 1411 2897 1464 τοῦ
2928 1413 3054 1483 παρ’
3084 1413 3215 1482 ἡμῖν
3241 1414 3357 1464 ἐστι
3387 1413 3667 1482 συγγενὲς,
3689 1412 3786 1466 τοῦ

2208 1503 2306 1574 μὲν
2337 1503 2602 1556 ἀσϐέστου
2631 1502 2804 1568 ὄντος,
2830 1502 2923 1555 τοῦ
2957 1502 3014 1555 δὲ
3043 1502 3406 1572 σϐεννυμένου
3432 1519 3446 1566 ;

2817 1685 3182 1754 Ἀπόκρισις.

2280 1777 2683 1850 Παραπλησίως
2711 1777 2958 1846 ἀγγέλων
2998 1776 3093 1829 καὶ
3124 1775 3232 1828 τῶν
3275 1776 3561 1848 ἡμετέρων
3597 1776 3788 1847 ψυχῶν

2204 1874 2263 1926 τὸ
2312 1873 2495 1942 ὅμοιον
2549 1869 2694 1939 ἔχειν
2747 1869 2909 1940 φημί.
2975 1869 3283 1940 Ἀμφότερα
3335 1869 3444 1940 γάρ
3500 1871 3790 1939 πνεύματα

2207 1965 2460 2034 ὑπάρχει,
2498 1961 2649 2033 παρὰ
2678 1960 2811 2013 Θεοῦ
2846 1962 2943 2031 τὴν
2974 1959 3186 2028 γένεσιν
3225 1959 3440 2030 ἔχοντα,
3487 1961 3556 2013 τά
3586 1962 3688 2030 μὲν
3727 1964 3789 2014 ἐν

2205 2058 2316 2119 τοῖς
2353 2053 2598 2124 σώμασιν
2643 2052 2800 2124 ἡμῶν
2835 2051 3132 2121 λαμπάδιον
3178 2051 3334 2123 δίκην
3381 2052 3666 2120 φαίνοντα,
3697 2054 3795 2105 καὶ

2206 2147 2368 2201 οἱονεὶ
2408 2144 2740 2215 σϐεννύμενα
2768 2145 2834 2214 τῇ
2866 2142 3134 2208 διαξεύξει
3154 2182 3168 2205 ,
3191 2143 3291 2213 τῆς
3321 2143 3602 2212 ἐνεργείας
3630 2143 3796 2196 παυό-

2211 2256 2366 2308 μενα.
2398 2236 2517 2300 Φῶς
2563 2236 2670 2309 γάρ
2715 2237 2811 2289 καὶ
2859 2235 3043 2307 βροτοὶ
3080 2236 3232 2307 παρὰ
3260 2237 3370 2298 τοῖς
3398 2234 3568 2288 πάλαι
3609 2236 3794 2303 σοφοῖς

2208 2328 2703 2400 προσαγορεύονται
2727 2366 2741 2390 ,
2775 2327 2850 2389 ὡς
2886 2326 3080 2398 μικρὸν
3113 2325 3336 2396 ὕστερον
3370 2323 3662 2388 ἀποδείξω,
3699 2324 3793 2376 τοῦ

2207 2419 2364 2487 λόγου
2409 2419 2690 2488 προϊόντος
2727 2417 2820 2469 ἐπὶ
2849 2417 2948 2487 τὴν
2981 2415 3259 2486 ἡμετέραν
3291 2415 3529 2482 γένεσιν.
3575 2413 3717 2476 Τοὺς
3748 2412 3794 2464 δ’

2209 2513 2472 2582 ἀγγέλους
2502 2513 2644 2582 φημὶ⁹
2687 2510 2972 2580 πνεύματα
3006 2509 3244 2561 ἄσϐεστα
3269 2549 3284 2573 ,
3336 2507 3412 2578 μὴ
3448 2507 3640 2576 ἔχοντα
3688 2522 3794 2558 σω-

2213 2605 2444 2674 ματικὴν
2477 2603 2769 2668 συνάφειαν
2803 2602 2896 2654 καὶ
2921 2600 3221 2652 διάστασιν.
3254 2599 3366 2668 Τὴν
3393 2597 3451 2651 δὲ
3477 2597 3669 2666 ψυχῶν
3701 2597 3797 2649 καὶ

2209 2695 2456 2764 ἀγγέλων
2493 2693 2806 2763 ὁμοιότητα,
2836 2691 2927 2744 καὶ
2956 2692 3007 2743 οἱ
3050 2693 3192 2762 τρεῖς
3242 2690 3387 2758 ᾶγιοι
3440 2689 3800 2758 παρέστησαν

2210 2788 2416 2850 παῖδες,
2449 2785 2767 2854 Εὐλογεῖτε
2788 2823 2804 2848 ,
2837 2784 3133 2852 φάσκοντες
3155 2822 3169 2845 ,
3199 2782 3509 2849 πνεύματα
3543 2780 3644 2833 καὶ
3678 2783 3800 2846 ψυ-

2212 2879 2307 2946 χαὶ
2342 2877 2608 2940 δικαίων,
2635 2875 2739 2929 τὸν
2768 2875 3001 2943 Κύριον.
3031 2874 3142 2925 Καὶ
3177 2872 3333 2925 πάλιν
3363 2873 3420 2923 ὲν
3455 2869 3746 2940 μελῳδίαις
3769 2871 3802 2922 ὁ

2211 2969 2373 3021 Δαϐίδ
2402 2983 2588 3036 φησιν·
2631 2967 2690 3019 Ὀ
2715 2965 2901 3018 ποιῶν
2921 2964 3059 3030 τοὺς
3092 2963 3386 3032 ἀγγέλους
3405 2961 3593 3014 αὑτοῦ
3619 2961 3803 3013 πνεύ-

2209 3078 2385 3132 ματα.
2406 3063 2447 3112 Τ
2451 3062 2478 3113 ὸ
2503 3061 2548 3113 δ’
2576 3062 2760 3130 ὅμοιον
2776 3039 2955 3112 αὑτῶν
2980 3057 3114 3126 πρδς
3140 3054 3239 3118 τάς
3261 3052 3418 3125 ἡμῶν
3445 3051 3621 3122 ψυχάς
3651 3069 3800 3120 παρ-

2219 3153 2402 3216 ιστῶν,
2448 3152 2608 3222 φησί·
2668 3149 2825 3218 Ταχὺ
2875 3147 3246 3202 εἱσάκουσόν
3287 3163 3426 3215 μου,
3458 3145 3674 3210 Κύριε,
3706 3142 3807 3208 ἐξ·

2214 3244 2388 3298 ἐλιπε
2420 3242 2485 3297 τὸ
2517 3242 2756 3311 πνεῦμά
2774 3258 2916 3310 μου.

2851 3513 3094 3566 ΠΕΥΣΙΣ
3127 3511 3200 3565 Ξ’.

2287 3611 2398 3665 Καὶ
2421 3608 2536 3672 πῶς
2555 3609 2614 3663 τὸ
2636 3607 2762 3680 παρ’
2791 3608 2920 3678 ἡμῖν
2954 3603 3084 3675 πῦρ,
3111 3601 3408 3657 καυστικὸν
3439 3601 3676 3671 ὑπάρχει
3695 3598 3810 3652 τῶν

2220 3702 2410 3768 ξύλων,
2440 3700 2534 3754 καὶ
2561 3701 2740 3770 πάσης
2765 3698 2897 3768 ὑλης
2919 3714 2932 3726 ο
2956 3697 3018 3748 τὸ
3045 3696 3090 3749 δ’
3119 3695 3229 3750 ἄνω
3249 3694 3310 3747 οὑ
3342 3693 3529 3762 φλέγει
3555 3690 3623 3744 τά
3663 3690 3815 3760 ξηρά

2219 3795 2327 3847 τῶν
2356 3792 2605 3864 δένδρων,
2641 3790 2675 3861 ἢ
2709 3789 2779 3843 τὰ
2826 3789 2947 3859 ἔρια
2978 3787 3085 3841 τῶν
3125 3785 3438 3857 προϐάτων,
3462 3783 3494 3853 ἢ
3520 3783 3615 3846 τάς
3645 3784 3680 3854 ἡ
3691 3782 3812 3853 μῶν

2221 3884 2412 3955 τρίχας
2442 3881 2750 3953 ἡλιωμένας
2779 3896 2793 3943 ;
2836 3870 2842 3879 ’

2843 3970 3197 4037 Ἀπόκρισις.

2303 4065 2362 4118 '0
2395 4064 2542 4135 ἣλιος
2573 4063 2674 4133 μὲν
2708 4062 3052 4129 παιδαγωγὸς
3083 4061 3328 4130 γένηται,
3359 4059 3626 4113 διδάσκων
3665 4061 3816 4130 ἡμᾶς

2224 4157 2318 4212 τοῦ
2373 4155 2574 4210 οἰκείου
2620 4155 2790 4225 πυρὸς
2833 4155 2928 4207 καὶ
2969 4153 3062 4206 τοῦ
3109 4153 3241 4221 παρ’
3291 4153 3426 4222 ἡμῖν
3463 4149 3562 4221 τὴν
3608 4151 3814 4218 συγτὲ-

2225 4267 2392 4304 νειαν.
2415 4249 2676 4312 Πολλάκις
2709 4248 2814 4320 γάρ
2843 4264 2988 4309 τινες
3013 4245 3120 4298 τῶν
3145 4245 3383 4298 αἰπόλων
3412 4245 3445 4314 ἧ
3471 4243 3751 4314 βουκόλων
3780 4243 3814 4312 ἢ

2229 4343 2602 4415 ἱπποφορϐῶν,
2639 4345 2698 4396 ὲν
2747 4345 2971 4412 σκηναῖς
3001 4339 3088 4393 ἐπ’
3127 4341 3350 4410 ἐρήμων
3381 4338 3687 4405 διάγοντες,
3716 4337 3818 4392 πέ-

2229 4437 2330 4505 ψαι
2357 4434 2495 4506 κρέα
2531 4434 2565 4504 ἦ
2607 4437 2730 4488 σῖτα
2762 4433 3094 4504 βουλόμενοι,
3118 4431 3282 4484 ὑάλου
3338 4429 3585 4500 καθαρᾶς
3616 4429 3819 4492 σκεῦος

2229 4527 2618 4600 πληρώσαντες
2682 4526 2894 4590 ὑδατος,
2939 4525 3032 4578 καὶ
3094 4523 3322 4594 ἀντικρὺ
3397 4521 3505 4575 τῶν
3573 4522 3819 4589 ἡλιακῶν

2229 4619 2462 4672 ἀκτίνων
2493 4619 2897 4690 κρατήσαντες,
2933 4617 2981 4668 εί
3009 4615 3272 4682 ψαύσειαν
3287 4616 3354 4684 τῇ
3382 4612 3609 4684 ὑδροχόῃ
3644 4612 3823 4674 ὸνίδος

2232 4710 2432 4781 ξηρᾶς,
2465 4712 2529 4764 ἐκ
2571 4711 2667 4781 τῆς
2711 4709 2916 4763 ἀνωθεν
2953 4707 3305 4778 φρυκτωρίας
3337 4706 3402 4760 τὺ
3442 4704 3554 4775 πῦρ
3584 4703 3822 4772 ἐφυτεύ-

2238 4821 2416 4858 σαντο.

2819 4909 3070 4965 ΠΕΥΣΙΣ
3112 4909 3233 4961 ΞΑἎ

2307 5006 2383 5060 Τὸ
2410 5005 2596 5068 σκότος
2641 5003 2722 5066 τίς
2768 5002 3018 5074 Eminus;
3050 5002 3082 5072 ἢ
3122 4998 3410 5070 ἁρχίγονον
3439 4998 3554 5067 (20)
3586 4992 3680 5069 ἦν,
3709 4998 3743 5068 ἢ
3790 4997 3821 5048 ὀ

2237 5100 2482 5162 διάϐολος
2519 5096 2651 5150 αὑτὸ
2679 5096 2951 5165 ἐποίησεν,
2993 5094 3068 5157 ὡς
3095 5091 3425 5153 ἀπεναντίας
3463 5088 3561 5142 τοῦ
3607 5088 3818 5158 φωτόςς

2239 5189 2552 5263 Νομίζομεν
2577 5190 2652 5253 δὲ,
2674 5190 2756 5242 ὅτι
2783 5185 2850 5258 ἦν
2879 5188 3104 5258 ἀρχαῖον
3130 5185 3237 5257 πρὸ
3258 5182 3354 5237 τοῦ
3390 5183 3622 5252 κόσμου.
3651 5182 3823 5235 0'55:-

2247 5283 2347 5356 μοῦ
2372 5285 2480 5356 γάρ
2499 5284 2645 5353 λέγει
2664 5281 2981 5351 Μωσῆς,ὅτι
3011 5277 3236 5349 ἐποίησὲ
3266 5293 3351 5340 τις
3371 5275 3431 5332 τὸ
3471 5275 3692 5341 σκότος,
3713 5273 3822 5328 ἀλλ’

2241 5377 2322 5430 ὃτι
2354 5371 2440 5446 ἦν.

631 5639 652 5669 ⁸
692 5639 825 5693 Gen.
870 5654 907 5706 ι,
944 5641 997 5694 3.
1075 5639 1096 5671 ⁹
1137 5639 1272 5695 Dan.
1311 5657 1391 5707 ιιι,
1423 5638 1513 5696 86.
1593 5642 1634 5673 ³⁸
1674 5638 1819 5696 Psal.
1851 5655 1970 5707 cm,
2007 5641 2062 5696 4.
2143 5641 2179 5672 “
2226 5637 2374 5696 Psal.
2410 5650 2577 5701 cun,
2614 5635 2666 5686 7.

632 5755 766 5827 (I9')
799 5755 1130 5826 Συγγενεῖς.
1165 5756 1324 5814 Forte
1355 5757 1634 5827 συγγενές.
1663 5753 1819 5811 Enn.

2304 5754 2415 5826 (ΞΟ)
2468 5750 2826 5822 Ἁρχίγονον.
2852 5745 3015 5806 Fut‘lc
3048 5743 3362 5817 ἀρχέγονον.
3392 5741 3474 5798 lus
