3984 6208
507 276 602 333 951

1143 388 1446 459 Responsio.

576 483 851 553 Quidquid
902 481 1084 536 lautum
1128 490 1183 535 et
1232 480 1469 533 hilarum
1520 485 1626 542 est,
1663 478 1936 546 placidum
1972 491 2084 529 me-

506 578 613 630 rito
641 574 977 645 appellatur;
1028 572 1113 627 his
1146 585 1274 625 vero
1306 570 1603 632 contraria,
1643 584 1752 623 nox
1791 568 2085 623 nominan-

504 672 614 720 tur.
652 665 759 719 Sed
785 671 839 718 et
869 663 1027 717 aliter
1072 660 1201 714 mihi
1258 660 1473 714 videtur
1523 675 1620 729 per
1666 658 2085 728 appellationem

506 758 827 813 servitutem
859 755 1102 825 ipsorum
1132 752 1466 823 signiﬁcare,
1488 752 1740 822 beneque
1765 750 2086 821 dispositam

505 863 704 905 cursus
749 861 844 916 per
869 845 1020 900 vices
1056 843 1536 899 constitutionem.
1583 840 1799 894 Domini
1834 841 1979 894 enim
2005 849 2090 894 est

506 940 826 995 nominatim
877 952 1098 1000 vocare,
1150 935 1481 989 famulorum
1542 947 1671 987 vero
1735 931 1978 993 obedire,
2034 938 2090 984 et

505 1034 663 1105 quasi
695 1046 849 1095 voce,
884 1031 1096 1085 ordinis
1138 1029 1279 1083 bona
1308 1026 1695 1081 observatione
1724 1024 2083 1094 respondere.

920 1116 1445 1173 INTERROGATIO
1486 1115 1672 1171 LXIII.

577 1210 866 1279 Quomodo
915 1220 1033 1265 erat
1080 1219 1227 1263 terra
1277 1208 1692 1277 inaspectabilis
1745 1214 1800 1262 et
1848 1206 2093 1261 inculta?

505 1320 639 1363 num
664 1304 823 1376 quasi
858 1300 1243 1373 semiperfecta
1276 1314 1306 1354 a
1343 1299 1453 1355 Deo
1491 1298 1659 1363 facta,
1694 1306 1788 1352 aut
1827 1312 1938 1369 quo
1967 1304 2090 1352 tan-

505 1396 631 1454 dem
662 1395 858 1468 pacto?

1146 1483 1454 1554 Responsio.

581 1579 997 1651 lnaspectabilis
1024 1584 1141 1634 erat
1180 1586 1325 1633 terra
1364 1587 1417 1631 et
1459 1575 1689 1639 inculta,
1730 1588 1841 1628 non
1872 1579 2092 1635 natura,

507 1672 606 1728 sed
640 1672 1000 1726 exornatione
1021 1678 1075 1723 et
1111 1667 1273 1731 facie,
1318 1666 1561 1721 nondum
1597 1663 1900 1734 segregatis
1932 1663 2092 1734 aquis

507 1766 575 1820 ad
606 1750 885 1834 pi'oprium
918 1763 1122 1825 locum,
1160 1768 1218 1813 ut
1246 1765 1566 1814 cerneretur
1598 1755 1719 1826 ejus
1758 1754 2087 1819 substantia,

510 1854 713 1925 plantis
791 1858 1191 1915 exornaretur,
1267 1855 1323 1903 et
1408 1845 1640 1900 ﬂoribus
1708 1851 2088 1900 coronaretur.

506 1944 722 2013 Abysso
746 1955 982 2009 namque
1035 1952 1201 2008 super
1258 1936 1432 2006 ipsam
1476 1932 1813 1999 exundante,
1846 1935 2089 1989 nondum

505 2041 626 2087 erat
662 2030 893 2085 fontium
944 2038 997 2084 et
1037 2026 1321 2082 ﬂuminum
1362 2024 1717 2081 distinctione
1756 2023 1958 2090 cincta,
2004 2038 2096 2079 ne-

505 2140 616 2195 que
648 2122 926 2193 variegata
973 2120 1042 2174 ad
1071 2118 1467 2175 enutritionem
1504 2132 1693 2173 eorum
1736 2131 1859 2187 quae
1905 2114 2093 2170 divino

509 2224 782 2287 praecepto
816 2229 883 2270 ex
932 2212 1050 2283 ipsa
1110 2209 1461 2281 producenda
1510 2215 1689 2273 erant,
1740 2207 2090 2270 animalium;

504 2308 665 2376 quasi
723 2306 939 2376 lugubri
990 2304 1227 2374 quadam
1284 2309 1436 2357 veste
1478 2301 1678 2371 abysso
1729 2298 2091 2365 circumdata,

508 2398 971 2470 quemadmodum
1022 2405 1217 2449 auctor
1273 2394 1364 2448 ille
1426 2392 1734 2446 carminum
1780 2390 2092 2445 divinorum

512 2490 745 2545 Davides
790 2489 1018 2558 inquit:
1073 2486 1310 2556 Abyssus
1358 2484 1518 2537 veluti
1567 2484 1724 2537 vestis
1770 2483 2094 2551 opertorium

512 2583 626 2652 ejus
657 2583 699 2613 ’⁸
738 2598 751 2634 :
789 2580 1007 2635 Oceano
1034 2578 1245 2633 scilicet
1270 2578 1447 2631 instar
1476 2575 1665 2630 annuli
1691 2581 1894 2630 terram
1916 2574 2095 2629 adhuc

513 2672 911 2736 circumdante,
948 2669 1093 2725 sicut
1121 2671 1421 2722 etiamnum
1459 2666 1620 2721 hodie
1645 2674 1881 2720 constat.

933 2756 1453 2816 INTERROGATIO
1494 2757 1678 2812 LXIV.

584 2854 768 2920 Quare
811 2864 991 2909 autem
1038 2852 1311 2922 PrOpheta
1360 2866 1470 2904 non
1517 2850 1656 2904 dixit
1711 2851 1767 2904 in
1831 2850 2098 2906 feminino

513 2962 729 3015 genere,
762 2946 1097 3016 opertorium
1152 2945 1275 3014 ejus
1309 2962 1321 2996 :
1361 2942 1457 2996 sed
1506 2944 1649 3011 ejus,
1697 2944 1750 2996 in
1787 2945 2098 2999 masculino

509 3037 594 3092 vel
624 3035 861 3090 neutro?

1146 3122 1450 3192 Responsio.

580 3215 727 3271 Nihil
780 3216 833 3269 in
878 3216 985 3270 hoc
1026 3216 1379 3274 descriminis
1405 3228 1511 3284 est,
1546 3221 1595 3277 si
1626 3221 1961 3275 elementum
1996 3232 2097 3286 pro

511 3315 660 3362 terra
710 3307 1170 3379 subintelligatur.
1235 3307 1426 3379 Neque
1482 3315 1610 3368 item
1678 3327 1802 3367 cum
1849 3311 2094 3366 omnium

512 3401 706 3453 anima:
741 3399 1007 3455 feminino
1038 3415 1238 3470 genere
1261 3404 1627 3472 appellentur,
1666 3403 1875 3458 idcirco
1900 3404 1983 3458 vel
2015 3402 2095 3458 fe-

514 3490 692 3543 minas
732 3491 817 3545 vel
843 3506 1022 3546 mares
1050 3507 1172 3547 esse
1223 3494 1591 3550 concedemus
1629 3496 1866 3550 animas.
1906 3494 2011 3550 Sed
2044 3504 2097 3550 ct

513 3582 769 3638 Christus
800 3584 1068 3653 sapientia
1102 3594 1157 3639 et
1185 3587 1431 3655 potentia
1474 3599 1528 3643 et
1572 3596 1725 3659 petra
1767 3589 2094 3658 appellatur,

514 3687 639 3727 cum
658 3675 903 3740 sitDeus,
924 3674 1159 3733 Verbum
1175 3690 1229 3735 et
1246 3670 1408 3733 homo
1421 3677 1585 3733 idem.
1615 3679 1958 3750 Intelligatur
1996 3696 2095 3733 an-

518 3776 622 3822 tem
655 3775 709 3820 et
755 3768 864 3821 alio
914 3769 1099 3822 modo.
1147 3771 1442 3826 Invisibilis
1474 3780 1592 3826 erat
1644 3780 1813 3828 terra.
1843 3770 2094 3827 Nondum

514 3858 659 3911 enim
693 3866 812 3913 erat
852 3859 973 3929 ejus
1017 3863 1421 3931 contemplator
1442 3863 1626 3929 homo,
1669 3881 1848 3935 neque
1878 3881 1942 3920 ea
1976 3879 2098 3935 quae

513 3951 839 4006 naturaliter
869 3952 933 4007 ad
966 3953 1138 4023 ipsam
1171 3970 1343 4023 prona
1370 3972 1430 4011 se
1452 3956 1741 4022 inclinant,
1767 3958 2097 4029 assidueque

516 4041 686 4111 ipsam
717 4054 989 4115 spectant,
1021 4046 1266 4100 balatum
1287 4051 1507 4102 edentia
1528 4049 1849 4103 animalium
1872 4064 2093 4119 genera.

946 4132 1461 4193 INTIERROGATIO
1500 4138 1662 4194 LXV.

583 4224 723 4291 Quid
762 4236 850 4281 est
884 4227 1186 4281 secundum
1229 4238 1481 4285 naturam
1512 4231 1916 4288 Iirmamentum
1947 4232 2094 4303 quod

514 4316 897 4372 intermedium
934 4330 1155 4389 separat
1190 4336 1410 4391 aquam,
1448 4331 1503 4379 et
1531 4339 1728 4395 aquam
1765 4326 2096 4395 ultra-cude-

514 4417 651 4464 stem
677 4417 732 4464 et
761 4412 1069 4466 marinam?

1149 4498 1458 4570 Responsio.

586 4589 772 4645 Primo
806 4591 1029 4662 quidem
1056 4591 1146 4648 die
1172 4595 1372 4649 coelum
1405 4596 1724 4663 creabatur,
1751 4596 1898 4667 quod
1916 4596 2095 4653 .situm

513 4692 597 4739 est
643 4699 812 4753 supra
861 4686 1302 4752 firmamentum;
1350 4688 1593 4743 secundo
1636 4704 1767 4744 vero
1815 4688 1867 4743 id
1911 4688 2095 4743 ﬁrma-

515 4784 782 4841 mentum,
816 4777 962 4847 quod
985 4793 1151 4849 supra
1171 4789 1337 4849 caput
1363 4788 1615 4836 nostrum
1640 4782 1916 4847 cernitur;
1948 4781 2096 4852 quod

515 4868 740 4923 alterius
772 4884 935 4939 quam
972 4872 1232 4941 superius
1264 4870 1400 4926 illud
1437 4880 1523 4929 est
1556 4882 1786 4928 naturae.

928 4961 1134 5016 INTER
1144 4961 1447 5019 ROGATIO
1486 4963 1671 5022 LXVI.

588 5040 876 5108 Quomodo
900 5065 1032 5105 vero
1066 5066 1189 5105 cum
1223 5052 1388 5109 unius
1410 5065 1463 5108 et
1488 5054 1736 5125 ejusdem
1769 5059 1894 5115 sint'
1919 5064 2098 5118 nomi-

518 5132 627 5202 nis,
662 5135 890 5193 alterius
918 5149 970 5194 et
1009 5143 1241 5198 diversae
1271 5155 1435 5200 erunt
1472 5151 1718 5205 naturae?

1146 5234 1455 5304 Responsio.

589 5318 694 5386 Qui
731 5318 977 5375 studiose
1023 5329 1078 5377 et
1108 5340 1217 5379 non
1252 5331 1630 5396 perfunctorie
1672 5335 1909 5393 litteram
1962 5355 2095 5394 exa-

515 5413 751 5477 minant,
781 5412 947 5467 etiam
999 5414 1052 5469 in
1084 5419 1447 5489 appellatione
1501 5428 1731 5482 multum
1779 5430 2097 5488 diﬂerentiae

517 5504 945 5574 deprehenderit.
995 5508 1157 5565 Aliud
1206 5515 1351 5569 enim
1395 5518 1619 5586 malum,
1652 5521 1799 5577 aliud
1840 5538 1968 5577 vero
2011 5534 2095 5580 est

517 5594 940 5656 ﬁrmamentum.
986 5601 1220 5662 Proinde
1256 5618 1311 5664 et
1350 5626 1416 5666 ex
1452 5612 1571 5684 ipsa
1606 5615 1973 5683 appellatione
2003 5618 2094 5671 di-

592 5725 639 5756 "
675 5725 818 5781 Psal.
845 5744 962 5795 cru,
990 5731 1044 5787 6.

1602 271 1659 325 S.
1686 265 2007 334 CIESARII,
2032 261 2361 319 CREGOBII
2411 264 2714 319 FRATRIS

3651 275 3741 332 9'3

2818 383 3167 451 Ἀπόκρισις.

2258 477 2374 528 Πᾶν
2402 475 2462 527 τὸ
2494 475 2717 544 φαιδρὸν
2748 478 2839 528 καὶ
2873 475 3077 545 ἱλαρὸν,
3112 478 3322 547 τήμερον
3343 476 3568 542 είκᾶτως
3600 497 3755 551 προσ-

2190 567 2513 637 αγορεύεται
2545 585 2559 598 ⁸
2595 568 2663 620 τὰ
2693 567 2747 620 δὲ
2776 568 2994 621 ἐναντία
3045 568 3256 621 τούτων
3300 568 3398 633 νὺξ
3427 572 3755 641 ὀνομάζεται.

2190 659 2299 709 Καὶ
2335 657 2540 726 ἑτέρως
2580 657 2636 710 δέ
2683 646 2791 727 μοι’
2807 658 2955 710 δοκεῖ
2980 657 3068 712 διὰ
3109 659 3210 729 τῆς
3249 658 3495 730 κλήσεως
3525 662 3624 731 τὴν
3654 664 3757 715 60o-

2189 746 2338 799 λείαν
2376 747 2556 799 αὑτῶν
2598 746 2982 816 σημαίνεσθαι,
3014 748 3109 798 καὶ
3127 747 3226 818 τὴν
3248 747 3512 802 εὔτακτον
3534 750 3631 802 τοῦ
3652 750 3755 821 δρός

2193 853 2294 906 μου
2342 835 2594 907 ἀλλήλοις
2636 837 3082 906 ἀντιπαράδοσιν.
3128 839 3400 891 Δεσπότου
3448 845 3558 910 γὰρ
3601 841 3667 894 τὸ
3708 845 3760 896 ἐκ

2192 928 2563 997 προσηγορίας
2600 926 2808 991 καλεῖν,
2848 930 3073 983 οἰκετῶν
3111 930 3166 984 δὲ
3197 932 3259 984 τὸ
3306 933 3644 1001 ὑπακούειν,
3682 939 3757 987 καὶ

2190 1013 2301 1071 οἷον
2337 1022 2487 1090 φωνῇ
2514 1022 2580 1089 τῇ
2616 1019 2841 1091 εὐταξίᾳ
2860 1021 2953 1074 τοῦ
2989 1023 3188 1093 δρόμου
3219 1025 3640 1096 ἀποκρίνεσθαι.

2808 1114 3061 1166 ΠΕΥΣΙΣ
3087 1114 3204 1169 EI".

2264 1200 2389 1264 Πῶς
2433 1197 2501 1272 ἦν
2539 1204 2573 1274 ή
2616 1203 2688 1273 γῆ
2729 1204 2960 1275 ἀόρατος
3004 1208 3098 1257 καὶ
3141 1207 3661 1276 ἀκατασκεὺαστος;
3701 1210 3764 1273 ὡς

2193 1294 2453 1364 ἡμιτελὴς
2493 1296 2645 1365 παρὰ
2677 1296 2814 1350 Θεοῦ
2846 1298 3132 1369 γενομένη,
3157 1300 3190 1370 ἧ
3212 1300 3327 1365 πῶς
3353 1319 3368 1367 ;

2817 1480 3173 1548 Ἀπόκρισις.

2280 1566 2534 1640 Ἀόρατος
2552 1564 2620 1641 ἦν
2650 1571 2683 1640 ή
2720 1569 2792 1640 γῆ
2820 1571 2916 1625 καὶ
2955 1572 3458 1640 ἀκατασκεὺαστος,
3482 1578 3544 1630 οὑ
3566 1579 3635 1649 τῇ
3678 1578 3764 1647 qni-

2201 1677 2305 1728 σει,
2339 1660 2476 1715 ἀλλὰ
2516 1666 2582 1734 τῇ
2616 1662 2975 1736 διακοσμήσει
3012 1667 3106 1720 καὶ
3141 1667 3283 1737 ὕψει,
3313 1668 3468 1723 οὔπω
3503 1671 3612 1724 τῶν
3658 1672 3768 1726 ὑδά-

2199 1770 2306 1808 των
2328 1754 2736 1825 ἀποκριθέντων
2756 1756 2894 1828 πρὸς
2920 1757 3018 1829 τὴν
3036 1759 3242 1815 οἰκείαν
3263 1762 3468 1831 χώραν,
3497 1763 3594 1816 τοῦ
3612 1765 3767 1833 ὀφθῆ-

2198 1862 2283 1898 ναι
2323 1847 2421 1916 τὴν
2464 1847 2669 1918 ταύτης
2707 1849 2917 1915 οὑσίαν,
2964 1852 3058 1904 καὶ
3100 1852 3534 1926 διακοσμηθῆναι
3584 1858 3767 1926 φυτῷ,

2199 1937 2292 1988 καὶ
2319 1935 2506 1989 ἄνθεσι
2531 1939 2963 2010 στεφανωθῆναι.
2995 1942 3105 2011 Τῆς
3131 1942 3239 2012 γὰρ
3275 1944 3515 1999 ἀϐύσσου
3556 1948 3765 2002 ἐπικλυ-

2199 2025 2398 2098 ζούσης
2434 2028 2627 2099 αὐτὴν,
2640 2031 2854 2085 οὐδέπω
2882 2035 3113 2104 κρήναις
3141 2037 3237 2089 καὶ
3269 2042 3533 2110 ποταμοῖς
3568 2042 3763 2114 ὑπῆρχε

2198 2115 2556 2190 διεζωσμένη,
2581 2120 2718 2192 πρὸς
2736 2122 3029 2196 διατροφὴν
3059 2125 3168 2179 τῶν
3201 2128 3504 2198 μελλόντων
3534 2131 3594 2196 ἐξ
3613 2133 3766 2203 αὑτῆς

2200 2207 2329 2281 θείῳ
2355 2212 2740 2283 προστάγματι
2776 2215 3214 2287 ἁποϐράττεσθαι
3272 2218 3447 2285 ζώων,
3485 2215 3598 2276 οἷον
3646 2242 3762 2277 πεν-

2201 2298 2342 2372 Θήρη
2374 2302 2498 2355 τινὰ
2551 2304 2744 2375 στολὴν
2784 2305 2882 2377 τὴν
2910 2306 3144 2364 ἄϐυσσον
3176 2313 3559 2385 περικειμένη,
3602 2315 3763 2377 καθὼς

2201 2392 2296 2446 καὶ
2336 2394 2504 2447 Δαϐίδ
2536 2412 2734 2466 φησιν,
2756 2399 2785 2450 6
2820 2398 2929 2451 τῶν
2977 2399 3136 2454 θείων
3184 2402 3446 2473 μελῳδόςο
3477 2407 3763 2472 Ἀϐυσσος

2200 2488 2281 2554 ὡς
2329 2487 2561 2557 ἱμάτιον
2600 2489 2666 2542 εὐ
2711 2486 3095 2558 περιϐόλαιοώ-
3141 2494 3363 2548 αὐτοῦ·
3398 2496 3491 2550 τὸν
3531 2498 3763 2551 Ὠκεανὸν

2201 2581 2482 2635 δακτυλίου
2528 2582 2682 2655 δίκην
2723 2586 3069 2657 περικεῖσθαι
3112 2588 3250 2661 αὐτῇ
3292 2589 3449 2660 δῆλον
3486 2592 3644 2663 μέχρι
3668 2592 3762 2662 1f}-

2206 2690 2271 2742 με
2281 2689 2370 2744 ρον
2377 2712 2390 2726 .

2796 2769 3043 2824 ΠΕΥΣΙΣ
3073 2771 3187 2826 ΞΝ.

2278 2856 2540 2911 Καὶδιατί
2584 2859 2658 2929 μὴ
2707 2855 2860 2914 εἶπεν
2901 2862 2930 2913 6
2967 2865 3283 2935 Προφήτης,
3325 2866 3399 2919 T6
3436 2868 3761 2939 περιϐόλαιον

2206 2944 2394 3014 αὐτῆς,
2411 2947 2546 3011 ἀλλ’,
2570 2948 2795 3011 aurai);

2829 3122 3183 3192 Ἀπόκρισις.

2271 3210 2435 3263 Οὐδὲν
2467 3210 2626 3266 τοῦτο
2668 3214 2875 3268 ἐκείνου
2922 3216 3131 3280 διοίσει,
3179 3223 3451 3291 στοιχείου
3497 3225 3757 3295 νοουμένου

2199 3300 2299 3371 τῆς
2317 3304 2440 3373 γῆς.
2466 3306 2588 3358 Οὐδ’
2616 3302 2682 3360 αὖ
2708 3308 2869 3361 πάλιν
2904 3311 3118 3363 πάντων
3139 3311 3308 3381 ψυχαὶ
3331 3313 3579 3383 θηλυκῶς
3609 3335 3757 3387 προσ·

2199 3399 2634 3467 αγορευομένων,
2688 3400 2823 3471 θῆλυ
2873 3402 2966 3455 καὶ
3014 3404 3181 3474 ἄρρεν
3221 3405 3469 3477 δώσομεν
3519 3410 3755 3480 ὑπάρχειν

2198 3486 2393 3555 ψυχάς.
2418 3489 2573 3542 Καὶὸ
2600 3492 2832 3565 Χριστὸς
2874 3494 3057 3562 σοφία,
3082 3496 3173 3548 καὶ
3209 3496 3461 3567 δύναμις,
3486 3501 3577 3552 καὶ
3606 3500 3753 3570 πέτρα

2200 3580 2684 3649 προσαγορεύεται,
2715 3582 2848 3645 Θεὸς
2886 3585 3165 3655 ὑπάρχων,
3194 3588 3283 3640 καὶ
3324 3589 3519 3657 Λόγος,
3553 3591 3638 3642 καὶ
3671 3591 3747 3643 ἄν·

2200 3666 2416 3738 Ορωπος
2436 3672 2463 3722 ὁ
2484 3672 2664 3735 αὑτός.
2685 3674 2930 3728 Νοείσθω
2958 3676 3013 3728 δὲ
3048 3677 3248 3747 ἑτέρως
3270 3697 3283 3711 ο
3317 3681 3571 3751 Ἀόρατος
3602 3680 3749 3749 ὑπάρ-

2200 3776 2283 3829 χει
2320 3762 2352 3830 ἡ
2389 3760 2481 3831 γῆ,
2518 3760 2671 3815 οὔπω
2707 3763 2816 3836 γὰρ
2870 3760 2937 3835 ἦν
2972 3767 3000 3817 6
3039 3766 3237 3837 Θεατὴς
3266 3770 3438 3839 αὑτῆς
3471 3772 3747 3842 ἄνθρωπος,

2198 3852 2319 3905 οὑδὲ
2353 3852 2422 3905 τὰ
2471 3855 2562 3906 ὑπ’
2596 3856 2773 3926 αὐτὴν
2824 3855 2985 3925 φύσει
3030 3861 3421 3927 κατανεύοντα,
3464 3863 3555 3917 καὶ
3588 3862 3749 3923 ἀτενὲς

2198 3945 2366 4015 αὑτὴν
2397 3947 2666 4019 ἐνορῶντα
2703 3948 3013 4020 βληχόμενα
3033 3952 3138 4005 τῶν
3160 3951 3313 4017 ζώων
3348 3954 3501 4025 γένη.

2801 4152 3051 4204 ΠΕΥΣΙΣ
3082 4151 3199 4206 EE’.

2269 4240 2334 4293 Τί
2359 4242 2459 4312 τὴν
2504 4215 2665 4311 φύσιν
2700 4243 2822 4297 ἐστὶ
2865 4244 2925 4297 τὸ
2975 4244 3296 4317 διαχωρίζον
3348 4248 3626 4319 στερέωμα
3656 4246 3743 4299 ἀνὰ

2207 4332 2371 4403 μέσον
2400 4332 2613 4399 ὓδατος,
2648 4336 2743 4389 καὶ
2776 4335 2965 4402 ὓδατος
2984 4336 3077 4390 τοῦ
3120 4339 3514 4410 ὑπερουρανίου
3541 4342 3625 4395 καὶ
3657 4338 3740 4390 θαι

2203 4424 2426 4477 λασσίου
2462 4442 2477 4490 ;

2360 4584 2370 4591 _
2479 4558 2483 4564 .
2821 4520 3174 4588 Ἀπόκρισις.

2270 4606 2350 4678 Τῇ
2380 4605 2477 4678 μὲν
2498 4607 2691 4680 πρώτῃ
2721 4609 2924 4681 ήμέρᾳ,
2950 4610 3176 4682 οὑρανὸς
3198 4613 3525 4682 παράγεται,
3543 4614 3569 4665 6
3597 4611 3739 4681 ὑπερ-

2198 4703 2450 4773 κείμενος
2471 4702 2567 4755 τοῦ
2607 4720 2697 4755 στε
2706 4703 2987 4775 ρεώματος
3005 4721 3019 4734 ο
3042 4708 3107 4775 τῇ
3127 4705 3353 4777 δευτέρᾳ
3384 4707 3464 4771 δὲ,
3482 4707 3541 4760 τὺ
3555 4704 3736 4777 ὁρώμε-

2198 4811 2287 4849 νον
2325 4794 2485 4847 τοῦτο
2521 4794 2663 4865 ὑπὲρ
2695 4795 2937 4865 κεφαλῆς
2966 4796 3124 4867 ἡμῶν
3150 4798 3458 4868 στερέωμα,
3482 4798 3655 4868 ἑτέρας
3687 4791 3735 4844 ἃ

2196 4888 2350 4957 παρὰ
2381 4886 2507 4950 τοὺς
2537 4885 2972 4957 ὑπερτεροῦντας
3001 4888 3245 4959 ὑπάρχον
3269 4890 3368 4959 τῆς
3399 4889 3619 4958 φύσεως.

2738 4977 2986 5029 nam):
3029 4977 3166 5045 Eq'.

2268 5065 2378 5119 Καὶ
2408 5065 2523 5129 πῶς
2551 5066 2678 5136 μιᾶς
2716 5066 2809 5118 καὶ
2830 5066 2929 5137 τῆς
2952 5067 3124 5138 αὑτῆς
3148 5067 3299 5131 ὄντες
3333 5069 3636 5139 ὀνομασίας,
3664 5065 3735 5119 ἆλ-

2194 5158 2294 5228 λης
2319 5157 2411 5210 καὶ
2433 5155 2599 5228 ἄλλης
2626 5155 2840 5226 φύσεως
2865 5156 3075 5211 ἔσονται
3101 5174 3115 5223 ;

2821 5252 3167 5320 Ἀπόκρισις.

2266 5341 2390 5408 Τοῖς
2439 5343 2752 5416 φιλομαθῶς
2801 5345 2896 5399 καὶ
2942 5346 3015 5416 μὴ
3082 5346 3377 5417 παρέργως
3424 5350 3485 5401 τὸ
3538 5347 3732 5418 γράμμα

2194 5435 2530 5504 ἐξετάζουσι,
2576 5438 2671 5490 καὶ
2704 5439 2761 5491 ὲν
2799 5441 2865 5509 τῇ
2908 5440 3248 5510 προσηγορίᾳ
3291 5441 3426 5493 πολὺ
3470 5441 3529 5493 τὸ
3578 5440 3732 5504 διάει)⁶

2196 5549 2287 5600 ρον
2316 5530 2532 5601 ἔχοντες
2570 5528 2958 5600 εὑρεθήσονται
2983 5548 2998 5562 ο
3023 5531 3210 5601 ἓτερον
3252 5532 3361 5602 γὰρ
3392 5530 3626 5602 οὐρανὸς,
3657 5526 3731 5578 8&-

2193 5641 2348 5695 τερον
2372 5624 2427 5678 δὲ
2456 5624 2762 5695 στερέωμα.
2787 5624 2897 5679 Καὶ
2923 5623 2982 5689 ἐξ
3009 5623 3180 5696 αὐτῆς
3200 5626 3379 5679 τοίνυν
3406 5624 3503 5696 τῆς
3526 5622 3729 5691 κλήσεως
