3984 6208
197 285 313 342 935

205 401 577 474 ’παιδευόμεθα
601 440 615 467 ,
662 406 1018 478 στερροτέρας
1069 407 1334 481 ὑπάρχειν
1394 410 1604 478 φύσεως
1675 412 1781 466 τῶν

201 496 461 566 ἀοράτων
497 495 558 548 τὸ
597 496 890 567 ὁρώμενον.
916 501 1120 573 Μωσῆς
1155 504 1252 572 μὲν
1288 502 1396 573 γάρ
1427 520 1589 573 φησιν
1616 521 1629 534 ο
1679 503 1782 556 Ἐν

198 585 369 655 ἀρχῇ
393 587 680 653 ἐποίησεν
703 592 736 642 ὁ
763 591 906 656 Θεὸς
947 593 1052 646 τὸν
1077 595 1355 660 οὐρανὸν,
1383 595 1484 650 καὶ
1506 595 1619 662 τὴν
1644 593 1778 664 γῆν.

214 679 490 734 Ἐνταῦθα
509 680 566 732 δὲ
601 680 662 733 τὸ
696 684 920 754 στερρόν
971 685 1260 755 φησι·Καὶ
1311 683 1482 740 εἶπεν
1522 690 1554 741 ὀ
1596 689 1740 753 Θεός
1763 705 1778 719 ·

203 768 531 837 Γενηθήτω
547 773 866 842 στερέωμα.
883 775 992 826 Καὶ
1012 776 1239 842 Ἡσαΐας
1259 779 1539 850 παριστῶν
1557 780 1665 832 τῶν
1684 781 1782 851 μὲν

198 859 268 910 τὸ
311 858 508 913 λεπτὸν
543 862 638 914 καὶ
678 862 1006 932 κουφότερον
1034 865 1130 936 τῆς
1177 867 1411 936 φύσεως,
1447 869 1541 922 τοῦ
1575 869 1632 921 δὲ
1662 886 1783 922 στεο

199 947 521 1018 γανώτερον
552 951 647 1004 καὶ
686 953 834 1021 παχὺ
873 953 968 1006 τοῦ
1025 955 1294 1028 σώματος,
1326 960 1519 1028 φησίνο
1555 959 1618 1012 '0
1654 975 1782 1014 στε-

192 1038 440 1107 ρεώσας
464 1040 572 1094 τὸν
597 1044 856 1109 οὐρανὸν
891 1045 1035 1099 ὡσεὶ
1067 1049 1320 1115 καπνὸν,
1351 1050 1450 1106 καὶ
1481 1050 1780 1118 διατείνας

197 1132 394 1213 αὑτὸν
423 1132 504 1197 ὡς
528 1133 787 1204 σκηνήν.
811 1138 944 1206 Περὶ
973 1138 1031 1191 δὲ
1063 1140 1157 1193 τοῦ
1192 1140 1471 1211 ὁρωμένου
1506 1142 1686 1212 φησιν’
1718 1143 1780 1196 '0

197 1222 410 1290 πήξας
441 1222 550 1276 τὸν
593 1225 856 1292 οὐρανὸν
900 1227 1044 1282 ὡσεί
1079 1229 1366 1299 καμάραν.
1407 1231 1516 1285 Καὶ
1548 1233 1656 1304 γὰρ
1691 1232 1781 1287 τὸν

197 1314 378 1385 ἄνδρα
421 1315 518 1369 καὶ
567 1316 668 1386 τὴν
714 1319 948 1385 γυναῖκα
970 1359 985 1384 ,
1026 1319 1307 1392 ἄνθρωπον
1355 1323 1781 1395 προσαγορεύειν

201 1405 398 1458 εἷωθεν
429 1407 463 1476 ὴ
495 1405 614 1459 θεία
645 1406 686 1458 Γ
689 1408 834 1479 ραφή
853 1427 866 1440 ·
905 1410 997 1463 καὶ
1027 1412 1154 1480 μιᾶς
1183 1409 1349 1483 οὔσης
1376 1413 1475 1483 τῆς
1504 1431 1778 1486 προσηγο-

203 1495 356 1568 ρίας,
394 1497 424 1550 6
454 1496 552 1567 μὲν
591 1499 916 1570 καρτερικὸς
936 1499 1030 1554 καὶ
1059 1501 1358 1572 ἀχθοφόρος
1389 1503 1643 1576 ὑπάρχει,
1672 1509 1702 1560 6
1722 1505 1779 1558 δὲ

197 1585 534 1660 χαυνότερος
553 1587 672 1658 ἦτοι
711 1590 1059 1663 κουφότερος,
1094 1591 1303 1665 διανοίᾳ
1338 1595 1432 1647 καὶ
1468 1595 1632 1667 λόγῳ.
1659 1596 1781 1650 Τῶν

201 1679 625 1751 ὑπερκειμένων
670 1681 849 1735 τοίνυν
885 1681 982 1754 τὴν
1040 1684 1230 1738 οὐσίαν
1285 1685 1528 1749 σιωπῶν.
1581 1687 1657 1751 ὡς
1713 1687 1781 1742 ἂν

197 1767 429 1836 ἐφικτόν
466 1785 588 1838 μοι,
620 1768 713 1822 τοῦ
767 1771 1046 1842 ὁρωμένου
1092 1774 1192 1844 τὴν
1242 1775 1404 1844 φύσιν
1445 1776 1779 1849 κρύσταλλον

200 1857 476 1930 ὑπάρχειν
503 1859 666 1930 φημὶ,
688 1859 817 1931 θείῳ
848 1862 1230 1934 προστάγματι
1253 1865 1426 1934 παγὲν
1450 1867 1544 1920 καὶ
1574 1868 1778 1940 ῥωννύ-

202 1967 373 2021 μενον
396 1949 581 2022 φέρειν
596 1950 664 2004 τὰ
689 1951 1050 2024 ὑπερκόσμια,
1066 1957 1393 2027 κουφότερον
1421 1957 1534 2031 (22)
1562 1960 1654 2014 καὶ
1674 1959 1778 2024 ἔξω

198 2045 304 2114 τῆς
325 2043 599 2115 ἡμετέρας
628 2044 755 2098 ὅντα
784 2045 1111 2117 παχύτητος,
1146 2050 1492 2121 ἀμφοτέρους
1508 2051 1565 2104 δὲ
1590 2053 1777 2123 ἀνέχε-

202 2135 330 2189 σθαι
351 2135 460 2190 ὑπὸ
477 2135 578 2206 τῆς
601 2135 781 2192 πάντα
803 2136 1199 2210 διακρατούσης
1223 2139 1318 2193 καὶ
1340 2140 1612 2214 φερούσης
1625 2142 1778 2208 θείας

197 2229 509 2300 δυνάμεως.

791 2319 1039 2373 ΠΕΥΣΙΣ
1075 2317 1191 2378 ΞΖ’.

276 2408 388 2462 Καὶ
415 2407 532 2472 πῶς
559 2408 780 2462 δύναται
829 2409 1162 2479 κρύσταλλον
1203 2410 1491 2482 βαστάζειν
1532 2415 1626 2469 καὶ
1659 2414 1774 2471 δια-

199 2496 460 2570 χωρίζειν
486 2497 546 2550 τὸ
577 2497 711 2550 πολὺ
746 2497 841 2550 καὶ
883 2497 1112 2569 ἄπειρον
1142 2501 1316 2554 έκεῖνο
1347 2500 1528 2574 ὑδωρ;

826 2589 1180 2657 Ἀπόκρισις.

273 2678 464 2734 Πίστει
491 2677 850 2751 κρατύνεσθαι
881 2679 947 2733 τὰ
975 2681 1317 2752 Χριστιανῶν
1341 2683 1583 2753 πέφυκεν
1603 2701 1616 2715 ·
1639 2687 1773 2740 ὅπου

200 2772 316 2842 γὰρ
372 2772 505 2835 Θεὸς
539 2772 822 2842 βούλεται,
854 2775 1082 2843 ἡττᾶται
1127 2775 1159 2844 ἡ
1201 2773 1361 2843 φύσις
1417 2777 1564 2846 παρὰ
1617 2777 1776 2847 φύσιν

199 2863 550 2919 δουλεύουσα.
588 2863 774 2927 Οὕτως
790 2864 850 2918 τὸ
892 2864 1035 2934 ὕδωρ
1065 2867 1145 2929 εἰς
1177 2861 1317 2920 οἶνον
1348 2866 1664 2937 μεθίσταται
1717 2869 1776 2922 ἐν

203 2956 364 3022 Κανᾷ
410 2958 506 3025 τῆς
542 2955 828 3020 Γαλιλαίας
865 2972 879 2986 ·
911 2955 1052 3009 οὑτω
1099 2959 1156 3011 ἐν
1205 2959 1466 3029 Αἰγύπτῳ
1509 2960 1537 3012 6
1584 2959 1776 3024 Νεῖλος

203 3046 530 3114 φοινίττεται
551 3064 564 3076 ’
596 3044 739 3100 οὕτω
757 3047 906 3116 παρὰ
925 3046 1086 3116 φύσιν
1116 3047 1493 3120 διαχερσοῦται
1522 3049 1581 3102 τὸ
1621 3050 1774 3119 Ἐρυ-

203 3135 397 3207 θραίον
419 3136 672 3204 πέλαγος,
691 3138 916 3206 τειχέων
940 3138 1097 3206 δίκην
1125 3138 1230 3191 τῶν
1251 3139 1532 3210 ἡμιτόμων
1569 3156 1776 3210 πηγνυ-

207 3227 504 3297 μένωντοῦ
533 3228 752 3295 ὕδατος,
798 3230 893 3282 καὶ
935 3231 992 3283 ὲν
1034 3229 1183 3301 ξηρῷ
1224 3231 1456 3302 πυθμένι
1497 3233 1715 3304 ἀϐρόχῳ
1751 3236 1780 3289 6

205 3317 332 3382 λαὸς
357 3319 642 3375 διαϐαίνει.
677 3320 861 3375 Ἔστω
892 3322 949 3375 δέ
994 3339 1076 3376 σοι
1103 3323 1200 3393 τῆς
1226 3323 1482 3401 ἀπιστίας
1507 3343 1778 3396 σωφρονι-

207 3409 340 3480 σμὺς
373 3412 403 3462 6
445 3412 740 3483 θεοστυγὴς
770 3413 968 3485 Φαραὼ
995 3415 1372 3485 ποντούμενος.
1409 3416 1466 3469 '0
1495 3417 1602 3488 γὰρ
1630 3419 1776 3471 ἐκεῖ·

203 3521 293 3557 νον
322 3504 384 3557 ὲν
421 3507 485 3575 τῇ
525 3505 662 3578 αὐτῇ
706 3506 950 3560 διαϐάσει
993 3505 1322 3577 ὑποϐρύχιον
1355 3508 1637 3578 συγχώσας
1665 3512 1777 3574 τοῖς

203 3595 434 3666 κύμασι,
469 3597 634 3650 πάλαι
674 3597 770 3667 μὲν
814 3597 905 3650 τὸν
933 3597 1159 3668 οὐρανὸν
1191 3592 1280 3651 οἷα
1315 3597 1496 3668 δέῤῥιν
1525 3599 1647 3652 τινὰ
1690 3599 1777 3666 ὲξ-

204 3684 413 3748 ετίναξε
433 3726 447 3750 ,
476 3688 544 3756 τῇ
589 3686 686 3756 μὲν
718 3686 896 3757 χέρσῳ
927 3683 1308 3753 ὲπικυρτώσας
1354 3685 1545 3748 αὑτὸν,
1581 3687 1673 3740 ἐπὶ
1719 3687 1776 3741 δὲ

203 3777 302 3847 τῆς
337 3776 574 3832 ἀϐύσσου
625 3775 963 3847 θεμελιώσας
1006 3779 1118 3840 τοῖς
1151 3775 1392 3847 κύμασι,
1426 3777 1605 3841 καθὼς
1647 3797 1774 3832 παι-

201 3867 350 3921 δεύει
384 3869 412 3920 6
433 3867 540 3920 τῶν
572 3867 728 3921 θείων
764 3867 996 3938 μελῳδὸς
1019 3865 1160 3938 ᾅδων
1193 3883 1207 3898 ’
1251 3869 1313 3920 '0
1357 3867 1637 3921 ἐκτείνων
1668 3869 1775 3923 τὸν

203 3960 466 4028 οὐρανὸν
511 3961 654 4014 ὡσεὶ
707 3958 926 4027 δέρῤιν,
953 3961 985 4012 ὀ
1037 3957 1333 4029 στεγὰζων
1373 3958 1444 4011 ἐν
1488 3957 1667 4012 ὕδασι
1703 3959 1775 4015 τὰ

202 4049 443 4118 ὑπερῷα
491 4050 695 4104 αὑτοῦ.
733 4043 907 4102 ἿΙκεν
954 4051 1084 4120 ἡμῖν
1109 4088 1124 4113 ,
1161 4049 1324 4121 φησὶν
1346 4090 1360 4116 ,
1408 4049 1493 4102 ἐπ’
1531 4051 1775 4119 ἐσχάτων

201 4141 428 4213 ἡμερῶν
474 4141 860 4214 σαρκοφορῶν,
894 4142 986 4194 καὶ
1034 4139 1132 4211 τὴν
1169 4140 1341 4212 ὑγρὰν
1396 4140 1492 4194 καὶ
1541 4142 1773 4196 ἄστατον

197 4233 474 4288 Θάλατταν
504 4233 752 4304 ἁνίκμοις
784 4233 937 4286 ποσὶν
964 4232 1440 4303 ἐπιπορευόμενος.

783 4321 1030 4376 ΠΕΥΣΙΣ
1061 4321 1187 4377 ΞΙΡ.

274 4413 390 4466 Καὶ
415 4413 667 4484 ἀνωτέρω
699 4413 800 4485 ἤδη
844 4411 1146 4482 ὲδεήθημέν
1181 4429 1276 4464 σου
1305 4411 1379 4483 μὴ
1407 4411 1483 4476 ὡς
1510 4411 1771 4474 ἀπίστους

196 4505 355 4576 ἡμᾶς
393 4505 542 4574 σχεῖν
594 4503 933 4576 ἐρωτῶντας,
976 4500 1110 4555 ἀλλὰ
1158 4503 1276 4567 ταῖς
1303 4502 1524 4556 ἐκείνων
1572 4503 1776 4572 φωναῖς

197 4593 520 4667 χρωμένους
557 4593 707 4665 παρὰ
746 4591 840 4645 σοῦ
881 4590 1300 4661 οἰκοδομεῖσθαι.

814 4765 1179 4833 Ἀπόκρισις.

276 4858 390 4912 Καὶ
418 4856 565 4928 μάλα
600 4855 822 4918 εἰκότως
843 4855 978 4921 ἀξιῶ
1009 4854 1106 4926 τὴν
1137 4854 1411 4926 ὑμετέραν
1449 4853 1776 4923 ἀξιάγαστον

199 4953 503 5024 ἀγχίνοιαν,
538 4951 660 5024 μηδ’
700 4952 836 5015 ὅλως
885 4947 1264 5019 ὲπισκάζεινῆ
1299 4947 1557 5018 χωλεύειν
1581 4950 1650 5020 τῇ
1681 4947 1778 5018 βά-

200 5063 288 5098 σει
323 5045 427 5116 τῆς
457 5044 694 5107 διανοίας
726 5043 818 5096 ἐπὶ
848 5041 951 5112 τῆς
975 5043 1252 5114 ἀτρεκίας.
1276 5041 1466 5112 Δῶμεν
1501 5044 1557 5097 δὲ
1595 5043 1777 5098 εἰκόνα

197 5135 282 5208 τῷ
307 5135 556 5206 λόγῳ,ὼς
580 5135 854 5206 ὑπερφυὲς
867 5133 966 5204 τῆς
981 5134 1084 5205 γῆς
1097 5134 1157 5187 τὺ
1174 5133 1318 5204 ὕδωρ
1344 5134 1538 5189 ἑκατὸν
1560 5135 1773 5206 πήχεις*

199 5231 380 5302 φῆσαι
403 5229 460 5286 δὲ
482 5230 574 5284 τὸν
598 5229 748 5284 Θεὸν·
773 5227 1090 5296 Γενηθήτω
1113 5226 1417 5294 στερέωμα
1437 5225 1553 5282 ἀνὰ
1581 5225 1776 5296 μέσον

197 5320 311 5375 τοῦ
374 5319 596 5383 ὕδατος
616 5359 632 5384 ,
663 5318 762 5372 καὶ
813 5318 970 5370 ἔστω
1011 5313 1352 5385 διαχωρίζον
1396 5315 1513 5369 ἀνὰ
1577 5315 1774 5385 μέσον

199 5410 426 5476 ὓδατος
458 5408 555 5462 καὶ
601 5407 843 5473 ὓδατος·
872 5406 1112 5477 παγῆναι
1142 5407 1200 5459 δὲ
1239 5402 1393 5468 αὖθις
1422 5405 1770 5477 κρύσταλλον,

204 5502 299 5555 καὶ
347 5501 558 5571 ἀνέχειν
604 5499 665 5552 τὸ
718 5500 888 5570 ἣμισυ
931 5499 1040 5552 τῶν
1093 5497 1297 5551 ὑδάτων
1325 5513 1339 5527 ο
1383 5490 1495 5550 οἷον
1547 5496 1641 5549 ἐπὶ
1675 5497 1773 5569 τῆς

1602 289 1948 349 οιΑιοοῐτε
1989 292 2027 349 1.

3344 293 3450 350 956

1891 411 2116 475 scimus,
2167 409 2217 465 id
2259 408 2402 480 quod
2449 407 2696 464 cernitur
2745 406 3023 462 solidioris
3053 421 3178 462 esse
3219 417 3449 471 natum.

1881 517 2042 571 quam
2083 503 2195 556 sint
2229 501 2660 570 inaspectabilia.
2714 500 2890 555 Moses
2939 499 3208 568 siquidem
3250 501 3452 570 inquit,

1885 591 1948 645 In
1975 594 2230 660 principio
2261 593 2382 662 fecit
2420 590 2558 646 Deus
2583 592 2768 644 caelum
2798 601 2847 645 et
2880 601 3074 645 terram
3107 593 3170 645 η.
3203 591 3301 645 llic
3325 607 3457 646 vero

1885 683 2100 736 ﬁrmum
2131 684 2266 738 illud
2303 690 2589 747 memorat,
2627 682 2695 735 Et
2727 683 2866 736 dixit
2896 682 3031 738 Deus
3060 698 3082 738 :
3105 681 3231 737 Fiat
3261 685 3451 753 ﬁrma-

1882 783 2114 828 mentum
2145 775 2209 828 ".
2253 773 2319 828 Et
2355 773 2525 830 Isaias
2568 789 2825 829 asserens
2865 775 3081 828 illorum
3110 775 3330 844 quidem
3368 785 3451 828 te-

1881 865 2142 919 nuitatem
2176 877 2230 920 et
2260 864 2535 920 levitatem
2576 873 2808 928 naturas,
2839 864 3172 933 bujus,vero
3207 865 3454 920 solidita-

1881 959 1988 1008 tem
2019 961 2075 1008 et
2103 952 2525 1008 crassitudinem
2566 954 2838 1024 corporis,
2875 954 3094 1023 inquit:
3132 953 3238 1018 Qui
3268 956 3454 1022 ﬁrma-

1881 1045 1952 1098 vit
1982 1043 2169 1098 cretum
2198 1044 2358 1098 veluti
2383 1044 2678 1112 funtunt,°et
2711 1045 2938 1100 extendit
2979 1046 3148 1113 ipsum
3179 1045 3337 1098 veluti
3368 1053 3454 1098 ta-

1883 1134 2222 1188 bernaculum
2257 1135 2322 1188 η.
2370 1134 2444 1191 De
2472 1151 2538 1191 eo
2565 1151 2694 1190 vero
2717 1136 2860 1206 quod
2906 1136 3172 1198 cernitur,
3225 1135 3405 1205 inquit
3435 1151 3450 1188 :

1883 1223 1990 1290 Qui
2030 1223 2150 1290 [issit
2192 1223 2377 1278 calum
2409 1225 2568 1279 veluti
2609 1241 2871 1279 cameram
2897 1225 2959 1280 η.
2992 1223 3167 1278 Etiam
3194 1224 3370 1279 virum
3397 1235 3453 1278 et

1882 1314 2185 1380 mulierem,
2221 1314 2498 1371 hominem
2523 1317 2800 1387 appellare
2840 1316 3124 1371 consuevit
3170 1314 3452 1384 Scriptura

1882 1419 2076 1470 sacra;
2106 1421 2342 1476 cumque
2367 1407 2436 1461 sit
2465 1407 2652 1462 eadem
2679 1408 2988 1478 appellatio,
3014 1415 3193 1462 tamen
3221 1407 3310 1462 ille
3331 1407 3454 1477 qui-

1881 1495 2004 1550 dem
2049 1498 2312 1554 robustus
2341 1507 2395 1553 et
2425 1500 2489 1554 ad
2531 1501 2780 1568 graviora
2823 1500 3042 1556 ferenda
3073 1499 3288 1555 validus
3332 1507 3449 1563 est,

1881 1586 1996 1642 haec
2024 1603 2154 1644 vero
2182 1589 2397 1644 mollior
2415 1597 2481 1645 .et
2509 1590 2698 1654 levior,
2734 1598 2843 1644 tam
2873 1590 3250 1660 intelligentia,
3287 1603 3452 1658 quam

1880 1677 2150 1733 oratione.
2199 1677 2555 1747 Superiorum
2605 1679 2774 1749 igitur
2820 1678 3179 1734 substantiam
3231 1676 3452 1732 silentio

1882 1767 2220 1839 praeteriens,
2272 1779 2535 1837 quantum
2586 1771 2803 1840 assequi
2850 1784 3097 1838 possum,
3135 1768 3257 1838 ejus
3299 1767 3450 1838 quod

1879 1854 2124 1910 cernitur
2157 1863 2407 1908 naturam
2440 1857 2813 1926 rrystallinam
2855 1858 3075 1927 inquam
3115 1871 3238 1912 esse
3261 1857 3450 1912 divino

1879 1954 2148 2015 praecepto
2182 1945 2343 2001 fixam
2376 1955 2430 2002 et
2465 1948 2799 2014 roboratam,
2836 1957 2895 2003 ut
2941 1949 3154 2004 facilius
3187 1947 3324 2003 {erat
3367 1951 3451 2002 ul-

1879 2038 2263 2103 tramundana,
2309 2039 2560 2110 idemque
2594 2047 2798 2096 nostra:
2834 2041 3218 2098 crassitudinis
3257 2057 3455 2112 expers

1877 2141 2020 2184 esse.
2052 2127 2330 2200 Utrosque
2355 2145 2488 2186 vero
2517 2131 2691 2187 cmlos
2718 2131 2979 2187 sustineri
3011 2133 3080 2186 ab
3107 2147 3171 2187 ea
3201 2147 3322 2203 quae
3344 2148 3455 2188 om-

1878 2217 1968 2273 nia
1992 2218 2166 2274 vincit
2195 2229 2248 2276 et
2281 2223 2540 2288 sustinet,
2575 2223 2762 2279 divina
2798 2224 3021 2282 virtute.

2285 2312 2802 2371 INTERROGATIO
2840 2315 3045 2372 LXVII.

1947 2402 2017 2456 At
2055 2403 2333 2472 quomodo
2381 2414 2558 2473 potest
2591 2407 2910 2476 crystallqu
2956 2415 3176 2476 portare
3204 2413 3259 2460 et
3291 2419 3450 2473 sepa-

1879 2506 2002 2547 rare
2035 2493 2258 2546 multam
2293 2501 2347 2548 et
2379 2493 2648 2548 inﬁnitam
2687 2495 2832 2549 illam
2866 2497 3100 2565 aquam?

2511 2584 2814 2654 Responsio.

1947 2673 2050 2729 Per
2107 2673 2262 2729 {idem
2321 2675 2653 2745 apprehendi
2701 2677 2952 2745 dogmata
3013 2675 3453 2732 Christianorum

1878 2766 2076 2821 solent.
2112 2766 2246 2820 Nam
2276 2767 2369 2822 ubi
2399 2768 2518 2821 vult
2548 2766 2711 2831 Deus,
2762 2766 3054 2837 subjicitur
3082 2775 3276 2821 natura
3314 2785 3452 2838 pra:-

1878 2865 1960 2914 ter
1983 2866 2232 2912 naturam
2262 2859 2526 2914 serviens.
2559 2857 2650 2914 Sic
2689 2874 2832 2930 aqua
2868 2861 2924 2913 in
2953 2861 3138 2913 vinum
3175 2864 3452 2915 converti-

1879 2962 1967 3007 tur
1993 2954 2047 3007 in
2078 2953 2227 3008 Cana
2253 2953 2525 3018 Galilaeze;
2573 2954 2653 3008 sic
2687 2956 2742 3008 in
2785 2953 3020 3025 Egypto
3046 2956 3268 3008 rubrum
3297 2955 3451 3010 colo-

1880 3059 1996 3098 rem
2041 3043 2241 3114 accipit
2281 3043 2472 3111 Nilus;
2503 3045 2586 3099 sic
2620 3052 2818 3114 przeter
2849 3053 3104 3099 naturam
3140 3046 3312 3101 instar
3341 3055 3449 3100 tero

1880 3150 1954 3189 rae
1997 3134 2324 3205 permeabile
2353 3134 2412 3188 ﬁt
2452 3150 2602 3190 mare
2637 3133 2910 3199 Rubrum,
2941 3134 3114 3188 instar
3164 3150 3448 3189 murormn

1878 3234 2154 3281 sectorum
2186 3226 2537 3282 constabilita
2564 3241 2728 3296 aqua,
2759 3237 2812 3280 et
2849 3226 2902 3280 in
2949 3225 3104 3280 arido
3142 3208 3308 3281 fundo
3337 3241 3449 3281 non

1877 3316 2130 3372 madente
2159 3317 2458 3386 pertransit
2498 3317 2755 3387 papulas.
2789 3316 2874 3370 Sit
2903 3331 3032 3371 vero
3070 3317 3168 3370 tibi
3196 3317 3450 3372 incredu-

1877 3407 2049 3462 litatis
2079 3408 2372 3477 castigatio
2399 3423 2602 3463 exosus
2629 3407 2738 3461 Deo
2767 3405 3002 3468 Pharao.
3036 3407 3193 3477 aquis
3223 3407 3446 3461 marinis

1876 3497 2206 3562 immersus;
2237 3513 2361 3551 nam
2389 3498 2482 3566 qui
2509 3497 2658 3550 illum
2701 3497 2756 3550 in
2801 3496 2990 3551 eodem
3033 3498 3265 3550 transitu
3314 3497 3448 3552 sub-

1876 3603 2114 3642 mersum
2161 3589 2344 3643 obruit
2375 3589 2657 3654 ﬂuctibus,
2711 3588 2856 3642 idem
2903 3588 3032 3642 olim
3069 3590 3216 3643 velut
3251 3591 3444 3659 pellem

1876 3679 2113 3747 aliquam
2139 3679 2338 3732 cmlum
2361 3678 2626 3740 extendit,
2659 3693 2822 3747 supra
2850 3685 3047 3732 terram
3074 3679 3293 3748 quidem
3315 3694 3448 3733 con-

1873 3783 2067 3822 vexum
2098 3768 2274 3837 ipsum
2321 3769 2574 3832 elevans;
2614 3783 2779 3837 super
2809 3767 3066 3838 abyssum
3105 3777 3284 3823 autem
3322 3769 3447 3824 fun-

1873 3858 2033 3921 dans,
2064 3856 2523 3926 quemadmodum
2552 3858 2729 3912 .docct
2777 3857 3086 3912 divinorum
3139 3858 3444 3912 carminum

1873 3955 2102 4004 auctor:
2133 3946 2432 4001 Extendens
2459 3949 2644 4002 caelum
2675 3951 2810 4002 velut
2843 3948 3048 4016 pellent,
3097 3959 3264 4018 tegens
3295 3949 3446 4019 aquis

1872 4042 2146 4110 superiora
2182 4041 2293 4103 eius
2329 4042 2394 4093 ³ο.
2449 4042 2618 4111 Atque
2651 4042 2737 4095 hic
2761 4042 2908 4096 venit
2953 4041 3018 4095 ad
3069 4058 3191 4106 nos,
3243 4042 3444 4112 inquit,

1873 4134 2209 4203 temporibus
2235 4134 2496 4188 extremis
2525 4147 2744 4186 carnem
2793 4142 3035 4202 gestans,
3067 4141 3120 4188 et
3153 4133 3438 4187 humidum

1873 4223 2238 4294 instabilcqne
2270 4238 2419 4278 mare
2445 4222 2611 4278 siccis
2641 4223 2873 4292 pedibus
2905 4225 3204 4279 transiens.

2261 4311 2779 4368 INTERROGATIO
2816 4311 3047 4368 LXVIII.

1955 4405 2119 4476 Atqui
2148 4405 2261 4474 jam
2305 4414 2432 4460 ante
2463 4406 2516 4458 in
2552 4404 2985 4474 prmeedcntibus
3017 4404 3326 4477 rogavimus
3371 4409 3444 4468 te,

1879 4497 1973 4569 qui
2028 4511 2129 4552 nos
2152 4497 2387 4562 toleres,
2417 4497 2545 4550 dum
2577 4497 3004 4568 interrogamus,
3038 4511 3145 4550 non
3182 4503 3240 4549 ut
3271 4495 3446 4548 incre-

1877 4587 2013 4651 duli,
2048 4587 2142 4643 sed
2165 4587 2320 4656 quasi
2352 4588 2444 4656 qui
2473 4587 2702 4642 aliorum
2729 4588 2956 4644 vocibus
2985 4594 3220 4653 utentes,
3251 4601 3349 4658 per
3391 4593 3445 4642 te

1877 4679 2109 4734 velimus
2139 4678 2420 4734 aediﬁcari.

2509 4769 2812 4841 Responsio.

1951 4858 2064 4931 Ego
2098 4875 2228 4916 vero
2257 4876 2365 4916 non
2397 4861 2496 4916 abs
2527 4876 2586 4917 re
2616 4871 2854 4917 vestram
2883 4862 3138 4918 eximiam
3167 4860 3445 4916 subtilita-

1877 4959 1986 5008 tem
2009 4967 2127 5017 oro,
2153 4969 2220 5010 ne
2241 4953 2560 5008 claudiectis
2584 4969 2778 5025 gressu
2808 4955 3010 5010 mentis
3036 4955 3091 5009 in
3119 4968 3447 5025 cognoscen-

1876 5043 1946 5097 da
1976 5044 2228 5100 veritate.
2279 5044 2542 5100 Dabimus
2575 5051 2754 5098 autem
2797 5045 2947 5100 verbi
2976 5046 3149 5114 gratia
3189 5045 3444 5100 similitno

1876 5134 2080 5200 dinem,
2109 5137 2266 5205 quasi
2303 5144 2520 5191 centum
2555 5135 2754 5190 cubitis
2788 5143 2990 5192 terram
3019 5137 3247 5194 excedat
3278 5152 3442 5209 aqua.

1876 5226 2012 5282 Cum
2048 5234 2228 5282 autem
2277 5227 2506 5282 dixisset
2553 5225 2698 5282 Deus
2733 5245 2748 5283 :
2791 5227 2920 5281 Fiat
2965 5230 3356 5297 ﬁrmamentum
3388 5230 3442 5283 in

1878 5316 2048 5372 medio
2099 5334 2270 5388 aquai,
2311 5328 2360 5373 et
2389 5317 2590 5371 dividat
2641 5317 2778 5372 inter
2823 5336 3014 5390 aquam
3057 5330 3108 5375 et
3137 5335 3328 5390 aquam
3370 5319 3440 5383 ",

1879 5408 2289 5464 constabilitum
2319 5425 2514 5464 rursus
2541 5407 2710 5464 fuisse
2741 5412 3080 5482 crystallum.
3106 5410 3248 5481 quod
3279 5408 3444 5463 dimi-

1879 5498 2027 5553 dium
2072 5515 2336 5570 aquarum
2384 5505 2672 5568 sustineat,
2713 5504 3169 5574 quemadmodum
3203 5503 3257 5556 in
3299 5501 3444 5558 vitro

276 5615 320 5645 ¹⁵
358 5611 496 5669 Gen.
534 5629 574 5680 t,
607 5615 658 5668 I.
737 5614 778 5646 ⁸⁷
820 5611 950 5669 ibid.
979 5614 1033 5668 6.
1111 5613 1154 5644 ⁸⁸
1193 5611 1296 5667 lsa.
1327 5627 1414 5678 XL,
1444 5610 1537 5666 22.
1613 5611 1656 5643 ¹⁹
1697 5613 1777 5670 ibi.

1905 5616 1950 5648 ²⁰
1989 5615 2133 5672 Psal.
2163 5631 2278 5683 cm,
2308 5618 2361 5674 2.
2438 5621 2481 5650 ¹¹
2524 5619 2658 5674 Gen.
2693 5634 2731 5685 ι,
2767 5619 2818 5673 6.

277 5725 396 5800 (9‘2)
434 5729 830 5798 Κουφότερον.
859 5728 1020 5785 Forte
1049 5729 1370 5799 κουφότερα.
1395 5725 1548 5779 Ent't'.
