4048 6222
490 286 594 343 955

485 407 676 457 Videre
702 407 808 462 est,
831 413 896 452 ex
929 411 1039 468 quo
1065 397 1208 453 alius
1238 397 1311 452 sit
1341 406 1628 466 separatus
1661 396 1803 450 calix
1836 393 1932 464 qui
1954 391 2067 446 dis-

489 499 680 548 cernat
731 491 1028 560 dupliciter
1055 489 1203 560 quod
1247 488 1490 544 infusum
1534 496 1638 544 est.
1669 487 1841 557 Major
1885 495 2067 544 autem

489 582 638 636 omni
667 581 904 635 humana
927 581 1264 651 cogitatione
1299 587 1384 634 est
1412 578 1821 634 absolutissime
1852 579 2070 650 sapiens

489 673 766 744 operatrix
801 672 892 726 illa
925 673 1009 727 vis
1033 671 1150 728 Dei.
1183 671 1570 727 Animadverte
1602 686 1732 726 vero
1761 671 2072 727 evidentius

487 765 798 834 exemplum
827 764 895 818 de
923 762 1293 826 ﬁrmamento,
1324 778 1432 816 non
1461 772 1578 816 arte
1606 761 1942 826 mortalium,
1976 763 2073 818 sed

488 857 676 911 divino
703 855 935 911 consilio
964 857 1356 919 constitutum,
1391 863 1444 909 et
1473 855 1632 924 quasi
1663 854 1928 909 doctrina:
1950 870 2075 926 gra-

489 951 564 1003 tia
599 950 756 1004 nobis
786 949 1157 1018 propositum,
1189 963 1359 1001 unum
1395 962 1459 1001 ex
1490 953 1727 1016 quatuor
1757 944 2074 1002 ﬂuminibus

490 1041 559 1097 de
592 1041 836 1111 paradisi
867 1040 1020 1095 fonte
1051 1039 1371 1103 ﬂuentibus,
1401 1038 1548 1108 quod
1572 1035 1776 1093 Phison
1809 1053 1837 1090 a
1865 1038 2074 1093 doctri—

491 1145 561 1184 na
589 1139 799 1195 nostra,
837 1131 977 1200 apud
1015 1128 1236 1184 Graecos
1270 1143 1398 1182 vero
1431 1128 1587 1192 Ister,
1618 1127 1760 1199 apud
1799 1127 2076 1184 Romanos

495 1224 810 1286 Danubius,
843 1233 898 1277 et
933 1224 1073 1292 apud
1116 1223 1326 1277 Gothos
1369 1221 1613 1276 Dunabis
1641 1223 1981 1292 appellatur;
2028 1223 2074 1278 si

492 1315 669 1368 hieme
717 1313 970 1382 congelet
1021 1321 1074 1365 et
1126 1312 1181 1365 in
1235 1312 1502 1380 lapideam
1545 1311 1797 1366 duritiem
1837 1322 2078 1367 niutetur

493 1406 676 1459 mollis
707 1404 801 1459 illa
837 1404 1082 1459 ﬂuminis
1109 1411 1329 1464 natura,
1365 1412 1420 1456 ut
1447 1402 1587 1457 ferre
1615 1403 1788 1472 possit
1818 1403 2075 1458 inceden-

494 1508 577 1554 tes
621 1499 678 1552 in
719 1514 786 1553 eo
817 1506 1084 1560 armatos,
1119 1506 1172 1550 et
1213 1497 1282 1549 ad
1329 1493 1726 1559 Romanorum,
1771 1496 2074 1566 Illyriorum

495 1593 880 1661 Thracumque
907 1591 1043 1645 lines
1073 1588 1488 1642 transeuntium
1527 1587 1960 1642 multitudinem.
1999 1586 2075 1641 lla

495 1703 626 1743 sane
660 1687 820 1740 etiam
859 1684 994 1737 illud
1045 1683 1223 1751 ipsum
1262 1697 1328 1736 ex
1366 1696 1507 1750 aqua
1551 1680 1852 1734 stabilitum
1896 1679 2077 1733 ﬁrma-

495 1782 760 1828 mentum.
796 1771 1002 1826 Subtus
1026 1771 1245 1840 quidem
1277 1771 1504 1823 alluitur
1535 1770 1943 1826 subterlabente
1972 1770 2076 1824 ﬂu-

495 1866 663 1926 mine,
711 1863 805 1916 sed
841 1877 1007 1930 supra
1043 1876 1100 1914 se
1143 1860 1248 1913 fert
1293 1874 1496 1928 equum
1543 1868 1597 1914 et
1637 1867 1934 1926 vectorem,
1977 1860 2076 1913 ali-

495 1954 715 2025 quoties
744 1954 826 2021 (ut
857 1949 1122 2013 cernitur)
1154 1962 1382 2001 numero
1409 1947 1591 2002 decies
1617 1946 1784 2000 mille.
1808 1944 1894 1999 Fit
1914 1947 2077 2002 etiam

497 2042 814 2116 aliquando,
867 2051 926 2094 ut
975 2029 1517 2109 asperitate'hiemis
1580 2036 1968 2100 invalescente,
2027 2045 2081 2090 et

499 2142 882 2208 perseverante
917 2131 1140 2202 frigore,
1171 2129 1466 2184 vehemens
1497 2143 1638 2198 aqua
1659 2144 1688 2183 e
1716 2129 1955 2184 nubibus
1988 2127 2082 2182 de-

497 2231 668 2300 pluat,
699 2235 753 2282 et
783 2241 878 2296 per
909 2224 1078 2278 valles
1108 2232 1200 2276 aut
1245 2222 1512 2276 montium
1547 2223 1801 2287 vertices,
1838 2229 1933 2274 aut
1967 2220 2082 2275 col-

499 2325 576 2378 les
625 2333 875 2380 manans,
935 2316 1002 2370 ad
1061 2314 1302 2368 ﬂuminis
1362 2313 1762 2367 ﬁrmamentum
1818 2311 2078 2366 feratur:

497 2411 645 2483 quod
672 2411 1000 2479 diremptum
1046 2415 1298 2476 respectu
1339 2405 1458 2474 ejus
1488 2404 1634 2474 quod
1674 2418 1910 2474 superne
1941 2401 2081 2469 ﬂuit,

499 2501 655 2573 quasi
686 2502 987 2568 intercepto
1017 2513 1080 2552 ex
1114 2498 1272 2566 aquis
1304 2496 1663 2557 ﬁrmamento,
1694 2496 1901 2564 absque
1934 2508 2084 2548 com-

500 2594 759 2650 mistione
781 2590 1218 2659 confusioneque
1249 2595 1436 2642 manet
1460 2603 1583 2641 cum
1610 2603 1676 2642 eo
1706 2589 1849 2658 quod
1877 2587 2083 2643 subest.

499 2683 821 2740 Consimilia
870 2697 969 2752 per
1015 2683 1196 2736 nivem
1252 2679 1538 2744 discimus,
1583 2693 1704 2750 qua:
1750 2677 2020 2748 excipitur
2056 2692 2086 2730 a

501 2772 845 2826 ﬁrmamento
874 2770 942 2826 de
972 2786 1082 2841 quo
1111 2770 1368 2835 dicimus,
1406 2769 1480 2822 ita
1517 2778 1575 2823 ut
1609 2769 1680 2824 sit
1711 2768 1887 2838 ipsum
1919 2769 2088 2823 inter-

502 2864 738 2918 medium
764 2871 978 2932 septum
1009 2861 1408 2932 crystallinum,
1442 2875 1702 2929 separans
1726 2861 1867 2914 inter
1890 2875 2086 2929 aquam

501 2962 556 3008 et
591 2970 809 3025 aquam,
847 2954 1021 3008 instar
1051 2951 1293 3007 cmlestis
1331 2951 1651 3005 ﬁrmamenti
1681 2951 1749 3005 ab
1778 2950 2008 3006 infernis
2036 2960 2090 3006 et

503 3047 860 3102 terrestribus
893 3059 1130 3114 superna
1174 3050 1228 3098 et
1261 3040 1679 3095 ultramundana
1703 3042 2085 3096 diseernentis.

505 3141 640 3194 Dico
692 3147 876 3194 autem
935 3135 1166 3189 infinitis
1221 3133 1398 3188 modis
1437 3131 1659 3196 fortius,
1701 3148 1862 3202 quam
1912 3132 2089 3188 hiems

503 3233 700 3304 possit,
735 3231 980 3282 divinum
1015 3225 1148 3280 illud
1180 3227 1498 3280 mandatum
1539 3224 1868 3280 stabilivisse
1912 3225 2089 3295 impo-

506 3325 670 3378 situm
705 3319 870 3389 capiti
905 3327 1094 3373 nostro
1131 3318 1551 3372 firmamentum.

926 3501 1447 3560 INTERROGATIO
1488 3502 1674 3559 LXIX.

577 3600 686 3655 Sed
717 3613 888 3670 quare
937 3605 1067 3652 sunt
1113 3612 1268 3666 aqum
1301 3596 1591 3666 superum?
1633 3603 1692 3650 ut
1723 3595 1919 3665 aliquis
1950 3595 2088 3648 hau-

509 3693 634 3754 riat,
671 3700 764 3744 aut
793 3690 962 3754 bibat,
996 3698 1089 3743 aut
1125 3688 1362 3758 naviget,
1396 3697 1488 3742 aut
1517 3695 1702 3758 potum
1737 3687 1972 3757 praebeat
2013 3688 2091 3740 al-

508 3786 632 3851 teri,
665 3793 758 3839 aut
785 3795 1078 3855 quemnam
1109 3789 1331 3852 propter
1361 3780 1528 3833 alium
1559 3780 1721 3834 talem
1753 3779 1954 3833 usum?

1147 3871 1455 3941 Responsio.

579 3967 720 4033 Quia
741 3964 1060 4036 crystallum
1089 3978 1213 4018 esse
1244 3963 1354 4017 dixi
1385 3962 1810 4024 ﬁrmamentum,
1847 3969 2094 4031 receptu-

511 4073 632 4112 rum
662 4065 779 4112 erat
801 4056 1174 4126 subjectorum
1214 4054 1566 4109 luminarium
1600 4054 1972 4124 splendorem,
2005 4068 2094 4107 so-

512 4151 853 4220 leminquam
877 4156 930 4203 et
953 4148 1162 4208 lunam,
1192 4155 1245 4202 et
1273 4147 1538 4217 reliquum
1564 4156 1838 4200 astrorum
1865 4153 2090 4209 emtum,

510 4258 577 4297 ex
624 4242 746 4312 igne
784 4247 1035 4294 naturam
1077 4240 1386 4293 habentem.
1429 4235 1508 4292 Ne
1545 4237 1710 4308 igitur
1742 4239 1957 4292 illorum
2001 4254 2093 4291 ar-

511 4333 644 4387 dore
674 4331 1192 4399 resolvereturquod
1221 4329 1385 4382 ﬁxum
1418 4336 1522 4391 est,
1547 4343 1642 4398 per
1673 4327 1724 4382 id
1755 4329 1823 4382 ab
1855 4328 1944 4382 illo
1975 4328 2092 4382 dis-

512 4421 691 4476 crevit
723 4419 994 4473 inﬁnitam
1042 4420 1188 4474 illam
1224 4433 1441 4488 aquam,
1472 4419 1636 4472 veluti
1665 4420 1895 4488 positam
1928 4433 2095 4488 super

515 4511 771 4566 humeros
800 4513 920 4579 ejus
952 4510 1020 4564 ad
1051 4508 1477 4580 refrigerandam
1510 4508 2011 4571 inﬂammationem,
2041 4517 2095 4563 et

513 4605 581 4659 ad
615 4605 959 4674 levigandam
995 4603 1354 4666 rotationem,
1391 4602 1560 4656 utilla
1596 4602 1919 4657 humiditate
1951 4617 2097 4658 cras-

513 4700 629 4754 sius
668 4698 941 4754 redtlitum
969 4696 1227 4751 resistere
1261 4695 1433 4764 possit
1463 4695 1570 4762 igni
1613 4695 1987 4752 luminarium.

938 4786 1462 4844 lNTEBltOGATlU
1501 4787 1666 4842 LXX.

584 4881 871 4946 Quomodo
888 4895 1020 4935 vero
1045 4880 1159 4935 ﬁeri
1184 4886 1440 4950 potestut
1470 4878 1671 4948 glacies
1714 4878 1933 4935 resistat
1961 4878 2096 4951 igni,

515 4987 636 5042 qua:
661 4973 812 5025 nullo
852 4973 1012 5027 modo
1045 4972 1150 5028 fert
1189 4971 1332 5042 ignis
1393 4970 1887 5039 propinquitatem,
1922 4987 2099 5042 neque

519 5077 715 5116 manus
749 5065 1265 5126 contrectationem,
1316 5076 1492 5131 neque
1521 5077 1710 5116 auram
1753 5063 2096 5127 calidiorem,

517 5169 694 5226 neque
722 5161 780 5208 ut
804 5163 954 5210 veste
980 5165 1190 5226 tegatur
1223 5157 1245 5208 ?

1152 5245 1466 5316 Responsio.
1536 5277 1555 5290 -

588 5361 658 5416 At
690 5375 798 5416 non
823 5367 952 5416 sunt
977 5357 1067 5412 illa
1099 5357 1520 5415 ultramundana
1547 5361 1782 5416 terrenis
1800 5375 1896 5432 per
1918 5361 2102 5415 omnia

521 5473 908 5545 subjicienda;
945 5488 1071 5528 nam
1127 5472 1282 5526 aliter
1339 5488 1503 5542 quam
1557 5489 1654 5544 pro
1703 5481 1890 5528 nostra
1945 5473 2102 5527 inﬁr-

523 5590 730 5654 mitate,
765 5588 952 5644 divina
1019 5589 1196 5644 virtus
1248 5587 1433 5641 omnia
1472 5587 1752 5656 dispensat
1791 5594 1954 5658 atque
2003 5601 2105 5659 gu-

593 5761 709 5831 (2'5)
757 5761 1093 5830 ’Υπερῤἐωκ
1118 5761 1279 5818 Forte
1308 5759 1594 5830 ὑπορρέον.
1631 5759 1788 5814 Eon.

1556 283 1614 337 S.
1653 275 2327 344 CAESARILGRECORII
2367 273 2671 332 FRATRIS

3651 273 3771 330 356

2174 389 2335 444 ὑάλου
2384 389 2532 442 ἔστιν
2578 388 2838 460 ἀθρῆσαι,
2873 386 2931 454 ἐξ
2978 384 3148 457 αὐτῆς
3187 385 3403 456 ἐκείνην
3450 386 3770 459 mactae-pa...

2173 482 2381 552 γμένην
2406 483 2504 551 τὴν
2535 479 2864 544 κύλικα,καὶ
2881 477 3280 550 ἀποκρίνουσαν
3304 478 3467 548 διχῶς
3493 481 3553 533 τὸ
3572 483 3764 552 ἐκχέοι

2177 590 2356 643 μενον.
2410 571 2627 635 Μείζων
2679 571 2736 624 δὲ
2776 571 2994 634 πάντως
3049 570 3398 641 ἀνθρωπίνης
3449 571 3695 635 ἐπινοίας
3728 577 3764 642 ἡ

2174 666 2452 734 πάνσοφος
2491 663 2586 718 τοῦ
2623 662 2760 717 Θεοῦ
2803 663 3069 734 δραστικὴ
3095 663 3347 734 δύναμις.
3395 665 3534 735 Ὅρα
3559 664 3619 718 δέ
3674 684 3767 736 μοι

2173 756 2568 828 ἐναργέστερον
2600 756 2904 826 ὑπόδειγμα
2938 755 3066 826 περὶ
3107 755 3202 808 τοῦ
3255 755 3660 827 στερεώματος,
3701 760 3766 810 ού

2173 844 2338 918 τέχνῃ
2393 843 2622 915 βροτῶν,
2655 844 2794 897 ἀλλά
2832 844 2954 915 θείᾳ
2995 843 3159 916 βουλῇ
3206 845 3629 916 συνιστάμενον,
3671 848 3770 902 καὶ

2174 939 2339 992 οἱονεὶ
2377 937 2746 992 διδασκαλεῖον
2792 939 2928 1008 ἡμῖν
2962 939 3358 1010 προκείμενον,
3394 939 3486 990 τὸν
3523 939 3620 992 ἕνα
3659 939 3770 992 τῶν

2174 1030 2450 1100 τεττάρων
2484 1031 2548 1082 ὲκ
2574 1029 2674 1099 τῆς
2709 1030 2768 1082 ὲν
2812 1029 3127 1102 παραδείσῳ
3165 1033 3374 1102 κρήνης
3403 1032 3636 1101 ῥεόντων
3666 1048 3769 1083 πο-

2175 1119 2493 1190 ταμῶν,τὸν
2515 1121 2762 1184 Φυσῶνα,
2787 1121 2938 1192 παρά
2972 1124 3038 1192 τῇ
3066 1121 3185 1174 καθ’
3215 1124 3363 1194 ἡμᾶς
3395 1123 3609 1193 Γραφῇ,
3637 1127 3770 1194 παρ’

2179 1215 2404 1286 Ἕλλησι
2455 1215 2513 1268 δὲ
2549 1212 2798 1286 Ἵστρον,
2834 1216 2984 1287 παρά
3029 1215 3088 1268 δὲ
3133 1217 3424 1286 Ῥωμαίοις
3452 1217 3767 1281 Λανούϐιον,

2179 1308 2331 1380 παρά
2357 1309 2414 1362 δὲ
2433 1308 2650 1372 Γότθοις
2672 1307 2933 1360 Δούναϐιν
2961 1309 3504 1380 προσαγορευόμενον
3524 1326 3538 1339 ·
3559 1309 3772 1379 χειμῶ-

2177 1413 2266 1458 νος
2283 1395 2655 1466 πηγνυμένου,
2683 1398 2778 1449 καὶ
2804 1397 2883 1459 είς
2909 1396 3106 1468 λιθώδη
3149 1397 3473 1452 ἀντιτυπίαν
3509 1397 3772 1468 μεθισταο

2181 1487 2349 1558 μένης
2380 1487 2482 1557 τῆς
2516 1487 2766 1558 μαλακῆς
2791 1488 2887 1541 τοῦ
2922 1489 3141 1560 ῥείθρου
3183 1489 3420 1559 φύσεως,
3457 1490 3533 1552 ὡς
3568 1491 3686 1543 οἷαν
3706 1508 3770 1544 τε

2181 1582 2365 1655 φέρειν
2392 1581 2867 1652 ἐπιπορευομένων
2892 1581 3194 1653 πολεμίων,
3225 1583 3320 1636 καὶ
3351 1585 3489 1654 πρὸς
3512 1583 3582 1636 τὰ
3637 1585 3770 1636 Ῥω-

2189 1675 2385 1746 μαίων,
2421 1673 2654 1747 Ἰλλύριά
2692 1691 2752 1725 τε
2787 1675 2878 1726 καὶ
2910 1673 3154 1745 Θρᾲκεια
3197 1676 3340 1746 μέρη
3369 1675 3771 1744 διαφοιτώντων

2187 1765 2409 1836 πλῆθος.
2446 1764 2606 1820 Οὑτω
2645 1783 2728 1818 τοι
2762 1766 2856 1819 καὶ
2890 1766 2952 1818 τὸ
2981 1767 3112 1820 αὐτὸ
3155 1769 3218 1820 ὲκ
3245 1767 3338 1820 τοῦ
3375 1768 3562 1832 ὓδατος
3599 1769 3772 1838 παγὲν

2187 1855 2494 1927 στερέωμα,
2519 1854 2879 1918 ὑποκλύζεται
2916 1855 3014 1927 μὲν
3163 1858 3516 1930 ὑποκριθέντι
3547 1859 3770 1930 ῥείθρῳ,

2187 1945 2514 2015 ὑπερστέγει
2556 1946 2600 1999 δ’
2632 1946 2795 1998 ἵππον
2821 1945 2916 1997 καὶ⁵
2952 1946 3262 2018 ἀναϐάτην,
3296 1949 3354 2000 ὲν
3386 1947 3590 2018 χιλιάσι
3641 1950 3776 2004 δέκα

2189 2037 2450 2101 πολλάκις
2481 2037 2776 2108 ὁρώμενον.
2798 2040 2954 2092 Ἐστι
2976 2039 3031 2092 δὲ
3062 2042 3147 2094 ὅτε
3175 2039 3267 2093 καὶ
3290 2040 3386 2111 τῆς
3409 2041 3660 2110 ἀμειδίας
3681 2042 3777 2095 τοῦ

2189 2128 2459 2199 χειμῶνος
2495 2131 2919 2202 ἐπικρατούσης,
2956 2132 3054 2185 καὶ
3099 2131 3193 2185 τοῦ
3241 2133 3443 2204 κρύους
3493 2134 3776 2205 μένοντος,

2189 2221 2388 2292 λάϐρον
2436 2221 2579 2295 ὓδωρ
2621 2223 2730 2276 ἀπὸ
2756 2223 2932 2293 νεφῶν
2955 2225 3205 2295 ὑόμενον,
3236 2227 3330 2280 καὶ
3357 2225 3444 2280 διά
3467 2227 3578 2280 τῶν
3607 2246 3781 2299 χαρα-

2190 2313 2333 2384 δρῶν
2361 2315 2395 2385 ἢ
2431 2315 2752 2386 ἀκρωρειῶν
2796 2317 2890 2368 καὶ
2943 2317 3236 2386 γεωλόφων
3272 2320 3659 2389 κατάρῥηκτον
3687 2322 3781 2374 ἐπὶ

2189 2401 2285 2455 τοῦ
2345 2405 2611 2475 ποταμίου
2653 2405 3031 2478 στερεώματος
3066 2407 3347 2478 φέρεσθαι.
3396 2409 3575 2479 Ὅπερ
3608 2411 3780 2483 διειρο

2191 2493 2424 2565 γόμενον
2447 2495 2583 2566 πρὸς
2604 2496 2665 2550 τὸ
2693 2497 2958 2569 ὑπερρέον
2995 2484 3108 2568 θ’ὃ)
3139 2492 3253 2553 οἷον
3293 2500 3675 2573 διαφράγματι
3703 2507 3783 2575 τῷ

2194 2585 2255 2651 ἐξ
2280 2587 2488 2642 ὑδάτων
2515 2588 2860 2660 στερεώματι
2898 2591 3102 2660 ἀμιγὲς
3138 2589 3276 2655 τέως
3319 2595 3414 2645 καὶ
3447 2594 3784 2666 ἀσύγκριτον

2199 2681 2351 2753 μένει
2385 2683 2520 2754 πρὸς
2549 2682 2609 2736 τὸ
2650 2683 3030 2755 ὑποκείμενον.
3076 2682 3442 2758 Παραπλήσια
3479 2687 3538 2740 δὲ
3571 2691 3667 2742 καὶ
3693 2690 3785 2742 διὰ

2194 2772 2496 2844 τῆςχιόνος
2541 2773 2930 2844 παιδευόμεθα,
2970 2775 3374 2846 ὲπιξενωμένης
3396 2777 3473 2847 τῷ
3503 2779 3788 2849 εἰρημένῳ

2199 2865 2574 2937 στερέωματιο
2615 2866 2756 2919 ὥστε
2787 2867 3054 2939 ὑπάρχειν
3110 2868 3240 2920 αὑτὸ
3295 2871 3620 2940 μεταίχμιον
3665 2871 3786 2924 διά·

2199 2973 2430 3027 φραγμα
2487 2956 2842 3027 κρύσταλλον,
2882 2957 3201 3030 διαχωρίζον
3232 2960 3336 3013 ἀνά
3383 2961 3551 3032 μέσον
3591 2962 3788 3025 ὓδατος

2198 3049 2291 3101 καὶ
2341 3049 2553 3113 ὓδατος,
2588 3049 2744 3120 δίκην
2799 3049 2894 3102 τοῦ
2943 3051 3198 3122 οὐρανίου
3241 3051 3643 3123 στερεώματος,
3679 3055 3789 3105 τῶν

2199 3137 2458 3207 ἐπιγείων
2500 3139 2569 3193 τὰ
2599 3140 2945 3212 ὑπερκόσμια
2991 3142 3376 3213 διακρίνοντος.
3423 3143 3792 3213 Ἀπειροπλα-

2199 3229 2330 3293 σίως
2375 3229 2432 3282 δὲ
2476 3231 2569 3284 καὶ
2617 3231 3018 3304 ἀπαραὸλήτως
3062 3233 3328 3304 χειμῶνος
3356 3235 3414 3286 τὸ
3448 3234 3589 3286 θεῖον
3610 3237 3796 3307 πρόσ-

2196 3322 2384 3392 ταγμά
2430 3339 2571 3392 φημι
2614 3323 2981 3395 ἰσχυρότερον,
3024 3324 3204 3394 πῆξαν
3251 3327 3309 3380 τὸ
3355 3325 3487 3398 ὑπὲρ
3532 3327 3795 3399 κεφαλῆς

2197 3414 2355 3485 ἡμῶν
2384 3413 2689 3485 στερέωμα.

2801 3509 3050 3562 ΠΕΥΣΙΣ
3077 3507 3191 3564 ΞΘ.

2271 3599 2382 3652 Καὶ
2413 3599 2553 3653 διατί
2591 3599 2696 3671 ἄρα
2723 3597 2796 3653 τά
2829 3599 2942 3653 ἄνω
2975 3599 3176 3666 ὑδατας
3205 3600 3291 3654 ἵνα
3326 3618 3410 3664 τις
3439 3598 3790 3673 ὑδρεύσηται,

2199 3689 2232 3760 ἢ
2264 3689 2396 3760 πίῃ,
2429 3688 2462 3759 ἢ
2509 3687 2740 3760 πλεύσῃ,
2774 3686 2808 3758 ἢ
2845 3687 3044 3762 ποτίσῃ
3085 3689 3225 3754 τινὰ,
3259 3689 3291 3760 ἢ
3326 3689 3464 3752 ὅλως
3502 3690 3590 3744 διὰ
3623 3692 3792 3748 ποίαν

2200 3783 2388 3854 χρείαν
2413 3802 2426 3848 ;

2813 3875 3180 3944 Ἀπόκρισις.

2284 3967 2436 4019 Ἐπεὶ
2465 3966 2798 4039 κρύσταλλον
2827 3968 3094 4040 ὑπάρχειν
3120 3968 3257 4038 ἔφην
3283 3968 3344 4021 τὸ
3369 3969 3677 4040 στερέωμα,
3699 3970 3796 4025 δέ-

2199 4059 2392 4129 χεσθαι
2443 4059 2678 4130 ἤμελλεν
2727 4060 2827 4132 τὴν
2881 4062 3283 4131 ὑπερκειμένην
3323 4061 3432 4115 τῶν
3483 4064 3797 4134 φωοτήρων

2201 4153 2569 4224 φρυκτωρίαν,
2604 4153 2756 4223 ἥλιόν
2803 4170 2944 4223 φημι
2971 4193 2986 4216 ,
3019 4153 3112 4205 καὶ
3145 4153 3376 4224 σελήνην
3406 4155 3498 4207 καὶ
3540 4155 3638 4226 τὴν
3685 4157 3800 4208 λοι-

2202 4241 2308 4312 τιὴν
2326 4242 2435 4296 τῶν
2449 4243 2663 4313 ἄστρων
2679 4243 2974 4313 ὁμήγυριν,
2991 4244 3054 4294 ἐκ
3077 4241 3247 4312 πυρὸς
3264 4241 3366 4312 τὴν
3392 4241 3552 4310 φύσιν
3573 4242 3796 4312 ἔχοντα.

2203 4331 2300 4384 Ἴν’
2319 4327 2412 4385 οὖν
2443 4331 2517 4402 μὴ
2544 4331 2622 4401 τῷ
2654 4333 2879 4384 ἐκείνων
2912 4328 3134 4401 πυρετῴ
3156 4328 3398 4399 ἀναλυθῇ
3428 4328 3485 4380 τὸ
3515 4329 3792 4395 πεπηγὸς,

2199 4422 2268 4476 δι’
2313 4422 2476 4476 αὑτοῦ
2529 4422 2736 4476 ἐκείνου
2787 4423 3037 4494 ἀνέκρινε
3067 4421 3131 4473 τὸ
3182 4420 3373 4492 μυρίον
3428 4421 3605 4472 έκεῖνο
3643 4419 3796 4489 ὕδωρ

2199 4514 2340 4583 ὑπὲρ
2366 4514 2555 4577 νώτοις
2586 4513 2750 4567 αὑτοῦ
2779 4513 3113 4584 καταψύχειν
3146 4512 3238 4566 τὸν
3261 4511 3526 4581 φλογμὸν,
3562 4509 3660 4563 καὶ
3699 4511 3798 4561 ὲπ-

2200 4605 2442 4675 ἀλείφειν
2475 4605 2536 4658 τὸ
2578 4605 2764 4677 φέρον,
2802 4606 2950 4668 ὅπως
2992 4608 3058 4676 τῇ
3087 4605 3298 4658 ἐκεῖθεν
3347 4603 3506 4658 νοτίδι
3554 4602 3799 4672 παχυνό-

2204 4714 2363 4768 μενον
2393 4696 2638 4768 ἀντέχειν
2670 4697 2751 4768 τῷ
2773 4698 2905 4768 πυρὶ
2935 4696 3043 4750 τῶν
3076 4698 3400 4768 φωστήρων.

2798 4791 3050 4846 ΠΕΥΣΙΣ
3085 4793 3161 4844 Ο’.

2277 4879 2386 4934 Καὶ
2417 4879 2534 4943 πῶς
2562 4879 2786 4933 δυνατὸν
2820 4878 3152 4949 κρύσταλλον
3183 4878 3431 4949 ἀντέχειν
3470 4882 3622 4952 πυρὶ,
3659 4881 3800 4950 ὅπερ

2203 4973 2322 5026 οὑδὲ
2349 4973 2484 5036 ὅλως
2523 4974 2678 5045 φέρει
2711 4974 2987 5044 ἐγγύτητα
3029 4973 3232 5043 πυρὸς,
3265 4972 3386 5025 οὑδὲ
3413 4973 3596 5044 χειρὸς
3627 4974 3802 5042 cum-

2205 5081 2370 5136 φησιν
2391 5104 2406 5132 ,
2438 5065 2557 5118 οὐδὲ
2588 5066 2755 5137 πνοὴν
2787 5065 3142 5136 θερμοτέραν,
3179 5065 3212 5134 ἣ
3252 5064 3508 5135 ἐπιϐολὴν
3541 5066 3760 5134 ἱματίου
3787 5081 3801 5129 ;

2815 5245 3177 5312 Ἀπόκρισις.

2298 5332 2433 5385 Ἀλλ’
2482 5334 2543 5387 ού
2588 5333 2692 5406 χρὴ
2730 5336 2800 5389 τὰ
2852 5336 3196 5405 ὑπερκόσμια
3225 5333 3528 5404 περιγείοις
3566 5331 3799 5386 καθόλο·›

2213 5426 2562 5480 ὑποϐάλλεινο
2598 5428 2947 5499 καταλλήλως
2998 5429 3105 5500 γάρ
3149 5431 3214 5498 τῇ
3261 5428 3510 5498 ἡμετέρᾳ
3546 5424 3802 5494 ἀσθενείᾳ.

2210 5517 2437 5589 δύναμις
2473 5520 2647 5574 πάντα
2700 5521 3131 5594 διῳκονόμηται,
3181 5522 3274 5576 καὶ
3312 5517 3661 5592 πρυτανεύει.
3711 5519 3804 5570 Ἐκ

2209 5610 2319 5665 τῶν
2346 5613 2475 5684 παρ’
2506 5615 2636 5685 ἡμῖν
2674 5614 2853 5670 τοίνυν
2893 5615 3157 5688 ἀμυδροῖς
3202 5613 3608 5684 παραδείγμασι
3655 5609 3802 5680 χρώ·
