4048 6222
267 360 376 417 937

270 487 426 543 μενοι
447 511 463 537 ,
500 468 680 541 φαμὲν
728 468 793 523 τὰ
821 468 1209 541 ὑπερκείμενα,
1243 466 1423 540 λύχνῳ
1453 456 1765 542 μικροτάτῳ
1790 471 1849 526 ἐν

265 561 419 633 οἰκία
451 559 680 634 μεγίστῃ
728 561 981 631 φαίνοντα
1034 561 1471 633 παραϐάλλοντες
1503 562 1593 618 τὸν
1623 563 1847 634 βασιλέα

266 650 380 707 τῶν
414 652 717 723 φωστήρων
742 651 891 721 ἥλιον
915 691 931 717 ,
971 651 1107 723 πρὸς
1138 652 1201 706 τὸ
1246 654 1494 725 οὐράνιον
1526 654 1685 726 σῶμα
1720 671 1849 723 συγ-

266 742 620 817 κρινόμενον’
654 742 747 796 καὶ
774 741 960 815 ὥσπερ
997 746 1055 798 ἐν
1087 744 1255 815 δίσκῳ
1294 745 1638 816 παμμεγέθει
1666 786 1681 811 ,
1713 747 1848 818 βρα-

267 835 371 907 χὺν
401 831 647 904 ἄνθρακά
667 851 751 897 τις
780 832 1100 905 ἐπιθέμενος
1125 875 1139 897 .
1177 835 1211 907 ἢ
1241 835 1433 907 λύχνον
1459 837 1757 904 ὑποκαίων,
1788 837 1849 890 ού

271 924 437 997 μόνον
485 922 687 993 φλὲξας
731 922 763 994 ἢ
814 925 1092 995 χωνεύσας
1120 927 1232 998 (2.5)
1279 926 1340 981 τὸ
1369 928 1728 1000 ὑποκείμενον
1755 929 1853 1000 οὐχ

267 1009 384 1079 οἷός
408 1032 466 1068 τε
496 1014 579 1086 εἴη
601 1055 616 1078 ,
642 1014 780 1069 ἀλλὰ
803 1017 924 1070 οὐδὲ
955 1017 1224 1090 θερμᾶναι
1252 1019 1313 1073 τὸ
1339 1020 1531 1084 σκεῦος
1563 1020 1851 1092 ίσχύσειεν.

270 1109 401 1173 Πῶς
425 1104 517 1162 οὖν
558 1107 751 1178 λύχνος
777 1109 1017 1181 άμυδρὸς
1063 1113 1351 1183 δυνήσεται
1405 1112 1640 1168 ἄϐυσσον
1679 1132 1855 1187 πεπη-

268 1201 436 1270 γυῖαν
475 1198 636 1252 λῦσαι
670 1198 703 1270 ἢ
737 1199 1116 1271 παραφλέξαι;
1151 1186 1280 1256 πότε
1309 1202 1365 1256 δὲ
1395 1202 1551 1270 κύλιξ
1585 1186 1852 1269 ἆπτουσα,

170 1275 183 1288 ’
269 1291 364 1345 οἶα
404 1307 462 1343 τε
492 1287 725 1362 θραῦσαι
768 1290 1037 1361 χειμῶνος
1087 1293 1391 1364 κρυότητα,
1427 1293 1857 1363 φιλονεικοῦντος

274 1380 472 1434 σϐέσαι
510 1380 608 1452 τὴν
632 1379 924 1451 θρυαλλίδα
958 1381 1037 1452 τῷ
1082 1382 1302 1453 παγετῷ
1326 1424 1341 1447 ,
1368 1385 1448 1448 είς
1491 1384 1637 1439 λίθον
1665 1385 1721 1439 δέ
1757 1401 1855 1457 με-

272 1471 596 1527 τατυπῶσαι
628 1472 688 1525 τὺ
708 1473 1012 1545 ἐνυπάρχον
1038 1473 1183 1545 ὕδωρ
1215 1475 1310 1529 καὶ
1336 1474 1535 1540 ἔλαιον,
1564 1476 1665 1548 τῆς
1691 1478 1860 1548 ὑπερο

273 1562 441 1635 ϐολῆς
464 1563 558 1616 τοῦ
588 1561 790 1635 κρύους
812 1563 913 1634 τὴν
943 1563 1201 1634 λαμπάδα
1223 1554 1713 1638 ἀπεμαράναντοςς
1739 1567 1858 1632 πῶς

270 1651 336 1707 δέ
371 1653 467 1707 καὶ
486 1655 520 1724 ἡ
552 1653 813 1725 ἀμίαντος
848 1652 1043 1725 βοτάνη
1073 1693 1088 1720 ,
1113 1655 1208 1708 καὶ
1244 1655 1511 1725 ἄφλεκτος
1540 1656 1716 1729 πάντη
1743 1657 1857 1712 δια·-

275 1744 548 1814 μένουσας
603 1743 764 1798 Ἀλλά
813 1745 905 1799 καὶ
966 1744 1350 1816 σαλαμάνδραν
1415 1746 1552 1812 ζῶον
1601 1748 1815 1814 εὐτελὲς
1836 1788 1852 1814 ,

274 1836 453 1907 πυρὸς
479 1836 536 1889 δὲ
566 1837 634 1908 τῇ
667 1834 826 1905 φύσει
853 1835 1127 1908 διαφέρον,
1162 1835 1405 1908 ἔγνωμεν
1437 1837 1527 1892 διὰ
1559 1839 1731 1911 μέσης
1757 1858 1856 1896 κα-

277 1928 440 2000 μίνου
477 1927 648 1999 πυρὸς
674 1929 956 2000 ἐνσκαϊρον
982 1968 998 1994 ,
1052 1927 1366 1993 διαϐιϐάζον
1396 1946 1457 1984 τε
1480 1971 1496 1996 ,
1540 1932 1636 1987 καὶ
1689 1932 1856 2004 μηδὲν

276 2018 560 2082 παντελῶς
590 2021 656 2072 ἐκ
679 2019 777 2090 τῆς
808 2019 872 2073 λυ
882 2020 1149 2091 μαντικῆς
1169 2020 1264 2076 τοῦ
1288 2022 1459 2093 πυρὸς
1483 2022 1697 2092 φύσεως
1727 2025 1858 2079 ὐπο-

277 2111 465 2183 μένον.
495 2110 658 2164 Οὐδὲν
683 2111 864 2166 τοίνυν
895 2111 1047 2182 ἥλιος
1076 2112 1486 2185 παραϐλάψειεν
1516 2115 1607 2170 τὸν
1631 2116 1859 2188 οὐρανὸν

275 2200 526 2258 ὕποθέων
548 2219 561 2233 ·
598 2196 659 2256 οὗ
689 2200 788 2281 τάς
816 2202 1047 2266 ἑωθινὰς
1073 2203 1337 2269 ἀνατολὰς
1363 2205 1680 2277 διαγράφων
1700 2208 1729 2260 ὁ
1748 2206 1858 2260 τῶν

274 2293 443 2350 θείων
478 2293 714 2365 μελῳδὸς
732 2332 748 2359 ,
788 2293 952 2365 φησιν
977 2307 994 2324 ⁶
1018 2294 1129 2350 Καὶ
1157 2295 1340 2363 αὐτὸς
1366 2296 1448 2363 ὡς
1468 2297 1729 2367 νυμφίος
1764 2298 1860 2353 ἐκ·

272 2387 685 2455 πορευόμενος
707 2385 776 2440 ἐκ
818 2386 1056 2441 παστοῦ
1087 2387 1294 2450 αὐτοῦ,
1318 2387 1747 2457 ἀγαλλιάσεται
1778 2390 1859 2456 ὡς

272 2478 454 2551 τίτας
482 2478 729 2548 δραμεῖν
780 2477 925 2533 ὁδὸν
970 2479 1157 2535 αὐτοῦ
1181 2517 1196 2542 ,
1230 2479 1333 2534 ἀπ’
1370 2479 1558 2548 ἄκρου
1605 2479 1713 2534 τοῦ
1755 2482 1858 2535 οὐ·

266 2569 468 2640 ραν-οὗ
493 2571 533 2638 ὴ
557 2568 768 2635 ἔξοδος
803 2570 1010 2624 αὐτοῦ.
1055 2568 1186 2624 Ἰδοὺ
1211 2609 1227 2634 ,
1262 2569 1451 2640 ἄκρον
1482 2571 1575 2625 καὶ
1611 2569 1855 2638 ἔξοδος·

272 2656 346 2711 ού
384 2661 589 2730 σφαῖρα
636 2658 693 2712 δὲ
723 2660 816 2712 καὶ
858 2658 1044 2723 ἄνοδος
1089 2659 1372 2731 κυλιστικὴ
1396 2701 1412 2727 ,
1448 2660 1526 2723 ώς
1575 2660 1862 2725 δοκεῖτοῖς

275 2749 803 2822 είκαιολὸγοις.[Κα“ι
838 2749 901 2803 τδ
930 2751 1253 2823 κατάντημα
1287 2749 1449 2804 αὑτοῦ
1470 2789 1487 2816 ,
1512 2752 1691 2823 ’φησὶν
1714 2793 1729 2818 ,
1756 2751 1861 2816 ἕως

275 2842 459 2913 ἄκρου
490 2841 585 2895 τοῦ
632 2842 862 2913 ούρανοῦ
900 2842 1012 2914 (Ξὸ)
1037 2842 1085 2915 ].
1114 2844 1227 2901 Καὶ
1272 2842 1339 2897 τὸ
1387 2843 1732 2914 κατάντημα
1766 2846 1861 2900 καὶ

272 2933 496 3002 ἄκρον,
526 2932 586 2986 οὐ
614 2933 837 2998 κάθοδος
868 2933 961 2989 καὶ
987 2933 1265 2998 ύπόδυσις.
1311 2933 1449 2988 Ἀλλ’
1483 2934 1575 2988 ἐπὶ
1602 2935 1699 3006 τὴν
1727 2953 1862 3008 νυμ-

277 3024 455 3095 φικὴν
485 3023 790 3095 ὡραιότητα
841 3024 936 3078 τοῦ
990 3024 1280 3097 φωστῆρος
1340 3024 1528 3097 ἴωμεν.
1560 3025 1698 3097 Φησὶ
1751 3026 1861 3097 γὰρ

274 3117 418 3188 περὶ
443 3116 607 3171 αὐτοῦ
638 3118 666 3169 δ
690 3116 855 3171 Δαϐίδ
880 3132 893 3146 ·
930 3117 1038 3171 Καὶ
1073 3114 1256 3182 αὐτὸς
1278 3117 1361 3184 ὡς
1394 3116 1653 3186 νυμφίος
1680 3117 1861 3171 ἐκπο-

265 3210 605 3281 ρευόμενος
628 3209 698 3263 ἐκ
724 3207 963 3263 παστοῦ
1000 3207 1187 3262 αὐτοῦ
1212 3224 1226 3239 ⁸
1256 3206 1319 3260 τὸ
1353 3207 1578 3279 φαιδρὸν
1606 3208 1698 3261 καὶ
1726 3205 1867 3278 σύμ-

279 3319 481 3375 μετρον
534 3301 626 3372 τῆς
644 3301 872 3373 ἑωθινῆς
899 3300 1065 3356 αὐτοῦ
1106 3298 1282 3371 ὅψεως
1311 3298 1614 3370 παριστῶν.
1638 3299 1871 3369 Μεσημ-

274 3393 471 3464 6ρινδν
499 3392 611 3461 γὰρ
634 3391 798 3446 αὐτὸν
827 3391 1182 3445 διιππεύοντα
1205 3389 1297 3444 τὸν
1326 3389 1575 3461 οὐρανὸν,
1611 3388 1870 3453 πολλάκις

276 3484 383 3542 καὶ
403 3483 821 3555 ἀποδιδράσκειν
848 3481 1188 3554 πειρώμεθα,
1212 3481 1275 3536 τὸ
1300 3480 1574 3551 φλογῶδες
1598 3478 1762 3534 αὑτοῦ
1790 3480 1866 3550 μὴ

274 3575 549 3647 φέροντες
571 3593 586 3607 ·
620 3575 737 3645 ἅμα
758 3573 814 3627 δὲ
840 3573 936 3628 τοῦ
958 3575 1223 3644 ἀνίσχειν,
1249 3572 1483 3642 τερπνὸς
1504 3572 1670 3625 πᾶσιν
1703 3571 1872 3641 ὑπάρ-

273 3684 404 3740 χει’
437 3668 534 3721 καὶ
575 3666 764 3738 ὥσπερ
798 3666 1031 3737 νυμφίου
1084 3665 1240 3736 δίκην
1290 3661 1565 3735 ὁρώμενος
1588 3702 1604 3727 ,
1636 3662 1728 3716 καὶ
1764 3660 1873 3714 ἀπὸ

276 3758 390 3828 τῆς
425 3756 568 3828 ἐῴας
604 3756 767 3828 μέχρι
814 3756 915 3827 τῆς
963 3755 1203 3829 ἑσπέρας
1248 3753 1495 3823 ἀφθόνως
1526 3751 1751 3818 ἐπιϐὰς,
1785 3752 1873 3806 διὰ

276 3848 389 3913 τὰς
424 3850 491 3901 ἐκ
536 3847 646 3901 τῶν
698 3847 1076 3919 μαρμαρυγῶν
1120 3845 1524 3918 στροφάλιγγας
1559 3842 1765 3896 διαλύει
1803 3844 1872 3913 τῇ

275 3940 548 4013 δᾳδουχίᾳ
575 3939 636 3993 τὸ
664 3939 886 4010 άμειδὲς
917 3938 1010 3992 τοῦ
1043 3939 1205 4010 ἀέρος
1230 3978 1245 4004 ,
1274 3939 1369 3993 καὶ
1394 3940 1462 4009 τῇ
1485 3939 1555 4008 γῇ
1582 3936 1719 4009 πρὸς
1739 3953 1876 4008 καρ-

278 4032 551 4101 πογονίαν
586 4029 888 4100 συνομιλῶν
910 4070 925 4095 ,
976 4030 1297 4084 συνθάλπων
1331 4028 1500 4099 αὐτὴν
1521 4070 1536 4094 ,
1579 4027 1671 4082 καὶ
1705 4030 1871 4097 ἐγκαο

276 4123 552 4195 λούμενος
583 4122 695 4194 (26)
726 4121 796 4175 τὰ
828 4112 1120 4193 σπέρματα
1156 4121 1399 4192 ἐκφύειν.

1676 313 2018 415 annosus
2056 356 2097 410 ι.

3404 363 3511 418 953

1950 470 2163 525 bernat.
2190 466 2282 521 Ex.
2304 466 2372 523 iis
2405 467 2571 541 igitur
2608 468 2775 525 rebus
2801 483 3034 540 quarum
3066 472 3209 541 apud
3251 486 3354 529 nos
3382 484 3519 527 usus

1948 570 2050 626 est,
2072 559 2322 616 incilibus
2350 561 2612 631 exemplis
2637 570 2871 626 utentes,
2905 561 3193 633 loquemur
3213 563 3280 620 de
3313 566 3381 619 iis
3404 580 3528 635 quin

1950 667 2115 722 supra
2145 665 2246 706 nos
2278 658 2426 707 sunt.
2459 650 2723 707 Lucerna:
2751 652 2998 707 omnium
3028 653 3268 709 minimae
3289 654 3344 709 in
3366 657 3529 710 domo

1952 742 2187 797 maxima
2220 743 2423 798 lucenti
2455 741 2790 799 conferimus
2833 758 3016 814 regem
3048 743 3401 800 luminarium
3438 760 3531 801 so.

1954 833 2086 900 lem,
2125 833 2193 888 ad
2223 833 2450 889 eteleste
2480 848 2678 903 corpus
2699 844 3093 903 comparatum.
3117 834 3353 892 Prorsus
3384 852 3450 893 ac
3480 837 3529 894 si

1954 923 2080 996 quis
2108 924 2163 979 in
2197 923 2352 981 disco
2387 939 2684 996 permagno
2716 924 2971 995 exiguum
3008 926 3302 983 carbonem
3340 936 3528 998 ponat,

1954 1026 2049 1074 aut
2080 1019 2358 1074 lucernam
2383 1016 2701 1084 succendat,
2734 1034 2843 1072 non
2875 1019 3054 1073 solum
3083 1018 3409 1076 comburere
3435 1029 3533 1076 aut

1955 1109 2295 1165 inﬂammare
2324 1108 2474 1161 illum
2525 1121 2633 1161 non
2667 1108 2886 1177 poterit,
2920 1123 3109 1164 verum
3157 1123 3227 1165 ne
3261 1125 3358 1166 vas
3404 1112 3529 1179 qui-

1956 1194 2078 1249 dem
2111 1194 2289 1265 ipsum
2313 1192 2616 1271 cali-facere
2650 1194 2907 1264 quiverit.
2931 1195 3218 1262 Quomodo
3236 1198 3407 1269 igitur
3429 1200 3533 1256 im-

1958 1284 2171 1341 becillis
2202 1287 2423 1342 lucerna
2450 1286 2651 1355 poterit
2681 1285 2943 1357 abyssum
2974 1287 3384 1345 constabilitam
3416 1293 3530 1347 sol-

1957 1392 2085 1433 vere
2123 1385 2219 1432 aut
2248 1376 2620 1432 comburere?
2675 1377 2741 1431 Et
2780 1378 2871 1449 qui
2905 1379 3042 1434 calix
3087 1382 3406 1454 attingenda
3444 1385 3532 1440 lte-

1958 1466 2088 1523 dere
2115 1468 2313 1538 poterit
2337 1466 2511 1537 frigus
2535 1467 2729 1523 hiemis
2756 1468 3016 1524 enitentis
3058 1472 3408 1543 exstinguere
3435 1489 3537 1545 per

1958 1558 2082 1629 gelu
2116 1558 2351 1615 lucerna:
2398 1558 2751 1629 cllyehnium,
2784 1567 2837 1613 et
2861 1560 2915 1614 in
2942 1560 3174 1631 lapidem
3215 1572 3537 1624 convertere

1962 1662 2161 1719 aquam
2183 1664 2304 1719 quae
2344 1649 2400 1702 in
2430 1664 2496 1704 eo
2529 1657 2634 1715 est,
2663 1657 2717 1704 et
2747 1649 2951 1714 oleum,
2983 1666 3151 1722 supra
3193 1654 3415 1710 modum
3437 1655 3535 1711 fri-

1962 1754 2091 1812 gore
2130 1739 2434 1810 lampadem
2464 1739 2820 1796 debilitante?
2848 1739 3133 1807 Quomodo
3166 1759 3296 1800 vero
3325 1746 3537 1801 amian~

1963 1838 2053 1886 tus
2082 1830 2250 1887 herba
2276 1830 2458 1900 ignem
2490 1830 2765 1886 sustinere
2796 1839 2995 1901 potest,
3020 1833 3077 1888 in
3100 1834 3340 1890 medium
3364 1835 3540 1907 ipsius

1963 1921 2196 1978 ﬂammai
2233 1923 2435 1992 posita,
2470 1920 2762 1992 omnisque
2814 1923 3122 1983 adustionis
3168 1940 3365 1998 expers
3422 1942 3544 1983 ma-

1963 2015 2147 2073 nens?
2176 2015 2283 2070 Sed
2318 2023 2372 2072 et
2423 2015 2826 2070 salamandram
2879 2016 2988 2072 vile
3033 2017 3278 2088 animal,
3322 2019 3541 2079 diversa

1964 2108 2034 2165 ab
2064 2107 2176 2180 igni
2221 2116 2438 2172 natura,
2469 2107 2676 2165 scimus
2722 2122 2822 2178 per
2876 2108 3117 2165 medium
3159 2113 3438 2167 caminum
3483 2115 3541 2170 in

1964 2198 2143 2271 ignem
2174 2198 2388 2255 insilire
2409 2206 2573 2271 atque
2603 2200 2960 2271 pertransire,
2986 2200 3125 2256 nihil
3154 2210 3335 2259 tamen
3383 2220 3544 2275 pror.

1964 2306 2062 2349 sus
2092 2307 2189 2363 per
2220 2292 2444 2349 edacem
2484 2302 2741 2351 naturam
2763 2296 2907 2367 ignis
2936 2296 3078 2352 laedi.
3099 2295 3338 2355 Proinde
3366 2316 3543 2372 neque

1965 2384 2049 2440 sol
2087 2384 2289 2443 laeserit
2311 2385 2510 2441 coelum
2538 2387 2643 2443 sub
2671 2403 2783 2458 quo
2805 2388 2979 2443 currit
3008 2389 3208 2457 ;cujus
3242 2392 3541 2448 matutinos

1964 2484 2193 2533 exortus
2242 2476 2560 2533 describens
2605 2478 2919 2533 divinorum
2962 2479 3269 2534 carminum
3323 2488 3541 2547 auctor,

1967 2564 2181 2635 inquit:
2206 2564 2327 2634 Ipse
2355 2567 2491 2621 velut
2517 2562 2739 2633 sponsus
2755 2567 3025 2637 egrediens
3056 2584 3123 2623 ea:
3154 2570 3391 2627 thalamo
3419 2588 3539 2639 suo,

1965 2657 2251 2711 exsultabit
2278 2670 2336 2712 ut
2368 2660 2516 2730 gigas
2545 2659 2614 2713 ad
2641 2659 2959 2713 currendum
2983 2660 3120 2715 uiam
3149 2679 3377 2728 suam,a
3396 2681 3545 2720 sum-

1968 2765 2053 2803 mo
2084 2750 2202 2805 ειείὶ
2227 2766 2464 2820 egressus
2494 2751 2607 2820 ejus
2631 2754 2698 2805 τ’.
2736 2749 2904 2807 Vides
2926 2750 3012 2805 hic
3044 2758 3173 2823 poni
3206 2759 3369 2812 verba
3401 2774 3547 2812 sum.

1969 2841 2043 2895 mi
2080 2850 2135 2897 et
2174 2858 2433 2912 egressus,
2470 2859 2579 2899 non
2607 2844 2835 2915 sphazraa
2865 2857 2921 2904 et
2946 2866 3210 2907 ascensus
3231 2850 3543 2915 circnlaris,

1970 2941 2030 2987 ut
2053 2934 2331 3005 aliquibus
2361 2935 2578 2992 videtur
2599 2953 2770 2996 vanas
2798 2942 3146 3011 conjecturas
3167 2943 3547 3013 sequentibus.

1970 3024 2039 3079 Et
2069 3041 2321 3080 occursus
2379 3028 2516 3096 ejus,
2552 3030 2754 3101 inquit,
2793 3048 2955 3104 usque
2993 3035 3063 3089 ad
3114 3050 3379 3089 summum
3408 3036 3544 3090 cali.

1972 3114 2107 3172 Vide
2140 3131 2332 3173 rursus
2368 3136 2638 3178 occursum
2678 3129 2733 3177 et
2766 3140 3050 3190 summum,
3088 3139 3197 3179 non
3222 3126 3548 3181 descensum

1968 3215 2025 3264 et
2062 3222 2342 3265 occasum.
2396 3207 2503 3265 Sed
2559 3213 2705 3267 enim
2736 3212 2804 3268 ad
2835 3215 3148 3283 sponsalcm
3183 3215 3550 3285 pulchritudi-

1969 3314 2093 3355 nem
2116 3298 2283 3369 hujus
2311 3300 2599 3357 luminaris
2628 3305 2978 3361 accedamus.
3010 3306 3195 3378 Inquit
3220 3308 3364 3363 enim
3389 3307 3457 3365 de
3483 3324 3551 3364 eo

1970 3388 2235 3445 Davides:
2258 3389 2323 3443 Et
2352 3392 2464 3457 ipse
2494 3393 2633 3447 velut
2667 3411 2891 3464 sponsus
2921 3396 3189 3467 egrediens
3221 3414 3287 3452 ex
3315 3399 3552 3453 thalamo

1969 3497 2089 3547 suo,
2145 3482 2327 3538 verbis
2377 3484 2529 3539 hisce
2584 3486 2922 3543 alacritatem
2961 3497 3016 3543 et
3062 3495 3554 3559 temperamentum

1972 3582 2227 3642 aspectus
2267 3576 2388 3645 ejus
2421 3578 2671 3631 matutini
2723 3579 3053 3647 exprimens.
3089 3579 3226 3636 Nam
3281 3597 3405 3638 cum
3440 3599 3554 3639 me-

1973 3662 2242 3720 ridionale
2295 3667 2493 3720 cmlum
2525 3669 2820 3737 percurrit,
2861 3684 3242 3739 saepenumero
3278 3673 3552 3744 refugium

1975 3769 2218 3823 quaerere
2249 3763 2544 3824 tentamus,
2580 3757 2797 3828 igneum
2819 3760 3059 3815 calorem
3089 3763 3210 3830 ejus
3233 3780 3345 3818 non
3374 3765 3555 3822 feren-

1977 3854 2081 3902 tes.
2115 3844 2289 3900 Simul
2318 3855 2500 3901 autem
2533 3849 2587 3901 in
2633 3856 2825 3903 exortu
2857 3848 3139 3919 jucundus
3162 3861 3247 3906 est
3275 3854 3552 3917 omnibus,

1978 3945 2034 3992 et
2055 3937 2203 3992 velut
2233 3951 2470 4006 sponsus
2524 3938 2811 4008 aSpicilttl‘,
2847 3949 2901 3994 et
2942 3954 2974 3993 a
3007 3947 3253 4011 tempore
3281 3944 3555 3998 matutino

1977 4028 2044 4082 ad
2080 4043 2362 4098 vesperum
2392 4044 2567 4100 usque
2595 4041 2854 4099 perpetuo
2876 4045 2974 4101 per
3005 4033 3284 4088 radiorum
3328 4050 3554 4089 suorum

1977 4117 2306 4176 reﬂexiones
2332 4120 2589 4176 dissolvit
2619 4122 2721 4175 hac
2759 4136 2874 4178 sua:
2916 4122 3055 4179 facis
3080 4123 3201 4180 luce
3242 4126 3553 4196 injucuudj-

280 4226 461 4276 tatem
486 4219 653 4283 aeris,
687 4226 780 4272 aut
832 4233 956 4273 cum
1007 4226 1149 4273 terra
1188 4216 1633 4273 ad‘excitandum
1691 4214 2025 4270 fertilitatem
2058 4216 2216 4287 quasi
2244 4218 2374 4283 coit,
2397 4232 2628 4288 eamque
2678 4216 2841 4283 fovet,
2883 4217 2952 4272 ad
2984 4219 3306 4290 proferenda
3347 4220 3556 4276 semina

281 4324 623 4382 provocans.

872 4422 1123 4477 ΠΕΥΣΙΣ
1144 4419 1271 4476 OA'.

356 4518 478 4573 Καὶ
532 4518 648 4580 πῶς
685 4517 746 4570 οὐ
803 4516 987 4569 λύεται
1030 4515 1092 4567 τὸ
1142 4512 1473 4585 κρύσταλλον
1508 4516 1575 4585 τῇ
1631 4512 1871 4586 πυρώσει

283 4610 384 4663 τοῦ
444 4608 630 4678 ἡλίου,
682 4608 940 4662 τοσούτου
992 4606 1145 4671 ὄντος
1191 4604 1395 4678 θερμοῦ
1446 4605 1730 4677 ἐμφαίνειν
1761 4606 1875 4674 (9.7)

284 4702 444 4774 ἡμᾶς
488 4696 686 4763 αὑτὸν,
745 4697 1066 4771 μεσημϐρίᾳ
1119 4695 1195 4768 μὴ
1248 4695 1511 4765 φέροντας
1563 4693 1728 4750 αὑτοῦ
1777 4694 1876 4764 τὴν

286 4792 473 4864 φλόγα
499 4809 515 4856 ;

929 4879 1280 4948 Ἀπόκρισις.

357 4971 503 5029 Θεοῦ
555 4971 879 5045 βουλομένου
916 4970 1209 5026 σιωπάσθω
1252 4970 1314 5024 τὸ
1365 4968 1511 5034 πῶς·
1560 4966 1682 5021 ἐπεὶ
1724 4965 1879 5035 κάγὼ

284 5066 524 5127 εἰκότως
552 5063 731 5136 ἕροιμί
766 5076 890 5115 σου’
930 5060 1055 5126 Πῶς
1100 5063 1134 5133 ἡ
1173 5060 1376 5131 θάμνος
1400 5059 1493 5111 ἐπὶ
1517 5057 1759 5120 Μωσέως
1790 5058 1881 5108 ἐκ·

287 5155 609 5230 φλεγομένη
630 5195 645 5220 ,
678 5156 740 5209 ού
769 5153 1153 5224 κατεφλέγετο,
1180 5152 1296 5206 ἀλλ’
1330 5149 1441 5206 οἷον
1463 5150 1637 5222 δρόσῳ
1669 5146 1877 5211 νοτιζο-

291 5254 438 5327 μένη
465 5250 701 5324 εὐθαλὴς
735 5248 936 5322 μᾶλλον
960 5248 1273 5313 ἐδείκνυτο;
1323 5246 1441 5311 πῶς
1471 5245 1528 5299 δέ
1564 5246 1613 5298 οἱ
1648 5242 1878 5315 βόστρυ-

289 5363 382 5419 χοι
410 5344 508 5397 καὶ
532 5341 602 5395 τά
636 5339 925 5410 σαράϐαρα
950 5337 1057 5392 τῶν
1084 5338 1211 5410 περὶ
1251 5336 1523 5401 Ἁνανίαν,
1549 5336 1607 5389 ἐν
1635 5337 1701 5405 τῇ
1729 5332 1876 5387 Xa).-

287 5435 464 5489 ιαίων
501 5433 718 5504 καμίνῳ
744 5474 761 5499 ,
794 5432 887 5485 ἐπὶ
912 5429 1319 5500 τεσσαράκοντα
1370 5427 1528 5483 ἐννέα
1557 5427 1751 5499 πήχεις
1779 5427 1880 5498 τῆς

366 5547 419 5579 ⁶²
454 5546 598 5603 Psal.
626 5561 780 5609 xvm,
810 5544 864 5608 6,
903 5544 959 5597 7.

367 5661 487 5748 ςῖι)
528 5662 762 5748 fidam
811 5661 850 5729 ἢ
883 5660 1212 5731 χωνεύσας.
1260 5654 1421 5712 Forte
1465 5653 1654 5723 φλὲξαι
1681 5653 1716 5723 ἢ
1768 5668 1872 5721 χω-

297 5756 346 5786 η
361 5735 827 5873 ῑὲἒδυέἷίηείε
864 5799 1239 5857 includuntur,
1278 5793 1653 5864 supplcvimus
1684 5806 1713 5846 e
1748 5804 1867 5846 ver-

577 5898 848 5960 Ρλτιιοι.
882 5896 996 5957 Gn.
1032 5890 1387 5955 XXXVIII.

2397 4416 2914 4473 INTERROGATIO
2952 4418 3139 4477 LXXI.

2057 4515 2121 4571 At
2151 4512 2424 4584 quomodo
2473 4526 2581 4566 non
2633 4511 2865 4568 solvitur
2895 4512 3098 4584 glacies
3149 4528 3247 4588 per
3293 4515 3425 4572 solis
3471 4518 3552 4571 iu-

1982 4603 2430 4678 ﬂammationem,
2460 4615 2589 4657 cum
2625 4607 2813 4657 tantus
2865 4602 2938 4658 sit
2992 4604 3158 4672 calor,
3185 4616 3240 4661 ut
3316 4607 3555 4678 plerique

1983 4697 2038 4750 in
2068 4693 2296 4750 meridie
2321 4676 2443 4747 .non
2472 4690 2651 4747 ferant
2675 4690 2796 4761 ejus
2828 4690 3146 4747 ﬂammam?

2615 4864 2923 4937 Responsio.

2056 4964 2190 5032 Quia
2215 4973 2370 5018 tuum
2398 4961 2569 5029 illud,
2591 4960 2899 5029 Quomodo,
2932 4965 3210 5036 compesci
3239 4981 3344 5023 non
3394 4970 3507 5026 vult
3536 4987 3553 5024 :

1976 5057 2101 5125 jure
2122 5063 2176 5112 et
2200 5069 2301 5124 ego
2322 5069 2390 5111 ex
2427 5061 2481 5108 te
2507 5054 2876 5124 quesiverim,
2903 5054 3182 5124 quomodo
3213 5058 3380 5116 rubus
3418 5061 3563 5115 circa

1983 5143 2169 5201 Mosen
2203 5144 2403 5200 ardens
2447 5159 2557 5199 non
2610 5144 3053 5211 comburebatur,
3103 5146 3199 5201 scd
3229 5148 3388 5218 quasi
3439 5164 3563 5204 rore

1981 5252 2240 5310 aspersus
2289 5236 2468 5307 magis
2500 5235 2664 5293 etiam
2722 5234 2917 5291 viridis
2975 5238 3308 5294 cernebatur
3342 5238 3369 5292 ?
3414 5238 3563 5304 Quo-

1984 5327 2146 5384 modo
2192 5326 2446 5382 caesaries
2480 5335 2533 5380 ct
2585 5324 2746 5394 pallia
2788 5326 3065 5382 sociorum
3101 5326 3327 5383 Ananiae
3358 5328 3413 5381 in
3447 5324 3565 5382 I‘or-

1985 5436 2120 5477 nace
2166 5415 2569 5480 Chaldaeorum,
2607 5417 2815 5472 elevata
2852 5416 2920 5471 ad
2957 5417 3316 5490 quadraginta
3364 5432 3559 5475 novem

1980 5646 2135 5704 sione
2168 5644 2382 5699 Latina.
2439 5640 2517 5695 In.

2051 5714 2162 5784 (26)
2204 5713 2697 5783 Ἐγκαλούμενος.
2742 5707 2902 5764 Forte
2940 5707 3360 5836 ἐκκαλούμενος.
3397 5710 3474 5768 In.

2052 5786 2164 5836 (27)
2205 5784 2566 5836 'Euoalrslr.
2604 5780 2765 5836 Forte
2794 5780 2869 5836 ὡς
2900 5779 3139 5836 φεύγειν.
3200 5798 3255 5836 n.

2052 5780 2164 5856 (27)
2205 5780 2566 5854 Ἐλιφοίνειν.
2604 5780 2765 5837 Forte
2794 5780 2869 5844 ὡς
2900 5780 3139 5851 φεύγειν·
3176 5780 3255 5837 lv-

3255 5872 3332 5933 30
