4048 6222
474 350 583 408 939

480 471 696 527 cuhitos
749 465 964 520 ﬂamma
988 464 1234 530 ,intacta
1269 473 1321 519 et
1347 464 1513 519 illa‘sa
1561 478 1912 529 manserunt,
1947 483 2061 520 ma-

459 565 562 634 gis
592 572 754 630 quam
803 557 946 626 ignis
995 557 1273 610 lucentia?
1313 555 1387 611 Ne
1417 571 1546 611 vero
1582 564 1837 625 putarent
1889 559 1922 611 ii
1963 560 2055 628 qui

476 654 622 705 illam
657 649 1114 719 augebant-stupe:
1138 656 1192 702 et
1227 649 1344 717 pice
1377 656 1431 701 et
1463 649 1700 719 naphtha
1736 659 1900 720 atque
1938 665 2054 705 sar-

479 743 698 804 mentis,
755 743 901 809 ipsos
957 755 1052 810 per
1109 740 1418 810 praestigias
1459 749 1554 792 aut
1611 740 1936 810 imaginarie
1967 755 2053 795 co-

479 835 727 890 hibuisse
781 832 890 888 vim
917 832 1069 901 ignis
1115 831 1340 886 edacem
1372 850 1386 897 ;
1413 832 1621 888 idcirco
1655 848 1776 905 qua:
1809 847 1932 886 cum
1978 831 2058 887 eis

480 931 629 982 intus
667 924 979 981 exsultabat
1023 923 1311 986 divinitas,
1340 922 1470 976 facit
1523 931 1582 976 ut
1612 939 1706 992 per
1733 937 1828 977 eos
1858 923 2057 976 camini

476 1019 683 1073 elevata
708 1016 924 1070 ﬂamma
952 1016 1004 1068 in
1039 1025 1238 1069 terram
1283 1021 1574 1077 excurrat,
1604 1022 1657 1068 ct
1695 1030 1790 1068 eos
1813 1015 1904 1084 qui
1933 1029 2060 1085 pro-

476 1109 564 1162 cul
607 1108 673 1161 ad
725 1107 1082 1176 quadraginta
1131 1119 1320 1158 novem
1340 1104 1636 1159 cubitosab
1680 1105 1934 1160 inccndio
1981 1123 2063 1162 sc-

477 1203 676 1256 dehant
697 1242 710 1264 ,
769 1199 1069 1252 ministros
1097 1205 1151 1252 et
1201 1204 1540 1266 spectatores
1589 1197 1932 1252 combureret
1961 1240 1975 1264 ,
2006 1206 2060 1252 et

480 1293 534 1346 in
581 1290 859 1360 pulverem
901 1288 1245 1357 -~cineresque
1281 1287 1569 1357 redigeret.
1623 1288 1728 1340 Aut
1782 1288 2060 1357 quomodo

478 1383 626 1438 Elias
661 1383 714 1436 in
750 1382 924 1452 ignei-5
958 1379 1246 1450 quadrigis
1298 1379 1350 1432 in
1392 1378 1592 1432 coelum
1645 1379 1967 1438 subvolans.
1993 1379 2062 1433 ab

478 1473 586 1545 igni
620 1474 820 1528 mansit
848 1473 1075 1533 illaesus,
1098 1470 1264 1524 etiam
1297 1469 1361 1521 ad
1390 1483 1522 1523 suos
1551 1483 1726 1538 usque
1753 1469 1892 1538 pilos
1918 1469 1940 1522 ί
1965 1467 2062 1524 Vel

405 1559 409 1567 ’
477 1566 749 1637 quomodo
777 1580 838 1619 ex
867 1563 1106 1616 amianto
1137 1561 1301 1614 herha
1325 1559 1741 1630 ellyehniumin
1780 1560 2059 1614 lucernam

475 1661 752 1729 positum,
807 1657 874 1709 ad
931 1654 1123 1724 viginti
1179 1667 1448 1705 annorum
1499 1652 1787 1705 circuitum
1844 1651 2058 1719 suﬂieit,

477 1747 594 1799 solo
633 1745 754 1797 oleo
786 1757 1002 1811 semper
1055 1756 1149 1810 per
1191 1740 1427 1794 lucerna:
1477 1740 1652 1809 ignem
1706 1750 2052 1810 evaporante,

471 1837 592 1903 ipsa
649 1841 905 1887 manente
939 1831 1303 1900 incorrupta?
1348 1830 1402 1884 In
1442 1830 1550 1885 Deo
1593 1831 1756 1901 igitur
1809 1833 2058 1901 quiescat

471 1925 632 1988 illud,
663 1921 960 1990 Quomodo.
999 1922 1110 1977 Vox
1135 1922 1344 1978 Domini
1375 1923 1755 1992 perrumpentis
1785 1924 2057 1990 ﬂammam

472 2018 613 2086 ignis
641 2055 653 2079 ,
701 2015 878 2085 inquit
917 2015 1224 2069 carminum
1276 2013 1587 2068 divinorum
1647 2023 1842 2068 auctor
1881 2015 1945 2066 ’³.
1979 2016 2060 2070 Ad

468 2110 621 2162 hunc
653 2108 796 2162 enim
858 2107 1077 2160 modum
1124 2106 1176 2159 in
1228 2106 1370 2160 rubo
1408 2106 1634 2170 deserti,
1669 2106 1805 2160 etin
1843 2105 2062 2161 fornace

474 2199 793 2271 Babylonis,
823 2208 878 2253 et
925 2197 980 2252 in
1015 2197 1127 2251 Elia
1174 2207 1330 2261 vate,
1367 2197 1602 2266 aliisque
1647 2197 1909 2267 prodigiis
1942 2197 2063 2251 eda-

475 2308 593 2345 cem
623 2294 732 2346 vim
782 2290 923 2360 ignis
965 2288 1282 2344 mandatum
1335 2289 1577 2342 divinum
1631 2297 1877 2350 resecat,
1907 2303 2062 2358 sepa-

474 2400 607 2438 raus
639 2400 700 2438 ea
728 2399 850 2452 qua}
880 2381 1022 2452 apud
1046 2397 1144 2435 nos
1171 2381 1558 2450 inseparabilia
1588 2390 1804 2442 sunt,et
1826 2380 2062 2436 innucns

476 2475 644 2529 futuri
694 2475 866 2528 divini
929 2474 1122 2543 judicii
1177 2474 1571 2543 integritatem,
1608 2473 1698 2526 ubi
1739 2473 2063 2526 illuminatio

476 2565 698 2636 quidem
757 2566 897 2635 ignis
933 2565 1124 2619 a-terni
1167 2551 1342 2634 justis'
1376 2565 1675 2629 tribuetur,
1708 2564 2063 2617 inﬂammatio

473 2667 663 2713 autem
701 2657 1058 2711 adversariis.
1090 2654 1228 2709 Nam
1257 2655 1366 2708 dies
1394 2657 1492 2709 illa
1538 2657 1590 2708 in
1636 2656 1744 2725 igni
1782 2655 2059 2719 reveletur,

472 2749 965 2817 etuniusatjusque
1025 2762 1150 2814 opus
1187 2748 1342 2816 quale
1372 2748 1463 2810 sit,
1501 2747 1636 2816 ignis
1682 2746 1944 2814 probabit,
1977 2746 2060 2800 iit--

475 2842 596 2910 quit
623 2840 858 2894 eximius
899 2838 987 2892 ille
1015 2837 1313 2906 Apostolus
1344 2838 1409 2882 ’⁸.
1435 2835 1571 2890 Cum
1601 2835 1704 2888 hoc
1731 2843 1908 2888 autem
1935 2851 2063 2888 eon-

478 2930 723 2983 scntiens
777 2926 972 2980 Petrus
1033 2925 1206 2978 divini
1271 2923 1560 2978 ministerii
1617 2923 1921 2994 princeps:
1959 2928 2064 2990 Qui

478 3036 614 3072 nam
637 3020 755 3074 ταδίί
785 3027 927 3081 sunt,
963 3017 1058 3078 ait,
1083 3025 1336 3075 et-terra,
1371 3015 1477 3084 igni
1504 3015 1758 3067 reconditi
1790 3027 2064 3070 servantur

477 3109 532 3160 in
556 3109 691 3161 diem
728 3107 926 3174 judirii
954 3115 1002 3158 et
1034 3104 1396 3158 retributionis
1429 3105 1495 3156 ³³.
1527 3102 1820 3158 Servorum
1877 3117 2060 3160 autem

478 3213 706 3252 suorum
759 3211 1045 3250 sermones
1089 3194 1391 3259 obsignans
1442 3193 1704 3250 Dominus
1733 3236 1746 3258 ,
1780 3197 1956 3266 inquit
2004 3199 2057 3252 in

475 3287 776 3359 Evangelio
811 3305 824 3342 :
865 3287 998 3341 Tum
1035 3284 1206 3338 Filius
1233 3285 1461 3338 hominis
1486 3287 1652 3340 mittet
1685 3287 1898 3355 angelos
1935 3305 2060 3341 suos

478 3379 666 3446 ubique
693 3394 784 3447 per
815 3388 1078 3432 terrarum
1115 3375 1314 3439 orbem,
1358 3386 1406 3430 et
1456 3377 1843 3447 congregabunt
1877 3393 2060 3446 pecea-

479 3484 618 3526 tores
652 3487 680 3526 e
727 3471 896 3524 medio
917 3469 1206 3538 justorum,
1241 3477 1288 3522 et
1323 3468 1603 3537 projicient
1627 3469 1767 3536 ipsos
1803 3469 1854 3522 in
1883 3469 2061 3537 forna-

479 3580 587 3618 cem
617 3563 752 3632 ignis
779 3564 846 3617 ’⁸.

1579 347 1634 402 S.
1679 347 2339 416 C/ESARIIﬁREGORﬂ
2374 349 2693 413 FRATRIS,

3637 354 3748 409 ιιιο

2164 467 2361 534 φλογὸς
2404 467 2852 537 κορυφουμένης,
2909 466 3174 536 ἄιζνιαυστοι
3220 467 3312 518 καὶ
3351 466 3612 536 άμείωτοι
3671 471 3748 524 διο

2162 559 2409 628 έμεινον,
2445 559 2642 628 μᾶλλον
2673 559 2813 630 ὑπὲρ
2855 559 2916 620 τὸ
2949 559 3059 628 πῦρ
3083 559 3514 629 ἀστράπτοντες;
3553 561 3746 625 Ὅπως

2162 651 2217 703 δὲ
2246 650 2320 720 μὴ
2341 650 2541 716 δόξοιεν
2563 652 2774 722 ἐκείνην
2804 648 3171 723 κορυφοῦντες
3188 651 3425 726 στῦππῃ,
3443 654 3537 708 καὶ
3554 655 3744 728 πίσσῃ,

2168 741 2255 794 καὶ
2282 742 2480 813 νάφοῃ,
2503 743 2595 795 καὶ
2613 742 2920 812 κληματίδι,
2941 742 3144 814 μαγείᾳ
3163 743 3318 812 τινὶῆ
3346 745 3622 815 φαντασία
3649 763 3746 814 χα-

2165 830 2452 902 λινωθῆναι
2488 832 2584 902 τὴν
2617 832 2913 902 παμφάγον
2942 833 3035 886 τοῦ
3075 833 3246 904 πυρὸς
3275 833 3527 903 δύναμιν,
3561 835 3596 904 ἡ
3632 837 3744 898 τοῖς

2163 921 2308 976 ἔνδον
2342 922 2710 993 συγχαίρουσα
2763 922 2975 993 θειότης
3031 925 3306 990 οἰκονομεῖ
3357 923 3455 994 τὴν
3508 925 3596 978 διὰ
3647 925 3743 978 τοῦ

2163 1013 2384 1084 στομίου
2406 1014 2485 1076 εἰς
2505 1013 2563 1065 τὸ
2581 1013 2692 1066 ἄνω
2711 1012 3056 1086 διαδρ[αμ]ου
3065 1013 3231 1084 μένην
3253 1013 3746 1086 φλόγα,ἐκδραμείν

2161 1105 2254 1157 ἐπὶ
2298 1104 2396 1174 τῆς
2428 1106 2622 1175 χέρσου
2650 1145 2664 1168 ,
2695 1107 2789 1157 καὶ
2831 1105 2957 1169 τοὺς
3003 1105 3112 1158 ἀπὸ
3151 1109 3556 1178 τεσσαράκοντα
3583 1107 3744 1160 ὲννέα

2165 1193 2354 1263 πηχῶν
2389 1194 2576 1265 πόρρω
2611 1195 2710 1264 τῆς
2739 1198 3016 1266 πυρκαϊᾶς
3045 1197 3444 1268 καθεζομένους
3465 1199 3746 1269 ὑπηρέτας

2162 1287 2256 1340 καὶ
2312 1285 2508 1350 θεατὰς
2546 1287 2912 1356 καταφλέξαι,
2949 1289 3042 1342 καὶ
3101 1289 3263 1360 μέχρι
3322 1291 3498 1352 κόνιος
3547 1291 3744 1344 ἀποτε-

2163 1379 2396 1449 φρῶσαι.
2437 1378 2559 1442 Πῶς
2583 1379 2639 1430 δὲ
2672 1379 2856 1442 Ἠλίας
2879 1380 3088 1450 πυρίνῳ
3112 1381 3395 1452 τεθρίππῳ
3415 1383 3494 1444 εἰς
3516 1381 3745 1452 οὐρανὸν

2163 1469 2642 1541 ἀναπτερούμενος
2677 1471 2944 1539 ἇφλεκτος
3005 1471 3239 1542 διέμεινε
3293 1473 3456 1543 μέχρι
3510 1473 3746 1542 καὶτῆς

2167 1560 2302 1624 ιδίας
2360 1559 2585 1633 τριχός;
2636 1561 2760 1625 Πῶς
2813 1561 2870 1614 δὲ
2932 1562 2996 1614 ὲκ
3033 1563 3132 1632 τῆς
3190 1563 3450 1634 ἀμιάντου
3513 1564 3747 1633 βοτάνης

2165 1653 2420 1724 θρυαλλὶς
2447 1653 2525 1722 τῷ
2553 1653 2731 1724 λύχνῳ
2761 1654 3106 1725 ὲντιθεμένη,
3135 1656 3307 1709 εἴκοσι
3335 1656 3468 1709 ἐτῶν
3501 1656 3744 1726 περίοδος

2161 1745 2342 1816 ἀρκεῖ,
2381 1745 2476 1798 τοῦ
2514 1745 2692 1800 ἐλαίου
2733 1747 2896 1817 μόνου
2932 1748 3018 1800 ἀεὶ
3063 1746 3488 1818 ὲξατμιξομένου
3537 1748 3616 1818 τῷ
3651 1748 3746 1800 luo

2165 1835 2354 1906 χνιαίῳ
2385 1837 2517 1906 πυρὶ
2543 1876 2557 1901 ,
2595 1836 2764 1906 αὐτῆς
2803 1834 3042 1907 ἀφθόρου
3093 1837 3390 1908 μενούσης;
3441 1838 3746 1908 Ἦρεμείτω

2164 1923 2256 1978 οὖν
2301 1925 2393 1978 ἐπὶ
2439 1924 2573 1977 Θεοῦ
2631 1923 2690 1978 τὸ
2759 1925 2896 1989 πῶς.
2945 1926 3120 1994 Φωνὴ
3167 1928 3386 1994 Κυρίου
3441 1927 3747 1980 διακόπτει

2163 2016 2608 2085 φλόγα-πυρὸς,
2640 2018 2803 2088 φησιν
2831 2019 2858 2071 ὁ
2903 2017 3044 2082 θεῖος
3092 2018 3349 2088 μελῳδός.
3388 2019 3600 2089 Ὠσπερ
3635 2019 3746 2086 γὰρ

2163 2107 2256 2159 ἐπὶ
2286 2109 2386 2177 τῆς
2415 2106 2622 2178 θάμνου
2661 2111 2716 2160 ἐν
2746 2110 2811 2178 τῇ
2858 2109 3084 2179 ἐρήμῳ,
3123 2108 3216 2161 καὶ
3253 2109 3345 2162 ἐπὶ
3383 2109 3481 2178 τῆς
3512 2109 3746 2178 καμίνου

2165 2199 2220 2250 ὲν
2255 2197 2558 2261 Βαϐυλῶνι,
2590 2200 2684 2252 καὶ
2712 2200 2804 2251 ἐπὶ
2841 2199 3023 2252 Ἠλίου
3048 2198 3142 2252 τοῦ
3170 2203 3451 2271 προφήτου
3471 2242 3487 2262 ,
3515 2201 3609 2253 καὶ
3635 2200 3746 2251 τῶν

2164 2286 2364 2340 λοιπῶν
2403 2287 2714 2359 τεραστίων
2730 2288 2826 2360 τὴν
2866 2289 3159 2360 φλεκτικὴν
3199 2289 3291 2342 τοῦ
3319 2291 3490 2360 πυρὸς
3517 2290 3747 2359 δύναμιν

2163 2379 2437 2448 διατέμνει
2468 2377 2530 2432 τὸ
2559 2377 2701 2432 θεῖον
2739 2379 3086 2452 πρόσταγμα,
3115 2381 3465 2452 καταλλήλως
3502 2381 3746 2451 διαιροῦν

2163 2471 2224 2522 τὸ
2251 2469 2378 2541 παρ’
2406 2471 2535 2540 ἡμῖν
2554 2469 2883 2540 ἀδιαίρετον,
2903 2471 3220 2524 ὑποδεικνῦν
3244 2489 3300 2523 τε
3317 2471 3424 2540 τῆς
3445 2471 3747 2541 μελλούσης

2166 2561 2315 2625 θείας
2351 2561 2584 2632 κρίσεως
2621 2562 2682 2614 τὺ
2718 2562 3037 2624 ἀδέκαστον,
3070 2563 3131 2615 τὺ
3161 2564 3487 2630 φωτιστικὸν
3518 2563 3617 2634 μὲν
3650 2562 3743 2614 τοῦ

2165 2653 2443 2720 γεεννικοῦ
2477 2653 2646 2724 πυρδς
2692 2654 2920 2717 δικαίοις
2949 2651 3142 2724 μέλλον
3176 2655 3565 2726 άπονέμεσθαι,
3596 2655 3658 2708 τὸ
3688 2655 3747 2707 δὲ

2167 2745 2454 2812 φλεκτικὸν
2482 2748 2596 2808 τοῖς
2645 2745 2929 2808 ἐναντίοις.
2973 2745 3035 2798 Ἠ
3071 2745 3178 2815 γὰρ
3214 2746 3403 2814 ἡμέρα
3442 2747 3641 2812 ἐκείνη
3678 2746 3749 2797 ἐν

2167 2839 2305 2906 πυρὶ
2330 2839 2840 2903 ἀποκαλύπτεται,
2856 2840 2950 2892 καὶ
2977 2839 3236 2894 ἑκάστου
3259 2839 3325 2893 τὸ
3347 2843 3526 2909 ἔργον
3540 2840 3752 2894 ὁποῖόν

2165 2931 2293 2982 ἐστι
2319 2930 2386 2982 τὸ
2412 2930 2531 2997 πῦρ
2555 2929 2888 2999 δοκιμάσει,
2914 2932 3076 3002 φησιν
3105 2933 3133 2984 ὁ
3157 2931 3359 3002 ὑψηλὸς
3396 2931 3747 2994 Ἀποστολοςτ

2168 3017 2474 3088 συμφώνως
2497 3020 2552 3073 δὲ
2580 3021 2753 3092 τούτῳ
2778 3022 2984 3093 Πέτρος
3010 3025 3038 3074 ὁ
3066 3022 3158 3074 τοῦ
3189 3021 3376 3075 θιάσου
3414 3025 3745 3092 κορυφαῖον

2169 3114 2232 3163 Οἱ
2267 3111 2334 3164 δὲ
2372 3111 2488 3164 νῦν
2513 3151 2527 3176 ,
2562 3114 2746 3184 φησὶν,
2803 3116 2857 3168 οἱ
2891 3115 3133 3182 οὐρανοί
3155 3155 3168 3178 ,
3225 3116 3320 3169 καὶ
3365 3116 3402 3181 ἡ
3431 3115 3509 3185 γῆ
3539 3156 3554 3178 ,
3600 3115 3749 3184 πυρὶ

2165 3205 2700 3274 τεθησαιψισμένοι
2722 3208 2861 3272 εισὶ,
2892 3211 3243 3278 τηρούμενοι
3267 3211 3348 3274 εἰς
3373 3209 3602 3276 ἡμέραν
3625 3211 3753 3277 κρί-

2165 3309 2317 3359 σεως
2344 3295 2440 3347 καὶ
2471 3296 2952 3364 ἀνταποδόσεως.
2997 3299 3118 3352 Τῶν
3158 3299 3376 3353 οἰκετῶν
3403 3298 3458 3351 δὲ
3489 3300 3619 3361 τοὺς
3653 3300 3751 3352 λό-

2164 3401 2293 3451 γους
2326 3385 2737 3457 ὲπισφραγίζων
2776 3389 2802 3440 ὁ
2838 3388 3069 3459 Κύριος,
3096 3391 3154 3441 ὲν
3183 3388 3526 3458 Εὐαγγελίοις
3560 3390 3748 3460 φησί*

2170 3478 2304 3530 Τότε
2352 3479 2384 3531 ό
2446 3477 2577 3544 Υἱὸς
2610 3479 2716 3532 τοῦ
2749 3478 3061 3548 ἀνθρώπου
3101 3481 3430 3535 ἀποστελεῖ
3461 3481 3608 3546 τοὺς
3643 3484 3751 3550 dr-

2163 3564 2380 3632 γέλους
2443 3568 2626 3623 αὐτοῦ
2693 3571 3002 3639 πανταχοῦ
3051 3571 3161 3639 τῆς
3211 3571 3596 3641 οἰκουμένης,
3645 3572 3748 3625 καὶ

471 3654 820 3722 συνάξουσι
870 3654 1008 3721 τοὺς
1045 3651 1431 3722 ἁμαρτωλοὺς
1469 3652 1537 3704 ἐκ
1586 3651 1929 3720 μέσουιτῶι·
1969 3651 2245 3725 δικαίων,
2300 3661 2397 3715 καὶ
2447 3661 2753 3724 ,ϐαλοῦσιν
2803 3664 3024 3730 αὐτοὺς
3060 3667 3142 3727 εἰς
3188 3665 3304 3733 τὴν
3352 3669 3603 3737 κάμινον
3635 3663 3745 3718 τοῦ

468 3749 660 3818 πυρός
674 3790 686 3804 .

888 3860 1407 3918 INTERROGATIO
1448 3860 1656 3916 LXXII.

553 3978 693 4046 Quid
736 3977 941 4048 igitur?
969 3992 1036 4030 an
1065 3991 1342 4045 nunquam
1376 3975 1740 4029 abolehuntur
1779 3974 1924 4038 cmli,
1965 3989 2059 4027 nec

469 4072 837 4127 fluminarium
871 4070 1086 4124 illorum
1117 4069 1220 4123 erit
1247 4069 1498 4122 interitus
1533 4068 1558 4118 ?

1128 4180 1434 4246 Responsio.

556 4278 675 4333 Erit
707 4275 924 4346 quidem
979 4281 1244 4328 creaturae
1276 4271 1587 4330 dissolutio,
1615 4284 1720 4322 non
1755 4266 2065 4321 mnnimoda

472 4374 668 4420 -'tamen
699 4364 956 4426 sublatio,
986 4361 1079 4416 sed
1125 4361 1177 4414 in
1206 4359 1399 4414 melius
1433 4356 1840 4419 transmutatio,
1872 4369 2065 4426 quern-

487 4455 777 4511 admodum
821 4471 888 4509 ex
929 4452 1131 4506 Davide
1170 4451 1354 4506 divino
1380 4458 1498 4504 vate
1527 4449 1811 4512 discimus,
1844 4449 1898 4503 in
1922 4449 2064 4502 hunc

487 4548 710 4603 modum
740 4555 970 4602 canente
1004 4564 1014 4597 :
1047 4542 1125 4596 Ab
1161 4543 1312 4596 initio
1341 4551 1418 4605 tu,
1451 4542 1692 4605 Domine,
1724 4551 1918 4596 terram
1951 4541 2068 4610 {un-

487 4643 654 4704 dasti,
684 4648 733 4694 et
764 4653 920 4706 opera
971 4651 1223 4690 manuum
1265 4643 1478 4686 tuarum
1514 4633 1629 4686 caeli
1661 4643 1782 4686 sunt
1815 4633 1958 4700 ;ipsi
1983 4632 2066 4685 in-

489 4743 711 4798 tereunt,
748 4742 803 4785 tu
831 4740 1007 4785 autem
1049 4742 1324 4797 permanes
1350 4726 1415 4775 ³⁷.
1462 4723 1524 4777 Et
1571 4740 1763 4780 rursus
1801 4724 1866 4779 de
1903 4739 2066 4795 gene-

487 4826 696 4880 ratione
723 4822 1044 4894 suhjicicns,
1068 4819 1277 4890 inquit:
1306 4816 1369 4870 Et
1406 4832 1582 4870 omnes
1618 4828 1674 4868 ut
1707 4816 2065 4870 restimentum

485 4923 826 4976 veterasunt,
843 4924 890 4968 et
919 4913 1052 4968 velut
1071 4911 1296 4980 pallium
1315 4907 1681 4963 circumvolves
1700 4919 1868 4972 cos,et
1902 4917 2069 4962 muta-

481 5004 763 5056 buntur".
789 5002 1179 5058 Deﬁcicnlibus
1201 4999 1366 5069 igitur
1386 4999 1523 5052 ultra
1542 4999 1856 5054 cwlestibus
1887 5000 2065 5070 aquis,

487 5095 673 5148 omnia
732 5093 895 5148 simul
957 5095 1260 5164 liquescent
1313 5091 1649 5145 ahundant.a
1701 5090 1880 5160 ignis;
1940 5106 2064 5144 nam

489 5184 902 5248 stellarcadent,
935 5195 993 5238 ut
1031 5184 1098 5238 de
1149 5185 1256 5239 vite
1312 5182 1462 5244 folia,
1501 5183 1676 5252 inquit
1711 5182 1945 5236 eximius
1977 5183 2065 5236 ille

489 5279 630 5333 inter
661 5283 814 5330 vates
845 5274 1015 5329 Isaias
1045 5275 1110 5326 ὀ.
1157 5273 1212 5326 In
1249 5275 1534 5330 catholicis
1588 5280 1768 5326 autem
1797 5271 2064 5341 Epistolis

489 5369 686 5426 Petrus
751 5366 928 5438 inquit
969 5384 980 5418 :
1031 5363 1303 5417 Elementa
1349 5365 1636 5419 arstuantia
1691 5363 1958 5416 solrentur
1996 5361 2060 5413 ³ο.

485 5463 646 5530 Quod
685 5469 868 5518 autem
910 5459 977 5514 ad
1007 5457 1222 5519 melius,
1252 5457 1382 5512 etin
1411 5465 1612 5510 statum
1665 5453 1920 5521 deinceps
1953 5466 2060 5504 non

487 5549 725 5622 amplius
756 5551 1056 5608 desiturum
1086 5547 1268 5602 omnia
1293 5542 1697 5600 corroboranda
1738 5539 2062 5605 sint,'tradit

559 5723 787 5777 "-P-sal.
816 5739 1004 5783 xxvm,
1041 5724 1088 5776 7.
1167 5724 1212 5754 "
1252 5721 1270 5774 1
1307 5719 1432 5774 Cor.
1471 5733 1549 5781 ut.
1584 5718 1667 5771 '5-

1745 5717 1790 5747 "
1830 5713 1868 5768 ll
1894 5713 2008 5768 Pet.
2042 5729 2123 5776 ιιι,
2159 5712 2208 5766 7.

2743 3864 2994 3918 UEl'ZlE
3029 3864 3150 3920 OB'.

2235 3971 2304 4024 Τί
2340 3967 2466 4035 οῦν;
2511 3975 2763 4026 οὐδέποτε
2800 3976 2955 4028 ἔσται
3002 3975 3154 4040 λΰσις
3203 3977 3310 4028 τῶν
3343 3978 3619 4048 οὐρανῶν,
3657 3981 3752 4033 καὶ

2168 4062 2273 4114 τῶν
2307 4062 2608 4131 φωστήρων
2645 4063 2865 4117 ἐκείνων
2898 4065 3238 4135 ἁρανισμόα

2790 4175 3142 4243 Ἀπόκρισις.

2242 4263 2436 4317 Ἔσται
2478 4266 2576 4335 μὲν
2601 4266 2698 4336 τῆς
2727 4266 2956 4330 κτίσεως
2981 4267 3223 4331 διάλυσις
3241 4309 3255 4331 ,
3300 4269 3361 4322 οὺ
3393 4271 3666 4339 παντελὴς
3693 4273 3750 4324 δὲ

2168 4357 2504 4429 άφανισμδς,
2543 4358 2677 4411 ἀλλά
2734 4361 2870 4427 πρὸς
2931 4360 2992 4413 τὸ
3047 4363 3290 4430 κρεῖττον
3348 4365 3707 4432 μεταποίησις
3734 4379 3748 4391 ·

2169 4449 2352 4513 καθὼς
2383 4451 2447 4504 ἐκ
2479 4449 2574 4504 τοῦ
2620 4449 2907 4503 θεσπεσίου
2945 4450 3109 4504 Δαόἱδ
3156 4452 3524 4524 παιδευόμεθα
3547 4494 3561 4515 ,
3620 4454 3756 4524 μελο

2168 4540 2426 4610 ῳδοῦντος
2445 4557 2457 4570 ⁸
2487 4542 2624 4596 Κατ’
2655 4541 2844 4610 ἀρχὰς
2867 4541 2948 4595 σὺ
2966 4582 2981 4606 ,
3015 4542 3190 4610 Κύριε
3209 4582 3224 4607 ,
3253 4542 3366 4610 τὴν
3395 4541 3511 4612 γῆν
3545 4545 3753 4612 ἐθεμε-

2168 4634 2431 4699 λίωσας,
2471 4633 2566 4686 καί
2606 4633 2750 4701 ἔργα
2786 4631 2904 4686 τῶν
2926 4632 3141 4702 χειρῶν
3181 4635 3298 4687 σού
3347 4636 3506 4687 εἰσιν
3540 4636 3594 4684 οἱ
3643 4636 3750 4687 οὐ·

2161 4725 2338 4790 ρανοί
2357 4740 2369 4753 ·
2400 4723 2566 4778 αὐτοὶ
2599 4723 2968 4777 ἀπολοῦνται
2989 4763 3004 4786 ,
3053 4723 3136 4777 σὺ
3178 4723 3247 4776 δὲ
3282 4722 3601 4791 διαμένεις.
3636 4723 3752 4778 Καὶ

2169 4811 2325 4878 αὖθις
2344 4814 2562 4882 ἐπάγων
2585 4813 2682 4884 τὴν
2713 4813 3160 4882 παλιγγενεσίαν,
3197 4814 3357 4885 φησί·
3388 4814 3498 4866 Kal
3520 4813 3749 4877 πάντες

2169 4904 2249 4970 ὡς
2287 4903 2517 4972 ἱμάτιον
2573 4903 3132 4972 παλαιωθήσονται,
3179 4903 3277 4957 καὶ
3327 4901 3470 4955 ὡσεὶ
3513 4905 3751 4970 περιϐό-

2170 4998 2346 5048 λαιον
2389 4993 2607 5058 ἑλίξεις
2641 4993 2862 5061 αὐτοὺς
2883 5033 2900 5058 ,
2935 4994 3029 5047 καὶ
3059 4993 3533 5062 ἀλλαγήσονται.
3579 4993 3748 5046 Ἀπο-

2170 5083 2443 5154 ληγὸντων
2471 5086 2648 5136 τοίνυν
2699 5082 2805 5136 τῶν
2859 5084 3270 5155 ὑπερουρανίων
3309 5083 3553 5147 ὑδάτων,
3601 5101 3753 5154 τηνιο

2171 5175 2348 5228 καῦτα
2383 5176 2556 5230 πάντα
2588 5175 2756 5246 ἄρδην
2796 5175 3196 5246 χωνευθήσεται
3223 5179 3286 5247 τῇ
3332 5175 3607 5246 ὑπερὸολῇ
3658 5175 3750 5228 τοῦ

2169 5265 2339 5335 πυρός
2363 5284 2374 5294 ο
2418 5267 2467 5318 οἱ
2509 5267 2614 5337 γὰρ
2643 5266 2874 5338 ἀστέρες
2907 5266 3220 5332 πεσοῦνται,
3249 5267 3325 5330 ὡς
3359 5267 3533 5336 φύλλα
3564 5267 3628 5331 ἐξ
3651 5270 3750 5336 άμ-

2171 5355 2334 5407 πὲλου
2362 5396 2376 5417 ,
2413 5360 2575 5426 φησὶν
2603 5360 2630 5410 6
2665 5357 2773 5410 τῶν
2813 5357 3106 5428 προφητῶν
3133 5357 3333 5427 ὑψηλὸς
3370 5359 3622 5419 Ἡσαΐας.
3667 5359 3752 5410 Ἐν

2171 5444 2225 5498 δὲ
2265 5445 2590 5509 Καθολικαῖς
2627 5463 2759 5516 φησι
2796 5447 3032 5518 Πέτρος⁸
3063 5447 3333 5516 Στοιχεῖα
3369 5448 3438 5499 δὲ
3474 5444 3748 5500 καυσού·

2165 5553 2318 5605 μετ-ἀ
2342 5538 2732 5605 λυθήσονται.
2766 5538 2887 5591 ’Ὁτι
2915 5537 2970 5591 δὲ
2999 5537 3134 5608 πρὸς
3159 5537 3218 5589 τὸ
3256 5539 3504 5607 κρεῖττον
3531 5538 3626 5588 καὶ
3651 5536 3752 5588 λοι·

2289 5715 2331 5745 τε
2374 5711 2559 5769 Matth.
2591 5728 2734 5778 utv,
2786 5711 2884 5778 5'2;
2946 5727 3066 5779 xm,
3102 5709 3189 5777 49,
3240 5710 3329 5765 50.
3406 5707 3450 5747 ⁸⁷
3489 5679 3640 5764 Psal.
3678 5722 3748 5770 et.

484 5792 690 5861 θέλει.
769 5794 812 5825 η
843 5782 1094 5849 imper.
1172 5794 1214 5823 π
1257 5789 1360 5844 16a.
1402 5802 1516 5850 χιιι,
1557 5789 1639 5840 ιο.
1717 5787 1759 5817 ³ο
1792 5785 1843 5838 ιι
1875 5783 1991 5840 Pet.
2029 5799 2113 5855 ιιι,
2151 5782 2236 5841 to.
