4048 6222
302 341 401 399 9H

306 458 411 512 πον
430 453 773 510 ἀδιάλειπτον
796 449 864 504 τὰ
912 450 1084 505 πάντα
1120 442 1665 517 μεταρῤωσθήσεται,
1713 437 1877 509 φησὶν

306 552 336 602 ὁ
384 544 494 600 τῶν
538 540 848 597 ἐνεστώτων
906 540 1001 592 καὶ
1054 535 1351 607 μελλόντων
1410 532 1553 596 θεῖος
1602 528 1838 601 μελῳδός
1862 542 1877 556 ⁶

320 630 786 700 Ἕξαποστελεῒς
813 628 879 682 τὸ
900 625 1138 698 Πνεῦμὰ
1159 642 1296 692 σου,
1312 622 1408 678 καὶ
1429 619 1879 686 κτισθήσονται,

309 724 413 779 καὶ
438 719 810 786 ἀνακαινιεῖς
838 718 906 773 τὸ
943 718 1268 787 πρόσωπον
1297 714 1407 784 τῆς
1429 715 1564 784 γῆς.

893 810 1139 865 ΠΕΥΣΙΣ
1180 807 1301 863 Ol".

384 904 592 963 Οὐκοῦν
620 904 716 958 καὶ
739 905 773 973 ἡ
821 902 1063 956 Θάλασσα
1090 899 1243 971 λήξει
1279 896 1409 951 ποτὲ
1447 894 1541 949 ἐπὶ
1569 893 1669 963 τῆς
1697 906 1884 943 συντε-
1969 911 1973 915 ·

307 995 504 1058 λείας,
535 991 773 1059 τοσαύτη
820 983 991 1051 οὖσα,
1022 983 1119 1038 καὶ
1161 982 1231 1035 τὰ
1282 980 1656 1050 ὑπερουράνια
1698 975 1883 1038 ἱδατα,

311 1085 483 1158 [περὶ
505 1075 642 1153 ὦν,]
680 1078 811 1134 Ἀνὰ
848 1077 1043 1147 μέσον
1088 1072 1309 1137 ὕδατος
1336 1069 1437 1124 καί
1465 1068 1684 1134 ὕδατος
1712 1079 1889 1134 γενη-

314 1178 477 1245 θήτω
503 1174 839 1243 στερέωμα,
869 1169 1038 1240 φησὶν
1066 1168 1094 1221 ὁ
1117 1164 1287 1231 Θε6ς;

912 1258 1276 1325 Ἀπόκρισις.

389 1357 500 1412 Καὶ
533 1354 676 1427 μάλα
700 1351 925 1414 εἰκότως
957 1351 1020 1403 ὲκ
1047 1347 1140 1402 τοῦ
1168 1344 1370 1417 ὑψηλοῦ
1404 1344 1626 1399 Ἡσαΐου
1649 1339 1892 1397 παιδευό-

322 1449 496 1525 μεθα,
528 1446 715 1518 λήγειν
741 1444 839 1516 τὴν
870 1441 1136 1496 θάλατταν
1165 1439 1259 1493 καὶ
1289 1434 1648 1507 ἀφανίζεσθαι
1676 1434 1768 1525 ἐπὶ
1790 1430 1892 1502 τῆς

321 1524 633 1603 συντελείαῖ
658 1554 671 1568 ’
708 1535 842 1605 φησι
882 1533 991 1605 γὰρ
1027 1530 1160 1603 πρὸς
1187 1529 1279 1584 τὸν
1315 1527 1448 1581 Θεὸν
1485 1528 1514 1580 ὁ
1564 1524 1850 1585 θεσπέσιος
1878 1538 1890 1550 ·

332 1632 396 1685 '0
411 1628 604 1699 λέγων
625 1625 699 1694 τῇ
722 1624 973 1689 ἀϐύσσῳ
990 1638 1005 1654 ο
1045 1614 1432 1689 Ἐρημωθήσῃ
1452 1657 1467 1679 ,
1495 1612 1593 1668 καὶ
1621 1612 1765 1678 τοὺς
1790 1624 1895 1665 πο-

318 1718 546 1788 ταμούς
599 1718 713 1770 σου
749 1709 1004 1781 (inparti).
1043 1707 1289 1763 Νοείσθω
1343 1706 1401 1759 δὲ
1438 1706 1504 1759 ἐκ
1561 1702 1893 1774 μεταφορᾶς,

320 1809 557 1870 ἄϐυσσος
592 1805 689 1877 μὲν
721 1803 918 1865 κακίας
970 1803 998 1855 ό
1051 1799 1323 1862 διάϐολος,
1360 1796 1595 1867 ποταμοὶ
1645 1794 1703 1847 δὲ
1758 1793 1806 1845 οἱ
1838 1790 1897 1857 ἐξ

318 1899 492 1956 αὑτοῦ
541 1899 634 1953 καὶ
686 1897 765 1960 εἰς
812 1894 973 1948 αὐτὸν
1028 1893 1244 1965 ῥέοντες
1306 1889 1595 1960 δαίμονες,
1646 1885 1748 1955 τῆς
1800 1883 1897 1954 μὲν

319 1989 659 2062 ὲπαφρώσης
695 1988 828 2057 ἡμῖν
876 1982 1244 2053 θανατηφόρα,
1284 1977 1393 2032 τῶν
1418 1977 1496 2044 δὲ,
1535 1974 1794 2046 κυμάτων
1822 1971 1900 2025 δίς

323 2100 431 2155 κην
471 2076 891 2149 γοουφουμένων
917 2114 931 2139 ,
968 2073 1062 2128 καὶ
1096 2070 1471 2140 ἐφαλλομένων
1504 2069 1638 2138 ἡμῖν
1690 2066 1777 2121 ἀεὶ
1810 2064 1899 2120 διὰ

322 2176 434 2229 τῶν
458 2168 797 2244 πειρασμῶν.
841 2162 1143 2238 ’Δρκοῢσαν
1174 2163 1231 2216 δὲ
1270 2161 1429 2233 μόνον
1460 2162 1527 2232 τῇ
1563 2158 1658 2213 τοῦ
1699 2158 1901 2222 παντὸς

328 2264 584 2319 συστάσει
630 2259 792 2329 φύσιν
845 2256 953 2310 τῶν
1004 2254 1213 2307 ὑδάτων
1251 2254 1279 2306 ό
1332 2251 1574 2321 Κτίστης
1624 2250 1903 2336 ἐμηχανή-

328 2370 497 2408 σατο-
540 2351 601 2404 ού
638 2350 798 2421 μόνον
827 2346 883 2401 δὲ
919 2348 986 2418 τῇ
1035 2342 1332 2414 καταψύξει
1378 2342 1488 2397 τῶν
1518 2340 1903 2413 ὑπερκοσμίων

330 2446 540 2500 ὑδάτων
586 2439 977 2510 συντετήρηται
1021 2437 1081 2491 rb
1120 2436 1407 2508 στερέωμα
1433 2474 1448 2500 ,
1483 2434 1622 2488 ἀλλὰ
1668 2432 1761 2487 καὶ
1805 2431 1903 2502 τὴν

330 2536 505 2606 φλόγα
535 2534 643 2587 τῶν
672 2531 974 2602 φωστήρων
1009 2528 1148 2601 πρὸς
1180 2529 1241 2582 rb
1279 2529 1429 2583 κάτω
1455 2526 1685 2596 πέμπει,
1705 2523 1785 2594 τῷ
1814 2538 1907 2576 πε-

332 2625 676 2701 πηλημμὲνῳ
704 2622 815 2693 (28)
846 2619 1013 2675 αὐτοῦ
1047 2619 1259 2691 σώματι
1285 2619 1347 2674 rb
1382 2616 1665 2690 ἀνωφερὲς
1681 2614 1776 2669 τοῦ
1807 2631 1907 2668 πυ-

334 2722 426 2792 ρὸς
454 2716 592 2791 πρὸς
620 2714 681 2769 rb
709 2714 859 2769 κάτω
889 2711 1122 2767 διακλῶν
1147 2751 1162 2777 ,
1197 2711 1291 2766 καὶ
1318 2712 1398 2775 εἰς
1426 2712 1651 2775 ἀκτῖνας
1675 2707 1905 2779 διαχέων

330 2812 411 2883 τῷ
459 2807 708 2880 πιεσμῷ,
740 2805 881 2861 κατὰ
929 2804 1027 2878 τὴν
1056 2806 1239 2860 εἰκόνα
1276 2803 1376 2875 τῆς
1426 2804 1484 2857 ὲν
1533 2795 1721 2875 χερσὶν
1748 2799 1907 2873 ἡμῶν

332 2902 644 2975 λαμπάδος,
687 2899 891 2953 ἄνωθεν
947 2897 1275 2969 πιεζομένης
1325 2899 1424 2961 τῆς
1466 2895 1666 2965 φλογὸς
1716 2893 1907 2948 πίνακί

338 3014 449 3050 τινι
500 2994 537 3066 ἢ
571 2993 823 3063 τηγάνῳ,
854 2991 947 3045 καὶ
979 2990 1058 3054 εἰς
1086 2989 1311 3052 ἀκτῖνας
1359 2988 1453 3042 καὶ
1488 2987 1649 3058 βολὰς
1684 2986 1911 3041 διακλω-

342 3089 532 3160 μένης.
578 3084 669 3139 Διὸ
724 3083 818 3138 καὶ
873 3081 1161 3153 μετάρσιον
1206 3078 1299 3132 τὸν
1349 3078 1499 3150 ἥλιον
1538 3080 1566 3131 ό
1602 3078 1711 3150 πρὸ
1745 3077 1909 3134 αὑτοῦ

338 3181 490 3253 ἥλιος
522 3174 753 3247 Χριστὸς
794 3172 1175 3245 ἐμηχανήσατο
1198 3212 1213 3237 ,
1262 3169 1510 3225 ἐντεῦθεν
1542 3169 1636 3223 τοῦ
1698 3168 1935 3241 θέρους,¹

341 3266 551 3321 ἐκεῖθεν
598 3263 655 3317 δὲ
686 3260 951 3334 χειμῶνος
985 3258 1306 3329 ἀνίσχονταο
1355 3259 1502 3321 ὅπως
1538 3257 1611 3329 μὴ
1655 3258 1748 3311 ἐπὶ
1778 3256 1914 3310 πολὺ

341 3357 421 3428 τῷ
477 3357 558 3410 ἑνὶ
591 3350 1079 3425 προσδιατρίϐοντα
1105 3348 1345 3421 κλήματι
1392 3348 1502 3418 (29)
1527 3388 1543 3413 ,
1571 3346 1917 3425 λυμήνασθαι

343 3449 443 3519 τὴν
481 3446 645 3516 ἁψῖδα
690 3441 784 3497 τοῦ
825 3438 1302 3512 στερεώματος,ἥ
1344 3436 1688 3509 παραφλέξαι
1730 3451 1785 3488 τι
1821 3436 1920 3506 τῆς

343 3536 774 3605 διακοσμήσεως.

928 3620 1173 3678 ΠΕΥΣΙΣ
1218 3621 1333 3675 ΟΔ¹.

419 3718 486 3773 Τί
533 3713 666 3780 οὗν;
701 3710 810 3786 ἄρα
844 3714 936 3768 καὶ
984 3712 1053 3766 τὰ
1102 3713 1449 3782 ὑπερκόσμια
1499 3707 1669 3761 ὕδατα
1722 3704 1924 3777 ὁμοίιος

349 3814 461 3874 τοῖς
493 3806 799 3870 θαλαττίοις
832 3804 939 3859 eici
970 3803 1148 3875 πικρά
1165 3820 1222 3857 τε
1249 3802 1342 3856 καὶ
1368 3799 1607 3872 ἁλμυρὰ,
1635 3798 1731 3853 καὶ
1754 3797 1924 3869 βαρέα

351 3903 386 3974 ἢ
426 3898 681 3974 βρυὼδἬ

964 3988 1327 4056 Ἀπόκρισις.

435 4085 711 4158 Ἥμιόλιον
763 4082 858 4138 τοῦ
913 4082 1114 4145 παντὸς
1167 4080 1356 4143 ὓδατος
1405 4078 1469 4132 rb
1506 4076 1796 4150 άνακριθὲν
1822 4116 1837 4142 ,
1866 4076 1927 4130 ού

360 4182 541 4252 μέντοι
582 4176 909 4249 πικρότατον
935 4218 951 4242 ,
1003 4173 1038 4244 ἢ
1075 4170 1398 4244 βαρύτατον,
1440 4169 1474 4241 ἢ
1507 4169 1929 4233 δυσωδέστατον,

360 4270 497 4326 κατὰ
518 4270 582 4323 rb
616 4268 927 4323 θαλάττιον·
968 4265 1029 4320 rb
1064 4264 1162 4336 μὲν
1194 4263 1302 4335 γὰρ
1328 4262 1388 4316 ού
1424 4260 1589 4331 ψαύει
1626 4259 1872 4315 ύποθέων
1902 4259 1932 4312 ὁ

358 4360 541 4432 ἣλιος,
570 4359 634 4412 τὸ
657 4358 713 4411 δὲ
738 4358 830 4410 ἐπὶ
874 4354 1006 4409 πολὺ
1045 4352 1368 4424 ὲπιλάμπων
1399 4350 1682 4422 ὲξατμίζει
1715 4350 1810 4404 καὶ
1836 4349 1934 4403 ἀν-

362 4454 552 4523 ιμᾶται
599 4450 723 4504 ὅσον
763 4444 1094 4516 γλυκύτατόν
1121 4461 1181 4497 τε
1209 4442 1304 4497 καὶ
1336 4441 1564 4512 πότιμον
1592 4443 1659 4513 τῇ
1699 4439 1934 4510 Θαλάττῃ

360 4540 672 4611 ἐγκρίνεται
725 4535 811 4591 διὰ
855 4532 1114 4606 ποταμῶν
1164 4534 1258 4587 καὶ
1308 4531 1644 4605 χειμάρρων.
1689 4529 1936 4601 Ὀρῶμεν

362 4631 469 4703 γὰρ
506 4627 769 4690 πολλάκις
799 4624 980 4696 χώρας
1029 4619 1351 4690 τεναγώδεις
1395 4621 1453 4673 ὲν
1490 4619 1591 4691 μιᾷ
1620 4613 1937 4690 μεσημϐρίᾳ

364 4722 536 4794 ξηρὰς
565 4722 657 4774 καὶ
686 4718 948 4788 άνίκμους
977 4712 1423 4783 καταλειφθείσας
1448 4713 1557 4774 τοῖς
1583 4710 1776 4779 ἀτμοῖς
1795 4746 1811 4771 ,
1832 4707 1941 4760 δια-

364 4811 643 4882 κριθέντος
669 4806 764 4862 τοῦ
795 4807 984 4871 ὓδατος
1003 4845 1018 4869 ,
1055 4803 1149 4858 καὶ
1175 4807 1243 4875 τῇ
1270 4803 1519 4873 ἀναφορᾷ
1546 4802 1666 4862 ταῖς
1690 4797 1939 4868 νεφέλαις

364 4900 760 4973 ἐγκραθέντος,
797 4895 959 4949 πάλιν
985 4897 1052 4966 τῇ
1083 4896 1152 4966 γῇ
1181 4892 1369 4963 ὥσπερ
1398 4894 1463 4945 ἐκ
1497 4888 1749 4958 σπόγγων
1772 4889 1943 4957 ἐκμυ-

367 4995 611 5066 ζόμενον,
639 4991 734 5047 καὶ
764 4991 844 5055 είς
877 4988 1029 5043 ὑετὸν
1061 4985 1589 5057 ὲξοικονομούμενον.

947 5267 1196 5323 ΠΕΥΣΙΣ
1239 5266 1361 5321 OE'.

444 5364 509 5417 Τί
537 5359 669 5430 οὗν;
697 5364 747 5416 οἱ
780 5360 975 5435 ὄμϐροι
1008 5362 1072 5414 ὲκ
1110 5359 1207 5431 τῆς
1248 5355 1524 5427 θαλάσσης
1551 5353 1945 5426 χορηγούμενοι

372 5456 487 5519 ταῖς
514 5452 766 5523 νεφέλαις
789 5492 804 5517 ,
833 5451 991 5506 πάλιν
1022 5452 1089 5522 τῇ
1128 5450 1199 5520 γῇ
1231 5446 1614 5519 σκορπίζονται
1643 5461 1658 5511 ;
1700 5445 1794 5498 καὶ
1833 5442 1950 5507 πῶς

442 5584 491 5618 ³⁸
527 5582 672 5640 Psai.
708 5598 823 5649 cur,
866 5582 957 5639 '50.
1034 5581 1077 5612 ³³
1116 5577 1250 5636 Gen.
1286 5593 1324 5644 ι,
1357 5577 1413 5634 6.
1490 5576 1535 5608 ³³
1578 5575 1679 5631 lsa.
1721 5589 1868 5640 xuv,
1911 5574 2001 5632 26.

445 5700 559 5772 (‘33)
598 5700 1065 5775 Πεπηλημμένῳ.
1116 5696 1427 5773 Legendum
1462 5696 1675 5755 videtur
1716 5695 1946 5767 πεπιληο

376 5772 526 5844 μόνῳ
558 5783 811 5829 concreto.

1709 314 2052 376 DiALOGUS
2107 317 2145 373 Ι.

3453 316 3557 373 9η

1986 442 2097 489 tam
2121 431 2466 504 praesentium
2491 446 2655 503 quam
2691 432 3000 487 futurorum
3027 428 3248 485 divinus
3273 429 3363 487 ille
3380 443 3556 493 vates,

1987 526 2073 581 his
2095 525 2307 581 verbis:
2333 523 2552 580 Emittes
2585 523 2843 595 Spiritum
2875 531 3043 589 tuum,
3074 530 3123 576 et
3146 521 3485 586 creabantur,
3508 531 3563 579 et

1989 616 2260 672 renovabis
2282 616 2469 685 faciem
2502 626 2655 671 terra:
2675 616 2738 667 ³¹.

2377 793 2895 850 [NTERROGATIO
2935 788 3169 851 LXXIII.
3196 859 3202 864 ,

2061 882 2201 938 Num
2239 890 2293 939 et
2330 898 2479 938 mare
2515 882 2731 939 desinet
2773 886 3071 956 aliquando
3119 887 3174 939 in
3214 899 3570 941 consumma-

1993 978 2178 1044 tione,
2220 993 2343 1033 cum
2388 986 2499 1033 tam
2553 994 2808 1049 magnum
2860 979 2977 1035 sit?
3023 995 3155 1034 num
3193 979 3356 1035 etiam
3397 980 3572 1034 ultra-

1992 1070 2246 1126 cmlestes
2275 1084 2428 1140 aqua:
2455 1110 2470 1135 ,
2508 1071 2574 1126 de
2617 1071 2820 1141 quibus
2865 1071 3043 1142 inquit
3089 1070 3275 1127 Deus:
3329 1070 3572 1126 Exsistat

1995 1160 2133 1215 inter
2165 1176 2358 1231 aquam
2389 1170 2438 1215 et
2469 1176 2669 1231 aquam
2704 1163 3098 1231 ﬁrmamentum
3130 1160 3220 1215 ”?

2631 1251 2937 1322 Responsio.

2068 1341 2236 1420 Atqui
2283 1344 2451 1408 satis,
2502 1349 2563 1397 ut
2606 1351 2867 1414 apparet,
2903 1344 2973 1399 ab
3001 1343 3202 1401 eximio
3236 1344 3377 1402 Isaia
3410 1345 3575 1403 doce-

1999 1449 2145 1500 mur,
2198 1450 2348 1490 mare
2389 1434 2620 1490 deﬁcere
2655 1443 2710 1491 et
2756 1450 3082 1492 evanescere
3130 1437 3185 1491 in
3225 1452 3578 1493 consumma-

2000 1528 2169 1582 tione.
2196 1527 2373 1597 lnquit
2400 1528 2545 1581 enim
2577 1526 2644 1581 ad
2678 1527 2843 1581 Deum
2875 1535 3104 1583 sanctus
3136 1528 3226 1583 ille
3252 1536 3442 1585 vates:
3472 1529 3580 1598 Qui

2000 1617 2133 1672 dicis
2161 1617 2393 1689 abysso:
2426 1617 2756 1673 Desolaberis
2779 1658 2792 1683 ,
2823 1628 2870 1673 et
2893 1619 3118 1688 [Iuntina
3147 1630 3237 1672 tua
3263 1621 3475 1676 siccabo
3508 1621 3577 1674 ³³.

2003 1709 2380 1778 lntelligantur
2411 1719 2592 1764 autem
2647 1710 3039 1780 metaphoricc,
3077 1711 3310 1778 abyssus
3359 1712 3580 1782 quidem

2004 1800 2254 1865 malitias,
2285 1799 2580 1865 diabolus;
2632 1800 2855 1855 ﬂumina
2904 1810 3086 1857 autem
3133 1818 3200 1858 ex
3255 1803 3376 1873 ipso
3424 1812 3480 1859 et
3525 1804 3583 1860 in

2006 1892 2185 1962 ipsum
2238 1891 2501 1955 ﬂuentia,
2553 1891 2863 1958 daemones,
2913 1893 3135 1963 quando
3173 1893 3324 1949 illius
3362 1894 3583 1965 quidem

2005 1983 2236 2038 alluvies
2266 1982 2426 2037 nobis
2461 1981 2673 2038 letifera
2703 1992 2782 2038 est
2812 2001 2827 2050 ;
2864 1982 2919 2038 hi
2950 1999 3082 2040 vero
3110 1982 3377 2039 ﬂuctuum
3412 1984 3590 2040 instar

2008 2074 2405 2139 elevantur,'et
2432 2089 2653 2145 semper
2687 2074 2956 2131 insultant
2994 2074 3154 2131 nobis
3194 2090 3293 2145 per
3329 2075 3589 2130 tentatio-

2010 2183 2125 2224 nes.
2158 2167 2331 2223 Porro
2356 2174 2607 2246 naturam
2639 2182 2904 2238 aquarum
2919 2167 3144 2224 Creator
3167 2167 3414 2222 condidit
3430 2208 3445 2230 ,
3467 2181 3591 2237 quae

2010 2258 2354 2315 solummodo
2391 2258 2666 2314 subiceret
2699 2258 2942 2315 universi
2975 2258 3141 2329 hujus
3180 2259 3588 2315 constitutioni.

2008 2349 2129 2405 Non
2162 2352 2338 2406 solum
2364 2358 2544 2406 autem
2575 2351 2644 2406 ad
2668 2350 3011 2422 refrigerium
3040 2350 3589 2415 ultramundanarum

2012 2458 2280 2513 aquarum
2338 2450 2680 2497 reservatum
2739 2450 2824 2498 est
2886 2442 3326 2506 ﬁrmamentum,
3390 2441 3487 2498 sed
3536 2450 3594 2496 et

2010 2534 2284 2587 flammam
2338 2532 2482 2588 Deus
2536 2531 2889 2586 luminat-ium
2945 2533 3014 2587 ad
3066 2531 3332 2588 inferiora
3385 2533 3590 2597 mittit,

2014 2624 2320 2697 propinquo
2362 2638 2465 2681 suo
2512 2638 2745 2695 corpore
2786 2640 3009 2681 sursum
3048 2625 3359 2682 tendentem
3407 2626 3588 2697 ignem

2014 2714 2082 2769 ad
2114 2715 2371 2771 inferiora
2399 2729 2603 2785 cogens
2622 2752 2639 2779 ,
2664 2722 2719 2772 et
2749 2716 2804 2770 in
2834 2716 3017 2773 radios
3051 2716 3365 2773 diffundens
3425 2715 3584 2773 reﬂev

2014 2807 2231 2863 sionem
2254 2845 2268 2870 ,
2301 2804 2528 2877 perinde
2568 2820 2634 2862 ac
2674 2807 2722 2861 si
2762 2806 3070 2878 lampadem
3104 2808 3158 2862 in
3206 2808 3465 2865 manibus
3496 2822 3596 2865 no-

2016 2900 2148 2957 stris
2176 2908 2425 2956 tenentes
2448 2940 2463 2964 ,
2498 2914 2736 2970 superne
2761 2914 3079 2969 premamus
3109 2899 3382 2957 ﬂammam
3412 2901 3597 2958 tabula

2015 2991 2102 3045 vel
2134 2989 2368 3062 patella,
2413 2997 2468 3044 et
2510 2989 2565 3044 in
2610 2988 2796 3045 radios
2841 3003 2906 3044 ac
2945 2990 3342 3060 ejaculationes
3384 2992 3600 3064 franga-

2016 3097 2162 3137 mus.
2206 3079 2419 3136 ldcirco
2448 3080 2742 3136 sublimem
2781 3081 2953 3138 solem
2990 3080 3122 3137 fecit
3157 3082 3282 3154 ipso
3323 3084 3475 3153 prior
3516 3085 3600 3140 sol

2016 3169 2307 3237 Christus;
2338 3175 2391 3224 et
2417 3168 2548 3224 hinc
2577 3169 2829 3225 mstivum
2849 3211 2864 3237 ,
2889 3170 3040 3225 illinc
3066 3169 3358 3226 hibernum
3386 3179 3599 3235 ortum,

2018 3277 2090 3318 ne
2130 3261 2340 3317 diutius
2374 3261 2429 3315 in
2470 3261 2664 3317 eodem
2714 3260 3060 3316 immorando
3099 3266 3310 3323 tractu,
3353 3272 3603 3314 corrum-

2021 3361 2182 3425 patur
2214 3352 2661 3409 circumferentia
2702 3352 3069 3418 ﬁrmamenti,
3112 3359 3208 3407 aut
3247 3351 3432 3423 aliqua
3472 3366 3603 3422 pars

2021 3442 2174 3497 orbis
2201 3441 2580 3497 comburatur.

2412 3621 2930 3680 INTERROGATIO
2978 3621 3215 3709 LXXiV.

2096 3717 2368 3785 Quidnam
2400 3717 2568 3787 igitur
2600 3715 2956 3771 statuendum
2989 3715 3057 3770 de
3095 3716 3255 3786 aquis
3302 3716 3610 3772 ultramun-

2026 3807 2186 3862 danis
2207 3806 2232 3860 ἲ
2256 3822 2384 3860 num
2417 3806 2626 3862 similes
2654 3804 2888 3861 marinis
2916 3812 3082 3871 sunt,
3113 3819 3315 3860 amara:
3338 3813 3396 3861 et
3424 3806 3609 3872 salsae,

2026 3904 2081 3953 et
2111 3911 2306 3969 graves
2338 3904 2394 3952 et
2427 3895 2736 3951 muscosae?

2644 3986 2958 4057 Responsio.

2103 4077 2400 4134 Dimidium
2430 4088 2515 4135 est
2547 4079 2820 4134 universas
2854 4091 3040 4147 aquae,
3077 4077 3132 4133 id
3166 4077 3313 4148 quod
3344 4091 3612 4146 supernas

2030 4172 2086 4227 in
2122 4180 2305 4244 partes
2353 4180 2439 4248 est
2485 4178 2789 4236 secretum,
2822 4176 3051 4241 excepto
3095 4169 3241 4241 quod
3291 4183 3400 4223 non
3450 4168 3617 4223 habet

2033 4263 2261 4319 nimium
2297 4262 2447 4317 illum
2481 4276 2820 4327 amarorem,
2862 4268 2955 4316 aut
2997 4261 3318 4333 gravitatem
3348 4268 3443 4315 aut
3474 4258 3618 4315 feto-

2036 4370 2183 4420 rem,
2213 4354 2306 4424 qui
2346 4362 2431 4410 est
2479 4354 2533 4409 in
2561 4368 2702 4425 aqua
2749 4354 3007 4421 marina;
3048 4367 3176 4409 nam
3212 4353 3361 4410 illam
3394 4352 3618 4424 quidem

2035 4462 2142 4501 non
2168 4445 2385 4516 attingit
2418 4445 2607 4502 subter
2632 4445 2811 4515 ipsam
2840 4459 3072 4501 currens
3099 4444 3184 4500 sol
3210 4482 3227 4509 ,
3261 4443 3403 4500 hanc
3430 4452 3617 4498 autem

2036 4548 2301 4609 perpetuo
2350 4551 2451 4592 suo
2497 4536 2794 4608 splendore
2849 4552 3175 4608 permeans,
3235 4550 3334 4607 per
3385 4548 3620 4606 vapores

2040 4628 2224 4683 haurit
2263 4636 2318 4685 et
2360 4628 2616 4685 subvehit
2650 4628 2914 4700 quidquid
2954 4629 3200 4684 omnium
3232 4626 3620 4684 dulcissimum

2039 4730 2094 4776 et
2120 4721 2357 4792 potabile
2386 4721 2454 4777 de
2485 4720 2802 4777 ﬂuminibus
2821 4729 2877 4777 et
2901 4721 3238 4777 torrentibus
3265 4720 3322 4776 in
3347 4733 3500 4775 mare
3525 4734 3623 4775 ex—

2042 4812 2309 4869 cernitur.
2338 4811 2596 4868 Videmus
2614 4813 2760 4869 enim
2783 4827 3157 4884 saepenumero
3181 4813 3431 4884 regiones
3453 4826 3626 4883 aqua-

2044 4920 2166 4959 rum
2194 4906 2351 4975 copia
2378 4903 2692 4961 inaccessas
2710 4943 2726 4970 ,
2755 4920 2868 4960 uno
2894 4904 3124 4960 meridie
3150 4904 3334 4960 aridas
3362 4911 3418 4960 et
3444 4904 3624 4960 siccas

2046 4994 2278 5061 relinqui
2303 5032 2318 5056 ,
2354 5007 2453 5063 per
2489 5008 2724 5063 vapores
2753 5008 2895 5064 aqua
2925 5000 3174 5064 separata
3194 5033 3209 5059 ,
3236 5000 3291 5049 et
3318 5008 3415 5064 per
3441 4992 3625 5048 eleva-

2047 5084 2248 5139 tionem
2280 5084 2518 5140 nubibus
2552 5085 2796 5141 immista
2821 5126 2837 5152 ,
2870 5084 3020 5141 unde
3050 5100 3247 5141 rursus
3275 5092 3437 5141 terra:
3465 5083 3626 5155 quasi

2049 5191 2114 5232 ex
2147 5175 2394 5248 spongiis
2421 5176 2771 5245 exprimitur,
2808 5170 2864 5231 et
2896 5176 2953 5231 in
2982 5175 3223 5247 pluviam
3259 5175 3623 5232 convertitur.

2445 5267 2969 5324 INTERROGATIO
3008 5266 3220 5322 LXXV.

2125 5356 2262 5414 Num
2312 5358 2479 5430 igitur
2524 5360 2730 5416 imbres
2784 5375 2849 5416 ex
2897 5359 3039 5414 mari
3092 5357 3420 5429 suppeditati
3465 5355 3630 5411 nubi».

2052 5447 2191 5515 bus,
2249 5464 2446 5506 rursus
2505 5463 2672 5519 super
2722 5456 2926 5504 terram
2979 5444 3411 5519 diSpergunturl
3458 5443 3630 5517 Atqui

2127 5697 2237 5772 (20)
2272 5697 2556 5768 κλήματι.
2585 5692 2748 5752 Forte
2782 5692 3023 5766 κλίματι.
3062 5690 3219 5748 Em.
