4048 6222
423 293 546 367 1vta

440 426 712 498 quomodo
743 433 918 495 potest
956 434 1166 481 tantum
1199 425 1412 495 pondus
1442 434 1496 480 et
1527 425 1818 481 multitudo
1853 440 2021 496 aqua-

445 533 562 572 rum
590 517 644 571 in
677 519 850 572 nubes
887 518 1114 574 subvehi
1144 519 1167 571 ?

1070 609 1379 677 Responsio.

510 700 652 755 Audi
681 700 932 755 Davidem
962 700 1030 755 de
1058 701 1167 756 Deo
1193 708 1476 755 canentem
1507 719 1518 753 :
1554 700 1829 754 Addat-ens
1860 702 2022 757 nubes

441 790 506 844 ab
557 793 894 845 extremitate
940 801 1134 856 terrw,
1185 791 1403 862 fulgura
1451 792 1504 844 in
1537 791 1770 860 pluviam
1802 791 1922 860 fecit
1955 794 2020 846 ".

443 882 598 935 Alius
661 894 842 936 autem
896 884 1286 954 pmphetarum
1352 884 1574 953 inquit:
1629 882 1734 947 Qui
1801 887 2024 938 advocat

443 989 633 1041 aquam
668 977 834 1028 maris
857 1015 870 1039 ,
897 987 944 1028 et
973 975 1200 1044 e/fundit
1227 975 1394 1042 ipsam
1421 991 1576 1041 super
1603 974 1793 1043 [aciem
1823 986 1982 1030 terra:
2003 992 2022 1040 ;

447 1064 699 1119 Dominus
733 1066 876 1120 Deus
909 1068 1235 1136 omnipotens
1268 1082 1454 1122 nomen
1493 1068 1540 1120 ei
1581 1067 1646 1122 ³⁸.
1686 1066 1822 1122 Nam
1867 1069 2024 1124 colli-

441 1156 597 1212 sione
623 1158 846 1214 nubium
883 1175 978 1229 per
1006 1167 1199 1216 ventos
1226 1160 1588 1231 impulsarum
1619 1176 1740 1232 qua:
1777 1161 2016 1232 pluviam

442 1246 656 1315 ferunt,
692 1249 907 1321 fulgura
938 1251 1098 1306 liuut.

833 1423 1356 1483 INTERROGATIO
1397 1426 1630 1483 LXXVI.

516 1514 802 1582 Quomodo
835 1532 1003 1584 vero,
1033 1533 1157 1573 cum
1189 1528 1298 1574 tam
1330 1520 1516 1575 multis
1543 1520 1703 1576 annis
1729 1519 2022 1577 exhauria-

441 1614 535 1663 tur
573 1623 672 1679 per
707 1609 1069 1665 elevationem
1111 1611 1456 1682 pluviarum,
1491 1621 1546 1668 et
1570 1613 1815 1668 omnium
1848 1615 2021 1686 parti-

439 1699 804 1769 cipationem,
860 1716 970 1756 non
1024 1701 1209 1758 deiicit
1267 1719 1407 1775 aqua
1464 1705 1549 1760 vel
1607 1704 1870 1772 fontana,
1935 1707 2018 1762 vel

444 1791 655 1845 marina
687 1793 710 1844 ?

1078 1885 1380 1957 Responsio.

511 1973 668 2042 Aqua
694 1971 918 2030 fontana
947 1991 1057 2032 non
1088 1977 1272 2034 deﬁcit
1310 1995 1373 2035 ex
1417 1980 1554 2034 mari
1597 1980 1808 2036 reddita
1829 2019 1846 2046 ,
1877 1990 1932 2036 et
1966 1981 2025 2036 in

443 2060 496 2116 id
554 2076 752 2117 rursus
800 2063 1043 2120 deﬂuens
1092 2081 1190 2138 per
1235 2067 1461 2122 ﬂumina
1507 2076 1672 2139 atque
1722 2076 2019 2126 torrentes.

436 2154 736 2225 Propterea
765 2154 899 2210 illud
931 2173 1111 2228 neque
1143 2159 1421 2215 exundare
1450 2169 1664 2232 potest,
1706 2162 1836 2217 dum
1873 2165 2022 2235 quod

438 2261 506 2301 ex
541 2263 601 2304 se
629 2256 745 2313 est,
777 2248 834 2304 in
872 2264 933 2306 se
969 2250 1204 2322 recipit,
1238 2251 1702 2322 quemadmodum
1739 2253 1901 2312 docet
1937 2271 2018 2313 re-

435 2352 563 2392 rum
593 2338 906 2396 divinarum
939 2342 1150 2412 peritus
1178 2343 1272 2399 ille
1303 2342 1568 2399 Solonio:
1606 2344 1863 2401 Flumina
1896 2364 2023 2402 cun-

430 2437 524 2482 cta
563 2430 615 2483 in
656 2443 800 2485 mare
838 2432 1098 2498 tendunt,
1130 2451 1294 2505 neque
1332 2451 1481 2490 mare
1515 2437 1768 2506 impletur
1799 2438 1866 2494 “.
1909 2438 2019 2493 Ma-

442 2521 562 2576 rina
590 2538 809 2578 rursum
845 2539 954 2578 non
985 2533 1303 2580 attenuatur
1340 2534 1567 2598 propter
1602 2529 2020 2587 retributionem

439 2629 559 2683 qua:
591 2613 648 2668 lit
671 2631 702 2671 e
729 2617 986 2687 supernis
1007 2657 1023 2681 ,
1054 2632 1162 2685 qua
1195 2617 1248 2673 id
1283 2617 1431 2688 quod
1459 2622 1778 2690 evaporavit
1807 2638 1903 2693 per
1932 2639 2022 2679 so-

439 2703 545 2759 lem
574 2718 794 2761 auctum
823 2707 1062 2762 destillat
1091 2708 1340 2772 ctelitus,
1365 2717 1421 2764 et
1445 2710 1686 2767 exundat
1713 2728 1811 2783 per
1839 2728 2018 2769 rorem

435 2797 844 2852 exhalationum
903 2801 1048 2856 aeris
1102 2800 1349 2872 quotidie
1405 2817 1624 2859 sursum
1679 2804 2017 2861 tendentium

436 2903 800 2956 excrescens,
855 2899 914 2944 ut
967 2892 1026 2945 tit
1074 2891 1128 2945 in
1183 2893 1340 2947 cubis
1376 2893 1694 2949 balneorum
1731 2911 1827 2966 per
1872 2897 2017 2952 aeris

437 2983 878 3048 evaporationem
928 2981 1290 3045 madefactis.
1339 2994 1391 3038 et
1437 2985 1682 3040 vicissim
1737 2995 1917 3057 guttas
1965 2989 2018 3044 in

436 3069 613 3122 solum
653 3069 1057 3138 dejicientlbus.
1093 3070 1270 3126 Etiam
1303 3089 1680 3142 saepenumero
1717 3077 1906 3134 videre
1935 3089 2022 3136 est

436 3173 562 3212 aera
589 3174 836 3213 crassum
865 3176 930 3215 ex
959 3160 1132 3226 mari,
1167 3160 1410 3220 fontibus
1437 3173 1493 3220 et
1519 3165 1700 3224 ﬂuviis
1725 3169 2016 3237 exhalare,

432 3249 529 3314 qui
558 3249 695 3304 nihil
726 3251 872 3305 aliud
903 3267 1065 3322 quam
1099 3268 1242 3324 aqua
1272 3254 1489 3311 videtur
1518 3273 1660 3314 esse.

820 3342 1342 3401 INTERROGATIO
1380 3347 1514 3401 LXX
1531 3347 1638 3405 VII.

508 3433 578 3488 At
605 3436 879 3505 quomodo
907 3451 970 3491 ex
1009 3436 1147 3491 mari
1178 3447 1359 3508 potest
1395 3455 1517 3496 esse
1548 3443 1767 3498 fontana
1801 3453 1894 3498 aut
1922 3462 2014 3516 ρον

433 3527 620 3584 tabilis
649 3543 788 3598 aqua
811 3571 825 3593 ,
857 3545 980 3584 cum
1014 3532 1104 3585 illa
1143 3533 1363 3602 quidem
1407 3550 1595 3590 amara
1641 3547 1696 3593 et
1735 3539 1880 3595 salsa
1911 3543 2016 3605 sit,

430 3618 520 3674 hac
552 3636 682 3674 vero
710 3620 898 3676 dulces
928 3632 981 3676 et
1014 3625 1279 3693 potabiles
1309 3630 1473 3697 paulo
1507 3629 1783 3685 leviores?

1073 3797 1379 3866 Responsio.

500 3888 645 3944 Nihil
672 3890 864 3943 horum
895 3888 1108 3943 allicere
1135 3899 1313 3960 potest
1340 3891 1408 3948 iis
1436 3910 1554 3964 qua:
1585 3896 1848 3953 hactenus
1871 3897 2014 3954 dicta

425 3989 581 4035 sunt.
619 3979 752 4032 Nam
786 3995 883 4049 per
913 3982 1324 4051 expressionem
1358 3993 1634 4040 tueatuum
1673 3995 1729 4043 et
1761 3989 2016 4059 obliquos

429 4071 614 4125 exitus
649 4069 704 4123 in
737 4069 1128 4134 seaturieudo,
1162 4072 1381 4143 pondus
1409 4073 1544 4128 illud
1589 4090 1714 4130 cum
1763 4092 2014 4135 amarore

430 4163 746 4232 deponitur,
782 4171 838 4217 et
873 4162 1094 4234 salsngo
1131 4171 1480 4230 extenuatur,
1521 4166 1685 4220 veluti
1738 4166 1783 4224 si
1825 4169 2009 4224 vinum

431 4271 586 4326 aqua:
629 4255 851 4309 mistum
901 4269 1068 4324 super
1111 4255 1395 4326 spongiam
1441 4256 1524 4310 vel
1573 4273 1770 4327 purqu
1811 4275 2003 4330 panem

433 4346 693 4400 fundatur
719 4384 734 4409 ,
784 4345 970 4399 viuum
1015 4345 1236 4416 quidem
1274 4353 1532 4417 tanquam
1577 4351 1819 4408 crassius
1862 4354 2006 4408 intra

425 4437 589 4508 panis
621 4446 833 4494 meatus
867 4437 1134 4493 retinetur
1163 4455 1178 4503 ;
1211 4453 1351 4508 aqua
1386 4453 1514 4495 vero
1544 4451 1801 4513 tauquam
1835 4445 2010 4516 magis

427 4543 591 4588 tenue
631 4531 896 4602 quiddam
926 4539 983 4586 et
1011 4530 1382 4600 pellucidum,
1421 4549 1518 4604 per
1549 4543 1760 4591 meatus
1799 4538 2010 4593 excola-

419 4632 538 4679 tur.
580 4619 724 4678 Idem
757 4619 1002 4677 ostendit
1035 4621 1216 4677 oleum
1249 4637 1405 4694 aqua:
1445 4625 1667 4680 mistum
1698 4641 1864 4698 supra
1895 4643 2008 4681 ma-

425 4714 598 4770 terias
625 4714 916 4786 praedictas
945 4713 1129 4769 fusum
1159 4731 1173 4779 ;
1208 4729 1333 4769 nam
1364 4715 1452 4770 hic
1493 4717 1658 4772 etiam
1697 4719 1843 4788 quod
1887 4720 2008 4789 piu-

423 4807 587 4876 guius
613 4816 667 4861 ct
696 4806 940 4862 crassius
971 4813 1064 4862 cst
1084 4845 1098 4872 ,
1134 4816 1412 4872 remanet,
1447 4824 1512 4862 eo
1543 4809 1689 4880 quod
1725 4811 1898 4882 magis
1923 4821 2008 4868 est

423 4909 590 4952 tenue
619 4908 937 4955 transeunte
963 4914 1028 4954 ac
1052 4909 1293 4956 cxcreto.

802 4989 1316 5048 INTERROGATIO
1358 4991 1639 5049 LXXVIII.

497 5079 654 5147 Quod
684 5079 730 5134 si
763 5095 852 5137 res
881 5082 953 5136 ita
985 5099 1045 5139 se
1075 5083 1268 5151 habet,
1296 5099 1467 5154 quare
1486 5098 1596 5138 non
1629 5083 1830 5155 ubique
1858 5101 1998 5156 aqua

423 5172 494 5228 de
517 5171 716 5242 abysso
739 5187 958 5228 sursum
989 5174 1189 5238 tendit,
1214 5175 1308 5230 sed
1340 5184 1534 5245 puteos
1565 5173 1830 5232 fodientes
1855 5176 2001 5232 haud

425 5265 706 5337 vulgarem
740 5263 1074 5335 suscipimus
1105 5265 1378 5332 laborem,
1414 5266 1688 5322 interdum
1719 5277 1774 5324 et
1802 5271 1998 5326 miscr-

424 5356 620 5412 rimam
654 5363 884 5412 mortem
919 5363 1263 5424 rcportantes
1286 5397 1300 5415 .
1338 5359 1393 5410 in
1426 5356 1627 5413 fodinis
1652 5357 1880 5414 obruti?

1055 5449 1358 5517 Responsio.

387 5533 392 5536 ’
493 5537 606 5593 imo
641 5541 1009 5597 \‘erisituilitcr
1034 5557 1099 5598 cx
1129 5542 1304 5610 puteis
1330 5541 1607 5611 conjicere
1636 5543 1798 5604 licet,
1831 5541 1997 5598 fonta-

495 5650 536 5682 “
574 5649 718 5708 Psal.
755 5670 974 5723 cxxstv,
1004 5655 1056 5709 7.
1134 5656 1177 5686 "
1219 5654 1385 5709 Amos
1416 5670 1470 5722 ν,
1501 5654 1554 5708 8.
1633 5654 1677 5685 "
1718 5652 1896 5711 Eccle.
1930 5671 1964 5721 I,
2003 5659 2052 5716 7.

493 5791 603 5859 (Ulli
641 5793 1018 5853 Διηκενέζειν.
1059 5791 1215 5848 Forte
1240 5791 1596 5874 διακομίζειν.
1635 5790 1790 5845 Εοιῒ.

1519 304 1576 358 S.
1619 300 2292 372 CIESARlIﬁREGORII
2321 301 2646 370 FRATRIS,

3311 255 3350 265 κ

3571 303 3714 362 ηιξ

2130 421 2240 496 ἀρα
2265 425 2491 478 δυνατὸν
2533 423 2782 478 τοσοῦτον
2814 421 2979 494 βάρος
3029 423 3124 477 καὶ
3179 421 3380 494 πλῆθος
3411 423 3622 478 ὑδάτων
3648 424 3716 477 έν

2128 516 2377 583 νεφέλαις
2403 515 2696 585 ἀνάγεσθαι
2720 535 2734 582 ;

2750 607 3104 676 Ἀπόκρισις.

2201 699 2397 751 ’Δκουε
2427 697 2520 752 τοῦ
2561 697 2724 752 Δαϐὶϐ
2758 698 2885 771 περὶ
2915 697 3051 750 Θεοῦ
3089 697 3452 769 μελῳδοῦντος
3489 716 3501 726 ·
3585 699 3713 751 Ἁν-

2126 789 2287 860 ἁγων
2317 791 2578 860 νεφέλας
2593 791 2662 856 ἐξ
2692 790 2956 858 ἐσχάτου
2987 787 3095 857 τῆς
3125 787 3255 860 γῆς,
3285 788 3600 858 ἀστραπὰς
3621 791 3714 855 εις

2125 881 2304 935 ὑετὸν
2333 882 2898 954 ἐποίησεν.⁹Ετερος
2935 880 2992 933 δὲ
3040 880 3148 934 τῶν
3174 880 3467 952 προφητῶν
3496 896 3660 949 φησιν
3694 897 3709 912 ·

2138 972 2192 1026 '0
2221 974 2757 1044 προσκαλούμενος
2781 975 2846 1028 τὸ
2874 974 3030 1041 ὕδωρ
3059 971 3166 1040 τῆς
3213 972 3529 1040 θαλάσσης
3560 971 3715 1028 αὐτὸ

2124 1064 2222 1118 ἐπί
2257 1065 2582 1133 προσώπου
2613 1065 2723 1133 τῆς
2748 1065 2862 1136 γῆς
2888 1083 2902 1098 ο
2937 1067 3155 1134 Κύριος
3187 1068 3220 1118 ὀ
3251 1066 3396 1131 Θεὸς
3425 1068 3457 1119 ό
3488 1079 3716 1118 παντο-

2126 1158 2352 1226 κράτωρ
2374 1157 2562 1228 ὄνομα
2590 1156 2770 1224 αὐτῷ.
2799 1160 2879 1230 Τῇ
2914 1158 3023 1230 γὰρ
3053 1157 3362 1229 παρατριϐῇ
3394 1157 3501 1211 τῶν
3529 1157 3713 1227 νεφῶν

2128 1248 2242 1310 τοῖς
2295 1245 2601 1316 πνεύμασιν
2655 1245 3024 1316 ἐλαυνομένων
3052 1243 3372 1308 διακονίζειν
3421 1243 3554 1313 (30)
3618 1243 3714 1296 τὸν

2127 1336 2304 1402 ύετδν,
2337 1337 2394 1392 αἰ
2419 1338 2702 1410 ἀστραπαὶ
2735 1337 3142 1408 συμϐαίνουσιν.

2706 1429 2959 1482 nem}:
2993 1430 3130 1496 θεῖ’.

2197 1520 2310 1575 Καὶ
2339 1519 2458 1584 πῶς
2490 1519 2764 1584 τοσούτοις
2791 1520 2934 1574 έτεσι
2962 1515 3348 1590 δαπανώμενον
3372 1520 3438 1589 τῇ
3465 1519 3716 1588 ἀναφορᾷ

2125 1612 2234 1667 τῶν
2259 1611 2429 1666 ὑετῶν
2455 1613 2546 1667 καί
2569 1615 2636 1685 τῇ
2658 1611 2872 1666 πάντων
2908 1610 3224 1683 μεταλήψει,
3250 1610 3350 1664 οὐκ
3370 1610 3623 1681 ἀνηλώθη
3649 1611 3716 1662 τὸ

2131 1707 2366 1777 πηγαῖον
2390 1703 2535 1777 ὕδωρ
2564 1705 2597 1777 ἢ
2627 1703 2689 1758 τὸ
2705 1703 2993 1758 θαλάσσιον
3029 1719 3045 1769 ;

2737 1793 3101 1863 Ἀπόκρισις.

2199 1888 2274 1941 Τὸ
2296 1887 2394 1960 μὲν
2425 1890 2682 1960 κρηναῖον
2714 1887 2813 1940 ούκ
2839 1885 3144 1956 ἀπολήγει,
3185 1885 3251 1938 έκ
3301 1883 3402 1954 τῆς
3441 1882 3714 1955 θαλάττης

2128 1979 2523 2049 ἀναδιδόμενον.
2566 1979 2660 2032 καὶ
2690 1979 2771 2042 εἰς
2799 1977 2968 2048 αὐτὴν
2996 1976 3156 2030 πάλιν
3187 1975 3310 2048 ῥέον
3336 1975 3425 2029 διά
3450 1974 3714 2046 ποταμῶν

2131 2072 2225 2127 καὶ
2254 2072 2568 2144 χειμάρρων
2586 2087 2602 2104 ο
2627 2071 2707 2123 διὸ
2739 2069 2860 2124 οὐδὲ
2883 2069 3234 2140 πλημμυρετν
3281 2068 3370 2122 οἵα
3416 2084 3475 2119 τε
3496 2106 3512 2130 ,
3540 2067 3603 2120 τὺ
3649 2068 3715 2132 ἐξ

2130 2163 2300 2234 αὐτῆς
2329 2166 2408 2228 εἰς
2450 2161 2647 2234 ἑαυτὴν
2676 2161 2939 2232 δεχομένη
2960 2201 2975 2225 ,
3006 2159 3188 2224 καθὼς
3237 2159 3483 2214 παιδεύει
3529 2162 3559 2213 ό
3601 2159 3715 2213 τῶν

2128 2255 2290 2332 θείῳν
2318 2254 2478 2324 σοφὸς
2505 2251 2756 2324 Σολομῶν
2779 2269 2793 2284 ο
2837 2251 3066 2317 Πάντες
3102 2255 3158 2306 οὶ
3193 2253 3449 2322 ποταμοὶ
3481 2255 3569 2319 εἰς
3593 2253 3714 2321 τὴν

2129 2347 2450 2403 θάλασσαν·
2479 2348 2832 2416 πορεύονται
2854 2386 2870 2412 ,
2902 2345 3001 2400 καί
3029 2345 3068 2413 ἡ
3095 2344 3380 2401 θάλασσα
3403 2347 3515 2399 οὐκ
3537 2346 3713 2399 ἐστιν

2126 2437 2544 2510 ἐμπιπλαμένη
2567 2451 2584 2469 ⁶
2617 2437 2680 2491 τὸ
2723 2437 2780 2492 δὲ
2828 2436 3110 2491 θαλάττιον
3165 2435 3228 2488 ού
3285 2435 3612 2507 βραχύνεται
3637 2438 3708 2506 τῇ

2125 2531 2332 2585 ἄνωθεν
2357 2529 2707 2601 ἀνταμείψει,
2742 2527 2837 2583 τοῦ
2884 2527 3300 2598 ἐξατμισθέντος
3333 2526 3414 2598 τῷ
3445 2527 3584 2598 ἡλίῳ
3608 2527 3710 2581 αὑ-

2127 2623 2406 2695 Εούμενον,
2448 2621 2848 2688 ἀποστάζοντος
2875 2620 2970 2675 τοῦ
2992 2619 3226 2693 οὐρανοῦ
3249 2622 3342 2675 καὶ
3370 2620 3709 2691 ὲξιδροῦντος

2125 2719 2191 2788 τῇ
2239 2716 2452 2788 δρόσῳ,
2496 2715 2555 2769 τὸ
2581 2715 2671 2770 διὰ
2717 2714 2824 2768 τῶν
2858 2714 3045 2785 ἀτμῶν
3096 2712 3190 2768 τοῦ
3238 2712 3400 2782 ἀέρος
3434 2713 3706 2784 ὁσημέραι

2125 2807 2548 2878 ἀνασπώμενον,
2583 2807 2722 2862 κατά
2774 2807 2902 2870 τοὺς
2954 2803 3154 2869 κύϐους
3199 2804 3310 2858 τῶν
3353 2803 3596 2874 λουτρῶν
3635 2805 3706 2872 τῇ

2125 2901 2484 2972 ἀναθυμιάσει
2511 2900 2604 2954 τοῦ
2643 2899 2804 2972 ἀέρος
2831 2897 3211 2970 νοτιζομένων,
3260 2899 3355 2950 καὶ
3390 2895 3706 2968 ἀνθιδρούν-

2121 3009 2229 3047 των
2289 2991 2556 3060 σταγόνας
2606 2991 2698 3044 ἐπὶ
2735 2991 2797 3045 τὸ
2854 2990 3066 3058 ἔδαφος.
3115 2989 3226 3043 Καὶ
3277 2988 3392 3042 εστι
3447 2987 3710 3052 πολλάκις

2121 3082 2359 3154 ἀθρῆσαι
2389 3083 2568 3155 παχὺν
2596 3083 2734 3154 ἀέρα
2762 3084 2825 3136 ὲκ
2852 3083 2950 3154 τῆς
2979 3081 3251 3152 θαλάττης
3281 3081 3315 3152 ἢ
3345 3079 3455 3135 τῶν
3486 3081 3707 3150 κρηνῶν

2121 3175 2216 3228 καὶ
2246 3175 2506 3247 ποταμῶν
2535 3174 2958 3246 ἀναπνεόμενον,
2984 3175 3123 3247 ὅπερ
3152 3174 3251 3244 οὐχ
3276 3174 3457 3244 ἕτερον
3497 3174 3530 3243 ἢ
3560 3173 3707 3244 ὕδωρ

2120 3264 2388 3338 ὑπάρχειν
2425 3284 2517 3338 μοι
2543 3267 2710 3321 δοκεῖ.

2713 3357 2964 3412 ιιΕΥΣιΣ
2994 3359 3112 3411 UZ'.

2192 3450 2302 3504 Καὶ
2355 3449 2474 3512 πῶς
2518 3449 2584 3502 ἐκ
2619 3449 2718 3520 τῆς
2747 3447 3023 3520 θαλάσσης
3051 3447 3275 3502 δύναται
3321 3441 3460 3500 εἶναι
3496 3445 3561 3499 τὸ
3591 3461 3706 3515 πη-

2119 3544 2271 3608 γαῖον
2315 3541 2349 3613 ἦ
2395 3541 2662 3612 ποτάμιον
2707 3540 2880 3609 ὕδωρ,
2909 3541 3009 3610 τῆς
3057 3541 3155 3610 μὲν
3207 3543 3408 3612 πικρᾶς
3457 3539 3550 3594 καὶ
3600 3540 3704 3594 si-

2121 3633 2296 3704 μυρᾶς
2324 3632 2523 3704 οὔσης,
2555 3632 2663 3686 τῶν
2691 3632 2746 3685 δὲ
2779 3632 3023 3700 γλυκέων
3061 3633 3155 3686 καὶ
3189 3631 3435 3702 ποτίμων
3463 3633 3556 3686 καὶ
3584 3649 3704 3685 κου-

2119 3721 2247 3790 φοτέ
2255 3739 2362 3793 ρων
2377 3745 2392 3792 ;

2729 3817 3088 3885 Ἀπόκρισις.

2188 3905 2352 3959 Οὐδὲν
2390 3906 2594 3961 τούτων
2626 3907 2985 3977 ἐπισκοτῆσαι
3011 3909 3124 3971 τοῖς
3153 3906 3465 3980 εἰρημένοις
3489 3901 3695 3962 οἷόντε.

2115 3999 2194 4069 Τῇ
2224 3998 2335 4066 γάρ
2363 3998 2582 4071 ἐκθλιϐῇ
2617 3999 2726 4053 τῶν
2764 3999 2946 4070 πόρων
2981 3999 3074 4052 καὶ
3104 4001 3171 4070 τῇ
3218 3999 3571 4071 σκολιοπορίᾳ
3598 4000 3703 4070 τῆς

2115 4089 2463 4154 ἀναϐλύσεως
2491 4090 2551 4144 τὺ
2573 4091 2711 4164 βαρὺ
2741 4092 2836 4146 καὶ
2864 4091 3060 4164 πικρὸν
3081 4092 3454 4157 ἀποτίθεσθαι,
3485 4093 3580 4147 καὶ
3597 4095 3700 4166 τὴν

2115 4185 2295 4256 ἅλμην
2343 4185 2768 4240 έκλεπτύνεσθαι
2817 4185 3069 4258 καθάπερ
3117 4181 3260 4250 οἶνος
3291 4185 3444 4240 ὕδατι
3491 4203 3699 4256 κεκρα-

2118 4276 2274 4345 μένος
2300 4315 2314 4340 ,
2343 4277 2567 4347 σπόγγῳ
2595 4277 2627 4348 ἢ
2660 4277 2810 4348 ἄρτῳ
2838 4276 3060 4348 καθαρῷ
3095 4278 3468 4348 ὲπιχεόμενος.
3515 4277 3574 4330 '0
3599 4278 3700 4348 μὲν

2111 4369 2187 4432 ὡς
2216 4367 2519 4440 παχύτερος
2540 4411 2553 4434 ,
2581 4374 2697 4435 τοῖς
2733 4372 2920 4442 πόροις
2950 4370 3045 4423 τοῦ
3090 4369 3489 4441 ὑποδεξαμένου
3515 4373 3701 4441 ἐνέχε-

2109 4477 2199 4514 ται
2224 4474 2238 4490 °
2279 4460 2342 4513 τὸ
2391 4461 2449 4515 δὲ
2479 4461 2556 4526 ὡς
2600 4462 2920 4533 λεπτότερον
2976 4462 3070 4515 καὶ
3104 4461 3552 4545 διαφανέστερον,
3587 4463 3701 4516 τῶν

2111 4552 2295 4622 πόρων
2339 4552 2708 4625 διεκμύςεται.
2746 4555 2820 4609 Τὸ
2859 4555 2904 4608 δ’
2936 4554 3068 4608 αὐτὸ
3116 4555 3463 4612 ἀποδείκνυσι
3503 4556 3597 4611 καὶ
3637 4556 3698 4610 τὺ

2107 4643 2390 4714 ὑδρέλαιον
2419 4647 2532 4709 τοῖς
2554 4646 2862 4718 εἰρημένοις
2885 4647 3236 4718 ἐπιχεόμενον
3261 4665 3275 4679 ·
3311 4647 3406 4702 τοῦ
3445 4649 3542 4719 μὲν
3577 4649 3699 4702 πίο-

2107 4753 2196 4801 νος
2241 4737 2336 4791 καὶ
2386 4739 2694 4810 παχυτέρου
2723 4741 3084 4812 ἐμμένοντος,
3133 4742 3228 4795 τοῦ
3262 4744 3318 4797 δὲ
3365 4743 3694 4816 λεπτοτέρου

2106 4829 2383 4901 διήκοντος
2416 4833 2510 4886 καὶ
2537 4834 2945 4904 ἐκκρινομένου.

2692 4927 2941 4981 ΠΕΥΣΙΣ
2984 4929 3109 4982 OII'.

2177 5019 2286 5071 Καὶ
2317 5019 2365 5071 εἰ
2394 5017 2564 5082 οὓτως
2592 5019 2730 5083 ἐστὶ,
2765 5018 2853 5072 διά
2873 5020 2926 5072 τί
2951 5019 3025 5090 μὴ
3053 5019 3228 5090 πάντη
3261 5020 3323 5073 τδ
3372 5021 3518 5092 ὓδωρ
3565 5022 3695 5075 ἀνα-

2105 5107 2302 5161 δίδοται
2328 5109 2428 5179 τῆς
2455 5109 2712 5177 ἀϐύσσου,
2741 5111 2878 5164 άλλά
2904 5112 3113 5185 φρέατα
3138 5112 3482 5181 ὀρύσσοντες,
3511 5115 3572 5167 οὐ
3602 5115 3694 5168 τὸν

2103 5193 2332 5263 τυχόντα
2367 5196 2660 5269 εἰσάγομεν
2687 5198 2933 5270 κάματον
2955 5241 2970 5266 ,
3009 5199 3267 5264 πολλάκις
3314 5202 3408 5254 καὶ
3460 5204 3555 5256 ἐπὶ
3605 5205 3694 5256 τὸν

2103 5284 2374 5338 οἴκτιστον
2410 5288 2742 5358 ἐπαγόμενοι
2772 5290 3000 5345 θάνατον
3024 5333 3038 5358 ,
3099 5293 3530 5362 ἐπιχωννύμενοι
3581 5300 3692 5359 τοῖς

2103 5375 2409 5446 ὀρύγμασιν
2433 5395 2446 5443 ;

2718 5473 3078 5540 Ἀπόκρισις.

2179 5559 2284 5613 Καὶ
2321 5562 2461 5631 μάλα
2492 5566 2709 5629 εἰκότως
2743 5567 2804 5619 ἐκ
2838 5565 2945 5621 τῶν
2985 5566 3235 5638 φρεάτων
3265 5565 3379 5622 ἔστι
3407 5572 3692 5644 τεκμῂρα-
