4048 6222
296 325 431 402 sta

299 462 446 528 σθαι,
482 461 582 530 τῆς
609 461 847 517 ἀϐύσσου
879 462 1144 536 ὑπάρχειν
1176 465 1243 521 τά
1277 466 1513 538 κρηναῖα
1551 465 1719 522 ὕδατα
1747 507 1763 534 ,
1796 465 1885 520 διά

299 553 760 625 σομφωδεστέρων
782 555 1023 625 λαγόνων
1051 559 1150 629 τῆς
1174 557 1373 630 χέρσου
1395 558 1779 627 ἀναδιδόμενα.
1799 558 1882 613 τά

299 642 409 714 γάρ
437 642 626 715 μακρά
661 643 727 696 έκ
752 644 852 714 τῆς
893 644 1132 700 ἀϐύσσου
1168 647 1358 701 ἀνόδου
1401 647 1883 720 διασκολιευόμενα

298 734 409 787 τῶν
428 735 632 807 πόρων,
658 734 755 807 τὴν
783 736 1004 808 πικρίαν
1030 737 1341 802 ἀποζέεται,
1362 738 1456 792 καὶΙ
1478 738 1578 809 τὴν
1606 738 1884 810 ἁλμυρίδα

291 824 667 895 ἀποτιθέμενα
708 823 1077 894 γλυκαίνεται.
1122 826 1197 881 Τὸ
1226 827 1284 882 δὲ
1316 829 1628 899 φρεατιαῖον
1657 828 1882 894 εἰκότως

295 916 619 989 βαρύτερον,
652 917 749 972 καὶ
785 916 1036 988 εναλμον.
1068 919 1162 973 καὶ
1190 918 1454 975 δύσποτον
1484 920 1756 992 ὑπάρχει,
1791 920 1881 976 διά

290 1006 358 1061 τὸ
386 1007 706 1078 πλησιάζειν
737 1010 803 1080 τῇ
842 1007 1066 1081 ἀϐύσσῳ
1095 1009 1188 1064 τὸν
1232 1007 1488 1080 πυθμένα
1510 1049 1527 1073 ,
1559 1010 1655 1065 καὶ
1685 1009 1889 1081 ὥσπερ

293 1098 457 1154 κάδον
476 1098 598 1154 τινὰ
625 1099 658 1171 ἢ
685 1098 840 1156 πῖθον
866 1100 1221 1172 ὲπινήχεσθαι
1244 1103 1311 1172 τῇ
1346 1099 1569 1173 ἀϐύσσῳ
1587 1141 1603 1166 ,
1636 1100 1730 1156 τὸν
1756 1100 1879 1156 ὅθεν

290 1188 391 1243 καὶ
412 1190 481 1259 τῇ
510 1186 784 1261 έγγυτέρᾳ
809 1187 981 1260 ἀνόδῳ
1034 1188 1130 1244 καὶ
1175 1189 1563 1262 συντομωτέρα
1610 1191 1877 1263 ἑκφανείᾳ

292 1278 375 1351 μὴ
401 1277 660 1333 δύνασθαι
696 1279 798 1350 τὴν
836 1277 1127 1333 θαλαττίαν
1154 1279 1358 1352 πικρὰν
1386 1279 1659 1350 ἁλμυρίδα
1678 1320 1694 1346 ,
1740 1280 1878 1334 ἀλλά

294 1370 480 1441 μέσως
507 1370 615 1423 πᾶν
643 1367 808 1440 ἔχειν,
835 1368 931 1425 τοῦ
963 1368 1063 1440 μὲν
1098 1368 1357 1441 κρηναίου
1394 1369 1709 1445 βαρυτέρως
1729 1411 1744 1436 ,
1778 1369 1874 1425 τοῦ

287 1461 351 1517 δὲ
379 1461 665 1518 θαλαττίου
708 1460 1068 1534 κουφοτέρως.

878 1574 1128 1629 ΠΕΥΣΙΣ
1165 1573 1284 1629 06⁸.

362 1684 487 1748 Πῶς
515 1684 805 1753 ἀνάγωσιν
830 1687 885 1740 αἱ
908 1684 1125 1756 νεφέλαι
1142 1684 1203 1739 τὸ
1231 1656 1520 1740 θαλάσσιον
1545 1683 1691 1757 ὕδωρ
1714 1702 1729 1751 ;
1754 1683 1876 1749 πῶς

284 1776 346 1830 δὲ
369 1775 698 1849 ἀναληφθὲν.
725 1776 826 1831 οὐκ
856 1776 1018 1841 εὐθὺς
1048 1778 1355 1849 έπιχεῖταις
1396 1777 1512 1842 πῶς
1547 1776 1641 1831 καὶ
1669 1777 1728 1830 ὲν
1760 1773 1873 1829 τίσι

288 1869 391 1940 μὲν
420 1871 604 1935 τόποις
625 1869 832 1943 βρέχει,
860 1870 919 1924 έν
951 1869 1061 1923 τίσι
1089 1870 1149 1926 οὑ
1173 1869 1358 1943 βρέχει
1381 1885 1397 1935 ;

899 2066 1261 2137 Ἀπόκρισις.

358 2161 624 2215 Ἄκουσον
656 2157 751 2212 τοῦ
781 2157 945 2212 Δαϐὶδ
973 2158 1103 2231 περὶ
1127 2156 1263 2211 Θεοῦ
1289 2155 1654 2230 μελῳδοῦντος
1674 2173 1687 2183 '
1713 2160 1868 2212 Συν-

281 2252 448 2322 drum
472 2249 616 2306 ὡσεί
645 2248 841 2304 ἀσκὸν
879 2247 1068 2304 ὕδατα
1091 2246 1442 2319 θαλάσσης·
1471 2247 1661 2321 ἑτέρου
1693 2248 1750 2302 δὲ
1780 2247 1872 2301 λέ-

282 2360 472 2413 γοντος
491 2360 506 2374 ο
539 2341 855 2412 Δεσμεύων
882 2340 995 2411 (3i)
1035 2338 1195 2409 ὕδωρ
1233 2339 1305 2394 ἐν
1343 2340 1625 2409 νεφέλαις
1655 2340 1864 2409 ἀέρων.

282 2438 401 2509 Πρὸ
432 2435 636 2492 τούτοιν
662 2434 721 2489 δὲ
770 2432 913 2500 Ἰὼϐ,
940 2433 969 2486 ὑ
997 2432 1108 2486 τῶν
1149 2428 1291 2487 κατά
1316 2431 1448 2485 Θεὸν
1479 2430 1707 2499 ἀγώνων
1737 2431 1871 2485 καθα

283 2530 519 2602 ηγητὴς,
540 2525 749 2600 πύργος
770 2526 864 2580 καὶ
880 2523 1163 2596 πρόϐολος,
1190 2522 1355 2594 φησί’
1374 2523 1485 2577 Καὶ
1514 2524 1627 2577 οὐκ
1648 2521 1867 2592 ἐρῤἁγη

281 2620 471 2692 νέξ-θος
520 2620 800 2676 ὑποκάτω
829 2616 1038 2680 αὑτοῦ.
1068 2614 1162 2669 τοῦ
1193 2614 1384 2678 ὕδατος
1419 2614 1681 2686 δηλονότι.
1711 2611 1869 2667 Νοεί-

282 2712 399 2767 σθω
428 2712 486 2766 δὲ
509 2712 604 2767 καὶ
634 2709 764 2783 περὶ
788 2710 886 2781 τῇς
907 2706 1228 2777 θεανδρικῆς
1253 2704 1347 2760 τοῦ
1368 2707 1622 2778 Σωτῆρος
1654 2703 1860 2776 ἀναλή-

279 2802 451 2873 ψεως.
479 2801 692 2872 Νεφέλη
725 2798 834 2870 γάρ
855 2796 1030 2869 ὑπέϐη
1054 2799 1167 2861 τοῖς
1196 2796 1352 2850 ποσὶν
1382 2794 1569 2857 αὑτοῦ,
1591 2794 1655 2848 ού
1678 2810 1866 2864 συνερ-

281 2893 460 2964 γοῦσα
492 2892 626 2964 πρὸς
657 2891 754 2965 τὴν
780 2890 986 2956 ἀνοδον,
1015 2887 1151 2943 ἀλλά
1177 2886 1433 2941 δεικνῦσα
1459 2886 1664 2940 ἐκεῖνον
1689 2885 1866 2959 ὑπάρ-

284 3004 427 3058 χειν,
453 2986 544 3040 τὸν
568 2986 658 3041 διά
682 2984 945 3048 λαίλαπος
971 2983 1066 3036 καὶ
1083 2980 1261 3051 νεφῶν
1291 2979 1460 3034 πάλαι
1487 2978 1587 3051 μὲν
1615 2977 1693 3049 τῷ
1723 2976 1869 3042 Ἰὼϐ,

284 3081 410 3153 μετ’
428 3079 586 3133 αὑτὸν
686 3076 765 3149 τῷ
811 3076 1001 3132 Μωσεϊ
1023 3072 1392 3145 φθεγγόμενον
1415 3087 1430 3104 ο
1475 3068 1868 3142 πληρουμένων

278 3171 341 3227 δὲ
361 3170 473 3225 τῶν
499 3168 697 3241 νεφῶν,
746 3167 909 3222 οίονεὶ
951 3165 1136 3222 ἀσκῶν
1173 3163 1207 3236 ἢ
1253 3162 1503 3235 σιφώνων
1529 3162 1714 3228 τινῶν,
1745 3162 1868 3216 ἀντὶ

279 3260 484 3335 δεσμοῦ
533 3261 567 3332 ἢ
615 3247 902 3327 δακτύλου,
936 3258 971 3332 ἢ
1026 3256 1121 3314 τοῦ
1159 3254 1501 3320 ἑκθλίϐοντος
1544 3253 1765 3326 πιεσμῷ
1805 3254 1869 3310 τὸ

283 3354 430 3425 ὕδωρ
478 3352 573 3407 τοῦ
630 3351 883 3421 σίφωνος,
916 3350 977 3405 τὸ
1008 3348 1149 3404 θεῖον
1176 3348 1358 3411 αὑτοῖς
1403 3346 1677 3400 ἐπίκειται
1696 3345 1867 3417 πρόσ-

281 3461 489 3515 ταγμα,
513 3460 585 3496 κα
596 3440 656 3494 εά
687 3441 784 3513 τὴν
804 3440 988 3495 εἰκόνα
1004 3439 1112 3494 τῶν
1142 3440 1238 3493 νῦν
1267 3437 1545 3510 ἐμπόρων,
1568 3435 1867 3491 καθιέντων

279 3535 385 3606 μὲν
414 3534 571 3597 ὡςέν
619 3531 765 3605 βυθῷ
791 3530 868 3602 τῷ
906 3531 1089 3586 σκεύει
1118 3530 1210 3584 τὸν
1250 3528 1478 3598 σίφωνα,
1513 3527 1608 3581 καὶ
1646 3525 1869 3599 πληρω-

276 3621 467 3685 θέντα,
492 3620 586 3675 ἐπὶ
604 3622 670 3692 τῇ
701 3620 969 3676 ἀντιθέσει
989 3618 1083 3674 τοῦ
1104 3617 1411 3690 ἀντιχείρου
1427 3615 1748 3685 ἀνάγεσθαι,
1770 3616 1867 3670 καὶ

272 3711 371 3768 sta
426 3712 611 3783 πάσης
665 3711 764 3781 τῆς
815 3710 994 3775 οἰκίας
1036 3710 1112 3774 ὼς
1142 3709 1232 3764 διά
1272 3708 1480 3781 κόσμου
1505 3709 1604 3772 τὰς
1635 3706 1866 3780 νεφέλας

276 3804 516 3877 πλήρεις
546 3801 829 3876 φέρεσθαι,
878 3800 1338 3874 ὲξοικονομεῖσθαι
1364 3800 1422 3855 δὲ
1448 3800 1511 3855 τὸ
1553 3800 1865 3872 ἀναληφθὲν

273 3894 422 3967 πρὸς
444 3893 509 3949 τὸ
533 3893 721 3949 δοκοῦν
741 3892 820 3965 τῷ
838 3893 1187 3967 ἀρυσαμένῳ,
1213 3895 1279 3965 τῇ
1299 3892 1565 3966 ἐπαγωγῇ
1603 3894 1697 3948 καὶ
1723 3893 1865 3948 ἀπο-

274 3985 433 4043 θέσει
451 3985 544 4043 τοῦ
559 3985 847 4041 δακτύλου.

1106 4099 1145 4152 Σ
1176 4101 1258 4154 II'.

350 4193 584 4250 Πάντων
600 4100 1277 4266 περιεκομίιὲξῖ
1298 4188 1514 4262 πρώην,
1535 4189 1629 4245 καὶ
1639 4187 1867 4260 ἀϐύσσῳ

276 4284 730 4357 καλυπτομένων.
782 4283 903 4349 πῶς
930 4282 1168 4354 συνήχθη
1210 4282 1304 4338 καὶ
1346 4283 1746 4356 συνεχώρησεν,
1771 4280 1869 4337 τοῦ

275 4376 420 4436 Θεοῦ
447 4378 713 4442 είιτόντος,
741 4375 1104 4445 Συναχθήτω
1123 4375 1188 4429 τὸ
1213 4372 1371 4445 ὕδωρ
1395 4375 1484 4442 εις
1504 4375 1871 4447 συναγωγὴν

276 4466 451 4537 μίαν»
471 4465 571 4521 καὶ
586 4464 823 4536 ἀρθήτω
839 4464 875 4532 ἡ
914 4463 1068 4533 ξηρά
1086 4480 1105 4528 ;

908 4554 1264 4623 Ἀπόκρισις.

366 4649 435 4702 ἰι
460 4647 556 4703 τοῦ
585 4648 783 4713 παντὸς
806 4646 1072 4719 δραστικὴ
1103 4645 1225 4701 θεία
1245 4644 1497 4719 δύναμις,
1536 4650 1627 4705 ὅτε
1658 4651 1866 4706 συνεῖδε

282 4741 424 4814 πρδς
475 4740 604 4813 μίαν
643 4741 965 4813 συναγωγὴν
1012 4737 1378 4811 ἀποκριθῆναι
1408 4740 1472 4794 τὸ
1502 4740 1670 4816 ὕδωρ.
1707 4739 1866 4808 αὖθις

282 4830 462 4889 καὶτὸ
482 4830 674 4901 μέλλον
719 4830 852 4884 αὐτὸ
897 4829 1257 4901 ὑποδέχεσθαι
1291 4829 1491 4903 χωρίον
1516 4834 1861 4904 παρήγαγεν.

280 4919 423 4976 Οὐδὲ
445 4920 555 4991 γάρ
584 4915 653 4991 ἦν
681 4922 715 4991 ἡ
746 4919 853 4985 ἔξω
886 4920 1154 4992 Γαδείρων
1178 4920 1437 4985 θάλαττα,
1468 4920 1594 4975 οὐδὲ
1623 4923 1686 4977 τὸ
1721 4922 1867 4995 μέγα

281 5011 382 5066 καὶ
427 5010 730 5083 ἀτόλμητον
775 5012 1056 5084 πλωτῆρσι
1086 5013 1340 5082 πέλαγος,
1374 5012 1438 5068 τὸ
1460 5013 1561 5085 τὴν
1582 5015 1866 5087 Βρεττανιο

283 5102 392 5173 κὴν
420 5102 585 5174 νῆσον
610 5104 707 5159 καὶ
732 5105 859 5167 τοὺς
892 5105 1209 5177 Ἐσπερίους
1230 5104 1459 5177 Ἴϐηρας
1494 5109 1859 5181 περιπτυσσόο

285 5209 479 5263 μενονσ
510 5194 645 5249 ἀλλά
682 5196 805 5251 τότε
828 5195 929 5268 τῆς
958 5196 1140 5269 χώρας
1195 5196 1275 5268 τῷ
1309 5195 1441 5267 θείῳ
1479 5198 1862 5270 προστάγματι

280 5284 805 5359 ὃημιουργηθείσης,
834 5289 930 5359 ἐπ’,
951 5289 1122 5361 αὐτὴν
1160 5287 1416 5360 συνεδόθη
1436 5287 1546 5343 τῶν
1563 5288 1772 5345 ὑδάτων
1795 5291 1863 5345 τά

283 5375 490 5450 πλήθη.

1742 344 2087 404 DIALOGUS
2108 390 2111 393 .
2130 344 2168 400 l.

3459 338 3575 395 938

1994 480 2094 521 nas
2122 476 2295 534 aquas
2328 477 2396 519 ex
2436 461 2636 534 abysso
2664 444 2788 517 esse
2820 473 2914 530 per
2950 458 3187 513 laxiores
3217 458 3370 513 sinus
3401 466 3579 512 terra

1986 554 2251 611 redditas.
2288 551 2426 607 Nam
2458 551 2649 623 procul
2681 567 2749 606 ex
2783 550 2986 623 abysso
3020 549 3336 613 tendentes,
3366 557 3420 604 et
3447 558 3563 605 tor-

1987 654 2146 700 tuose
2186 658 2286 715 per
2320 649 2538 699 meatus
2580 652 2866 699 manantes
2887 682 2903 708 ,
2936 640 3158 696 fervidae
3187 640 3344 697 factae
3368 646 3564 701 amari-

1985 729 2228 785 tudinem
2255 729 2546 791 amittunt,
2576 739 2629 784 et
2653 729 2990 800 salsuginem
3018 729 3351 799 deponentes
3373 730 3562 789 dulce-

1982 829 2165 878 scunt.
2196 819 2370 876 Porro
2398 821 2634 892 putealis
2658 863 2672 886 ,
2706 831 2765 876 ut
2794 837 2893 893 par
2922 830 3008 877 est
3030 864 3044 885 ,
3076 822 3298 893 gravior
3328 831 3383 878 et
3427 825 3557 881 sub-

1982 913 2159 975 salsa,
2201 920 2257 968 et
2284 927 2480 982 parum
2515 911 2768 983 potabilis
2796 920 2881 968 est
2901 953 2916 977 ,
2947 921 3234 984 propterea
3260 913 3405 983 quod
3438 915 3561 970 l'uu’

1982 1005 2115 1062 dum
2141 1005 2344 1078 abysso
2374 1005 2743 1075 propinquum
2776 1005 2973 1070 habet,
3007 1014 3061 1060 et
3096 1016 3352 1077 tanquam
3391 1007 3589 1064 cadus—

1979 1107 2075 1154 sut
2103 1096 2307 1152 dolium
2331 1096 2547 1151 innatat
2578 1098 2798 1168 abysso.
2827 1096 2946 1162 Quo
2977 1096 3067 1164 Ωιι,
3102 1105 3161 1152 ut
3186 1106 3408 1169 propter
3436 1115 3562 1171 pro-

1980 1189 2322 1261 pinquiorem
2353 1203 2642 1245 ascensum
2677 1198 2732 1245 et
2780 1190 3089 1245 breviorem
3127 1189 3366 1255 exitum,
3408 1207 3560 1246 ama.

1980 1296 2097 1335 ram
2125 1295 2281 1353 aqua:
2308 1280 2538 1335 marinae
2561 1280 2894 1351 salsuginem
2920 1294 3141 1351 aequare
3167 1289 3430 1352 nequeat,
3461 1281 3579 1338 sed.

1976 1374 2161 1430 medio
2213 1372 2454 1445 quodam
2493 1371 2656 1427 modo
2700 1370 2889 1426 atl'eota
2932 1372 3290 1445 sit,-gravior
3335 1374 3554 1445 quidem

1977 1481 2144 1537 quam
2180 1466 2404 1523 fontana
2423 1505 2437 1530 ,
2467 1464 2682 1519 marina
2712 1464 2901 1519 levior.

2374 1572 2893 1630 INTERROGATIO
2929 1573 3163 1631 LXXIX.

2070 1690 2359 1758 Quomodo
2424 1689 2609 1746 ferunt
2676 1689 2731 1747 in
2777 1690 3019 1748 sublime
3064 1692 3238 1749 nubes
3290 1695 3579 1749 marinam

1978 1784 2216 1856 aquam?
2255 1795 2351 1842 aut
2386 1788 2660 1856 quomodo
2689 1788 2905 1844 sublata
2939 1803 3050 1843 non
3100 1802 3226 1842 mox
3261 1786 3559 1844 eiunditur

1979 1876 2035 1932 in
2063 1878 2307 1933 terram?
2338 1880 2614 1949 quomodo
2646 1880 2776 1935 item
2805 1879 2861 1935 in
2889 1878 3218 1951 quibusdam
3242 1879 3378 1936 locis
3398 1880 3557 1951 pluit,

1979 1968 2039 2026 in
2068 1970 2394 2041 quibusdam
2434 1987 2545 2027 non
2571 1971 2749 2042 pluit?

2611 2061 2923 2131 Responsio.

2043 2157 2188 2212 Audi
2214 2156 2285 2213 de
2317 2155 2431 2213 Deo
2462 2166 2750 2215 canentem
2784 2158 3041 2214 Davidem
3081 2177 3095 2214 :
3137 2158 3242 2226 ριί
3281 2167 3567 2231 congregat

1972 2247 2127 2319 quasi
2159 2257 2330 2304 utrem
2351 2266 2519 2321 aquas
2556 2252 2723 2307 maris
2746 2252 2830 2321 '7;
2874 2250 3040 2306 alium
3069 2251 3199 2307 item
3228 2250 3504 2308 dicentem
3540 2272 3556 2309 :

1974 2345 2081 2413 Qui
2105 2347 2234 2419 ligat
2255 2366 2448 2420 aquam
2477 2350 2533 2405 in
2557 2352 2698 2406 aeris
2731 2348 2957 2405 nubibus
2973 2349 3041 2407 ³⁸.
3070 2348 3211 2405 Ante
3243 2348 3344 2403 hos
3365 2354 3553 2401 autem

1969 2435 2143 2494 Jobus
2178 2441 2543 2497 certaminum
2593 2442 2913 2498 divinorum
2964 2439 3245 2509 magister,
3292 2436 3461 2493 turris
3502 2442 3557 2491 et

1972 2531 2466 2601 propugnaculum,
2499 2533 2680 2603 inquit
2715 2552 2730 2588 :
2756 2536 2829 2587 Et
2855 2548 2960 2586 non
2984 2540 3062 2586 est
3094 2540 3252 2598 rupta
3274 2527 3433 2583 nubes
3458 2526 3563 2582 sub

1972 2620 2167 2690 ipsa”,
2201 2622 2414 2678 scilicet
2439 2638 2604 2694 aqua.
2637 2622 2978 2695 lutelligatur
3005 2629 3186 2677 autem
3217 2619 3358 2675 idem
3387 2618 3554 2675 etiam

1970 2711 2040 2769 de
2070 2711 2343 2770 deiﬁcatte
2382 2714 2744 2771 humanitatis
2795 2713 3108 2770 Servatoris
3157 2710 3553 2781 assumptione.

1969 2801 2153 2860 Nubes
2203 2804 2349 2860 enim
2397 2805 2570 2863 subiit
2600 2806 2706 2862 sub
2752 2804 2920 2876 pedes
2963 2804 3104 2874 ejus,
3137 2818 3246 2858 non
3285 2801 3557 2872 adjuvans

1971 2894 2370 2961 ascensionem,
2398 2895 2494 2952 sed
2522 2903 2582 2952 ut
2607 2896 2989 2953 ostenderetur
3016 2896 3170 2951 illum
3196 2910 3318 2951 esse
3340 2896 3432 2965 qui
3458 2908 3559 2964 per

1970 2985 2247 3042 turbinem
2278 2993 2336 3042 et
2378 2986 2554 3044 nubes
2584 2988 2715 3043 olim
2750 2987 2974 3059 quidem
3022 2986 3090 3042 ad
3138 2984 3335 3041 Jobum
3362 3028 3378 3053 ,
3429 2993 3556 3057 post

1970 3076 2149 3149 ipsum
2185 3094 2314 3135 vero
2352 3077 2422 3133 ad
2468 3079 2670 3136 Mosen]
2698 3079 2919 3137 locutus
2947 3085 3117 3143 esset,
3154 3077 3394 3149 impletis
3426 3090 3564 3131 vero

1969 3170 2213 3228 nubibus
2234 3170 2384 3227 velut
2410 3170 2628 3228 utribus
2657 3179 2755 3226 aut
2785 3170 3132 3243 siphonibus,
3172 3169 3293 3225 loco
3326 3167 3566 3233 vinculi,

1972 3269 2070 3316 aut
2099 3259 2278 3333 digiti,
2303 3271 2398 3315 aut
2421 3260 2671 3332 siphonis
2697 3259 2998 3331 premendo
3024 3257 3311 3314 retinentis
3331 3271 3553 3327 aquam.

1965 3353 2212 3410 divinum
2240 3352 2377 3423 ipsis
2407 3352 2673 3409 incumbit
2702 3352 3044 3417 mandatum,
3076 3351 3300 3422 perinde
3323 3365 3387 3404 ac
3411 3364 3553 3404 mer-

1966 3452 2184 3501 catores
2216 3444 2394 3500 facere
2426 3444 2627 3508 solent,
2658 3457 2782 3498 cum
2807 3442 3105 3497 demittunt
3133 3441 3187 3495 in
3216 3439 3547 3511 profundum

1965 3549 2065 3590 vas
2111 3533 2422 3604 siphonem,
2449 3548 2625 3603 eoque
2659 3532 2904 3602 impleto,
2939 3531 3194 3601 opposito
3222 3529 3421 3598 pollice
3459 3544 3548 3584 re-

1966 3624 2212 3689 ducunt,
2258 3631 2313 3680 et
2340 3640 2436 3696 per
2470 3633 2640 3680 totam
2687 3624 2912 3679 domum
2941 3622 3101 3697 quasi
3144 3637 3238 3692 per
3280 3620 3546 3676 mundum

1968 3715 2150 3774 ferunt
2180 3716 2370 3788 plenas
2393 3716 2550 3787 quasi
2581 3715 2777 3779 nubes,
2801 3723 2857 3770 et
2885 3714 3120 3770 refertur
3143 3714 3199 3769 in
3251 3728 3386 3769 usus
3406 3726 3550 3784 aqua

1969 3818 2206 3879 sumpta,
2231 3816 2392 3879 prout
2422 3808 2600 3863 visum
2632 3805 2795 3861 fuerit
2828 3805 2877 3861 ei
2913 3805 3009 3877 qui
3039 3804 3244 3870 hausit,
3272 3803 3435 3874 idque
3457 3819 3551 3875 per

1969 3898 2375 3971 impositionem
2405 3905 2460 3955 et
2485 3896 2919 3954 subtractionem
2951 3894 3131 3967 digiti.

2376 4098 2905 4158 NTERROGATIO
2936 4096 3152 4155 LXXX.

2061 4192 2200 4249 Cum
2248 4186 2433 4249 omnia
2484 4192 2720 4264 primum
2786 4191 3201 4247 continerentur
3265 4202 3445 4258 aqua,
3492 4194 3548 4242 et

1973 4282 2173 4355 abysso
2204 4288 2541 4354 tegerentur,
2572 4280 2665 4337 ubi
2693 4287 3022 4351 congregata
3052 4286 3158 4344 cst,
3188 4287 3242 4334 et
3276 4291 3386 4349 quo
3415 4291 3552 4333 con-

1969 4373 2161 4437 cessit,
2193 4374 2411 4429 dicente
2452 4371 2583 4439 Deo,
2615 4370 2972 4443 Congregetur
3003 4387 3144 4441 aqua
3176 4372 3233 4425 in
3261 4385 3548 4441 congrega-

1968 4465 2162 4520 tionem
2190 4480 2372 4529 unam,
2394 4472 2446 4519 et
2472 4471 2726 4532 appareat
2757 4460 2915 4517 arida
2938 4462 3023 4533 θοι

2601 4550 2909 4622 Responsio.

2041 4644 2299 4704 Universi
2333 4643 2576 4701 effectrix
2624 4643 2716 4699 illa
2745 4644 2929 4699 divina
2964 4644 3046 4701 vis
3083 4642 3306 4715 quando
3333 4642 3544 4697 consti-

1966 4740 2070 4795 tuit
2097 4753 2295 4810 aquam
2325 4754 2615 4796 secernere
2658 4739 2726 4794 ad
2756 4740 3233 4811 congregationem
3277 4745 3331 4795 et
3362 4739 3541 4795 locum

1966 4847 2156 4897 unum,
2192 4846 2317 4886 mox
2368 4838 2424 4888 et
2473 4830 2650 4886 locum
2687 4830 2861 4900 ipsam
2892 4836 3237 4900 recepturum
3277 4829 3541 4886 condidit.

1964 4922 2215 4979 Nondum
2241 4923 2387 4978 enim
2412 4934 2532 4979 erat
2561 4923 2692 4979 illud
2725 4930 2879 4978 extra
2920 4921 3120 4976 Gadira
3154 4923 3322 4978 situm
3369 4938 3540 4988 mare,

1965 5030 2144 5087 neque
2176 5030 2431 5085 maguum
2481 5014 2614 5070 illud
2649 5015 2795 5087 quod
2840 5013 3137 5070 exhorrent
3186 5024 3366 5071 nauta;
3396 5015 3544 5084 pela-

1964 5123 2099 5178 gus,
2136 5107 2281 5177 quod
2314 5105 2682 5162 Britannicam
2724 5107 2962 5162 insulam
3003 5115 3058 5162 et
3096 5104 3394 5178 Hesperios
3427 5106 3543 5163 Ibe-

1964 5215 2057 5255 ras
2086 5197 2296 5262 ambit,
2350 5197 2444 5253 sed
2486 5196 2704 5254 condita
2735 5206 2863 5253 tunc
2892 5197 3079 5253 divino
3108 5199 3367 5254 mandato
3394 5206 3541 5254 certa

1966 5289 2207 5361 regione,
2237 5287 2302 5344 ad
2334 5289 2508 5360 ipsam
2533 5289 2696 5344 simul
2717 5303 2981 5360 aquarum
3004 5290 3382 5347 multitudines
3409 5303 3541 5345 con-

1963 5381 2258 5437 ﬂuxerunt.

355 5512 404 5548 "
440 5512 586 5572 Psal.
615 5531 787 5584 χχχιι,
831 5517 885 5573 7.
957 5518 1002 5552 ³³
1038 5516 1141 5575 Job
1178 5533 1324 5583 sxw,
1357 5516 1411 5573 8.
1487 5517 1533 5550 ”
1568 5516 1672 5574 Job
1716 5516 1942 5586 xxvt,8,
1976 5530 2088 5573 sec.
2122 5511 2285 5568 LXX.
2362 5511 2407 5545 “
2445 5510 2580 5568 Gen.
2612 5529 2651 5582 ι,
2685 5512 2739 5570 9.

357 5668 826 5743 (3|)Aeapei5wr,
847 5693 901 5731 κ.
937 5694 984 5730 τ.
1009 5678 1057 5729 λ.
1095 5675 1250 5731 llunc
1282 5685 1336 5732 et
1373 5691 1500 5730 mox
1532 5684 1847 5744 sequentem

283 5737 493 5817 locum,
530 5737 786 5817 tanquam
813 5737 1127 5817 exiduobus
1156 5746 1334 5803 sacris
1370 5737 1734 5817 scriptoribus
1756 5746 1850 5801 de-

289 5807 582 5881 scriptum,
637 5807 829 5873 recitat
868 5816 1175 5886 Caesarius;
1230 5831 1355 5873 cum
1398 5807 1579 5875 tamen
1625 5826 1851 5888 uterque

1954 5680 2210 5729 occurrat
2233 5670 2338 5742 Job
2356 5688 2501 5736 aut,
2529 5673 2584 5735 8.
2614 5673 2771 5742 juxta
2804 5671 2970 5736 LXX,
3009 5674 3099 5729 ubi
3140 5674 3221 5730 sic
3257 5671 3488 5742 legimus
3521 5693 3535 5729 :

1955 5742 2243 5817 Δεσμεύων
2277 5741 2421 5817 ὕδωρ
2456 5745 2515 5797 ὲν
2538 5741 2792 5817 νεφέλαις
2828 5742 3016 5811 αὑτοῦ,
3056 5745 3149 5801 καὶ
3172 5744 3272 5799 οὐκ
3318 5741 3533 5817 {Adin

1959 5813 2117 5884 νέφος
2146 5813 2496 5870 ὑποκάτωθεν
2519 5813 2703 5871 αὑτοῦ.
