4048 6222
474 313 576 368 94³7

861 430 1378 491 ΙΝΤΕΒΒΟΟΑΤΙΟ
1423 434 1661 492 LXXXI.
1683 476 1693 486 .

549 521 716 580 Estne
750 540 918 580 unum
951 542 1103 582 mare
1139 528 1254 584 sive
1285 529 1656 601 congregatio,
1683 530 1767 586 vel
1796 531 2014 586 multae?

1110 615 1415 685 Responsio.

549 703 665 759 Una
702 707 916 776 quidem
945 717 1029 763 est
1055 710 1404 780 congregatio
1435 711 1602 766 totius
1630 711 1904 778 elementi,
1933 711 2052 781 plu-

470 813 564 852 res
594 814 724 852 vero
745 808 928 868 partes
958 801 1410 871 principaliores;
1470 817 1592 856 nam
1627 811 1815 874 stagna
1841 818 1962 872 qua:
1984 803 2050 857 ad

475 889 722 955 Arctum,
745 897 799 943 et
830 905 1167 962 quaecunque
1194 892 1262 946 ad
1283 891 1506 948 Grreciae
1531 903 1849 963 spectantur
1879 909 2047 962 mare,

475 994 706 1049 quaeque
741 979 1109 1037 Macedoniam
1143 992 1197 1038 et
1242 984 1549 1057 Bithyniam
1597 994 1652 1041 et
1706 985 2049 1041 Palaestinam

475 1071 746 1137 obtinent,
776 1075 1224 1144 congregationes
1271 1078 1460 1146 utique
1497 1085 1647 1141 sunt,
1683 1092 1821 1148 quas
1866 1079 2053 1132 multi-

477 1161 722 1215 tudinem
768 1177 922 1233 aqua:
975 1166 1174 1221 habere
1223 1167 1409 1222 nullus
1457 1167 1898 1222 contradixerit:
1944 1183 2049 1222 non

477 1262 660 1307 tamen
690 1254 907 1324 proprie
935 1256 1103 1308 maria
1147 1272 1269 1313 esse
1309 1255 1572 1322 dicimus,
1608 1259 1736 1314 licet
1765 1273 2050 1330 propemo-

472 1345 606 1400 dum
633 1360 755 1399 cum
787 1346 923 1401 mari
953 1347 1024 1402 ob
1051 1350 1468 1406 amaritudinem
1496 1357 1550 1404 et
1585 1350 1913 1420 salsuginem
1950 1351 2050 1404 mi-

473 1447 574 1494 stm
620 1438 750 1501 sint,
798 1439 976 1509 qualis
1008 1448 1090 1494 est
1121 1441 1452 1510 Aspltaltites
1479 1441 1631 1497 lacus
1666 1441 1718 1496 itt
1749 1440 1958 1506 Judaea,
1999 1454 2052 1498 et

475 1528 795 1585 Serbonites
825 1531 963 1586 inter
993 1529 1285 1602 {Egyptum
1317 1539 1372 1587 et
1402 1530 1751 1588 Palmstinam
1780 1533 1846 1586 ad
1870 1535 2052 1589 deser-

475 1631 590 1676 tum
639 1622 933 1677 Arabicum
985 1635 1278 1690 extensus,
1331 1625 1568 1695 itemque
1621 1624 1944 1696 Hyrcaniam
1998 1637 2050 1682 et

475 1712 760 1784 Caspiam;
788 1724 842 1768 et
873 1714 1120 1770 videmus
1149 1732 1178 1769 a
1214 1716 1491 1771 nonnullis
1519 1717 1667 1785 ipsos
1696 1731 1819 1770 esse
1846 1714 2051 1771 descri-

478 1814 620 1874 ptos.
674 1804 897 1876 Oportet
929 1807 1072 1860 enim
1104 1806 1382 1864 attendere
1428 1805 1888 1876 descriptionibus
1917 1821 2048 1876 geo-

477 1897 754 1968 graphicis
782 1913 971 1953 eorum
999 1898 1090 1968 qui
1121 1905 1175 1953 et
1204 1897 1476 1962 viderunt,
1505 1907 1557 1953 et
1579 1899 1719 1953 scitu
1747 1897 1940 1968 dignas
1965 1914 2052 1953 res

478 1987 753 2042 memoriae,
805 1988 1177 2058 prodiderunt.
1229 1986 1363 2040 Nam
1412 1989 1625 2042 occulte
1657 1996 2054 2042 conservantur

476 2078 619 2132 inter
654 2094 712 2132 se
737 2089 788 2133 et
816 2080 1222 2150 coniunguntur
1256 2093 1362 2132 uno
1393 2094 1565 2148 eoque
1605 2079 1842 2132 maximo
1893 2079 2051 2144 mari,

477 2171 936 2240 quemadmodum
989 2171 1236 2226 Rubrum
1273 2171 1516 2226 declarat
1550 2187 1729 2238 mare,
1776 2181 1928 2241 parte
1961 2187 2054 2227 su-

479 2261 691 2328 periore
717 2276 843 2315 cum
885 2260 1139 2314 Gadirico
1167 2260 1378 2315 occulte
1419 2261 1796 2328 conjunctum.

864 2350 1378 2406 INTERROGATIO
1418 2349 1676 2405 LXXXII.

547 2449 617 2497 At
644 2445 918 2512 quomodo
962 2445 1412 2515 congregationes
1443 2458 1705 2513 aquarum
1750 2441 1921 2496 maria
1955 2457 2053 2498 vo-

476 2535 620 2590 cavit
650 2534 954 2589 Dominus?

1110 2628 1416 2699 Responsio.

548 2718 713 2776 Sinus
737 2720 829 2790 qui
855 2719 1150 2775 secundum
1181 2735 1310 2774 suas
1339 2718 1548 2789 species
1577 2733 1606 2771 a
1631 2717 2054 2786 circumjecente

476 2820 622 2866 terra
647 2811 1026 2882 comprehensi
1057 2817 1207 2874 sunt,
1242 2811 1413 2863 maria
1444 2807 1706 2865 Dominus
1741 2807 2050 2876 appellavit,

477 2906 581 2960 hoc
607 2911 722 2967 est,
757 2919 904 2958 mare
928 2901 1175 2963 Boreale,
1204 2916 1352 2956 mare
1375 2901 1648 2965 Australe,
1682 2899 1853 2953 Eoum
1878 2914 2048 2963 mare,

474 3003 529 3051 et
562 2995 882 3065 Hesperium
912 3009 1061 3050 mare
1086 2994 1351 3057 alterum;
1389 2999 1648 3060 praeterea
1685 2990 1856 3059 pelagi
1890 2990 2052 3058 hujus

475 3087 559 3141 vel
590 3087 737 3140 illius
769 3085 1073 3154 peculiares
1109 3083 1521 3153 appellationes,
1555 3089 1752 3151 pontus
1778 3080 2047 3144 Euxinus,

473 3186 530 3232 et
557 3193 703 3231 tuare
750 3175 1235 3245 Hellesponticum,
1272 3173 1517 3244 AEgaattm
1547 3181 1605 3228 et
1652 3172 1885 3236 Ionium,
1920 3169 2048 3224 Sar-

473 3271 638 3323 doutn
689 3267 933 3339 pelagus,
970 3275 1024 3322 et
1075 3265 1316 3320 Siculum
1360 3265 1613 3331 alterum,
1649 3271 1702 3318 ct
1756 3262 2052 3334 Tyrrheni-

475 3373 598 3412 cum
627 3396 641 3421 ,
695 3368 749 3412 et
781 3356 991 3411 inﬁnita
1036 3357 1265 3410 marium
1299 3355 1541 3419 nomina,
1584 3371 1706 3426 quat
1739 3363 1798 3408 ut
1831 3368 1861 3407 a
1895 3352 2054 3408 nobis

475 3456 675 3504 cuncta
725 3455 1134 3509 recenseantur,
1181 3447 1464 3518 praesentis
1497 3463 1603 3501 non
1638 3455 1725 3501 est
1769 3445 2048 3514 temporis.

458 3532 464 3539 ’
836 3538 1348 3595 INTERROGATIO
1388 3539 1668 3594 LXXXIII.

543 3635 724 3699 Quare
753 3631 931 3686 Moses
965 3632 1020 3685 in
1055 3632 1326 3702 principio
1372 3631 1598 3688 Genesis
1639 3642 1837 3688 terram
1878 3635 2054 3688 nomi-

475 3734 609 3790 nat,
659 3724 785 3780 inde
818 3738 1012 3778 rursus
1060 3724 1304 3778 aridam?
1349 3723 1545 3780 Annon
1592 3726 1735 3780 enim
1783 3727 1929 3782 aliud
1971 3737 2055 3782 est

474 3814 648 3882 arida,
681 3825 736 3870 et
768 3813 913 3868 aliud
947 3815 1128 3869 terra?

1107 3906 1418 3977 Responsio.

542 3998 689 4054 Nihil
715 3999 940 4056 omnino
975 4000 1104 4054 mihi
1143 4001 1356 4055 videtur
1394 4000 1462 4054 ab
1503 4002 1656 4055 arida
1698 3999 1917 4058 diﬂ‘erre
1946 4010 2056 4057 ter-

474 4109 536 4148 ra
569 4112 584 4149 :
619 4109 807 4149 verum
828 4109 895 4149 ne
925 4109 1148 4148 causam
1179 4092 1508 4148 areiaciendi
1530 4095 1894 4151 tribueremus
1927 4096 2051 4161 soli,

475 4187 838 4258 antiquiorem
867 4187 998 4242 solis
1033 4195 1156 4241 ortu
1179 4186 1483 4241 ariditatetn
1519 4194 1677 4241 terra:
1702 4187 1880 4255 opifex
1909 4185 2050 4242 Deus

474 4279 794 4344 declaravit,
829 4294 950 4334 mox
982 4294 1012 4332 a
1049 4278 1316 4349 principio
1345 4278 1678 4348 desipientes
1704 4279 1772 4334 ab
1801 4294 1865 4334 ea
1893 4280 2048 4332 vani-

472 4379 586 4429 tate
613 4386 897 4434 revocans,
936 4388 1003 4426 ne
1030 4372 1200 4427 solem
1237 4373 1396 4426 deum
1427 4370 1690 4425 facerent.

831 4461 1350 4516 INTERROGATIO
1391 4461 1673 4515 LXXXIV.

543 4552 684 4620 Quid
714 4561 818 4617 est,
844 4553 991 4622 quod
1027 4551 1202 4608 Moses
1238 4552 1414 4622 inquit
1449 4569 1461 4606 :
1502 4551 1568 4604 Et
1596 4552 1721 4606 vidit
1756 4552 1892 4605 Dens
1915 4551 2053 4622 quod

471 4655 605 4702 esset
647 4645 942 4701 bonum“?
989 4645 1272 4711 Quomodo
1318 4645 1560 4698 omnium
1597 4645 1858 4713 praescius
1902 4655 2052 4713 post-

473 4754 636 4808 quam
670 4738 913 4805 fecisset,
949 4737 1084 4792 vidit
1127 4736 1274 4807 quod
1315 4736 1455 4791 bona
1487 4745 1633 4791 esset
1667 4737 1792 4790 lux?
1840 4736 1973 4791 Nam
2005 4738 2051 4792 si

475 4830 724 4886 homines
774 4839 1066 4900 antequam
1109 4829 1240 4900 quid
1281 4827 1504 4893 faciant,
1554 4831 1736 4884 sciunt
1779 4829 2055 4884 bonumne

473 4920 559 4974 vel
590 4921 790 4975 malum
827 4923 897 4976 sit
945 4921 1192 4975 futurum
1243 4921 1387 4990 quod
1432 4908 1732 4991 perﬁcitur,
1781 4921 2054 4990 quomodo

475 5009 620 5064 Deus
649 5021 936 5081 postquam
983 5013 1226 5078 fecisset,
1280 5022 1408 5067 tttnc
1464 5012 1682 5068 demum
1724 5013 1859 5069 vidit
1909 5015 2052 5085 quod

475 5111 622 5156 esset
653 5102 890 5169 bonum,
937 5106 1093 5173 quasi
1146 5121 1254 5160 non
1306 5120 1754 5176 prarcognoscens
1807 5106 1859 5161 id
1909 5107 2052 5176 quod

479 5193 726 5246 facturus
749 5192 906 5246 erat?

1115 5279 1422 5354 Responsio.

546 5380 666 5438 Non
699 5382 805 5438 hoc
855 5379 1044 5435 volunt
1093 5380 1196 5434 ista
1245 5382 1428 5442 verba.
1463 5380 1836 5436 delectabilent
1886 5381 2053 5438 maris

475 5487 756 5549 aspectum
789 5477 896 5531 Deo
925 5472 1101 5528 visum
1132 5469 1319 5527 fuisse.
1357 5471 1463 5527 Nec
1491 5473 1635 5527 enim
1665 5473 1846 5543 opifex
1871 5488 2053 5530 rerum

547 5655 591 5688 δι
629 5655 766 5713 Gen.
794 5671 834 5720 ι,
873 5654 928 5710 ι.
966 5653 1051 5723 to,
1085 5653 1170 5720 ιε,
1207 5651 1404 5718 l8,2l,
1430 5651 1519 5705 es.

544 5795 658 5868 (3‘2)
685 5795 1116 5866 Tvrxdrocam.
1147 5795 1310 5852 Forte
1350 5797 1690 5866 τυγχάνουσι.
1729 5795 1885 5852 Enn.

1565 318 1623 374 S.
1667 317 2322 384 CESARIIﬁREGORII
2357 320 2684 381 FRATRIS.

3615 319 3726 378 913

2738 441 2984 495 ΠΕΥΣΙΣ
3009 441 3134 495 IIA'.

2227 533 2341 590 Μία
2373 533 2490 586 ἐστὶ
2517 532 2759 587 θάλασσα
2779 573 2794 599 ,
2836 533 2953 604 ἢτοι
2979 534 3010 603 ἡ
3039 530 3403 602 συναγωγὴ,ἧ
3437 532 3656 602 tollat;

2771 624 3122 690 Ἀπόκρισις.

2229 715 2344 769 Μία
2381 715 2477 788 μὲν
2503 718 2536 786 ἡ
2561 713 2849 783 συναγωγὴ
2893 712 2986 765 τοῦ
3019 712 3281 782 στοιχείου
3323 712 3544 774 παντὸς,
3581 709 3730 762 ’πλεῖ⁴

2158 824 2259 861 στα
2281 808 2338 861 δὲ
2363 808 2431 862 τὰ
2459 809 2797 878 συστήματα.
2829 803 2901 858 Δῖ
2922 821 2982 856 τε
3007 805 3113 876 γάρ
3151 805 3336 874 λίμναι
3371 805 3428 856 αί
3454 801 3598 856 κατά
3619 801 3729 872 τὴν

2155 901 2376 972 ἄρκτον,
2400 899 2494 954 καὶ
2511 901 2631 954 ὅσαι
2647 897 2786 952 κατὰ
2804 898 2894 952 τὸν
2913 895 3221 967 Ἑλληνικὸν
3241 895 3472 967 ὁρῶνται
3511 893 3727 957 πόντον,

2155 994 2254 1064 τήν
2314 1010 2374 1045 τε
2425 991 2784 1054 Μακεδονίαν,
2822 988 3076 1042 Βιθυνίαν
3119 1005 3179 1040 τε
3221 988 3316 1041 καὶ
3360 985 3732 1053 Παλαιστίνην

2157 1084 2503 1153 κατέχουσαι,
2557 1082 2870 1149 συναγωγαὶ
2897 1079 3257 1150 τυγχάνουσαι
3298 1077 3407 1149 (52)
3445 1077 3724 1149 δηλονότι·

2153 1174 2220 1238 ἃς
2254 1174 2458 1245 πλῆθος
2515 1174 2613 1246 μὲν
2665 1173 2809 1242 ἔχειν
2840 1172 3030 1234 ὓδατος
3067 1170 3240 1234 οὐδεὶς
3265 1171 3498 1241 ἀντερεῖ,
3528 1169 3590 1222 οὐ
3621 1168 3729 1240 μὴν

2155 1265 2429 1330 θαλάσσας
2447 1266 2650 1338 κυρίως
2676 1265 2940 1336 ὑπάρχειν
2963 1262 3132 1326 αὐτάς
3150 1279 3348 1332 φαμεν,
3365 1263 3412 1314 εἰ
3431 1261 3525 1315 καὶ
3550 1278 3730 1330 παρα-

2154 1357 2393 1427 πλησίως
2447 1359 2514 1427 τῇ
2568 1355 2803 1426 Θαλάττῃ
2851 1355 2911 1407 τὸ
2938 1353 3133 1424 πικρὸν
3160 1353 3254 1406 καὶ
3293 1351 3532 1423 ἁλμυρὸν
3565 1350 3729 1412 ἐγκέ-

2155 1465 2403 1520 κρανται,
2445 1448 2519 1511 ὡς
2549 1449 2582 1517 ἡ
2627 1445 2966 1516 Ἀσφαλτῖτις
2991 1445 3157 1516 λίμνη
3199 1444 3290 1496 ἐπὶ
3308 1443 3409 1513 τῆς
3445 1440 3727 1505 Ἰουδαίας,

2154 1541 2245 1592 καὶ
2271 1541 2303 1610 ἡ
2327 1540 2627 1611 Σερῦονῖτις
2653 1537 2853 1610 μεταξῦ
2885 1536 3158 1606 Αἰγύπτου
3210 1535 3306 1588 καὶ
3343 1534 3726 1602 Παλαιστίνης,

2154 1629 2252 1699 τὴν
2321 1627 2614 1700 Ἀραϐικὴν
2663 1626 2865 1699 ἔρημον
2914 1624 3348 1698 παρατείνουσα’
3392 1623 3440 1674 εί
3489 1622 3585 1673 καὶ
3632 1621 3730 1686 τὴν

2165 1720 2456 1791 Ὑρκανίαν
2486 1719 2578 1772 καὶ
2601 1720 2699 1791 τὴν
2721 1718 2973 1772 Κασπίαν
2992 1732 3007 1748 ο
3054 1715 3284 1786 ὁρῶνται
3309 1714 3363 1766 δέ
3393 1729 3536 1775 τινες
3571 1729 3730 1780 περι-

2152 1812 2459 1884 τετράφθαι
2484 1811 2670 1874 αύτάς.
2714 1809 2871 1862 Ἀλλά
2903 1808 3008 1880 χρὴ
3041 1811 3157 1871 ταῖς
3194 1807 3299 1859 τῶν
3329 1804 3731 1873 ἱστορησάντων

2153 1904 2441 1974 προσέχειν
2471 1900 2860 1974 γεωγραφίαις.
2903 1900 3137 1968 Συντετή
3151 1915 3338 1968 ρηνται
3369 1897 3478 1966 γάρ
3505 1892 3731 1963 ἀφανῶς

2153 1993 2290 2062 πρὸς
2320 1992 2576 2061 ἀλλήλας,
2613 1993 2705 2045 καὶ
2742 1990 3176 2060 συνεστόμωνται
3219 1991 3285 2058 τῇ
3326 1988 3423 2056 μιᾷ
3449 1990 3542 2039 καί
3576 1986 3732 2055 μεγί-

2155 2100 2276 2152 στῃ,
2304 2081 2484 2145 καθὼς
2511 2084 2544 2152 ἡ
2572 2080 2809 2153 Ἐρυθρά
2828 2079 3069 2133 παιδεύει
3099 2079 3360 2141 θάλαττα,
3385 2079 3451 2147 τῇ
3475 2076 3731 2130 ἐπέκεινα

2153 2174 2423 2244 Γαδείρων
2450 2172 2670 2242 ἀφανῶς
2707 2171 3105 2241 συναπτομένη.

2737 2355 2985 2408 ΠΕΥΣΙΣ
3014 2352 3140 2406 HB’.

2225 2453 2333 2505 Καὶ
2365 2451 2480 2515 πῶς
2514 2449 2831 2519 συστήματα
2867 2447 2975 2501 τῶν
3009 2446 3218 2500 ὑδάτων
3254 2444 3529 2508 θαλάσσας
3551 2446 3580 2498 ὁ
3619 2443 3731 2496 Κύ-

2156 2561 2269 2615 ριος
2305 2543 2560 2596 ἐκάλεσεν
2590 2560 2604 2608 ;

2765 2632 3097 2699 Ἀπόκρισις
3113 2675 3125 2688 .

2225 2727 2364 2790 Τοὺς
2416 2725 2649 2788 κόλπους
2696 2725 2820 2786 τοὺς
2855 2724 2973 2776 κατ’
3011 2723 3142 2775 ἴδιον
3177 2721 3361 2791 σχῆμα
3389 2720 3496 2773 ὑπὸ
3519 2722 3618 2790 τῆς
3640 2735 3736 2771 π’

2157 2819 2470 2892 ρικειμένης
2524 2817 2625 2886 γῆς
2680 2815 3132 2886 περιληφθέντας,
3169 2811 3436 2873 θαλάττας
3474 2812 3502 2862 ὁ
3529 2809 3736 2880 Κύριος

2158 2910 2586 2982 προσηγόρευσε,
2614 2905 2756 2960 τοῦτ’
2778 2907 2943 2971 ἔστιν,
2971 2906 3208 2959 θάλαττα
3237 2902 3476 2975 Βόρειος,
3497 2902 3734 2956 θάλαττα

2156 3002 2367 3064 Νότιος,
2409 2999 2549 3068 Ἑῲα
2599 2998 2854 3062 θάλαττα,
2902 2998 2995 3050 καὶ
3035 2996 3297 3066 Ἑσπερία
3328 2994 3490 3047 πάλιν
3534 2993 3693 3059 ὲτέρα
3717 3008 3731 3020 ο

2155 3094 2248 3145 καὶ
2275 3091 2634 3162 προσηγορίαι
2691 3091 2940 3158 πελάγων
2974 3090 3289 3154 ἰδιάζουσαι,
3327 3087 3521 3148 πόντος
3556 3083 3736 3147 Εὔξει-

2154 3201 2243 3246 νος
2300 3183 2394 3235 καὶ
2428 3182 2731 3252 πρόποντος
2768 3181 3175 3251 Ἑλλήσποντος,
3231 3179 3450 3245 Αἰγαῖος
3495 3177 3590 3227 καὶ
3630 3173 3740 3225 Ἱώ-

2156 3291 2286 3338 νιος,
2344 3274 2664 3344 Σαρδονικὸν
2697 3274 2950 3341 πέλαγος,
2974 3271 3069 3325 καὶ
3100 3269 3370 3323 Σικελικὸν
3393 3267 3600 3335 ἕτερον,
3636 3267 3741 3317 καλ⁵

2154 3365 2280 3421 ἄλλο
2311 3365 2672 3436 Τυρρηνικὸν,
2697 3365 2789 3416 καὶ
2816 3363 2984 3435 μυρία
3016 3361 3254 3431 ὀνόματα
3281 3355 3550 3422 πελαγῶν,
3581 3352 3741 3425 ἅπερ

2156 3458 2286 3528 ἡμῖν
2322 3457 2382 3509 οὐ
2407 3456 2500 3510 τοῦ
2545 3455 2811 3527 παρόντος
2846 3453 3260 3524 ἐξαριθμεῖσθαι
3301 3448 3514 3519 καιροῦ.

2741 3547 2991 3600 ΠΕΥΣΙΣ
3025 3545 3148 3598 III".

2226 3641 2375 3694 Διατί
2405 3641 2503 3711 μὲν
2532 3640 2751 3709 ὲνάρχῇ
2804 3639 2901 3708 μὲν
2941 3638 3040 3706 τῆς
3081 3637 3351 3699 Γενέσεως
3378 3639 3484 3706 γῆν
3544 3635 3739 3704 ὀνομά-

2157 3729 2260 3793 ζει,
2286 3729 2513 3782 ἐνταῦθα
2533 3728 2588 3780 δὲ
2621 3728 2779 3780 πάλιν
2815 3725 3013 3798 ξηράνς
3051 3722 3197 3796 τᾹρα
3235 3723 3310 3795 μὴ
3346 3724 3477 3778 ἄλλο
3502 3724 3742 3793 ὑπάρχει

2156 3824 2189 3893 ἡ
2221 3821 2380 3893 ξηράν
2409 3820 2534 3874 ἄλλο
2562 3821 2617 3872 δὲ
2646 3821 2678 3891 ἡ
2707 3819 2779 3889 γῆ
2805 3835 2819 3884 ;

2766 3912 3118 3980 Ἀπόκρισις.

2227 4005 2347 4059 Οὐδ’
2381 4005 2515 4069 ὅλως
2564 4021 2652 4075 μοι
2678 4003 2825 4056 δοκεῖ
2849 4000 3228 4073 παρηλλάχθαι
3251 4000 3353 4070 τῆς
3385 3997 3558 4069 ξηρᾶς
3580 3999 3614 4069 ἡ
3639 3995 3738 4065 γῆ,

2155 4098 2386 4151 ἀλλ’ἵνα
2414 4098 2488 4167 μὴ
2542 4096 2618 4166 τῷ
2676 4097 2812 4167 ἡλίῳ
2864 4094 2962 4164 τὴν
3015 4093 3110 4146 τοῦ
3139 4091 3523 4163 ἀναξηραίνειν
3556 4089 3742 4143 αίτίαν

2158 4188 2502 4262 προσθῶμεν,
2542 4187 2919 4258 πρεσϐυτέραν
2971 4185 3071 4253 τῆς
3119 4184 3271 4254 ἡλίου
3324 4183 3593 4251 γενέσεως
3638 4178 3742 4249 τήν

2159 4283 2428 4354 ξηρότητα
2447 4281 2545 4351 τῆς
2569 4280 2672 4350 γῆς
2700 4281 2728 4332 ὁ
2765 4278 3174 4350 δημιουργήσας
3210 4274 3343 4333 Θεὸς
3383 4273 3700 4342 ἀπεφήνατο
3721 4283 3737 4296 -

2157 4372 2486 4446 προαγαγὼν
2534 4373 2658 4434 τοὺς
2699 4370 3100 4441 ματαιόφρονας
3133 4367 3402 4420 θεοποιεῖν
3438 4365 3530 4417 τὸν
3560 4363 3738 4432 ἥλιον.

2744 4460 2990 4513 ΠΕΥΣΙΣ
3018 4459 3138 4512 llA'.

2226 4555 2291 4609 Τί
2347 4557 2492 4608 ἐστιν
2533 4552 2561 4606 ὃ
2611 4551 2758 4620 λέγει
2791 4551 3016 4620 Μωσῆς,
3049 4547 3156 4602 Καὶ
3196 4543 3358 4602 εἴδετ’
3397 4548 3430 4600 ὀ
3471 4544 3615 4610 Θεὸς
3645 4543 3742 4596 ὅτι

2157 4652 2382 4712 mmor;
2414 4647 2532 4710 πῶς
2559 4647 2589 4698 ὁ
2616 4638 2832 4699 πάντων
2863 4639 3216 4713 προγνώστης
3255 4638 3393 4709 μετά
3426 4636 3486 4688 τὸ
3513 4635 3741 4706 ποιῆσαι

2156 4739 2311 4805 εἶδεν,
2342 4741 2422 4794 ὅτι
2473 4738 2630 4792 καλὸν
2659 4739 2722 4791 τὺ
2763 4734 2912 4805 φῶς;
2950 4735 3012 4788 EI
3045 4731 3153 4804 γὰρ
3197 4733 3474 4803 ἄνθρωποι
3508 4732 3612 4803 πρὸ
3643 4733 3739 4784 τοῦ

2157 4832 2378 4904 ποιῆσαί
2428 4849 2514 4898 τι,
2545 4830 2852 4884 ἐπίστανται
2879 4833 2956 4885 ὅτι
2989 4829 3144 4883 καλὸν
3177 4827 3210 4896 ἢ
3261 4824 3433 4876 κακὸν
3478 4823 3632 4874 ἔσται
3676 4822 3743 4870 τὸ

2157 4925 2516 4995 ποιούμενον·
2566 4920 2682 4984 πῶς
2735 4923 2764 4974 ὁ
2814 4920 2948 4982 Θεὸς
2999 4918 3136 4988 μετὰ
3185 4916 3246 4968 τὸ
3299 4916 3566 4984 ποιῆσαι,
3617 4913 3740 4964 τότε

2157 5010 2296 5068 εἶδεν
2326 5011 2604 5080 ὃτικαλὸν,
2635 5010 2710 5074 ὡς
2743 5009 2816 5081 μὴ
2845 5007 3230 5082 προγινώσκων
3255 5005 3282 5058 ὃ
3306 5004 3508 5074 ῆμελλε
3535 5004 3740 5065 nouis;

2771 5295 2818 5348 Ἀ
2827 5294 3122 5359 πόκρισις.

2230 5389 2342 5442 (lux
2372 5388 2502 5442 αὐτὸ
2538 5387 2716 5452 τοῦτο,
2783 5385 3023 5457 τερπνήν
3073 5398 3194 5434 τινα
3231 5379 3352 5449 ὄψιν
3387 5378 3684 5447 θαλάττης,
3714 5378 3744 5428 ὁ

2159 5481 2313 5552 λόγος
2346 5481 2674 5536 ἐνδείκνυται
2697 5477 2772 5551 τῷ
2801 5477 2920 5549 Θεῷ
2943 5473 3259 5545 πεφυκέναι.
3292 5472 3366 5526 οὐ
3395 5469 3506 5544 γὰρ
3534 5469 3744 5542 ὀφθαλ-
