4048 6222
300 266 412 325 939

307 393 431 460 μοῖς
455 388 649 459 ὁρᾶται
696 389 869 463 κάλλη
895 390 995 462 τῆς
1024 391 1250 457 κτίσεως
1283 395 1313 448 ὁ
1356 394 1614 467 Ποιητὴς,
1647 396 1784 451 ἀλλὰ
1813 401 1881 470 τῇ

303 480 531 551 ἀρρήτῳ
582 479 744 550 σοφίᾳ
799 479 1082 552 θεωρεῖται
1125 483 1429 555 γενόμενα*
1470 486 1499 539 ὁ
1527 485 1750 554 φάσκων
1805 486 1883 557 τῷ

317 568 593 641 Ἱερεμίᾳο
621 570 744 638 Πρὸ
794 571 899 626 τοῦ
936 589 1014 641 με
1033 572 1266 630 «eam
1319 592 1393 629 σε
1412 576 1482 629 ἐν
1507 577 1726 644 κοιλίᾳ,
1756 577 1884 631 ἐπί-

300 658 530 725 σταμαί
551 670 645 721 σε,
675 657 772 711 καὶ
798 658 912 726 πρὸ
934 660 1040 714 τοῦ
1071 661 1341 726 ἐξελθεῖν
1352 664 1421 718 ἐκ
1434 663 1686 733 μήτρας,
1714 667 1883 737 ἡγία-

302 746 382 799 κά
406 762 510 800 σεο
540 747 616 818 τῷ
639 747 695 800 δὲ
728 748 1039 824 Ναθαναὴλ,
1066 754 1186 821 Πρὸ
1219 755 1325 810 τοῦ
1354 770 1428 809 σε
1446 758 1747 812 Φίλιππον
1773 776 1883 828 φω-

300 837 514 907 νῆσαι,
584 840 729 894 ὄντα
790 841 909 895 ὑπὸ
948 842 1063 911 τὴν
1122 844 1327 915 συκῆν
1388 845 1552 903 εἶδόν
1605 865 1715 903 σε’
1753 848 1881 921 6τῷ

314 925 569 998 Ἀϐραὰμ
606 928 780 997 λέγων
806 944 818 958 ⁸
875 932 1036 985 Κατὰ
1083 935 1191 988 τὸν
1224 934 1434 1004 καιρὸν
1461 935 1677 992 τοῦτον
1709 938 1879 993 ἔσται

300 1015 378 1086 τῇ
401 1017 599 1089 Stiping
620 1020 749 1085 υἱός
765 1036 780 1050 ·
806 1023 917 1085 τοῖς
936 1021 993 1074 δὲ
1023 1024 1295 1090 Ἰουδαίοις
1315 1066 1329 1091 ,
1361 1027 1480 1096 11ρύ
1512 1028 1618 1083 τοῦ
1634 1030 1881 1101 Ἀϐραὰμ

295 1107 415 1177 ἐγώ
444 1110 580 1177 ειμι.
615 1110 794 1165 Καλὸν
827 1111 935 1183 γὰρ
962 1114 1140 1186 θέαμα
1191 1116 1580 1193 λευκαινομένη
1618 1121 1875 1188 Θάλαττα,

297 1198 547 1271 γαλήνης
581 1200 718 1271 αὐτῇ
772 1203 1047 1274 σταθηρᾶς
1072 1223 1084 1236 ·
1124 1207 1221 1278 ἡδὺ
1249 1208 1306 1262 δὲ
1356 1208 1452 1262 καὶ
1482 1210 1610 1264 ὅταν
1645 1215 1878 1283 πρωΐαις

294 1287 497 1360 αὔραις
524 1292 896 1365 τραχυνομένη
922 1294 990 1348 τά
1018 1295 1582 1370 νῶτα,πορφυροῦσαν
1610 1302 1642 1373 ἣ
1673 1304 1878 1374 κυανῆν

294 1379 413 1442 τοῖς
467 1379 633 1451 ὁρῶσι
707 1383 1104 1453 προϐάλλεται,
1164 1389 1298 1459 μηδὲ
1356 1390 1633 1447 τύπτουσα
1689 1394 1877 1464 βιαίως

297 1468 398 1538 τὴν
436 1470 649 1538 γείτονα
676 1473 890 1545 χέρσον,
927 1476 1063 1547 μηδὲ
1083 1478 1264 1533 τέλεον
1283 1481 1592 1553 ἠρεμοῦσαο
1621 1486 1737 1539 ἀλλ’
1768 1482 1873 1541 οἷον

292 1561 602 1632 εἰρηνικαῖς
651 1582 763 1619 τισι
800 1569 1162 1640 περιπλοκαῖς
1192 1573 1260 1627 τὰ
1306 1574 1460 1645 χείλη
1488 1577 1660 1648 αὐτῆς
1698 1579 1874 1632 ἀσπα-

294 1649 527 1724 ζομένη,
558 1655 695 1725 πρὸς
745 1658 944 1732 ἑαυτὴν
998 1662 1158 1716 πάλιν
1204 1663 1562 1736 ἀποπηδῶσα.
1625 1668 1779 1740 Καλὴ
1818 1670 1876 1723 δὲ

295 1742 467 1796 πάλιν
500 1743 726 1800 δεδιῶσα
767 1749 828 1801 τὺ
863 1749 1006 1803 θεῖον
1041 1752 1392 1824 πρόσταγμαο
1426 1756 1616 1825 Μέχρι
1655 1760 1871 1814 τούτου

292 1832 545 1903 ἑλεύσῃ,
577 1836 678 1890 καὶ
703 1840 816 1909 οὐχ
838 1839 1149 1911 ὐπερϐἡσῃ
1174 1859 1188 1872 ·
1213 1843 1351 1897 ἀλλ’
1383 1845 1454 1898 ἐν
1473 1846 1703 1916 σεαυτῇ
1726 1864 1875 1903 συν-

295 1925 682 1992 τριὸήσονταί
731 1946 848 1985 σου
900 1932 972 1987 τὰ
1012 1935 1262 2003 κύματα.
1296 1935 1457 2001 Ἥτις
1494 1939 1630 2010 πρὸς
1659 1930 1875 2011 ἔλεγχον

295 2015 398 2104 τῆς
461 2018 737 2090 ἡμετέρας
787 2022 1180 2093 ἀγνωμοσύνης
1212 2025 1272 2078 τὸ
1303 2027 1684 2098 ἐπηρτημένον
1738 2030 1876 2104 αὐτῇ

293 2103 415 2193 δέος
465 2105 722 2177 δηλοῦσα,
759 2108 933 2182 βραχὺ
964 2111 1052 2165 διὰ
1101 2113 1208 2168 τῶν
1251 2116 1513 2186 κυμάτων
1564 2103 1875 2193 παρεκδραὲ

297 2192 483 2263 μοῦσα
504 2196 594 2251 τὸν
628 2199 774 2270 ὅρον,
816 2205 1080 2275 γραμμήν
1121 2221 1242 2259 τινα
1286 2207 1523 2278 φανεράν
1551 2213 1663 2275 τοῖς
1698 2213 1877 2282 αίγια-

294 2283 408 2349 λοῖς
438 2286 764 2356 ἐντυποῦσα,
787 2283 899 2344 οἷον
931 2291 1149 2365 γλώττῃ
1183 2299 1471 2370 παρεγγυᾷ
1503 2300 1579 2372 μὴ
1609 2300 1876 2373 ὑπερϐαί-

294 2393 412 2431 νειν
442 2378 569 2443 τοὺς
609 2380 765 2451 ὅρους
822 2383 917 2437 τοῦ
956 2385 1100 2438 θείου
1152 2389 1592 2460 προστάγματος.
1630 2394 1785 2466 Καλὴ
1818 2397 1876 2450 δὲ

294 2466 380 2521 ὅτι
436 2470 530 2523 καὶ
578 2471 839 2543 ποταμῶν
890 2475 1208 2547 ὑπάρχουσα
1256 2481 1462 2552 μήτηρ,
1514 2483 1651 2556 αὐτὴ
1717 2486 1877 2541 πάλιν

296 2559 496 2625 αὐτοὺς
522 2562 866 2634 ὑποδέχεται,
894 2567 1142 2624 ἐντεῦθεν
1170 2570 1269 2641 μὲν
1294 2572 1626 2635 ἀποκύουσα,
1664 2577 1876 2632 ἐκεῖθεν

295 2649 355 2705 δὲ
383 2650 703 2722 ξεναγοῦσα.
732 2657 888 2730 Καλὴ
910 2658 967 2712 δὲ
996 2660 1080 2713 ὅτι
1118 2660 1332 2726 καὶτὰς
1364 2663 1616 2720 πλεῖστον
1632 2666 1877 2739 ἀλλήλων

296 2743 594 2811 διεστώσας
623 2747 882 2820 ἠπείρους
906 2767 963 2803 τε
993 2752 1088 2805 καὶ
1124 2754 1308 2819 πόλεις
1343 2757 1603 2813 συνάπτει
1647 2761 1716 2814 δι’
1751 2764 1877 2816 ἐαυ-

296 2834 419 2905 τῆς,
450 2838 832 2909 νωτοιτοροῦσα
874 2839 974 2905 τὰς
1019 2842 1273 2908 ὁλκάδας,
1319 2847 1413 2900 καὶ
1451 2848 1730 2906 ἀκώλυτον
1763 2855 1877 2918 τοῖς

301 2926 592 2994 ναυτίλοις,
623 2929 689 2983 δι’
719 2931 943 2985 ἐκείνων
984 2933 1040 2986 δὲ
1064 2937 1178 2999 τοῖς
1216 2936 1422 3003 λοιποῖς
1461 2941 1561 3012 τὴν
1592 2945 1878 3016 συντυχίαν

302 3020 650 3092 παρεχομένη
674 3038 688 3052 ο
726 3022 821 3076 καὶ
855 3025 1095 3096 ἱστορίας
1117 3028 1226 3081 τῶν
1253 3030 1633 3104 ἀγνοουμένων
1658 3036 1879 3108 χαριζο-

302 3109 464 3182 μένη,
493 3113 585 3165 καὶ
621 3113 729 3170 τῶν
761 3116 1073 3185 ἀναγκαίων
1132 3121 1497 3194 ἐπικουροῦσα
1535 3131 1646 3191 τοῖς
1687 3128 1878 3200 δεομέ-

298 3218 434 3266 νοις,
464 3201 744 3277 ἐξαγωγὴν
762 3202 865 3260 ’καὶ
894 3209 1158 3265 ἀντίδοσιν
1184 3217 1303 3277 ταῖς
1339 3215 1525 3270 πόλεσι
1561 3218 1877 3290 ποιουμένη.

299 3290 373 3342 οὐ
400 3291 708 3381 μηνᾲοῦτως
749 3294 805 3348 δὲ
859 3297 954 3350 καὶ
996 3298 1115 3371 Θεῷ
1145 3303 1353 3358 οἴεσθαι
1402 3307 1528 3379 χρὴ,
1572 3309 1741 3381 καλὴν
1785 3312 1881 3364 καὶ

298 3384 485 3453 ἡδεῖαν
514 3378 690 3454 ὦφθαι
719 3386 817 3458 τὴν
860 3388 1149 3457 θάλατταν,
1194 3393 1330 3448 ἀλλὰ
1363 3396 1424 3449 τὸ
1459 3378 1623 3451 καλὸν
1655 3378 1774 3453 ἐκεῖ
1799 3401 1879 3471 τῷ

1716 274 2062 335 υιΑωουε
2104 277 2138 335 1.

3450 279 3564 336 950

1986 398 2230 457 intuetur
2273 395 2448 452 oculis
2483 393 2941 467 pulchritudinem
2973 390 3302 459 creatorum,
3336 392 3428 449 sed
3464 395 3553 447 in-

1982 487 2179 544 effabili
2230 488 2496 559 sapientia
2543 472 2947 558 contemplatur
2973 500 3037 540 ea
3069 500 3191 555 quae
3231 482 3406 538 liunt:
3457 486 3548 555 qui

1984 578 2050 634 ad
2092 578 2383 636 Jeremiam
2433 578 2655 650 inquit:
2715 579 3009 649 Antequam
3056 588 3105 631 te
3151 577 3435 646 formarem
3497 578 3561 629 in.

1983 680 2152 736 utero,
2182 672 2389 735 novi‘te,
2426 680 2476 726 et
2516 681 2796 743 antequam
2827 670 3146 742 egredereris
3190 684 3257 723 ea:
3285 668 3401 722 alvo
3440 683 3562 721 mae

1984 771 2155 827 terna,
2198 761 2527 830 sanetiﬁcavi
2557 769 2606 814 te
2643 761 2725 829 “;
2778 763 2843 814 ad
2892 758 3280 814 Nathanaelem
3319 764 3501 816 autem
3538 775 3553 809 :

1984 851 2277 922 Antequam
2319 860 2367 906 te
2406 850 2687 921 Philippus
2717 860 2946 916 vocaret,
2980 866 3097 905 eum
3128 865 3265 904 esses
3299 847 3553 916 sub-ﬁetu

1982 943 2217 998 videbam
2250 952 2297 997 te
2314 943 2389 1009 u;
2424 943 2514 1013 qui
2542 943 2677 997 dicit
2699 942 3051 998 Abrahamo;
3086 941 3168 995 Ad
3192 949 3392 1009 tempus
3420 938 3565 992 illud

1980 1034 2186 1089 habebit
2219 1034 2358 1090 Sara
2392 1034 2565 1104 ﬁlium
2588 1035 2662 1103 δὴ
2700 1034 2904 1114 Judmis
2936 1044 3115 1090 autem
3160 1054 3172 1088 :
3218 1034 3353 1087 Ante
3384 1032 3565 1085 Abrav

1983 1127 2198 1181 hamum
2244 1145 2337 1199 ego
2370 1144 2489 1182 sum
2514 1127 2580 1183 “.
2635 1128 2928 1183 Pulchrum
2984 1126 3129 1183 enim
3180 1123 3565 1196 spectaculum-

1979 1235 2130 1276 mare
2153 1221 2417 1289 albicans,
2449 1238 2572 1279 cum
2607 1221 2783 1292 ipsum
2813 1230 3075 1276 constans
3105 1226 3253 1274 tenet
3285 1215 3555 1286 tranquil-

1980 1310 2126 1368 litas.
2162 1311 2473 1369 Jucnndum
2508 1314 2636 1369 item
2667 1321 2783 1379 est,
2830 1311 3049 1384 quando
3083 1310 3151 1365 ad
3183 1323 3345 1365 auras
3373 1317 3565 1360 matu~

1980 1401 2124 1459 tinas
2157 1403 2436 1479 horridum
2469 1405 2634 1461 dorso
2662 1419 2934 1476 purpureo
2963 1402 3265 1458 caarulcove
3294 1404 3552 1470 spectan-

1981 1489 2125 1545 tibus
2152 1491 2431 1561 ohjicitur,
2467 1509 2642 1564 neque
2668 1493 2929 1548 violenter
2959 1491 3315 1561 propinquam
3349 1496 3550 1543 terram

1981 1582 2182 1653 pulsat,
2215 1598 2390 1654 neque
2417 1586 2634 1656 penitus
2663 1585 2986 1655 quiescens,
3023 1584 3118 1639 sed
3156 1581 3397 1653 paciﬁcis
3431 1580 3554 1651 qui-

1982 1674 2212 1729 busdam
2245 1677 2586 1746 amplexibus
2620 1677 2804 1731 littora
2833 1691 2933 1731 sua
2961 1676 3228 1739 salutans,
3253 1673 3318 1729 ad
3353 1680 3553 1729 semct-

1983 1763 2159 1835 ipsum
2198 1767 2393 1822 resilit.
2441 1766 2734 1823 Pulchrum
2766 1767 2917 1831 item,
2965 1768 3110 1838 quod
3139 1766 3382 1822 divinum
3412 1779 3554 1834 pra:-

1982 1868 2196 1928 ceptum
2232 1866 2533 1923 reveretur,
2583 1858 2705 1912 Huc
2737 1876 2899 1929 usque
2933 1860 3125 1922 venies,
3157 1866 3205 1912 et
3242 1872 3344 1911 non
3377 1865 3557 1909 trans-

1980 1947 2235 2019 grediere.
2264 1948 2360 2004 "sed
2402 1951 2457 2003 in
2505 1951 2774 2020 temetipso
2814 1949 3131 2004 collidentur
3165 1951 3243 2003 tui
3275 1947 3553 2017 ﬂuctus“.

1979 2038 2125 2095 Idem
2170 2038 2239 2094 ad
2269 2040 2745 2110 reprehensionem
2776 2041 3099 2096 temeritatis
3129 2038 3559 2109 stoliditatisque

1979 2140 2182 2189 nostrae
2212 2131 2445 2187 inditum
2478 2132 2582 2189 sibi
2622 2140 2828 2188 metum
2875 2132 3135 2195 ostendit,
3174 2146 3243 2186 ne
3275 2130 3554 2201 paululum

1979 2226 2198 2297 quidem
2241 2223 2499 2282 ﬂuctibus
2550 2225 2688 2281 ultra
2728 2224 3022 2280 terminum
3070 2239 3390 2286 excurrens,
3422 2237 3556 2277 con-

1979 2316 2225 2387 spicuam
2259 2316 2537 2373 littoribus
2568 2317 2766 2372 lineam
2794 2316 3133 2386 imprimens,
3173 2312 3329 2383 quasi
3373 2311 3554 2381 lingua

1981 2405 2207 2460 mandat
2241 2422 2310 2460 ne
2363 2402 2797 2476 transgrediatur
2850 2405 3141 2460 terminum
3191 2400 3428 2456 mandati
3473 2399 3559 2453 di-

1979 2496 2111 2550 vini.
2166 2494 2464 2550 Pnlchrum
2511 2510 2767 2566 quoque,
2821 2493 2965 2564 quod
3012 2507 3137 2547 cum
3168 2490 3449 2545 ﬂuminum
3485 2493 3558 2544 sit

1980 2593 2174 2649 mater,
2223 2586 2340 2656 ipsa
2381 2585 2569 2641 eadem
2618 2576 2812 2639 rursus
2860 2582 3125 2653 suscipit,
3178 2580 3305 2636 hinc
3334 2579 3553 2650 quidem

1979 2678 2135 2746 quasi
2189 2676 2242 2731 in
2288 2677 2463 2732 lucem
2530 2674 2856 2746 proferens,
2908 2673 3058 2728 illinc
3110 2687 3240 2728 vero
3284 2670 3555 2739 recipiens

1979 2767 2135 2838 quasi
2168 2767 2436 2838 hospites.
2468 2766 2764 2822 Pulchrum
2796 2780 2947 2829 vero,
2995 2764 3140 2835 quod
3173 2774 3226 2819 ct
3256 2761 3554 2834 plurimum

1980 2857 2123 2914 inter
2151 2873 2211 2913 se
2237 2858 2464 2914 dissitas
2491 2855 2824 2913 continentis
2865 2863 3045 2910 terras
3076 2862 3132 2910 et
3162 2854 3325 2909 urbes
3354 2866 3465 2922 prae
3498 2866 3559 2906 se

1981 2949 2282 3019 conjungit,
2326 2964 2390 3005 ac
2426 2948 2607 3004 ferens
2642 2948 2696 3002 in
2730 2961 2828 3002 sua
2870 2946 3188 3002 summitate
3216 2959 3401 3008 naves,
3433 2943 3555 3025 nul-

1981 3040 2202 3110 lumque
2230 3039 2478 3110 praebens
2499 3038 2945 3109 impedimentum
2975 3036 3171 3101 nautis,
3207 3035 3404 3106 partim
3433 3033 3560 3103 qui-

1982 3129 2104 3185 dem
2138 3131 2342 3196 nautis,
2373 3131 2567 3202 partim
2606 3145 2735 3186 vcro
2760 3130 2974 3186 caeteris
3005 3127 3391 3185 commercium
3423 3141 3561 3196 prae~

1980 3220 2102 3293 bet,
2130 3220 2236 3277 Sed
2264 3230 2319 3277 ct
2346 3237 2538 3277 eorum
2568 3236 2690 3292 qua!
2716 3220 3059 3292 ignorantur,
3095 3218 3261 3274 variae
3287 3216 3551 3286 cognitio-

1980 3309 2067 3366 nis
2096 3310 2419 3366 benelicium
2452 3311 2704 3382 largitur,
2733 3319 2788 3366 et
2813 3312 2867 3366 in
2896 3312 3062 3366 rebus
3085 3307 3412 3365 necessariis
3432 3306 3562 3362 sub-

1979 3399 2125 3453 venit
2158 3399 2551 3471 indigentibus,
2579 3401 2904 3471 exportandi
2933 3411 2986 3455 et
3019 3399 3266 3454 vicissim
3300 3394 3561 3451 reddendi

296 3473 444 3544 λόγῳ
473 3475 571 3546 τῆς
595 3475 954 3561 δημιουργίας
990 3482 1254 3552 κρίνεται.
1298 3485 1527 3557 Ὁμοίως
1574 3488 1631 3541 δὲ
1657 3490 1761 3562 χρὴ
1787 3492 1877 3544 καὶ

1981 3491 2423 3546 commoditatem
2452 3491 2766 3546 civitatibus
2804 3500 3088 3560 praestans.
3118 3488 3236 3544 Non
3271 3496 3453 3542 tamen
3482 3487 3563 3540 sic

298 3564 432 3634 περὶ
458 3563 554 3619 τοῦ
588 3566 765 3635 φωτὸς
804 3569 897 3623 καὶ
920 3570 1029 3625 τῶν
1051 3572 1254 3628 λοιπῶν
1282 3574 1578 3631 διαλαϐεῖν.

1975 3589 2030 3637 et
2059 3580 2129 3637 de
2162 3582 2269 3637 Deo
2293 3584 2593 3653 putandum
2622 3591 2726 3646 est,
2754 3582 2899 3653 quod
2930 3585 3131 3637 bonum
3159 3582 3243 3636 vel
3274 3580 3561 3650 pulchrum

294 3666 354 3716 et
375 3660 681 3729 jucundum
712 3664 788 3718 illi
820 3665 997 3722 visum
1028 3667 1100 3725 sit
1127 3684 1298 3737 mare,
1329 3671 1423 3726 sed
1453 3672 1654 3728 bonum
1693 3673 1761 3731 de
1801 3690 1911 3746 quo
1963 3676 2035 3732 ibi
2082 3675 2335 3743 habetur,
2370 3679 2582 3733 ratione
2626 3677 2827 3748 opiticii
2865 3677 3160 3749 judicatur.
3204 3676 3283 3731 Ad
3311 3674 3562 3732 eumdem

296 3756 526 3813 modum
558 3765 613 3814 et
642 3758 710 3815 de
744 3760 863 3816 lucc
894 3771 948 3817 et
973 3764 1184 3821 caeteris
1216 3764 1642 3825 existimandum
1670 3777 1777 3827 est.

892 3872 1139 3927 ΠΕΥΣΙΣ
1166 3874 1291 3931 HE’.

1282 4033 1296 4059 ,
1344 3993 1425 4047 ὅτι
1465 3989 1621 4049 εἶπεν
1649 3999 1678 4050 ὁ
1706 3995 1836 4062 Θεός
1862 4012 1877 4027 ⁸

296 4075 717 4142 Βλαστησάτω
774 4077 813 4144 ή
873 4077 949 4149 γῆ
999 4080 1274 4149 βοτάνην
1333 4085 1553 4153 χόρτου
1616 4088 1881 4156 σπείρων

296 4161 541 4232 σπέρμα
558 4165 709 4219 κατὰ
737 4165 910 4235 γένος
921 4168 1017 4221 καί
1045 4171 1174 4223 καθ’
1205 4172 1538 4241 ὁμοιότητα,
1567 4176 1664 4231 καὶ
1686 4177 1878 4241 ξύλον

297 4254 621 4325 κάρπιμον,
654 4253 728 4313 οὗ
771 4258 836 4313 τὸ
862 4259 1099 4331 σπέρμα
1127 4262 1313 4319 αὐτοῦ
1342 4264 1412 4317 ἐν
1433 4264 1594 4332 αὐτῷ
1616 4268 1766 4323 κατὰ
1789 4270 1878 4340 γέ-

297 4362 439 4412 νος’
472 4346 742 4417 βλέπομεν
770 4350 941 4405 πολλὰ
963 4352 1073 4406 τῶν
1103 4353 1285 4423 φυτῶν
1320 4355 1596 4422 παντελῶς
1627 4360 1873 4431 ἄκαρπα,

302 4438 397 4487 καὶ
433 4438 570 4508 μηδὲ
609 4439 831 4511 σπέρμα
880 4441 1109 4513 ἔχοντας
1166 4446 1324 4499 Ποῖον
1353 4447 1462 4520 γὰρ
1492 4449 1738 4523 αἴγειρος
1765 4452 1877 4523 ἔχει

302 4528 536 4595 καρπὸν,
590 4528 623 4599 ἢ
678 4531 867 4604 ἐλάτη,
906 4533 940 4605 ἢ
984 4536 1246 4608 moqu
1293 4538 1577 4610 κάλαμος;
1627 4546 1778 4599 ποῖον
1821 4544 1878 4598 δὲ

300 4617 529 4690 σπέρμα
564 4617 677 4691 εχει
701 4623 1027 4695 σκόροδον,ἢ
1061 4625 1230 4696 ῥόδον,
1264 4627 1586 4703 ἢκρόκος,ἣ
1612 4633 1873 4705 ἄμπελος,

298 4709 345 4780 ἦ.
371 4710 606 4782 μυρίκη,
633 4712 729 4767 καὶ
756 4715 824 4769 τὰ
848 4714 1011 4771 λοιπὰ
1029 4719 1138 4773 τῶν
1156 4720 1429 4795 ἀκάρπων
1456 4740 1470 4788 ;

905 4807 1270 4879 Ἀπόκρισις.

372 4890 443 4944 Et
465 4910 548 4957 τις
573 4894 888 4968 φιλομαθῶς
919 4900 1013 4953 καὶ
1055 4903 1449 4974 πεπονημένως
1488 4905 1783 4971 ἀναπτύξει
1808 4908 1877 4962 τά

299 4980 447 5048 θεῖα,
493 4985 717 5058 εὑρήσει
769 4989 944 5044 πάντα
992 4992 1291 5058 ἀνελλιπῶς
1320 4995 1399 5066 τῷ
1444 4995 1575 5067 θείῳ
1614 4996 1878 5069 θελήματι

305 5077 681 5145 παραστάντα.
717 5080 969 5153 Δίγειρος
1012 5086 1119 5157 γάρ
1163 5087 1391 5158 παρέχει
1425 5087 1657 5159 καρπὸν,
1706 5088 1881 5144 κλονι-

302 5166 440 5235 σμὸν
487 5168 625 5238 πρὸς
653 5169 751 5241 τὴν
783 5173 1014 5228 ἑκάστου
1062 5176 1219 5247 ἡμῶν
1248 5178 1462 5249 χρείαν,
1485 5179 1547 5232 τὸ
1572 5177 1770 5248 φῦλλον
1799 5184 1879 5248 είς

300 5263 699 5332 κτηνοτροφίαν
761 5266 1024 5337 χειμῶνος
1077 5270 1494 5343 ἀποτιθέμενοψ
1552 5273 1613 5327 τὸ
1670 5276 1735 5328 ὲκ
1783 5275 1878 5329 τοῦ

301 5350 506 5422 μόσχου
564 5351 742 5407 ἔλαιον
787 5360 900 5423 τοῖς
942 5360 1246 5432 ἀρρώστοις
1297 5366 1689 5436 παρεχόμενον,
1740 5368 1878 5439 ὅπερ

300 5442 665 5513 αίγειρὲλαιον
704 5449 817 5512 τοῖς
849 5447 1061 5515 πολλοῖς
1088 5452 1441 5524 ὁνομάζεταν
1473 5455 1595 5509 ἀντὶ
1623 5455 1679 5509 δὲ
1712 5457 1879 5524 σπέρ-

301 5548 473 5601 ματος
525 5536 576 5589 oi
624 5537 806 5594 κλάδοι
842 5540 941 5611 τῆς
987 5543 1227 5614 αἰγείρου
1285 5546 1733 5617 κατορυττόμενοι
1792 5551 1877 5619 ῥι-

372 3981 501 4045 Πῶς
531 3983 624 4036 τοῦ
664 3986 908 4051 Μωσέως
950 3988 1260 4060 γράψαντος

2358 3879 2879 3939 INTERROGATIO
2918 3880 3181 3936 LXXXV.

2054 3987 2338 4055 Quomodo
2366 3988 2586 4059 scripsit
2619 3989 2820 4058 Moses,
2848 3990 2992 4061 quod
3021 3989 3219 4047 dixerit
3256 3984 3519 4045 Dominus
3543 4005 3557 4039 :

1982 4075 2350 4148 Progerminet
2377 4088 2520 4133 terra
2558 4077 2775 4134 herbam
2822 4081 3118 4149 graminis,
3171 4095 3288 4150 qua:
3342 4080 3561 4133 sentina:

1982 4185 2158 4225 semen
2204 4171 2492 4225 secundum
2533 4188 2693 4242 genus
2735 4181 2786 4226 et
2831 4172 3120 4227 secundum
3155 4169 3564 4226 similitudinem

1985 4278 2163 4326 suam,
2196 4271 2247 4317 et
2276 4263 2481 4333 lignum
2520 4263 2881 4332 fructiferum,
2912 4263 3064 4333 cujus
3102 4263 3154 4318 in
3181 4278 3235 4324 se
3274 4261 3344 4316 sit
3387 4275 3561 4315 setnen

1986 4355 2273 4411 secundum
2321 4372 2483 4426 genus
2506 4356 2549 4388 δ’
2587 4375 2600 4410 :
2640 4370 2764 4410 cum
2809 4364 2993 4412 tamen
3039 4354 3322 4411 videamus
3360 4353 3565 4408 multas

1981 4449 2197 4517 plantas
2228 4461 2457 4515 prorsus
2490 4445 2862 4518 infrugil‘cras,
2896 4462 3017 4518 quae
3049 4461 3226 4517 neque
3251 4460 3440 4501 semen
3466 4444 3565 4498 ha-

1982 4539 2148 4595 bent?
2199 4538 2503 4605 Quemnam
2549 4539 2696 4595 enim
2744 4540 2982 4594 fructum
3033 4539 3197 4594 habet
3248 4537 3430 4601 alnus,
3467 4543 3565 4591 aut

1981 4631 2155 4696 abies,
2182 4641 2277 4687 aut
2309 4631 2473 4703 pinus
2504 4633 2796 4701 silvestris,
2825 4641 2921 4687 aut
2947 4633 3197 4688 arundo?
3237 4630 3408 4698 Quale
3431 4629 3560 4684 item

1982 4737 2168 4777 semen
2199 4722 2362 4779 habet
2386 4725 2593 4788 allium,
2627 4733 2722 4779 aut
2744 4740 2893 4788 rosa,
2922 4732 3018 4778 aut
3042 4739 3260 4788 crocus,
3288 4732 3385 4778 aut
3412 4722 3565 4789 vitis;

1982 4823 2078 4871 aut
2102 4816 2309 4888 myrica
2340 4817 2555 4888 aliaque
2591 4818 2879 4875 innumera
2914 4816 3273 4888 infrugilcra?

2612 4906 2920 4977 Responsio.

2055 4998 2111 5053 Si
2144 4999 2269 5069 quis
2307 4998 2596 5072 diligenter
2631 5009 2687 5057 et
2732 5014 2994 5057 accurate
3017 5000 3252 5072 explicet
3296 5017 3384 5058 res
3423 5002 3564 5059 divi-

1983 5103 2104 5153 nas,
2128 5089 2367 5147 inveniet
2398 5093 2580 5146 omnia
2613 5092 2821 5162 absque
2852 5092 3069 5149 delectu
3093 5092 3277 5148 divina
3307 5094 3560 5149 volunta-

1981 5193 2035 5236 te
2068 5182 2349 5253 producta.
2390 5183 2565 5239 Alnus
2606 5185 2751 5240 enim
2798 5183 3034 5240 fructum
3065 5186 3269 5256 praebet
3308 5186 3363 5241 in
3391 5187 3559 5241 ramis

1982 5273 2046 5327 ad
2076 5274 2508 5344 uniuscujusque
2533 5275 2779 5331 nostrum
2803 5276 3185 5334 necessitatem
3209 5294 3224 5344 ;
3256 5275 3444 5331 folium
3470 5292 3558 5329 rc-

1984 5364 2217 5433 positum
2256 5364 2385 5420 facit
2417 5364 2483 5419 ad
2520 5366 2807 5423 nutrienda
2856 5369 2910 5422 in
2963 5368 3144 5424 hieme
3190 5380 3393 5436 pecora
3431 5382 3444 5418 :
3489 5380 3557 5420 ex

1981 5453 2277 5512 fruticante
2324 5458 2539 5513 stolone
2579 5459 2757 5514 oleum
2797 5461 2941 5530 quod
2986 5461 3259 5531 praebetur
3299 5456 3555 5522 infirmis.

1982 5548 2127 5619 quod
2170 5565 2200 5602 a
2229 5548 2420 5620 multis
2450 5550 2625 5606 oleum
2660 5550 2770 5606 alni
2804 5560 3171 5623 nuncupatur.
3216 5547 3344 5605 Vicc
3375 5556 3557 5605 autem

380 5694 424 5725 "
461 5692 573 5751 Jcr.
602 5713 640 5768 ι,
673 5698 724 5755 3.
804 5700 846 5733 "’
885 5698 1042 5758 Joan.
1072 5718 1109 5774 ι,
1141 5702 1226 5761 48.
1306 5705 1349 5738 ⁸³
1388 5703 1520 5762 Geni.
1552 5722 1705 5777 xvnt,
1735 5709 1818 5773 ιο,

1984 5709 2138 5769 Joan.
2171 5711 2407 5785 νιιιηὸθ.
2486 5714 2529 5747 ⁸⁸
2568 5712 2668 5771 Job
2694 5728 2926 5785 sum],
2970 5713 3055 5771 il.
3135 5715 3176 5749 δ’
3219 5714 3361 5774 Gen.
3393 5725 3433 5779 ι.
3470 5708 3558 5766 Η·
