4048 6222
475 259 574 316 951

474 375 704 430 seminis
734 377 868 430 rami
910 378 1022 432 alni
1047 378 1251 434 defossi
1288 377 1500 440 radices
1544 399 1730 457 agunt.
1786 393 1864 449 Ad
1897 410 2048 450 eunt-

473 463 596 520 dem
630 481 757 520 vero
789 467 1007 522 modum
1054 484 1108 525 et
1152 471 1326 538 abies,
1362 485 1418 530 et
1463 479 1626 533 arbor
1671 483 1823 550 picea
1857 502 2042 540 ramu-

472 556 654 612 sculis.
670 564 724 612 et
751 557 1009 616 defractis
1039 565 1276 622 surculis
1307 582 1478 637 genus
1505 581 1724 642 augent.
1763 574 1908 631 Rosa
1949 594 2041 633 au-

469 652 602 711 tem,
634 656 727 701 aut
771 649 996 717 allium,
1046 661 1142 707 aut
1172 670 1404 722 crocus,
1457 663 1654 730 partim
1707 667 1928 736 quidem
1977 670 2044 723 ad

468 738 655 792 odoris
697 737 1049 810 fragrantiam
1100 748 1435 818 conducunt,
1477 755 1673 822 partim
1719 766 1777 810 ut
1813 761 2042 814 commi-

469 835 726 881 secantur
755 828 1105 900 degeneranti
1156 837 1281 892 vino
1333 840 1523 896 sicerae
1573 845 1890 912 potoribus,
1941 865 2044 904 un-

471 918 773 986 guentariis
797 920 927 975 item
948 923 1014 978 ad
1040 925 1436 983 conficiendum
1467 931 1762 990 artificiose
1783 938 2042 1002 sumtum,

466 1014 521 1060 et
557 1010 778 1065 medicis
824 1013 891 1066 ad
941 1016 1188 1086 collyria,
1223 1019 1278 1073 in
1329 1022 1451 1076 cibo
1480 1038 1778 1096 sumptum.
1839 1029 1944 1084 Sed
1991 1039 2046 1086 et

467 1110 623 1165 aqua:
651 1101 936 1167 potoribus
965 1118 1161 1174 aquam
1197 1108 1474 1165 innoxiam
1510 1122 1790 1182 praestant.
1817 1119 2044 1174 Arundo

467 1203 597 1242 vero
661 1191 898 1247 fructum
967 1196 1113 1262 fert,
1183 1215 1394 1256 comam
1457 1206 1672 1273 quidem
1742 1209 1808 1262 ad
1877 1226 2044 1280 spon-

1551 270 1610 325 S.
1652 271 1979 347 CAESARI],
2018 277 2346 337 GRBGOBII
2401 281 2723 350 FRATRIS,
2799 309 2825 322 -

3622 285 3740 342 952

2149 400 2387 464 ζοῦνται.
2421 403 2656 472 Ὁμοίως
2687 401 2744 454 δὲ
2777 418 2871 454 και
2899 401 3062 468 ἐλάτη
3107 403 3197 455 καὶ
3221 404 3434 474 πεύκη,.
3458 407 3571 468 τοῖς
3601 406 3733 458 κλο-

2144 489 2386 561 νίσμασι,
2415 493 2510 545 καὶ
2533 491 2844 554 ἀποσπάδες
2873 491 2933 544 τὸ
2961 492 3113 560 γένος
3149 491 3392 559 αὔξουσι.
3423 495 3497 548 Τὸ
3539 495 3598 548 δὲ
3634 498 3729 566 ῥό-

2142 579 2230 632 δον
2261 581 2292 651 ῆ
2319 581 2568 652 σκόροδον
2591 581 2623 652 ἦ
2661 581 2876 651 κρόκος,
2897 580 2964 634 τὰ
2993 580 3093 650 μὲν
3120 581 3218 652 τὴν
3243 581 3491 642 εὐωδίαν,
3515 584 3611 636 καὶ
3649 584 3731 656 τῷ

2143 668 2579 739 καταμίγνυσθαι
2596 667 2902 738 νοθουμένῳ
2926 667 2996 736 τῷ
3022 668 3150 737 οἴνῳ
3177 668 3692 740 τοῖςσικεροπόταις
3709 686 3728 701 ο

2149 760 2179 812 ὃ
2201 761 2459 830 μυρεψοῖς
2478 759 2638 813 πάλιν
2665 759 3055 829 φιλοτεχνεῖται
3094 759 3173 821 είς
3216 757 3485 828 θυμίαμα.
3515 758 3612 812 καὶ
3647 761 3732 814 ἰα-

2149 853 2299 921 τροῖς
2327 853 2406 913 είς
2453 850 2706 922 κόλλυρα,
2741 848 2887 902 ἔνδον
2932 847 3269 918 ἐσθιόμενον.
3299 848 3406 900 Καὶ
3434 850 3546 910 τοῖς
3568 849 3730 920 ὑδρο-

2144 943 2333 1005 πόταις
2353 941 2412 994 τὸ
2437 941 2668 1004 ἀϐλαϐὲς
2688 939 2782 992 τοῦ
2818 939 3011 1002 ὕδατος
3029 938 3420 1010 παρεχόμενον.
3455 939 3516 992 ὐ
3540 940 3598 993 δὲ
3623 941 3728 994 κά-

2142 1032 2310 1103 λαμος
2338 1034 2674 1106 καρποφορεῖ
2693 1031 2789 1103 τὴν
2815 1031 2911 1101 μὲν
2945 1030 3120 1100 κόμην
3141 1033 3219 1092 είς
3245 1029 3535 1098 σπόγγους,
3569 1031 3631 1082 τὸ
3666 1031 3730 1083 δὲ

2141 1121 2326 1176 λοιπὸν
2352 1125 2430 1186 είς
2476 1122 2761 1194 γραφίδας.
2789 1122 2988 1190 Ἀμφω
3015 1119 3072 1172 δὲ
3116 1121 3172 1171 ὲν
3196 1121 3313 1182 ταῖς
3346 1118 3729 1188 παρεκφύσεσι

2140 1212 2248 1266 τῶν
2282 1211 2448 1283 ῥιζῶν
2479 1213 2540 1266 τὸ
2570 1214 2725 1282 γένος
2752 1210 3130 1281 πληθύνουσιν.

465 1284 603 1350 gias,
644 1285 910 1354 reliquum
965 1306 1093 1344 vero
1149 1291 1217 1343 ad
1268 1294 1627 1350 instrumenta
1695 1300 2005 1369 scriptoria.
2055 1301 2362 1372 Utrumque
2417 1312 2594 1357 autem
2656 1302 2899 1356 radicum
2941 1299 3502 1369 suppullulationibus
3548 1317 3725 1373 genus

466 1386 685 1444 augent.

832 1493 1365 1585 INTERROGATIO.
1388 1499 1672 1556 LXXXVI.

554 1597 734 1661 Quare
787 1601 944 1668 quasi
992 1605 1314 1660 naturaliter
1366 1608 1640 1663 cohzerent
1694 1625 1816 1664 cum
1884 1613 2040 1667 bonis

466 1688 629 1751 mala,
668 1692 1046 1760 corruptibilia
1091 1709 1214 1748 cum
1267 1696 1376 1751 vita
1421 1708 1630 1763 nostra,
1683 1718 1804 1754 cum
1857 1704 2040 1758 tritico

465 1777 735 1832 zizanium
767 1788 821 1834 et
855 1783 1056 1846 cicuta,
1101 1801 1224 1840 cum
1264 1789 1408 1844 rosis
1439 1790 1630 1860 spinae,
1663 1806 1784 1846 cum
1827 1796 2040 1851 caeteris

465 1869 817 1926 nutrimentis
878 1873 1213 1930 helleborum
1244 1918 1258 1941 ,
1322 1887 1374 1934 et
1430 1881 1745 1944 aconitum.
1785 1893 1839 1938 et
1882 1900 2038 1940 man—

463 1959 716 2028 dragora,
749 1973 801 2017 et
846 1981 1047 2021 succus
1087 1971 1394 2038 papaveris,
1430 1988 1551 2042 qua:
1585 1985 1826 2030 nostram
1870 1979 2036 2033 vitam

465 2052 702 2106 tollunt?

1101 2151 1403 2222 Responsio.

535 2232 674 2288 Num
712 2237 878 2306 igitur
906 2241 1095 2294 relicta
1137 2260 1236 2313 pro
1277 2246 1501 2300 utilibus
1535 2250 1830 2316 gratiarum
1870 2251 2039 2306 actio-

463 2339 551 2384 ne,
579 2325 783 2380 crimen
813 2329 1430 2404 iulentabimusOpiIici,
1462 2337 1606 2406 quod
1652 2343 1900 2409 quaedam
1935 2358 2038 2398 no—

463 2413 550 2469 bis
585 2416 649 2469 ad
684 2416 1004 2484 discrimen,
1028 2424 1275 2491 quaedam
1306 2441 1436 2481 vero
1468 2429 1674 2485 utiliter
1700 2435 2041 2487 nascuntur?

460 2509 571 2558 Aut
605 2523 711 2560 non
762 2511 1140 2579 reputabimus
1185 2515 1340 2578 illud,
1383 2518 1529 2586 quod
1561 2535 1669 2574 non
1699 2523 1879 2575 omnia
1915 2539 2040 2592 pro-

464 2607 585 2668 pter
615 2610 858 2656 ventrem
909 2604 1156 2659 nostrum
1203 2607 1422 2662 condita
1460 2612 1626 2664 sunt?
1674 2612 1836 2681 Atqui
1883 2614 2040 2668 nobis

461 2689 686 2759 quidem
717 2693 960 2762 deputati
990 2697 1098 2751 cibi
1120 2699 1376 2754 omnibus
1408 2701 1460 2754 in
1493 2711 1742 2773 promptu
1768 2711 1821 2758 et
1847 2705 2036 2774 cogni-

461 2789 521 2834 tu
554 2781 743 2840 faciles
772 2796 920 2841 sunt.
959 2786 1372 2858 linumquodvis
1412 2807 1540 2846 vero
1573 2795 1910 2849 nascentium
1943 2812 2038 2866 pe-

461 2873 721 2928 culiarem
748 2879 1040 2946 quamdam
1073 2883 1125 2933 in
1149 2884 1426 2937 creatione
1459 2885 1719 2938 rationem
1741 2887 1944 2955 implet.
1964 2887 2040 2942 Ne

460 2964 604 3017 enim
637 2966 854 3022 laederet
872 2983 1171 3025 venenatus
1194 2975 1442 3028 tauriuus
1460 2976 1704 3044 sanguis,
1728 2991 1835 3030 non
1852 2977 2038 3033 debuit

461 3050 515 3103 id
538 3054 740 3105 animal
770 3056 999 3123 produci
1033 3057 1112 3110 vel
1137 3073 1326 3112 carere
1351 3063 1635 3128 sanguine,
1660 3063 1816 3131 cujus
1845 3065 2036 3121 robore

460 3143 515 3196 in
563 3152 670 3195 tam
717 3145 905 3198 multis
943 3145 1150 3215 indiget
1194 3147 1300 3201 vita
1340 3151 1567 3204 nostra?
1617 3153 1780 3222 Atqui
1824 3154 1890 3206 ad
1943 3170 2036 3209 ca-

459 3235 632 3290 venda
688 3237 994 3303 perniciosa
1042 3238 1138 3292 tibi
1176 3240 1319 3294 ratio
1371 3241 1592 3299 sullicit.
1641 3244 1838 3299 Annon
1887 3247 2032 3301 enim

457 3341 590 3382 oves
621 3335 674 3381 et
707 3343 885 3397 caprae
928 3339 1130 3384 norunt
1163 3333 1410 3404 refugere
1439 3351 1561 3404 quae
1590 3335 1712 3390 vita:
1766 3351 1879 3392 suae
1906 3352 2032 3406 per-

459 3417 670 3472 niciosa
701 3429 856 3484 sunt,
888 3423 1014 3496 solo,
1037 3423 1240 3479 olfactu
1268 3428 1428 3480 noxia
1467 3427 1870 3496 dijudicantes?
1911 3428 2034 3484 Tibi

459 3517 641 3563 autem
670 3511 756 3564 cui
779 3521 833 3566 et
854 3495 1197 3579 ratio‘adcst,
1225 3525 1278 3572 et
1307 3533 1396 3573 ars
1419 3495 1723 3586 medicinae,
1743 3536 1865 3591 quae
1887 3521 2030 3592 quod

457 3608 542 3656 est
577 3602 818 3670 salubre,
847 3606 1178 3677 suppeditat,
1211 3617 1266 3664 et
1298 3611 1719 3680 prazcede‘ntium
1742 3613 2031 3682 experien-

456 3693 552 3758 tia,
598 3698 1032 3764 pernieiosorum
1078 3700 1260 3769 fugant
1309 3719 1626 3773 suggerens,
1675 3703 1890 3758 diﬂicile
1928 3703 2033 3757 erit

453 3786 729 3844 declinare
764 3790 1084 3846 mortifera?
1130 3791 1274 3846 Nihil
1315 3806 1493 3848 autem
1540 3795 1733 3849 horum
1771 3795 2032 3848 inutiliter

455 3890 545 3934 aut
572 3881 640 3933 ab
672 3896 729 3936 re
751 3891 936 3936 natum
965 3893 1066 3948 est,
1090 3887 1183 3941 sed
1213 3895 1305 3940 aut
1337 3888 1495 3941 nobis
1529 3895 1625 3940 aut
1652 3888 1939 3956 pecoribus
1961 3886 2027 3939 ad

454 3970 742 4026 utilitatem
770 3973 1069 4039 tributum;
1102 3993 1227 4030 nam
1262 3978 1441 4032 cicuta
1474 3978 1691 4048 quidem
1723 3980 1897 4032 sturui
1931 3995 2025 4049 pa-

452 4075 705 4130 scuntur,
732 4065 1010 4122 helleboro
1041 4083 1169 4123 vero
1199 4069 1533 4132 coturnices,
1555 4071 1843 4138 utriusque
1871 4084 2027 4122 hoste

451 4155 722 4210 immunes
753 4155 989 4226 quadam
1031 4157 1392 4228 dispositione
1438 4165 1646 4210 natura:
1691 4175 1704 4211 :
1752 4172 2027 4227 perman-

448 4246 736 4316 dragoram
762 4257 940 4302 autem
967 4263 1220 4302 somnum
1245 4248 1474 4303 infirmis
1500 4247 1766 4301 inducunt
1799 4247 2023 4312 medici;

449 4352 618 4391 succo
655 4338 941 4407 papaveris
973 4354 1265 4410 corporum
1308 4338 1654 4394 vehementes
1679 4337 1896 4393 dolores
1931 4354 2022 4392 so-

448 4426 638 4494 piunt;
675 4428 788 4498 jam
819 4445 949 4483 vero
1003 4439 1058 4485 et
1093 4430 1271 4484 cicuta
1305 4429 1527 4500 quidam
1563 4429 1768 4482 rabiem
1816 4430 2025 4498 appeti-

447 4527 602 4573 tuum
639 4521 1011 4582 sustulerunt,
1059 4529 1113 4575 et
1163 4521 1440 4576 hellebore
1486 4521 1686 4576 multos
1732 4521 2023 4575 diuturnos

448 4610 666 4665 morbos
683 4613 1077 4682 exstit-parunt.
1103 4611 1283 4677 Quare
1305 4613 1447 4680 quod
1470 4618 1724 4682 putamus
1744 4612 2019 4666 inimicmu

444 4719 565 4760 esse
593 4713 796 4761 nostra:
826 4714 1053 4768 naturae,
1098 4705 1150 4759 id
1198 4706 1356 4760 nobis
1402 4707 1455 4759 in
1497 4714 1848 4776 augmentum
1900 4721 2022 4776 gra-

445 4795 643 4850 tiarum
675 4800 907 4854 actionis
937 4797 1191 4852 accessit.

797 4993 1316 5051 INTERROGATIO
1355 4993 1663 5051 LXXXVII.

514 5081 692 5148 Quare
720 5085 789 5138 de
814 5085 979 5140 herba
1013 5099 1066 5142 et
1105 5089 1413 5153 arboribus,
1455 5087 1819 5159 Progerminet
1854 5098 2017 5152 terra,

444 5172 655 5244 inquit;
703 5173 770 5229 de
807 5178 1094 5244 pecoribus
1123 5188 1303 5234 autem
1349 5189 1404 5236 et
1445 5181 1660 5244 bestiis,
1701 5179 2019 5237 Producat?

439 5268 641 5320 Annon
684 5265 924 5335 aliquam
967 5267 1362 5325 dissonantiam
1408 5271 1605 5333 habet,
1663 5272 1906 5342 utrisque
1949 5287 2016 5329 ex

441 5357 632 5413 eodem
665 5357 1114 5430 provenientibus
1143 5362 1372 5415 ventre?

1077 5448 1382 5520 Responsio.

509 5541 963 5614 Quandoquidem
986 5545 1230 5616 germina
1258 5555 1313 5602 et
1342 5547 1554 5604 fructus
1579 5548 1875 5619 quotannis
1899 5563 2016 5618 ger-

438 5628 710 5684 minatura
747 5639 924 5690 erant.
954 5641 1010 5687 et
1051 5633 1106 5687 in
1151 5641 1296 5688 terra
1342 5649 1688 5698 remansura,
1723 5634 1776 5688 in
1808 5635 2005 5704 ipsam,

440 5720 584 5776 velut
621 5724 676 5778 in
711 5725 834 5778 sinu
874 5727 1062 5784 matris
1099 5727 1465 5784 deﬂuentibus
1497 5727 1722 5784 ﬂoribus
1753 5727 2008 5782 desinen-

2722 1499 2969 1551 ntarzis
2998 1500 3139 1566 nq'.

2211 1605 2360 1656 Διατί
2403 1603 2738 1675 συμφύονται
2775 1605 2886 1666 τοῖς
2919 1601 3104 1661 καλοῖς
3142 1603 3209 1655 τά
3239 1605 3404 1669 κακά,
3435 1605 3528 1657 καὶ
3550 1607 3724 1675 φθαρο

2141 1696 2268 1749 τικά
2294 1695 2392 1766 τῆς
2426 1694 2570 1765 ζωῆς
2597 1693 2773 1765 ἡμῶν,
2805 1695 2939 1765 μετὰ
2971 1694 3064 1746 τοῦ
3092 1695 3238 1747 σίτου
3270 1695 3331 1746 τὺ
3362 1694 3602 1760 ζιζάνιον
3625 1700 3724 1752 καὶ

2140 1788 2202 1841 τὸ
2240 1787 2480 1851 κώνειον,
2517 1787 2652 1857 μετὰ
2708 1786 2817 1838 τῶν
2858 1785 3025 1856 ῥόδων
3071 1787 3121 1838 οἱ
3155 1787 3409 1858 τρίϐολοι,
3444 1789 3584 1857 μετά
3613 1789 3724 1843 τῶν

2140 1880 2342 1932 λοιπῶν
2368 1879 2646 1950 τροφίμων
2691 1877 2991 1948 ἐλλέϐορος,
3036 1877 3130 1930 καὶ
3160 1879 3424 1943 ἀκόνιτος,
3451 1882 3547 1933 καὶ
3581 1897 3723 1952 μαν-

2140 1970 2430 2040 δραγόρας,
2455 1970 2548 2022 καὶ
2582 1971 2610 2021 ὀ
2640 1970 2736 2040 τῆς
2775 1971 3022 2040 μήκωνος
3063 1968 3231 2033 ὼπὸς,
3261 1971 3403 2042 άπερ
3435 1973 3722 2044 ἀναιροῦσι

2142 2062 2238 2130 τὴν
2269 2061 2412 2130 ζωὴν
2442 2060 2596 2130 ἡμῶν
2616 2078 2628 2124 ;

2751 2153 3102 2220 Ἀπόκρισις.

2211 2244 2275 2296 Τί
2315 2239 2408 2297 οὗν
2449 2243 2678 2312 ἀφέντες
2726 2243 2827 2313 τὴν
2869 2243 2962 2296 ἐπὶ
3007 2247 3120 2307 τοῖς
3168 2247 3458 2315 χρησίμοις
3502 2246 3722 2316 εὐχαρι-

2141 2333 2313 2397 στίαν,
2369 2333 2756 2403 ἐγκαλέσωμεν
2810 2333 2888 2404 τῷ
2943 2334 3274 2406 Δημιουργῷ
3321 2337 3414 2388 ἐπὶ
3450 2336 3558 2388 τῶν
3587 2339 3721 2407 ἡμῖν

2140 2425 2276 2496 πρὸς
2301 2425 2571 2497 διάκρισιν
2621 2424 2716 2478 καί
2761 2443 2918 2478 τινων
2952 2427 3340 2497 συμφερόντως
3365 2429 3720 2497 ἐκφυέντωνς

2154 2516 2359 2567 Ἐκεῖνο
2376 2514 2432 2566 δὲ
2460 2514 2521 2566 οὐ
2547 2513 2907 2584 λογισώμεθα,
2929 2517 3011 2568 ὅτι
3039 2516 3100 2568 οὐ
3132 2517 3308 2570 πάντα
3354 2518 3452 2588 τῆς
3483 2518 3721 2589 γαστρὸς

2140 2604 2325 2657 ἕνεκεν
2353 2604 2452 2673 τῆς
2475 2605 2748 2675 ἡμετέρας
2779 2605 3238 2677 δεδημιούργηται
3263 2625 3279 2673 ;
3310 2608 3424 2660 ἀλλ’
3455 2610 3582 2678 ἡμῖν
3617 2609 3719 2680 μὲν

2140 2699 2199 2749 αἱ
2247 2697 2688 2766 ἀποτεταγμέναι
2739 2699 2937 2768 τροφαὶ
2987 2701 3268 2769 πρόχειροι
3301 2700 3394 2753 καὶ
3428 2703 3593 2753 πᾶσιν
3626 2700 3720 2754 εὕ-

2140 2805 2392 2855 γνωστοι,
2444 2789 2672 2841 ἕκαστον
2701 2788 2758 2841 δὲ
2785 2788 2893 2841 τῶν
2921 2791 3220 2860 γινομένων
3251 2791 3380 2844 ἴδιόν
3403 2810 3522 2845 τινα
3556 2792 3720 2860 λόγον

2138 2878 2196 2928 ἐν
2224 2881 2289 2948 τῇ
2314 2878 2488 2932 κτίσει
2515 2877 2731 2950 πληροῖ.
2762 2878 2852 2950 Μὴ
2891 2879 3000 2951 γὰρ
3033 2881 3218 2952 ἐπειδή
3268 2899 3346 2935 σοι
3390 2883 3714 2954 δηλητήριον

2135 2968 2384 3038 ταύρειον
2411 2963 2570 3039 αἷμα,
2600 2970 2700 3023 οὐκ
2737 2970 2938 3038 ὀφείλει
2984 2973 3328 3043 παραχθῆναι
3360 2975 3420 3027 τὸ
3465 2975 3602 3038 ζῶον
3627 3017 3644 3041 ,
3671 2973 3710 3047 ἢ

2135 3061 2362 3131 ἄναιμον
2388 3062 2673 3133 ὑπάρχειν,
2705 3056 2767 3115 οὗ
2820 3064 2918 3134 τῆς
2943 3064 3122 3134 ἰσχύος
3144 3065 3278 3138 πρὸς
3305 3066 3536 3120 τοσαῦτα
3554 3067 3716 3137 ἡμῶν

2135 3154 2163 3202 ὀ
2194 3151 2306 3220 βίος
2335 3152 2642 3218 ὲπιδέεται;
2698 3153 2856 3206 Ἀλλὰ
2884 3154 2966 3206 σοὶ
2997 3156 3095 3226 μὲν
3119 3156 3395 3226 αὐτάρκης
3417 3158 3444 3209 ό
3469 3157 3718 3226 ἔμφυτος

2134 3243 2290 3311 λόγος
2319 3243 2457 3314 πρὸς
2509 3244 2609 3315 τὴν
2651 3245 2759 3298 τῶν
2812 3245 3069 3317 ὀλεθρίων
3121 3248 3378 3316 φυλακήν.
3421 3248 3493 3299 Οὐ
3526 3247 3714 3315 δήπου

2133 3334 2241 3406 γὰρ
2279 3334 2527 3406 πρόϐατα
2561 3337 2655 3388 καὶ
2685 3331 2836 3404 αἶγες
2868 3337 3044 3391 ίσασιν
3071 3338 3392 3407 ἀποφεύγειν
3421 3337 3487 3390 τὰ
3525 3336 3718 3412 φθαρ-

2131 3425 2259 3478 τικά
2283 3426 2379 3495 τῆς
2413 3426 2556 3496 ζωῆς
2575 3427 2774 3485 αὐτῶν.
2809 3428 2946 3500 μόνῃ
2973 3427 3049 3499 τῇ
3075 3427 3337 3501 ὀσφρήσει
3363 3429 3429 3482 τὰ
3468 3428 3719 3502 βλαϐερὰ

2133 3515 2475 3588 διακρίνοντα
2502 3535 2517 3584 ;
2547 3519 2629 3571 σο).
2652 3519 2710 3572 δὲ
2735 3512 2780 3586 ᾧ
2801 3520 2895 3572 καὶ
2911 3519 3066 3588 λόγος
3090 3522 3322 3591 πάρεστι
3365 3521 3457 3574 καὶ
3486 3523 3712 3594 ἰατρικὴ

2131 3607 2294 3679 τέχνη
2315 3607 2375 3660 τὸ
2400 3610 2666 3680 χρήσιμον
2691 3610 3075 3680 ὲκπορίζουσα,
3101 3612 3194 3665 καὶ
3226 3614 3259 3682 ἡ
3284 3613 3391 3665 τῶν
3423 3613 3717 3683 προλαϐόν-

2131 3714 2238 3752 των
2271 3701 2452 3770 πεῖρα,
2500 3699 2608 3752 τῶν
2649 3699 2904 3771 ὀλεθρίων
2934 3700 3029 3771 τὴν
3065 3701 3240 3772 φυγὴν
3271 3703 3710 3774 ὑπαγορεύουσα,

2133 3788 2369 3859 χαλεπὸν
2415 3789 2656 3844 ἐκκλῖναι
2685 3791 2753 3844 τὰ
2785 3791 3118 3862 δηλητήρια;
3170 3794 3334 3846 Οὐδὲν
3382 3795 3437 3846 δὲ
3489 3793 3714 3847 ἐκείνων

2131 3878 2315 3948 ἀργῶς
2341 3877 2374 3948 ἢ
2409 3879 2698 3948 ἀνωφελῶς
2733 3879 2932 3950 ὲξεφύη
2954 3899 2966 3912 ·
3003 3881 3115 3934 ἀλλ’
3148 3882 3182 3951 ἢ
3207 3883 3336 3952 ἡμῖν
3359 3883 3391 3952 ἢ
3417 3886 3528 3946 τοῖς
3562 3886 3717 3949 κτή-

2133 3987 2246 4021 νεσι
2275 3969 2410 4040 πρὸς
2438 3970 2499 4023 τὸ
2531 3971 2807 4040 συμφέρον
2836 3969 3072 4043 ἐξεδόθη.
3111 3973 3183 4025 Τὸ
3215 3972 3314 4042 μὲν
3344 3974 3452 4046 γὰρ
3479 3973 3712 4028 κώνειον

2128 4062 2174 4113 οἱ
2197 4060 2368 4132 ψᾶρες
2428 4061 2728 4132 βόσκονται,
2751 4063 2811 4115 τὸ
2845 4063 3127 4134 ἐλλέϐορον
3163 4067 3212 4116 oi.
3248 4065 3500 4135 ὄρτυγες,
3536 4067 3712 4138 ἄμφω

2126 4151 2228 4222 τῆς
2249 4151 2450 4222 βλάϐης
2493 4152 2830 4206 ἀνεπίδεκτοι
2868 4155 2932 4224 τῇ
2973 4158 3285 4226 κατασκευῇ
3329 4156 3426 4225 τῆς
3455 4157 3706 4225 φύσεως·

2127 4243 2216 4296 διὰ
2239 4243 2295 4296 δὲ
2334 4243 2426 4296 τοῦ
2463 4243 2838 4315 μανδραγόρου
2865 4243 3030 4298 ὕπνον
3054 4247 3228 4317 ἰατροὶ
3260 4249 3379 4310 ταὶς
3406 4248 3712 4313 ἀσθενείαις

2127 4333 2390 4404 ἐπάγουσι
2412 4351 2426 4365 ⁶
2461 4335 2538 4405 τῷ
2569 4335 2624 4388 δὲ
2670 4335 2810 4406 ὀπίῳ
2843 4336 2940 4399 τὰς
2971 4337 3203 4408 σφοδρὰς
3239 4337 3431 4403 ὀδύνας
3467 4340 3577 4393 τῶν
3607 4359 3714 4394 σω-

2130 4428 2314 4499 μάτων
2361 4431 2778 4494 κατευνάζουσιν
2809 4448 2822 4462 ·
2850 4430 2951 4500 ἤδη
2982 4429 3037 4482 δέ
3084 4448 3227 4494 τινες
3259 4431 3336 4502 τῷ
3365 4435 3577 4504 κωνείῳ
3615 4432 3712 4488 καὶ

2127 4521 2188 4573 τὸ
2208 4520 2477 4584 λυσσῶδες
2500 4521 2608 4574 τῶν
2633 4522 2866 4593 ὀρέξεων
2909 4521 3313 4590 κατεμάραναν,
3345 4523 3439 4576 καὶ
3459 4523 3535 4593 τῷ
3561 4523 3712 4577 ἐλλε-

2128 4613 2273 4684 ϐόρῳ
2300 4613 2468 4666 πολλὰ
2487 4613 2594 4666 τῶν
2624 4614 2851 4684 χρονίων
2886 4611 3073 4666 παθῶν
3097 4612 3512 4683 ἐξεμόχλευσαν.
3537 4616 3708 4672 Ὥστε

2123 4704 2152 4756 ὃ
2191 4703 2453 4776 δοκοῦμεν
2513 4704 2771 4775 πολέμιον
2826 4706 2890 4774 τῇ
2946 4702 3104 4772 φύσει
3163 4703 3321 4774 ὴμῶν
3367 4705 3703 4774 πεφυκέναι,

2126 4797 2282 4849 τοῦτο
2341 4799 2472 4867 ἡμῖν
2520 4799 2598 4860 είς
2655 4795 2973 4868 προσθήκην
3035 4795 3384 4866 εὐχαριστίας
3448 4797 3705 4872 περιελή-

2127 4888 2303 4942 λυθεν.

2706 5003 2954 5057 ΠΕΥΣΙΣ
2988 5004 3111 5057 IIZ'.

2194 5093 2345 5146 Διατί
2371 5094 2464 5147 ἐπὶ
2491 5094 2588 5164 μὲν
2619 5096 2719 5164 τῆς
2751 5093 3000 5164 βοτάνης,
3016 5093 3116 5145 ,καὶ
3140 5089 3246 5144 τῶν
3277 5090 3531 5162 δένδρων,
3557 5095 3706 5146 Βλα-

2122 5182 2404 5250 στησὰτω
2420 5182 2570 5254 ήγῆ,
2601 5184 2694 5236 ἐπὶ
2714 5184 2770 5236 δὲ
2795 5184 2902 5237 τῶν
2929 5181 3141 5252 κτηνῶν
3166 5180 3258 5233 καὶ
3287 5180 3517 5252 θηρίων,
3577 5183 3705 5246 Ἑξ-

2122 5272 2416 5342 ararétw;
2449 5269 2596 5344 'Apat
2618 5273 2691 5344 μή
2729 5291 2849 5326 τινα
2891 5270 3186 5340 διαφωνίαν
3215 5267 3351 5338 ἔχει,
3374 5271 3703 5341 ἀμφοτέρων

2122 5365 2222 5435 τῆς
2250 5366 2421 5436 αὐτῆς
2453 5365 2870 5437 προερχομένων
2891 5362 3157 5434 γαστρός;

2728 5457 3080 5524 Ἀπόκρισις.

2205 5547 2419 5618 Ἐπειδὴ
2449 5548 2516 5602 τὰ
2549 5547 2905 5620 βλαστήματα
2942 5553 3109 5605 κσὶόί
3138 5553 3339 5624 καρποὶ
3361 5552 3483 5603 κατ’
3518 5551 3700 5602 ἐνιαυο

2119 5635 2208 5689 τὸν
2241 5637 2550 5706 βλαστάνειν
2603 5638 2834 5708 ἤμελλον
2877 5641 2971 5692 καὶ
3011 5643 3342 5712 παραμένειν
3389 5643 3456 5709 τῇ
3495 5642 3590 5710 γῇ,
3617 5641 3698 5702 είς

2119 5728 2289 5799 αὐτὴν
2342 5729 2527 5800 ῶσπερ
2557 5733 2614 5783 ἐν
2643 5730 2822 5802 κόλπῳ
2855 5733 3058 5804 μητρὸς
3102 5737 3166 5803 τῇ
3207 5732 3503 5804 ἀνθορῤοίᾳ
3536 5745 3698 5784 κατα·
