4048 6222
271 300 383 355 953

267 414 533 488 λήγοντα.
562 415 758 486 ἑαυτῆς
801 416 859 471 δὲ
915 417 1076 472 πάλιν
1107 420 1492 491 ἀποκυούμενα
1517 435 1531 450 ⁸
1561 421 1628 476 τὰ
1652 423 1707 476 δὲ
1737 423 1852 486 ζῶα

272 507 430 573 ἅπαξ
461 507 634 578 αὐτῆς
693 508 1128 582 άποϐρασθέντα,
1159 514 1259 568 οὐκ
1302 515 1380 567 ἔτι
1409 514 1466 582 ὲε
1497 516 1688 587 αὐτῆς,
1717 517 1853 569 ἀλλὰ

271 600 388 656 ἀπὸ
413 600 524 654 τῶν
551 600 807 674 διαδόχων
842 603 1160 660 άποκύεται.

863 715 1110 768 ΠΕΥΣΙΣ
1138 716 1266 768 HH'.

350 823 503 876 Διατί
536 823 610 895 μὴ
659 823 749 877 τὸν
771 825 1017 896 οὐρανὸν,
1044 827 1119 890 ὡς
1143 826 1354 898 πρῶτον
1395 829 1486 881 ὑπ’
1511 828 1674 883 αὑτοῦ
1702 829 1855 898 γενό-

274 932 444 984 μενον
465 915 837 987 διεκόσμησεν,
866 917 1002 971 ἀλλὰ
1022 919 1120 988 τὴν
1151 919 1266 988 μετ’
1294 921 1499 974 ἐκεῖνον
1525 920 1858 992 δημιουργη-

275 1004 468 1058 θείσαν
491 1009 593 1077 γῆν
646 1007 1010 1079 προετίμησεν
1035 1025 1048 1074 ;
1076 1009 1222 1062 Ἔδει
1256 1011 1313 1063 δὲ
1341 1010 1479 1064 κατὰ
1517 1012 1614 1084 τὴν
1635 1012 1858 1066 ἀκολου-

275 1095 404 1150 θίαν
430 1098 529 1168 τῆς
551 1098 813 1166 γενέσεως
838 1099 1142 1171 ἐπαχθῆναι
1166 1103 1265 1173 τὴν
1302 1101 1678 1175 διακόσμησιν.

893 1279 1249 1346 Ἀπόκρισις.

353 1366 452 1421 Διὰ
501 1367 598 1439 τὴν
647 1367 944 1437 μέλλουσαν
986 1369 1315 1424 ἀνακύπτειν
1338 1370 1593 1426 πολύθεον
1625 1373 1856 1444 πλάνην,

275 1459 382 1532 τὴν
414 1459 508 1512 καὶ
527 1459 620 1512 νῦν
644 1458 976 1530 κατέχουσαν
997 1461 1122 1522 τοὺς
1139 1460 1386 1526 πολλοὺς,
1414 1461 1564 1530 ἥλιον
1585 1461 1703 1515 ἀντὶ
1720 1461 1854 1515 Θεοῦ

276 1551 562 1615 σέϐοντας,
598 1552 690 1604 καὶ
722 1551 916 1615 ἀθέους
943 1553 1000 1604 ἐν
1023 1553 1179 1605 νυκτὶ
1209 1553 1574 1623 ὑπάρχοντας,
1605 1556 1670 1624 τῇ
1707 1554 1855 1606 ὲκεί-

275 1659 374 1695 νου
395 1641 544 1695 δύσει
565 1659 578 1673 ·
609 1644 681 1713 μή
711 1659 841 1695 ποτε
867 1643 1193 1713 νομισθῶσιν
1216 1645 1262 1696 οἱ
1289 1644 1488 1716 καρποὶ
1508 1646 1572 1714 τῇ
1589 1644 1681 1696 τοῦ
1705 1643 1853 1715 ἡλίου

276 1730 463 1802 θέρμῃ
492 1729 844 1800 ἐκϐληθέντες
885 1733 983 1801 τῆς
1037 1732 1139 1801 γῆς
1190 1731 1510 1796 πέπτεσθαι,
1560 1735 1654 1786 καὶ
1695 1734 1753 1785 οὐ
1787 1736 1854 1806 τῇ

275 1824 462 1876 πάντα
493 1823 904 1896 πρυτανευούσῃ
929 1823 1048 1894 θείᾳ
1075 1824 1234 1898 ῥώμῃ
1267 1824 1597 1878 τελειοῦσθαι
1626 1824 1856 1879 ἕκαστον

276 1917 421 1988 πρὸς
446 1919 503 1970 τὸ
558 1917 649 1970 ὑπ’
689 1917 900 1986 ἐκείνης
955 1918 1168 1988 ὁρισθὲν
1207 1917 1452 1988 μέγεθος.
1487 1919 1558 1970 Ἦ
1591 1914 1658 1972 αὖ
1694 1918 1856 1974 πάλιν

280 2009 360 2080 μή
394 2024 524 2060 ποτε
545 2007 782 2079 ἀρχηγὸν
816 2009 909 2062 καὶ
954 2009 1166 2080 πατέρα
1213 2009 1386 2078 φωτὸς
1415 2011 1504 2064 τὸν
1548 2011 1700 2080 ἥλιον
1739 2014 1850 2084 οίη-

277 2098 418 2152 θῶσί
445 2115 612 2162 τινες,
633 2098 722 2152 διὰ
753 2099 910 2152 τοῦτο
935 2100 1280 2170 πρεσϐυτέρα
1302 2101 1398 2172 τῆς
1421 2102 1672 2173 οὐρανίου
1695 2105 1726 2174 ή
1756 2103 1856 2175 τῆς

279 2193 384 2262 γῆς
417 2191 793 2261 διακόσμησις.

873 2305 1118 2358 ΠΕΥΣΙΣ
1138 2306 1263 2361 Πθι.

353 2418 464 2472 Καὶ
485 2417 571 2471 διὰ
597 2419 650 2472 τί
685 2417 760 2490 μὴ
786 2421 851 2490 τῇ
893 2418 1080 2491 πρώτῃ
1140 2421 1343 2492 ἡμέρᾳ,
1370 2423 1469 2493 τῆς
1509 2424 1744 2480 ἀϐύσσου
1774 2426 1855 2481 ἔτι

279 2508 583 2580 ἐπεχούσης
611 2509 679 2562 τὰ
715 2511 1032 2582 ἐπουράνια,
1057 2512 1152 2565 καὶ
1171 2515 1334 2584 μήπω
1351 2515 1704 2587 συναχθείσης
1720 2518 1856 2589 πρὸς

283 2601 415 2671 μίαν
449 2602 789 2673 συναγωγὴν,
817 2602 892 2674 μὴ
919 2603 1174 2675 ἐποίησεν
1192 2604 1341 2676 ἥλιον
1379 2607 1471 2660 καὶ
1506 2607 1733 2680 σελήνην
1762 2611 1856 2663 καὶ

280 2693 518 2765 ἀστέρας
536 2711 552 2760 ;

530 2842 543 2850 ,
892 2790 1252 2857 Ἀπόκρισις.

366 2878 518 2931 Ἐπεὶ
557 2877 767 2932 οὐδέπω
795 2875 863 2950 ἦν
895 2879 956 2933 τὸ
985 2880 1270 2951 στερέωμα
1309 2881 1365 2932 ἐν
1413 2874 1457 2949 ᾧ
1495 2881 1543 2934 οί
1571 2883 1855 2955 φωστῆρες

284 2968 517 3038 ἧμελλον
539 2969 904 3024 ἀνατίθεσθαι.
949 2971 1050 3023 Ἑν
1082 2968 1240 3038 ἀρχῇ
1269 2969 1398 3042 γὰρ,
1437 2973 1620 3043 φησὶν,
1652 2973 1856 3044 ἐποίη-

283 3077 400 3114 σεν
420 3062 453 3113 ὀ
479 3060 615 3127 Θεὸς
644 3061 750 3114 τὸν
770 3060 1048 3128 οὐρανὸν,
1081 3062 1178 3115 καὶ
1206 3060 1323 3130 τὴν
1347 3060 1486 3132 γῆν
1523 3064 1582 3116 οὐ
1612 3062 1703 3117 τὸν
1723 3063 1855 3136 όρώ-

285 3165 465 3221 μενον,
494 3149 628 3203 ἀλλὰ
655 3148 744 3202 τὸν
770 3149 1160 3221 ὑπερκείμενον
1183 3149 1278 3204 τοῦ
1307 3151 1605 3222 ὁρωμένου.

895 3266 1144 3320 ΠΕΥΣΙΣ
1183 3271 1254 3334 ιιι.
1292 3335 1296 3338 ,

345 3355 412 3412 Τί
437 3352 532 3412 οῦν
552 3357 644 3412 καὶ
668 3355 869 3427 πλῆθος
891 3357 1070 3426 λέγεις
1095 3358 1337 3430 οὐρανῶν
1373 3359 1638 3431 ὑπάρχειν
1689 3361 1857 3434 ὑπερ-

279 3451 393 3510 ἀνω
417 3451 510 3506 τοῦ
538 3451 939 3524 στερεώματοςς

895 3541 1256 3610 Ἀπόκρισις.

363 3632 624 3704 Ἀριθμὸν
658 3633 755 3704 μὲν
783 3633 956 3698 οὐδεὶς
996 3635 1105 3688 τῶν
1137 3634 1436 3688 θεσπεσίων
1475 3634 1692 3688 πώποτε
1748 3637 1857 3690 άπ-

281 3729 517 3799 εφήνατο
541 3726 678 3797 πλὴν
695 3726 789 3782 τοῦ
815 3725 1018 3798 ὑψηλοῦ
1043 3727 1385 3793 ’Δποστόλου,
1411 3727 1516 3790 ἕως
1535 3727 1718 3799 τρίτου
1743 3728 1858 3782 δια-

281 3821 675 3889 πεφοιτηκέναι
703 3819 962 3890 βοῶντος·
996 3821 1056 3873 οὐ
1089 3820 1268 3890 μέντοι
1303 3819 1495 3892 μέχρις
1521 3819 1700 3874 αὐτῶν
1730 3820 1857 3891 στή-

285 3928 384 3976 σας
416 3911 506 3964 τὸν
533 3911 784 3983 ἀριθμόν.
825 3912 899 3965 Τὸ
924 3911 1032 3983 γὰρ
1059 3912 1227 3982 φῆσαι
1263 3910 1579 3983 ἁρπαγέντα
1610 3911 1714 3974 ἓως
1741 3910 1858 3980 τρί-

282 4021 376 4057 του
404 4003 658 4076 οὑρανοῦ,
687 4003 752 4057 δι’
781 4003 982 4076 ἄρθρου
1025 4003 1140 4068 τοῦ,
1183 4003 1316 4070 ἕως,
1359 4003 1652 4074 ὑπῃνίξατο
1685 4003 1855 4072 ὑπερ-

285 4099 497 4152 κεῖσθαι
519 4097 613 4150 καὶ
634 4096 719 4148 ἑτέ
729 4113 852 4165 ρους
874 4095 982 4150 τῶν
1005 4095 1189 4168 τριῶν.
1213 4096 1320 4149 Καὶ
1341 4095 1504 4148 Δαϐὶδ
1523 4097 1552 4148 ὁ
1570 4094 1677 4148 τῶν
1701 4093 1857 4148 θείων

290 4187 546 4259 μελῳδὸς,
584 4187 812 4242 Αἰνεῖτε
852 4188 961 4240 τὸν
998 4188 1237 4256 Κύριον,
1284 4187 1469 4258 φησὶν,
1509 4186 1577 4239 ἐκ
1607 4183 1726 4239 τῶν
1759 4186 1858 4240 οὐ·

283 4278 513 4350 ραν-ῶν·
561 4280 654 4332 καὶ
680 4279 728 4332 oi
758 4279 885 4350 περὶ
918 4278 1009 4334 τὸν
1049 4278 1294 4333 Ἀνανίαν
1327 4278 1633 4344 θεσπέσιοι,
1670 4279 1861 4332 £0.10-

288 4371 459 4440 νεῖτε,
480 4372 664 4440 φασὶν,
682 4372 736 4423 οἱ
761 4370 1000 4437 οὐρανοὶ
1023 4371 1263 4438 Κυρίου,
1286 4369 1392 4423 τὸν
1412 4370 1633 4439 Κύριον
1649 4387 1664 4402 ο
1695 4368 1862 4440 ἄμφω

288 4463 376 4516 τὸν
403 4463 632 4534 ἀριθμὸν
661 4462 749 4516 διὰ
778 4461 871 4515 τοῦ
902 4460 1208 4532 πνεύματος
1241 4463 1632 4530 σιωπήσαντες.
1666 4462 1731 4514 Τί
1752 4460 1861 4533 γὰρ

289 4555 436 4627 ἡμᾶς
476 4556 659 4626 ὀνήσει
704 4555 793 4608 τὸν
838 4556 1131 4624 κορυφαῖον
1167 4553 1259 4606 καὶ
1286 4553 1581 4624 ὑπέρτερον
1608 4553 1700 4607 τοῦ
1739 4553 1862 4624 άριο

290 4648 429 4720 θμοῦ
459 4647 747 4716 γινώσκειν
778 4646 1024 4717 οὐρανὸν,
1056 4645 1191 4716 μηδὲ
1217 4645 1310 4698 τοῦ
1337 4645 1576 4716 πρώτου,
1598 4647 1690 4698 καὶ
1719 4645 1862 4718 ὑπὲρ

291 4739 530 4808 κεφαλῆς
550 4738 726 4810 ἡμῶν.
753 4738 1006 4809 ἐπιϐῆναι
1030 4741 1094 4809 τῇ
1126 4736 1330 4807 διανοίᾳ
1361 4736 1730 4807 βουλομένους,
1760 4736 1861 4808 ὕλῃ

295 4827 663 4900 βαρουμένους
691 4829 784 4882 καὶ
829 4828 1045 4892 πάθεσι,
1078 4827 1138 4880 τὸ
1165 4827 1501 4897 διανοητικόν
1529 4827 1861 4898 ἠμαυρωμέ-

293 4937 392 4987 νοι,
419 4920 554 4992 πρὸς
586 4919 655 4974 τὰ
680 4919 830 4973 κάτω
859 4920 952 4972 καὶ
982 4919 1156 4989 χαμαὶ
1180 4917 1407 4988 κείμενα
1437 4917 1758 4989 κεχηνότες;

881 5111 1128 5164 alarm}:
1164 5111 1282 5178 l,A'.

363 5201 430 5253 Τί
460 5195 586 5266 οῦν;
635 5199 762 5253 ἄλλο
788 5200 1028 5271 νομίζεις
1063 5203 1127 5271 τῇ
1160 5201 1316 5269 φύσει
1353 5201 1445 5255 τὸν
1474 5202 1862 5274 ὑπερκείμενον

295 5293 448 5364 παρὰ
471 5292 561 5346 τὸν
585 5291 859 5364 ὁρώμενον
890 5293 1075 5346 τοῦτον
1101 5293 1195 5346 καὶ
1225 5294 1508 5364 στερέωμα
1536 5294 1859 5366 λεγόμενον;

907 5471 1260 5540 Ἀπόκρισις.

363 5560 709 5633 Λεπτοτέρας
749 5563 946 5627 αὐτοὺς
998 5564 1263 5636 ὑπάρχειν
1307 5565 1494 5629 οὐσίας
1541 5567 1683 5638 φημὶ
1711 5567 1861 5639 παρὰ

292 5652 387 5709 τὸν
423 5653 834 5727 ὑστερούμενον,
869 5655 944 5720 ώς
985 5655 1433 5728 ὑπερτεροῦντας,
1471 5657 1564 5711 καὶ
1603 5659 1862 5729 κουφοτέ-

1688 302 2031 365 DIALOGUS
2078 311 2122 367 l.

3427 329 3537 389 951

1959 429 2054 492 tia,
2090 441 2141 486 et
2173 448 2238 487 ex
2293 433 2407 504 ipsa
2464 450 2658 493 rursus
2701 439 3047 504 enascentia;
3112 440 3370 497 animalia
3405 460 3541 500 vero

1956 524 2124 578 semel
2151 525 2219 578 ab
2244 525 2358 596 ipsa
2393 529 2674 598 producta,
2705 547 2810 586 non
2848 533 3084 602 amplius
3111 549 3173 588 ex
3211 533 3348 603 ipsa,
3383 538 3476 590 sed
3506 552 3538 592 a

1955 615 2375 674 succedentibus
2405 631 2783 688 procreantur.

2305 727 2821 787 INTERROGATIO
2861 734 3192 794 LXXXVIII.

2027 839 2206 906 Quare
2227 857 2332 896 non
2357 845 2554 898 ecnlum
2585 853 2845 915 tanquam
2870 851 3105 918 primum
3137 868 3165 905 a
3197 869 3255 908 se
3285 863 3533 910 creatum

1957 936 2262 1000 exornavit,
2292 936 2385 990 sed
2418 937 2538 1005 ejus
2557 955 2678 1009 qua:
2698 951 2819 1010 post
2844 944 2973 999 illud
3002 947 3220 1001 condita
3247 956 3350 1006 est.
3377 956 3539 1004 terra!

1959 1026 2194 1094 priorem
2224 1042 2412 1082 curam
2443 1029 2653 1093 habuit.
2688 1048 2812 1087 cum
2850 1043 3030 1090 tamen
3061 1039 3360 1094 secundum
3397 1055 3533 1094 con-

1959 1121 2297 1188 sequentiam
2335 1123 2629 1180 creationis
2670 1125 2895 1181 deberet
2941 1128 3124 1184 addita
3171 1131 3344 1186 fuisse
3393 1132 3537 1188 caelo

1958 1211 2192 1280 primum
2225 1215 2546 1270 exornatio?

2592 1303 2900 1375 Responsio.

2030 1389 2265 1461 Propter
2287 1407 2528 1449 errorem
2561 1395 2626 1450 de
2655 1398 3001 1455 multitudine
3033 1399 3257 1455 deorum
3290 1401 3385 1472 qui
3421 1402 3537 1457 ori-

1961 1489 2118 1538 turus
2143 1491 2280 1548 erat,
2306 1486 2398 1555 qui
2423 1487 2586 1540 etiam
2611 1504 2756 1543 nunc
2784 1489 2926 1559 apud
2957 1492 3161 1547 multos
3187 1493 3416 1558 obtinet,
3439 1493 3533 1563 qui

1961 1573 2128 1628 solem
2159 1589 2256 1642 pro
2281 1574 2380 1629 deo
2410 1577 2619 1644 colunt,
2654 1594 2778 1632 cum
2815 1589 2978 1634 noctu
3011 1581 3077 1636 ad
3101 1582 3249 1635 illius
3275 1598 3532 1637 occasum

1961 1663 2072 1718 sint
2117 1663 2290 1733 impii,
2340 1681 2407 1720 ne
2449 1668 2855 1724 existimaretur
2907 1671 3124 1728 fructus
3171 1675 3353 1730 ealore
3401 1675 3535 1730 solis

1957 1753 2252 1824 productos
2279 1770 2308 1808 a
2349 1763 2495 1810 terra
2523 1757 2720 1828 digeri.
2747 1769 2800 1815 et
2833 1776 2941 1816 nou
2968 1763 3036 1818 ab
3069 1765 3312 1818 omnium
3351 1765 3536 1819 mode-

1957 1843 2159 1898 ratrice
2183 1844 2367 1898 divina
2392 1849 2633 1915 potentia
2667 1852 3098 1921 unumquodque
3120 1853 3304 1922 perﬁci
3326 1853 3392 1907 ad
3415 1869 3532 1909 eam

1959 1951 2080 2006 quae
2107 1937 2175 1990 ab
2213 1936 2304 1990 illa
2339 1937 2562 1992 delinita
2609 1947 2716 2004 est,
2747 1942 3206 2011 magnitudinem,
3236 1944 3319 2000 vel
3347 1945 3535 2012 etiam,

1956 2042 2028 2082 ne
2072 2037 2351 2084 auctorem
2390 2037 2445 2085 et
2492 2039 2702 2101 patrem
2754 2033 2894 2088 lucis
2930 2033 3100 2088 solem
3143 2043 3400 2104 putarent
3439 2037 3541 2091 ali-

1957 2119 2074 2188 qui,
2119 2135 2239 2175 eam
2288 2121 2359 2176 ob
2407 2136 2628 2178 causam
2679 2132 2822 2179 terra
2867 2123 3207 2220 priusquam
3228 2127 3426 2182 cmlum
3459 2137 3543 2184 est

1957 2220 2241 2266 exornata.

2338 2322 2858 2381 INTERROGATIO
2896 2325 3186 2382 LXXXIX.

2029 2432 2095 2488 Et
2143 2450 2314 2505 quare
2349 2451 2458 2490 non
2513 2437 2602 2491 die
2659 2439 2878 2507 primo,
2927 2440 3130 2509 abysso
3170 2439 3351 2492 adhuc
3397 2438 3542 2493 obti-

1957 2533 2120 2581 nente
2159 2526 2441 2593 coelestia,
2501 2527 2858 2598 nondumque
2907 2537 3236 2600 congregata
3282 2543 3422 2598 aqua
3470 2528 3539 2583 ad

1957 2615 2434 2684 congregationem
2481 2630 2644 2668 unam
2675 2654 2691 2681 ,
2744 2615 2875 2670 fecit
2929 2618 3103 2672 solem
3157 2628 3212 2672 et
3251 2617 3436 2672 lunam
3483 2627 3542 2674 et

1959 2705 2180 2759 stellas?

2597 2796 2901 2867 Responsio.

2029 2885 2106 2940 Eo
2140 2886 2282 2958 quod
2328 2887 2568 2942 nondum
2613 2898 2732 2944 erat
2769 2891 3170 2946 lirmamentum
3212 2891 3268 2946 in
3310 2907 3422 2962 quo
3460 2892 3543 2946 lu-

1956 2977 2188 3032 minaria
2237 2990 2395 3033 erant
2444 2982 2778 3048 reponenda.
2840 2979 2909 3033 In
2953 2982 3213 3050 principio
3250 2983 3418 3046 enim,
3458 2982 3544 3036 in-

1955 3068 2093 3139 quit,
2129 3069 2253 3138 fecit
2301 3069 2441 3123 Deus
2489 3071 2676 3124 caelum
2717 3080 2765 3125 et
2819 3079 3016 3124 terram
3061 3072 3125 3127 ⁵⁸.
3162 3071 3280 3126 Νοη
3313 3072 3364 3126 id
3395 3072 3542 3142 quod
3619 3077 3627 3085 '

1957 3161 2220 3222 cernitur.
2260 3161 2354 3216 sed
2391 3176 2557 3231 supra
2590 3161 2644 3216 id
2681 3161 2826 3232 quod
2862 3163 3131 3227 cernitur,
3157 3164 3542 3220 constitutum.

2410 3269 2936 3328 INTERROGATIO
2975 3271 3088 3328 XC.

2027 3359 2167 3416 Num
2201 3368 2255 3415 et
2292 3361 2699 3418 multitudinem
2735 3362 2878 3418 dicis
2921 3363 3189 3419 ccelorum
3223 3379 3346 3420 esse
3376 3379 3542 3436 supra

1960 3450 2366 3506 ﬁrmamentum
2390 3451 2414 3506 ?

2596 3541 2904 3612 Responsio.

2027 3631 2328 3688 Numerum
2389 3634 2610 3704 quidem
2671 3635 2862 3690 nullus
2919 3643 3239 3690 sanctorum
3302 3651 3542 3708 unquam

1957 3724 2353 3795 pronuntiavit,
2379 3734 2607 3795 excepto
2643 3726 2846 3780 eximio
2884 3728 3173 3796 Apostolo,
3209 3729 3301 3797 qui
3333 3730 3400 3784 ad
3434 3738 3545 3785 ter-

1958 3819 2092 3873 tium
2125 3832 2185 3872 se
2208 3817 2524 3888 pervenisse
2552 3817 2754 3871 clamat
2784 3818 2849 3871 δ’.
2883 3817 3002 3873 Non
3029 3830 3208 3874 tamen
3243 3821 3296 3874 in
3332 3836 3399 3875 eo
3434 3837 3540 3875 nu-

1957 3921 2168 3962 merum
2219 3906 2461 3975 ipsorum
2515 3905 2786 3971 collocat;
2851 3922 2977 3960 nam
3033 3908 3180 3978 quod
3249 3909 3426 3980 inquit
3483 3925 3544 3965 se

1959 4007 2179 4070 raptum
2225 3999 2279 4053 in
2330 3998 2552 4053 tertium
2587 3997 2786 4053 caelum
2820 4014 3016 4068 usque,
3073 4015 3170 4070 per
3222 4001 3538 4064 articulum,

1958 4105 2141 4160 usque,
2172 4087 2463 4144 subinnuit
2491 4089 2656 4144 etiam
2689 4088 2828 4144 alios
2858 4104 3025 4160 supra
3067 4097 3178 4146 tres
3207 4091 3539 4145 constitutos

1961 4196 2102 4236 esse.
2163 4179 2229 4234 Et
2291 4179 2526 4236 Davides
2585 4179 2896 4235 divinorum
2967 4189 3159 4235 auctor
3213 4181 3538 4247 carminum,

1960 4271 2202 4326 Loudale
2224 4271 2506 4325 Dominum
2533 4286 2598 4326 ea:
2632 4272 2796 4337 ca’lis,
2823 4271 3001 4342 inquit
3037 4274 3102 4324 '°.
3141 4271 3205 4326 Et
3239 4272 3372 4328 socii
3397 4272 3541 4326 Ana-

1962 4365 2066 4418 niae
2093 4364 2284 4427 divini,
2315 4363 2634 4426 Beuedicite,
2681 4363 2956 4433 inquiunt,
3008 4365 3125 4419 cwli
3169 4364 3400 4442 Domini,
3429 4361 3541 4416 Do-

1961 4457 2162 4510 minum
2200 4457 2244 4487 “
2278 4475 2290 4510 :
2332 4457 2546 4526 utrique
2595 4471 2881 4510 numerum
2938 4471 3033 4526 per
3072 4455 3323 4525 spiritum
3361 4453 3542 4509 subti-

1962 4556 2174 4604 centes.
2197 4547 2336 4613 Quid
2365 4547 2510 4602 enim
2535 4563 2638 4602 nos
2654 4545 2871 4616 juvabit
2904 4563 3200 4609 summum,
3236 4555 3288 4601 et
3313 4560 3542 4600 numero

1962 4642 2218 4712 superius
2249 4640 2392 4695 scire
2422 4639 2642 4703 cwlum,
2669 4654 2795 4693 cum
2841 4655 2909 4694 ne
2953 4639 3006 4694 id
3048 4637 3266 4708 quidem
3291 4637 3436 4707 quod
3457 4644 3543 4692 est

1961 4742 2087 4788 ante
2114 4741 2170 4788 et
2197 4747 2362 4802 super
2387 4733 2566 4802 capita
2597 4739 2809 4795 nostra,
2843 4730 3213 4787 conscendere
3246 4737 3424 4784 ineute
3447 4743 3543 4783 ve-

1961 4825 2148 4891 limus,
2178 4824 2403 4880 materie
2430 4837 2617 4879 crassa
2649 4822 2854 4894 gravati
2886 4829 2940 4878 et
2963 4821 3268 4885 all‘ectibus,
3302 4819 3355 4875 id
3392 4819 3538 4890 quod

1960 4923 2144 4971 mente
2179 4913 2385 4984 percipi
2433 4920 2630 4982 potest,
2677 4913 3060 4979 obscurantcs,
3104 4909 3457 4966 inferioribus
3485 4918 3542 4965 ct

1962 5008 2111 5064 humi
2138 5007 2336 5078 positis
2364 5021 2582 5076 semper
2613 5006 2920 5062 inhiantes?

2405 5110 2610 5165 INTER
2621 5108 2922 5166 IIOGATIO
2959 5110 3096 5166 XCI.

2033 5203 2175 5272 Quid
2203 5203 2406 5274 igitur?
2437 5218 2566 5257 num
2595 5201 2740 5256 aliud
2765 5202 3068 5258 secundum
3105 5212 3355 5259 naturam
3379 5212 3540 5275 putas

1965 5296 2014 5350 id
2049 5295 2196 5365 quod
2231 5309 2394 5364 supra
2427 5294 2666 5366 positum
2706 5302 2812 5359 est,
2863 5294 2932 5349 ab
2971 5310 3037 5350 eo
3071 5295 3217 5366 quod
3240 5296 3537 5358 cernimus,

1962 5395 2016 5440 et
2046 5385 2445 5440 ﬁrmamentum
2479 5385 2754 5441 dicimus?

2596 5475 2902 5545 Responsio.
3025 5485 3076 5535 ι

2040 5567 2357 5624 Subtilioris
2387 5568 2476 5622 illa
2510 5582 2633 5622 esse
2670 5565 2991 5623 substantim
3021 5563 3160 5619 -dieo
3195 5563 3266 5619 ab
3291 5578 3358 5619 eo
3389 5563 3532 5636 quol

1969 5657 2267 5716 secundum
2305 5665 2410 5719 est,
2444 5667 2698 5728 tanquam
2723 5655 3009 5727 superiora
3041 5662 3096 5712 et
3132 5654 3337 5712 leviora
3389 5655 3534 5713 velut

367 5790 418 5823 “
451 5790 588 5849 Gen.
621 5808 657 5859 ι,
690 5794 738 5849 l.
818 5793 877 5868 δ’.
903 5790 948 5849 ll
980 5792 1101 5850 Cor.
1131 5809 1230 5861 xu,
1258 5794 1312 5848 2.
1389 5795 1433 5828 ⁸ο
1473 5793 1614 5853 Psal.
1653 5811 1852 5854 csum

2037 5799 2079 5832 "
2122 5797 2254 5853 Dan.
2286 5811 2365 5861 ιιι,
2405 5795 2489 5850 59.
