4048 6222
243 323 354 380 957

240 438 363 494 ἀλλ’
390 436 621 509 ἐπεδέθη
663 439 832 511 αὐτῆς
872 442 905 512 ἡ
935 443 1164 511 ούδενία,
1193 444 1289 499 τοῦ
1323 447 1661 519 Σολομῶντος
1700 449 1821 502 ἑπι-

245 529 548 599 6οησαντος
568 547 583 559 ·
637 530 1010 600 ’Υψηλότερά
1035 550 1152 591 σου
1181 536 1268 606 μὴ
1296 536 1468 604 ζήτει,
1513 538 1610 593 καί
1635 540 1826 604 βαθύ-

245 619 391 688 τερά
438 636 557 676 σου
596 622 684 692 μὴ
732 622 983 688 ἐξέταζε.
1033 629 1099 681 ’Δ
1131 630 1437 701 προσετὰγη
1482 648 1562 684 σοι
1591 671 1606 693 ,
1650 632 1826 687 ταῦτα

243 713 483 777 διανοοῦ,
520 715 790 769 πιστεύων
814 716 912 788 τὴν
951 724 1272 792 συνεκτικὴν
1310 722 1404 776 τοῦ
1439 724 1635 788 παντὸς
1675 724 1824 778 θείαν

247 808 445 878 ῥώμην
471 807 648 861 πάντα
676 808 1003 879 διακρατεῖν,
1026 811 1121 863 καὶ
1146 810 1359 877 σώζειν,
1377 813 1474 866 καὶ
1494 813 1582 869 διὰ
1605 815 1823 869 πάντων

245 897 426 967 ήκειν,
457 900 554 953 καὶ¹
581 898 933 970 πρυτανεύειν
961 900 1030 954 τὰ
1055 901 1367 973 σύμπαντα.

839 1182 1089 1236 ΠΕγΣιε
1125 1183 1237 1251 ιιΓο.

318 1291 492 1347 Πόθεν
520 1292 766 1361 ἐγένοντο
793 1294 843 1347 οί
869 1293 1156 1366 φωστῆρες
1188 1294 1338 1365 ἥλιος
1380 1295 1475 1349 καὶ
1504 1295 1701 1367 σελήνη
1730 1294 1822 1349 καὶ

237 1384 268 1436 ό
299 1384 411 1437 τῶν
437 1384 651 1453 ἄστρων
674 1384 865 1455 χορόςς
897 1385 977 1438 ὅτι
1006 1386 1105 1456 μὲν
1126 1385 1261 1440 Θεοῦ
1281 1385 1342 1439 τὸ
1366 1386 1545 1457 ἔργον,
1575 1387 1815 1459 οἴδαμεν,

237 1473 383 1529 ἀλλὰ
404 1475 504 1546 τὴν
525 1474 710 1529 οὐσίαν
733 1475 1112 1547 ἐπιζητοῦμεν.

862 1570 1224 1635 Ἀπόκρισις.

328 1658 424 1713 Ἐκ
449 1656 544 1713 τοῦ
569 1660 913 1731 πρωτογόνου
942 1660 1118 1729 φωτὸς
1145 1662 1292 1715 δοκεῖ
1335 1679 1422 1733 μοι
1451 1662 1577 1727 τοὺς
1606 1662 1820 1734 φωστῆ-

240 1767 346 1819 ρας
378 1749 666 1821 ὑπάρχειν.
718 1750 829 1822 Τὴν
854 1750 963 1822 γὰρ
994 1750 1124 1821 ὓλην
1150 1751 1244 1804 τοῦ
1284 1751 1461 1822 φωτὸς
1501 1752 1762 1824 παράγων
1792 1753 1821 1806 ὁ

237 1840 416 1905 θεὸς,
469 1841 603 1912 φησί
628 1857 644 1873 ⁸
700 1842 1023 1911 Γενηθήτω
1065 1838 1209 1912 φῶς,
1253 1843 1352 1897 καὶ
1391 1844 1631 1915 ἐγένετο
1669 1843 1817 1914 φῶς.

238 1930 688 1996 Μετασκευὰζων
706 1933 763 1987 δὲ
784 1934 919 2005 πρὸς
939 1933 1036 1997 τὰς
1054 1934 1345 2007 διαφόρους
1364 1934 1515 2005 ὄψεις
1540 1937 1640 2006 τὴν
1664 1936 1816 2007 ὓλην,

242 2026 378 2096 φησί
397 2041 412 2055 ·
440 2024 877 2093 Γενηθήτωσαν
894 2025 1226 2096 φωστῆρες.
1256 2027 1343 2091 Ὠς
1362 2027 1416 2081 el
1442 2046 1526 2093 τις
1555 2029 1819 2101 πρότερον

238 2115 539 2188 προθαλλοι
577 2115 671 2169 τοῦ
715 2116 943 2186 χρυσίου
976 2116 1186 2187 μάζαν,
1229 2116 1435 2189 ταύτην
1462 2119 1519 2173 δὲ
1550 2121 1630 2183 είς
1662 2119 1816 2192 νομί-

241 2221 426 2276 σματα
447 2204 803 2275 κερματίσας,
823 2204 916 2259 δύο
942 2206 1229 2278 ὑπερέχειν
1249 2208 1328 2279 τῷ
1352 2209 1570 2279 μεγέθει
1593 2210 1813 2283 ποιήσῃ,

240 2295 339 2348 καὶ
378 2295 470 2348 ἐπὶ
517 2293 701 2347 δίσκου
734 2296 1124 2366 παμμεγέθους
1168 2298 1570 2373 κατακολλήσῃ,
1615 2302 1710 2355 καὶ
1747 2305 1812 2374 τῇ

239 2388 412 2457 ὀροφῇ
442 2385 543 2457 τῆς
573 2386 749 2449 οἰκίας
794 2387 1104 2460 ύπαρτήσῃ,
1134 2390 1352 2461 τέρπων
1395 2391 1493 2462 μὲν
1530 2392 1630 2455 τὰς
1667 2392 1817 2462 ὄψεις

236 2478 351 2532 ’τῶν
397 2477 749 2549 ἱστορούντων
770 2519 784 2544 ,
834 2478 1137 2543 ἀθανάτους
1163 2481 1218 2533 δὲ
1265 2480 1436 2535 ποιῶν
1461 2484 1560 2546 τὰς
1594 2484 1815 2554 μνήμας

240 2573 340 2641 τῆς
392 2569 542 2641 σφῶν
588 2570 899 2641 ἀγχινοίας⁹
959 2571 1148 2643 πόρρω
1191 2572 1250 2625 δὲ
1289 2572 1384 2626 τοῦ
1440 2573 1816 2647 περεώματος

240 2662 470 2733 ποιήσας
501 2662 718 2726 αὐτοὺς,
756 2663 878 2717 τότε
907 2664 1181 2737 ὑπέθηκεν
1208 2665 1376 2736 αὐτῷ.
1412 2667 1550 2736 Φησὶ
1577 2667 1686 2737 γὰρ
1718 2667 1816 2719 αὑ-

238 2753 330 2818 τὸς
376 2756 407 2808 ὁ
446 2754 555 2807 τῶν
584 2754 744 2809 θείων
795 2756 1037 2826 Μωσῆς’
1097 2757 1205 2812 Kal
1253 2758 1543 2825 ἐποίησεν
1582 2761 1615 2812 ό
1669 2757 1815 2823 Θεὸς

238 2844 381 2911 τοὺς
418 2844 528 2899 δύο
552 2846 875 2916 pudt-ripae
900 2847 1042 2913 τοὺς
1062 2845 1383 2917 μεγάλους.
1427 2846 1691 2900 Ἐνταῦθά
1723 2865 1812 2919 μοι

238 2935 412 3007 πῆξαν
452 2937 549 3008 τὴν
595 2938 782 3011 ἀκοὴν,
819 2940 1136 3008 ἀξιάγαστε.
1186 2939 1272 2991 Ἐν
1305 2938 1415 3011 γὰρ
1447 2941 1513 3010 τῇ
1562 2939 1704 3004 λέξει
1752 2940 1814 2993 τὸ

239 3028 414 3097 σαφὲς
459 3033 790 3102 παραστήσω
844 3032 944 3103 τῆς
1000 3032 1106 3096 ἐξω
1154 3030 1249 3085 τοῦ
1277 3029 1656 3103 στερεώματος
1684 3033 1814 3087 ’τῶν

240 3120 541 3192 φωστήρων
568 3122 866 3191 γενέσεως·
899 3124 1031 3195 φησὶ
1056 3123 1165 3195 γὰρ
1196 3123 1402 3192 Μωσῆς
1426 3139 1443 3154 ⁸
1493 3123 1602 3178 Καὶ
1650 3123 1815 3179 ἔθετο

236 3210 458 3275 αὐτοὺς
486 3209 558 3262 ἐν
586 3209 667 3276 τῷ
694 3209 929 3279 οὐρανῷ
960 3228 974 3243 ·
1028 3211 1205 3282 δηλῶν
1249 3212 1435 3278 κάτω,
1485 3213 1518 3284 ἢ
1559 3214 1664 3279 ἔξω
1713 3215 1816 3284 τῆς

237 3301 442 3372 ὀροφῆς
472 3300 601 3365 τοὺς
632 3301 867 3367 πίνακας
898 3303 1079 3357 αὐτῶν
1103 3304 1365 3375 γράφων·
1396 3304 1492 3359 καὶ
1516 3301 1617 3359 εἶθ’
1645 3306 1817 3371 οὕτως

239 3392 582 3447 ὑποτίθενται
623 3392 793 3465 αὐτῷ.

825 3485 1076 3539 ΠΕΥΣιΣ
1113 3489 1225 3554 μιν.

316 3594 486 3667 Ὁμοῦ
532 3597 658 3662 τοὺς
705 3597 798 3652 δύο
845 3598 1146 3673 ἔπηξεν,ῆ
1194 3600 1435 3673 ἀλλήλων
1478 3601 1674 3668 αὐτοὺς
1705 3602 1816 3658 διέ-

241 3705 446 3762 στησεν
470 3706 485 3755 ;

855 3783 1215 3851 Ἀπόκρισις.

302 3886 420 3942 Καὶ
456 3886 591 3958 μετὰ
622 3889 719 3960 τὴν
751 3888 851 3960 τῆς
878 3891 981 3961 γῆς
1016 3890 1379 3962 διακόσμησιν
1405 3892 1434 3945 ό
1461 3891 1609 3963 ἥλιος
1636 3890 1815 3962 παρῆ⁶

235 3981 362 4054 χθη,
392 3981 479 4034 ἵνα
512 3981 586 4053 μὴ
628 3981 804 4051 φωτὸς
855 3983 1099 4054 ἀρχηγὸν
1128 3983 1291 4037 αὐτόν
1316 4001 1459 4048 τινες
1487 3982 1815 4054 ὀνομάσωσι,

240 4074 375 4144 μήτε
396 4071 506 4126 τῶν
534 4074 599 4127 ἐκ
631 4073 735 4144 γῆς
768 4073 1052 4145 φυομένων
1082 4074 1432 4146 δημιουργόν.
1464 4074 1688 4146 Πρῶτον
1720 4074 1819 4145 μὲν

235 4166 344 4237 γὰρ
373 4164 470 4219 τοῦ
504 4164 680 4235 φωτὸς
707 4167 740 4236 ἡ
770 4164 932 4236 φύσις
963 4166 1219 4239 παρήχθη
1242 4183 1256 4197 ·
1292 4170 1359 4239 τῇ
1388 4166 1430 4219 δ’
1458 4165 1513 4219 δὲ
1544 4166 1726 4238 ἡμέρᾳ
1754 4166 1815 4219 τὸ

236 4257 462 4328 ἡλιακὸν
505 4257 599 4310 τοῦ
649 4256 898 4329 σώματος
943 4258 1125 4329 ὄχημα
1173 4254 1312 4311 εἶναι
1360 4256 1439 4329 τῷ
1488 4258 1814 4330 πρωτογόνῳ

238 4347 377 4413 ςωτὶ
411 4347 871 4417 παρεσκεύασται,
906 4345 1096 4417 ὥσπερ
1128 4364 1211 4411 τις
1243 4347 1433 4418 λύχνος
1457 4348 1545 4401 διὰ
1570 4346 1816 4420 ἐπιτεθη-

241 4439 467 4511 σόμενον
488 4439 635 4510 αὐτῷ
660 4438 791 4511 πῦρ.
821 4440 1032 4510 Ὠσπερ
1060 4439 1116 4493 δὲ
1144 4440 1328 4512 ἕτερον
1353 4440 1452 4510 μὲν
1477 4441 1509 4512 ή
1531 4441 1814 4511 λευκότης,

238 4531 428 4604 ἓτερον
454 4530 511 4584 δὲ
537 4530 596 4584 τὸ
628 4530 1060 4603 λελευκασμένον
1101 4529 1259 4603 σῶμα
1278 4544 1294 4560 ⁸
1339 4529 1485 4584 οὕτω
1518 4532 1612 4585 καὶ
1643 4532 1818 4585 ταῦτα

238 4622 472 4693 διάφορα
499 4621 629 4676 ὄντα
660 4624 918 4693 ἦνωνται,
953 4623 1001 4675 εί
1033 4622 1126 4676 καὶ
1155 4620 1434 4692 ἀδιαίρετά
1472 4624 1632 4677 εἰσιν.
1679 4622 1817 4674 Ἀλλ’

241 4712 400 4765 ᾶτινα
434 4713 566 4782 ἡμῖν
592 4714 657 4782 τῇ
698 4712 909 4783 ἐπινοίᾳ
949 4712 1055 4765 εἰσὶ
1085 4712 1325 4783 χωριστὰ
1349 4752 1366 4775 ,
1418 4711 1591 4765 ταῦτα
1629 4714 1695 4780 τῇ
1730 4714 1818 4765 ὲν-

239 4801 434 4873 εργεία
454 4800 750 4856 διίστανται
779 4805 844 4873 τῇ
874 4801 1101 4874 δυνάμει
1131 4802 1223 4856 τοῦ
1248 4803 1571 4873 ποιήσαντος
1594 4818 1607 4831 ·
1642 4802 1700 4866 ὃς
1726 4801 1819 4855 καὶ

238 4885 340 4955 τὴν
385 4887 683 4958 καυστικὴν
721 4886 950 4956 δύναμιν
990 4888 1081 4942 τοῦ
1114 4889 1281 4961 πυρὸς
1309 4888 1416 4943 ἀπὸ
1444 4891 1542 4961 τῆς
1567 4889 1818 4961 λαμπρό-

238 4991 400 5045 τητος
427 4974 761 5047 διεχώρισεν,
800 4975 875 5039 ὡς
916 4978 973 5030 ὲν
1015 4979 1081 5047 τῇ
1112 4976 1256 5047 βάτῳ
1294 4977 1390 5030 καὶ
1418 4977 1475 5031 ἐν
1503 4979 1570 5047 τῇ
1602 4976 1818 5048 καμίνῳ

240 5067 349 5121 τῶν
373 5067 540 5138 τριῶν
565 5069 771 5122 παίδων
793 5063 904 5122 οἶόν
928 5087 981 5122 τι
1014 5069 1301 5139 ἀκούομεν,
1332 5071 1425 5124 καὶ
1448 5070 1510 5124 τὸ
1539 5074 1597 5125 ἐν
1624 5074 1689 5143 τῇ
1723 5090 1819 5141 φο-

239 5160 377 5234 ϐερᾷ
399 5161 578 5230 κρίσει
607 5160 719 5232 πῦρ
746 5162 873 5225 τοὺς
893 5161 1133 5225 δικαίους
1157 5158 1407 5232 φωτίζον,
1436 5163 1531 5215 καὶ
1554 5163 1817 5235 πιμπρῶν

240 5249 367 5313 τοὺς
393 5250 775 5321 ἁμαρτωλοὺς,
800 5250 875 5314 ὡς
902 5254 1166 5323 μαρτυρεῖ
1186 5251 1346 5305 Δαϐίδ
1365 5269 1378 5283 ο
1407 5253 1577 5321 Φωνὴ
1595 5253 1818 5321 Κυρίου

237 5341 671 5407 διακόπτοντος
697 5344 894 5413 φλόγα
935 5343 1143 5411 πιιῬός.
1198 5343 1294 5395 Ἐκ
1335 5342 1393 5395 δὲ
1427 5343 1535 5396 τῶν
1566 5345 1694 5415 περὶ
1726 5361 1817 5398 σε-

238 5431 408 5502 λήνην
437 5432 624 5488 παθῶν
654 5432 763 5486 τῶν
798 5432 1145 5504 ζητουμένων
1186 5432 1487 5503 κατάληψις
1514 5451 1527 5465 ·
1579 5435 1819 5507 λήγουσα

238 5525 371 5593 γὰρ,
403 5522 465 5575 ού
491 5521 569 5594 τῷ
605 5525 770 5579 παντὶ
798 5525 969 5596 αὐτῆς
999 5524 1211 5596 σώματι
1237 5524 1706 5592 δαπανᾶται,όιλλὰ
1736 5528 1816 5599 τῷ

236 5611 622 5685 περικείμενον
657 5616 772 5685 φῶς
805 5615 1220 5687 ἀποτιθεμένην,
1256 5617 1350 5671 καὶ
1380 5616 1815 5688 προσλαμϐάνειν

307 5779 353 5811 ⁸·
393 5776 561 5836 Eccli.
593 5795 674 5848 ιιι,
704 5779 796 5837 εν.
872 5782 915 5815 ³⁹
958 5779 1091 5837 Gen.
1126 5797 1160 5847 ι,
1200 5782 1252 5836 5.

1672 334 2016 395 DIALOGUS
2047 341 2085 395 I.

3390 355 3495 411 938

1928 454 2176 512 inventas
2211 457 2367 514 sedes
2398 459 2536 515 imas
2570 470 2623 516 et
2660 459 2820 517 bases
2846 462 3069 533 insuper
3112 465 3246 521 alias
3276 471 3499 540 emugi-

1928 550 2072 608 tans,
2104 545 2246 599 ultra
2287 562 2424 618 quas
2473 549 2617 618 quod
2665 559 2953 605 succurrat
2987 551 3123 605 nihil
3162 561 3283 620 est;
3336 553 3496 608 Solo-

1926 650 2087 691 mone
2117 637 2462 706 inclatnante,
2498 639 2826 696 Sublimiora
2866 652 2915 697 te
2943 659 3007 697 ne
3039 659 3268 714 quwras,
3301 653 3349 698 et
3374 662 3499 714 pro-

1924 727 2176 796 fumﬁora
2202 738 2252 784 le
2280 746 2344 785 ne
2370 734 2622 787 scrutaris
2651 734 2721 784 ³⁸.
2748 732 2881 801 Qum
2920 734 3018 788 tibi
3062 735 3317 788 mandata
3348 743 3497 797 sunt.

1925 819 2016 873 illa
2063 822 2265 890 cogita,
2308 822 2537 879 credens
2576 824 3032 880 conservatricem
3083 825 3325 881 universi
3360 826 3497 881 divi-

1925 926 2049 965 nam
2081 913 2378 982 potentiam
2408 914 2593 970 omnia
2631 925 2940 972 sustentare
2968 926 3022 973 et
3063 932 3409 982 conservare,
3443 928 3498 973 ct

1924 1002 2110 1056 omnia
2158 1012 2466 1074 penetrare,
2524 1007 2590 1061 ad
2643 1008 3056 1077 gubernandum
3124 1009 3180 1063 in
3242 1009 3496 1065 universa

1925 1105 2129 1147 omnia.

2340 1184 2854 1243 INTERROGATIO
2889 1187 3070 1244 XCIII.

1995 1292 2150 1350 Unde
2184 1293 2326 1350 facta
2355 1305 2485 1351 sunt
2517 1298 2808 1353 luminaria
2841 1301 2923 1355 sol
2956 1311 3010 1357 et
3053 1302 3201 1368 luna,
3229 1311 3284 1358 et
3313 1312 3491 1358 astru-

1922 1400 2043 1441 rum
2073 1388 2291 1444 cmtus?
2311 1387 2467 1454 Quod
2502 1388 2595 1444 Dei
2627 1391 2845 1460 quidem
2878 1392 2948 1448 sit
2967 1392 3243 1462 opiﬁcium
3261 1393 3489 1458 scimus,

1923 1478 2017 1532 sed
2054 1478 2123 1534 de
2154 1479 2464 1536 substantia
2497 1482 2819 1551 quaerimus.

2553 1568 2864 1638 Responsio.

1993 1653 2071 1711 Ex
2106 1656 2429 1727 primigenia
2460 1659 2581 1715 luce
2604 1660 2736 1713 milii
2761 1659 3016 1714 videntur
3038 1660 3327 1717 luminaria
3348 1676 3490 1716 esse.

1919 1744 2054 1799 Nam
2086 1748 2368 1833 materiam
2413 1750 2550 1804 lucis
2580 1751 2891 1820 produccns
2923 1751 3087 1814 Deus,
3124 1751 3334 1822 inquit,
3367 1750 3495 1806 Fiat

1921 1838 2033 1903 lux,
2058 1848 2108 1893 et
2131 1840 2278 1909 facta
2309 1851 2387 1896 est
2426 1842 2518 1895 (ua:
2560 1844 2627 1897 ".
2666 1842 3066 1900 Transmutans
3114 1853 3293 1899 autem
3324 1845 3378 1899 in
3402 1859 3495 1898 va-

1919 1931 2031 1986 rias
2060 1933 2271 2002 species
2308 1935 2615 1998 materiam,
2660 1935 2859 2006 inquit,
2904 1936 3068 1991 Fiant
3100 1938 3387 1991 luminaria
3425 1939 3492 1991 σθ.

1918 2021 2097 2080 Veluti
2130 2025 2175 2079 si
2203 2024 2328 2094 quis
2348 2024 2585 2096 primum
2621 2035 2834 2097 promat
2876 2044 3115 2083 massam
3155 2030 3295 2091 auri.
3330 2044 3494 2098 quam

1918 2111 1973 2166 in
2003 2112 2332 2168 numismata
2364 2126 2581 2181 secans,
2616 2115 2726 2170 duo
2771 2117 3083 2186 praecellere
3124 2117 3496 2188 magnitudine

1920 2203 2109 2270 faciat,
2146 2215 2200 2261 et
2231 2207 2284 2261 in
2317 2205 2451 2262 orbe
2484 2222 2781 2277 pcrmagno
2827 2208 3149 2279 conjuugat.
3187 2208 3498 2278 domusque

1919 2303 2064 2351 tecto
2088 2297 2359 2367 applicet;
2390 2296 2675 2352 oblectans
2710 2296 2929 2367 quidem
2955 2297 3334 2365 aspicientium
3369 2311 3496 2350 ocu-

1916 2388 2022 2451 los,
2058 2388 2385 2443 immortalia
2417 2402 2544 2443 vero
2577 2388 2785 2443 faciens
2820 2397 3173 2443 monumenta
3198 2402 3311 2445 suae
3340 2387 3495 2440 indu-

1918 2478 2109 2545 stria};
2146 2482 2372 2548 ipsaque
2433 2479 2623 2546 procul
2689 2494 2720 2532 ιι
2787 2480 3129 2532 ﬁrmamento
3181 2491 3489 2539 removens,

1916 2568 2174 2638 deinceps
2207 2570 2282 2623 illi
2318 2568 2572 2637 subjecit.
2621 2567 2802 2636 Inquit
2844 2568 2989 2622 enim
3028 2566 3145 2636 ipse
3180 2566 3491 2619 divinorum

1917 2668 2206 2713 enarrator
2234 2657 2435 2723 Moses,
2468 2656 2535 2711 Et
2566 2657 2690 2727 fecit
2726 2655 2863 2710 Deus
2894 2656 3183 2709 luminaria
3206 2670 3401 2723 magna
3420 2654 3488 2707 σί.

1919 2744 2018 2802 Ilic
2059 2747 2190 2801 mihi
2239 2755 2477 2802 attentas
2516 2762 2680 2801 aures
2731 2746 2930 2816 praebe,
2955 2749 3011 2798 ὀ
3051 2744 3326 2814 praeclare.
3354 2740 3490 2795 Nam

1916 2850 1983 2890 ex
2015 2835 2133 2906 ipsa
2158 2836 2469 2892 elocutione
2497 2834 2844 2891 manifestum
2883 2833 3104 2898 faciam,
3139 2830 3491 2886 luminarium

1918 2926 2252 2982 creationem
2292 2936 2449 2982 extra
2496 2927 2897 2982 ﬁrmamentum
2943 2942 3086 2981 esse.
3130 2924 3312 2994 lnquit
3343 2922 3492 2977 enim

1920 3017 2121 3084 Moses,
2148 3017 2217 3071 Et
2242 3020 2418 3087 posuit
2448 3035 2511 3073 ea
2531 3020 2583 3072 in
2614 3019 2741 3073 cozlo
2772 3019 2838 3083 ⁸³,
2869 3016 3131 3072 inferiora
3152 3016 3492 3086 signiﬁcans,

1919 3116 2012 3162 aut
2032 3117 2186 3164 extra
2223 3116 2424 3164 tectum
2454 3110 2618 3165 orbes
2651 3110 2897 3181 ipsorum
2935 3109 3278 3173 describens,
3303 3106 3495 3177 sicque

1918 3197 2116 3254 deinde
2146 3199 2194 3254 ei
2226 3200 2473 3270 subjecta
2504 3215 2648 3256 esse.

2340 3480 2854 3537 INTERROGATIO
2890 3481 3074 3537 XCIV.

1985 3588 2124 3641 Num
2162 3587 2323 3643 simul
2358 3590 2446 3645 illa
2482 3593 2591 3647 duo
2620 3591 3014 3657 constabulivit,
3042 3598 3137 3644 aut
3175 3605 3203 3644 a
3259 3606 3317 3646 se
3354 3587 3493 3644 iuvi-

1920 3693 2037 3736 cem
2070 3678 2386 3750 disjunxit?

2551 3770 2859 3841 Responsio.

1990 3875 2166 3932 Etiam
2220 3887 2345 3949 post
2384 3885 2545 3933 terrae
2599 3879 3016 3934 exornationem
3068 3879 3151 3935 sol
3196 3877 3497 3949 productus

1919 3975 2025 4031 est,
2054 3984 2121 4024 ne
2150 3967 2330 4039 ipsum
2390 3967 2559 4037 aliqui
2602 3968 2743 4024 lucis
2793 3977 3072 4023 auctorem
3122 3970 3492 4032 nominarent,

1920 4075 2058 4116 neve
2095 4059 2162 4115 de
2193 4068 2337 4115 terra
2388 4060 2729 4115 nascentium
2762 4060 3033 4130 Opiliccm.
3070 4057 3312 4113 Primum
3346 4059 3491 4113 enim

1921 4151 2063 4207 lucis
2096 4157 2289 4205 natura
2314 4149 2578 4221 producta
2607 4157 2709 4206 est.
2764 4149 2974 4215 Quarto
3005 4164 3132 4203 vero
3167 4147 3255 4203 die
3296 4148 3493 4205 solaris

1920 4244 2173 4314 corporis
2198 4257 2399 4298 currus
2429 4242 2767 4313 primigenia:
2808 4241 2915 4295 luci
2948 4247 3173 4311 paratus
3197 4248 3303 4303 est,
3348 4237 3494 4293 velut

1922 4335 2103 4407 aliqua
2182 4334 2409 4389 lucerna
2483 4341 2707 4403 propter
2764 4332 3080 4401 impositum
3130 4329 3233 4386 sibi
3290 4329 3491 4400 ignem.

1921 4425 2388 4493 Quemadmodum
2439 4432 2623 4479 autem
2672 4422 2822 4477 aliud
2879 4423 3100 4494 quidem
3145 4428 3228 4477 est
3278 4412 3493 4482 albedo',

1921 4518 2067 4574 aliud
2094 4534 2225 4575 vero
2244 4518 2559 4573 dealbatum
2607 4531 2809 4586 corpus
2843 4533 2855 4569 :
2892 4515 2973 4569 sic
3028 4522 3083 4568 et
3129 4513 3242 4566 haec
3275 4511 3493 4566 diversa

1920 4626 2043 4666 cum
2072 4610 2203 4677 sint,
2235 4610 2387 4664 unita
2413 4616 2562 4673 sunt,
2607 4608 2737 4663 licet
2773 4605 3012 4662 discreta
3042 4605 3171 4659 sint.
3204 4602 3495 4657 Enimvero

1920 4717 2041 4772 quae
2069 4702 2325 4773 opinione
2377 4709 2563 4757 nostra
2626 4708 2755 4756 sunt
2784 4696 3131 4769 separabilia,
3178 4694 3495 4766 Operatione

1919 4793 2198 4857 differunt,
2229 4795 2420 4848 virtute
2453 4793 2571 4861 ejus
2611 4792 2704 4861 qui
2748 4790 2896 4845 fecit.
2936 4788 3039 4856 Qui
3067 4796 3121 4844 et
3149 4786 3341 4842 urendi
3381 4786 3492 4840 vim

1921 4884 1977 4938 in
2004 4884 2128 4955 igne
2155 4899 2184 4938 a
2217 4882 2506 4953 splendore
2532 4880 2824 4952 separavit,
2867 4879 3014 4934 velut
3053 4878 3109 4932 in
3140 4877 3275 4931 rubo
3349 4883 3404 4930 et
3435 4876 3490 4928 in

1921 4975 2143 5031 fornace
2170 4974 2331 5028 trium
2360 4988 2678 5042 puerorum,
2713 4969 3025 5038 cujusmodi
3060 4978 3115 5024 et
3168 4968 3223 5022 in
3263 4965 3493 5021 terribili

1916 5066 2123 5137 judicio
2153 5065 2406 5119 audimus
2434 5063 2612 5134 ignem
2645 5059 2887 5130 fore,qui
2914 5059 3093 5130 justus
3122 5059 3340 5130 quidem
3373 5058 3495 5111 illu-

1921 5158 2113 5219 minet,
2149 5156 2437 5209 comburat
2474 5169 2605 5207 vero
2651 5161 2987 5223 peccatores.
3023 5149 3493 5216 Quemadmodum

1920 5254 2155 5304 testatur
2211 5243 2443 5299 Davides
2481 5262 2493 5297 :
2531 5241 2644 5297 Vox
2671 5242 2887 5297 Domini
2920 5241 3302 5313 perrumpentis
3336 5239 3493 5307 ﬂam-

1923 5355 2065 5393 mam
2092 5337 2226 5409 ignis
2245 5337 2313 5390 ".
2350 5336 2550 5391 Eorum
2573 5349 2703 5390 vero
2734 5351 2856 5406 qua:
2886 5334 2953 5390 de
2975 5334 3321 5403 passionibus
3352 5331 3493 5382 lunae

1928 5439 2269 5504 quaeruntur,
2304 5428 2486 5485 brevis
2514 5427 2933 5498 comprehensio
2972 5434 3075 5489 est,
3122 5422 3264 5493 quod
3298 5421 3491 5474 dcere-

1923 5541 2086 5583 scens
2124 5540 2232 5579 non
2270 5530 2384 5578 toto
2427 5535 2657 5591 corpore
2692 5534 2794 5575 suo
2830 5523 3205 5582 consumatur,
3248 5511 3341 5569 sed
3382 5513 3489 5565 cir-

1924 5616 2265 5687 cumjaccute
2292 5614 2414 5669 luce
2441 5611 2709 5683 deposita,
2733 5622 3031 5677 rursusque
3064 5612 3368 5677 assumpta,
3394 5602 3487 5660 de-

1336 5782 1378 5809 “
1417 5782 1547 5838 ibid.
1587 5782 1665 5840 Ii.
1747 5784 1787 5816 ⁶¹
1835 5783 1965 5841 ibid.
1997 5780 2078 5838 I6.
2159 5781 2202 5812 θ’
2238 5777 2371 5835 ibid.
2422 5779 2500 5835 Π.
2585 5776 2629 5809 ⁸³
2668 5773 2811 5832 I‘sal.
2857 5788 3046 5842 xum,
3081 5771 3133 5827 7.
