4048 6222
572 296 677 353 959

582 416 835 472 trementi
888 425 943 471 et
983 418 1307 476 incrementi
1375 426 1586 495 species
1630 432 1889 500 prmbeat.
1966 433 2150 490 Potest

566 505 713 559 enim
744 506 800 561 in
829 523 958 564 aere
989 525 1129 580 puro
1160 513 1333 569 videri
1364 516 1485 585 ejus
1514 518 1836 577 obscuratio
1867 532 2019 579 tanta
2043 527 2150 581 cir-

567 598 933 654 cumferentia
982 602 1427 677 circumscripta,
1489 620 1697 680 quanta
1738 615 1790 668 in
1833 617 2149 686 pleniluniis

567 695 672 740 est.
723 687 869 743 Idem
922 692 1196 764 intelligas
1231 696 1301 751 de
1334 700 1472 763 sole,
1528 702 1634 756 nisi
1682 704 1829 772 qttod
1871 706 1960 760 hic
2003 708 2147 778 quod

566 779 737 833 semel
780 784 1014 851 accepit,
1052 784 1102 839 id
1136 788 1499 858 inseparabile
1529 793 1729 858 habet;
1768 796 1859 850 illa
1895 812 2024 852 vero
2060 814 2146 853 as-

566 868 724 925 sidue
773 872 1021 929 induitur
1073 887 1127 932 et
1180 880 1422 936 exuitur.
1480 883 1541 938 Et
1582 886 1697 939 hanc
1741 887 1809 942 de
1841 888 1958 943 sole
2001 888 2147 943 dicta

566 961 886 1018 creduntur.
929 965 1103 1023 Porro
1131 971 1296 1025 situm
1327 990 1520 1029 eorum
1552 994 1614 1031 ex
1650 978 1892 1036 Mosaico
1938 984 2146 1054 scripto

566 1052 954 1124 intelligamus.
987 1058 1168 1129 lnquit
1191 1063 1376 1119 enim:
1414 1065 1482 1119 Et
1513 1069 1638 1136 fecit
1674 1071 1813 1125 Deus
1845 1073 1949 1127 duo
1985 1052 2145 1129 lumi-

565 1146 722 1198 naria
771 1164 985 1217 magna,
1017 1160 1066 1204 et
1091 1156 1265 1221 posuit
1288 1173 1351 1210 ea
1386 1159 1440 1211 in
1471 1161 1805 1229 ﬁrmamento
1835 1179 1854 1216 :
1885 1165 2147 1222 luminare

564 1251 811 1306 magnum
835 1242 889 1293 in
918 1244 1209 1299 dominium
1240 1248 1365 1314 diei,
1393 1260 1442 1303 et
1475 1252 1737 1309 luminare
1762 1255 1933 1311 minus
1964 1258 2016 1311 in
2044 1258 2142 1312 do-
2174 1250 2179 1253 i

562 1332 783 1387 minium
812 1339 979 1391 noctis
998 1340 1061 1393 “.
1096 1341 1238 1412 Ergo
1273 1344 1377 1399 sibi
1410 1349 1647 1404 invicem
1677 1366 1708 1403 e
1733 1351 1956 1422 regione
1977 1367 2146 1423 oppo-

562 1422 667 1477 sita
703 1427 920 1490 locavit,
947 1431 1094 1486 illum
1112 1435 1335 1503 quidem
1366 1438 1418 1491 in
1447 1440 1668 1510 regione
1688 1443 1976 1506 matutina,
2004 1422 2144 1498 hanc

559 1535 692 1577 vero
723 1523 776 1576 in
822 1528 1156 1595 vespertina.
1196 1531 1262 1585 Et
1289 1534 1440 1588 illum
1488 1538 1705 1605 quidem
1743 1539 1835 1608 qni
1869 1538 1975 1594 diei
2008 1556 2145 1610 pra:-

560 1621 707 1667 csset
742 1632 755 1668 :
792 1615 932 1669 hanc
964 1633 1089 1672 vero
1121 1637 1246 1691 qua:
1298 1624 1471 1679 nocti.
1512 1626 1579 1679 Ut
1628 1628 1731 1681 sibi
1766 1644 1833 1682 ex
1890 1630 2143 1699 opposito

559 1717 868 1770 currentes,
923 1710 1016 1765 ille
1043 1713 1262 1780 quidem
1298 1729 1394 1785 per
1434 1718 1579 1771 diem
1624 1730 1973 1786 nocturnum,
2026 1722 2141 1777 hinc

558 1802 738 1849 autem
776 1813 870 1865 per
918 1809 1137 1855 noctem
1193 1803 1471 1871 diurnam,
1528 1809 1595 1863 ad
1645 1810 1896 1867 eumdem
1932 1814 2141 1884 pertin-

557 1898 687 1958 gant
712 1901 913 1946 ortum.
973 1895 1037 1951 Ut
1072 1897 1373 1955 inclinante
1428 1902 1536 1967 die,
1595 1904 1710 1960 hmo
1762 1904 1817 1959 in
1863 1922 2139 1962 summum

555 1990 712 2038 ortus
749 1986 998 2041 matutini
1026 1990 1226 2055 veniat,
1256 2008 1422 2063 agens
1453 1996 1600 2049 velut
1632 1998 1841 2067 regina,
1874 2000 2065 2069 splend
2079 2016 2140 2055 o-

554 2074 712 2131 ribus
744 2085 957 2133 noctem
979 2080 1313 2139 exltilarans.
1336 2083 1429 2140 llle
1460 2101 1584 2140 vero
1626 2090 1867 2145 tenebris
1897 2090 2139 2160 ingrave«

555 2169 836 2225 scentibus
862 2172 926 2226 ad
946 2173 1085 2228 idem
1110 2188 1355 2231 centrum
1371 2180 1851 2249 appellens,veluti
1869 2200 1964 2238 rex
2000 2200 2138 2254 pm-

554 2256 788 2312 sidentia
807 2277 904 2315 sua
934 2263 1208 2334 regionem
1231 2283 1446 2323 omnem
1461 2284 1581 2339 qua:
1606 2273 1708 2327 sub
1724 2274 1863 2328 caelo
1885 2280 1990 2341 est,
2015 2276 2137 2330 illu-

554 2353 707 2401 stret.
744 2347 812 2404 Ut
843 2351 914 2404 sit
948 2352 1095 2407 illius
1129 2355 1349 2425 quidem
1376 2368 1551 2424 ortus,
1590 2360 1756 2432 hujus
1789 2378 2050 2432 occasus;
2081 2375 2135 2423 et

552 2435 718 2506 hujus
749 2443 1121 2509 praesidentia,
1160 2446 1311 2503 illius
1345 2450 1675 2507 subtractio.
1710 2453 1778 2509 Ut
1822 2457 2135 2525 perﬁciatur

551 2528 705 2598 illud,
747 2530 1097 2589 Domiuentur
1122 2537 1228 2593 diei
1252 2549 1302 2595 et
1328 2545 1471 2596 nocti
1487 2546 1553 2597 ⁸⁸.

972 2819 1489 2883 ΙΝΤΕΒΒΟΟΛΤΙΟ
1550 2828 1707 2884 XCV.

618 2907 903 2972 Quomodo
927 2927 1051 2965 cum
1084 2915 1254 2985 elapsi
1281 2927 1468 2972 essent
1524 2920 1642 2975 dies
1676 2922 1745 2975 ab
1771 2930 1895 2976 ortu
1940 2939 2125 2979 rerum

548 3006 804 3065 quatuor,
835 3001 993 3069 plena
1011 3014 1127 3056 erat
1155 3006 1373 3071 lnna,et
1401 3016 1573 3063 totttm
1607 3012 2129 3071 mundumillustra-

547 3086 661 3149 bat.
682 3102 789 3140 non
820 3090 980 3144 aliter
1000 3107 1065 3144 ac
1090 3092 1135 3146 si
1162 3093 1279 3149 dies
1310 3096 1626 3166 quindecim
1657 3102 1829 3171 elapsi
1854 3102 2129 3160 fuissent?

546 3178 833 3242 Quomodo
857 3196 987 3236 vero
1020 3183 1183 3239 hodie
1212 3201 1335 3241 cum
1382 3187 1567 3243 itidem
1610 3193 1977 3261 quatriduana
2017 3204 2124 3261 est,

545 3282 655 3324 non
677 3269 932 3326 similiter
965 3287 1063 3341 per
1094 3287 1309 3331 noctem
1342 3278 1619 3335 illuminat
1641 3283 1946 3339 mundum?
2002 3295 2008 3302 '

1180 3367 1491 3438 Responsio.

612 3452 990 3520 Quatriduana
1019 3458 1242 3528 quidem
1276 3470 1532 3533 respectu
1586 3465 1947 3535 praecedentis
1992 3484 2127 3525 con-

541 3559 822 3600 servorum
860 3558 1015 3605 ortus
1049 3549 1272 3617 dicitur,
1297 3569 1404 3608 non
1438 3556 1594 3625 quasi
1614 3557 1982 3627 quatriduana
2006 3561 2125 3617 fue-

543 3635 633 3715 rit,
690 3652 812 3705 qua:
866 3639 1217 3707 postmodum
1272 3650 1459 3697 creata
1507 3648 1778 3715 apparuit.
1831 3648 2124 3708 Enimvero

540 3709 666 3777 cum
704 3727 923 3781 condita
962 3738 1067 3793 est,
1110 3731 1354 3800 perfecta
1385 3709 1705 3791 erat-Non
1753 3742 1897 3794 enim
1937 3742 2124 3798 debuit

539 3816 873 3880 mutilatum,
898 3827 993 3873 aut
1023 3822 1469 3892 semiperfectum
1513 3842 1638 3883 esse
1663 3829 1912 3886 divinum
1958 3848 2119 3904 opus,

537 3906 695 3972 Quod
721 3916 903 3963 autem
934 3926 1079 3966 nunc
1098 3928 1204 3966 non
1222 3914 1347 3969 talis
1362 3917 1722 3987 conspicitur,
1751 3924 1970 3991 quando
1986 3941 2123 3994 qua-

538 4000 793 4055 triduana
840 4010 947 4069 est,
993 4020 1062 4059 ne
1092 4008 1399 4076 quaestione
1435 4010 1656 4079 quidem
1706 4013 1931 4085 dignum
1976 4020 2121 4074 arbi-

535 4100 672 4152 tror,
707 4091 752 4147 si
778 4100 1022 4147 nostram
1049 4095 1341 4168 imaginem
1364 4100 1806 4161 consideremus.
1833 4105 2118 4165 Perfectus

535 4183 676 4238 cnim
704 4185 913 4256 primus
944 4195 1097 4257 pater
1125 4197 1312 4245 noster
1342 4192 1586 4249 Adamus
1638 4205 1881 4262 creatus,
1939 4203 2119 4269 perfe-

531 4283 673 4328 ctam
699 4292 917 4348 quoque
947 4278 1070 4333 vitae
1097 4291 1405 4338 consortem
1427 4287 1646 4356 accipit.
1679 4289 1841 4359 Atqui
1870 4291 2117 4349 videmus

532 4366 748 4422 illorum
771 4378 1027 4439 posteros
1064 4389 1171 4426 non
1201 4376 1451 4431 eamdem
1482 4394 1704 4435 servare
1746 4385 2115 4453 aequalitatem

533 4461 946 4529 magnitudinis,
972 4479 1145 4536 neque
1177 4466 1304 4521 item
1332 4468 1399 4522 ad
1424 4473 1795 4540 generandum
1829 4478 2112 4547 progredi,

532 4551 637 4606 nisi
660 4553 809 4622 prius
841 4569 1099 4623 processu
1128 4558 1391 4626 temporis
1423 4562 1488 4615 ad
1505 4563 1741 4618 debitam
1770 4571 2115 4635 pervenerint

530 4646 987 4716 magnitudinem.
1020 4647 1387 4720 Posteaquam
1443 4666 1621 4711 autem
1664 4657 1805 4712 hanc
1873 4665 2110 4717 assecuti

532 4738 755 4805 fuerint,
792 4740 1103 4797 interventu
1136 4746 1330 4799 mortis
1369 4745 1422 4799 in
1472 4755 1673 4804 terram
1721 4769 1917 4810 rursus
1963 4757 2113 4813 desi-

529 4840 687 4885 nunt.
718 4831 887 4888 Paulo
915 4843 1177 4904 postvero
1202 4853 1297 4908 per
1320 4841 1782 4899 resurrectionem
1812 4862 2112 4903 renascun-

527 4929 638 4986 tur,
669 4923 922 5007 deposito
954 4936 1008 4982 et
1039 4927 1220 4983 denuo
1262 4929 1455 4986 induto
1484 4948 1736 5004 corpore,
1780 4936 1927 5007 juxta
1973 4940 2113 4997 luna:

529 4996 959 5070 similitmlinem.
1004 5016 1262 5075 Undecim
1294 5033 1475 5078 autem
1508 5025 1625 5081 dies
1659 5029 1860 5097 quibus
1894 5047 2114 5101 supera-

528 5103 606 5156 vit
642 5106 832 5166 solem.
879 5124 985 5163 non
1020 5113 1352 5179 substantia,
1385 5116 1478 5171 sed
1512 5125 1706 5173 natura
1750 5122 2001 5191 rependit
2034 5124 2106 5192 ei,

529 5211 625 5267 per
650 5199 946 5267 quemlibet
976 5216 1218 5260 mensem
1251 5208 1369 5263 dies
1406 5209 1597 5280 viginti
1631 5228 1824 5267 novem
1857 5222 1910 5269 et
1942 5215 2106 5271 dimi-

527 5288 674 5344 dium
708 5305 1023 5355 numerans,
1049 5303 1101 5347 et
1134 5306 1405 5356 trecentos
1448 5300 1844 5374 quinquaginta
1876 5315 2112 5376 quatuor

525 5379 642 5437 dies
669 5380 959 5437 absolvens
1005 5398 1101 5451 per
1145 5387 1273 5440 anni
1307 5390 1622 5457 circuitum,
1667 5393 1967 5449 secundum
2007 5395 2111 5451 lle-

525 5469 727 5527 braeam
764 5473 1233 5543 supputationem.
1270 5475 1384 5531 Non
1424 5482 1568 5534 enim
1597 5491 1799 5537 norunt
1829 5485 1904 5538 illi
1955 5502 2108 5541 tuen-

525 5573 615 5617 ses
668 5564 1060 5633 Romanorum,
1115 5566 1211 5636 qui
1236 5567 1380 5638 apud
1438 5585 1538 5626 nos
1589 5580 1739 5639 sunt,
1796 5573 1968 5629 solam
2022 5590 2106 5633 se-

526 5661 755 5720 quentes
780 5656 983 5712 lunam.

602 5788 646 5821 “
684 5787 818 5845 Gen.
855 5808 891 5857 ι,
934 5793 1018 5859 ll},
1068 5794 1151 5847 17.
1229 5796 1275 5828 ⁸³
1318 5796 1448 5849 ibid.
1499 5798 1577 5853 IS.

1682 312 1740 366 S.
1782 311 2435 381 CESARIIJLREGORII
2472 319 2791 385 FRATRIS,

3736 328 3861 385 96-3

2257 438 2438 505 πάλιν,
2464 440 2810 503 ἐλαττώσεως
2831 440 2923 493 καὶ
2945 438 3225 511 αὐξήσεως
3251 442 3349 505 τὰς
3372 443 3676 511 φαντασίας
3700 460 3854 515 παρ-

2256 529 2459 599 έχεται.
2514 533 2732 598 Ἔξεστι
2783 531 2893 602 γάρ
2939 532 3000 584 ὲν
3046 532 3272 603 καθαρῷ
3315 532 3394 604 τῷ
3442 534 3561 605 ἀέρι
3601 535 3739 587 ἰδεῖν
3788 536 3851 589 τὸ

2253 620 2501 690 ἀλαμπὲς
2547 622 2744 693 αὐτῆς,
2787 622 2893 677 ὑπὸ
2939 624 3208 696 τοσαύτης
3258 625 3446 694 ἁψῖδος
3491 630 3850 699 περιγραφό·

2257 728 2436 781 μενον.
2459 714 2661 785 ὁπόσης
2696 716 2755 768 ὲν
2781 716 3157 785 πανσελήνοις.
3192 716 3443 769 Τοιοῦτον
3471 719 3583 770 νόει
3616 721 3716 772 ἐπὶ
3747 720 3847 773 τοῦ

2252 804 2429 873 ἡλίου·
2474 806 2633 877 πλὴν,
2660 808 2689 859 ό
2716 807 2815 877 μὲν
2853 808 2996 875 ἅπαξ
3029 808 3231 871 λαϐὼν,
3260 808 3562 881 ἀχώριστον
3589 812 3708 881 ἔχει
3745 814 3847 867 αὒ-

2250 896 2389 965 τήνο,
2433 898 2466 968 ἡ
2511 898 2567 950 δὲ
2612 897 2849 969 συνεχῶς
2895 900 3277 972 ἀμφιαζομένη
3326 903 3420 955 καὶ⁵
3460 902 3845 973 ἀποδιδομένη.

2250 987 2359 1040 Καὶ
2389 988 2457 1042 τὰ
2490 991 2616 1061 περὶ
2647 991 2739 1043 τοῦ
2776 991 2927 1062 ἡλίου
2958 992 3224 1063 εἰρημένα
3252 994 3554 1048 πιστοῦται.
3606 995 3708 1049 Ἐκ
3745 995 3848 1049 τοῦ

2248 1080 2542 1133 Μωσαῖκοῦ
2580 1082 2904 1153 γράμματος
2955 1083 3052 1153 τὴν
3104 1084 3252 1137 θέσιν
3295 1086 3473 1139 αὑτῶν
3507 1088 3847 1157 νοήσωμεν·

2249 1168 2383 1239 φησὶ
2413 1170 2551 1240 γάρ·
2595 1171 2705 1225 Καὶ
2736 1173 3026 1240 ἐποίησεν
3050 1177 3084 1228 ὁ
3114 1175 3257 1240 Θεὸς
3288 1176 3429 1241 τοὺς
3454 1176 3563 1230 δύο
3590 1176 3850 1245 φωστῆ-

2240 1276 2356 1329 ρας
2406 1261 2548 1327 τοὺς
2594 1261 2933 1335 μεγάλους,
2983 1265 3082 1317 καὶ
3135 1264 3303 1320 ἔθετο
3348 1267 3567 1333 αὐτοὺς
3624 1268 3705 1321 ἐν
3764 1269 3859 1334 τῷ

2246 1354 2621 1423 στερεώματι,
2673 1354 2779 1410 τὸν
2816 1355 3103 1424 φωστῆρα
3136 1356 3244 1411 τὸν
3276 1355 3466 1426 μέγαν
3500 1360 3589 1424 εἰς
3632 1359 3851 1429 ἀρχὰς

2246 1443 2357 1513 τῆς
2388 1446 2632 1515 ἡμέρας,
2676 1446 2773 1501 καὶ
2811 1448 2917 1501 τὸν
2966 1448 3256 1517 φωστῆρα
3288 1448 3395 1503 τὸν
3430 1449 3709 1515 ἐλάσσω,
3752 1456 3849 1519 εἰς

2244 1536 2434 1604 ἀρχὰς
2456 1539 2565 1605 τῆς
2590 1541 2831 1605 νυκτός.
2879 1540 3349 1612 ’Λντιπροσώπους
3371 1543 3545 1596 τοίνυν
3575 1545 3849 1614 ἀλλήλων

2245 1629 2443 1693 αὑτοὺς
2496 1627 2669 1693 ἔθετο,
2718 1632 2810 1685 τὸν
2867 1633 2965 1703 μὲν
3013 1634 3071 1686 ὲν
3119 1637 3186 1706 τῇ
3233 1633 3361 1705 ἑῴα,
3402 1635 3500 1707 τὴν
3540 1636 3601 1689 δὲ
3654 1639 3723 1690 ὲν
3772 1643 3845 1708 τῇ

2245 1726 2450 1797 ἑσπέρᾳ
2483 1767 2498 1791 ,
2547 1722 2749 1776 ἐκεῖνον
2781 1725 2879 1793 μὲν
2906 1727 3003 1794 τῆς
3039 1727 3250 1798 ἡμέρας
3290 1729 3496 1799 ἄρχειν,
3528 1729 3753 1800 ταύτην
3783 1733 3849 1785 δὲ

2244 1817 2343 1885 τῆς
2384 1816 2579 1880 νυκτός
2613 1832 2627 1846 ·
2682 1818 2769 1870 ἵνα
2798 1819 3009 1881 ἑαυτοῖς
3038 1819 3392 1885 ἀντιθέοντες,
3421 1824 3449 1873 ὁ
3484 1821 3583 1891 μὲν
3608 1822 3704 1875 διὰ
3738 1823 3843 1877 τοῦ

2242 1903 2654 1975 ἡμερονυκτέου,
2681 1909 2712 1978 ἡ
2736 1906 2791 1959 δὲ
2817 1908 2904 1960 διὰ
2934 1909 3025 1961 τοῦ
3049 1909 3413 1981 νυχθημέρου,
3443 1913 3531 1963 ἐπὶ
3562 1912 3664 1982 τὴν
3694 1916 3843 1984 μίαν

2242 1995 2421 2069 φθάσῃ
2449 1997 2713 2068 ἀνατολήν
2734 2015 2748 2027 ⁸
2781 2000 2929 2062 ὅπως
2955 2000 3168 2072 ἡμέρας
3197 2002 3500 2071 κλινούσης,
3530 2005 3563 2073 ἠ
3599 2005 3704 2073 μὲν
3738 2008 3842 2061 ἐπὶ

2239 2087 2299 2140 τὸ
2331 2087 2499 2159 ἄκρον
2526 2088 2627 2156 τῆς
2653 2087 2793 2158 ἑῴας
2818 2089 3041 2159 γένηται
3070 2091 3231 2144 οἱονεὶ
3262 2091 3543 2162 βασίλισσα
3597 2095 3835 2163 ἔχουσα,

2238 2183 2331 2233 καὶ
2370 2184 2489 2244 ταῖς
2530 2182 2725 2249 αὐγαῖς
2762 2182 2859 2254 τὴν
2903 2183 3073 2237 νύκτα
3127 2183 3492 2255 φαιδρύνοιισα
3517 2202 3529 2214 ·
3579 2189 3608 2239 ὁ
3638 2187 3700 2241 δὲ
3733 2188 3838 2241 τοῦ

2238 2272 2461 2335 σκότους
2490 2273 2906 2338 ὑπονοστοῦν-ξος
2950 2276 3042 2328 ἐπὶ
3076 2276 3136 2329 τὸ
3175 2276 3307 2330 αὐτὸ
3338 2276 3560 2347 κέντρον
3595 2277 3837 2345 ἐλάσας,

2236 2357 2344 2415 οἷον
2366 2363 2497 2430 ἄναξ
2520 2368 2585 2435 τῇ
2616 2365 2875 2437 προεδρίᾳ
2902 2366 2999 2437 τὴν
3029 2367 3118 2418 ὑπ’
3139 2366 3365 2437 οὐρανὸν
3390 2368 3825 2441 καταστράπτῃ.

2236 2453 2376 2506 ὥστε
2430 2456 2695 2526 ὑπάρχειν
2741 2456 2951 2509 ἐκείνου
3002 2458 3099 2527 μὲν
3146 2458 3245 2527 τὴν
3278 2458 3577 2528 ἀνατολὴν,
3614 2460 3841 2531 ταύτης

2234 2544 2385 2598 δύσιν
2410 2564 2422 2575 ·
2472 2546 2673 2617 ταύτης
2699 2546 2755 2599 δὲ
2781 2548 2879 2617 τὴν
2906 2546 3221 2618 προεδρίαν,
3250 2549 3461 2601 ἐκείνου
3489 2548 3828 2621 ὑποστολὴν,

2233 2639 2380 2701 ὅπως
2414 2639 2672 2711 πληρωθῇ
2719 2640 2799 2707 τὸ,
2857 2642 3228 2709 Ἀρχέτωσαν
3260 2640 3370 2711 τῆς
3418 2640 3669 2711 ἡμέρας,
3720 2641 3839 2698 καὶ·

2236 2729 2343 2797 τῆς
2375 2733 2615 2796 νυκτός.

2824 2826 3068 2878 nam:
3103 2829 3219 2893 L,E'.

2304 2912 2426 2977 Πῶς
2453 2915 2745 2984 τεταρταὶα
2779 2914 2912 2968 οὖσα
2949 2918 3091 2983 τότε,
3140 2918 3475 2990 πανσέληνος
3508 2914 3598 2990 ἦν,
3637 2919 3822 2973 πάντα

2230 3004 2320 3057 τὸν
2372 3006 2572 3076 κόσμον
2626 3009 3079 3076 καταυγάζουσα,
3128 3011 3327 3080 ὁμοίως
3382 3012 3476 3064 τοῦ
3527 3011 3686 3064 πέντε
3726 3012 3821 3065 καὶ

2229 3095 2488 3149 δεκαταια
2525 3098 2817 3166 γενέσθαι;
2862 3098 2979 3161 πῶς
3008 3098 3065 3152 δὲ
3109 3102 3348 3171 σήμερον
3376 3101 3671 3170 τεταρταία
3710 3103 3819 3155 πά-

2229 3186 2311 3239 λιν
2361 3185 2535 3253 οὖσα,
2586 3190 2686 3260 οὑχ
2738 3190 2935 3260 ὁμοίως
2982 3189 3071 3244 διὰ
3118 3191 3311 3255 νυκτὸς
3340 3192 3689 3263 καταλάμπει
3727 3194 3821 3247 τὸν

2228 3278 2432 3351 κόσμον
2449 3296 2465 3347 ς

2840 3374 3201 3441 Ἀπόκρισις.

2299 3465 2687 3537 Τετραήμερος
2739 3467 2837 3537 μὲν
2895 3470 3046 3539 παρὰ
3092 3468 3195 3539 τὴν
3243 3468 3660 3541 προηγουμένην
3704 3473 3815 3526 τῶν

2228 3556 2527 3610 συνδούλων
2556 3558 2769 3626 γένεσιν
2802 3558 3039 3628 λέγεται.
3082 3562 3194 3632 Οὐχ
3226 3560 3302 3625 ὡς
3332 3560 3390 3614 δὲ
3415 3561 3681 3632 τέτταρας
3710 3565 3811 3633 μὲν

2226 3646 2423 3717 ἔχουσα
2451 3651 2682 3722 ἡμέρας,
2705 3652 2985 3706 κτισθεῖσα
3014 3653 3238 3724 ὓστερον
3267 3653 3526 3724 ἐξεφάνη,
3552 3653 3665 3708 ἀλλ’
3696 3656 3809 3724 ἡνία

2226 3756 2297 3792 κα
2316 3740 2745 3831 ὲδημιουργήθη,
2772 3743 2951 3797 τελεία
2974 3744 3247 3814 ὑπῆρχεν·
3277 3745 3336 3797 οὑ
3365 3744 3475 3815 γὰρ
3503 3746 3607 3798 ἔδει
3630 3747 3815 3816 ἠκρω-

2224 3850 2290 3902 τη
2300 3833 2594 3903 ριασμένον
2624 3834 2656 3904 ἢ
2688 3835 2942 3904 ἡμιτελὲς
2964 3834 3230 3905 ὑπάρχειν
3257 3835 3317 3889 τὸ
3347 3836 3487 3889 θεῖον
3508 3836 3710 3906 δρᾶμα.
3738 3836 3814 3889 Τδ

2223 3922 2281 3975 δὲ
2312 3922 2388 3993 μὴ
2420 3924 2675 3994 τοιαύτην
2705 3925 2801 3978 νῦν
2825 3926 3192 3997 τεταρτοῦσαν
3223 3925 3472 3997 ὁρᾶσθαι,
3497 3924 3617 3979 οὑδὲ
3643 3925 3812 3995 ζητή-

2226 4031 2363 4078 σεως
2394 4014 2542 4080 ἄξιον
2565 4011 2737 4087 οἶμαι,
2768 4018 2870 4088 τῆς
2895 4018 3168 4089 ἡμετέρας
3197 4017 3403 4079 εἰκόνος
3432 4017 3491 4068 ὲν
3513 4017 3651 4087 αὑτῇ
3672 4018 3813 4087 ὁρω-

2226 4108 2414 4178 μένης.
2454 4109 2669 4173 Τέλειος
2700 4111 2807 4183 γάρ
2843 4112 2871 4163 ὁ
2906 4112 3210 4181 προπάτωρ
3244 4110 3403 4180 ἡμῶν
3441 4109 3610 4179 Ἀδάμ
3647 4109 3811 4179 δημιο

2225 4200 2537 4270 ουργηθεὶς,
2564 4200 2775 4254 τελείαν
2805 4201 2899 4254 καὶ
2923 4200 3017 4254 τοῦ
3054 4200 3164 4269 βίου
3196 4199 3453 4253 κοινωνὸν
3489 4199 3806 4269 κομίζεται*

2226 4290 2320 4340 καὶ
2345 4289 2560 4360 ὁρῶμεν
2606 4291 2734 4352 τοὺς
2760 4290 2985 4343 ἐκείνων
3015 4289 3295 4359 διαδόχους
3330 4289 3405 4360 μὴ
3442 4291 3541 4359 τὴν
3587 4291 3810 4361 ἰσότητα

2226 4377 2421 4443 σώζειν
2449 4380 2543 4433 τοῦ
2579 4381 2805 4435 ἐκείνων
2844 4382 3126 4451 μεγέθους,
3162 4379 3317 4446 αὖθις
3346 4381 3441 4434 τοῦ
3479 4384 3555 4443 εἰς
3595 4380 3811 4448 γένεσιν

2224 4470 2537 4542 παρελθεῖν,
2573 4471 2739 4543 πρινὴ
2782 4472 2870 4525 διὰ
2910 4472 3008 4542 τῆς
3052 4471 3162 4524 τῶν
3209 4472 3417 4543 χρόνων
3452 4472 3810 4543 παραδρομῆς

2217 4564 2304 4616 ἐπ’
2339 4565 2516 4617 ἐκεῖνο
2562 4563 2744 4634 φθάσῃ
2775 4564 2834 4616 τὸ
2872 4564 3135 4633 μέγεθος’
3189 4564 3408 4617 ἐπειδὰν
3450 4565 3496 4616 δ’
3539 4565 3599 4616 ὲν
3629 4562 3810 4632 τούτῳ

2216 4655 2467 4727 γένηται,
2499 4656 2588 4709 διὰ
2617 4656 2850 4709 θανάτου
2887 4656 3048 4709 πάλιν
3089 4658 3167 4720 εἰς
3198 4657 3299 4725 γῆν
3323 4655 3624 4726 ἀπολήγει·
3667 4660 3811 4725 μετὰ

2218 4748 2392 4819 βραχὺ
2422 4748 2479 4801 δὲ
2509 4747 2670 4801 πάλιν
2691 4750 2758 4818 τῇ
2786 4748 3076 4801 ἀναστάσει
3112 4750 3387 4815 γεννᾶται,
3418 4747 3809 4816 άποτιθέμενος

2216 4842 2311 4895 καὶ
2344 4840 2850 4912 ὲπαμφιεννύμενος
2896 4839 2956 4892 τὸ
2996 4839 3154 4910 σῶμα
3188 4839 3327 4892 κατὰ
3362 4840 3462 4909 τὴν
3492 4839 3673 4891 εἰκόνα
3705 4839 3807 4908 τῆς

2216 4932 2495 5003 φαίνακος.
2526 4932 2637 4996 Τὰς
2659 4932 2716 4984 δὲ
2744 4933 2935 4985 ἕνδεκα
2972 4931 3183 4995 ὲκείνας
3215 4931 3427 5002 ἡμέρας
3454 4930 3524 4993 ἃς
3557 4930 3810 4983 ἐπλεονὲο

2214 5044 2383 5096 κτησε
2418 5027 2506 5079 τὸν
2532 5026 2704 5097 ἥλιον,
2732 5026 2794 5078 οὐ
2826 5028 2893 5097 τῇ
2928 5022 3182 5095 ὑπάρξει,
3215 5022 3351 5075 ἀλλὰ
3382 5025 3449 5093 τῇ
3481 5022 3644 5091 φύσει
3668 5023 3806 5075 ἀπο·

2212 5120 2449 5173 τὶννυσιν
2479 5118 2646 5189 αὐτῷ,
2680 5119 2745 5171 δι’
2776 5118 3006 5172 ἑκάστου
3052 5115 3219 5188 μηνὸς
3262 5114 3600 5167 εἰκοσιεννέα
3634 5114 3805 5184 ἥμισυ

2212 5210 2436 5281 ἡμερῶν
2479 5209 2854 5281 ἀριθμουμένη
2881 5248 2897 5274 ,
2948 5208 3041 5261 καὶ
3098 5206 3417 5277 τριακοσίας
3463 5206 3807 5276 πεντήκοντα

2211 5302 2482 5372 τέσσαρας
2508 5305 2541 5373 ἡ
2551 5301 2615 5371 μέ
2625 5317 2722 5372 ρας
2750 5298 3088 5353 ἀποτελοῦσα
3130 5300 3195 5367 τῇ
3240 5295 3478 5366 περιόδῳ
3505 5295 3603 5348 τοῦ
3631 5296 3803 5357 ἔτους,

2212 5394 2355 5448 κατὰ
2396 5394 2496 5465 τὴν
2549 5394 2806 5461 Ἐὄραῒδα
2847 5392 3047 5463 ψῆφον.
3100 5390 3173 5442 Ob
3224 5389 3332 5458 γὰρ
3362 5387 3561 5440 ηῐσασιν
3607 5388 3803 5441 ἐκεῖνοι

2210 5488 2335 5551 τοὺς
2367 5487 2490 5543 καθ’
2520 5489 2668 5560 ἡμᾶς
2704 5486 2989 5559 Ῥωμαίων
3022 5483 3215 5554 μῆνας,
3256 5484 3321 5553 τῇ
3356 5480 3507 5555 μήνῃ
3544 5480 3803 5552 ἑπόμενα

2214 5581 2374 5653 μόνῃ.
