4048 6222
242 285 350 344 9ῑῆ

832 401 1080 456 uerus
1115 400 1248 470 scr.

320 510 389 564 Tt
420 510 534 565 tot:
561 510 644 575 τὸ,
691 511 1012 566 ἐστωαν
1045 513 1132 579 εις
1165 511 1405 583 σημεῖα,
1447 512 1548 568 καί
1575 514 1665 582 είς
1702 531 1831 570 και-

238 599 419 669 ροὺς,
459 598 557 654 καί
583 602 671 667 είς
701 600 945 670 ἡμέρας,
980 602 1076 657 καί
1106 604 1195 669 εὶς
1219 603 1533 670 ἐνιαυτούς
1549 620 1571 669 ;
1609 605 1827 678 Ἐπειδή

246 708 398 756 τινες
425 691 640 760 λέγουσι
668 692 840 747 πολλὰ
883 695 948 747 ὲκ
970 694 1080 748 τῶν
1118 694 1394 766 στοιχείων
1432 696 1829 768 τεκμαίρεσθαι

248 778 507 850 περὶτῆς
531 778 880 852 ἀνθρωπίνης
904 782 1188 851 γενέσεως.

860 913 1226 982 Ἀπόκρισις.

340 1027 408 1081 Οί
452 1027 550 1099 μὲν
581 1026 974 1099 ματαιόφρονες
1013 1028 1387 1100 άστρολογίαις
1422 1031 1521 1105 τὴν
1552 1033 1700 1103 σφῶν
1737 1034 1829 1104 γέ-

251 1135 399 1174 θεσιν
428 1118 845 1189 ἐπιγράφουσιν.
889 1118 1013 1174 Ὀτι
1038 1121 1095 1176 δὲ
1118 1122 1214 1193 οὐχ
1236 1116 1348 1177 οἷόν
1382 1141 1442 1177 τε
1472 1126 1581 1180 άπὸ
1611 1125 1827 1199 ἄστρων

244 1207 663 1282 σημειώσασθαι
699 1226 754 1263 τι
793 1210 921 1282 περὶ
967 1211 1070 1282 τῆς
1102 1212 1312 1284 βροτῶν
1347 1213 1514 1288 ζωῆς,
1559 1221 1829 1290 μαρτυρεῖ

250 1301 493 1365 Ἦσαῖας
509 1340 526 1365 ,
574 1300 798 1367 φάσκων
826 1317 841 1333 ·
899 1302 1349 1373 Ἀναστήτωταν
1384 1309 1441 1361 ot
1468 1308 1827 1381 ἀστρολόγοι

242 1394 356 1449 τοῦ
382 1392 664 1463 οὐρανοῦ,
689 1396 744 1448 οι
766 1393 1104 1463 ,ϐλέποντες
1136 1399 1224 1464 είς
1243 1397 1386 1465 τοὺς
1415 1398 1692 1471 ἀστέρας,
1723 1402 1824 1456 και

240 1484 777 1556 ἁναττειλὰτωσαν
800 1486 859 1539 τι
884 1503 983 1541 σοι
1017 1486 1232 1556 μέλλει
1269 1490 1561 1560 τίνεσθαι.
1612 1492 1825 1564 Μικρὸν

238 1577 301 1632 δὲ
341 1577 568 1650 ὕστερον
596 1576 931 1649 πλατύτερον
965 1578 1271 1651 ἐκθήσομαι
1310 1581 1439 1646 τοὺς
1467 1582 1689 1637 ἐκείνων
1719 1583 1824 1655 μύ-

240 1669 394 1731 θους.
447 1667 530 1723 Τὰ
572 1668 631 1723 δὲ
674 1670 875 1741 σημεῖα
917 1667 1016 1723 τοῦ
1049 1669 1279 1737 ούρανοῦ
1320 1671 1415 1726 καὶ
1457 1671 1566 1725 τῶν
1608 1673 1824 1745 ἄστρων

234 1759 473 1824 εἰκότως
505 1759 738 1831 λεχθείη,
764 1759 983 1832 δμδροι,
1024 1759 1332 1832 πνεύματα,
1376 1761 1670 1833 χειμῶνες,
1701 1762 1820 1837 ἔαρ.

238 1850 435 1905 Ταῦτα
457 1851 524 1904 ἐκ
548 1848 655 1903 τῶν
678 1849 892 1920 ἄστρων
923 1848 1313 1921 παιδευόμεθα,
1343 1849 1480 1905 Θεοῦ
1517 1851 1824 1925 φιλανθρω-

242 1942 377 1998 ⁴ιείαν
396 1960 411 1974 ·
453 1943 602 2003 ὅπως
626 1942 655 1994 ό
693 1939 938 2004 ναυτίλος
965 1938 1109 2012 ὁρῶν
1133 1940 1196 1994 τδ
1226 1944 1472 2013 σημεῖον,
1505 1943 1600 1997 ἐπὶ
1630 1942 1825 2015 λιμένα

242 2033 497 2095 οίακίσας
520 2030 618 2103 τὴν
649 2028 805 2097 ναῦν,
841 2030 1127 2105 ἀποδράσῃ
1149 2031 1211 2086 τὸ
1234 2032 1494 2102 ναυάγιον
1514 2052 1528 2067 ο
1562 2034 1648 2088 ἵνα
1669 2036 1698 2088 ό
1724 2052 1824 2106 γη-

244 2123 409 2187 πόνος
452 2119 533 2192 τῷ
572 2120 772 2193 ἔτησίῳ
819 2121 1033 2193 σημείῳ
1064 2121 1327 2194 ἑπόμενος
1347 2163 1363 2189 ,
1404 2125 1677 2198 suam
1724 2127 1824 2199 τὴν

241 2217 483 2287 ἀρουραν
504 2228 518 2243 ·
560 2212 647 2265 ἵνα
668 2211 703 2264 ό
732 2210 912 2283 ὁδίτης
941 2210 1133 2283 βραχεῖ
1166 2208 1226 2267 ὲν
1262 2212 1341 2285 τῷ
1373 2215 1673 2288 πανδοκείῳ
1704 2216 1824 2288 μεί-

241 2321 342 2369 νας
366 2301 610 2377 διαφύγῃ
628 2302 725 2374 τῆς
755 2302 1058 2373 ἐπομϐρίας
1083 2302 1202 2375 ἦτοι
1227 2303 1466 2376 χαλάζης
1485 2305 1585 2378 τὴν
1612 2305 1821 2378 ἔφοδον.

239 2395 457 2448 Γίνεται
490 2396 694 2465 σημεῖα
720 2394 811 2448 καὶ
838 2393 1089 2467 πολέμων
1120 2395 1215 2449 καὶ
1244 2396 1467 2469 είρήνης
1486 2413 1501 2428 ο
1529 2395 1699 2452 ταῦτα
1727 2400 1823 2456 καὶ

231 2489 272 2540 ὁ
296 2486 487 2559 Σωτὴρ
513 2485 810 2541 ὲδεόαίωσε
842 2483 1120 2559 θεηγορῶν
1153 2486 1291 2559 πρὸς
1330 2486 1639 2556 Ἰουδαίους.

837 2621 1085 2677 amns
1119 2624 1231 2691 μιν.

314 2735 380 2788 Τί
403 2728 530 2801 οὗνς
562 2734 696 2790 αὐτὸ
719 2734 958 2806 νομίζεις
987 2735 1252 2808 ὑπάρχειν
1275 2736 1462 2810 καιρὸν
1484 2739 1576 2794 καὶ
1596 2741 1819 2811 σημεῖον

238 2827 340 2882 καὶ
364 2827 586 2899 χρόνονς
619 2827 714 2882 καὶ
744 2825 860 2891 πῶς
887 2827 988 2893 τὴν
1014 2826 1280 2899 διαφορὰν
1311 2827 1545 2899 δηλοῦσα
1570 2833 1605 2903 ἡ
1627 2832 1820 2906 Γραφὴ

240 2919 426 2989 λέγει’
484 2919 591 2975 Καί
633 2920 912 2974 ἔστωσαν
931 2920 1018 2984 είς
1050 2918 1290 2988 σημεῖα,
1320 2919 1422 2974 καί
1441 2923 1529 2987 εις
1552 2923 1819 2992 καιροὺς,

244 3011 453 3078 παίεις
479 3011 720 3082 ἡμέρας,
760 3010 861 3065 καί
894 3012 982 3078 εις
1011 3009 1364 3079 ἐνιαυτούς;

855 3143 1219 3213 Ἀπόκρισις.

313 3260 544 3331 Ἕτερον
571 3257 671 3329 μὲν
696 3255 907 3328 χρόνος,
933 3255 1157 3328 θάτερον
1181 3255 1239 3309 δὲ
1259 3256 1470 3328 καιρός·
1505 3257 1566 3312 τὸ
1596 3257 1692 3330 μὲν
1712 3258 1821 3329 γὰρ

243 3350 458 3423 μήκους
480 3348 715 3419 ὑπάρχει
741 3346 1096 3418 σημαντικὸν,
1117 3345 1177 3400 τὸ
1197 3344 1254 3398 δὲ
1279 3345 1582 3419 εὐκαιρίας.
1614 3347 1690 3401 Ού
1712 3347 1821 3419 γάρ

241 3456 429 3514 φαμεν
454 3456 469 3472 ·
518 3439 723 3511 Χρόνος
765 3435 969 3508 interr;
1000 3435 1212 3509 ἀμητοῦ
1249 3436 1284 3509 ἢ
1313 3437 1620 3509 τρυγητοῢ,
1662 3439 1819 3507 ἀλλὰ,

241 3530 469 3605 καιρός·
516 3528 660 3593 οὐδὲ,
701 3528 907 3599 Χρόνος
939 3529 1114 3599 γῆμαι
1142 3527 1241 3597 τὴν
1269 3530 1471 3592 νεᾶνιν,
1508 3529 1667 3595 ἀλλὰ,
1698 3548 1824 3586 και-

242 3624 371 3697 ρός*
413 3619 511 3676 τοῦ
547 3619 712 3690 σοφοῦ
746 3620 1088 3692 Σολομῶντος
1114 3620 1286 3675 ταῦτα
1311 3618 1674 3685 παιδεύοντος.
1719 3622 1824 3692 Ση-

244 3715 377 3787 μεῖα
403 3712 463 3768 δι
486 3712 598 3766 τῶν
624 3713 839 3783 ἄστρων
865 3712 991 3766 τάδε
1030 3710 1209 3782 φημί·
1251 3710 1518 3787 ἀνατολὴν
1548 3711 1821 3780 πλειάδος,

240 3779 424 3876 ἀρχὴν
445 3802 658 3874 ἀμητοῦ
685 3779 780 3856 καὶ
801 3779 1181 3873 ποντοπορίας·
1213 3779 1363 3856 δύᾶν
1388 3779 1819 3867 δὲξτούναντίονέ

239 3898 281 3970 ἦ
318 3898 422 3968 μὲν
449 3894 558 3968 γάρ
585 3895 827 3964 συνάγει.
853 3897 886 3967 ὴ
914 3894 972 3948 δὲ
996 3890 1279 3965 σκορπίζει
1306 3895 1428 3958 ταῖς
1468 3893 1732 3966 ἀρούραις
1754 3894 1826 3950 τὰ

241 3989 563 4061 σπέρματα.
610 3987 684 4041 Τὸ
710 3988 786 4053 δὲ,
821 3988 902 4052 είς
940 3986 1174 4058 ἡμέραν,
1210 3986 1307 4059 τὴν
1336 3987 1400 4040 ὲκ
1443 3987 1690 4060 περιόδου
1723 3988 1823 4059 τῆς

242 4078 564 4151 ἐσδομάδος,
591 4079 803 4152 ἡμέραν
821 4076 915 4132 τοῦ
944 4076 1315 4149 σαόῦατισμοῦ
1343 4094 1506 4148 φημι.
1537 4079 1694 4131 Πᾶσα
1715 4079 1825 4150 γὰρ

240 4170 414 4242 ἑορτὴ
439 4211 455 4233 .
500 4171 699 4241 ἀνοχὴν
732 4168 845 4223 τῶν
871 4168 1049 4223 πόνων
1080 4168 1282 4240 ἔχουσα
1302 4208 1317 4229 ,
1371 4167 1647 4222 Σάϐϐατον
1693 4171 1823 4241 παρ’

256 4262 535 4335 Ἑϐραίοις
580 4259 1042 4333 προσαγορεύεται
1062 4278 1077 4292 ·
1128 4260 1265 4332 ὅπερ
1310 4259 1495 4324 αὐτοῖς
1538 4258 1688 4331 παρὰ
1734 4259 1825 4313 τὸν

243 4353 604 4425 ἑϐδομαδικδν
630 4352 828 4407 κύκλον
850 4352 972 4423 τρὶς
1005 4349 1101 4406 τοῦ
1129 4352 1282 4416 ἔτους
1309 4351 1655 4407 ἐπιτελεῖται.
1687 4352 1825 4407 Πολ·-

246 4447 410 4510 λάκις
438 4445 588 4517 παρὰ
612 4443 677 4499 τὺ
703 4443 890 4515 κύριον
918 4442 1216 4498 Σάϐϐατον.
1277 4443 1491 4515 Ἡμέρα
1534 4442 1645 4516 γὰρ
1686 4443 1827 4497 Σαδ-

248 4538 421 4594 σάτου
441 4536 536 4591 καὶ
558 4539 592 4607 ιι
636 4534 1001 4607 ’Δζυμοϐορία
1022 4549 1039 4566 ο
1071 4532 1271 4605 ὁμοίως
1297 4534 1397 4605 τῆς
1423 4534 1825 4607 Πιντηκοστῆς’

246 4630 515 4694 ὡσαύτως
551 4630 586 4700 ἠ
629 4628 729 4700 τῆς
778 4626 1158 4699 Σκηνοπηγίας
1191 4640 1205 4655 ⁸
1251 4624 1346 4679 καὶ
1373 4624 1480 4693 ἔξω
1504 4628 1604 4698 τῆς
1626 4625 1831 4697 κυρίως

254 4999 468 5069 πρώτῳ
498 4997 636 5068 (55),
683 4995 849 5064 φησὶ,
891 4989 1202 5058 Σαϐϐάτῳ·
1250 4990 1350 5063 τὴν
1395 4988 1612 5062 ἡμέραν
1654 4990 1832 5062 δηλῶν

252 5095 358 5163 τὴν
380 5092 519 5162 μετὰ
540 5089 604 5143 τὸ
625 5087 814 5160 κύριον
836 5084 1109 5140 Σάϐϐατον
1134 5082 1319 5147 αὐτοῖς
1338 5082 1406 5136 δι’
1425 5082 1617 5153 ἑορτῆς
1636 5083 1835 5155 ἀργου-

258 5184 453 5256 μένην.
501 5180 696 5252 Μῆνας
725 5177 904 5232 τοίνυν
942 5178 977 5247 ἠ
1024 5175 1223 5246 σελήνη
1260 5172 1528 5239 ἀποτελεῖ,
1557 5172 1835 5238 ἐνιαυτοὺς

253 5276 316 5331 ἃ
343 5275 529 5346 ἧλιοςο
581 5275 614 5345 ἡ
665 5273 764 5343 μὲν
805 5273 872 5326 ὲκ
920 5268 1170 5341 περιόδου
1234 5264 1459 5337 ἡμερῶν
1505 5264 1835 5338 πληρηφαὴς

253 5367 558 5437 γινομένη,
595 5365 626 5417 ὁ
657 5362 716 5417 δὲ
761 5363 826 5416 ἐκ
875 5358 1123 5430 περιόδου
1169 5356 1352 5428 μηνῶν
1397 5354 1491 5409 ἐπὶ
1522 5352 1620 5409 τοῦ
1669 5352 1836 5410 αὐτοῦ

325 5544 373 5577 ⁸⁸
411 5542 549 5601 Gen.
583 5558 623 5608 ι,
653 5538 741 5595 Η.
816 5540 859 5572 ⁸⁷
897 5536 1003 5594 lsa.
1037 5552 1202 5600 mu.
1231 5536 1319 5592 l3.
1393 5536 1439 5568 ⁸⁸
1475 5533 1608 5591 Luc.
1634 5549 1709 5600 vr,
1751 5533 1802 5587 l.

1580 283 1929 346 DIALOGUS
1955 286 1998 344 Ι.

2339 408 2857 468 INTERROGATIO
2917 410 3103 470 XCVI.

1996 520 2138 589 Quid
2163 534 2247 580 est
2282 525 2405 592 hoc,
2455 527 2576 582 Sint
2612 530 2668 583 in
2704 530 2858 598 signa
2889 530 3018 584 etin
3072 540 3327 599 tempora,
3381 542 3435 589 et
3455 535 3511 589 in

1929 611 2064 679 dies,
2123 623 2174 668 et
2220 614 2278 668 in
2320 617 2590 671 annos“?
2645 618 2703 673 Si
2747 618 2970 690 quidem
3029 629 3287 676 asserunt
3339 624 3511 696 aliqui

1929 705 2099 759 multa
2137 720 2203 761 ex
2235 706 2523 779 principiis
2568 709 2689 765 istis
2713 709 2951 781 judicari
2996 712 3065 769 de
3094 712 3334 769 humana
3374 719 3512 773 nati-

1929 796 2119 850 vitate.

2558 929 2865 1002 Responsio.

1996 1038 2469 1099 Circumscribunt
2515 1046 2736 1115 quidem
2777 1063 2934 1103 suam
2970 1051 3306 1108 nativitatem
3337 1063 3511 1110 astro-

1929 1128 2119 1201 logicis
2164 1134 2653 1204 supputatiouibus
2686 1138 2812 1192 vani
2865 1139 3136 1198 homines.
3186 1143 3345 1209 Quod
3378 1162 3508 1201 vero

1926 1234 1994 1276 ex
2019 1223 2187 1278 astris
2208 1240 2316 1279 non
2350 1226 2563 1295 possint
2588 1228 2889 1299 quidquam
2920 1235 3248 1302 portendere
3269 1237 3339 1294 de
3369 1254 3512 1294 utor-

1926 1313 2114 1369 talium
2144 1314 2277 1380 vita,
2311 1324 2545 1372 testatur
2566 1317 2755 1383 Isaias,
2788 1320 2979 1377 dicens
3012 1342 3026 1377 :
3059 1322 3297 1396 Surgunt
3332 1337 3510 1382 nstro-

1924 1401 2033 1473 logi
2076 1404 2193 1458 cali
2244 1406 2335 1474 qui
2385 1407 2573 1463 stellas
2611 1410 2903 1478 intuentur,
2952 1422 3001 1467 et
3043 1419 3355 1472 annuutient
3411 1418 3509 1472 tibi

1924 1492 2050 1563 quid
2079 1494 2319 1564 futurum
2366 1498 2437 1550 sit
2457 1499 2524 1552 ⁸⁷.
2582 1499 2687 1555 Sed
2718 1502 2880 1571 paulo
2907 1512 3029 1573 post
3073 1506 3238 1562 latius
3283 1508 3504 1564 illorum
3576 1509 3582 1516 ”

1928 1584 2140 1641 fabulas
2168 1587 2477 1657 explicabo.
2513 1590 2680 1661 Signa
2706 1608 2835 1647 vero
2859 1595 2987 1651 coeli
3017 1603 3071 1651 et
3088 1606 3365 1653 astrorum
3390 1614 3506 1655 ωο-

1927 1677 2035 1731 rito
2067 1690 2480 1745 recenseautur,
2512 1682 2741 1749 imbres,
2766 1683 2949 1754 ﬂatus,
2974 1694 3351 1760 tempestates,
3380 1706 3499 1746 ver.

1925 1766 2051 1825 Haec
2078 1784 2145 1825 ex
2176 1770 2344 1826 astris
2374 1770 2642 1828 discimus
2670 1792 2767 1845 per
2799 1776 2888 1833 Dei
2919 1793 3050 1848 erga
3110 1795 3284 1850 genus
3316 1780 3505 1837 buma-

1925 1872 2057 1912 num
2089 1857 2413 1923 bonitatem,
2441 1868 2501 1915 ut
2531 1861 2588 1915 in
2629 1863 2764 1918 mari
2797 1874 2984 1932 nauta,
3036 1867 3254 1937 signum
3289 1870 3501 1936 videns,

1925 1944 1991 1999 ad
2037 1954 2256 2016 portum
2306 1962 2503 2003 navem
2553 1949 2822 2022 dirigens,
2875 1955 3224 2027 naufragium
3261 1958 3504 2032 eli'ugiat,

1925 2044 1985 2090 ut
2022 2038 2261 2107 agricola
2306 2041 2748 2098 anniversarium
2775 2044 3074 2100 etesiarum
3102 2047 3318 2118 signum
3349 2064 3507 2106 secu-

1928 2138 2044 2192 tus,
2082 2129 2255 2186 fodiat
2291 2146 2508 2198 arvum,
2551 2144 2613 2188 ut
2643 2134 2825 2190 viator
2861 2136 2916 2191 in
2968 2138 3275 2196 diversorio
3321 2142 3505 2200 minus

1923 2218 2015 2274 diu
2044 2228 2291 2277 moratus
2318 2220 2544 2294 eﬂugiat
2580 2224 2928 2295 ingruentem
2961 2226 3193 2283 imbrem
3223 2236 3321 2283 aut
3346 2245 3505 2301 gran-

1923 2306 2128 2378 dinem;
2163 2308 2299 2367 ﬁunt
2327 2314 2481 2384 signa
2509 2322 2565 2369 et
2593 2315 2716 2369 belli
2743 2324 2797 2371 et
2836 2317 3011 2388 pacis,
3032 2333 3156 2390 quae
3187 2319 3256 2375 ad
3277 2318 3505 2378 Judaeos

1922 2400 2257 2463 concinnatis
2285 2404 2636 2461 conﬁrmavit
2661 2405 2947 2463 Servator.

2320 2614 2842 2673 INTERROGATIO
2883 2618 3088 2676 XCVII.

1990 2723 2134 2794 Quid
2165 2727 2379 2799 igitur}
2433 2747 2564 2786 num
2597 2731 2742 2787 idem
2779 2741 2942 2804 putas
2961 2742 3092 2791 csse
3122 2740 3383 2810 temporis
3413 2755 3508 2795 ar-

1921 2818 2151 2875 ticulum
2183 2830 2236 2877 et
2261 2823 2476 2894 signum
2505 2832 2559 2879 et
2583 2825 2841 2895 tempus?
2871 2826 3021 2896 atqui
3051 2830 3328 2897 quomodo
3353 2829 3506 2887 Scri-

1921 2920 2082 2982 ptura
2110 2911 2473 2969 diderentiam
2506 2914 2784 2980 iudicans,
2831 2916 3017 2987 inquit
3052 2938 3066 2973 :
3102 2917 3173 2972 Et
3207 2921 3393 2977 sintin
3427 2924 3507 2979 si-

1919 3018 2048 3073 gna,
2070 3013 2120 3059 et
2146 3005 2201 3059 in
2229 3015 2488 3075 tempora,
2534 3013 2585 3060 et
2615 3006 2669 3060 in
2695 3008 2830 3071 dies,
2858 3018 2908 3063 et
2932 3009 2988 3062 in
3012 3026 3179 3065 atinas
3200 3013 3227 3068 7

2554 3138 2868 3209 Responsio.

1993 3252 2157 3307 Aliud
2188 3252 2408 3323 quidem
2458 3259 2543 3307 est
2590 3260 2828 3325 tempus,
2881 3256 3031 3311 aliud
3064 3273 3196 3315 vero
3240 3264 3509 3333 temporis

1926 3344 2217 3400 articulus.
2247 3342 2379 3396 Nam
2424 3341 2560 3397 illud
2591 3344 2814 3413 quidem
2851 3346 3166 3414 prolixioris
3216 3352 3379 3419 spatii
3436 3356 3512 3408 sl-

1924 3436 2333 3509 gniiicationem
2369 3434 2549 3501 liabet,
2597 3435 2698 3490 hoc
2736 3451 2867 3491 vero
2921 3441 3373 3507 opportunitatis.
3409 3442 3512 3500 Ne-

1925 3544 2032 3599 que
2059 3527 2207 3583 euim
2237 3525 2470 3581 dicimus
2513 3544 2526 3579 :
2556 3525 2728 3579 Instat
2767 3526 3009 3595 spatium
3045 3531 3311 3598 temporis
3358 3546 3509 3589 mes-

1911 3619 2025 3684 ,sis,
2054 3625 2149 3670 aut
2191 3615 2499 3681 vindemiis,
2538 3615 2634 3669 sed
2671 3617 3090 3686 opportunitas;
3143 3635 3324 3691 neque
3375 3637 3510 3695 δρα.

1925 3711 2061 3765 tium
2091 3707 2356 3778 temporis
2390 3717 2448 3760 ut
2501 3706 2673 3759 nubat
2705 3707 2908 3777 puella,
2964 3709 3062 3765 sed
3117 3715 3506 3783 tempestiuum

1926 3810 2012 3858 est
2044 3817 2058 3854 :
2093 3814 2217 3871 quae
2239 3795 2458 3868 quidem
2494 3810 2598 3850 nos
2631 3798 2853 3866 sapiens
2885 3798 2977 3855 ille
3011 3799 3170 3857 docet
3221 3801 3504 3861 Salomon.

1928 3891 2089 3962 Signa
2125 3896 2308 3944 autem
2359 3898 2638 3942 astrorum
2674 3889 2767 3942 illa
2822 3889 2984 3947 dico:
3040 3900 3224 3949 ortum
3278 3894 3505 3965 quidem

1926 3981 2184 4043 Pleiadis.
2221 3978 2440 4034 initium
2472 3978 2667 4035 messis
2695 3987 2747 4035 et
2778 3981 3144 4054 navigationis
3170 4001 3186 4051 ;
3242 4000 3505 4042 occasum

1926 4087 2076 4136 vero,
2123 4071 2421 4127 diversum.
2469 4068 2604 4125 Nam
2632 4070 2726 4127 ille
2773 4073 2998 4143 quidem
3045 4085 3365 4149 congregat,
3412 4077 3505 4134 hic

1931 4180 2060 4222 vero
2092 4166 2299 4235 spargit
2319 4165 2375 4218 in
2406 4163 2554 4219 arvis
2583 4163 2815 4220 semina.
2846 4163 2980 4220 Illud
3016 4174 3224 4235 autem,
3247 4168 3302 4223 in
3330 4169 3503 4235 diem,

1931 4272 2052 4329 quae
2081 4256 2306 4328 periodo
2338 4256 2658 4327 septimana:
2701 4262 2940 4323 constat,
2974 4256 3120 4313 diem
3178 4259 3504 4317 sabbatismi

1930 4349 2084 4406 dicit.
2139 4347 2337 4402 Omnia
2368 4347 2513 4402 enim
2568 4346 2705 4403 festa
2739 4347 2987 4403 laborum
3037 4348 3504 4408 intermissionem

1930 4440 2208 4506 habentia,
2262 4440 2549 4496 sabbatum
2600 4440 2745 4512 apud
2800 4439 3057 4498 Hebraeos
3109 4443 3500 4512 appellantur:

1930 4546 2165 4603 quorum
2200 4530 2269 4585 ab
2328 4529 2466 4601 ipsis
2511 4537 2710 4601 praeter
2755 4530 3241 4588 bebdomadarium
3288 4533 3503 4605 cyclum

1933 4624 2041 4682 tria
2087 4622 2142 4679 in
2173 4636 2319 4677 anno
2358 4620 2736 4691 perﬁciuntur.
2778 4622 3083 4693 Aliquoties
3115 4623 3276 4681 etiam
3310 4631 3503 4694 praeter

1934 4730 2099 4786 quam
2136 4713 2358 4786 proprie
2407 4713 2614 4769 dictum
2653 4712 2979 4769 Sabbatum.
3039 4713 3164 4772 Dies
3191 4715 3337 4771 enim
3369 4712 3505 4770 Sab-

1811 4824 1827 4840 ’
1932 4807 2046 4864 bati
2070 4815 2188 4864 erat
2214 4815 2269 4863 et
2296 4814 2514 4878 tempus
2538 4821 2650 4877 quo
2676 4806 3043 4863 vescebantur
3066 4806 3502 4864 iul'ermentatis:

1808 4931 1833 4943 ο
1934 4895 2185 4952 similiter
2226 4903 2283 4950 et
2336 4894 2691 4951 Pentecostes
2727 4912 2743 4951 :
2779 4894 2848 4949 ad
2879 4896 3132 4952 eumdem
3175 4896 3398 4953 modum
3449 4905 3508 4953 et

1937 4988 2304 5059 Scenopegiae.
2344 4987 2411 5042 Et
2430 4998 2584 5044 extra
2618 4987 2842 5060 proprie
2872 4987 3173 5044 Sabbatum
3205 4988 3438 5053 dictum,
3459 4987 3506 5043 si

1934 5080 2197 5152 temporis
2226 5080 2452 5151 periodo
2483 5080 2695 5137 incidat
2744 5079 2882 5151 ipsis
2929 5080 3152 5149 festum,
3202 5078 3504 5136 Sabbatum

1935 5169 2080 5227 diem
2113 5172 2418 5247 appellant;
2446 5171 2597 5245 quod
2626 5171 2918 5229 declarans
2953 5172 3192 5229 eximius
3217 5172 3508 5243 apostolus

1937 5262 2246 5330 Matthmus,
2284 5262 2520 5320 Sabbuto
2547 5262 2776 5321 secundo
2808 5266 3005 5334 primo,
3054 5262 3297 5335 inquit“
3330 5280 3345 5319 :
3378 5275 3505 5318 eum

1938 5352 2082 5410 diem
2149 5352 2489 5425 signiﬁcans,
2549 5353 2645 5424 qui
2702 5362 2828 5425 post
2871 5353 3171 5411 Sabbatum
3226 5349 3506 5423 proprium

329 5682 447 5755 (33)
479 5677 952 5752 Δευτεροιτρώτῳ.
1006 5675 1218 5749 Lapsus
1261 5671 1524 5730 memoria
1567 5671 1657 5729 hic
1699 5670 1825 5730 vide

1951 5667 2244 5728 Caesarius.
2290 5666 2441 5725 lianc
2483 5666 2628 5725 enim
2680 5678 2870 5723 vocem
2926 5679 3068 5721 unus
3115 5661 3293 5721 Lucas
3328 5679 3403 5735 vi,
3455 5664 3512 5734 Ι,

257 5769 507 5825 tlSurpat.
