3996 6202
197 315 315 372 9'65

194 424 373 493 ἐγγὺς
400 422 496 493 τήν
534 422 879 495 μεσημϐρίαν
921 427 1240 499 γενόμενος,
1289 429 1350 484 ού
1403 429 1501 501 τήν
1546 430 1778 501 ὑψηλὴν,

194 518 344 572 ἀλλά
392 520 492 589 τὴν
528 518 766 586 πλαγίαν
807 520 1007 586 ἐλθὼν,
1057 522 1395 596 βραχυτέρας
1428 523 1529 586 τὰς
1571 523 1783 594 ἡμέρας

194 602 520 681 ἐργάζεται.
543 609 713 675 Δύνας
739 612 798 665 δὲ
819 612 898 683 τῷ
925 614 1078 684 ἄκρῳ
1101 614 1195 668 τοῦ
1221 615 1475 687 ἑσπερίου
1499 613 1781 684 κλίματος,

195 702 399 755 κυκλοῖ
417 701 506 755 διὰ
527 701 627 771 τῆς
651 702 845 766 νυκτὸς
869 706 1050 758 πᾶσαν
1088 706 1189 775 τὴν
1215 706 1367 761 δύσιν
1398 706 1492 760 καὶ
1527 706 1780 776 Ἀρκτον,

194 792 300 844 καὶ
326 791 426 861 τὴν
456 790 618 861 ἑῴαν,
658 791 810 856 ὅπως
847 793 1029 866 φθάσῃ
1072 795 1234 849 πάλιν
1266 796 1327 850 τὸ
1364 794 1531 866 ἄκρον
1557 796 1656 865 τῆς
1689 813 1784 865 μεθ

194 881 520 953 σημϐρίας,
571 881 781 936 ἐκεῖθεν
828 884 990 938 πάλιν
1041 887 1140 957 τῆς
1193 887 1464 959 ἡμερινῆς
1504 886 1784 957 ὠκύτητος

190 971 528 1044 ἀρχόμενος.
570 973 733 1027 Ὅθεν
770 975 998 1040 εἰκότως
1035 977 1322 1046 συμϐαίνει
1350 978 1450 1048 τὴν
1476 977 1647 1032 νύκτα
1675 994 1783 1047 μη-

192 1063 485 1126 κύνεσθαι,
515 1063 613 1135 τὴν
650 1064 706 1118 δὲ
735 1065 950 1136 ἡμέραν
984 1067 1368 1139 βραχύνεσθαι.
1395 1070 1563 1123 Ὅταν
1584 1070 1643 1124 δὲ
1675 1073 1784 1125 ἰσο-

190 1150 532 1223 μερῶςδιά
578 1152 742 1223 μέσου
793 1155 1086 1226 ίππηλατεῖ
1112 1158 1206 1211 τὸν
1233 1159 1445 1228 αἰθέρα,
1494 1161 1782 1232 ἰσημερίαν

185 1243 514 1314 ἐργάζεται.
559 1245 776 1315 Θέρους
805 1247 862 1300 δὲ
898 1249 1061 1302 πάλιν
1101 1250 1289 1313 κλίνας
1328 1252 1422 1305 ἐπὶ
1463 1252 1525 1304 τὸ
1571 1252 1781 1322 βόρειον

187 1334 453 1402 ὑψοῦται,
477 1335 578 1404 τῆς
607 1337 705 1406 μὲν
735 1339 928 1402 νυκτὸς
961 1340 1384 1411 ὑφαιρούμενος,
1414 1345 1480 1414 τῇ
1510 1343 1566 1396 δὲ
1598 1344 1781 1417 ἡμέρᾳ

184 1425 621 1496 προστιθέμενος
639 1426 726 1481 διὰ
746 1427 838 1482 τοῦ
860 1429 1192 1502 βραχυτέρου
1212 1433 1272 1485 ἐν
1290 1436 1360 1504 τῇ
1381 1435 1535 1487 νυκτὶ
1550 1434 1775 1489 κύκλου.

199 1517 272 1569 ἹΙ
296 1516 359 1569 δὲ
399 1516 617 1587 σελήνη,
655 1519 717 1571 οὐ
748 1519 949 1573 τέλειον
979 1523 1273 1593 μειουμένη
1306 1524 1605 1591 ἁλίσκεται,
1644 1526 1781 1581 ἀλλὰ

186 1608 483 1671 σκιάζεται
509 1606 605 1661 τοῦ
634 1608 817 1663 δίσκου
844 1609 984 1664 κατά
1018 1612 1204 1683 μέρος,
1237 1614 1331 1667 καὶ
1365 1615 1511 1670 ἔστιν
1540 1615 1778 1688 ἀθρῆσαι

183 1694 493 1766 φθίνουσαν
517 1698 688 1770 αὐτὴν
718 1699 813 1753 καὶ
838 1699 1113 1771 λήγουσαν
1137 1702 1243 1756 ὑπὸ
1274 1704 1333 1757 τὸ
1367 1704 1526 1773 νέφος
1560 1704 1779 1771 σκιαζο-

163 1772 395 1857 Ϊμένην,
428 1780 539 1840 οἷον
579 1788 760 1841 εἰκόνα
793 1791 1256 1861 παραπετάσματι
1287 1772 1574 1863 βόμϐυκος.
1611 1795 1777 1849 Πάλιν

182 1879 234 1932 δ’
265 1879 754 1951 ὲπαμφιεννυμένη
783 1880 844 1933 τὸ
882 1882 1020 1950 φῶς,
1065 1884 1456 1955 συνελκομένου
1480 1885 1574 1939 τοῦ
1604 1905 1776 1958 παρα-

182 1969 587 2040 πληρώματος,
602 1969 758 2041 δίκην
787 1969 1055 2040 βασιλίδος
1073 1974 1336 2045 πρόεισιν,
1359 1978 1593 2050 ἐναργής
1614 1976 1778 2032 εἰκὼν

184 2059 520 2130 ὑπάρχουσα
538 2058 637 2129 τῆς
668 2059 943 2131 ἡμετέρας
971 2062 1208 2131 φύσεως,
1247 2068 1582 2139 γεννωμένη.
1626 2068 1780 2133 αὐξο-

187 2155 362 2224 μένη,
386 2153 759 2226 πληρουμένη,
794 2156 1072 2225 φθίνουσα,
1101 2159 1488 2231 ὲλαττουμένη,
1522 2161 1774 2228 δύνουσα,

183 2247 254 2299 οὐ
288 2245 477 2299 τέλεον
524 2246 582 2299 δὲ
618 2246 986 2319 ἀπολλυμένη.
1038 2250 1439 2321 Παραπλησίως
1473 2254 1567 2307 καὶ
1618 2254 1778 2325 ἡμεῖς

183 2336 539 2408 γεννώμεοα,
569 2335 826 2408 αὔξομεν,
870 2338 1225 2410 πληρούμεθα
1253 2341 1312 2394 ὲν
1338 2342 1519 2412 γήρει,
1550 2339 1654 2397 εἷθ’
1683 2343 1779 2397 οὓ·-

182 2442 304 2489 τως
330 2425 570 2497 λήγομεν
592 2430 659 2497 τῇ
685 2425 806 2498 ὥρᾳ
828 2428 924 2498 τῆς
942 2426 1137 2496 ὅψεως,
1173 2428 1429 2499 φθίνομεν
1457 2433 1524 2502 τῇ
1553 2433 1778 2505 εὐχροίᾳ

185 2516 292 2570 καὶ
314 2515 552 2588 ,εύανθίᾳ
595 2517 695 2587 τῆς
737 2521 991 2588 παρειᾶς,
1042 2518 1104 2571 τὸ
1152 2511 1381 2590 ἐρυθρὸν
1410 2519 1774 2592 ὠχριώμενοι.

198 2606 609 2677 Ὲλαττούμεθα
636 2608 734 2679 τὴν
762 2608 952 2680 ῥώμην
991 2609 1086 2662 τοῦ
1114 2607 1383 2681 σώματος,
1421 2612 1777 2683 κυρτοϐατεῖν

184 2697 512 2767 ἀρχόμενοι,
540 2698 636 2752 καὶ
668 2699 942 2771 βακτηρίᾳ
967 2699 1364 2771 ύπερείδεσθαι,
1389 2702 1527 2772 πρὸς
1548 2703 1653 2772 γῆν
1691 2721 1779 2757 νε-

186 2786 471 2849 νευκότες,
492 2787 584 2840 καὶ
605 2786 694 2841 διὰ
714 2786 808 2841 τοῦ
839 2789 1115 2858 σχήματος
1144 2787 1314 2859 αὐτὴν
1340 2791 1741 2862 μαρτυρόμενοι
1758 2808 1772 2824 ’

200 2875 342 2929 Ἰδοὺ
379 2876 769 2948 παραγίνομαι.
829 2877 1167 2949 Θνήσκομεν,
1198 2879 1293 2932 καὶ
1332 2880 1414 2943 εἰς
1441 2881 1613 2954 αὐτὴν
1639 2883 1770 2936 ἀπο-

191 2968 437 3039 λήγομεν
469 2969 701 3038 σώματι,
732 2968 837 3022 οὔκ
882 2968 1243 3040 ἀπολλύμενοι
1278 2968 1570 3040 πνεύματι.
1619 2972 1779 3026 Ἀλλὰ

199 3060 400 3132 μικρὸν
439 3058 667 3130 ὕστερον
708 3058 768 3112 τὸ
800 3058 1062 3113 ἀποτεθὲν
1096 3060 1311 3130 ἱμάτιον
1362 3063 1462 3132 τῆς
1512 3062 1713 3132 σαρκὸς
1745 3064 1777 3133 ή

194 3151 346 3222 ψυχὴ
370 3150 531 3204 πάλιν
559 3149 965 3221 περιϐάλλεται.
996 3152 1069 3204 Ού
1094 3151 1202 3223 γὰρ
1226 3151 1339 3221 ἐγὼ
1363 3152 1426 3206 τὸ
1454 3153 1634 3225 σῶμα,
1663 3154 1777 3208 ἀλλ’

195 3241 313 3312 ἐγὼ
343 3242 445 3312 μὲν
465 3243 499 3312 ή
524 3241 690 3312 ψυχή,
709 3241 840 3312 ἐμὸν
870 3242 927 3295 δὲ
954 3240 1014 3295 τὸ
1041 3242 1199 3313 σῶμα
1227 3244 1321 3297 καὶ
1339 3245 1439 3297 ὅσα
1460 3245 1561 3315 τῆς
1581 3244 1777 3317 χέρσου

196 3331 500 3400 ἑκφύεται·
534 3330 655 3384 ὅθεν
680 3330 772 3384 καὶ
805 3330 984 3386 τοῦτο.
1038 3331 1205 3385 Πάλιν
1241 3332 1297 3384 δὲ
1333 3333 1471 3403 μετά
1495 3333 1595 3405 τὴν
1627 3333 1780 3404 λῆξιν

194 3420 517 3491 γεννᾶταιή
572 3419 801 3488 φαίναξ,
849 3420 1013 3474 οἱονεὶ
1067 3421 1362 3476 ἀναϐιοῦσα
1381 3426 1448 3494 τῇ
1486 3422 1606 3493 ὄψει
1637 3441 1779 3495 παρ-

197 3511 488 3583 ισταμένη.
536 3512 690 3564 Ἐπεὶ
723 3511 817 3564 καὶ
846 3512 1005 3582 ήμείς
1032 3515 1093 3567 ὲν
1125 3513 1283 3584 τάφῳ
1324 3513 1582 3584 λήξαντες
1620 3515 1781 3570 πάλιν

196 3600 644 3672 ἀναστησόμεθα,
684 3600 847 3654 οἱονεὶ
868 3601 1339 3672 παλιγγενάμενοι,
1357 3602 1497 3656 κατά
1524 3604 1623 3675 τήν
1655 3604 1781 3676 θεη-

196 3688 395 3761 γορίαν
420 3704 437 3720 ⁸
466 3688 652 3741 Ὅταν
673 3683 787 3743 οὖν
813 3687 963 3757 ἔλθῃ
997 3691 1030 3743 ὀ
1066 3687 1200 3752 Υἱὸς
1231 3688 1337 3742 τοῦ
1372 3688 1686 3757 ἀνθρώπου
1709 3689 1781 3742 ἐν

196 3780 273 3849 τῇ
297 3778 727 3849 παλιγγενεσία
746 3794 759 3809 ο
791 3779 889 3849 τῆς
914 3779 1263 3843 ἀναστάσεως
1284 3777 1441 3850 ἡμῶν
1470 3779 1562 3833 τὸν
1590 3780 1779 3851 καιρὸν

195 3872 266 3924 ὲκ
295 3868 487 3924 τούτου
516 3867 714 3940 δηλῶν.

272 3982 322 4015 ⁷⁸
362 3980 550 4037 Matth.
587 3995 702 4048 ιιι,
729 3979 825 4035 28.

608 4260 1153 4349 ΔΙΑΛΟΓΟΣ
1243 4262 1328 4344 BI

794 4489 925 4542 ΠΕΥ
935 4489 1039 4543 ΣῙΣ
1066 4489 1189 4542 PA’.

196 4582 210 4610 "
289 4577 507 4649 Ἐπειδὴ
529 4578 842 4650 ἠκούσαμέν
871 4596 965 4632 σου
989 4578 1115 4649 χθὲς
1144 4578 1278 4650 πρὸς
1305 4577 1432 4641 τοὺς
1459 4578 1773 4648 ἐρωτήσαν-

199 4684 308 4731 τας
335 4667 599 4734 εἰπόντος,
629 4668 834 4738 ἄψυχον
864 4664 1003 4723 εῖναι
1025 4667 1122 4739 τὴν
1151 4666 1256 4738 γῆν
1276 4685 1288 4698 ·
1325 4668 1375 4720 ει
1403 4666 1609 4738 ἄψυχός
1642 4669 1780 4732 ἐστι,

202 4757 328 4822 πῶς
360 4758 634 4830 ἁπογεννᾷ
666 4759 739 4813 τά
767 4759 1016 4831 ἔμψυχα,
1051 4759 1197 4830 βοῦν,
1238 4759 1526 4833 πρόϐατον,
1572 4759 1781 4826 λέοντα,

200 4849 501 4921 δράκοντα,
533 4851 628 4905 καὶ
656 4850 723 4905 τὰ
750 4851 875 4921 ἑξῆς
896 4850 1027 4923 γένη
1060 4849 1270 4921 κτηνῶν
1292 4850 1387 4905 καὶ
1414 4850 1657 4922 ἑρπετῶν
1691 4850 1785 4905 καὶ

203 4939 419 5011 θηρίων
439 4940 533 4994 καὶ
555 4941 664 4997 τῶν
696 4941 900 4995 λοιπῶν
919 4958 936 5008 ;

807 5032 1163 5101 Ἀπόκρισις.

280 5119 451 5174 Οὐδὲν
506 5120 741 5187 τούτων,
789 5120 1031 5192 ἔμψυχον
1074 5122 1180 5193 γῆν
1234 5138 1317 5176 σοι
1367 5121 1743 5178 ἀποδείκνυσιν
1767 5141 1780 5155 ·

204 5213 337 5270 ἐπεὶ
377 5212 550 5277 οὕτως
580 5212 825 5284 δώσομεν
874 5213 1091 5276 πάντως
1116 5212 1212 5266 καὶ
1239 5213 1341 5284 τὴν
1367 5212 1612 5283 ἄμπελον
1646 5210 1784 5283 μετὰ

202 5305 318 5359 τῶν
349 5303 590 5376 βοτρύων
631 5304 1101 5359 ὑπολανθάνουσαν
1122 5344 1139 5370 ,
1170 5302 1381 5375 ἀθρόως
1420 5302 1742 5375 ἀναδοθῆναι
1765 5319 1780 5334 ο

205 5398 310 5452 καὶ
357 5396 450 5450 τὸν
499 5396 717 5466 φοίνικα
763 5395 961 5468 καρπῷ
1012 5396 1193 5467 πλήρη
1240 5394 1521 5464 ὑποφύντα
1567 5397 1634 5467 τῇ
1688 5395 1780 5466 γῇ,

205 5487 430 5558 ἀθρόως
464 5487 812 5559 ἀναπηδῆσαι
837 5486 976 5557 πρὸς
1015 5486 1114 5553 τὴν
1145 5486 1436 5556 ὲκφάνειαν
1454 5502 1467 5517 ·
1508 5484 1655 5556 ἢτὸν
1686 5502 1787 5538 πυ-

206 5579 308 5654 ρὸν
340 5579 456 5649 (54)
498 5580 680 5651 πλήρη
729 5579 936 5649 στάχυν
972 5578 1066 5631 καὶ
1110 5577 1247 5648 πρὸς
1294 5576 1504 5649 ἀμητὸν
1545 5576 1783 5647 ἕτοιμον,

292 5734 406 5806 (Si)
446 5732 663 5802 Πυρόν.
693 5729 857 5786 Forte
885 5727 1090 5801 πυρῶν.
1119 5726 1274 5784 Ευιτ.

1617 303 1959 361 υιΑιοςυε
2012 304 2076 361 11.

3348 314 3453 369 966

1886 428 1982 484 sed
2016 443 2183 498 prope
2230 431 2511 487 meridiem
2558 431 2915 496 constitutus,
2970 445 3077 486 non
3121 431 3311 502 altam,
3353 436 3451 490 sed

1885 520 2155 589 obliquam
2192 521 2452 579 incedens
2479 524 2964 584 vnum-breviores
3003 524 3162 579 nobis
3203 524 3322 579 dies
3365 526 3451 579 cf-

1882 610 2013 664 ﬁcit.
2045 609 2314 668 Occidens
2353 628 2484 668 vero
2538 613 2597 668 in
2653 628 2869 669 summo
2920 614 3093 684 plagae
3132 615 3455 683 vespertinae

1882 700 2056 755 ambit
2087 717 2183 770 per
2211 714 2427 758 noctem
2467 718 2687 760 omnem
2716 704 3057 759 occidentem
3080 744 3093 763 .
3124 704 3452 769 et~Arctum,

1881 800 1933 848 et
1957 794 2247 856 orientem,
2281 811 2391 864 quo
2418 796 2702 865 perveniat
2729 811 2920 850 rttrsns
2942 797 3008 849 ad
3038 810 3311 851 summum
3340 811 3456 851 me-

1881 883 2062 949 ridiei,
2095 884 2220 939 inde
2249 901 2446 941 rursus
2473 885 2730 941 diurnum
2769 887 3001 941 celerem
3049 901 3273 941 cursum
3318 888 3454 942 inci-

1881 976 2055 1045 piens.
2089 976 2262 1040 Unde,
2291 992 2392 1032 ceu
2429 986 2667 1044 constat,
2726 979 2926 1033 accidit
2966 984 3024 1032 ut
3068 994 3174 1033 nox
3214 981 3451 1050 longior,

1880 1066 1996 1122 dies
2029 1082 2157 1123 vero
2187 1068 2405 1123 brevior
2435 1067 2721 1124 efﬁciatur.
2752 1069 2983 1136 Quando
3018 1086 3147 1126 vero
3170 1072 3456 1141 aequaliter

1881 1170 1978 1225 per
2023 1156 2257 1210 medium
2315 1157 2426 1227 agit
2481 1158 2718 1221 aethera,
2784 1159 3170 1226 aequinoctium
3219 1161 3450 1229 perﬁcit.

1880 1242 2093 1298 {Estate
2124 1259 2255 1299 vero
2291 1260 2487 1301 rursus
2520 1248 2588 1300 ad
2647 1247 2920 1302 borealem
2958 1263 3187 1318 vergens
3235 1252 3452 1319 plagam

1879 1335 2157 1401 elevatur;
2185 1351 2249 1391 ac
2274 1338 2420 1393 nocti
2463 1338 2681 1407 quidem
2726 1338 2928 1403 aufert,
2977 1340 3129 1395 addit
3172 1355 3302 1394 vero
3345 1339 3450 1393 dici

1880 1439 1978 1494 per
2009 1426 2310 1480 breviorem
2346 1429 2523 1482 noctis
2552 1428 2840 1482 circulum.
2903 1428 3055 1483 Luna
3107 1438 3288 1484 autem
3338 1444 3451 1483 non

1880 1528 2107 1583 prorsus
2129 1529 2228 1583 per
2256 1515 2688 1571 imminutionem
2729 1518 2960 1574 deiicere
2997 1519 3450 1590 deprehenditur,

1881 1603 1976 1658 sed
2008 1620 2073 1658 ex
2113 1616 2267 1674 parte
2308 1607 2459 1661 orbis
2508 1603 2858 1663 inumbratur
2911 1627 2926 1662 :
2980 1609 3264 1679 ipsamque
3303 1609 3453 1678 aspi-

1881 1708 2005 1748 cere
2071 1693 2198 1748 licet
2262 1694 2670 1750 decrescentem
2731 1705 2896 1766 atque
2950 1695 3290 1750 deficientem
3347 1696 3455 1750 sub

1880 1785 2024 1839 nube
2047 1785 2417 1849 obscuratam,
2452 1803 2571 1855 qua:
2603 1788 2770 1842 veluti
2802 1797 2951 1843 veste
2980 1787 3305 1857 bombycina
3342 1802 3454 1839 rur-

1879 1891 1975 1931 sus
2004 1874 2190 1930 induta
2223 1876 2364 1939 luce,
2399 1884 2634 1932 attracto
2664 1878 3090 1947 complemento,
3143 1879 3320 1931 instar
3365 1892 3453 1932 re-

1877 1967 2014 2038 gina:
2041 1971 2302 2037 procedit.
2332 1967 2537 2039 Estque
2565 1968 2789 2024 evidens
2814 1969 2993 2039 imago
3018 1977 3220 2025 nostra:
3244 1980 3454 2024 natura:

1878 2072 2134 2121 nascens,
2175 2073 2454 2123 crescens,
2498 2060 2695 2130 plena,
2737 2060 3086 2125 decrescens,
3139 2061 3450 2125 imminuta,

1877 2148 2155 2213 occidens,
2182 2165 2289 2204 non
2322 2160 2501 2206 tamen
2539 2167 2766 2222 prorsus
2793 2153 3144 2208 intercideus.
3178 2153 3455 2209 Consimi-

1877 2235 2004 2290 liter
2034 2245 2092 2292 et
2118 2252 2219 2315 nos
2248 2239 2553 2313 nascimur,
2584 2240 2925 2307 crescimus,
2956 2242 3024 2295 ad
3054 2242 3450 2312 plenitudinem

1876 2326 2160 2383 evadimus
2183 2327 2238 2382 in
2271 2337 2553 2384 senectute
2580 2348 2595 2384 :
2626 2330 2702 2383 ita
2732 2330 2928 2386 deinde
2949 2331 3236 2388 deﬁcimus
3265 2332 3454 2403 vigore

1879 2418 2059 2482 faciei,
2093 2419 2468 2475 deercscimus
2490 2420 2762 2489 elegantia
2790 2421 3015 2483 coloris,
3052 2431 3108 2476 et
3152 2422 3326 2491 gratia
3351 2420 3452 2475 ﬂo-

1880 2510 1955 2565 ris
1985 2510 2039 2564 in
2069 2510 2246 2575 vultu,
2279 2510 2464 2580 rubori
2498 2511 2760 2579 pallorem
2794 2510 3225 2565 introducentes.
3258 2512 3448 2564 Immi-

1876 2600 2097 2654 nnimur
2126 2600 2372 2669 corporis
2406 2601 2626 2664 robore,
2651 2600 2970 2669 incipientes
2994 2602 3251 2656 incedere
3272 2601 3451 2667 curvi,

1877 2700 1932 2746 et
1957 2691 2113 2745 inniti
2145 2691 2361 2753 baculo,
2393 2691 2460 2745 ad
2494 2701 2695 2746 terram
2727 2692 3005 2750 inclinari.
3032 2703 3087 2748 et
3121 2692 3239 2762 ipso
3262 2693 3453 2748 habitu

1878 2781 2050 2849 ipsam
2107 2781 2447 2836 obtestantes
2487 2779 2663 2834 :Ecce
2703 2780 2920 2837 adsum.
2963 2781 3247 2844 Moritmtr,
3293 2792 3349 2838 et
3396 2784 3454 2837 in

1881 2870 2052 2940 ipsam
2076 2870 2379 2925 desinimus
2406 2885 2655 2940 corpore,
2692 2887 2802 2925 non
2836 2880 3015 2926 tamen
3067 2874 3455 2930 intet-cidentes

1881 2962 2100 3032 spiritu,
2130 2962 2223 3018 sed
2257 2963 2418 3031 paulo
2442 2972 2566 3031 post
2590 2963 2841 3031 deposito
2886 2964 3073 3017 carnis
3117 2964 3283 3033 pallio
3327 2979 3453 3018 rur-

1879 3068 1976 3108 sus
2002 3054 2181 3107 anima
2203 3054 2450 3109 vestitur.
2484 3052 2601 3107 Non
2633 3053 2778 3108 enim
2810 3068 2910 3124 ego
2937 3070 3057 3109 sum
3089 3070 3289 3124 corpus
3310 3094 3326 3119 ,
3356 3055 3454 3111 sed

1880 3157 1980 3214 ego
2002 3142 2221 3213 quidem
2272 3144 2477 3207 anima,
2523 3154 2702 3196 meum
2756 3149 2939 3197 autem
2980 3143 3085 3197 hoc
3130 3157 3355 3214 corpus,
3401 3153 3457 3199 et

1882 3251 2224 3308 quaecunque
2251 3250 2313 3290 cx
2351 3244 2494 3289 terra
2528 3242 2832 3289 nascuntur
2861 3253 2874 3289 :
2910 3236 3056 3291 unde
3087 3243 3141 3290 et
3183 3237 3284 3291 hoc
3331 3252 3457 3292 rur-

1883 3343 1980 3385 sus
2007 3336 2129 3397 post
2160 3328 2439 3382 interitum
2469 3327 2736 3389 nascitur,
2766 3332 2826 3379 ut
2855 3326 2986 3380 luna
3011 3340 3132 3395 qua:
3160 3326 3325 3381 veluti
3367 3341 3455 3381 re-

1876 3421 2169 3483 viviscens,
2192 3416 2292 3472 sub
2316 3428 2593 3486 aspectum
2618 3417 2872 3473 erunibus
2897 3419 3066 3472 venit.
3092 3417 3454 3489 Quandoqui-

1878 3510 2080 3567 demet
2110 3526 2212 3565 nos
2239 3511 2292 3563 in
2325 3510 2579 3578 sepulcro
2635 3510 2994 3575 intereunles,
3044 3525 3239 3566 rursus
3270 3527 3456 3566 resur-

1878 3615 2092 3673 gemus,
2124 3601 2277 3669 quasi
2313 3599 2490 3654 renati
2515 3598 2819 3653 secundum
2858 3600 3086 3653 verbum
3138 3599 3273 3654 illud
3312 3600 3455 3655 divi¢

1882 3706 2012 3746 num
2045 3691 2306 3754 τριηριάο
2352 3690 2543 3743 venerit
2592 3686 2769 3741 Filius
2806 3689 3034 3743 hominis
3070 3690 3124 3743 in
3178 3706 3453 3760 regenera-

1883 3784 2020 3836 tione
2046 3781 2133 3834 7':
2176 3795 2285 3851 quo
2315 3788 2517 3835 nostra:
2557 3779 2984 3835 resurrectionis
3031 3790 3247 3849 tempus
3285 3781 3455 3850 signi-

1885 3873 2094 3928 licetur.

2251 4242 2844 4336 DIALOGUS
2942 4250 3074 4336 Ii.

2342 4477 2861 4539 INTERROGATIO
2901 4481 2986 4537 Cl.

1953 4568 2409 4640 Quandoquidem
2464 4572 2775 4628 audivimus
2828 4574 2947 4629 beri
2996 4580 3049 4630 te
3099 4576 3169 4629 ad
3222 4590 3317 4632 eos
3361 4578 3472 4649 qui.

1885 4663 2277 4733 quaesiverunt,
2313 4662 2611 4730 dicentem,
2653 4664 3013 4719 inanimatam
3046 4681 3170 4722 esse
3217 4675 3455 4735 terram;

1885 4756 1933 4810 si
1966 4754 2209 4809 inanima
2231 4762 2340 4819 est,
2371 4754 2647 4825 quomodo
2686 4764 2911 4827 generat
2936 4757 3199 4824 animata,
3239 4758 3454 4826 bovem,

1885 4859 2066 4910 ovem,
2103 4846 2339 4910 leonem,
2381 4845 2678 4901 draconem
2725 4853 2781 4901 et
2818 4855 3017 4902 caetera
3048 4862 3249 4919 genera
3293 4864 3457 4918 peco-

1886 4952 2029 5003 rum,
2060 4945 2117 4994 et
2148 4937 2447 5009 reptilium,
2487 4946 2542 4993 et
2576 4937 2917 4993 bestiarum?

2514 5027 2818 5098 Responsio.

1953 5116 2101 5172 Nihil
2133 5118 2328 5173 horum
2356 5118 2654 5174 animatam
2687 5127 2889 5175 terram
2921 5136 3045 5178 esse
3078 5122 3455 5179 demonstrat:

1886 5209 2156 5281 siquidem
2187 5209 2291 5264 hoc
2324 5211 2486 5266 modo
2535 5212 2905 5268 concedemus
2945 5215 3172 5271 omnino
3202 5223 3256 5270 et
3294 5216 3455 5270 vitem

1886 5315 2012 5357 cum
2050 5299 2227 5357 botris
2263 5300 2700 5371 delitescentem,
2748 5302 3040 5361 confestim
3086 5306 3354 5375 proferri;
3402 5314 3457 5359 et

1890 5390 2124 5463 palmam
2155 5390 2406 5446 arborem
2436 5390 2676 5448 fructum
2705 5393 2927 5464 plenum
2957 5396 3324 5466 proferentem
3354 5394 3459 5449 sub

1892 5490 2040 5537 terra
2082 5495 2208 5536 mox
2255 5480 2479 5536 exsilire
2517 5489 2577 5536 ut
2627 5492 2924 5554 appareat;
2965 5492 3059 5538 aut
3112 5495 3167 5538 tn
3211 5485 3456 5539 triticmn

1893 5572 2106 5643 plenam
2135 5570 2343 5644 spicam
2367 5578 2420 5628 et
2454 5570 2521 5628 ad
2560 5587 2794 5630 messem
2828 5580 3076 5643 paratam
3105 5573 3303 5630 subtus
3330 5587 3459 5644 pro.
