  <div class='ocr_page' id='page_1' title='image "/cluster/home/n/w/nwhite01/storage/ocr_20150623/38/hvd.32044069550002/491.png"; bbox 0 0 4048 6222; ppageno 0'>
   <div class='ocr_carea' id='block_1_1' title="bbox 534 301 636 357">
    <p class='ocr_par' dir='ltr' id='par_1_1' title="bbox 534 301 636 357">
     <span class='ocr_line' id='line_1_1' title="bbox 534 301 636 357; baseline -0.01 0"><span class='ocrx_word' id='word_1_1' title='bbox 534 301 636 357; x_wconf 72' lang='lat'><strong>967</strong></span> 
     </span>
    </p>
   </div>
   <div class='ocr_carea' id='block_1_2' title="bbox 536 420 2110 492">
    <p class='ocr_par' dir='ltr' id='par_1_2' title="bbox 536 420 2110 492">
     <span class='ocr_line' id='line_1_2' title="bbox 536 420 2110 492; baseline -0.002 -14"><span class='ocrx_word' id='word_1_2' title='bbox 536 423 746 488; x_wconf 98' lang='lat' dir='ltr'><strong>tendat,</strong></span> <span class='ocrx_word' id='word_1_3' title='bbox 780 437 1082 490; x_wconf 83' lang='lat' dir='ltr'><strong>rursusque</strong></span> <span class='ocrx_word' id='word_1_4' title='bbox 1115 421 1302 476; x_wconf 87' lang='lat' dir='ltr'><strong>divino</strong></span> <span class='ocrx_word' id='word_1_5' title='bbox 1330 429 1602 492; x_wconf 76' lang='lat' dir='ltr'><strong>praecepto</strong></span> <span class='ocrx_word' id='word_1_6' title='bbox 1640 420 1870 475; x_wconf 86' lang='lat' dir='ltr'><strong>oriatur.</strong></span> <span class='ocrx_word' id='word_1_7' title='bbox 1911 421 2110 477; x_wconf 84' lang='lat' dir='ltr'><strong>Verum</strong></span> 
     </span>
    </p>
   </div>
   <div class='ocr_carea' id='block_1_3' title="bbox 1615 300 2728 371">
    <p class='ocr_par' dir='ltr' id='par_1_3' title="bbox 1615 300 2728 371">
     <span class='ocr_line' id='line_1_3' title="bbox 1615 300 2728 371; baseline 0.007 -17"><span class='ocrx_word' id='word_1_8' title='bbox 1615 300 1670 355; x_wconf 90' lang='lat' dir='ltr'><strong>S.</strong></span> <span class='ocrx_word' id='word_1_9' title='bbox 1707 301 2375 366; x_wconf 69' lang='lat' dir='ltr'><strong>CASSARII,GREGORII</strong></span> <span class='ocrx_word' id='word_1_10' title='bbox 2405 305 2728 371; x_wconf 79' lang='lat' dir='ltr'><strong>FRATRIS,</strong></span> 
     </span>
    </p>
   </div>
   <div class='ocr_carea' id='block_1_4' title="bbox 3682 310 3788 366">
    <p class='ocr_par' dir='ltr' id='par_1_4' title="bbox 3682 310 3788 366">
     <span class='ocr_line' id='line_1_4' title="bbox 3682 310 3788 366; baseline 0.009 -1"><span class='ocrx_word' id='word_1_11' title='bbox 3682 310 3788 366; x_wconf 69' lang='lat'><strong>908</strong></span> 
     </span>
    </p>
   </div>
   <div class='ocr_carea' id='block_1_5' title="bbox 2220 421 3786 510">
    <p class='ocr_par' dir='ltr' id='par_1_5' title="bbox 2220 421 3786 510">
     <span class='ocr_line' id='line_1_5' title="bbox 2220 421 3786 510; baseline 0.006 -34"><span class='ocrx_word' id='word_1_12' title='bbox 2220 425 2618 496; x_wconf 84' lang='grc' dir='ltr'>ὑποκεχῶσθαι,</span> <span class='ocrx_word' id='word_1_13' title='bbox 2649 427 2743 482; x_wconf 69' lang='grc' dir='ltr'>καὶ</span> <span class='ocrx_word' id='word_1_14' title='bbox 2773 421 2930 491; x_wconf 82' lang='grc' dir='ltr'>αὖθις</span> <span class='ocrx_word' id='word_1_15' title='bbox 2954 426 3033 498; x_wconf 77' lang='grc' dir='ltr'><strong>τῷ</strong></span> <span class='ocrx_word' id='word_1_16' title='bbox 3067 427 3197 510; x_wconf 75' lang='grc' dir='ltr'>θείῳ</span> <span class='ocrx_word' id='word_1_17' title='bbox 3239 428 3624 500; x_wconf 80' lang='grc' dir='ltr'><strong>προστάγματι</strong></span> <span class='ocrx_word' id='word_1_18' title='bbox 3661 431 3786 485; x_wconf 82' lang='grc' dir='ltr'>ἅνα-</span> 
     </span>
    </p>
   </div>
   <div class='ocr_carea' id='block_1_6' title="bbox 538 510 2103 594">
    <p class='ocr_par' dir='ltr' id='par_1_6' title="bbox 538 510 2103 570">
     <span class='ocr_line' id='line_1_6' title="bbox 538 510 2103 570; baseline -0.001 0"><span class='ocrx_word' id='word_1_19' title='bbox 538 530 646 570; x_wconf 91' lang='lat' dir='ltr'><strong>non</strong></span> <span class='ocrx_word' id='word_1_20' title='bbox 694 514 854 568; x_wconf 93' lang='lat' dir='ltr'><strong>habet</strong></span> <span class='ocrx_word' id='word_1_21' title='bbox 895 515 1164 568; x_wconf 89' lang='lat' dir='ltr'><strong>rationem</strong></span> <span class='ocrx_word' id='word_1_22' title='bbox 1199 512 1521 569; x_wconf 76' lang='lat' dir='ltr'><strong>similitudo.</strong></span> <span class='ocrx_word' id='word_1_23' title='bbox 1560 510 1692 566; x_wconf 84' lang='lat' dir='ltr'><strong>Nam</strong></span> <span class='ocrx_word' id='word_1_24' title='bbox 1727 512 1774 567; x_wconf 90' lang='lat' dir='ltr'><strong>si</strong></span> <span class='ocrx_word' id='word_1_25' title='bbox 1820 520 1964 568; x_wconf 87' lang='lat' dir='ltr'><strong>terra</strong></span> <span class='ocrx_word' id='word_1_26' title='bbox 1997 514 2103 568; x_wconf 87' lang='lat' dir='ltr'><strong>ani-</strong></span> 
     </span>
    </p>
   </div>
   <div class='ocr_carea' id='block_1_7' title="bbox 2205 510 3784 594">
    <p class='ocr_par' dir='ltr' id='par_1_7' title="bbox 2213 515 3784 594">
     <span class='ocr_line' id='line_1_7' title="bbox 2213 515 3784 594; baseline 0.005 -27"><span class='ocrx_word' id='word_1_27' title='bbox 2213 515 2482 570; x_wconf 89' lang='grc' dir='ltr'>τείλαντα.</span> <span class='ocrx_word' id='word_1_28' title='bbox 2535 517 2674 570; x_wconf 83' lang='grc' dir='ltr'>Ἀλλ’</span> <span class='ocrx_word' id='word_1_29' title='bbox 2713 519 2813 572; x_wconf 87' lang='grc' dir='ltr'>οὐκ</span> <span class='ocrx_word' id='word_1_30' title='bbox 2851 518 2964 587; x_wconf 77' lang='grc' dir='ltr'>ἔχει</span> <span class='ocrx_word' id='word_1_31' title='bbox 2995 518 3150 586; x_wconf 69' lang='grc' dir='ltr'>λόγον</span> <span class='ocrx_word' id='word_1_32' title='bbox 3195 520 3228 589; x_wconf 89' lang='grc' dir='ltr'><strong>ή</strong></span> <span class='ocrx_word' id='word_1_33' title='bbox 3260 520 3553 590; x_wconf 81' lang='grc' dir='ltr'><strong>παροιμία.</strong></span> <span class='ocrx_word' id='word_1_34' title='bbox 3596 521 3660 575; x_wconf 78' lang='lat' dir='ltr'><strong>El.</strong></span> <span class='ocrx_word' id='word_1_35' title='bbox 3681 522 3784 594; x_wconf 73' lang='grc' dir='ltr'><strong>γάρ</strong></span> 
     </span>
    </p>
   </div>
   <div class='ocr_carea' id='block_1_8' title="bbox 535 603 2111 674">
    <p class='ocr_par' dir='ltr' id='par_1_8' title="bbox 535 603 2111 674">
     <span class='ocr_line' id='line_1_8' title="bbox 535 603 2111 674; baseline -0.001 -14"><span class='ocrx_word' id='word_1_36' title='bbox 535 612 682 660; x_wconf 84' lang='lat' dir='ltr'><strong>mata</strong></span> <span class='ocrx_word' id='word_1_37' title='bbox 725 621 792 658; x_wconf 78' lang='lat' dir='ltr'><strong>ex</strong></span> <span class='ocrx_word' id='word_1_38' title='bbox 832 619 899 660; x_wconf 88' lang='lat' dir='ltr'><strong>eo</strong></span> <span class='ocrx_word' id='word_1_39' title='bbox 936 611 1040 670; x_wconf 88' lang='lat' dir='ltr'><strong>est,</strong></span> <span class='ocrx_word' id='word_1_40' title='bbox 1095 605 1242 674; x_wconf 90' lang='lat' dir='ltr'><strong>quod</strong></span> <span class='ocrx_word' id='word_1_41' title='bbox 1280 603 1518 658; x_wconf 83' lang='lat' dir='ltr'><strong>animata</strong></span> <span class='ocrx_word' id='word_1_42' title='bbox 1566 603 1796 674; x_wconf 89' lang='lat' dir='ltr'><strong>profert,</strong></span> <span class='ocrx_word' id='word_1_43' title='bbox 1839 619 1899 659; x_wconf 90' lang='lat' dir='ltr'><strong>se</strong></span> <span class='ocrx_word' id='word_1_44' title='bbox 1937 604 2111 674; x_wconf 85' lang='lat' dir='ltr'><strong>ipsam</strong></span> 
     </span>
    </p>
   </div>
   <div class='ocr_carea' id='block_1_9' title="bbox 536 691 2110 764">
    <p class='ocr_par' dir='ltr' id='par_1_9' title="bbox 536 691 2110 764">
     <span class='ocr_line' id='line_1_9' title="bbox 536 691 2110 764; baseline -0.001 -17"><span class='ocrx_word' id='word_1_45' title='bbox 536 695 718 747; x_wconf 88' lang='lat' dir='ltr'><strong>anima</strong></span> <span class='ocrx_word' id='word_1_46' title='bbox 739 693 1004 749; x_wconf 90' lang='lat' dir='ltr'><strong>destituit.</strong></span> <span class='ocrx_word' id='word_1_47' title='bbox 1038 692 1172 746; x_wconf 82' lang='lat' dir='ltr'><strong>Nam</strong></span> <span class='ocrx_word' id='word_1_48' title='bbox 1201 692 1558 764; x_wconf 90' lang='lat' dir='ltr'><strong>qui&#39;animam</strong></span> <span class='ocrx_word' id='word_1_49' title='bbox 1583 691 1786 758; x_wconf 82' lang='lat' dir='ltr'><strong>educit,</strong></span> <span class='ocrx_word' id='word_1_50' title='bbox 1823 691 1938 747; x_wconf 89' lang='lat' dir='ltr'><strong>sive</strong></span> <span class='ocrx_word' id='word_1_51' title='bbox 1957 707 2110 748; x_wconf 89' lang='lat' dir='ltr'><strong>suam</strong></span> 
     </span>
    </p>
   </div>
   <div class='ocr_carea' id='block_1_10' title="bbox 535 779 2111 851">
    <p class='ocr_par' dir='ltr' id='par_1_10' title="bbox 535 779 2111 851">
     <span class='ocr_line' id='line_1_10' title="bbox 535 779 2111 851; baseline -0.001 -16"><span class='ocrx_word' id='word_1_52' title='bbox 535 783 651 836; x_wconf 86' lang='lat' dir='ltr'><strong>sive</strong></span> <span class='ocrx_word' id='word_1_53' title='bbox 683 781 942 851; x_wconf 81' lang='lat' dir='ltr'><strong>proximi,</strong></span> <span class='ocrx_word' id='word_1_54' title='bbox 979 789 1233 837; x_wconf 88' lang='lat' dir='ltr'><strong>mortuus</strong></span> <span class='ocrx_word' id='word_1_55' title='bbox 1260 781 1487 836; x_wconf 93' lang='lat' dir='ltr'><strong>omnino</strong></span> <span class='ocrx_word' id='word_1_56' title='bbox 1516 787 1570 834; x_wconf 90' lang='lat' dir='ltr'><strong>et</strong></span> <span class='ocrx_word' id='word_1_57' title='bbox 1597 779 1866 835; x_wconf 82' lang='lat' dir='ltr'><strong>exanimis</strong></span> <span class='ocrx_word' id='word_1_58' title='bbox 1891 787 1996 844; x_wconf 90' lang='lat' dir='ltr'><strong>est,</strong></span> <span class='ocrx_word' id='word_1_59' title='bbox 2029 781 2111 835; x_wconf 83' lang='lat' dir='ltr'><strong>vi-</strong></span> 
     </span>
    </p>
   </div>
   <div class='ocr_carea' id='block_1_11' title="bbox 537 873 1248 941">
    <p class='ocr_par' dir='ltr' id='par_1_11' title="bbox 537 873 1248 941">
     <span class='ocr_line' id='line_1_11' title="bbox 537 873 1248 941; baseline 0 -15"><span class='ocrx_word' id='word_1_60' title='bbox 537 873 697 928; x_wconf 88' lang='lat' dir='ltr'><strong>talem</strong></span> <span class='ocrx_word' id='word_1_61' title='bbox 731 888 954 927; x_wconf 83' lang='lat' dir='ltr'><strong>causam</strong></span> <span class='ocrx_word' id='word_1_62' title='bbox 989 873 1248 941; x_wconf 73' lang='lat' dir='ltr'><strong>eiiciens.</strong></span> 
     </span>
    </p>
   </div>
   <div class='ocr_carea' id='block_1_12' title="bbox 992 960 1668 1017">
    <p class='ocr_par' dir='ltr' id='par_1_12' title="bbox 992 960 1668 1017">
     <span class='ocr_line' id='line_1_12' title="bbox 992 960 1668 1017; baseline -0.001 -1"><span class='ocrx_word' id='word_1_63' title='bbox 992 960 1517 1017; x_wconf 74' lang='lat' dir='ltr'><strong>INTERROGATIO</strong></span> <span class='ocrx_word' id='word_1_64' title='bbox 1557 962 1668 1016; x_wconf 86' lang='lat' dir='ltr'><strong>Cll.</strong></span> 
     </span>
    </p>
   </div>
   <div class='ocr_carea' id='block_1_13' title="bbox 606 1053 2112 1126">
    <p class='ocr_par' dir='ltr' id='par_1_13' title="bbox 606 1053 2112 1126">
     <span class='ocr_line' id='line_1_13' title="bbox 606 1053 2112 1126; baseline -0.001 -16"><span class='ocrx_word' id='word_1_65' title='bbox 606 1056 745 1110; x_wconf 83' lang='lat' dir='ltr'><strong>Num</strong></span> <span class='ocrx_word' id='word_1_66' title='bbox 780 1055 968 1126; x_wconf 79' lang='lat' dir='ltr'><strong>igitur,</strong></span> <span class='ocrx_word' id='word_1_67' title='bbox 1009 1054 1452 1125; x_wconf 88' lang='lat' dir='ltr'><strong>quandoquidem</strong></span> <span class='ocrx_word' id='word_1_68' title='bbox 1491 1054 1745 1110; x_wconf 86' lang='lat' dir='ltr'><strong>homines</strong></span> <span class='ocrx_word' id='word_1_69' title='bbox 1778 1053 2017 1110; x_wconf 80' lang='lat' dir='ltr'><strong>viventia</strong></span> <span class='ocrx_word' id='word_1_70' title='bbox 2057 1062 2112 1109; x_wconf 89' lang='lat' dir='ltr'><strong>et</strong></span> 
     </span>
    </p>
   </div>
   <div class='ocr_carea' id='block_1_14' title="bbox 535 1145 2112 1216">
    <p class='ocr_par' dir='ltr' id='par_1_14' title="bbox 535 1145 2112 1216">
     <span class='ocr_line' id='line_1_14' title="bbox 535 1145 2112 1216; baseline 0 -15"><span class='ocrx_word' id='word_1_71' title='bbox 535 1148 774 1202; x_wconf 82' lang='lat' dir='ltr'><strong>animata</strong></span> <span class='ocrx_word' id='word_1_72' title='bbox 805 1156 1088 1216; x_wconf 78' lang='lat' dir='ltr'><strong>generant,</strong></span> <span class='ocrx_word' id='word_1_73' title='bbox 1123 1145 1274 1201; x_wconf 90' lang='lat' dir='ltr'><strong>edito</strong></span> <span class='ocrx_word' id='word_1_74' title='bbox 1297 1147 1354 1200; x_wconf 91' lang='lat' dir='ltr'><strong>in</strong></span> <span class='ocrx_word' id='word_1_75' title='bbox 1387 1146 1562 1200; x_wconf 87' lang='lat' dir='ltr'><strong>lucem</strong></span> <span class='ocrx_word' id='word_1_76' title='bbox 1595 1145 1804 1202; x_wconf 81' lang='lat' dir='ltr'><strong>infante</strong></span> <span class='ocrx_word' id='word_1_77' title='bbox 1836 1145 2112 1201; x_wconf 89' lang='lat' dir='ltr'><strong>inanimus</strong></span> 
     </span>
    </p>
   </div>
   <div class='ocr_carea' id='block_1_15' title="bbox 534 1239 908 1295">
    <p class='ocr_par' dir='ltr' id='par_1_15' title="bbox 534 1239 908 1295">
     <span class='ocr_line' id='line_1_15' title="bbox 534 1239 908 1295; baseline -0.003 -3"><span class='ocrx_word' id='word_1_78' title='bbox 534 1239 760 1295; x_wconf 87' lang='lat' dir='ltr'><strong>relictus</strong></span> <span class='ocrx_word' id='word_1_79' title='bbox 788 1239 908 1292; x_wconf 87' lang='lat' dir='ltr'><strong>est?</strong></span> 
     </span>
    </p>
   </div>
   <div class='ocr_carea' id='block_1_16' title="bbox 1169 1329 1479 1399">
    <p class='ocr_par' dir='ltr' id='par_1_16' title="bbox 1169 1329 1479 1399">
     <span class='ocr_line' id='line_1_16' title="bbox 1169 1329 1479 1399; baseline 0.003 -15"><span class='ocrx_word' id='word_1_80' title='bbox 1169 1329 1479 1399; x_wconf 77' lang='lat' dir='ltr'><strong>Responsio.</strong></span> 
     </span>
    </p>
   </div>
   <div class='ocr_carea' id='block_1_17' title="bbox 603 1418 2110 1494">
    <p class='ocr_par' dir='ltr' id='par_1_17' title="bbox 603 1418 2110 1494">
     <span class='ocr_line' id='line_1_17' title="bbox 603 1418 2110 1494; baseline 0.002 -20"><span class='ocrx_word' id='word_1_81' title='bbox 603 1418 811 1476; x_wconf 81' lang='lat' dir='ltr'><strong>Verum</strong></span> <span class='ocrx_word' id='word_1_82' title='bbox 843 1421 978 1476; x_wconf 86' lang='lat' dir='ltr'><strong>nihil</strong></span> <span class='ocrx_word' id='word_1_83' title='bbox 1010 1421 1159 1476; x_wconf 88' lang='lat' dir='ltr'><strong>aliud</strong></span> <span class='ocrx_word' id='word_1_84' title='bbox 1188 1439 1350 1492; x_wconf 85' lang='lat' dir='ltr'><strong>quam</strong></span> <span class='ocrx_word' id='word_1_85' title='bbox 1382 1437 1645 1494; x_wconf 87' lang='lat' dir='ltr'><strong>organum</strong></span> <span class='ocrx_word' id='word_1_86' title='bbox 1671 1422 1833 1478; x_wconf 92' lang='lat' dir='ltr'><strong>homo</strong></span> <span class='ocrx_word' id='word_1_87' title='bbox 1859 1432 2110 1494; x_wconf 86' lang='lat' dir='ltr'><strong>generat,</strong></span> 
     </span>
    </p>
   </div>
   <div class='ocr_carea' id='block_1_18' title="bbox 529 1515 2110 1586">
    <p class='ocr_par' dir='ltr' id='par_1_18' title="bbox 529 1515 2110 1586">
     <span class='ocr_line' id='line_1_18' title="bbox 529 1515 2110 1586; baseline 0.003 -19"><span class='ocrx_word' id='word_1_88' title='bbox 529 1515 770 1567; x_wconf 85' lang='lat' dir='ltr'><strong>animam</strong></span> <span class='ocrx_word' id='word_1_89' title='bbox 814 1522 997 1571; x_wconf 88' lang='lat' dir='ltr'><strong>autem</strong></span> <span class='ocrx_word' id='word_1_90' title='bbox 1045 1515 1286 1569; x_wconf 87' lang='lat' dir='ltr'><strong>immittit</strong></span> <span class='ocrx_word' id='word_1_91' title='bbox 1328 1516 1488 1570; x_wconf 90' lang='lat' dir='ltr'><strong>Deus.</strong></span> <span class='ocrx_word' id='word_1_92' title='bbox 1539 1515 1818 1586; x_wconf 84' lang='lat' dir='ltr'><strong>Nusquam</strong></span> <span class='ocrx_word' id='word_1_93' title='bbox 1863 1517 2007 1571; x_wconf 92' lang='lat' dir='ltr'><strong>enim</strong></span> <span class='ocrx_word' id='word_1_94' title='bbox 2055 1517 2110 1571; x_wconf 90' lang='lat' dir='ltr'><strong>in</strong></span> 
     </span>
    </p>
   </div>
   <div class='ocr_carea' id='block_1_19' title="bbox 532 1601 2112 1672">
    <p class='ocr_par' dir='ltr' id='par_1_19' title="bbox 532 1601 2112 1672">
     <span class='ocr_line' id='line_1_19' title="bbox 532 1601 2112 1672; baseline 0.004 -17"><span class='ocrx_word' id='word_1_95' title='bbox 532 1601 818 1672; x_wconf 87' lang='lat' dir='ltr'><strong>Scriptura</strong></span> <span class='ocrx_word' id='word_1_96' title='bbox 847 1603 1052 1657; x_wconf 91' lang='lat' dir='ltr'><strong>dictum</strong></span> <span class='ocrx_word' id='word_1_97' title='bbox 1084 1611 1168 1659; x_wconf 89' lang='lat' dir='ltr'><strong>est</strong></span> <span class='ocrx_word' id='word_1_98' title='bbox 1195 1621 1208 1656; x_wconf 91' lang='lat'><strong>:</strong></span> <span class='ocrx_word' id='word_1_99' title='bbox 1244 1603 1513 1658; x_wconf 82' lang='lat' dir='ltr'><strong>Producat</strong></span> <span class='ocrx_word' id='word_1_100' title='bbox 1542 1605 1737 1660; x_wconf 89' lang='lat' dir='ltr'><strong>mulier</strong></span> <span class='ocrx_word' id='word_1_101' title='bbox 1756 1605 1992 1660; x_wconf 89' lang='lat' dir='ltr'><strong>animam</strong></span> <span class='ocrx_word' id='word_1_102' title='bbox 2032 1609 2112 1660; x_wconf 88' lang='lat' dir='ltr'><strong>vi-</strong></span> 
     </span>
    </p>
   </div>
   <div class='ocr_carea' id='block_1_20' title="bbox 530 1695 2105 1766">
    <p class='ocr_par' dir='ltr' id='par_1_20' title="bbox 530 1695 2105 1766">
     <span class='ocr_line' id='line_1_20' title="bbox 530 1695 2105 1766; baseline 0.004 -21"><span class='ocrx_word' id='word_1_103' title='bbox 530 1703 782 1761; x_wconf 79' lang='lat' dir='ltr'><strong>ventem;</strong></span> <span class='ocrx_word' id='word_1_104' title='bbox 840 1711 1015 1765; x_wconf 90' lang='lat' dir='ltr'><strong>neque</strong></span> <span class='ocrx_word' id='word_1_105' title='bbox 1059 1695 1205 1764; x_wconf 91' lang='lat' dir='ltr'><strong>quod</strong></span> <span class='ocrx_word' id='word_1_106' title='bbox 1258 1695 1366 1749; x_wconf 83' lang='lat' dir='ltr'><strong>Eva</strong></span> <span class='ocrx_word' id='word_1_107' title='bbox 1419 1697 1755 1766; x_wconf 87' lang='lat' dir='ltr'><strong>concipiens,</strong></span> <span class='ocrx_word' id='word_1_108' title='bbox 1812 1706 1906 1751; x_wconf 91' lang='lat' dir='ltr'><strong>aut</strong></span> <span class='ocrx_word' id='word_1_109' title='bbox 1948 1697 2105 1760; x_wconf 85' lang='lat' dir='ltr'><strong>Sara,</strong></span> 
     </span>
    </p>
   </div>
   <div class='ocr_carea' id='block_1_21' title="bbox 529 1784 2110 1857">
    <p class='ocr_par' dir='ltr' id='par_1_21' title="bbox 529 1784 2110 1857">
     <span class='ocr_line' id='line_1_21' title="bbox 529 1784 2110 1857; baseline 0.004 -20"><span class='ocrx_word' id='word_1_110' title='bbox 529 1792 624 1838; x_wconf 89' lang='lat' dir='ltr'><strong>aut</strong></span> <span class='ocrx_word' id='word_1_111' title='bbox 675 1784 949 1839; x_wconf 85' lang='lat' dir='ltr'><strong>Elisabeta</strong></span> <span class='ocrx_word' id='word_1_112' title='bbox 1003 1785 1327 1855; x_wconf 80' lang='lat' dir='ltr'><strong>produxerit</strong></span> <span class='ocrx_word' id='word_1_113' title='bbox 1375 1786 1638 1852; x_wconf 87' lang='lat' dir='ltr'><strong>animam,</strong></span> <span class='ocrx_word' id='word_1_114' title='bbox 1685 1787 1780 1841; x_wconf 90' lang='lat' dir='ltr'><strong>sed</strong></span> <span class='ocrx_word' id='word_1_115' title='bbox 1828 1790 1970 1857; x_wconf 91' lang='lat' dir='ltr'><strong>quod</strong></span> <span class='ocrx_word' id='word_1_116' title='bbox 2017 1804 2110 1857; x_wconf 87' lang='lat' dir='ltr'><strong>ge-</strong></span> 
     </span>
    </p>
   </div>
   <div class='ocr_carea' id='block_1_22' title="bbox 530 1873 2110 1946">
    <p class='ocr_par' dir='ltr' id='par_1_22' title="bbox 530 1873 2110 1946">
     <span class='ocr_line' id='line_1_22' title="bbox 530 1873 2110 1946; baseline 0.003 -20"><span class='ocrx_word' id='word_1_117' title='bbox 530 1874 716 1927; x_wconf 87' lang='lat' dir='ltr'><strong>nuerit</strong></span> <span class='ocrx_word' id='word_1_118' title='bbox 771 1873 1036 1928; x_wconf 82' lang='lat' dir='ltr'><strong>infantem</strong></span> <span class='ocrx_word' id='word_1_119' title='bbox 1087 1889 1336 1943; x_wconf 88' lang='lat' dir='ltr'><strong>puerum.</strong></span> <span class='ocrx_word' id='word_1_120' title='bbox 1383 1874 1493 1929; x_wconf 88' lang='lat' dir='ltr'><strong>Cur</strong></span> <span class='ocrx_word' id='word_1_121' title='bbox 1531 1876 1822 1946; x_wconf 63' lang='lat' dir='ltr'><strong>caeteroqul</strong></span> <span class='ocrx_word' id='word_1_122' title='bbox 1860 1876 2110 1946; x_wconf 63' lang='lat' dir='ltr'><strong>plurimm</strong></span> 
     </span>
    </p>
   </div>
   <div class='ocr_carea' id='block_1_23' title="bbox 532 1965 2110 2034">
    <p class='ocr_par' dir='ltr' id='par_1_23' title="bbox 532 1965 2110 2034">
     <span class='ocr_line' id='line_1_23' title="bbox 532 1965 2110 2034; baseline 0.004 -18"><span class='ocrx_word' id='word_1_123' title='bbox 532 1971 738 2018; x_wconf 80' lang='lat' dir='ltr'><strong>matres</strong></span> <span class='ocrx_word' id='word_1_124' title='bbox 772 1973 1037 2034; x_wconf 78' lang='lat' dir='ltr'><strong>generant</strong></span> <span class='ocrx_word' id='word_1_125' title='bbox 1070 1965 1186 2018; x_wconf 89' lang='lat' dir='ltr'><strong>sola</strong></span> <span class='ocrx_word' id='word_1_126' title='bbox 1216 1979 1472 2034; x_wconf 87' lang='lat' dir='ltr'><strong>corpora,</strong></span> <span class='ocrx_word' id='word_1_127' title='bbox 1505 1965 1685 2020; x_wconf 89' lang='lat' dir='ltr'><strong>anima</strong></span> <span class='ocrx_word' id='word_1_128' title='bbox 1720 1966 2002 2030; x_wconf 87' lang='lat' dir='ltr'><strong>destituta,</strong></span> <span class='ocrx_word' id='word_1_129' title='bbox 2033 1968 2110 2022; x_wconf 87' lang='lat' dir='ltr'><strong>si-</strong></span> 
     </span>
    </p>
   </div>
   <div class='ocr_carea' id='block_1_24' title="bbox 529 2055 2108 2127">
    <p class='ocr_par' dir='ltr' id='par_1_24' title="bbox 529 2055 2108 2127">
     <span class='ocr_line' id='line_1_24' title="bbox 529 2055 2108 2127; baseline 0.003 -20"><span class='ocrx_word' id='word_1_130' title='bbox 529 2055 749 2123; x_wconf 88' lang='lat' dir='ltr'><strong>quidem</strong></span> <span class='ocrx_word' id='word_1_131' title='bbox 781 2063 1032 2125; x_wconf 84' lang='lat' dir='ltr'><strong>poterant</strong></span> <span class='ocrx_word' id='word_1_132' title='bbox 1081 2057 1380 2111; x_wconf 89' lang='lat' dir='ltr'><strong>animatum</strong></span> <span class='ocrx_word' id='word_1_133' title='bbox 1420 2057 1722 2127; x_wconf 88' lang='lat' dir='ltr'><strong>producere</strong></span> <span class='ocrx_word' id='word_1_134' title='bbox 1751 2057 1964 2114; x_wconf 87' lang='lat' dir='ltr'><strong>fetum?</strong></span> <span class='ocrx_word' id='word_1_135' title='bbox 2002 2059 2108 2112; x_wconf 90' lang='lat' dir='ltr'><strong>Aut</strong></span> 
     </span>
    </p>
   </div>
   <div class='ocr_carea' id='block_1_25' title="bbox 530 2146 2108 2220">
    <p class='ocr_par' dir='ltr' id='par_1_25' title="bbox 530 2146 2108 2220">
     <span class='ocr_line' id='line_1_25' title="bbox 530 2146 2108 2220; baseline 0.003 -21"><span class='ocrx_word' id='word_1_136' title='bbox 530 2161 702 2215; x_wconf 88' lang='lat' dir='ltr'><strong>quare</strong></span> <span class='ocrx_word' id='word_1_137' title='bbox 732 2146 902 2202; x_wconf 84' lang='lat' dir='ltr'><strong>fetum</strong></span> <span class='ocrx_word' id='word_1_138' title='bbox 950 2155 1223 2202; x_wconf 90' lang='lat' dir='ltr'><strong>mortuum</strong></span> <span class='ocrx_word' id='word_1_139' title='bbox 1272 2149 1466 2212; x_wconf 75' lang='lat' dir='ltr'><strong>enixae,</strong></span> <span class='ocrx_word' id='word_1_140' title='bbox 1517 2164 1686 2219; x_wconf 87' lang='lat' dir='ltr'><strong>super</strong></span> <span class='ocrx_word' id='word_1_141' title='bbox 1732 2165 1798 2204; x_wconf 88' lang='lat' dir='ltr'><strong>eo</strong></span> <span class='ocrx_word' id='word_1_142' title='bbox 1836 2150 2022 2220; x_wconf 78' lang='lat' dir='ltr'><strong>lugent</strong></span> <span class='ocrx_word' id='word_1_143' title='bbox 2053 2157 2108 2204; x_wconf 88' lang='lat' dir='ltr'><strong>et</strong></span> 
     </span>
    </p>
   </div>
   <div class='ocr_carea' id='block_1_26' title="bbox 532 2240 2106 2309">
    <p class='ocr_par' dir='ltr' id='par_1_26' title="bbox 532 2240 2106 2309">
     <span class='ocr_line' id='line_1_26' title="bbox 532 2240 2106 2309; baseline 0.003 -17"><span class='ocrx_word' id='word_1_144' title='bbox 532 2240 770 2309; x_wconf 86' lang='lat' dir='ltr'><strong>plorant,</strong></span> <span class='ocrx_word' id='word_1_145' title='bbox 810 2247 864 2295; x_wconf 91' lang='lat' dir='ltr'><strong>et</strong></span> <span class='ocrx_word' id='word_1_146' title='bbox 901 2256 1010 2294; x_wconf 90' lang='lat' dir='ltr'><strong>non</strong></span> <span class='ocrx_word' id='word_1_147' title='bbox 1066 2256 1189 2295; x_wconf 77' lang='lat' dir='ltr'><strong>mox</strong></span> <span class='ocrx_word' id='word_1_148' title='bbox 1245 2242 1482 2295; x_wconf 90' lang='lat' dir='ltr'><strong>animam</strong></span> <span class='ocrx_word' id='word_1_149' title='bbox 1523 2242 1718 2296; x_wconf 91' lang='lat' dir='ltr'><strong>indunt</strong></span> <span class='ocrx_word' id='word_1_150' title='bbox 1768 2251 1985 2297; x_wconf 87' lang='lat' dir='ltr'><strong>mortuo</strong></span> <span class='ocrx_word' id='word_1_151' title='bbox 2015 2261 2030 2298; x_wconf 91' lang='lat'><strong>:</strong></span> <span class='ocrx_word' id='word_1_152' title='bbox 2059 2243 2106 2298; x_wconf 90' lang='lat' dir='ltr'><strong>si</strong></span> 
     </span>
    </p>
   </div>
   <div class='ocr_carea' id='block_1_27' title="bbox 531 2331 2108 2402">
    <p class='ocr_par' dir='ltr' id='par_1_27' title="bbox 531 2331 2108 2402">
     <span class='ocr_line' id='line_1_27' title="bbox 531 2331 2108 2402; baseline 0.003 -18"><span class='ocrx_word' id='word_1_153' title='bbox 531 2331 750 2401; x_wconf 89' lang='lat' dir='ltr'><strong>quidem</strong></span> <span class='ocrx_word' id='word_1_154' title='bbox 775 2331 958 2386; x_wconf 88' lang='lat' dir='ltr'><strong>denuo</strong></span> <span class='ocrx_word' id='word_1_155' title='bbox 986 2332 1066 2388; x_wconf 87' lang='lat' dir='ltr'><strong>fas</strong></span> <span class='ocrx_word' id='word_1_156' title='bbox 1097 2342 1214 2387; x_wconf 89' lang='lat' dir='ltr'><strong>erat</strong></span> <span class='ocrx_word' id='word_1_157' title='bbox 1235 2332 1472 2386; x_wconf 88' lang='lat' dir='ltr'><strong>anintam</strong></span> <span class='ocrx_word' id='word_1_158' title='bbox 1506 2334 1802 2402; x_wconf 86' lang='lat' dir='ltr'><strong>generare?</strong></span> <span class='ocrx_word' id='word_1_159' title='bbox 1825 2332 2108 2399; x_wconf 88' lang='lat' dir='ltr'><strong>Quomodo</strong></span> 
     </span>
    </p>
   </div>
   <div class='ocr_carea' id='block_1_28' title="bbox 529 2421 2108 2490">
    <p class='ocr_par' dir='ltr' id='par_1_28' title="bbox 529 2421 2108 2490">
     <span class='ocr_line' id='line_1_28' title="bbox 529 2421 2108 2490; baseline 0.002 -14"><span class='ocrx_word' id='word_1_160' title='bbox 529 2435 661 2476; x_wconf 79' lang='lat' dir='ltr'><strong>vero</strong></span> <span class='ocrx_word' id='word_1_161' title='bbox 690 2421 924 2490; x_wconf 86' lang='lat' dir='ltr'><strong>quodvis</strong></span> <span class='ocrx_word' id='word_1_162' title='bbox 962 2423 1264 2476; x_wconf 87' lang='lat' dir='ltr'><strong>animatum</strong></span> <span class='ocrx_word' id='word_1_163' title='bbox 1299 2423 1446 2477; x_wconf 89' lang='lat' dir='ltr'><strong>ferro</strong></span> <span class='ocrx_word' id='word_1_164' title='bbox 1473 2422 1772 2479; x_wconf 88' lang='lat' dir='ltr'><strong>dissectum</strong></span> <span class='ocrx_word' id='word_1_165' title='bbox 1807 2433 1902 2479; x_wconf 88' lang='lat' dir='ltr'><strong>aut</strong></span> <span class='ocrx_word' id='word_1_166' title='bbox 1935 2426 2108 2480; x_wconf 73' lang='lat' dir='ltr'><strong>laniu-</strong></span> 
     </span>
    </p>
   </div>
   <div class='ocr_carea' id='block_1_29' title="bbox 531 2505 2109 2584">
    <p class='ocr_par' dir='ltr' id='par_1_29' title="bbox 531 2505 2109 2584">
     <span class='ocr_line' id='line_1_29' title="bbox 531 2505 2109 2584; baseline 0.003 -18"><span class='ocrx_word' id='word_1_167' title='bbox 531 2517 672 2576; x_wconf 87' lang='lat' dir='ltr'><strong>ttnn,</strong></span> <span class='ocrx_word' id='word_1_168' title='bbox 702 2505 829 2566; x_wconf 64' lang='lat' dir='ltr'><strong>mox</strong></span> <span class='ocrx_word' id='word_1_169' title='bbox 865 2513 1186 2583; x_wconf 84' lang='lat' dir='ltr'><strong>sanguinem</strong></span> <span class='ocrx_word' id='word_1_170' title='bbox 1216 2514 1498 2584; x_wconf 83' lang='lat' dir='ltr'><strong>profundit</strong></span> <span class='ocrx_word' id='word_1_171' title='bbox 1523 2515 1700 2570; x_wconf 88' lang='lat' dir='ltr'><strong>instar</strong></span> <span class='ocrx_word' id='word_1_172' title='bbox 1731 2518 2013 2580; x_wconf 86' lang='lat' dir='ltr'><strong>torrentis,</strong></span> <span class='ocrx_word' id='word_1_173' title='bbox 2054 2525 2109 2572; x_wconf 87' lang='lat' dir='ltr'><strong>et</strong></span> 
     </span>
    </p>
   </div>
   <div class='ocr_carea' id='block_1_30' title="bbox 529 2603 2108 2676">
    <p class='ocr_par' dir='ltr' id='par_1_30' title="bbox 529 2603 2108 2676">
     <span class='ocr_line' id='line_1_30' title="bbox 529 2603 2108 2676; baseline 0.003 -19"><span class='ocrx_word' id='word_1_174' title='bbox 529 2603 961 2673; x_wconf 86' lang='lat' dir='ltr'><strong>circumquaque</strong></span> <span class='ocrx_word' id='word_1_175' title='bbox 1026 2605 1297 2660; x_wconf 86' lang='lat' dir='ltr'><strong>rubefacit</strong></span> <span class='ocrx_word' id='word_1_176' title='bbox 1361 2606 1708 2676; x_wconf 77' lang='lat' dir='ltr'><strong>subjectum?</strong></span> <span class='ocrx_word' id='word_1_177' title='bbox 1785 2616 1929 2663; x_wconf 87' lang='lat' dir='ltr'><strong>terra</strong></span> <span class='ocrx_word' id='word_1_178' title='bbox 1977 2623 2108 2662; x_wconf 81' lang='lat' dir='ltr'><strong>vero</strong></span> 
     </span>
    </p>
   </div>
   <div class='ocr_carea' id='block_1_31' title="bbox 531 2698 2106 2769">
    <p class='ocr_par' dir='ltr' id='par_1_31' title="bbox 531 2698 2106 2769">
     <span class='ocr_line' id='line_1_31' title="bbox 531 2698 2106 2769; baseline 0.004 -21"><span class='ocrx_word' id='word_1_179' title='bbox 531 2703 684 2748; x_wconf 82' lang='lat' dir='ltr'><strong>arata</strong></span> <span class='ocrx_word' id='word_1_180' title='bbox 717 2698 1044 2767; x_wconf 82' lang='lat' dir='ltr'><strong>pastinoque</strong></span> <span class='ocrx_word' id='word_1_181' title='bbox 1070 2698 1330 2763; x_wconf 90' lang='lat' dir='ltr'><strong>dissecta,</strong></span> <span class='ocrx_word' id='word_1_182' title='bbox 1358 2709 1412 2754; x_wconf 91' lang='lat' dir='ltr'><strong>et</strong></span> <span class='ocrx_word' id='word_1_183' title='bbox 1445 2699 1498 2753; x_wconf 91' lang='lat' dir='ltr'><strong>in</strong></span> <span class='ocrx_word' id='word_1_184' title='bbox 1523 2708 1744 2769; x_wconf 89' lang='lat' dir='ltr'><strong>puteum</strong></span> <span class='ocrx_word' id='word_1_185' title='bbox 1774 2700 1972 2756; x_wconf 78' lang='lat' dir='ltr'><strong>eﬂ‘ossa</strong></span> <span class='ocrx_word' id='word_1_186' title='bbox 1998 2716 2106 2755; x_wconf 90' lang='lat' dir='ltr'><strong>non</strong></span> 
     </span>
    </p>
   </div>
   <div class='ocr_carea' id='block_1_32' title="bbox 529 2786 2106 2860">
    <p class='ocr_par' dir='ltr' id='par_1_32' title="bbox 529 2786 2106 2860">
     <span class='ocr_line' id='line_1_32' title="bbox 529 2786 2106 2860; baseline 0.002 -19"><span class='ocrx_word' id='word_1_187' title='bbox 529 2786 751 2852; x_wconf 86' lang='lat' dir='ltr'><strong>clamat,</strong></span> <span class='ocrx_word' id='word_1_188' title='bbox 801 2803 910 2842; x_wconf 90' lang='lat' dir='ltr'><strong>non</strong></span> <span class='ocrx_word' id='word_1_189' title='bbox 962 2789 1139 2842; x_wconf 88' lang='lat' dir='ltr'><strong>reddit</strong></span> <span class='ocrx_word' id='word_1_190' title='bbox 1188 2790 1529 2860; x_wconf 86' lang='lat' dir='ltr'><strong>sanguinem,</strong></span> <span class='ocrx_word' id='word_1_191' title='bbox 1566 2805 1672 2844; x_wconf 92' lang='lat' dir='ltr'><strong>non</strong></span> <span class='ocrx_word' id='word_1_192' title='bbox 1724 2791 1942 2853; x_wconf 84' lang='lat' dir='ltr'><strong>ruheﬁt,</strong></span> <span class='ocrx_word' id='word_1_193' title='bbox 1997 2806 2106 2845; x_wconf 90' lang='lat' dir='ltr'><strong>non</strong></span> 
     </span>
    </p>
   </div>
   <div class='ocr_carea' id='block_1_33' title="bbox 531 2880 2107 2949">
    <p class='ocr_par' dir='ltr' id='par_1_33' title="bbox 531 2880 2107 2949">
     <span class='ocr_line' id='line_1_33' title="bbox 531 2880 2107 2949; baseline 0.003 -17"><span class='ocrx_word' id='word_1_194' title='bbox 531 2880 858 2933; x_wconf 88' lang='lat' dir='ltr'><strong>contradicit</strong></span> <span class='ocrx_word' id='word_1_195' title='bbox 906 2881 1348 2949; x_wconf 85' lang='lat' dir='ltr'><strong>percussoribus,</strong></span> <span class='ocrx_word' id='word_1_196' title='bbox 1409 2890 1468 2935; x_wconf 93' lang='lat' dir='ltr'><strong>ut</strong></span> <span class='ocrx_word' id='word_1_197' title='bbox 1514 2883 1754 2935; x_wconf 89' lang='lat' dir='ltr'><strong>animata</strong></span> <span class='ocrx_word' id='word_1_198' title='bbox 1794 2882 1975 2936; x_wconf 88' lang='lat' dir='ltr'><strong>omnia</strong></span> <span class='ocrx_word' id='word_1_199' title='bbox 2017 2897 2107 2936; x_wconf 89' lang='lat' dir='ltr'><strong>so-</strong></span> 
     </span>
    </p>
   </div>
   <div class='ocr_carea' id='block_1_34' title="bbox 530 2969 2108 3040">
    <p class='ocr_par' dir='ltr' id='par_1_34' title="bbox 530 2969 2108 3040">
     <span class='ocr_line' id='line_1_34' title="bbox 530 2969 2108 3040; baseline 0.003 -18"><span class='ocrx_word' id='word_1_200' title='bbox 530 2969 682 3024; x_wconf 86' lang='lat' dir='ltr'><strong>lent?</strong></span> <span class='ocrx_word' id='word_1_201' title='bbox 729 2969 1014 3035; x_wconf 86' lang='lat' dir='ltr'><strong>Quomodo</strong></span> <span class='ocrx_word' id='word_1_202' title='bbox 1080 2986 1208 3024; x_wconf 84' lang='lat' dir='ltr'><strong>vero</strong></span> <span class='ocrx_word' id='word_1_203' title='bbox 1263 2971 1450 3025; x_wconf 87' lang='lat' dir='ltr'><strong>allium</strong></span> <span class='ocrx_word' id='word_1_204' title='bbox 1508 2980 1562 3026; x_wconf 91' lang='lat' dir='ltr'><strong>et</strong></span> <span class='ocrx_word' id='word_1_205' title='bbox 1616 2987 1781 3040; x_wconf 64' lang='lat' dir='ltr'><strong>cepte,</strong></span> <span class='ocrx_word' id='word_1_206' title='bbox 1847 2978 1942 3024; x_wconf 86' lang='lat' dir='ltr'><strong>aut</strong></span> <span class='ocrx_word' id='word_1_207' title='bbox 1988 2973 2108 3026; x_wconf 74' lang='lat' dir='ltr'><strong>aliae</strong></span> 
     </span>
    </p>
   </div>
   <div class='ocr_carea' id='block_1_35' title="bbox 530 3058 2107 3130">
    <p class='ocr_par' dir='ltr' id='par_1_35' title="bbox 530 3058 2107 3130">
     <span class='ocr_line' id='line_1_35' title="bbox 530 3058 2107 3130; baseline 0.003 -21"><span class='ocrx_word' id='word_1_208' title='bbox 530 3059 730 3128; x_wconf 68' lang='lat' dir='ltr'><strong>planta:</strong></span> <span class='ocrx_word' id='word_1_209' title='bbox 761 3059 937 3112; x_wconf 90' lang='lat' dir='ltr'><strong>cultro</strong></span> <span class='ocrx_word' id='word_1_210' title='bbox 965 3059 1045 3113; x_wconf 81' lang='lat' dir='ltr'><strong>vel</strong></span> <span class='ocrx_word' id='word_1_211' title='bbox 1072 3058 1206 3114; x_wconf 85' lang='lat' dir='ltr'><strong>falce</strong></span> <span class='ocrx_word' id='word_1_212' title='bbox 1240 3068 1532 3128; x_wconf 56' lang='lat' dir='ltr'><strong>amputata</strong></span> <span class='ocrx_word' id='word_1_213' title='bbox 1561 3061 1826 3129; x_wconf 83' lang='lat' dir='ltr'><strong>sanguine</strong></span> <span class='ocrx_word' id='word_1_214' title='bbox 1845 3077 1953 3114; x_wconf 92' lang='lat' dir='ltr'><strong>non</strong></span> <span class='ocrx_word' id='word_1_215' title='bbox 1983 3077 2107 3130; x_wconf 84' lang='lat' dir='ltr'><strong>per-</strong></span> 
     </span>
    </p>
   </div>
   <div class='ocr_carea' id='block_1_36' title="bbox 533 3146 2108 3216">
    <p class='ocr_par' dir='ltr' id='par_1_36' title="bbox 533 3146 2108 3216">
     <span class='ocr_line' id='line_1_36' title="bbox 533 3146 2108 3216; baseline 0.004 -18"><span class='ocrx_word' id='word_1_216' title='bbox 533 3146 857 3210; x_wconf 86' lang='lat' dir='ltr'><strong>funduntur,</strong></span> <span class='ocrx_word' id='word_1_217' title='bbox 892 3149 935 3202; x_wconf 87' lang='lat' dir='ltr'><strong>si</strong></span> <span class='ocrx_word' id='word_1_218' title='bbox 969 3149 1185 3216; x_wconf 88' lang='lat' dir='ltr'><strong>quidem</strong></span> <span class='ocrx_word' id='word_1_219' title='bbox 1223 3149 1475 3202; x_wconf 74' lang='lat' dir='ltr'><strong>animatze</strong></span> <span class='ocrx_word' id='word_1_220' title='bbox 1505 3157 1632 3202; x_wconf 90' lang='lat' dir='ltr'><strong>sunt</strong></span> <span class='ocrx_word' id='word_1_221' title='bbox 1667 3150 1964 3204; x_wconf 83' lang='lat' dir='ltr'><strong>secundum</strong></span> <span class='ocrx_word' id='word_1_222' title='bbox 1995 3151 2108 3205; x_wconf 80' lang='lat' dir='ltr'><strong>Ma-</strong></span> 
     </span>
    </p>
   </div>
   <div class='ocr_carea' id='block_1_37' title="bbox 531 3233 2106 3305">
    <p class='ocr_par' dir='ltr' id='par_1_37' title="bbox 531 3233 2106 3305">
     <span class='ocr_line' id='line_1_37' title="bbox 531 3233 2106 3305; baseline 0.004 -17"><span class='ocrx_word' id='word_1_223' title='bbox 531 3233 774 3288; x_wconf 68' lang='lat' dir='ltr'><strong>nichmos</strong></span> <span class='ocrx_word' id='word_1_224' title='bbox 804 3235 1128 3304; x_wconf 86' lang='lat' dir='ltr'><strong>vaniloquos</strong></span> <span class='ocrx_word' id='word_1_225' title='bbox 1155 3243 1208 3288; x_wconf 88' lang='lat' dir='ltr'><strong>ct</strong></span> <span class='ocrx_word' id='word_1_226' title='bbox 1253 3236 1468 3300; x_wconf 88' lang='lat' dir='ltr'><strong>stultos,</strong></span> <span class='ocrx_word' id='word_1_227' title='bbox 1505 3237 1596 3305; x_wconf 91' lang='lat' dir='ltr'><strong>qui</strong></span> <span class='ocrx_word' id='word_1_228' title='bbox 1631 3237 1847 3291; x_wconf 86' lang='lat' dir='ltr'><strong>fetidam</strong></span> <span class='ocrx_word' id='word_1_229' title='bbox 1879 3239 2106 3293; x_wconf 80' lang='lat' dir='ltr'><strong>maledi-</strong></span> 
     </span>
    </p>
   </div>
   <div class='ocr_carea' id='block_1_38' title="bbox 530 3325 2106 3386">
    <p class='ocr_par' dir='ltr' id='par_1_38' title="bbox 530 3325 2106 3386">
     <span class='ocr_line' id='line_1_38' title="bbox 530 3325 2106 3386; baseline 0.004 -6"><span class='ocrx_word' id='word_1_230' title='bbox 530 3326 766 3380; x_wconf 77' lang='lat' dir='ltr'><strong>centiam</strong></span> <span class='ocrx_word' id='word_1_231' title='bbox 824 3325 880 3379; x_wconf 89' lang='lat' dir='ltr'><strong>in</strong></span> <span class='ocrx_word' id='word_1_232' title='bbox 930 3326 1046 3380; x_wconf 85' lang='lat' dir='ltr'><strong>suis</strong></span> <span class='ocrx_word' id='word_1_233' title='bbox 1098 3327 1387 3381; x_wconf 88' lang='lat' dir='ltr'><strong>animabus</strong></span> <span class='ocrx_word' id='word_1_234' title='bbox 1452 3328 1886 3384; x_wconf 81' lang='lat' dir='ltr'><strong>circumferunt?</strong></span> <span class='ocrx_word' id='word_1_235' title='bbox 1935 3329 2106 3386; x_wconf 87' lang='lat' dir='ltr'><strong>Omne</strong></span> 
     </span>
    </p>
   </div>
   <div class='ocr_carea' id='block_1_39' title="bbox 531 3417 2105 3477">
    <p class='ocr_par' dir='ltr' id='par_1_39' title="bbox 531 3417 2105 3477">
     <span class='ocr_line' id='line_1_39' title="bbox 531 3417 2105 3477; baseline 0.006 -9"><span class='ocrx_word' id='word_1_236' title='bbox 531 3423 714 3470; x_wconf 88' lang='lat' dir='ltr'><strong>autem</strong></span> <span class='ocrx_word' id='word_1_237' title='bbox 742 3417 1044 3471; x_wconf 88' lang='lat' dir='ltr'><strong>animatum</strong></span> <span class='ocrx_word' id='word_1_238' title='bbox 1070 3425 1346 3471; x_wconf 86' lang='lat' dir='ltr'><strong>terrenum</strong></span> <span class='ocrx_word' id='word_1_239' title='bbox 1377 3428 1430 3473; x_wconf 89' lang='lat' dir='ltr'><strong>et</strong></span> <span class='ocrx_word' id='word_1_240' title='bbox 1459 3421 1728 3474; x_wconf 88' lang='lat' dir='ltr'><strong>marinum</strong></span> <span class='ocrx_word' id='word_1_241' title='bbox 1756 3423 1979 3477; x_wconf 90' lang='lat' dir='ltr'><strong>omnino</strong></span> <span class='ocrx_word' id='word_1_242' title='bbox 2001 3423 2105 3476; x_wconf 88' lang='lat' dir='ltr'><strong>erit</strong></span> 
     </span>
    </p>
   </div>
   <div class='ocr_carea' id='block_1_40' title="bbox 531 3509 2102 3580">
    <p class='ocr_par' dir='ltr' id='par_1_40' title="bbox 531 3509 2102 3580">
     <span class='ocr_line' id='line_1_40' title="bbox 531 3509 2102 3580; baseline 0.004 -19"><span class='ocrx_word' id='word_1_243' title='bbox 531 3515 584 3561; x_wconf 90' lang='lat' dir='ltr'><strong>et</strong></span> <span class='ocrx_word' id='word_1_244' title='bbox 633 3510 955 3578; x_wconf 86' lang='lat' dir='ltr'><strong>sanguinem</strong></span> <span class='ocrx_word' id='word_1_245' title='bbox 1004 3509 1232 3565; x_wconf 85' lang='lat' dir='ltr'><strong>habens.</strong></span> <span class='ocrx_word' id='word_1_246' title='bbox 1274 3509 1392 3563; x_wconf 82' lang='lat' dir='ltr'><strong>Non</strong></span> <span class='ocrx_word' id='word_1_247' title='bbox 1451 3509 1617 3580; x_wconf 87' lang='lat' dir='ltr'><strong>igitur</strong></span> <span class='ocrx_word' id='word_1_248' title='bbox 1672 3513 1909 3566; x_wconf 88' lang='lat' dir='ltr'><strong>animata</strong></span> <span class='ocrx_word' id='word_1_249' title='bbox 1959 3522 2102 3567; x_wconf 89' lang='lat' dir='ltr'><strong>terra</strong></span> 
     </span>
    </p>
   </div>
   <div class='ocr_carea' id='block_1_41' title="bbox 529 3601 2142 3686">
    <p class='ocr_par' dir='ltr' id='par_1_41' title="bbox 529 3601 2142 3686">
     <span class='ocr_line' id='line_1_41' title="bbox 529 3601 2142 3686; baseline 0.001 -30"><span class='ocrx_word' id='word_1_250' title='bbox 529 3608 614 3656; x_wconf 85' lang='lat' dir='ltr'><strong>cst</strong></span> <span class='ocrx_word' id='word_1_251' title='bbox 642 3640 656 3664; x_wconf 93' lang='lat'><strong>,</strong></span> <span class='ocrx_word' id='word_1_252' title='bbox 720 3616 898 3670; x_wconf 90' lang='lat' dir='ltr'><strong>neque</strong></span> <span class='ocrx_word' id='word_1_253' title='bbox 945 3601 1243 3671; x_wconf 88' lang='lat' dir='ltr'><strong>quidquam</strong></span> <span class='ocrx_word' id='word_1_254' title='bbox 1313 3602 1662 3671; x_wconf 91' lang='lat' dir='ltr'><strong>plantarum,</strong></span> <span class='ocrx_word' id='word_1_255' title='bbox 1728 3611 1823 3657; x_wconf 86' lang='lat' dir='ltr'><strong>aut</strong></span> <span class='ocrx_word' id='word_1_256' title='bbox 1869 3604 2142 3686; x_wconf 24' lang='lat' dir='ltr'><strong>luminao‘</strong></span> 
     </span>
    </p>
   </div>
   <div class='ocr_carea' id='block_1_42' title="bbox 533 3689 2098 3762">
    <p class='ocr_par' dir='ltr' id='par_1_42' title="bbox 533 3689 2098 3762">
     <span class='ocr_line' id='line_1_42' title="bbox 533 3689 2098 3762; baseline 0.001 -19"><span class='ocrx_word' id='word_1_257' title='bbox 533 3690 695 3744; x_wconf 89' lang='lat' dir='ltr'><strong>rium.</strong></span> <span class='ocrx_word' id='word_1_258' title='bbox 737 3689 1018 3760; x_wconf 81' lang='lat' dir='ltr'><strong>Nusquam</strong></span> <span class='ocrx_word' id='word_1_259' title='bbox 1066 3691 1208 3745; x_wconf 86' lang='lat' dir='ltr'><strong>enim</strong></span> <span class='ocrx_word' id='word_1_260' title='bbox 1246 3691 1312 3745; x_wconf 92' lang='lat' dir='ltr'><strong>de</strong></span> <span class='ocrx_word' id='word_1_261' title='bbox 1351 3691 1436 3746; x_wconf 89' lang='lat' dir='ltr'><strong>his</strong></span> <span class='ocrx_word' id='word_1_262' title='bbox 1485 3691 1658 3761; x_wconf 87' lang='lat' dir='ltr'><strong>inquit</strong></span> <span class='ocrx_word' id='word_1_263' title='bbox 1687 3694 1881 3762; x_wconf 88' lang='lat' dir='ltr'><strong>pagina</strong></span> <span class='ocrx_word' id='word_1_264' title='bbox 1925 3709 2098 3757; x_wconf 87' lang='lat' dir='ltr'><strong>saera,</strong></span> 
     </span>
    </p>
   </div>
   <div class='ocr_carea' id='block_1_43' title="bbox 530 3779 2100 3852">
    <p class='ocr_par' dir='ltr' id='par_1_43' title="bbox 530 3779 2100 3852">
     <span class='ocr_line' id='line_1_43' title="bbox 530 3779 2100 3852; baseline 0.003 -19"><span class='ocrx_word' id='word_1_265' title='bbox 530 3780 675 3851; x_wconf 91' lang='lat' dir='ltr'><strong>quod</strong></span> <span class='ocrx_word' id='word_1_266' title='bbox 715 3781 1058 3850; x_wconf 79' lang='lat' dir='ltr'><strong>inspiraverit</strong></span> <span class='ocrx_word' id='word_1_267' title='bbox 1095 3781 1226 3850; x_wconf 86' lang='lat' dir='ltr'><strong>ipsis</strong></span> <span class='ocrx_word' id='word_1_268' title='bbox 1254 3779 1438 3834; x_wconf 87' lang='lat' dir='ltr'><strong>ﬂatmn</strong></span> <span class='ocrx_word' id='word_1_269' title='bbox 1467 3781 1610 3847; x_wconf 68' lang='lat' dir='ltr'><strong>vitm,</strong></span> <span class='ocrx_word' id='word_1_270' title='bbox 1647 3785 2100 3852; x_wconf 87' lang='lat' dir='ltr'><strong>quemadmodum</strong></span> 
     </span>
    </p>
   </div>
   <div class='ocr_carea' id='block_1_44' title="bbox 529 3872 2101 3944">
    <p class='ocr_par' dir='ltr' id='par_1_44' title="bbox 529 3872 2101 3944">
     <span class='ocr_line' id='line_1_44' title="bbox 529 3872 2101 3944; baseline 0.003 -19"><span class='ocrx_word' id='word_1_271' title='bbox 529 3872 707 3940; x_wconf 87' lang='lat' dir='ltr'><strong>inquit</strong></span> <span class='ocrx_word' id='word_1_272' title='bbox 740 3872 806 3927; x_wconf 90' lang='lat' dir='ltr'><strong>de</strong></span> <span class='ocrx_word' id='word_1_273' title='bbox 832 3873 1071 3926; x_wconf 88' lang='lat' dir='ltr'><strong>homine.</strong></span> <span class='ocrx_word' id='word_1_274' title='bbox 1110 3872 1266 3925; x_wconf 84' lang='lat' dir='ltr'><strong>Absit</strong></span> <span class='ocrx_word' id='word_1_275' title='bbox 1314 3872 1480 3942; x_wconf 86' lang='lat' dir='ltr'><strong>igitur</strong></span> <span class='ocrx_word' id='word_1_276' title='bbox 1521 3888 1549 3925; x_wconf 92' lang='lat' dir='ltr'><strong>a</strong></span> <span class='ocrx_word' id='word_1_277' title='bbox 1597 3881 1651 3928; x_wconf 89' lang='lat' dir='ltr'><strong>te</strong></span> <span class='ocrx_word' id='word_1_278' title='bbox 1693 3875 1880 3942; x_wconf 87' lang='lat' dir='ltr'><strong>procul</strong></span> <span class='ocrx_word' id='word_1_279' title='bbox 1919 3891 2101 3944; x_wconf 64' lang='lat' dir='ltr'><strong>quaeso</strong></span> 
     </span>
    </p>
   </div>
   <div class='ocr_carea' id='block_1_45' title="bbox 529 3959 2101 4017">
    <p class='ocr_par' dir='ltr' id='par_1_45' title="bbox 529 3959 2101 4017">
     <span class='ocr_line' id='line_1_45' title="bbox 529 3959 2101 4017; baseline 0 0"><span class='ocrx_word' id='word_1_280' title='bbox 529 3960 745 4017; x_wconf 77' lang='lat' dir='ltr'><strong>illorum</strong></span> <span class='ocrx_word' id='word_1_281' title='bbox 790 3961 1058 4015; x_wconf 88' lang='lat' dir='ltr'><strong>dementia</strong></span> <span class='ocrx_word' id='word_1_282' title='bbox 1102 3969 1154 4015; x_wconf 89' lang='lat' dir='ltr'><strong>et</strong></span> <span class='ocrx_word' id='word_1_283' title='bbox 1187 3961 1457 4014; x_wconf 87' lang='lat' dir='ltr'><strong>delirium.</strong></span> <span class='ocrx_word' id='word_1_284' title='bbox 1493 3959 1664 4016; x_wconf 90' lang='lat' dir='ltr'><strong>Omne</strong></span> <span class='ocrx_word' id='word_1_285' title='bbox 1712 3962 1856 4015; x_wconf 91' lang='lat' dir='ltr'><strong>enim</strong></span> <span class='ocrx_word' id='word_1_286' title='bbox 1901 3963 2101 4017; x_wconf 88' lang='lat' dir='ltr'><strong>animal</strong></span> 
     </span>
    </p>
   </div>
   <div class='ocr_carea' id='block_1_46' title="bbox 531 4051 2101 4121">
    <p class='ocr_par' dir='ltr' id='par_1_46' title="bbox 531 4051 2101 4121">
     <span class='ocr_line' id='line_1_46' title="bbox 531 4051 2101 4121; baseline 0.003 -17"><span class='ocrx_word' id='word_1_287' title='bbox 531 4051 636 4104; x_wconf 85' lang='lat' dir='ltr'><strong>sibi</strong></span> <span class='ocrx_word' id='word_1_288' title='bbox 677 4051 855 4105; x_wconf 91' lang='lat' dir='ltr'><strong>simile</strong></span> <span class='ocrx_word' id='word_1_289' title='bbox 884 4059 1128 4121; x_wconf 82' lang='lat' dir='ltr'><strong>generat,</strong></span> <span class='ocrx_word' id='word_1_290' title='bbox 1171 4052 1270 4105; x_wconf 91' lang='lat' dir='ltr'><strong>bos</strong></span> <span class='ocrx_word' id='word_1_291' title='bbox 1305 4051 1518 4113; x_wconf 88' lang='lat' dir='ltr'><strong>bovem,</strong></span> <span class='ocrx_word' id='word_1_292' title='bbox 1553 4051 1806 4104; x_wconf 89' lang='lat' dir='ltr'><strong>similiter</strong></span> <span class='ocrx_word' id='word_1_293' title='bbox 1829 4061 1885 4106; x_wconf 90' lang='lat' dir='ltr'><strong>et</strong></span> <span class='ocrx_word' id='word_1_294' title='bbox 1926 4067 2101 4121; x_wconf 86' lang='lat' dir='ltr'><strong>equus</strong></span> 
     </span>
    </p>
   </div>
   <div class='ocr_carea' id='block_1_47' title="bbox 529 4139 2098 4210">
    <p class='ocr_par' dir='ltr' id='par_1_47' title="bbox 529 4139 2098 4210">
     <span class='ocr_line' id='line_1_47' title="bbox 529 4139 2098 4210; baseline 0.001 -16"><span class='ocrx_word' id='word_1_295' title='bbox 529 4155 750 4210; x_wconf 91' lang='lat' dir='ltr'><strong>equum,</strong></span> <span class='ocrx_word' id='word_1_296' title='bbox 795 4147 848 4194; x_wconf 90' lang='lat' dir='ltr'><strong>et</strong></span> <span class='ocrx_word' id='word_1_297' title='bbox 889 4155 1104 4210; x_wconf 81' lang='lat' dir='ltr'><strong>caprea,</strong></span> <span class='ocrx_word' id='word_1_298' title='bbox 1137 4149 1188 4193; x_wconf 91' lang='lat' dir='ltr'><strong>et</strong></span> <span class='ocrx_word' id='word_1_299' title='bbox 1219 4140 1393 4209; x_wconf 83' lang='lat' dir='ltr'><strong>tigris,</strong></span> <span class='ocrx_word' id='word_1_300' title='bbox 1430 4146 1482 4193; x_wconf 91' lang='lat' dir='ltr'><strong>et</strong></span> <span class='ocrx_word' id='word_1_301' title='bbox 1513 4139 1776 4195; x_wconf 88' lang='lat' dir='ltr'><strong>oneribus</strong></span> <span class='ocrx_word' id='word_1_302' title='bbox 1816 4143 2098 4210; x_wconf 88' lang='lat' dir='ltr'><strong>portandis</strong></span> 
     </span>
    </p>
   </div>
   <div class='ocr_carea' id='block_1_48' title="bbox 529 4231 2103 4301">
    <p class='ocr_par' dir='ltr' id='par_1_48' title="bbox 529 4231 2103 4301">
     <span class='ocr_line' id='line_1_48' title="bbox 529 4231 2103 4301; baseline 0.001 -15"><span class='ocrx_word' id='word_1_303' title='bbox 529 4233 801 4286; x_wconf 85' lang='lat' dir='ltr'><strong>destinata</strong></span> <span class='ocrx_word' id='word_1_304' title='bbox 848 4231 1115 4301; x_wconf 86' lang='lat' dir='ltr'><strong>jumenta,</strong></span> <span class='ocrx_word' id='word_1_305' title='bbox 1175 4232 1470 4300; x_wconf 67' lang='lat' dir='ltr'><strong>bestiwque</strong></span> <span class='ocrx_word' id='word_1_306' title='bbox 1521 4231 1856 4298; x_wconf 70' lang='lat' dir='ltr'><strong>crudivorae,</strong></span> <span class='ocrx_word' id='word_1_307' title='bbox 1914 4250 2103 4287; x_wconf 90' lang='lat' dir='ltr'><strong>unum-</strong></span> 
     </span>
    </p>
   </div>
   <div class='ocr_carea' id='block_1_49' title="bbox 529 4323 2106 4394">
    <p class='ocr_par' dir='ltr' id='par_1_49' title="bbox 529 4323 2106 4394">
     <span class='ocr_line' id='line_1_49' title="bbox 529 4323 2106 4394; baseline 0.001 -17"><span class='ocrx_word' id='word_1_308' title='bbox 529 4324 806 4392; x_wconf 89' lang='lat' dir='ltr'><strong>quodlibct</strong></span> <span class='ocrx_word' id='word_1_309' title='bbox 845 4339 998 4378; x_wconf 88' lang='lat' dir='ltr'><strong>suam</strong></span> <span class='ocrx_word' id='word_1_310' title='bbox 1059 4331 1307 4376; x_wconf 88' lang='lat' dir='ltr'><strong>naturam</strong></span> <span class='ocrx_word' id='word_1_311' title='bbox 1361 4338 1590 4391; x_wconf 89' lang='lat' dir='ltr'><strong>eamque</strong></span> <span class='ocrx_word' id='word_1_312' title='bbox 1643 4323 1814 4377; x_wconf 89' lang='lat' dir='ltr'><strong>solam</strong></span> <span class='ocrx_word' id='word_1_313' title='bbox 1856 4333 2106 4394; x_wconf 82' lang='lat' dir='ltr'><strong>generat.‘</strong></span> 
     </span>
    </p>
   </div>
   <div class='ocr_carea' id='block_1_50' title="bbox 495 4411 2100 4485">
    <p class='ocr_par' dir='ltr' id='par_1_50' title="bbox 495 4411 2100 4485">
     <span class='ocr_line' id='line_1_50' title="bbox 495 4411 2100 4485; baseline 0.002 -17"><span class='ocrx_word' id='word_1_314' title='bbox 495 4411 811 4480; x_wconf 71' lang='lat' dir='ltr'><strong>&#39;Quomodo</strong></span> <span class='ocrx_word' id='word_1_315' title='bbox 863 4415 1027 4485; x_wconf 88' lang='lat' dir='ltr'><strong>igitur</strong></span> <span class='ocrx_word' id='word_1_316' title='bbox 1068 4425 1211 4468; x_wconf 89' lang='lat' dir='ltr'><strong>terra</strong></span> <span class='ocrx_word' id='word_1_317' title='bbox 1258 4429 1380 4468; x_wconf 92' lang='lat' dir='ltr'><strong>cum</strong></span> <span class='ocrx_word' id='word_1_318' title='bbox 1427 4415 1589 4472; x_wconf 89' lang='lat' dir='ltr'><strong>unius</strong></span> <span class='ocrx_word' id='word_1_319' title='bbox 1629 4424 1840 4469; x_wconf 70' lang='lat' dir='ltr'><strong>natura:</strong></span> <span class='ocrx_word' id='word_1_320' title='bbox 1889 4415 2100 4480; x_wconf 86' lang='lat' dir='ltr'><strong>sit,&#39;tot</strong></span> 
     </span>
    </p>
   </div>
   <div class='ocr_carea' id='block_1_51' title="bbox 527 4503 2096 4575">
    <p class='ocr_par' dir='ltr' id='par_1_51' title="bbox 527 4503 2096 4575">
     <span class='ocr_line' id='line_1_51' title="bbox 527 4503 2096 4575; baseline 0.001 -17"><span class='ocrx_word' id='word_1_321' title='bbox 527 4512 690 4575; x_wconf 87' lang='lat' dir='ltr'><strong>queat</strong></span> <span class='ocrx_word' id='word_1_322' title='bbox 737 4504 947 4559; x_wconf 89' lang='lat' dir='ltr'><strong>animas</strong></span> <span class='ocrx_word' id='word_1_323' title='bbox 1001 4519 1260 4572; x_wconf 83' lang='lat' dir='ltr'><strong>generare</strong></span> <span class='ocrx_word' id='word_1_324' title='bbox 1315 4503 1538 4560; x_wconf 85' lang='lat' dir='ltr'><strong>alterius</strong></span> <span class='ocrx_word' id='word_1_325' title='bbox 1592 4506 1808 4574; x_wconf 77' lang='lat' dir='ltr'><strong>generis</strong></span> <span class='ocrx_word' id='word_1_326' title='bbox 1853 4513 1907 4559; x_wconf 90' lang='lat' dir='ltr'><strong>et</strong></span> <span class='ocrx_word' id='word_1_327' title='bbox 1964 4505 2096 4560; x_wconf 73' lang='lat' dir='ltr'><strong>ina:-</strong></span> 
     </span>
    </p>
   </div>
   <div class='ocr_carea' id='block_1_52' title="bbox 526 4593 2095 4666">
    <p class='ocr_par' dir='ltr' id='par_1_52' title="bbox 526 4593 2095 4666">
     <span class='ocr_line' id='line_1_52' title="bbox 526 4593 2095 4666; baseline -0.001 -16"><span class='ocrx_word' id='word_1_328' title='bbox 526 4595 768 4666; x_wconf 90' lang='lat' dir='ltr'><strong>qualium</strong></span> <span class='ocrx_word' id='word_1_329' title='bbox 811 4595 1148 4658; x_wconf 89' lang='lat' dir='ltr'><strong>animalium,</strong></span> <span class='ocrx_word' id='word_1_330' title='bbox 1191 4594 1296 4650; x_wconf 91' lang='lat' dir='ltr'><strong>nisi</strong></span> <span class='ocrx_word' id='word_1_331' title='bbox 1342 4593 1528 4650; x_wconf 88' lang='lat' dir='ltr'><strong>divino</strong></span> <span class='ocrx_word' id='word_1_332' title='bbox 1573 4598 1829 4651; x_wconf 85' lang='lat' dir='ltr'><strong>mandato</strong></span> <span class='ocrx_word' id='word_1_333' title='bbox 1876 4597 2095 4650; x_wconf 88' lang='lat' dir='ltr'><strong>anima-</strong></span> 
     </span>
    </p>
   </div>
   <div class='ocr_carea' id='block_1_53' title="bbox 525 4684 2098 4754">
    <p class='ocr_par' dir='ltr' id='par_1_53' title="bbox 525 4684 2098 4754">
     <span class='ocr_line' id='line_1_53' title="bbox 525 4684 2098 4754; baseline 0.001 -15"><span class='ocrx_word' id='word_1_334' title='bbox 525 4693 718 4740; x_wconf 86' lang='lat' dir='ltr'><strong>rentur</strong></span> <span class='ocrx_word' id='word_1_335' title='bbox 768 4699 890 4754; x_wconf 59' lang='lat' dir='ltr'><strong>qua’,</strong></span> <span class='ocrx_word' id='word_1_336' title='bbox 925 4684 1050 4739; x_wconf 89' lang='lat' dir='ltr'><strong>inde</strong></span> <span class='ocrx_word' id='word_1_337' title='bbox 1095 4684 1514 4754; x_wconf 87' lang='lat' dir='ltr'><strong>producuntur?</strong></span> <span class='ocrx_word' id='word_1_338' title='bbox 1551 4685 1836 4751; x_wconf 84' lang='lat' dir='ltr'><strong>Quomodo</strong></span> <span class='ocrx_word' id='word_1_339' title='bbox 1875 4701 2006 4741; x_wconf 87' lang='lat' dir='ltr'><strong>vero</strong></span> <span class='ocrx_word' id='word_1_340' title='bbox 2043 4695 2098 4741; x_wconf 89' lang='lat' dir='ltr'><strong>et</strong></span> 
     </span>
    </p>
   </div>
   <div class='ocr_carea' id='block_1_54' title="bbox 527 4776 2096 4846">
    <p class='ocr_par' dir='ltr' id='par_1_54' title="bbox 527 4776 2096 4846">
     <span class='ocr_line' id='line_1_54' title="bbox 527 4776 2096 4846; baseline 0.003 -17"><span class='ocrx_word' id='word_1_341' title='bbox 527 4789 681 4846; x_wconf 74' lang='lat' dir='ltr'><strong>aqua:</strong></span> <span class='ocrx_word' id='word_1_342' title='bbox 710 4777 882 4831; x_wconf 91' lang='lat' dir='ltr'><strong>eidem</strong></span> <span class='ocrx_word' id='word_1_343' title='bbox 916 4776 1102 4831; x_wconf 90' lang='lat' dir='ltr'><strong>divino</strong></span> <span class='ocrx_word' id='word_1_344' title='bbox 1128 4776 1304 4846; x_wconf 85' lang='lat' dir='ltr'><strong>jussui</strong></span> <span class='ocrx_word' id='word_1_345' title='bbox 1336 4777 1604 4843; x_wconf 81' lang='lat' dir='ltr'><strong>obnoxiae,</strong></span> <span class='ocrx_word' id='word_1_346' title='bbox 1631 4792 1754 4830; x_wconf 88' lang='lat' dir='ltr'><strong>cmn</strong></span> <span class='ocrx_word' id='word_1_347' title='bbox 1790 4778 1899 4833; x_wconf 91' lang='lat' dir='ltr'><strong>sint</strong></span> <span class='ocrx_word' id='word_1_348' title='bbox 1934 4779 2096 4834; x_wconf 90' lang='lat' dir='ltr'><strong>unius</strong></span> 
     </span>
    </p>
   </div>
   <div class='ocr_carea' id='block_1_55' title="bbox 526 4866 2094 4938">
    <p class='ocr_par' dir='ltr' id='par_1_55' title="bbox 526 4866 2094 4938">
     <span class='ocr_line' id='line_1_55' title="bbox 526 4866 2094 4938; baseline 0.003 -18"><span class='ocrx_word' id='word_1_349' title='bbox 526 4875 736 4922; x_wconf 69' lang='lat' dir='ltr'><strong>naturae</strong></span> <span class='ocrx_word' id='word_1_350' title='bbox 767 4869 946 4923; x_wconf 90' lang='lat' dir='ltr'><strong>mollis</strong></span> <span class='ocrx_word' id='word_1_351' title='bbox 974 4878 1027 4921; x_wconf 87' lang='lat' dir='ltr'><strong>et</strong></span> <span class='ocrx_word' id='word_1_352' title='bbox 1058 4866 1236 4932; x_wconf 63' lang='lat' dir='ltr'><strong>ﬂuxa},</strong></span> <span class='ocrx_word' id='word_1_353' title='bbox 1263 4869 1546 4923; x_wconf 88' lang='lat' dir='ltr'><strong>innumera</strong></span> <span class='ocrx_word' id='word_1_354' title='bbox 1565 4884 1762 4938; x_wconf 82' lang='lat' dir='ltr'><strong>genera</strong></span> <span class='ocrx_word' id='word_1_355' title='bbox 1789 4870 2094 4924; x_wconf 86' lang='lat' dir='ltr'><strong>natatilium</strong></span> 
     </span>
    </p>
   </div>
   <div class='ocr_carea' id='block_1_56' title="bbox 527 4958 2094 5031">
    <p class='ocr_par' dir='ltr' id='par_1_56' title="bbox 527 4958 2094 5031">
     <span class='ocr_line' id='line_1_56' title="bbox 527 4958 2094 5031; baseline 0.004 -21"><span class='ocrx_word' id='word_1_356' title='bbox 527 4958 910 5026; x_wconf 82' lang='lat' dir='ltr'><strong>animatorum,</strong></span> <span class='ocrx_word' id='word_1_357' title='bbox 968 4968 1399 5030; x_wconf 73' lang='lat' dir='ltr'><strong>caeterorumque</strong></span> <span class='ocrx_word' id='word_1_358' title='bbox 1460 4968 1514 5014; x_wconf 90' lang='lat' dir='ltr'><strong>et</strong></span> <span class='ocrx_word' id='word_1_359' title='bbox 1569 4961 1799 5016; x_wconf 89' lang='lat' dir='ltr'><strong>aliorum</strong></span> <span class='ocrx_word' id='word_1_360' title='bbox 1863 4961 2094 5031; x_wconf 88' lang='lat' dir='ltr'><strong>piseimn</strong></span> 
     </span>
    </p>
   </div>
   <div class='ocr_carea' id='block_1_57' title="bbox 525 5045 2096 5117">
    <p class='ocr_par' dir='ltr' id='par_1_57' title="bbox 525 5045 2096 5117">
     <span class='ocr_line' id='line_1_57' title="bbox 525 5045 2096 5117; baseline 0.003 -19"><span class='ocrx_word' id='word_1_361' title='bbox 525 5045 1005 5114; x_wconf 87' lang='lat' dir='ltr'><strong>cartilagineorum</strong></span> <span class='ocrx_word' id='word_1_362' title='bbox 1032 5049 1085 5100; x_wconf 92' lang='lat' dir='ltr'><strong>in</strong></span> <span class='ocrx_word' id='word_1_363' title='bbox 1111 5061 1220 5103; x_wconf 91' lang='lat' dir='ltr'><strong>uno</strong></span> <span class='ocrx_word' id='word_1_364' title='bbox 1248 5047 1512 5117; x_wconf 87' lang='lat' dir='ltr'><strong>temporis</strong></span> <span class='ocrx_word' id='word_1_365' title='bbox 1534 5056 1808 5102; x_wconf 90' lang='lat' dir='ltr'><strong>momento</strong></span> <span class='ocrx_word' id='word_1_366' title='bbox 1836 5049 2096 5102; x_wconf 84' lang='lat' dir='ltr'><strong>consimi-</strong></span> 
     </span>
    </p>
   </div>
   <div class='ocr_carea' id='block_1_58' title="bbox 525 5133 2097 5204">
    <p class='ocr_par' dir='ltr' id='par_1_58' title="bbox 525 5133 2097 5204">
     <span class='ocr_line' id='line_1_58' title="bbox 525 5133 2097 5204; baseline 0.003 -15"><span class='ocrx_word' id='word_1_367' title='bbox 525 5133 652 5189; x_wconf 88' lang='lat' dir='ltr'><strong>liter</strong></span> <span class='ocrx_word' id='word_1_368' title='bbox 699 5150 822 5188; x_wconf 80' lang='lat' dir='ltr'><strong>cum</strong></span> <span class='ocrx_word' id='word_1_369' title='bbox 876 5145 1019 5190; x_wconf 89' lang='lat' dir='ltr'><strong>terra</strong></span> <span class='ocrx_word' id='word_1_370' title='bbox 1063 5139 1454 5194; x_wconf 82' lang='lat' dir='ltr'><strong>excreverunt?</strong></span> <span class='ocrx_word' id='word_1_371' title='bbox 1510 5138 1613 5204; x_wconf 88' lang='lat' dir='ltr'><strong>Qui</strong></span> <span class='ocrx_word' id='word_1_372' title='bbox 1671 5154 1757 5194; x_wconf 90' lang='lat' dir='ltr'><strong>res</strong></span> <span class='ocrx_word' id='word_1_373' title='bbox 1821 5140 2002 5195; x_wconf 90' lang='lat' dir='ltr'><strong>mollis</strong></span> <span class='ocrx_word' id='word_1_374' title='bbox 2043 5147 2097 5193; x_wconf 91' lang='lat' dir='ltr'><strong>et</strong></span> 
     </span>
    </p>
   </div>
   <div class='ocr_carea' id='block_1_59' title="bbox 525 5226 2097 5300">
    <p class='ocr_par' dir='ltr' id='par_1_59' title="bbox 525 5226 2097 5300">
     <span class='ocr_line' id='line_1_59' title="bbox 525 5226 2097 5300; baseline -0.001 -15"><span class='ocrx_word' id='word_1_375' title='bbox 525 5226 688 5285; x_wconf 87' lang='lat' dir='ltr'><strong>ﬂuida</strong></span> <span class='ocrx_word' id='word_1_376' title='bbox 721 5226 977 5297; x_wconf 73' lang='lat' dir='ltr'><strong>produxit</strong></span> <span class='ocrx_word' id='word_1_377' title='bbox 1006 5243 1236 5297; x_wconf 87' lang='lat' dir='ltr'><strong>corpora</strong></span> <span class='ocrx_word' id='word_1_378' title='bbox 1267 5231 1526 5292; x_wconf 89' lang='lat' dir='ltr'><strong>animata,</strong></span> <span class='ocrx_word' id='word_1_379' title='bbox 1559 5230 1842 5300; x_wconf 90' lang='lat' dir='ltr'><strong>solidaque</strong></span> <span class='ocrx_word' id='word_1_380' title='bbox 1876 5239 1928 5285; x_wconf 92' lang='lat' dir='ltr'><strong>et</strong></span> <span class='ocrx_word' id='word_1_381' title='bbox 1962 5230 2097 5300; x_wconf 89' lang='lat' dir='ltr'><strong>lapi-</strong></span> 
     </span>
    </p>
   </div>
   <div class='ocr_carea' id='block_1_60' title="bbox 525 5317 2095 5391">
    <p class='ocr_par' dir='ltr' id='par_1_60' title="bbox 525 5317 2095 5391">
     <span class='ocr_line' id='line_1_60' title="bbox 525 5317 2095 5391; baseline 0 -15"><span class='ocrx_word' id='word_1_382' title='bbox 525 5321 648 5385; x_wconf 84' lang='lat' dir='ltr'><strong>dea,</strong></span> <span class='ocrx_word' id='word_1_383' title='bbox 676 5320 729 5374; x_wconf 93' lang='lat' dir='ltr'><strong>in</strong></span> <span class='ocrx_word' id='word_1_384' title='bbox 776 5319 975 5390; x_wconf 79' lang='lat' dir='ltr'><strong>abysso</strong></span> <span class='ocrx_word' id='word_1_385' title='bbox 1012 5317 1299 5382; x_wconf 85' lang='lat' dir='ltr'><strong>ﬂuitantia,</strong></span> <span class='ocrx_word' id='word_1_386' title='bbox 1342 5323 1622 5391; x_wconf 69' lang='lat' dir='ltr'><strong>adtequata</strong></span> <span class='ocrx_word' id='word_1_387' title='bbox 1672 5323 1945 5378; x_wconf 88' lang='lat' dir='ltr'><strong>montibus</strong></span> <span class='ocrx_word' id='word_1_388' title='bbox 1981 5337 2095 5377; x_wconf 85' lang='lat' dir='ltr'><strong>Ina-</strong></span> 
     </span>
    </p>
   </div>
   <div class='ocr_carea' id='block_1_61' title="bbox 525 5411 2089 5494">
    <p class='ocr_par' dir='ltr' id='par_1_61' title="bbox 525 5411 2089 5494">
     <span class='ocr_line' id='line_1_61' title="bbox 525 5411 2089 5494; baseline 0.001 -26"><span class='ocrx_word' id='word_1_389' title='bbox 525 5413 828 5484; x_wconf 76' lang='lat' dir='ltr'><strong>gnitudine,</strong></span> <span class='ocrx_word' id='word_1_390' title='bbox 857 5411 1163 5482; x_wconf 86' lang='lat' dir='ltr'><strong>cujusmodi</strong></span> <span class='ocrx_word' id='word_1_391' title='bbox 1191 5419 1319 5466; x_wconf 88' lang='lat' dir='ltr'><strong>sunt</strong></span> <span class='ocrx_word' id='word_1_392' title='bbox 1339 5413 1555 5494; x_wconf 70' lang='lat' dir='ltr'><strong>phocae,</strong></span> <span class='ocrx_word' id='word_1_393' title='bbox 1585 5415 1824 5477; x_wconf 60' lang='lat' dir='ltr'><strong>halama},</strong></span> <span class='ocrx_word' id='word_1_394' title='bbox 1851 5416 2089 5483; x_wconf 89' lang='lat' dir='ltr'><strong>priones,</strong></span> 
     </span>
    </p>
   </div>
   <div class='ocr_carea' id='block_1_62' title="bbox 525 5503 2089 5576">
    <p class='ocr_par' dir='ltr' id='par_1_62' title="bbox 525 5503 2089 5576">
     <span class='ocr_line' id='line_1_62' title="bbox 525 5503 2089 5576; baseline 0 -18"><span class='ocrx_word' id='word_1_395' title='bbox 525 5507 701 5575; x_wconf 83' lang='lat' dir='ltr'><strong>gauri,</strong></span> <span class='ocrx_word' id='word_1_396' title='bbox 729 5515 860 5570; x_wconf 91' lang='lat' dir='ltr'><strong>etc.,</strong></span> <span class='ocrx_word' id='word_1_397' title='bbox 894 5503 1174 5560; x_wconf 87' lang='lat' dir='ltr'><strong>horribilia</strong></span> <span class='ocrx_word' id='word_1_398' title='bbox 1213 5504 1360 5558; x_wconf 87' lang='lat' dir='ltr'><strong>dictu</strong></span> <span class='ocrx_word' id='word_1_399' title='bbox 1389 5515 1442 5561; x_wconf 86' lang='lat' dir='ltr'><strong>et</strong></span> <span class='ocrx_word' id='word_1_400' title='bbox 1467 5515 1688 5575; x_wconf 87' lang='lat' dir='ltr'><strong>aspectu</strong></span> <span class='ocrx_word' id='word_1_401' title='bbox 1725 5508 1780 5560; x_wconf 94' lang='lat' dir='ltr'><strong>in</strong></span> <span class='ocrx_word' id='word_1_402' title='bbox 1815 5504 2089 5576; x_wconf 88' lang='lat' dir='ltr'><strong>profundo</strong></span> 
     </span>
    </p>
   </div>
   <div class='ocr_carea' id='block_1_63' title="bbox 525 5595 2086 5668">
    <p class='ocr_par' dir='ltr' id='par_1_63' title="bbox 525 5595 2086 5668">
     <span class='ocr_line' id='line_1_63' title="bbox 525 5595 2086 5668; baseline 0 -18"><span class='ocrx_word' id='word_1_403' title='bbox 525 5595 778 5666; x_wconf 82' lang='lat' dir='ltr'><strong>degentia</strong></span> <span class='ocrx_word' id='word_1_404' title='bbox 810 5598 1087 5662; x_wconf 88' lang='lat' dir='ltr'><strong>animalia,</strong></span> <span class='ocrx_word' id='word_1_405' title='bbox 1123 5611 1354 5668; x_wconf 87' lang='lat' dir='ltr'><strong>quorum</strong></span> <span class='ocrx_word' id='word_1_406' title='bbox 1391 5612 1496 5651; x_wconf 90' lang='lat' dir='ltr'><strong>non</strong></span> <span class='ocrx_word' id='word_1_407' title='bbox 1527 5607 1611 5651; x_wconf 89' lang='lat' dir='ltr'><strong>est</strong></span> <span class='ocrx_word' id='word_1_408' title='bbox 1636 5596 1919 5667; x_wconf 69' lang='lat' dir='ltr'><strong>prmsentis</strong></span> <span class='ocrx_word' id='word_1_409' title='bbox 1949 5603 2086 5651; x_wconf 82' lang='lat' dir='ltr'><strong>tem-</strong></span> 
     </span>
    </p>
   </div>
   <div class='ocr_carea' id='block_1_64' title="bbox 589 5731 1809 5808">
    <p class='ocr_par' dir='ltr' id='par_1_64' title="bbox 589 5731 1809 5808">
     <span class='ocr_line' id='line_1_64' title="bbox 589 5731 1809 5808; baseline 0.003 -24"><span class='ocrx_word' id='word_1_410' title='bbox 589 5731 704 5806; x_wconf 70' lang='lat'><strong>(55)</strong></span> <span class='ocrx_word' id='word_1_411' title='bbox 749 5733 1090 5808; x_wconf 71' lang='grc' dir='ltr'><strong>Ἐξέῤῥωσε.</strong></span> <span class='ocrx_word' id='word_1_412' title='bbox 1117 5733 1275 5791; x_wconf 85' lang='lat' dir='ltr'><strong>Forte</strong></span> <span class='ocrx_word' id='word_1_413' title='bbox 1315 5733 1622 5805; x_wconf 78' lang='grc' dir='ltr'>ὲξέρῤευσε.</span> <span class='ocrx_word' id='word_1_414' title='bbox 1655 5733 1809 5788; x_wconf 77' lang='lat' dir='ltr'><strong>Enn.</strong></span> 
     </span>
    </p>
   </div>
   <div class='ocr_carea' id='block_1_65' title="bbox 2215 605 3780 686">
    <p class='ocr_par' dir='ltr' id='par_1_65' title="bbox 2215 605 3780 686">
     <span class='ocr_line' id='line_1_65' title="bbox 2215 605 3780 686; baseline 0.004 -27"><span class='ocrx_word' id='word_1_415' title='bbox 2215 605 2454 679; x_wconf 80' lang='grc' dir='ltr'>ἔμψυχος</span> <span class='ocrx_word' id='word_1_416' title='bbox 2479 610 2512 679; x_wconf 86' lang='grc' dir='ltr'><strong>ἡ</strong></span> <span class='ocrx_word' id='word_1_417' title='bbox 2542 608 2736 678; x_wconf 81' lang='grc' dir='ltr'><strong>χέρσος</strong></span> <span class='ocrx_word' id='word_1_418' title='bbox 2760 610 2824 662; x_wconf 83' lang='grc' dir='ltr'>ὲκ</span> <span class='ocrx_word' id='word_1_419' title='bbox 2850 608 2944 662; x_wconf 87' lang='grc' dir='ltr'><strong>τοῦ</strong></span> <span class='ocrx_word' id='word_1_420' title='bbox 2964 610 3274 678; x_wconf 79' lang='grc' dir='ltr'>άποὸρᾶσαι</span> <span class='ocrx_word' id='word_1_421' title='bbox 3299 613 3366 666; x_wconf 80' lang='grc' dir='ltr'><strong>τὰ</strong></span> <span class='ocrx_word' id='word_1_422' title='bbox 3395 611 3638 682; x_wconf 76' lang='grc' dir='ltr'>ἔμψυχα,</span> <span class='ocrx_word' id='word_1_423' title='bbox 3661 613 3780 686; x_wconf 78' lang='grc' dir='ltr'>ἔρη-</span> 
     </span>
    </p>
   </div>
   <div class='ocr_carea' id='block_1_66' title="bbox 2219 694 3782 774">
    <p class='ocr_par' dir='ltr' id='par_1_66' title="bbox 2219 694 3782 774">
     <span class='ocr_line' id='line_1_66' title="bbox 2219 694 3782 774; baseline 0.003 -22"><span class='ocrx_word' id='word_1_424' title='bbox 2219 713 2316 766; x_wconf 87' lang='grc' dir='ltr'><strong>μον</strong></span> <span class='ocrx_word' id='word_1_425' title='bbox 2354 694 2446 752; x_wconf 84' lang='grc' dir='ltr'>οὖν</span> <span class='ocrx_word' id='word_1_426' title='bbox 2473 699 2672 770; x_wconf 74' lang='grc' dir='ltr'>ἑαυτὴν</span> <span class='ocrx_word' id='word_1_427' title='bbox 2705 700 2961 754; x_wconf 86' lang='grc' dir='ltr'>κατέλιπε</span> <span class='ocrx_word' id='word_1_428' title='bbox 2990 701 3089 768; x_wconf 83' lang='grc' dir='ltr'>τῆς</span> <span class='ocrx_word' id='word_1_429' title='bbox 3111 701 3310 772; x_wconf 80' lang='grc' dir='ltr'>ψυχῆς.</span> <span class='ocrx_word' id='word_1_430' title='bbox 3352 703 3410 754; x_wconf 86' lang='lat'><strong>&#39;0</strong></span> <span class='ocrx_word' id='word_1_431' title='bbox 3447 702 3559 774; x_wconf 75' lang='grc' dir='ltr'><strong>γὰρ</strong></span> <span class='ocrx_word' id='word_1_432' title='bbox 3583 704 3782 772; x_wconf 78' lang='grc' dir='ltr'>ἐξάγων</span> 
     </span>
    </p>
   </div>
   <div class='ocr_carea' id='block_1_67' title="bbox 2212 789 3782 865">
    <p class='ocr_par' dir='ltr' id='par_1_67' title="bbox 2212 789 3782 865">
     <span class='ocr_line' id='line_1_67' title="bbox 2212 789 3782 865; baseline 0.005 -23"><span class='ocrx_word' id='word_1_433' title='bbox 2212 789 2408 860; x_wconf 81' lang='grc' dir='ltr'>ψυχὴν,</span> <span class='ocrx_word' id='word_1_434' title='bbox 2437 791 2545 843; x_wconf 80' lang='grc' dir='ltr'>εἴτε</span> <span class='ocrx_word' id='word_1_435' title='bbox 2572 789 2670 861; x_wconf 85' lang='grc' dir='ltr'>τὴν</span> <span class='ocrx_word' id='word_1_436' title='bbox 2699 791 2986 862; x_wconf 86' lang='grc' dir='ltr'>σφετέραν,</span> <span class='ocrx_word' id='word_1_437' title='bbox 3005 793 3113 846; x_wconf 76' lang='grc' dir='ltr'>εἴτε</span> <span class='ocrx_word' id='word_1_438' title='bbox 3141 793 3235 846; x_wconf 88' lang='grc' dir='ltr'><strong>τοῦ</strong></span> <span class='ocrx_word' id='word_1_439' title='bbox 3274 793 3462 857; x_wconf 84' lang='grc' dir='ltr'>πέλας,</span> <span class='ocrx_word' id='word_1_440' title='bbox 3489 795 3682 865; x_wconf 72' lang='grc' dir='ltr'>νεκρὸς</span> <span class='ocrx_word' id='word_1_441' title='bbox 3697 797 3782 853; x_wconf 70' lang='grc' dir='ltr'>καὶ</span> 
     </span>
    </p>
   </div>
   <div class='ocr_carea' id='block_1_68' title="bbox 2212 878 3776 950">
    <p class='ocr_par' dir='ltr' id='par_1_68' title="bbox 2212 878 3776 950">
     <span class='ocr_line' id='line_1_68' title="bbox 2212 878 3776 950; baseline 0.005 -18"><span class='ocrx_word' id='word_1_442' title='bbox 2212 878 2416 950; x_wconf 76' lang='grc' dir='ltr'>ἄψυχος</span> <span class='ocrx_word' id='word_1_443' title='bbox 2441 880 2657 943; x_wconf 89' lang='grc' dir='ltr'>πάντως</span> <span class='ocrx_word' id='word_1_444' title='bbox 2686 880 2942 950; x_wconf 81' lang='grc' dir='ltr'><strong>ὑπάρχει,</strong></span> <span class='ocrx_word' id='word_1_445' title='bbox 2971 881 3032 933; x_wconf 82' lang='grc' dir='ltr'>τὸ</span> <span class='ocrx_word' id='word_1_446' title='bbox 3061 880 3290 944; x_wconf 81' lang='grc' dir='ltr'><strong>ζωτικὸν</strong></span> <span class='ocrx_word' id='word_1_447' title='bbox 3321 880 3491 936; x_wconf 84' lang='grc' dir='ltr'>αίτιον</span> <span class='ocrx_word' id='word_1_448' title='bbox 3519 881 3776 940; x_wconf 73' lang='grc' dir='ltr'>ἐκϐαλών.</span> 
     </span>
    </p>
   </div>
   <div class='ocr_carea' id='block_1_69' title="bbox 2800 967 3193 1022">
    <p class='ocr_par' dir='ltr' id='par_1_69' title="bbox 2800 967 3193 1022">
     <span class='ocr_line' id='line_1_69' title="bbox 2800 967 3193 1022; baseline 0.005 -2"><span class='ocrx_word' id='word_1_449' title='bbox 2800 967 3046 1020; x_wconf 84' lang='grc' dir='ltr'><strong>ΠΕΥΣΙΣ</strong></span> <span class='ocrx_word' id='word_1_450' title='bbox 3073 969 3193 1022; x_wconf 82' lang='lat' dir='ltr'><strong>PB&#39;.</strong></span> 
     </span>
    </p>
   </div>
   <div class='ocr_carea' id='block_1_70' title="bbox 2282 1052 3783 1131">
    <p class='ocr_par' dir='ltr' id='par_1_70' title="bbox 2282 1052 3783 1131">
     <span class='ocr_line' id='line_1_70' title="bbox 2282 1052 3783 1131; baseline 0.003 -21"><span class='ocrx_word' id='word_1_451' title='bbox 2282 1057 2348 1110; x_wconf 86' lang='grc' dir='ltr'>Τί</span> <span class='ocrx_word' id='word_1_452' title='bbox 2368 1052 2498 1123; x_wconf 81' lang='grc' dir='ltr'>οὗν;</span> <span class='ocrx_word' id='word_1_453' title='bbox 2541 1057 2730 1128; x_wconf 78' lang='grc' dir='ltr'>ἐπειδὴ</span> <span class='ocrx_word' id='word_1_454' title='bbox 2775 1057 3053 1128; x_wconf 79' lang='grc' dir='ltr'>ἄνθρωποι</span> <span class='ocrx_word' id='word_1_455' title='bbox 3092 1057 3268 1122; x_wconf 81' lang='grc' dir='ltr'>ζῶντα</span> <span class='ocrx_word' id='word_1_456' title='bbox 3311 1059 3403 1112; x_wconf 72' lang='grc' dir='ltr'>καὶ</span> <span class='ocrx_word' id='word_1_457' title='bbox 3429 1059 3650 1131; x_wconf 53' lang='grc' dir='ltr'>ἔμᾲυχα</span> <span class='ocrx_word' id='word_1_458' title='bbox 3675 1079 3783 1130; x_wconf 78' lang='grc' dir='ltr'>γεν-</span> 
     </span>
    </p>
   </div>
   <div class='ocr_carea' id='block_1_71' title="bbox 2213 1145 3783 1223">
    <p class='ocr_par' dir='ltr' id='par_1_71' title="bbox 2213 1145 3783 1223">
     <span class='ocr_line' id='line_1_71' title="bbox 2213 1145 3783 1223; baseline -0.002 -21"><span class='ocrx_word' id='word_1_459' title='bbox 2213 1148 2375 1203; x_wconf 87' lang='grc' dir='ltr'>νῶσιν</span> <span class='ocrx_word' id='word_1_460' title='bbox 2399 1190 2413 1212; x_wconf 91' lang='grc'><strong>,</strong></span> <span class='ocrx_word' id='word_1_461' title='bbox 2466 1145 2574 1222; x_wconf 82' lang='grc' dir='ltr'>ἆρα</span> <span class='ocrx_word' id='word_1_462' title='bbox 2623 1149 2973 1220; x_wconf 82' lang='grc' dir='ltr'><strong>προελθόντος</strong></span> <span class='ocrx_word' id='word_1_463' title='bbox 3012 1149 3108 1203; x_wconf 89' lang='grc' dir='ltr'><strong>τοῦ</strong></span> <span class='ocrx_word' id='word_1_464' title='bbox 3151 1150 3382 1221; x_wconf 84' lang='grc' dir='ltr'>βρέφους</span> <span class='ocrx_word' id='word_1_465' title='bbox 3421 1152 3631 1223; x_wconf 68' lang='grc' dir='ltr'>ἄψυχος</span> <span class='ocrx_word' id='word_1_466' title='bbox 3658 1171 3783 1210; x_wconf 74' lang='grc' dir='ltr'><strong>κατ.</strong></span> 
     </span>
    </p>
   </div>
   <div class='ocr_carea' id='block_1_72' title="bbox 2211 1240 2471 1311">
    <p class='ocr_par' dir='ltr' id='par_1_72' title="bbox 2211 1240 2471 1311">
     <span class='ocr_line' id='line_1_72' title="bbox 2211 1240 2471 1311; baseline -0.008 -15"><span class='ocrx_word' id='word_1_467' title='bbox 2211 1240 2432 1311; x_wconf 79' lang='grc' dir='ltr'>ελείφθη</span> <span class='ocrx_word' id='word_1_468' title='bbox 2457 1258 2471 1305; x_wconf 91' lang='grc'><strong>;</strong></span> 
     </span>
    </p>
   </div>
   <div class='ocr_carea' id='block_1_73' title="bbox 2819 1334 3171 1402">
    <p class='ocr_par' dir='ltr' id='par_1_73' title="bbox 2819 1334 3171 1402">
     <span class='ocr_line' id='line_1_73' title="bbox 2819 1334 3171 1402; baseline 0.006 -14"><span class='ocrx_word' id='word_1_469' title='bbox 2819 1334 3171 1402; x_wconf 72' lang='grc' dir='ltr'>Ἀπόκρισις.</span> 
     </span>
    </p>
   </div>
   <div class='ocr_carea' id='block_1_74' title="bbox 2296 1424 3784 1499">
    <p class='ocr_par' dir='ltr' id='par_1_74' title="bbox 2296 1424 3784 1499">
     <span class='ocr_line' id='line_1_74' title="bbox 2296 1424 3784 1499; baseline 0.002 -21"><span class='ocrx_word' id='word_1_470' title='bbox 2296 1424 2434 1478; x_wconf 82' lang='grc' dir='ltr'><strong>Ἀλλ’</strong></span> <span class='ocrx_word' id='word_1_471' title='bbox 2464 1426 2492 1478; x_wconf 78' lang='grc' dir='ltr'>ὁ</span> <span class='ocrx_word' id='word_1_472' title='bbox 2528 1424 2624 1478; x_wconf 78' lang='grc' dir='ltr'><strong>ἄνθ</strong></span> <span class='ocrx_word' id='word_1_473' title='bbox 2635 1441 2813 1496; x_wconf 85' lang='grc' dir='ltr'>ρωπος</span> <span class='ocrx_word' id='word_1_474' title='bbox 2841 1425 3073 1495; x_wconf 77' lang='grc' dir='ltr'>ὄργανον</span> <span class='ocrx_word' id='word_1_475' title='bbox 3101 1424 3286 1495; x_wconf 85' lang='grc' dir='ltr'>γεννᾷ,</span> <span class='ocrx_word' id='word_1_476' title='bbox 3311 1424 3409 1496; x_wconf 84' lang='grc' dir='ltr'>τὴν</span> <span class='ocrx_word' id='word_1_477' title='bbox 3439 1427 3495 1480; x_wconf 84' lang='grc' dir='ltr'>δὲ</span> <span class='ocrx_word' id='word_1_478' title='bbox 3521 1427 3700 1499; x_wconf 76' lang='grc' dir='ltr'>ψυχὴν</span> <span class='ocrx_word' id='word_1_479' title='bbox 3726 1428 3784 1496; x_wconf 68' lang='grc' dir='ltr'><strong>τὺ</strong></span> 
     </span>
    </p>
   </div>
   <div class='ocr_carea' id='block_1_75' title="bbox 2211 1514 3784 1588">
    <p class='ocr_par' dir='ltr' id='par_1_75' title="bbox 2211 1514 3784 1588">
     <span class='ocr_line' id='line_1_75' title="bbox 2211 1514 3784 1588; baseline 0.001 -18"><span class='ocrx_word' id='word_1_480' title='bbox 2211 1516 2364 1570; x_wconf 87' lang='grc' dir='ltr'>Θεῖον</span> <span class='ocrx_word' id='word_1_481' title='bbox 2402 1514 2624 1587; x_wconf 83' lang='grc' dir='ltr'>ἐνίησιν.</span> <span class='ocrx_word' id='word_1_482' title='bbox 2659 1516 2883 1570; x_wconf 79' lang='grc' dir='ltr'><strong>Οὐδέπω</strong></span> <span class='ocrx_word' id='word_1_483' title='bbox 2910 1515 3018 1586; x_wconf 80' lang='grc' dir='ltr'><strong>γὰρ</strong></span> <span class='ocrx_word' id='word_1_484' title='bbox 3046 1518 3112 1586; x_wconf 83' lang='grc' dir='ltr'><strong>τῇ</strong></span> <span class='ocrx_word' id='word_1_485' title='bbox 3147 1516 3334 1587; x_wconf 80' lang='grc' dir='ltr'>Γραφῇ</span> <span class='ocrx_word' id='word_1_486' title='bbox 3369 1518 3587 1588; x_wconf 87' lang='grc' dir='ltr'>εῐρηται</span> <span class='ocrx_word' id='word_1_487' title='bbox 3610 1536 3623 1550; x_wconf 91' lang='grc'><strong>·</strong></span> <span class='ocrx_word' id='word_1_488' title='bbox 3671 1521 3784 1583; x_wconf 77' lang='grc' dir='ltr'><strong>Ἐξ-</strong></span> 
     </span>
    </p>
   </div>
   <div class='ocr_carea' id='block_1_76' title="bbox 2213 1605 3784 1677">
    <p class='ocr_par' dir='ltr' id='par_1_76' title="bbox 2213 1605 3784 1677">
     <span class='ocr_line' id='line_1_76' title="bbox 2213 1605 3784 1677; baseline 0.003 -17"><span class='ocrx_word' id='word_1_489' title='bbox 2213 1608 2520 1676; x_wconf 86' lang='grc' dir='ltr'>αγαγέτωὴ</span> <span class='ocrx_word' id='word_1_490' title='bbox 2549 1607 2682 1677; x_wconf 82' lang='grc' dir='ltr'>γυνὴ</span> <span class='ocrx_word' id='word_1_491' title='bbox 2710 1607 2892 1676; x_wconf 65' lang='grc' dir='ltr'>ψυχὴν</span> <span class='ocrx_word' id='word_1_492' title='bbox 2929 1605 3106 1670; x_wconf 75' lang='grc' dir='ltr'>ζῶσαν</span> <span class='ocrx_word' id='word_1_493' title='bbox 3132 1623 3146 1639; x_wconf 80' lang='grc' dir='ltr'><strong><em>ο</em></strong></span> <span class='ocrx_word' id='word_1_494' title='bbox 3186 1608 3293 1660; x_wconf 73' lang='grc' dir='ltr'>οὐδ’</span> <span class='ocrx_word' id='word_1_495' title='bbox 3329 1608 3411 1661; x_wconf 87' lang='grc' dir='ltr'>ὅτι</span> <span class='ocrx_word' id='word_1_496' title='bbox 3444 1609 3784 1664; x_wconf 78' lang='grc' dir='ltr'>συλλαϐοῦσα</span> 
     </span>
    </p>
   </div>
   <div class='ocr_carea' id='block_1_77' title="bbox 2211 1696 3789 1768">
    <p class='ocr_par' dir='ltr' id='par_1_77' title="bbox 2211 1696 3789 1768">
     <span class='ocr_line' id='line_1_77' title="bbox 2211 1696 3789 1768; baseline 0.003 -17"><span class='ocrx_word' id='word_1_497' title='bbox 2211 1697 2344 1761; x_wconf 77' lang='grc' dir='ltr'>Εὔα,</span> <span class='ocrx_word' id='word_1_498' title='bbox 2375 1698 2407 1768; x_wconf 87' lang='grc' dir='ltr'><strong>ἢ</strong></span> <span class='ocrx_word' id='word_1_499' title='bbox 2447 1699 2652 1768; x_wconf 73' lang='grc' dir='ltr'>Σάρρα,</span> <span class='ocrx_word' id='word_1_500' title='bbox 2689 1697 3028 1768; x_wconf 80' lang='grc' dir='ltr'>ἢἘλισάϐετ</span> <span class='ocrx_word' id='word_1_501' title='bbox 3060 1696 3295 1768; x_wconf 74' lang='grc' dir='ltr'>ἐξήγαγε</span> <span class='ocrx_word' id='word_1_502' title='bbox 3321 1697 3518 1768; x_wconf 75' lang='grc' dir='ltr'>ψυχὴν,</span> <span class='ocrx_word' id='word_1_503' title='bbox 3563 1699 3677 1752; x_wconf 80' lang='grc' dir='ltr'><strong>ἀλλ’</strong></span> <span class='ocrx_word' id='word_1_504' title='bbox 3705 1702 3789 1755; x_wconf 77' lang='grc' dir='ltr'>ὅτι</span> 
     </span>
    </p>
   </div>
   <div class='ocr_carea' id='block_1_78' title="bbox 2210 1785 3790 1858">
    <p class='ocr_par' dir='ltr' id='par_1_78' title="bbox 2210 1785 3790 1858">
     <span class='ocr_line' id='line_1_78' title="bbox 2210 1785 3790 1858; baseline 0.001 -17"><span class='ocrx_word' id='word_1_505' title='bbox 2210 1788 2465 1858; x_wconf 76' lang='grc' dir='ltr'>ἐγέννησε</span> <span class='ocrx_word' id='word_1_506' title='bbox 2514 1787 2741 1841; x_wconf 84' lang='grc' dir='ltr'>παιδίον.</span> <span class='ocrx_word' id='word_1_507' title='bbox 2801 1785 2954 1839; x_wconf 84' lang='grc' dir='ltr'>Διατί</span> <span class='ocrx_word' id='word_1_508' title='bbox 2996 1786 3052 1840; x_wconf 82' lang='grc' dir='ltr'>δὲ</span> <span class='ocrx_word' id='word_1_509' title='bbox 3093 1787 3201 1858; x_wconf 82' lang='grc' dir='ltr'>ἂρα</span> <span class='ocrx_word' id='word_1_510' title='bbox 3253 1787 3501 1840; x_wconf 85' lang='grc' dir='ltr'>πλεῖσται</span> <span class='ocrx_word' id='word_1_511' title='bbox 3550 1790 3790 1858; x_wconf 77' lang='grc' dir='ltr'><strong>μητέρες</strong></span> 
     </span>
    </p>
   </div>
   <div class='ocr_carea' id='block_1_79' title="bbox 2207 1871 3791 1948">
    <p class='ocr_par' dir='ltr' id='par_1_79' title="bbox 2207 1871 3791 1948">
     <span class='ocr_line' id='line_1_79' title="bbox 2207 1871 3791 1948; baseline -0.001 -19"><span class='ocrx_word' id='word_1_512' title='bbox 2207 1876 2383 1948; x_wconf 73' lang='grc' dir='ltr'>ψυχῆς</span> <span class='ocrx_word' id='word_1_513' title='bbox 2425 1876 2604 1947; x_wconf 74' lang='grc' dir='ltr'>ἔρημα</span> <span class='ocrx_word' id='word_1_514' title='bbox 2646 1874 2943 1929; x_wconf 85' lang='grc' dir='ltr'>ἀποκύουσι</span> <span class='ocrx_word' id='word_1_515' title='bbox 2988 1875 3126 1944; x_wconf 84' lang='grc' dir='ltr'>μόνα</span> <span class='ocrx_word' id='word_1_516' title='bbox 3155 1873 3224 1928; x_wconf 85' lang='grc' dir='ltr'>τὰ</span> <span class='ocrx_word' id='word_1_517' title='bbox 3253 1874 3501 1944; x_wconf 81' lang='grc' dir='ltr'>σώματα,</span> <span class='ocrx_word' id='word_1_518' title='bbox 3532 1876 3694 1946; x_wconf 78' lang='grc' dir='ltr'>εἴπερ</span> <span class='ocrx_word' id='word_1_519' title='bbox 3719 1871 3791 1947; x_wconf 80' lang='grc' dir='ltr'>ἦν</span> 
     </span>
    </p>
   </div>
   <div class='ocr_carea' id='block_1_80' title="bbox 2209 1964 3790 2036">
    <p class='ocr_par' dir='ltr' id='par_1_80' title="bbox 2209 1964 3790 2036">
     <span class='ocr_line' id='line_1_80' title="bbox 2209 1964 3790 2036; baseline 0.001 -16"><span class='ocrx_word' id='word_1_520' title='bbox 2209 1967 2396 2028; x_wconf 79' lang='grc' dir='ltr'>αὑταῖς</span> <span class='ocrx_word' id='word_1_521' title='bbox 2427 1966 2650 2019; x_wconf 86' lang='grc' dir='ltr'>δυνατὸν</span> <span class='ocrx_word' id='word_1_522' title='bbox 2684 1964 2923 2036; x_wconf 76' lang='grc' dir='ltr'>ἔμψυχον</span> <span class='ocrx_word' id='word_1_523' title='bbox 2959 1964 3221 2018; x_wconf 79' lang='grc' dir='ltr'>ἀποκύειν</span> <span class='ocrx_word' id='word_1_524' title='bbox 3248 1965 3308 2018; x_wconf 83' lang='grc' dir='ltr'>τὸ</span> <span class='ocrx_word' id='word_1_525' title='bbox 3339 1965 3609 2036; x_wconf 78' lang='grc' dir='ltr'>ἔμϐρυον;</span> <span class='ocrx_word' id='word_1_526' title='bbox 3642 1967 3790 2021; x_wconf 78' lang='grc' dir='ltr'>διατί</span> 
     </span>
    </p>
   </div>
   <div class='ocr_carea' id='block_1_81' title="bbox 2207 2056 3790 2129">
    <p class='ocr_par' dir='ltr' id='par_1_81' title="bbox 2207 2056 3790 2129">
     <span class='ocr_line' id='line_1_81' title="bbox 2207 2056 3790 2129; baseline 0 -17"><span class='ocrx_word' id='word_1_527' title='bbox 2207 2058 2263 2112; x_wconf 78' lang='grc' dir='ltr'>δὲ</span> <span class='ocrx_word' id='word_1_528' title='bbox 2289 2057 2725 2129; x_wconf 86' lang='grc' dir='ltr'>νεκροτοκοῦσαι,</span> <span class='ocrx_word' id='word_1_529' title='bbox 2757 2056 3122 2110; x_wconf 81' lang='grc' dir='ltr'>έπικωκύουσι</span> <span class='ocrx_word' id='word_1_530' title='bbox 3151 2058 3245 2110; x_wconf 81' lang='grc' dir='ltr'>καὶ</span> <span class='ocrx_word' id='word_1_531' title='bbox 3280 2057 3654 2128; x_wconf 85' lang='grc' dir='ltr'>ὀλοφύρονται,</span> <span class='ocrx_word' id='word_1_532' title='bbox 3689 2059 3790 2114; x_wconf 72' lang='grc' dir='ltr'>καὶ</span> 
     </span>
    </p>
   </div>
   <div class='ocr_carea' id='block_1_82' title="bbox 2212 2145 3790 2220">
    <p class='ocr_par' dir='ltr' id='par_1_82' title="bbox 2212 2145 3790 2220">
     <span class='ocr_line' id='line_1_82' title="bbox 2212 2145 3790 2220; baseline 0.001 -19"><span class='ocrx_word' id='word_1_533' title='bbox 2212 2147 2286 2219; x_wconf 82' lang='grc' dir='ltr'>μὴ</span> <span class='ocrx_word' id='word_1_534' title='bbox 2318 2145 2473 2212; x_wconf 79' lang='grc' dir='ltr'>αὖθις</span> <span class='ocrx_word' id='word_1_535' title='bbox 2520 2148 2617 2218; x_wconf 78' lang='grc' dir='ltr'>τὴν</span> <span class='ocrx_word' id='word_1_536' title='bbox 2643 2146 2818 2218; x_wconf 82' lang='grc' dir='ltr'>ψυχὴν</span> <span class='ocrx_word' id='word_1_537' title='bbox 2862 2146 2940 2218; x_wconf 84' lang='grc' dir='ltr'>τῷ</span> <span class='ocrx_word' id='word_1_538' title='bbox 2964 2146 3142 2219; x_wconf 82' lang='grc' dir='ltr'>νεκρῷ</span> <span class='ocrx_word' id='word_1_539' title='bbox 3175 2147 3499 2210; x_wconf 85' lang='grc' dir='ltr'>ὲντιΟέασιν,</span> <span class='ocrx_word' id='word_1_540' title='bbox 3522 2150 3681 2219; x_wconf 85' lang='grc' dir='ltr'>είπερ</span> <span class='ocrx_word' id='word_1_541' title='bbox 3719 2147 3790 2220; x_wconf 84' lang='grc' dir='ltr'>ἦν</span> 
     </span>
    </p>
   </div>
   <div class='ocr_carea' id='block_1_83' title="bbox 2207 2236 3793 2308">
    <p class='ocr_par' dir='ltr' id='par_1_83' title="bbox 2207 2236 3793 2308">
     <span class='ocr_line' id='line_1_83' title="bbox 2207 2236 3793 2308; baseline -0.001 -16"><span class='ocrx_word' id='word_1_542' title='bbox 2207 2239 2394 2302; x_wconf 81' lang='grc' dir='ltr'>αὐταῖς</span> <span class='ocrx_word' id='word_1_543' title='bbox 2425 2236 2639 2307; x_wconf 84' lang='grc' dir='ltr'>θεμιτὸν</span> <span class='ocrx_word' id='word_1_544' title='bbox 2665 2238 2844 2307; x_wconf 76' lang='grc' dir='ltr'>ψυχὴν</span> <span class='ocrx_word' id='word_1_545' title='bbox 2864 2237 3166 2307; x_wconf 78' lang='grc' dir='ltr'>άπογεννᾷν</span> <span class='ocrx_word' id='word_1_546' title='bbox 3189 2254 3204 2302; x_wconf 88' lang='grc'>;</span> <span class='ocrx_word' id='word_1_547' title='bbox 3239 2236 3356 2298; x_wconf 84' lang='grc' dir='ltr'><strong>πῶς</strong></span> <span class='ocrx_word' id='word_1_548' title='bbox 3388 2236 3445 2289; x_wconf 81' lang='grc' dir='ltr'>δὲ</span> <span class='ocrx_word' id='word_1_549' title='bbox 3473 2238 3670 2300; x_wconf 80' lang='grc' dir='ltr'>παντὸς</span> <span class='ocrx_word' id='word_1_550' title='bbox 3688 2241 3713 2290; x_wconf 79' lang='grc' dir='ltr'>ἐ</span> <span class='ocrx_word' id='word_1_551' title='bbox 3723 2257 3793 2308; x_wconf 86' lang='grc' dir='ltr'>μ-</span> 
     </span>
    </p>
   </div>
   <div class='ocr_carea' id='block_1_84' title="bbox 2206 2322 3790 2400">
    <p class='ocr_par' dir='ltr' id='par_1_84' title="bbox 2206 2322 3790 2400">
     <span class='ocr_line' id='line_1_84' title="bbox 2206 2322 3790 2400; baseline -0.001 -19"><span class='ocrx_word' id='word_1_552' title='bbox 2206 2329 2376 2400; x_wconf 77' lang='grc' dir='ltr'>ψύχου</span> <span class='ocrx_word' id='word_1_553' title='bbox 2412 2329 2615 2399; x_wconf 81' lang='grc' dir='ltr'>σιδήρῳ</span> <span class='ocrx_word' id='word_1_554' title='bbox 2643 2329 2975 2399; x_wconf 84' lang='grc' dir='ltr'>τεμνομένου</span> <span class='ocrx_word' id='word_1_555' title='bbox 3026 2326 3058 2396; x_wconf 84' lang='grc' dir='ltr'>ἢ</span> <span class='ocrx_word' id='word_1_556' title='bbox 3087 2326 3495 2396; x_wconf 83' lang='grc' dir='ltr'>άμυσσομένου,</span> <span class='ocrx_word' id='word_1_557' title='bbox 3526 2322 3683 2389; x_wconf 77' lang='grc' dir='ltr'>αὖθις</span> <span class='ocrx_word' id='word_1_558' title='bbox 3727 2328 3790 2381; x_wconf 76' lang='grc' dir='ltr'><strong>το</strong></span> 
     </span>
    </p>
   </div>
   <div class='ocr_carea' id='block_1_85' title="bbox 2207 2415 3789 2490">
    <p class='ocr_par' dir='ltr' id='par_1_85' title="bbox 2207 2415 3789 2490">
     <span class='ocr_line' id='line_1_85' title="bbox 2207 2415 3789 2490; baseline -0.002 -18"><span class='ocrx_word' id='word_1_559' title='bbox 2207 2415 2345 2489; x_wconf 75' lang='grc' dir='ltr'>αἷμα</span> <span class='ocrx_word' id='word_1_560' title='bbox 2383 2421 2661 2490; x_wconf 83' lang='grc' dir='ltr'>προχεῖται</span> <span class='ocrx_word' id='word_1_561' title='bbox 2687 2418 3003 2489; x_wconf 83' lang='grc' dir='ltr'>κρουνηδδν,</span> <span class='ocrx_word' id='word_1_562' title='bbox 3024 2418 3118 2469; x_wconf 74' lang='grc' dir='ltr'>καὶ</span> <span class='ocrx_word' id='word_1_563' title='bbox 3146 2416 3535 2487; x_wconf 78' lang='grc' dir='ltr'>περιφοινίττει</span> <span class='ocrx_word' id='word_1_564' title='bbox 3557 2416 3619 2469; x_wconf 78' lang='grc' dir='ltr'>τὸ</span> <span class='ocrx_word' id='word_1_565' title='bbox 3646 2417 3789 2469; x_wconf 80' lang='grc' dir='ltr'>ὑπο·</span> 
     </span>
    </p>
   </div>
   <div class='ocr_carea' id='block_1_86' title="bbox 2207 2507 3791 2582">
    <p class='ocr_par' dir='ltr' id='par_1_86' title="bbox 2207 2507 3791 2582">
     <span class='ocr_line' id='line_1_86' title="bbox 2207 2507 3791 2582; baseline -0.004 -17"><span class='ocrx_word' id='word_1_566' title='bbox 2207 2512 2485 2582; x_wconf 86' lang='grc' dir='ltr'>κείμενον·</span> <span class='ocrx_word' id='word_1_567' title='bbox 2515 2510 2623 2580; x_wconf 78' lang='grc' dir='ltr'><strong>ἠδὲ</strong></span> <span class='ocrx_word' id='word_1_568' title='bbox 2659 2511 2851 2580; x_wconf 82' lang='grc' dir='ltr'>χέρσος</span> <span class='ocrx_word' id='word_1_569' title='bbox 2876 2508 3177 2579; x_wconf 82' lang='grc' dir='ltr'>ἀρουμένη,</span> <span class='ocrx_word' id='word_1_570' title='bbox 3208 2509 3301 2560; x_wconf 76' lang='grc' dir='ltr'>καὶ</span> <span class='ocrx_word' id='word_1_571' title='bbox 3327 2507 3500 2577; x_wconf 80' lang='grc' dir='ltr'>λίσγῳ</span> <span class='ocrx_word' id='word_1_572' title='bbox 3544 2508 3791 2578; x_wconf 76' lang='grc' dir='ltr'>διαιρου-</span> 
     </span>
    </p>
   </div>
   <div class='ocr_carea' id='block_1_87' title="bbox 2212 2599 3792 2673">
    <p class='ocr_par' dir='ltr' id='par_1_87' title="bbox 2212 2599 3792 2673">
     <span class='ocr_line' id='line_1_87' title="bbox 2212 2599 3792 2673; baseline -0.003 -17"><span class='ocrx_word' id='word_1_573' title='bbox 2212 2602 2367 2673; x_wconf 81' lang='grc' dir='ltr'>μένη,</span> <span class='ocrx_word' id='word_1_574' title='bbox 2392 2603 2483 2656; x_wconf 74' lang='grc' dir='ltr'>καὶ</span> <span class='ocrx_word' id='word_1_575' title='bbox 2515 2604 2593 2664; x_wconf 88' lang='grc' dir='ltr'><strong>είς</strong></span> <span class='ocrx_word' id='word_1_576' title='bbox 2615 2601 2789 2672; x_wconf 85' lang='grc' dir='ltr'>φρέαρ</span> <span class='ocrx_word' id='word_1_577' title='bbox 2809 2599 3165 2670; x_wconf 85' lang='grc' dir='ltr'>ὸρυττομένη,</span> <span class='ocrx_word' id='word_1_578' title='bbox 3195 2599 3256 2652; x_wconf 81' lang='grc' dir='ltr'>οὐ</span> <span class='ocrx_word' id='word_1_579' title='bbox 3288 2599 3406 2670; x_wconf 83' lang='grc' dir='ltr'>βοᾷ,</span> <span class='ocrx_word' id='word_1_580' title='bbox 3451 2599 3550 2668; x_wconf 78' lang='grc' dir='ltr'>οὐχ</span> <span class='ocrx_word' id='word_1_581' title='bbox 3591 2600 3792 2670; x_wconf 74' lang='grc' dir='ltr'>αίμοῤ-</span> 
     </span>
    </p>
   </div>
   <div class='ocr_carea' id='block_1_88' title="bbox 2209 2691 3790 2766">
    <p class='ocr_par' dir='ltr' id='par_1_88' title="bbox 2209 2691 3790 2766">
     <span class='ocr_line' id='line_1_88' title="bbox 2209 2691 3790 2766; baseline -0.004 -19"><span class='ocrx_word' id='word_1_582' title='bbox 2209 2697 2387 2766; x_wconf 74' lang='grc' dir='ltr'>ραγεῖ,</span> <span class='ocrx_word' id='word_1_583' title='bbox 2406 2693 2468 2745; x_wconf 81' lang='grc' dir='ltr'>οὐ</span> <span class='ocrx_word' id='word_1_584' title='bbox 2489 2691 2968 2764; x_wconf 84' lang='grc' dir='ltr'>περιφοινίττεται,</span> <span class='ocrx_word' id='word_1_585' title='bbox 2989 2691 3048 2743; x_wconf 83' lang='grc' dir='ltr'>οὐ</span> <span class='ocrx_word' id='word_1_586' title='bbox 3069 2693 3306 2760; x_wconf 84' lang='grc' dir='ltr'>καματοῖ</span> <span class='ocrx_word' id='word_1_587' title='bbox 3322 2691 3448 2752; x_wconf 70' lang='grc' dir='ltr'>τοὺς</span> <span class='ocrx_word' id='word_1_588' title='bbox 3469 2691 3790 2754; x_wconf 76' lang='grc' dir='ltr'>πταίοντας,</span> 
     </span>
    </p>
   </div>
   <div class='ocr_carea' id='block_1_89' title="bbox 2209 2781 3793 2856">
    <p class='ocr_par' dir='ltr' id='par_1_89' title="bbox 2209 2781 3793 2856">
     <span class='ocr_line' id='line_1_89' title="bbox 2209 2781 3793 2856; baseline -0.005 -16"><span class='ocrx_word' id='word_1_589' title='bbox 2209 2786 2460 2856; x_wconf 78' lang='grc' dir='ltr'>καθάπερ</span> <span class='ocrx_word' id='word_1_590' title='bbox 2497 2785 2565 2836; x_wconf 77' lang='grc' dir='ltr'><strong>τὰ</strong></span> <span class='ocrx_word' id='word_1_591' title='bbox 2591 2784 2806 2855; x_wconf 75' lang='grc' dir='ltr'>ἔμψυχα</span> <span class='ocrx_word' id='word_1_592' title='bbox 2835 2783 3015 2837; x_wconf 88' lang='grc' dir='ltr'>πάντα</span> <span class='ocrx_word' id='word_1_593' title='bbox 3042 2783 3288 2852; x_wconf 77' lang='grc' dir='ltr'>πέφυκες</span> <span class='ocrx_word' id='word_1_594' title='bbox 3322 2781 3442 2843; x_wconf 84' lang='grc' dir='ltr'><strong>πῶς</strong></span> <span class='ocrx_word' id='word_1_595' title='bbox 3473 2781 3527 2832; x_wconf 81' lang='grc' dir='ltr'>δὲ</span> <span class='ocrx_word' id='word_1_596' title='bbox 3560 2781 3629 2833; x_wconf 77' lang='grc' dir='ltr'>τὰ</span> <span class='ocrx_word' id='word_1_597' title='bbox 3658 2781 3793 2832; x_wconf 70' lang='grc' dir='ltr'>σκό-</span> 
     </span>
    </p>
   </div>
   <div class='ocr_carea' id='block_1_90' title="bbox 2209 2871 3791 2948">
    <p class='ocr_par' dir='ltr' id='par_1_90' title="bbox 2209 2871 3791 2948">
     <span class='ocr_line' id='line_1_90' title="bbox 2209 2871 3791 2948; baseline -0.006 -17"><span class='ocrx_word' id='word_1_598' title='bbox 2209 2880 2359 2948; x_wconf 84' lang='grc' dir='ltr'>ροδα,</span> <span class='ocrx_word' id='word_1_599' title='bbox 2385 2877 2417 2948; x_wconf 85' lang='grc' dir='ltr'>ἢ</span> <span class='ocrx_word' id='word_1_600' title='bbox 2446 2877 2728 2946; x_wconf 84' lang='grc' dir='ltr'>κρόμμυα,</span> <span class='ocrx_word' id='word_1_601' title='bbox 2761 2875 2792 2946; x_wconf 85' lang='grc' dir='ltr'>ἢ</span> <span class='ocrx_word' id='word_1_602' title='bbox 2824 2874 2892 2927; x_wconf 80' lang='grc' dir='ltr'>τὰ</span> <span class='ocrx_word' id='word_1_603' title='bbox 2925 2873 3085 2927; x_wconf 75' lang='grc' dir='ltr'>λοιπὰ</span> <span class='ocrx_word' id='word_1_604' title='bbox 3116 2873 3223 2926; x_wconf 84' lang='grc' dir='ltr'><strong>τῶν</strong></span> <span class='ocrx_word' id='word_1_605' title='bbox 3247 2872 3429 2941; x_wconf 79' lang='grc' dir='ltr'>φυτῶν</span> <span class='ocrx_word' id='word_1_606' title='bbox 3463 2871 3710 2941; x_wconf 65' lang='grc' dir='ltr'>μαχαίρᾳ</span> <span class='ocrx_word' id='word_1_607' title='bbox 3757 2871 3791 2941; x_wconf 77' lang='grc' dir='ltr'>ἦ</span> 
     </span>
    </p>
   </div>
   <div class='ocr_carea' id='block_1_91' title="bbox 2205 2962 3794 3040">
    <p class='ocr_par' dir='ltr' id='par_1_91' title="bbox 2205 2962 3794 3040">
     <span class='ocr_line' id='line_1_91' title="bbox 2205 2962 3794 3040; baseline -0.005 -18"><span class='ocrx_word' id='word_1_608' title='bbox 2205 2967 2447 3040; x_wconf 79' lang='grc' dir='ltr'>δρεπάνῃ</span> <span class='ocrx_word' id='word_1_609' title='bbox 2475 2967 2804 3037; x_wconf 85' lang='grc' dir='ltr'>τεμνόμενα,</span> <span class='ocrx_word' id='word_1_610' title='bbox 2846 2967 2945 3036; x_wconf 81' lang='grc' dir='ltr'><strong>οὐχ</strong></span> <span class='ocrx_word' id='word_1_611' title='bbox 2983 2965 3328 3035; x_wconf 76' lang='grc' dir='ltr'>αἱμάττεται,</span> <span class='ocrx_word' id='word_1_612' title='bbox 3368 2963 3522 3034; x_wconf 80' lang='grc' dir='ltr'>εἴπερ</span> <span class='ocrx_word' id='word_1_613' title='bbox 3563 2962 3794 3032; x_wconf 64' lang='grc' dir='ltr'>ἔμψυχα</span> 
     </span>
    </p>
   </div>
   <div class='ocr_carea' id='block_1_92' title="bbox 2209 3054 3796 3127">
    <p class='ocr_par' dir='ltr' id='par_1_92' title="bbox 2209 3054 3796 3127">
     <span class='ocr_line' id='line_1_92' title="bbox 2209 3054 3796 3127; baseline -0.004 -16"><span class='ocrx_word' id='word_1_614' title='bbox 2209 3058 2464 3127; x_wconf 80' lang='grc' dir='ltr'>ὑπάρχει,</span> <span class='ocrx_word' id='word_1_615' title='bbox 2497 3056 2640 3110; x_wconf 77' lang='grc' dir='ltr'>κατὰ</span> <span class='ocrx_word' id='word_1_616' title='bbox 2660 3055 2992 3126; x_wconf 84' lang='grc' dir='ltr'>Μανιχαίους</span> <span class='ocrx_word' id='word_1_617' title='bbox 3013 3057 3138 3118; x_wconf 75' lang='grc' dir='ltr'>τοὺς</span> <span class='ocrx_word' id='word_1_618' title='bbox 3161 3055 3524 3122; x_wconf 85' lang='grc' dir='ltr'>είκαιολὸγους</span> <span class='ocrx_word' id='word_1_619' title='bbox 3561 3054 3656 3106; x_wconf 76' lang='grc' dir='ltr'>καὶ</span> <span class='ocrx_word' id='word_1_620' title='bbox 3681 3071 3796 3122; x_wconf 81' lang='grc' dir='ltr'>μα-</span> 
     </span>
    </p>
   </div>
   <div class='ocr_carea' id='block_1_93' title="bbox 2204 3147 3796 3220">
    <p class='ocr_par' dir='ltr' id='par_1_93' title="bbox 2204 3147 3796 3220">
     <span class='ocr_line' id='line_1_93' title="bbox 2204 3147 3796 3220; baseline -0.001 -18"><span class='ocrx_word' id='word_1_621' title='bbox 2204 3151 2529 3220; x_wconf 85' lang='grc' dir='ltr'>ταιόφρονας</span> <span class='ocrx_word' id='word_1_622' title='bbox 2548 3189 2563 3214; x_wconf 88' lang='grc'><strong>,</strong></span> <span class='ocrx_word' id='word_1_623' title='bbox 2601 3151 2728 3212; x_wconf 73' lang='grc' dir='ltr'>τοὺς</span> <span class='ocrx_word' id='word_1_624' title='bbox 2755 3151 2854 3220; x_wconf 76' lang='grc' dir='ltr'>τὴν</span> <span class='ocrx_word' id='word_1_625' title='bbox 2894 3150 3118 3203; x_wconf 76' lang='grc' dir='ltr'><strong>ἐκείνων</strong></span> <span class='ocrx_word' id='word_1_626' title='bbox 3142 3148 3402 3217; x_wconf 76' lang='grc' dir='ltr'>δύσοδμον</span> <span class='ocrx_word' id='word_1_627' title='bbox 3429 3164 3640 3216; x_wconf 76' lang='grc' dir='ltr'>κακοφη</span> <span class='ocrx_word' id='word_1_628' title='bbox 3651 3147 3796 3217; x_wconf 79' lang='grc' dir='ltr'>μίαν</span> 
     </span>
    </p>
   </div>
   <div class='ocr_carea' id='block_1_94' title="bbox 2205 3237 3796 3311">
    <p class='ocr_par' dir='ltr' id='par_1_94' title="bbox 2205 3237 3796 3311">
     <span class='ocr_line' id='line_1_94' title="bbox 2205 3237 3796 3311; baseline -0.001 -18"><span class='ocrx_word' id='word_1_629' title='bbox 2205 3241 2263 3293; x_wconf 81' lang='grc' dir='ltr'>ὲν</span> <span class='ocrx_word' id='word_1_630' title='bbox 2285 3244 2402 3304; x_wconf 87' lang='grc' dir='ltr'>ταῖς</span> <span class='ocrx_word' id='word_1_631' title='bbox 2428 3242 2576 3310; x_wconf 83' lang='grc' dir='ltr'>σφῶν</span> <span class='ocrx_word' id='word_1_632' title='bbox 2603 3241 2801 3311; x_wconf 78' lang='grc' dir='ltr'>ψυχαῖς</span> <span class='ocrx_word' id='word_1_633' title='bbox 2825 3241 3219 3310; x_wconf 84' lang='grc' dir='ltr'>περιφέροντας</span> <span class='ocrx_word' id='word_1_634' title='bbox 3245 3257 3259 3304; x_wconf 88' lang='grc'>;</span> <span class='ocrx_word' id='word_1_635' title='bbox 3303 3239 3410 3290; x_wconf 75' lang='grc' dir='ltr'>Πᾶν</span> <span class='ocrx_word' id='word_1_636' title='bbox 3441 3237 3495 3289; x_wconf 81' lang='grc' dir='ltr'>δὲ</span> <span class='ocrx_word' id='word_1_637' title='bbox 3527 3237 3796 3308; x_wconf 58' lang='grc' dir='ltr'>ἔμψυχον</span> 
     </span>
    </p>
   </div>
   <div class='ocr_carea' id='block_1_95' title="bbox 2205 3325 3793 3401">
    <p class='ocr_par' dir='ltr' id='par_1_95' title="bbox 2205 3325 3793 3401">
     <span class='ocr_line' id='line_1_95' title="bbox 2205 3325 3793 3401; baseline -0.003 -17"><span class='ocrx_word' id='word_1_638' title='bbox 2205 3331 2453 3401; x_wconf 86' lang='grc' dir='ltr'>χερσαῖόν</span> <span class='ocrx_word' id='word_1_639' title='bbox 2495 3348 2555 3384; x_wconf 83' lang='grc' dir='ltr'><strong>τε</strong></span> <span class='ocrx_word' id='word_1_640' title='bbox 2607 3332 2702 3384; x_wconf 72' lang='grc' dir='ltr'>καὶ</span> <span class='ocrx_word' id='word_1_641' title='bbox 2738 3331 2944 3384; x_wconf 81' lang='grc' dir='ltr'>ἐνάλιον</span> <span class='ocrx_word' id='word_1_642' title='bbox 2982 3331 3198 3392; x_wconf 84' lang='grc' dir='ltr'>πάντως</span> <span class='ocrx_word' id='word_1_643' title='bbox 3231 3330 3372 3380; x_wconf 74' lang='grc' dir='ltr'>ἔσται</span> <span class='ocrx_word' id='word_1_644' title='bbox 3411 3327 3499 3379; x_wconf 75' lang='grc' dir='ltr'>καὶ</span> <span class='ocrx_word' id='word_1_645' title='bbox 3523 3325 3793 3396; x_wconf 71' lang='grc' dir='ltr'>ἔναιμον.</span> 
     </span>
    </p>
   </div>
   <div class='ocr_carea' id='block_1_96' title="bbox 2205 3414 3792 3488">
    <p class='ocr_par' dir='ltr' id='par_1_96' title="bbox 2205 3414 3792 3488">
     <span class='ocr_line' id='line_1_96' title="bbox 2205 3414 3792 3488; baseline -0.003 -18"><span class='ocrx_word' id='word_1_646' title='bbox 2205 3418 2319 3470; x_wconf 81' lang='grc' dir='ltr'><strong>Οὐκ</strong></span> <span class='ocrx_word' id='word_1_647' title='bbox 2370 3416 2609 3488; x_wconf 72' lang='grc' dir='ltr'>ἔμψυχος</span> <span class='ocrx_word' id='word_1_648' title='bbox 2639 3418 2816 3472; x_wconf 84' lang='grc' dir='ltr'>τοίνυν</span> <span class='ocrx_word' id='word_1_649' title='bbox 2847 3421 2878 3488; x_wconf 81' lang='grc' dir='ltr'>ὴ</span> <span class='ocrx_word' id='word_1_650' title='bbox 2909 3419 3014 3488; x_wconf 82' lang='grc' dir='ltr'>γῆ,</span> <span class='ocrx_word' id='word_1_651' title='bbox 3057 3417 3178 3471; x_wconf 75' lang='grc' dir='ltr'>οὐδέ</span> <span class='ocrx_word' id='word_1_652' title='bbox 3225 3435 3277 3470; x_wconf 87' lang='grc' dir='ltr'><strong>τι</strong></span> <span class='ocrx_word' id='word_1_653' title='bbox 3321 3414 3424 3469; x_wconf 79' lang='grc' dir='ltr'>τῶν</span> <span class='ocrx_word' id='word_1_654' title='bbox 3474 3415 3697 3482; x_wconf 72' lang='grc' dir='ltr'>φυτῶν,</span> <span class='ocrx_word' id='word_1_655' title='bbox 3755 3417 3792 3488; x_wconf 67' lang='grc' dir='ltr'><strong>ἢ</strong></span> 
     </span>
    </p>
   </div>
   <div class='ocr_carea' id='block_1_97' title="bbox 2206 3508 3793 3582">
    <p class='ocr_par' dir='ltr' id='par_1_97' title="bbox 2206 3508 3793 3582">
     <span class='ocr_line' id='line_1_97' title="bbox 2206 3508 3793 3582; baseline -0.001 -19"><span class='ocrx_word' id='word_1_656' title='bbox 2206 3513 2526 3582; x_wconf 79' lang='grc' dir='ltr'>φωστὴρων.</span> <span class='ocrx_word' id='word_1_657' title='bbox 2583 3511 2804 3564; x_wconf 78' lang='grc' dir='ltr'>Οὐδέπω</span> <span class='ocrx_word' id='word_1_658' title='bbox 2851 3512 2958 3582; x_wconf 78' lang='grc' dir='ltr'><strong>γὰρ</strong></span> <span class='ocrx_word' id='word_1_659' title='bbox 2993 3511 3120 3582; x_wconf 78' lang='grc' dir='ltr'>περὶ</span> <span class='ocrx_word' id='word_1_660' title='bbox 3151 3510 3352 3563; x_wconf 74' lang='grc' dir='ltr'>τούτων</span> <span class='ocrx_word' id='word_1_661' title='bbox 3381 3510 3542 3578; x_wconf 71' lang='grc' dir='ltr'>φησὶν</span> <span class='ocrx_word' id='word_1_662' title='bbox 3583 3511 3616 3576; x_wconf 81' lang='grc' dir='ltr'>ἡ</span> <span class='ocrx_word' id='word_1_663' title='bbox 3660 3508 3793 3562; x_wconf 73' lang='grc' dir='ltr'>Θεία</span> 
     </span>
    </p>
   </div>
   <div class='ocr_carea' id='block_1_98' title="bbox 2205 3599 3794 3673">
    <p class='ocr_par' dir='ltr' id='par_1_98' title="bbox 2205 3599 3794 3673">
     <span class='ocr_line' id='line_1_98' title="bbox 2205 3599 3794 3673; baseline -0.002 -19"><span class='ocrx_word' id='word_1_664' title='bbox 2205 3602 2412 3672; x_wconf 80' lang='grc' dir='ltr'>Πυκτὴ,</span> <span class='ocrx_word' id='word_1_665' title='bbox 2463 3602 2544 3654; x_wconf 84' lang='grc' dir='ltr'>ὅτι</span> <span class='ocrx_word' id='word_1_666' title='bbox 2579 3603 2908 3673; x_wconf 77' lang='grc' dir='ltr'>ἐνεφύσησεν</span> <span class='ocrx_word' id='word_1_667' title='bbox 2941 3602 3122 3664; x_wconf 82' lang='grc' dir='ltr'>αὐτοῖς</span> <span class='ocrx_word' id='word_1_668' title='bbox 3155 3600 3322 3671; x_wconf 77' lang='grc' dir='ltr'>πνοὴν</span> <span class='ocrx_word' id='word_1_669' title='bbox 3352 3600 3492 3668; x_wconf 75' lang='grc' dir='ltr'>ζωῆς</span> <span class='ocrx_word' id='word_1_670' title='bbox 3527 3599 3794 3669; x_wconf 78' lang='grc' dir='ltr'>καθάπερ</span> 
     </span>
    </p>
   </div>
   <div class='ocr_carea' id='block_1_99' title="bbox 2204 3688 3791 3763">
    <p class='ocr_par' dir='ltr' id='par_1_99' title="bbox 2204 3688 3791 3763">
     <span class='ocr_line' id='line_1_99' title="bbox 2204 3688 3791 3763; baseline 0.001 -20"><span class='ocrx_word' id='word_1_671' title='bbox 2204 3693 2295 3744; x_wconf 76' lang='grc' dir='ltr'><strong>ἐπὶ</strong></span> <span class='ocrx_word' id='word_1_672' title='bbox 2335 3692 2429 3745; x_wconf 86' lang='grc' dir='ltr'><strong>τοῦ</strong></span> <span class='ocrx_word' id='word_1_673' title='bbox 2475 3693 2757 3761; x_wconf 80' lang='grc' dir='ltr'>ἀνθρώπου</span> <span class='ocrx_word' id='word_1_674' title='bbox 2805 3693 2985 3763; x_wconf 76' lang='grc' dir='ltr'>φησίν.</span> <span class='ocrx_word' id='word_1_675' title='bbox 3028 3694 3238 3761; x_wconf 72' lang='grc' dir='ltr'>Ἄπαγε</span> <span class='ocrx_word' id='word_1_676' title='bbox 3279 3688 3372 3744; x_wconf 83' lang='grc' dir='ltr'><strong>οῦν</strong></span> <span class='ocrx_word' id='word_1_677' title='bbox 3415 3691 3514 3759; x_wconf 73' lang='grc' dir='ltr'>τῆς</span> <span class='ocrx_word' id='word_1_678' title='bbox 3556 3690 3791 3744; x_wconf 82' lang='grc' dir='ltr'>ἐκείνων</span> 
     </span>
    </p>
   </div>
   <div class='ocr_carea' id='block_1_100' title="bbox 2205 3778 3791 3852">
    <p class='ocr_par' dir='ltr' id='par_1_100' title="bbox 2205 3778 3791 3852">
     <span class='ocr_line' id='line_1_100' title="bbox 2205 3778 3791 3852; baseline -0.001 -20"><span class='ocrx_word' id='word_1_679' title='bbox 2205 3781 2528 3850; x_wconf 82' lang='grc' dir='ltr'>παροινίας,</span> <span class='ocrx_word' id='word_1_680' title='bbox 2587 3783 2680 3835; x_wconf 72' lang='grc' dir='ltr'>καὶ</span> <span class='ocrx_word' id='word_1_681' title='bbox 2723 3783 3072 3852; x_wconf 84' lang='grc' dir='ltr'>φρενήτιδος,</span> <span class='ocrx_word' id='word_1_682' title='bbox 3123 3781 3278 3846; x_wconf 79' lang='grc' dir='ltr'>ἀξιῶ.</span> <span class='ocrx_word' id='word_1_683' title='bbox 3337 3782 3454 3833; x_wconf 79' lang='grc' dir='ltr'>Πᾶν</span> <span class='ocrx_word' id='word_1_684' title='bbox 3495 3781 3600 3850; x_wconf 79' lang='grc' dir='ltr'>γὰρ</span> <span class='ocrx_word' id='word_1_685' title='bbox 3639 3778 3791 3842; x_wconf 75' lang='grc' dir='ltr'>ζῶον</span> 
     </span>
    </p>
   </div>
   <div class='ocr_carea' id='block_1_101' title="bbox 2204 3870 3786 3942">
    <p class='ocr_par' dir='ltr' id='par_1_101' title="bbox 2204 3870 3786 3942">
     <span class='ocr_line' id='line_1_101' title="bbox 2204 3870 3786 3942; baseline 0 -20"><span class='ocrx_word' id='word_1_686' title='bbox 2204 3870 2380 3939; x_wconf 73' lang='grc' dir='ltr'>ἑαυτῷ</span> <span class='ocrx_word' id='word_1_687' title='bbox 2406 3871 2585 3939; x_wconf 82' lang='grc' dir='ltr'>ὅμοιον</span> <span class='ocrx_word' id='word_1_688' title='bbox 2614 3874 2806 3942; x_wconf 81' lang='grc' dir='ltr'>γεννᾷ,</span> <span class='ocrx_word' id='word_1_689' title='bbox 2861 3871 2985 3942; x_wconf 84' lang='grc' dir='ltr'>βοῦς</span> <span class='ocrx_word' id='word_1_690' title='bbox 3017 3872 3171 3942; x_wconf 80' lang='grc' dir='ltr'>βοῦν,</span> <span class='ocrx_word' id='word_1_691' title='bbox 3226 3872 3321 3926; x_wconf 70' lang='grc' dir='ltr'>καὶ</span> <span class='ocrx_word' id='word_1_692' title='bbox 3360 3872 3524 3931; x_wconf 83' lang='grc' dir='ltr'>ἵππος</span> <span class='ocrx_word' id='word_1_693' title='bbox 3552 3870 3786 3938; x_wconf 81' lang='grc' dir='ltr'>ὁμοίως,</span> 
     </span>
    </p>
   </div>
   <div class='ocr_carea' id='block_1_102' title="bbox 2203 3962 3790 4035">
    <p class='ocr_par' dir='ltr' id='par_1_102' title="bbox 2203 3962 3790 4035">
     <span class='ocr_line' id='line_1_102' title="bbox 2203 3962 3790 4035; baseline 0.001 -22"><span class='ocrx_word' id='word_1_694' title='bbox 2203 3963 2296 4015; x_wconf 75' lang='grc' dir='ltr'>καὶ</span> <span class='ocrx_word' id='word_1_695' title='bbox 2333 3962 2533 4033; x_wconf 85' lang='grc' dir='ltr'>δορκὰς</span> <span class='ocrx_word' id='word_1_696' title='bbox 2576 3965 2667 4017; x_wconf 78' lang='grc' dir='ltr'>καὶ</span> <span class='ocrx_word' id='word_1_697' title='bbox 2717 3965 2896 4034; x_wconf 85' lang='grc' dir='ltr'>τίγρις</span> <span class='ocrx_word' id='word_1_698' title='bbox 2929 3966 3021 4016; x_wconf 68' lang='grc' dir='ltr'><strong>καὶ</strong></span> <span class='ocrx_word' id='word_1_699' title='bbox 3069 3966 3135 4018; x_wconf 85' lang='grc' dir='ltr'>τὰ</span> <span class='ocrx_word' id='word_1_700' title='bbox 3167 3965 3444 4035; x_wconf 76' lang='grc' dir='ltr'>ἀχθοφόρα</span> <span class='ocrx_word' id='word_1_701' title='bbox 3490 3963 3597 4015; x_wconf 82' lang='grc' dir='ltr'><strong>τῶν</strong></span> <span class='ocrx_word' id='word_1_702' title='bbox 3650 3964 3790 4015; x_wconf 79' lang='grc' dir='ltr'>ὐπο-</span> 
     </span>
    </p>
   </div>
   <div class='ocr_carea' id='block_1_103' title="bbox 2203 4051 3789 4126">
    <p class='ocr_par' dir='ltr' id='par_1_103' title="bbox 2203 4051 3789 4126">
     <span class='ocr_line' id='line_1_103' title="bbox 2203 4051 3789 4126; baseline 0.003 -23"><span class='ocrx_word' id='word_1_703' title='bbox 2203 4051 2437 4120; x_wconf 76' lang='grc' dir='ltr'>ζυγίων,</span> <span class='ocrx_word' id='word_1_704' title='bbox 2487 4056 2578 4107; x_wconf 70' lang='grc' dir='ltr'>καὶ</span> <span class='ocrx_word' id='word_1_705' title='bbox 2634 4056 2898 4126; x_wconf 79' lang='grc' dir='ltr'>αἱμοὸόρα</span> <span class='ocrx_word' id='word_1_706' title='bbox 2944 4056 3053 4107; x_wconf 81' lang='grc' dir='ltr'>τῶν</span> <span class='ocrx_word' id='word_1_707' title='bbox 3104 4056 3342 4126; x_wconf 81' lang='grc' dir='ltr'>Θηρίων,</span> <span class='ocrx_word' id='word_1_708' title='bbox 3399 4056 3630 4107; x_wconf 75' lang='grc' dir='ltr'>ἕκαστον</span> <span class='ocrx_word' id='word_1_709' title='bbox 3675 4055 3789 4123; x_wconf 69' lang='grc' dir='ltr'>τῆς</span> 
     </span>
    </p>
   </div>
   <div class='ocr_carea' id='block_1_104' title="bbox 2201 4143 3788 4215">
    <p class='ocr_par' dir='ltr' id='par_1_104' title="bbox 2201 4143 3788 4215">
     <span class='ocr_line' id='line_1_104' title="bbox 2201 4143 3788 4215; baseline 0.002 -21"><span class='ocrx_word' id='word_1_710' title='bbox 2201 4143 2404 4206; x_wconf 77' lang='grc' dir='ltr'>οἰκείας</span> <span class='ocrx_word' id='word_1_711' title='bbox 2443 4145 2654 4213; x_wconf 82' lang='grc' dir='ltr'>φύσεως</span> <span class='ocrx_word' id='word_1_712' title='bbox 2689 4146 2782 4198; x_wconf 78' lang='grc' dir='ltr'>καὶ</span> <span class='ocrx_word' id='word_1_713' title='bbox 2809 4145 2975 4215; x_wconf 86' lang='grc' dir='ltr'>μόνης</span> <span class='ocrx_word' id='word_1_714' title='bbox 3018 4146 3244 4215; x_wconf 77' lang='grc' dir='ltr'>ὑπάρχει</span> <span class='ocrx_word' id='word_1_715' title='bbox 3282 4145 3618 4214; x_wconf 80' lang='grc' dir='ltr'>γεννητικόν.</span> <span class='ocrx_word' id='word_1_716' title='bbox 3651 4146 3788 4209; x_wconf 77' lang='grc' dir='ltr'><strong>Πῶς</strong></span> 
     </span>
    </p>
   </div>
   <div class='ocr_carea' id='block_1_105' title="bbox 2202 4229 3787 4306">
    <p class='ocr_par' dir='ltr' id='par_1_105' title="bbox 2202 4229 3787 4306">
     <span class='ocr_line' id='line_1_105' title="bbox 2202 4229 3787 4306; baseline 0.001 -20"><span class='ocrx_word' id='word_1_717' title='bbox 2202 4229 2294 4286; x_wconf 74' lang='grc' dir='ltr'>οὖν</span> <span class='ocrx_word' id='word_1_718' title='bbox 2313 4237 2345 4303; x_wconf 82' lang='grc' dir='ltr'><strong>ἡ</strong></span> <span class='ocrx_word' id='word_1_719' title='bbox 2371 4235 2560 4306; x_wconf 87' lang='grc' dir='ltr'>χέρσος</span> <span class='ocrx_word' id='word_1_720' title='bbox 2597 4237 2682 4288; x_wconf 78' lang='grc' dir='ltr'>οἶα</span> <span class='ocrx_word' id='word_1_721' title='bbox 2710 4254 2768 4288; x_wconf 88' lang='grc' dir='ltr'><strong>τε</strong></span> <span class='ocrx_word' id='word_1_722' title='bbox 2792 4232 2859 4306; x_wconf 82' lang='grc' dir='ltr'>ἦν</span> <span class='ocrx_word' id='word_1_723' title='bbox 2885 4239 3012 4306; x_wconf 74' lang='grc' dir='ltr'>μιᾶς</span> <span class='ocrx_word' id='word_1_724' title='bbox 3047 4235 3361 4306; x_wconf 69' lang='grc' dir='ltr'>ὑπάρχοντα</span> <span class='ocrx_word' id='word_1_725' title='bbox 3396 4235 3609 4304; x_wconf 76' lang='grc' dir='ltr'>φύσεως</span> <span class='ocrx_word' id='word_1_726' title='bbox 3629 4277 3643 4298; x_wconf 92' lang='grc'><strong>,</strong></span> <span class='ocrx_word' id='word_1_727' title='bbox 3692 4253 3787 4287; x_wconf 78' lang='grc' dir='ltr'>το-</span> 
     </span>
    </p>
   </div>
   <div class='ocr_carea' id='block_1_106' title="bbox 2203 4327 3783 4397">
    <p class='ocr_par' dir='ltr' id='par_1_106' title="bbox 2203 4327 3783 4397">
     <span class='ocr_line' id='line_1_106' title="bbox 2203 4327 3783 4397; baseline 0 -19"><span class='ocrx_word' id='word_1_728' title='bbox 2203 4327 2405 4388; x_wconf 76' lang='grc' dir='ltr'>σαύτας</span> <span class='ocrx_word' id='word_1_729' title='bbox 2464 4329 2830 4397; x_wconf 76' lang='grc' dir='ltr'>ἀπογεννῆσαι</span> <span class='ocrx_word' id='word_1_730' title='bbox 2880 4329 3090 4397; x_wconf 69' lang='grc' dir='ltr'>ψυχὰς,</span> <span class='ocrx_word' id='word_1_731' title='bbox 3148 4328 3448 4396; x_wconf 74' lang='grc' dir='ltr'>ἀλλογενῶν</span> <span class='ocrx_word' id='word_1_732' title='bbox 3499 4329 3591 4380; x_wconf 78' lang='grc' dir='ltr'>καὶ</span> <span class='ocrx_word' id='word_1_733' title='bbox 3647 4328 3783 4378; x_wconf 80' lang='grc' dir='ltr'>ἀνο-</span> 
     </span>
    </p>
   </div>
   <div class='ocr_carea' id='block_1_107' title="bbox 2205 4416 3786 4490">
    <p class='ocr_par' dir='ltr' id='par_1_107' title="bbox 2205 4416 3786 4490">
     <span class='ocr_line' id='line_1_107' title="bbox 2205 4416 3786 4490; baseline 0.001 -22"><span class='ocrx_word' id='word_1_734' title='bbox 2205 4417 2369 4486; x_wconf 91' lang='grc' dir='ltr'>μοίων</span> <span class='ocrx_word' id='word_1_735' title='bbox 2392 4416 2562 4482; x_wconf 82' lang='grc' dir='ltr'>ζώων,</span> <span class='ocrx_word' id='word_1_736' title='bbox 2597 4419 2642 4471; x_wconf 90' lang='grc' dir='ltr'><strong>εἰ</strong></span> <span class='ocrx_word' id='word_1_737' title='bbox 2675 4419 2748 4489; x_wconf 85' lang='grc' dir='ltr'>μὴ</span> <span class='ocrx_word' id='word_1_738' title='bbox 2781 4418 2857 4488; x_wconf 85' lang='grc' dir='ltr'>τῷ</span> <span class='ocrx_word' id='word_1_739' title='bbox 2899 4419 3026 4489; x_wconf 82' lang='grc' dir='ltr'>Θείῳ</span> <span class='ocrx_word' id='word_1_740' title='bbox 3057 4420 3438 4490; x_wconf 83' lang='grc' dir='ltr'>προστάγματι</span> <span class='ocrx_word' id='word_1_741' title='bbox 3465 4418 3786 4489; x_wconf 58' lang='grc' dir='ltr'>ὲμψυχοῦτο</span> 
     </span>
    </p>
   </div>
   <div class='ocr_carea' id='block_1_108' title="bbox 2199 4507 3786 4580">
    <p class='ocr_par' dir='ltr' id='par_1_108' title="bbox 2199 4507 3786 4580">
     <span class='ocr_line' id='line_1_108' title="bbox 2199 4507 3786 4580; baseline 0.001 -21"><span class='ocrx_word' id='word_1_742' title='bbox 2199 4507 2266 4560; x_wconf 76' lang='grc' dir='ltr'><strong>τά</strong></span> <span class='ocrx_word' id='word_1_743' title='bbox 2305 4508 2744 4580; x_wconf 74' lang='grc' dir='ltr'>ἐκϐραττόμενας</span> <span class='ocrx_word' id='word_1_744' title='bbox 2798 4511 2914 4572; x_wconf 79' lang='grc' dir='ltr'><strong>πῶς</strong></span> <span class='ocrx_word' id='word_1_745' title='bbox 2959 4511 3013 4562; x_wconf 81' lang='grc' dir='ltr'>δὲ</span> <span class='ocrx_word' id='word_1_746' title='bbox 3043 4512 3135 4563; x_wconf 70' lang='grc' dir='ltr'>καὶ</span> <span class='ocrx_word' id='word_1_747' title='bbox 3173 4511 3242 4562; x_wconf 78' lang='grc' dir='ltr'><strong>τὰ</strong></span> <span class='ocrx_word' id='word_1_748' title='bbox 3294 4510 3460 4563; x_wconf 78' lang='grc' dir='ltr'>ὕδατα</span> <span class='ocrx_word' id='word_1_749' title='bbox 3497 4511 3574 4579; x_wconf 82' lang='grc' dir='ltr'>τῷ</span> <span class='ocrx_word' id='word_1_750' title='bbox 3620 4510 3786 4579; x_wconf 70' lang='grc' dir='ltr'>αὐτῷ</span> 
     </span>
    </p>
   </div>
   <div class='ocr_carea' id='block_1_109' title="bbox 2200 4597 3782 4670">
    <p class='ocr_par' dir='ltr' id='par_1_109' title="bbox 2200 4597 3782 4670">
     <span class='ocr_line' id='line_1_109' title="bbox 2200 4597 3782 4670; baseline 0.003 -23"><span class='ocrx_word' id='word_1_751' title='bbox 2200 4597 2491 4651; x_wconf 80' lang='grc' dir='ltr'>ὑπείκοντα</span> <span class='ocrx_word' id='word_1_752' title='bbox 2516 4599 2865 4669; x_wconf 78' lang='grc' dir='ltr'>Θεσπίσματι,</span> <span class='ocrx_word' id='word_1_753' title='bbox 2901 4603 3027 4670; x_wconf 77' lang='grc' dir='ltr'>μιᾶς</span> <span class='ocrx_word' id='word_1_754' title='bbox 3055 4601 3366 4670; x_wconf 80' lang='grc' dir='ltr'>ὑπάρχοντα</span> <span class='ocrx_word' id='word_1_755' title='bbox 3399 4601 3630 4666; x_wconf 77' lang='grc' dir='ltr'>φύσεως,</span> <span class='ocrx_word' id='word_1_756' title='bbox 3665 4616 3782 4668; x_wconf 62' lang='grc' dir='ltr'>μαι</span> 
     </span>
    </p>
   </div>
   <div class='ocr_carea' id='block_1_110' title="bbox 2197 4687 3778 4764">
    <p class='ocr_par' dir='ltr' id='par_1_110' title="bbox 2197 4687 3778 4764">
     <span class='ocr_line' id='line_1_110' title="bbox 2197 4687 3778 4764; baseline 0.008 -24"><span class='ocrx_word' id='word_1_757' title='bbox 2197 4687 2369 4760; x_wconf 85' lang='grc' dir='ltr'>λακῆς</span> <span class='ocrx_word' id='word_1_758' title='bbox 2397 4707 2455 4742; x_wconf 85' lang='grc' dir='ltr'><strong>τε</strong></span> <span class='ocrx_word' id='word_1_759' title='bbox 2485 4692 2578 4744; x_wconf 72' lang='grc' dir='ltr'>καὶ</span> <span class='ocrx_word' id='word_1_760' title='bbox 2619 4693 2804 4762; x_wconf 79' lang='grc' dir='ltr'>ρυτῆς,</span> <span class='ocrx_word' id='word_1_761' title='bbox 2851 4693 3014 4764; x_wconf 83' lang='grc' dir='ltr'>μυρία</span> <span class='ocrx_word' id='word_1_762' title='bbox 3045 4692 3178 4760; x_wconf 87' lang='grc' dir='ltr'>γένη</span> <span class='ocrx_word' id='word_1_763' title='bbox 3222 4691 3449 4744; x_wconf 80' lang='grc' dir='ltr'>πλωτῶν</span> <span class='ocrx_word' id='word_1_764' title='bbox 3491 4690 3778 4760; x_wconf 62' lang='grc' dir='ltr'><strong>ἐμψύχειν-ν.</strong></span> 
     </span>
    </p>
   </div>
   <div class='ocr_carea' id='block_1_111' title="bbox 2198 4778 3782 4852">
    <p class='ocr_par' dir='ltr' id='par_1_111' title="bbox 2198 4778 3782 4852">
     <span class='ocr_line' id='line_1_111' title="bbox 2198 4778 3782 4852; baseline 0.001 -23"><span class='ocrx_word' id='word_1_765' title='bbox 2198 4778 2380 4847; x_wconf 83' lang='grc' dir='ltr'>κητῶν</span> <span class='ocrx_word' id='word_1_766' title='bbox 2413 4796 2473 4831; x_wconf 90' lang='grc' dir='ltr'><strong>τε</strong></span> <span class='ocrx_word' id='word_1_767' title='bbox 2514 4781 2612 4832; x_wconf 72' lang='grc' dir='ltr'><strong>καὶ</strong></span> <span class='ocrx_word' id='word_1_768' title='bbox 2642 4780 2901 4851; x_wconf 85' lang='grc' dir='ltr'>σελαχῶν,</span> <span class='ocrx_word' id='word_1_769' title='bbox 2934 4782 2992 4834; x_wconf 81' lang='grc' dir='ltr'>ἐν</span> <span class='ocrx_word' id='word_1_770' title='bbox 3046 4783 3146 4851; x_wconf 84' lang='grc' dir='ltr'><strong>μιᾷ</strong></span> <span class='ocrx_word' id='word_1_771' title='bbox 3169 4780 3362 4852; x_wconf 79' lang='grc' dir='ltr'>καιροῦ</span> <span class='ocrx_word' id='word_1_772' title='bbox 3392 4783 3530 4852; x_wconf 74' lang='grc' dir='ltr'>ῥοπῇ</span> <span class='ocrx_word' id='word_1_773' title='bbox 3569 4781 3782 4848; x_wconf 72' lang='grc' dir='ltr'>ὁμοίως</span> 
     </span>
    </p>
   </div>
   <div class='ocr_carea' id='block_1_112' title="bbox 2197 4871 3779 4944">
    <p class='ocr_par' dir='ltr' id='par_1_112' title="bbox 2197 4871 3779 4944">
     <span class='ocr_line' id='line_1_112' title="bbox 2197 4871 3779 4944; baseline 0.001 -21"><span class='ocrx_word' id='word_1_774' title='bbox 2197 4875 2262 4942; x_wconf 79' lang='grc' dir='ltr'>τῇ</span> <span class='ocrx_word' id='word_1_775' title='bbox 2295 4875 2365 4943; x_wconf 81' lang='grc' dir='ltr'><strong>γῇ</strong></span> <span class='ocrx_word' id='word_1_776' title='bbox 2413 4872 2783 4944; x_wconf 76' lang='grc' dir='ltr'>ἐξωμόρξατος</span> <span class='ocrx_word' id='word_1_777' title='bbox 2829 4875 2864 4944; x_wconf 76' lang='grc' dir='ltr'><strong>ἡ</strong></span> <span class='ocrx_word' id='word_1_778' title='bbox 2899 4873 3113 4943; x_wconf 83' lang='grc' dir='ltr'>μαλακή</span> <span class='ocrx_word' id='word_1_779' title='bbox 3148 4890 3206 4924; x_wconf 87' lang='grc' dir='ltr'><strong>τε</strong></span> <span class='ocrx_word' id='word_1_780' title='bbox 3256 4873 3349 4926; x_wconf 71' lang='grc' dir='ltr'>καὶ</span> <span class='ocrx_word' id='word_1_781' title='bbox 3385 4871 3518 4941; x_wconf 79' lang='grc' dir='ltr'>ρυτὴ</span> <span class='ocrx_word' id='word_1_782' title='bbox 3544 4873 3779 4941; x_wconf 69' lang='grc' dir='ltr'>σώματα</span> 
     </span>
    </p>
   </div>
   <div class='ocr_carea' id='block_1_113' title="bbox 2197 4962 3778 5033">
    <p class='ocr_par' dir='ltr' id='par_1_113' title="bbox 2197 4962 3778 5033">
     <span class='ocr_line' id='line_1_113' title="bbox 2197 4962 3778 5033; baseline -0.001 -21"><span class='ocrx_word' id='word_1_783' title='bbox 2197 4962 2590 5031; x_wconf 77' lang='grc' dir='ltr'>ἐμψυχωμένα,</span> <span class='ocrx_word' id='word_1_784' title='bbox 2625 4963 2828 5033; x_wconf 78' lang='grc' dir='ltr'>στερῤά</span> <span class='ocrx_word' id='word_1_785' title='bbox 2856 4980 2914 5014; x_wconf 85' lang='grc' dir='ltr'><strong>τε</strong></span> <span class='ocrx_word' id='word_1_786' title='bbox 2941 4962 3035 5015; x_wconf 56' lang='grc' dir='ltr'><strong>καὶ⁵</strong></span> <span class='ocrx_word' id='word_1_787' title='bbox 3070 4962 3320 5032; x_wconf 77' lang='grc' dir='ltr'>πετρώδη</span> <span class='ocrx_word' id='word_1_788' title='bbox 3345 4962 3680 5030; x_wconf 56' lang='grc' dir='ltr'>ἐννηχόμενον.</span> <span class='ocrx_word' id='word_1_789' title='bbox 3705 4965 3778 5031; x_wconf 75' lang='grc' dir='ltr'>τῇ</span> 
     </span>
    </p>
   </div>
   <div class='ocr_carea' id='block_1_114' title="bbox 2197 5051 3781 5124">
    <p class='ocr_par' dir='ltr' id='par_1_114' title="bbox 2197 5051 3781 5124">
     <span class='ocr_line' id='line_1_114' title="bbox 2197 5051 3781 5124; baseline 0 -20"><span class='ocrx_word' id='word_1_790' title='bbox 2197 5052 2417 5122; x_wconf 74' lang='grc' dir='ltr'><strong>ἀϐύσσῳ</strong></span> <span class='ocrx_word' id='word_1_791' title='bbox 2436 5094 2449 5118; x_wconf 86' lang='grc'><strong>,</strong></span> <span class='ocrx_word' id='word_1_792' title='bbox 2494 5053 2642 5124; x_wconf 72' lang='grc' dir='ltr'>ὄρεσι</span> <span class='ocrx_word' id='word_1_793' title='bbox 2672 5053 2750 5124; x_wconf 84' lang='grc' dir='ltr'>τῷ</span> <span class='ocrx_word' id='word_1_794' title='bbox 2780 5053 2998 5124; x_wconf 85' lang='grc' dir='ltr'>μεγέθει</span> <span class='ocrx_word' id='word_1_795' title='bbox 3043 5051 3442 5123; x_wconf 76' lang='grc' dir='ltr'>παρισούμενα,</span> <span class='ocrx_word' id='word_1_796' title='bbox 3469 5052 3646 5120; x_wconf 85' lang='grc' dir='ltr'>φῶκαι</span> <span class='ocrx_word' id='word_1_797' title='bbox 3675 5052 3781 5104; x_wconf 72' lang='grc' dir='ltr'>καὶ</span> 
     </span>
    </p>
   </div>
   <div class='ocr_carea' id='block_1_115' title="bbox 2197 5141 3779 5216">
    <p class='ocr_par' dir='ltr' id='par_1_115' title="bbox 2197 5141 3779 5216">
     <span class='ocr_line' id='line_1_115' title="bbox 2197 5141 3779 5216; baseline -0.003 -19"><span class='ocrx_word' id='word_1_798' title='bbox 2197 5143 2471 5211; x_wconf 86' lang='grc' dir='ltr'>φάλαιναι,</span> <span class='ocrx_word' id='word_1_799' title='bbox 2497 5144 2715 5214; x_wconf 86' lang='grc' dir='ltr'>πρίονες</span> <span class='ocrx_word' id='word_1_800' title='bbox 2740 5145 2834 5198; x_wconf 75' lang='grc' dir='ltr'>καὶ</span> <span class='ocrx_word' id='word_1_801' title='bbox 2861 5145 3073 5216; x_wconf 83' lang='grc' dir='ltr'>γαῦροι,</span> <span class='ocrx_word' id='word_1_802' title='bbox 3108 5143 3203 5196; x_wconf 74' lang='grc' dir='ltr'>καὶ</span> <span class='ocrx_word' id='word_1_803' title='bbox 3229 5143 3298 5196; x_wconf 79' lang='grc' dir='ltr'><strong>τά</strong></span> <span class='ocrx_word' id='word_1_804' title='bbox 3327 5142 3492 5195; x_wconf 84' lang='grc' dir='ltr'>λοιπὰ</span> <span class='ocrx_word' id='word_1_805' title='bbox 3525 5141 3779 5210; x_wconf 72' lang='grc' dir='ltr'>φρικώδη</span> 
     </span>
    </p>
   </div>
   <div class='ocr_carea' id='block_1_116' title="bbox 2195 5231 3781 5304">
    <p class='ocr_par' dir='ltr' id='par_1_116' title="bbox 2195 5231 3781 5304">
     <span class='ocr_line' id='line_1_116' title="bbox 2195 5231 3781 5304; baseline 0.001 -20"><span class='ocrx_word' id='word_1_806' title='bbox 2195 5234 2260 5302; x_wconf 83' lang='grc' dir='ltr'>τῇ</span> <span class='ocrx_word' id='word_1_807' title='bbox 2300 5231 2488 5303; x_wconf 80' lang='grc' dir='ltr'>κλήσει</span> <span class='ocrx_word' id='word_1_808' title='bbox 2519 5235 2612 5286; x_wconf 68' lang='grc' dir='ltr'>καὶ</span> <span class='ocrx_word' id='word_1_809' title='bbox 2643 5234 2763 5304; x_wconf 74' lang='grc' dir='ltr'>ὄψει</span> <span class='ocrx_word' id='word_1_810' title='bbox 2809 5235 3042 5304; x_wconf 77' lang='grc' dir='ltr'>ὲμδύθια</span> <span class='ocrx_word' id='word_1_811' title='bbox 3073 5233 3206 5300; x_wconf 83' lang='grc' dir='ltr'>ζῶα,</span> <span class='ocrx_word' id='word_1_812' title='bbox 3236 5234 3380 5304; x_wconf 79' lang='grc' dir='ltr'>ἅπερ</span> <span class='ocrx_word' id='word_1_813' title='bbox 3408 5235 3470 5286; x_wconf 84' lang='grc' dir='ltr'>οὐ</span> <span class='ocrx_word' id='word_1_814' title='bbox 3510 5232 3605 5287; x_wconf 83' lang='grc' dir='ltr'><strong>τοῦ</strong></span> <span class='ocrx_word' id='word_1_815' title='bbox 3639 5251 3781 5303; x_wconf 82' lang='grc' dir='ltr'>παρ-</span> 
     </span>
    </p>
   </div>
   <div class='ocr_carea' id='block_1_117' title="bbox 2195 5320 3778 5396">
    <p class='ocr_par' dir='ltr' id='par_1_117' title="bbox 2195 5320 3778 5396">
     <span class='ocr_line' id='line_1_117' title="bbox 2195 5320 3778 5396; baseline 0.001 -22"><span class='ocrx_word' id='word_1_816' title='bbox 2195 5322 2347 5386; x_wconf 84' lang='grc' dir='ltr'>όντος</span> <span class='ocrx_word' id='word_1_817' title='bbox 2373 5324 2564 5393; x_wconf 88' lang='grc' dir='ltr'>καιροῦ</span> <span class='ocrx_word' id='word_1_818' title='bbox 2598 5325 3019 5396; x_wconf 81' lang='grc' dir='ltr'>ἁνερμηνεύειν;</span> <span class='ocrx_word' id='word_1_819' title='bbox 3052 5324 3177 5388; x_wconf 88' lang='grc' dir='ltr'>Πῶς</span> <span class='ocrx_word' id='word_1_820' title='bbox 3207 5320 3320 5385; x_wconf 80' lang='grc' dir='ltr'>οὖν,</span> <span class='ocrx_word' id='word_1_821' title='bbox 3345 5325 3507 5395; x_wconf 79' lang='grc' dir='ltr'>εἴπερ</span> <span class='ocrx_word' id='word_1_822' title='bbox 3542 5324 3641 5393; x_wconf 84' lang='grc' dir='ltr'><strong>μία</strong></span> <span class='ocrx_word' id='word_1_823' title='bbox 3669 5325 3778 5392; x_wconf 78' lang='grc' dir='ltr'>φῦ-</span> 
     </span>
    </p>
   </div>
   <div class='ocr_carea' id='block_1_118' title="bbox 2197 5415 3779 5490">
    <p class='ocr_par' dir='ltr' id='par_1_118' title="bbox 2197 5415 3779 5490">
     <span class='ocr_line' id='line_1_118' title="bbox 2197 5415 3779 5490; baseline 0.001 -24"><span class='ocrx_word' id='word_1_824' title='bbox 2197 5432 2278 5478; x_wconf 88' lang='grc' dir='ltr'><strong>σις</strong></span> <span class='ocrx_word' id='word_1_825' title='bbox 2301 5415 2540 5486; x_wconf 71' lang='grc' dir='ltr'>ἔμψυχος</span> <span class='ocrx_word' id='word_1_826' title='bbox 2561 5417 2622 5470; x_wconf 85' lang='grc' dir='ltr'>τὸ</span> <span class='ocrx_word' id='word_1_827' title='bbox 2653 5416 2818 5488; x_wconf 78' lang='grc' dir='ltr'>ὕδωρ,</span> <span class='ocrx_word' id='word_1_828' title='bbox 2890 5418 3230 5490; x_wconf 76' lang='grc' dir='ltr'>ἀναρίθμητα</span> <span class='ocrx_word' id='word_1_829' title='bbox 3260 5417 3530 5488; x_wconf 75' lang='grc' dir='ltr'>ἐξέῥρωσε</span> <span class='ocrx_word' id='word_1_830' title='bbox 3553 5418 3665 5485; x_wconf 74' lang='lat'><strong>(55)</strong></span> <span class='ocrx_word' id='word_1_831' title='bbox 3692 5418 3779 5483; x_wconf 80' lang='grc' dir='ltr'>γέ-</span> 
     </span>
    </p>
   </div>
   <div class='ocr_carea' id='block_1_119' title="bbox 2194 5505 3775 5578">
    <p class='ocr_par' dir='ltr' id='par_1_119' title="bbox 2194 5505 3775 5578">
     <span class='ocr_line' id='line_1_119' title="bbox 2194 5505 3775 5578; baseline 0 -21"><span class='ocrx_word' id='word_1_832' title='bbox 2194 5522 2258 5575; x_wconf 90' lang='grc' dir='ltr'><strong>νη</strong></span> <span class='ocrx_word' id='word_1_833' title='bbox 2282 5505 2506 5560; x_wconf 80' lang='grc' dir='ltr'>πλωτῶν</span> <span class='ocrx_word' id='word_1_834' title='bbox 2551 5525 2609 5560; x_wconf 86' lang='grc' dir='ltr'><strong>τε</strong></span> <span class='ocrx_word' id='word_1_835' title='bbox 2659 5507 2753 5561; x_wconf 79' lang='grc' dir='ltr'>καὶ</span> <span class='ocrx_word' id='word_1_836' title='bbox 2796 5508 3014 5576; x_wconf 82' lang='grc' dir='ltr'>πτηνῶν</span> <span class='ocrx_word' id='word_1_837' title='bbox 3046 5508 3344 5578; x_wconf 81' lang='grc' dir='ltr'>έτεροφυῆ,</span> <span class='ocrx_word' id='word_1_838' title='bbox 3399 5507 3492 5558; x_wconf 76' lang='grc' dir='ltr'>καὶ</span> <span class='ocrx_word' id='word_1_839' title='bbox 3521 5506 3775 5576; x_wconf 61' lang='grc' dir='ltr'>ἑτερόδια</span> 
     </span>
    </p>
   </div>
   <div class='ocr_carea' id='block_1_120' title="bbox 2197 5597 3780 5670">
    <p class='ocr_par' dir='ltr' id='par_1_120' title="bbox 2197 5597 3780 5670">
     <span class='ocr_line' id='line_1_120' title="bbox 2197 5597 3780 5670; baseline 0.001 -19"><span class='ocrx_word' id='word_1_840' title='bbox 2197 5597 2288 5651; x_wconf 69' lang='grc' dir='ltr'><strong>καὶ</strong></span> <span class='ocrx_word' id='word_1_841' title='bbox 2315 5599 2574 5670; x_wconf 78' lang='grc' dir='ltr'>ἀμφίϐια,</span> <span class='ocrx_word' id='word_1_842' title='bbox 2599 5599 2693 5655; x_wconf 89' lang='grc' dir='ltr'><strong>νῦν</strong></span> <span class='ocrx_word' id='word_1_843' title='bbox 2731 5599 2829 5670; x_wconf 82' lang='grc' dir='ltr'>μὲν</span> <span class='ocrx_word' id='word_1_844' title='bbox 2853 5598 2946 5652; x_wconf 69' lang='grc' dir='ltr'><strong>ἐπὶ</strong></span> <span class='ocrx_word' id='word_1_845' title='bbox 2975 5599 3074 5668; x_wconf 78' lang='grc' dir='ltr'><strong>τῆς</strong></span> <span class='ocrx_word' id='word_1_846' title='bbox 3100 5599 3320 5669; x_wconf 81' lang='grc' dir='ltr'>χέρσου,</span> <span class='ocrx_word' id='word_1_847' title='bbox 3347 5597 3445 5652; x_wconf 87' lang='grc' dir='ltr'><strong>νῦν</strong></span> <span class='ocrx_word' id='word_1_848' title='bbox 3478 5597 3536 5651; x_wconf 86' lang='grc' dir='ltr'>δὲ</span> <span class='ocrx_word' id='word_1_849' title='bbox 3567 5599 3630 5652; x_wconf 79' lang='grc' dir='ltr'>ἐν</span> <span class='ocrx_word' id='word_1_850' title='bbox 3658 5600 3780 5661; x_wconf 73' lang='grc' dir='ltr'>τοὶς</span> 
     </span>
    </p>
   </div>
  </div>
