  <div class='ocr_page' id='page_1' title='image "/cluster/home/n/w/nwhite01/storage/ocr_20150623/38/hvd.32044069550002/492.png"; bbox 0 0 3996 6202; ppageno 0'>
   <div class='ocr_carea' id='block_1_1' title="bbox 220 246 328 305">
    <p class='ocr_par' dir='ltr' id='par_1_1' title="bbox 220 246 328 305">
     <span class='ocr_line' id='line_1_1' title="bbox 220 246 328 305; baseline 0.019 -2"><span class='ocrx_word' id='word_1_1' title='bbox 220 246 328 305; x_wconf 71' lang='lat'><strong>969</strong></span> 
     </span>
    </p>
   </div>
   <div class='ocr_carea' id='block_1_2' title="bbox 218 339 1803 431">
    <p class='ocr_par' dir='ltr' id='par_1_2' title="bbox 218 339 1803 431">
     <span class='ocr_line' id='line_1_2' title="bbox 218 339 1803 431; baseline 0 -20"><span class='ocrx_word' id='word_1_2' title='bbox 218 357 380 413; x_wconf 71' lang='grc' dir='ltr'>ὕδασι</span> <span class='ocrx_word' id='word_1_3' title='bbox 423 339 784 430; x_wconf 83' lang='grc' dir='ltr'>διαιτώμενα,</span> <span class='ocrx_word' id='word_1_4' title='bbox 816 360 866 413; x_wconf 89' lang='grc' dir='ltr'><strong>οί</strong></span> <span class='ocrx_word' id='word_1_5' title='bbox 900 358 1129 431; x_wconf 80' lang='grc' dir='ltr'><strong>Νειλῷοι</strong></span> <span class='ocrx_word' id='word_1_6' title='bbox 1169 362 1268 431; x_wconf 77' lang='grc' dir='ltr'>τῆς</span> <span class='ocrx_word' id='word_1_7' title='bbox 1295 357 1572 428; x_wconf 70' lang='grc' dir='ltr'>Αἰγύπτου</span> <span class='ocrx_word' id='word_1_8' title='bbox 1607 359 1803 429; x_wconf 81' lang='grc' dir='ltr'>κροκό-</span> 
     </span>
    </p>
   </div>
   <div class='ocr_carea' id='block_1_3' title="bbox 216 449 1803 524">
    <p class='ocr_par' dir='ltr' id='par_1_3' title="bbox 216 449 1803 524">
     <span class='ocr_line' id='line_1_3' title="bbox 216 449 1803 524; baseline -0.001 -18"><span class='ocrx_word' id='word_1_9' title='bbox 216 449 408 516; x_wconf 75' lang='grc' dir='ltr'>δειλοι,</span> <span class='ocrx_word' id='word_1_10' title='bbox 432 452 483 504; x_wconf 79' lang='lat' dir='ltr'><strong>oi</strong></span> <span class='ocrx_word' id='word_1_11' title='bbox 508 452 753 523; x_wconf 76' lang='grc' dir='ltr'><strong>ἑσπέριοι</strong></span> <span class='ocrx_word' id='word_1_12' title='bbox 773 453 1075 509; x_wconf 68' lang='grc' dir='ltr'>Φυσωνῖται</span> <span class='ocrx_word' id='word_1_13' title='bbox 1108 452 1498 524; x_wconf 75' lang='grc' dir='ltr'>κυνοπόταμοι,</span> <span class='ocrx_word' id='word_1_14' title='bbox 1518 454 1567 506; x_wconf 77' lang='lat' dir='ltr'><strong>oi</strong></span> <span class='ocrx_word' id='word_1_15' title='bbox 1585 453 1803 524; x_wconf 79' lang='grc' dir='ltr'>Εὐφρα-</span> 
     </span>
    </p>
   </div>
   <div class='ocr_carea' id='block_1_4' title="bbox 218 542 1806 618">
    <p class='ocr_par' dir='ltr' id='par_1_4' title="bbox 218 542 1806 618">
     <span class='ocr_line' id='line_1_4' title="bbox 218 542 1806 618; baseline 0.002 -23"><span class='ocrx_word' id='word_1_16' title='bbox 218 543 400 613; x_wconf 77' lang='grc' dir='ltr'>τήσιοι</span> <span class='ocrx_word' id='word_1_17' title='bbox 426 542 659 614; x_wconf 89' lang='grc' dir='ltr'>γρύπες,</span> <span class='ocrx_word' id='word_1_18' title='bbox 688 544 738 598; x_wconf 74' lang='lat' dir='ltr'><strong>oi</strong></span> <span class='ocrx_word' id='word_1_19' title='bbox 762 543 1113 617; x_wconf 82' lang='grc' dir='ltr'>τελματήσιοι</span> <span class='ocrx_word' id='word_1_20' title='bbox 1145 544 1427 616; x_wconf 83' lang='grc' dir='ltr'>βάτραχοι,</span> <span class='ocrx_word' id='word_1_21' title='bbox 1443 545 1494 599; x_wconf 79' lang='lat' dir='ltr'><strong>oi</strong></span> <span class='ocrx_word' id='word_1_22' title='bbox 1521 545 1653 618; x_wconf 84' lang='grc' dir='ltr'>παρ’</span> <span class='ocrx_word' id='word_1_23' title='bbox 1673 547 1806 616; x_wconf 81' lang='grc' dir='ltr'>ἡμῖν</span> 
     </span>
    </p>
   </div>
   <div class='ocr_carea' id='block_1_5' title="bbox 218 632 1807 706">
    <p class='ocr_par' dir='ltr' id='par_1_5' title="bbox 218 632 1807 706">
     <span class='ocr_line' id='line_1_5' title="bbox 218 632 1807 706; baseline 0.001 -21"><span class='ocrx_word' id='word_1_24' title='bbox 218 632 412 703; x_wconf 76' lang='grc' dir='ltr'>ιχῖνοι,</span> <span class='ocrx_word' id='word_1_25' title='bbox 439 632 537 686; x_wconf 73' lang='grc' dir='ltr'>καὶ</span> <span class='ocrx_word' id='word_1_26' title='bbox 569 632 759 687; x_wconf 81' lang='grc' dir='ltr'>κύκνοι</span> <span class='ocrx_word' id='word_1_27' title='bbox 783 651 799 698; x_wconf 86' lang='lat'><strong>;</strong></span> <span class='ocrx_word' id='word_1_28' title='bbox 832 633 939 688; x_wconf 79' lang='grc' dir='ltr'><strong>Καὶ</strong></span> <span class='ocrx_word' id='word_1_29' title='bbox 974 634 1144 706; x_wconf 88' lang='grc' dir='ltr'>μυρία</span> <span class='ocrx_word' id='word_1_30' title='bbox 1171 651 1254 699; x_wconf 84' lang='grc' dir='ltr'><strong>τις</strong></span> <span class='ocrx_word' id='word_1_31' title='bbox 1277 634 1531 706; x_wconf 81' lang='grc' dir='ltr'>εύρήσειε</span> <span class='ocrx_word' id='word_1_32' title='bbox 1553 634 1664 688; x_wconf 88' lang='grc' dir='ltr'><strong>τῶν</strong></span> <span class='ocrx_word' id='word_1_33' title='bbox 1696 635 1807 704; x_wconf 86' lang='grc' dir='ltr'>άμ-</span> 
     </span>
    </p>
   </div>
   <div class='ocr_carea' id='block_1_6' title="bbox 217 723 1807 798">
    <p class='ocr_par' dir='ltr' id='par_1_6' title="bbox 217 723 1807 798">
     <span class='ocr_line' id='line_1_6' title="bbox 217 723 1807 798; baseline 0.001 -21"><span class='ocrx_word' id='word_1_34' title='bbox 217 724 422 795; x_wconf 70' lang='grc' dir='ltr'>φισίων</span> <span class='ocrx_word' id='word_1_35' title='bbox 449 723 605 794; x_wconf 84' lang='grc' dir='ltr'>γένη,</span> <span class='ocrx_word' id='word_1_36' title='bbox 623 724 717 778; x_wconf 81' lang='grc' dir='ltr'><strong>νῦν</strong></span> <span class='ocrx_word' id='word_1_37' title='bbox 747 724 848 797; x_wconf 80' lang='grc' dir='ltr'>μὲν</span> <span class='ocrx_word' id='word_1_38' title='bbox 866 726 960 780; x_wconf 74' lang='grc' dir='ltr'><strong>ἐπὶ</strong></span> <span class='ocrx_word' id='word_1_39' title='bbox 986 726 1095 780; x_wconf 90' lang='grc' dir='ltr'><strong>τῶν</strong></span> <span class='ocrx_word' id='word_1_40' title='bbox 1120 724 1402 798; x_wconf 81' lang='grc' dir='ltr'><strong>λειμώνων</strong></span> <span class='ocrx_word' id='word_1_41' title='bbox 1417 726 1511 780; x_wconf 80' lang='grc' dir='ltr'>καὶ</span> <span class='ocrx_word' id='word_1_42' title='bbox 1534 726 1807 798; x_wconf 82' lang='grc' dir='ltr'><strong>μεδίμνων</strong></span> 
     </span>
    </p>
   </div>
   <div class='ocr_carea' id='block_1_7' title="bbox 217 815 1805 892">
    <p class='ocr_par' dir='ltr' id='par_1_7' title="bbox 217 815 1805 892">
     <span class='ocr_line' id='line_1_7' title="bbox 217 815 1805 892; baseline 0.001 -21"><span class='ocrx_word' id='word_1_43' title='bbox 217 815 735 887; x_wconf 63' lang='grc' dir='ltr'>σπρμολογοῦντα,</span> <span class='ocrx_word' id='word_1_44' title='bbox 781 817 816 889; x_wconf 76' lang='grc' dir='ltr'>ἢ</span> <span class='ocrx_word' id='word_1_45' title='bbox 876 818 1267 890; x_wconf 66' lang='grc' dir='ltr'>ποηφαγῶντα</span> <span class='ocrx_word' id='word_1_46' title='bbox 1286 861 1302 885; x_wconf 94' lang='grc'><strong>,</strong></span> <span class='ocrx_word' id='word_1_47' title='bbox 1349 818 1469 890; x_wconf 72' lang='grc' dir='ltr'>ἅμα</span> <span class='ocrx_word' id='word_1_48' title='bbox 1515 822 1629 884; x_wconf 86' lang='grc' dir='ltr'>τοῖς</span> <span class='ocrx_word' id='word_1_49' title='bbox 1676 836 1805 892; x_wconf 88' lang='grc' dir='ltr'>χερ-</span> 
     </span>
    </p>
   </div>
   <div class='ocr_carea' id='block_1_8' title="bbox 212 906 1806 985">
    <p class='ocr_par' dir='ltr' id='par_1_8' title="bbox 212 906 1806 985">
     <span class='ocr_line' id='line_1_8' title="bbox 212 906 1806 985; baseline 0.003 -24"><span class='ocrx_word' id='word_1_50' title='bbox 212 908 394 971; x_wconf 84' lang='grc' dir='ltr'>σαίοις</span> <span class='ocrx_word' id='word_1_51' title='bbox 428 906 620 974; x_wconf 81' lang='grc' dir='ltr'><strong>ζώοις·</strong></span> <span class='ocrx_word' id='word_1_52' title='bbox 648 907 742 962; x_wconf 80' lang='grc' dir='ltr'>νῦν</span> <span class='ocrx_word' id='word_1_53' title='bbox 766 908 824 961; x_wconf 83' lang='grc' dir='ltr'><strong>δὲ</strong></span> <span class='ocrx_word' id='word_1_54' title='bbox 853 910 912 964; x_wconf 80' lang='grc' dir='ltr'>ὲν</span> <span class='ocrx_word' id='word_1_55' title='bbox 936 913 1050 976; x_wconf 90' lang='grc' dir='ltr'>τοῖς</span> <span class='ocrx_word' id='word_1_56' title='bbox 1070 910 1229 965; x_wconf 82' lang='grc' dir='ltr'>ὖδασι</span> <span class='ocrx_word' id='word_1_57' title='bbox 1266 911 1337 965; x_wconf 82' lang='grc' dir='ltr'><strong>τὰ</strong></span> <span class='ocrx_word' id='word_1_58' title='bbox 1365 911 1669 985; x_wconf 80' lang='grc' dir='ltr'>λεπτότερα</span> <span class='ocrx_word' id='word_1_59' title='bbox 1694 912 1806 966; x_wconf 89' lang='grc' dir='ltr'><strong>τῶν</strong></span> 
     </span>
    </p>
   </div>
   <div class='ocr_carea' id='block_1_9' title="bbox 211 998 1806 1075">
    <p class='ocr_par' dir='ltr' id='par_1_9' title="bbox 211 998 1806 1075">
     <span class='ocr_line' id='line_1_9' title="bbox 211 998 1806 1075; baseline 0.003 -22"><span class='ocrx_word' id='word_1_60' title='bbox 211 1000 450 1054; x_wconf 78' lang='grc' dir='ltr'>πλωτῶν</span> <span class='ocrx_word' id='word_1_61' title='bbox 475 998 842 1073; x_wconf 76' lang='grc' dir='ltr'>διανηχόμενα</span> <span class='ocrx_word' id='word_1_62' title='bbox 870 1002 1207 1068; x_wconf 80' lang='grc' dir='ltr'><strong>κατεσθίειν,</strong></span> <span class='ocrx_word' id='word_1_63' title='bbox 1257 1003 1395 1075; x_wconf 82' lang='grc' dir='ltr'>ὅπερ</span> <span class='ocrx_word' id='word_1_64' title='bbox 1418 1003 1516 1057; x_wconf 72' lang='grc' dir='ltr'>καὶ</span> <span class='ocrx_word' id='word_1_65' title='bbox 1545 1002 1615 1057; x_wconf 81' lang='grc' dir='ltr'><strong>τά</strong></span> <span class='ocrx_word' id='word_1_66' title='bbox 1645 1004 1806 1075; x_wconf 78' lang='grc' dir='ltr'>αἱμο-</span> 
     </span>
    </p>
   </div>
   <div class='ocr_carea' id='block_1_10' title="bbox 212 1090 1290 1165">
    <p class='ocr_par' dir='ltr' id='par_1_10' title="bbox 212 1090 1290 1165">
     <span class='ocr_line' id='line_1_10' title="bbox 212 1090 1290 1165; baseline 0.004 -19"><span class='ocrx_word' id='word_1_67' title='bbox 212 1092 356 1162; x_wconf 76' lang='grc' dir='ltr'>σόρα</span> <span class='ocrx_word' id='word_1_68' title='bbox 378 1090 489 1145; x_wconf 87' lang='grc' dir='ltr'><strong>τῶν</strong></span> <span class='ocrx_word' id='word_1_69' title='bbox 517 1092 790 1165; x_wconf 84' lang='grc' dir='ltr'>χερσαίων</span> <span class='ocrx_word' id='word_1_70' title='bbox 820 1096 996 1148; x_wconf 82' lang='grc' dir='ltr'>ποιεῖν</span> <span class='ocrx_word' id='word_1_71' title='bbox 1024 1094 1290 1165; x_wconf 76' lang='grc' dir='ltr'>πέφυκεν.</span> 
     </span>
    </p>
   </div>
   <div class='ocr_carea' id='block_1_11' title="bbox 1612 242 2067 301">
    <p class='ocr_par' dir='ltr' id='par_1_11' title="bbox 1612 242 2067 301">
     <span class='ocr_line' id='line_1_11' title="bbox 1612 242 2067 301; baseline 0 -3"><span class='ocrx_word' id='word_1_72' title='bbox 1612 243 1727 298; x_wconf 76' lang='lat' dir='ltr'><strong>&#39;DIA</strong></span> <span class='ocrx_word' id='word_1_73' title='bbox 1736 242 1967 301; x_wconf 82' lang='lat' dir='ltr'><strong>LOGUS</strong></span> <span class='ocrx_word' id='word_1_74' title='bbox 2004 242 2067 299; x_wconf 92' lang='grc'><strong>11.</strong></span> 
     </span>
    </p>
   </div>
   <div class='ocr_carea' id='block_1_12' title="bbox 3379 240 3489 299">
    <p class='ocr_par' dir='ltr' id='par_1_12' title="bbox 3379 240 3489 299">
     <span class='ocr_line' id='line_1_12' title="bbox 3379 240 3489 299; baseline -0.045 -5"><span class='ocrx_word' id='word_1_75' title='bbox 3379 240 3489 299; x_wconf 66' lang='grc'><strong>9711</strong></span> 
     </span>
    </p>
   </div>
   <div class='ocr_carea' id='block_1_13' title="bbox 1915 354 3489 429">
    <p class='ocr_par' dir='ltr' id='par_1_13' title="bbox 1915 354 3489 429">
     <span class='ocr_line' id='line_1_13' title="bbox 1915 354 3489 429; baseline -0.006 -14"><span class='ocrx_word' id='word_1_76' title='bbox 1915 360 2066 429; x_wconf 89' lang='lat' dir='ltr'><strong>poris</strong></span> <span class='ocrx_word' id='word_1_77' title='bbox 2111 359 2423 429; x_wconf 73' lang='lat' dir='ltr'><strong>expositio?</strong></span> <span class='ocrx_word' id='word_1_78' title='bbox 2452 356 2738 425; x_wconf 80' lang='lat' dir='ltr'><strong>Quomodo</strong></span> <span class='ocrx_word' id='word_1_79' title='bbox 2782 356 2969 427; x_wconf 77' lang='lat' dir='ltr'><strong>igitur,</strong></span> <span class='ocrx_word' id='word_1_80' title='bbox 3019 354 3064 410; x_wconf 94' lang='lat' dir='ltr'><strong>si</strong></span> <span class='ocrx_word' id='word_1_81' title='bbox 3114 354 3331 424; x_wconf 80' lang='lat' dir='ltr'><strong>quidem</strong></span> <span class='ocrx_word' id='word_1_82' title='bbox 3380 370 3489 408; x_wconf 82' lang='lat' dir='ltr'><strong>una</strong></span> 
     </span>
    </p>
   </div>
   <div class='ocr_carea' id='block_1_14' title="bbox 1910 446 3490 521">
    <p class='ocr_par' dir='ltr' id='par_1_14' title="bbox 1910 446 3490 521">
     <span class='ocr_line' id='line_1_14' title="bbox 1910 446 3490 521; baseline -0.004 -15"><span class='ocrx_word' id='word_1_83' title='bbox 1910 460 2106 507; x_wconf 88' lang='lat' dir='ltr'><strong>natura</strong></span> <span class='ocrx_word' id='word_1_84' title='bbox 2140 453 2380 507; x_wconf 89' lang='lat' dir='ltr'><strong>animata</strong></span> <span class='ocrx_word' id='word_1_85' title='bbox 2409 462 2493 509; x_wconf 89' lang='lat' dir='ltr'><strong>est</strong></span> <span class='ocrx_word' id='word_1_86' title='bbox 2522 466 2688 521; x_wconf 88' lang='lat' dir='ltr'><strong>aqua,</strong></span> <span class='ocrx_word' id='word_1_87' title='bbox 2729 450 3018 505; x_wconf 89' lang='lat' dir='ltr'><strong>innumera</strong></span> <span class='ocrx_word' id='word_1_88' title='bbox 3047 446 3370 502; x_wconf 75' lang='lat' dir='ltr'><strong>emuxerunt</strong></span> <span class='ocrx_word' id='word_1_89' title='bbox 3396 462 3490 517; x_wconf 84' lang='lat' dir='ltr'><strong>ge-</strong></span> 
     </span>
    </p>
   </div>
   <div class='ocr_carea' id='block_1_15' title="bbox 1911 524 3491 601">
    <p class='ocr_par' dir='ltr' id='par_1_15' title="bbox 1911 524 3491 601">
     <span class='ocr_line' id='line_1_15' title="bbox 1911 524 3491 601; baseline -0.006 -3"><span class='ocrx_word' id='word_1_90' title='bbox 1911 558 2042 598; x_wconf 89' lang='lat' dir='ltr'><strong>nera</strong></span> <span class='ocrx_word' id='word_1_91' title='bbox 2082 524 2393 597; x_wconf 84' lang='lat' dir='ltr'><strong>natatilium</strong></span> <span class='ocrx_word' id='word_1_92' title='bbox 2440 549 2495 596; x_wconf 89' lang='lat' dir='ltr'><strong>et</strong></span> <span class='ocrx_word' id='word_1_93' title='bbox 2528 539 2854 601; x_wconf 80' lang='lat' dir='ltr'><strong>volatilium,</strong></span> <span class='ocrx_word' id='word_1_94' title='bbox 2906 538 3065 593; x_wconf 91' lang='lat' dir='ltr'><strong>aliter</strong></span> <span class='ocrx_word' id='word_1_95' title='bbox 3096 536 3400 599; x_wconf 79' lang='lat' dir='ltr'><strong>nascentia,</strong></span> <span class='ocrx_word' id='word_1_96' title='bbox 3435 542 3491 590; x_wconf 92' lang='lat' dir='ltr'><strong>et</strong></span> 
     </span>
    </p>
   </div>
   <div class='ocr_carea' id='block_1_16' title="bbox 1910 626 3489 705">
    <p class='ocr_par' dir='ltr' id='par_1_16' title="bbox 1910 626 3489 705">
     <span class='ocr_line' id='line_1_16' title="bbox 1910 626 3489 705; baseline -0.006 -14"><span class='ocrx_word' id='word_1_97' title='bbox 1910 636 2071 691; x_wconf 82' lang='lat' dir='ltr'><strong>aliter</strong></span> <span class='ocrx_word' id='word_1_98' title='bbox 2097 635 2360 701; x_wconf 89' lang='lat' dir='ltr'><strong>viventia,</strong></span> <span class='ocrx_word' id='word_1_99' title='bbox 2393 642 2448 689; x_wconf 93' lang='lat' dir='ltr'><strong>et</strong></span> <span class='ocrx_word' id='word_1_100' title='bbox 2490 634 2711 705; x_wconf 86' lang='lat' dir='ltr'><strong>quidem</strong></span> <span class='ocrx_word' id='word_1_101' title='bbox 2744 631 2966 687; x_wconf 86' lang='lat' dir='ltr'><strong>diverso</strong></span> <span class='ocrx_word' id='word_1_102' title='bbox 3009 629 3156 685; x_wconf 85' lang='lat' dir='ltr'><strong>victu</strong></span> <span class='ocrx_word' id='word_1_103' title='bbox 3196 626 3437 683; x_wconf 81' lang='lat' dir='ltr'><strong>viventia</strong></span> <span class='ocrx_word' id='word_1_104' title='bbox 3472 644 3489 681; x_wconf 86' lang='lat'>:</span> 
     </span>
    </p>
   </div>
   <div class='ocr_carea' id='block_1_17' title="bbox 1911 717 3491 798">
    <p class='ocr_par' dir='ltr' id='par_1_17' title="bbox 1911 717 3491 798">
     <span class='ocr_line' id='line_1_17' title="bbox 1911 717 3491 798; baseline -0.008 -15"><span class='ocrx_word' id='word_1_105' title='bbox 1911 742 2058 783; x_wconf 90' lang='lat' dir='ltr'><strong>nunc</strong></span> <span class='ocrx_word' id='word_1_106' title='bbox 2085 725 2305 798; x_wconf 86' lang='lat' dir='ltr'><strong>quidem</strong></span> <span class='ocrx_word' id='word_1_107' title='bbox 2337 740 2502 797; x_wconf 82' lang='lat' dir='ltr'><strong>super</strong></span> <span class='ocrx_word' id='word_1_108' title='bbox 2535 733 2763 789; x_wconf 88' lang='lat' dir='ltr'><strong>terram,</strong></span> <span class='ocrx_word' id='word_1_109' title='bbox 2803 737 2950 777; x_wconf 90' lang='lat' dir='ltr'><strong>nunc</strong></span> <span class='ocrx_word' id='word_1_110' title='bbox 2986 736 3118 776; x_wconf 87' lang='lat' dir='ltr'><strong>vero</strong></span> <span class='ocrx_word' id='word_1_111' title='bbox 3140 720 3196 774; x_wconf 88' lang='lat' dir='ltr'><strong>in</strong></span> <span class='ocrx_word' id='word_1_112' title='bbox 3223 717 3384 790; x_wconf 86' lang='lat' dir='ltr'><strong>aquis</strong></span> <span class='ocrx_word' id='word_1_113' title='bbox 3406 717 3491 772; x_wconf 88' lang='lat' dir='ltr'><strong>vi-</strong></span> 
     </span>
    </p>
   </div>
   <div class='ocr_carea' id='block_1_18' title="bbox 1909 813 3494 889">
    <p class='ocr_par' dir='ltr' id='par_1_18' title="bbox 1909 813 3494 889">
     <span class='ocr_line' id='line_1_18' title="bbox 1909 813 3494 889; baseline -0.007 -16"><span class='ocrx_word' id='word_1_114' title='bbox 1909 828 2059 875; x_wconf 85' lang='lat' dir='ltr'><strong>ctum</strong></span> <span class='ocrx_word' id='word_1_115' title='bbox 2115 816 2459 889; x_wconf 65' lang='lat' dir='ltr'><strong>quaerentia?</strong></span> <span class='ocrx_word' id='word_1_116' title='bbox 2505 815 2695 871; x_wconf 83' lang='lat' dir='ltr'><strong>Niliaci</strong></span> <span class='ocrx_word' id='word_1_117' title='bbox 2749 826 2878 872; x_wconf 91' lang='lat' dir='ltr'><strong>sunt</strong></span> <span class='ocrx_word' id='word_1_118' title='bbox 2922 814 2981 871; x_wconf 88' lang='lat' dir='ltr'><strong>in</strong></span> <span class='ocrx_word' id='word_1_119' title='bbox 3024 813 3262 884; x_wconf 66' lang='lat' dir='ltr'><strong>Egypto</strong></span> <span class='ocrx_word' id='word_1_120' title='bbox 3298 823 3494 866; x_wconf 81' lang='lat' dir='ltr'><strong>croco-</strong></span> 
     </span>
    </p>
   </div>
   <div class='ocr_carea' id='block_1_19' title="bbox 1910 901 3491 981">
    <p class='ocr_par' dir='ltr' id='par_1_19' title="bbox 1910 901 3491 981">
     <span class='ocr_line' id='line_1_19' title="bbox 1910 901 3491 981; baseline -0.008 -13"><span class='ocrx_word' id='word_1_121' title='bbox 1910 912 2036 981; x_wconf 87' lang='lat' dir='ltr'><strong>dili;</strong></span> <span class='ocrx_word' id='word_1_122' title='bbox 2075 912 2145 967; x_wconf 89' lang='lat' dir='ltr'><strong>ad</strong></span> <span class='ocrx_word' id='word_1_123' title='bbox 2195 910 2591 968; x_wconf 81' lang='lat' dir='ltr'><strong>occidentalem</strong></span> <span class='ocrx_word' id='word_1_124' title='bbox 2638 907 2948 980; x_wconf 80' lang='lat' dir='ltr'><strong>Physonem</strong></span> <span class='ocrx_word' id='word_1_125' title='bbox 2996 920 3166 962; x_wconf 89' lang='lat' dir='ltr'><strong>canes</strong></span> <span class='ocrx_word' id='word_1_126' title='bbox 3209 901 3491 969; x_wconf 78' lang='lat' dir='ltr'><strong>fluminei;</strong></span> 
     </span>
    </p>
   </div>
   <div class='ocr_carea' id='block_1_20' title="bbox 1912 994 3493 1076">
    <p class='ocr_par' dir='ltr' id='par_1_20' title="bbox 1912 994 3493 1076">
     <span class='ocr_line' id='line_1_20' title="bbox 1912 994 3493 1076; baseline -0.01 -14"><span class='ocrx_word' id='word_1_127' title='bbox 1912 1004 2223 1076; x_wconf 65' lang='lat' dir='ltr'><strong>Euphrataei</strong></span> <span class='ocrx_word' id='word_1_128' title='bbox 2273 1002 2531 1075; x_wconf 82' lang='lat' dir='ltr'><strong>gryphes,</strong></span> <span class='ocrx_word' id='word_1_129' title='bbox 2578 1002 2851 1073; x_wconf 84' lang='lat' dir='ltr'><strong>palustres</strong></span> <span class='ocrx_word' id='word_1_130' title='bbox 2893 1014 3065 1064; x_wconf 67' lang='lat' dir='ltr'><strong>ranae,</strong></span> <span class='ocrx_word' id='word_1_131' title='bbox 3119 1005 3177 1053; x_wconf 86' lang='lat' dir='ltr'><strong>et</strong></span> <span class='ocrx_word' id='word_1_132' title='bbox 3204 994 3348 1067; x_wconf 87' lang='lat' dir='ltr'><strong>apud</strong></span> <span class='ocrx_word' id='word_1_133' title='bbox 3389 1007 3493 1048; x_wconf 86' lang='lat' dir='ltr'><strong>nos</strong></span> 
     </span>
    </p>
   </div>
   <div class='ocr_carea' id='block_1_21' title="bbox 1910 1085 3493 1167">
    <p class='ocr_par' dir='ltr' id='par_1_21' title="bbox 1910 1085 3493 1167">
     <span class='ocr_line' id='line_1_21' title="bbox 1910 1085 3493 1167; baseline -0.008 -17"><span class='ocrx_word' id='word_1_134' title='bbox 1910 1094 2093 1150; x_wconf 84' lang='lat' dir='ltr'><strong>echini</strong></span> <span class='ocrx_word' id='word_1_135' title='bbox 2119 1103 2174 1150; x_wconf 90' lang='lat' dir='ltr'><strong>et</strong></span> <span class='ocrx_word' id='word_1_136' title='bbox 2198 1094 2379 1167; x_wconf 80' lang='lat' dir='ltr'><strong>cygni.</strong></span> <span class='ocrx_word' id='word_1_137' title='bbox 2408 1095 2585 1164; x_wconf 85' lang='lat' dir='ltr'><strong>Atque</strong></span> <span class='ocrx_word' id='word_1_138' title='bbox 2612 1091 2899 1148; x_wconf 86' lang='lat' dir='ltr'><strong>innumera</strong></span> <span class='ocrx_word' id='word_1_139' title='bbox 2924 1089 3051 1161; x_wconf 89' lang='lat' dir='ltr'><strong>quis</strong></span> <span class='ocrx_word' id='word_1_140' title='bbox 3077 1085 3349 1144; x_wconf 88' lang='lat' dir='ltr'><strong>invenerit</strong></span> <span class='ocrx_word' id='word_1_141' title='bbox 3375 1098 3493 1138; x_wconf 60' lang='lat' dir='ltr'><strong>amo</strong></span> 
     </span>
    </p>
   </div>
   <div class='ocr_carea' id='block_1_22' title="bbox 213 1179 3492 1258">
    <p class='ocr_par' dir='ltr' id='par_1_22' title="bbox 213 1179 3492 1258">
     <span class='ocr_line' id='line_1_22' title="bbox 213 1179 3492 1258; baseline -0.002 -23"><span class='ocrx_word' id='word_1_142' title='bbox 213 1181 533 1252; x_wconf 84' lang='lat' dir='ltr'><strong>phihiorum</strong></span> <span class='ocrx_word' id='word_1_143' title='bbox 559 1197 780 1254; x_wconf 90' lang='lat' dir='ltr'><strong>genera,</strong></span> <span class='ocrx_word' id='word_1_144' title='bbox 824 1199 947 1255; x_wconf 86' lang='lat' dir='ltr'><strong>quae</strong></span> <span class='ocrx_word' id='word_1_145' title='bbox 981 1200 1129 1240; x_wconf 92' lang='lat' dir='ltr'><strong>nunc</strong></span> <span class='ocrx_word' id='word_1_146' title='bbox 1168 1186 1387 1257; x_wconf 86' lang='lat' dir='ltr'><strong>quidem</strong></span> <span class='ocrx_word' id='word_1_147' title='bbox 1419 1184 1475 1242; x_wconf 91' lang='lat' dir='ltr'><strong>in</strong></span> <span class='ocrx_word' id='word_1_148' title='bbox 1508 1186 1681 1258; x_wconf 85' lang='lat' dir='ltr'><strong>pratis</strong></span> <span class='ocrx_word' id='word_1_149' title='bbox 1715 1194 1769 1242; x_wconf 87' lang='lat' dir='ltr'><strong>et</strong></span> <span class='ocrx_word' id='word_1_150' title='bbox 1798 1184 2091 1241; x_wconf 88' lang='lat' dir='ltr'><strong>medimnis</strong></span> <span class='ocrx_word' id='word_1_151' title='bbox 2124 1185 2334 1242; x_wconf 86' lang='lat' dir='ltr'><strong>semina</strong></span> <span class='ocrx_word' id='word_1_152' title='bbox 2361 1183 2646 1256; x_wconf 86' lang='lat' dir='ltr'><strong>colligunt,</strong></span> <span class='ocrx_word' id='word_1_153' title='bbox 2678 1191 2775 1240; x_wconf 89' lang='lat' dir='ltr'><strong>aut</strong></span> <span class='ocrx_word' id='word_1_154' title='bbox 2807 1181 3005 1238; x_wconf 83' lang='lat' dir='ltr'><strong>herbas</strong></span> <span class='ocrx_word' id='word_1_155' title='bbox 3032 1179 3351 1243; x_wconf 88' lang='lat' dir='ltr'><strong>comedunt,</strong></span> <span class='ocrx_word' id='word_1_156' title='bbox 3380 1189 3492 1230; x_wconf 91' lang='lat' dir='ltr'><strong>una</strong></span> 
     </span>
    </p>
   </div>
   <div class='ocr_carea' id='block_1_23' title="bbox 213 1272 3492 1357">
    <p class='ocr_par' dir='ltr' id='par_1_23' title="bbox 213 1272 3492 1357">
     <span class='ocr_line' id='line_1_23' title="bbox 213 1272 3492 1357; baseline -0.001 -27"><span class='ocrx_word' id='word_1_157' title='bbox 213 1290 351 1331; x_wconf 86' lang='lat' dir='ltr'><strong>cum</strong></span> <span class='ocrx_word' id='word_1_158' title='bbox 392 1277 754 1334; x_wconf 87' lang='lat' dir='ltr'><strong>terrestribus</strong></span> <span class='ocrx_word' id='word_1_159' title='bbox 794 1280 1126 1337; x_wconf 85' lang='lat' dir='ltr'><strong>animalibus</strong></span> <span class='ocrx_word' id='word_1_160' title='bbox 1162 1300 1177 1336; x_wconf 89' lang='lat'><strong>:</strong></span> <span class='ocrx_word' id='word_1_161' title='bbox 1232 1297 1382 1338; x_wconf 89' lang='lat' dir='ltr'><strong>nunc</strong></span> <span class='ocrx_word' id='word_1_162' title='bbox 1415 1297 1547 1338; x_wconf 88' lang='lat' dir='ltr'><strong>vero</strong></span> <span class='ocrx_word' id='word_1_163' title='bbox 1584 1282 1640 1338; x_wconf 91' lang='lat' dir='ltr'><strong>in</strong></span> <span class='ocrx_word' id='word_1_164' title='bbox 1679 1282 1839 1357; x_wconf 80' lang='lat' dir='ltr'><strong>aquis</strong></span> <span class='ocrx_word' id='word_1_165' title='bbox 1862 1282 2110 1339; x_wconf 86' lang='lat' dir='ltr'><strong>natantia</strong></span> <span class='ocrx_word' id='word_1_166' title='bbox 2140 1282 2372 1340; x_wconf 81' lang='lat' dir='ltr'><strong>leviores</strong></span> <span class='ocrx_word' id='word_1_167' title='bbox 2402 1281 2748 1337; x_wconf 84' lang='lat' dir='ltr'><strong>lluviatilium</strong></span> <span class='ocrx_word' id='word_1_168' title='bbox 2780 1279 2937 1347; x_wconf 81' lang='lat' dir='ltr'><strong>cibos</strong></span> <span class='ocrx_word' id='word_1_169' title='bbox 2977 1275 3311 1333; x_wconf 84' lang='lat' dir='ltr'><strong>comedunt:</strong></span> <span class='ocrx_word' id='word_1_170' title='bbox 3343 1272 3492 1345; x_wconf 87' lang='lat' dir='ltr'><strong>quod</strong></span> 
     </span>
    </p>
   </div>
   <div class='ocr_carea' id='block_1_24' title="bbox 209 1370 1534 1429">
    <p class='ocr_par' dir='ltr' id='par_1_24' title="bbox 209 1370 1534 1429">
     <span class='ocr_line' id='line_1_24' title="bbox 209 1370 1534 1429; baseline 0.002 -2"><span class='ocrx_word' id='word_1_171' title='bbox 209 1378 275 1428; x_wconf 84' lang='lat' dir='ltr'><strong>et</strong></span> <span class='ocrx_word' id='word_1_172' title='bbox 304 1370 601 1426; x_wconf 90' lang='lat' dir='ltr'><strong>crudivora</strong></span> <span class='ocrx_word' id='word_1_173' title='bbox 624 1385 689 1426; x_wconf 78' lang='lat' dir='ltr'><strong>ex</strong></span> <span class='ocrx_word' id='word_1_174' title='bbox 725 1373 1082 1428; x_wconf 77' lang='lat' dir='ltr'><strong>terrestribus</strong></span> <span class='ocrx_word' id='word_1_175' title='bbox 1115 1371 1297 1429; x_wconf 90' lang='lat' dir='ltr'><strong>facere</strong></span> <span class='ocrx_word' id='word_1_176' title='bbox 1335 1372 1534 1429; x_wconf 84' lang='lat' dir='ltr'><strong>solent.</strong></span> 
     </span>
    </p>
   </div>
   <div class='ocr_carea' id='block_1_25' title="bbox 300 1461 1805 1536">
    <p class='ocr_par' dir='ltr' id='par_1_25' title="bbox 300 1461 1805 1536">
     <span class='ocr_line' id='line_1_25' title="bbox 300 1461 1805 1536; baseline 0.003 -21"><span class='ocrx_word' id='word_1_177' title='bbox 300 1461 445 1516; x_wconf 79' lang='grc' dir='ltr'>Ἀλλ’</span> <span class='ocrx_word' id='word_1_178' title='bbox 478 1463 572 1516; x_wconf 72' lang='grc' dir='ltr'><strong>ἐπὶ</strong></span> <span class='ocrx_word' id='word_1_179' title='bbox 612 1462 671 1516; x_wconf 79' lang='grc' dir='ltr'><strong>τὸ</strong></span> <span class='ocrx_word' id='word_1_180' title='bbox 718 1464 1080 1536; x_wconf 85' lang='grc' dir='ltr'>προκείμενον</span> <span class='ocrx_word' id='word_1_181' title='bbox 1111 1464 1239 1530; x_wconf 79' lang='grc' dir='ltr'>τοὺς</span> <span class='ocrx_word' id='word_1_182' title='bbox 1279 1465 1475 1529; x_wconf 73' lang='grc' dir='ltr'>οἴακας</span> <span class='ocrx_word' id='word_1_183' title='bbox 1522 1464 1617 1520; x_wconf 77' lang='grc' dir='ltr'><strong>τοῦ</strong></span> <span class='ocrx_word' id='word_1_184' title='bbox 1643 1464 1805 1535; x_wconf 81' lang='grc' dir='ltr'>λόγου</span> 
     </span>
    </p>
   </div>
   <div class='ocr_carea' id='block_1_26' title="bbox 206 1555 1808 1630">
    <p class='ocr_par' dir='ltr' id='par_1_26' title="bbox 206 1555 1808 1630">
     <span class='ocr_line' id='line_1_26' title="bbox 206 1555 1808 1630; baseline 0.001 -21"><span class='ocrx_word' id='word_1_185' title='bbox 206 1555 531 1628; x_wconf 65' lang='grc' dir='ltr'>τρέφωμεν,</span> <span class='ocrx_word' id='word_1_186' title='bbox 557 1557 671 1619; x_wconf 83' lang='grc' dir='ltr'>τοῖς</span> <span class='ocrx_word' id='word_1_187' title='bbox 703 1558 1062 1628; x_wconf 74' lang='grc' dir='ltr'>προφητικοῖς</span> <span class='ocrx_word' id='word_1_188' title='bbox 1090 1557 1349 1627; x_wconf 79' lang='grc' dir='ltr'>ἑπόμενοι</span> <span class='ocrx_word' id='word_1_189' title='bbox 1381 1556 1669 1630; x_wconf 82' lang='grc' dir='ltr'>δόγμασιν.</span> <span class='ocrx_word' id='word_1_190' title='bbox 1700 1557 1808 1612; x_wconf 84' lang='grc' dir='ltr'><strong>Οὑ-</strong></span> 
     </span>
    </p>
   </div>
   <div class='ocr_carea' id='block_1_27' title="bbox 206 1632 1880 1722">
    <p class='ocr_par' dir='ltr' id='par_1_27' title="bbox 206 1632 1880 1722">
     <span class='ocr_line' id='line_1_27' title="bbox 206 1632 1880 1722; baseline 0.001 -21"><span class='ocrx_word' id='word_1_191' title='bbox 206 1646 369 1701; x_wconf 80' lang='grc' dir='ltr'>δέπω</span> <span class='ocrx_word' id='word_1_192' title='bbox 392 1647 503 1716; x_wconf 81' lang='grc' dir='ltr'><strong>γάρ</strong></span> <span class='ocrx_word' id='word_1_193' title='bbox 531 1645 774 1718; x_wconf 72' lang='grc' dir='ltr'>ἔμψυχον</span> <span class='ocrx_word' id='word_1_194' title='bbox 811 1647 911 1721; x_wconf 80' lang='grc' dir='ltr'>τὴν</span> <span class='ocrx_word' id='word_1_195' title='bbox 944 1648 1051 1719; x_wconf 81' lang='grc' dir='ltr'>γῆν</span> <span class='ocrx_word' id='word_1_196' title='bbox 1076 1648 1494 1718; x_wconf 80' lang='grc' dir='ltr'>ἀποφαίνονται,</span> <span class='ocrx_word' id='word_1_197' title='bbox 1519 1647 1656 1703; x_wconf 78' lang='grc' dir='ltr'>ἀλλὰ</span> <span class='ocrx_word' id='word_1_198' title='bbox 1682 1646 1810 1722; x_wconf 70' lang='grc' dir='ltr'><strong>θείᾳ⁵</strong></span> <span class='ocrx_word' id='word_1_199' title='bbox 1873 1632 1880 1639; x_wconf 50' lang='grc'><em>’</em></span> 
     </span>
    </p>
   </div>
   <div class='ocr_carea' id='block_1_28' title="bbox 214 1733 1805 1812">
    <p class='ocr_par' dir='ltr' id='par_1_28' title="bbox 214 1733 1805 1812">
     <span class='ocr_line' id='line_1_28' title="bbox 214 1733 1805 1812; baseline 0.001 -18"><span class='ocrx_word' id='word_1_200' title='bbox 421 1738 515 1792; x_wconf 74' lang='grc' dir='ltr'><strong>καὶ</strong></span> <span class='ocrx_word' id='word_1_201' title='bbox 552 1737 824 1810; x_wconf 84' lang='grc' dir='ltr'>πνεύματι</span> <span class='ocrx_word' id='word_1_202' title='bbox 875 1738 1252 1811; x_wconf 76' lang='grc' dir='ltr'>ὲμψυχοῧσθαι</span> <span class='ocrx_word' id='word_1_203' title='bbox 1295 1741 1365 1794; x_wconf 83' lang='grc' dir='ltr'>τὰ</span> <span class='ocrx_word' id='word_1_204' title='bbox 1418 1740 1634 1812; x_wconf 75' lang='grc' dir='ltr'>ἐκείνης</span> <span class='ocrx_word' id='word_1_205' title='bbox 1674 1741 1805 1796; x_wconf 82' lang='grc' dir='ltr'>ἁπο-</span> 
     </span>
    </p>
   </div>
   <div class='ocr_carea' id='block_1_29' title="bbox 210 1828 1798 1906">
    <p class='ocr_par' dir='ltr' id='par_1_29' title="bbox 210 1828 1798 1906">
     <span class='ocr_line' id='line_1_29' title="bbox 210 1828 1798 1906; baseline 0.003 -24"><span class='ocrx_word' id='word_1_206' title='bbox 210 1828 543 1902; x_wconf 77' lang='grc' dir='ltr'>6ράσματα’</span> <span class='ocrx_word' id='word_1_207' title='bbox 594 1828 690 1884; x_wconf 84' lang='grc' dir='ltr'>τοῦ</span> <span class='ocrx_word' id='word_1_208' title='bbox 733 1830 833 1903; x_wconf 81' lang='grc' dir='ltr'>μὲν</span> <span class='ocrx_word' id='word_1_209' title='bbox 871 1829 1162 1884; x_wconf 83' lang='grc' dir='ltr'>θεσπεσίου</span> <span class='ocrx_word' id='word_1_210' title='bbox 1210 1830 1374 1885; x_wconf 76' lang='grc' dir='ltr'>Δαδὶδ</span> <span class='ocrx_word' id='word_1_211' title='bbox 1403 1831 1798 1906; x_wconf 76' lang='grc' dir='ltr'>μελῳδοῦντος-</span> 
     </span>
    </p>
   </div>
   <div class='ocr_carea' id='block_1_30' title="bbox 223 1917 1804 1991">
    <p class='ocr_par' dir='ltr' id='par_1_30' title="bbox 223 1917 1804 1991">
     <span class='ocr_line' id='line_1_30' title="bbox 223 1917 1804 1991; baseline 0.001 -17"><span class='ocrx_word' id='word_1_212' title='bbox 223 1918 610 1987; x_wconf 74' lang='grc' dir='ltr'>Ἆποστελεῖς</span> <span class='ocrx_word' id='word_1_213' title='bbox 654 1917 724 1973; x_wconf 82' lang='grc' dir='ltr'>τὸ</span> <span class='ocrx_word' id='word_1_214' title='bbox 749 1919 992 1989; x_wconf 74' lang='grc' dir='ltr'>Πνεῦμά</span> <span class='ocrx_word' id='word_1_215' title='bbox 1025 1935 1166 1985; x_wconf 87' lang='grc' dir='ltr'>σου,</span> <span class='ocrx_word' id='word_1_216' title='bbox 1202 1920 1301 1975; x_wconf 78' lang='grc' dir='ltr'><strong>καί</strong></span> <span class='ocrx_word' id='word_1_217' title='bbox 1334 1920 1767 1991; x_wconf 76' lang='grc' dir='ltr'>κτισθήσονται</span> <span class='ocrx_word' id='word_1_218' title='bbox 1788 1938 1804 1954; x_wconf 89' lang='grc'><strong>·</strong></span> 
     </span>
    </p>
   </div>
   <div class='ocr_carea' id='block_1_31' title="bbox 209 2009 1808 2086">
    <p class='ocr_par' dir='ltr' id='par_1_31' title="bbox 209 2009 1808 2086">
     <span class='ocr_line' id='line_1_31' title="bbox 209 2009 1808 2086; baseline 0.001 -21"><span class='ocrx_word' id='word_1_219' title='bbox 209 2009 312 2065; x_wconf 77' lang='grc' dir='ltr'><strong>τοῦ</strong></span> <span class='ocrx_word' id='word_1_220' title='bbox 332 2009 393 2063; x_wconf 80' lang='grc' dir='ltr'><strong>δὲ</strong></span> <span class='ocrx_word' id='word_1_221' title='bbox 434 2009 658 2065; x_wconf 75' lang='grc' dir='ltr'>Ἡσαΐου</span> <span class='ocrx_word' id='word_1_222' title='bbox 690 2009 767 2075; x_wconf 79' lang='grc' dir='ltr'>ὡς</span> <span class='ocrx_word' id='word_1_223' title='bbox 796 2010 863 2065; x_wconf 66' lang='grc' dir='ltr'>ἐκ</span> <span class='ocrx_word' id='word_1_224' title='bbox 897 2009 1196 2083; x_wconf 77' lang='grc' dir='ltr'>προσώπου</span> <span class='ocrx_word' id='word_1_225' title='bbox 1230 2009 1328 2065; x_wconf 78' lang='grc' dir='ltr'><strong>τοῦ</strong></span> <span class='ocrx_word' id='word_1_226' title='bbox 1348 2009 1485 2065; x_wconf 83' lang='grc' dir='ltr'><strong>Θεοῦ</strong></span> <span class='ocrx_word' id='word_1_227' title='bbox 1510 2011 1808 2086; x_wconf 73' lang='grc' dir='ltr'>διαρρήδην</span> 
     </span>
    </p>
   </div>
   <div class='ocr_carea' id='block_1_32' title="bbox 212 2099 1810 2174">
    <p class='ocr_par' dir='ltr' id='par_1_32' title="bbox 212 2099 1810 2174">
     <span class='ocr_line' id='line_1_32' title="bbox 212 2099 1810 2174; baseline 0 -17"><span class='ocrx_word' id='word_1_228' title='bbox 212 2101 455 2174; x_wconf 83' lang='grc' dir='ltr'>βοῶντος</span> <span class='ocrx_word' id='word_1_229' title='bbox 481 2117 495 2131; x_wconf 78' lang='grc'><strong>’</strong></span> <span class='ocrx_word' id='word_1_230' title='bbox 520 2102 670 2172; x_wconf 78' lang='grc' dir='ltr'><strong>Ἐγὼ</strong></span> <span class='ocrx_word' id='word_1_231' title='bbox 699 2103 734 2156; x_wconf 82' lang='grc' dir='ltr'><em>δ</em></span> <span class='ocrx_word' id='word_1_232' title='bbox 764 2101 911 2169; x_wconf 84' lang='grc' dir='ltr'><strong>Θεὸς</strong></span> <span class='ocrx_word' id='word_1_233' title='bbox 940 2104 973 2156; x_wconf 88' lang='grc' dir='ltr'><strong><em>ό</em></strong></span> <span class='ocrx_word' id='word_1_234' title='bbox 1001 2099 1267 2172; x_wconf 79' lang='grc' dir='ltr'>ποιήσας</span> <span class='ocrx_word' id='word_1_235' title='bbox 1285 2100 1548 2171; x_wconf 83' lang='grc' dir='ltr'>οὐρανὸν</span> <span class='ocrx_word' id='word_1_236' title='bbox 1570 2102 1672 2164; x_wconf 66' lang='grc' dir='ltr'>καὶ</span> <span class='ocrx_word' id='word_1_237' title='bbox 1694 2102 1810 2173; x_wconf 76' lang='grc' dir='ltr'><strong>τὴν</strong></span> 
     </span>
    </p>
   </div>
   <div class='ocr_carea' id='block_1_33' title="bbox 211 2192 1805 2266">
    <p class='ocr_par' dir='ltr' id='par_1_33' title="bbox 211 2192 1805 2266">
     <span class='ocr_line' id='line_1_33' title="bbox 211 2192 1805 2266; baseline 0.001 -17"><span class='ocrx_word' id='word_1_238' title='bbox 211 2194 357 2266; x_wconf 75' lang='grc' dir='ltr'><strong>τῆν,</strong></span> <span class='ocrx_word' id='word_1_239' title='bbox 372 2193 471 2248; x_wconf 77' lang='grc' dir='ltr'>καὶ</span> <span class='ocrx_word' id='word_1_240' title='bbox 492 2192 698 2261; x_wconf 79' lang='grc' dir='ltr'>διδοὺς</span> <span class='ocrx_word' id='word_1_241' title='bbox 727 2192 929 2261; x_wconf 76' lang='grc' dir='ltr'>πνοὴν</span> <span class='ocrx_word' id='word_1_242' title='bbox 948 2192 1097 2263; x_wconf 82' lang='grc' dir='ltr'>ζωῆς</span> <span class='ocrx_word' id='word_1_243' title='bbox 1117 2194 1243 2262; x_wconf 86' lang='grc' dir='ltr'>τοῖς</span> <span class='ocrx_word' id='word_1_244' title='bbox 1266 2194 1566 2250; x_wconf 76' lang='grc' dir='ltr'>πατοῦσιν</span> <span class='ocrx_word' id='word_1_245' title='bbox 1590 2195 1805 2264; x_wconf 74' lang='grc' dir='ltr'>αὐτήν.</span> 
     </span>
    </p>
   </div>
   <div class='ocr_carea' id='block_1_34' title="bbox 805 2285 1208 2341">
    <p class='ocr_par' dir='ltr' id='par_1_34' title="bbox 805 2285 1208 2341">
     <span class='ocr_line' id='line_1_34' title="bbox 805 2285 1208 2341; baseline 0 0"><span class='ocrx_word' id='word_1_246' title='bbox 805 2285 1054 2341; x_wconf 82' lang='grc' dir='ltr'><strong>ΠΕΥΣΙΣ</strong></span> <span class='ocrx_word' id='word_1_247' title='bbox 1089 2286 1208 2341; x_wconf 76' lang='lat' dir='ltr'><strong>PP.</strong></span> 
     </span>
    </p>
   </div>
   <div class='ocr_carea' id='block_1_35' title="bbox 287 2375 1808 2451">
    <p class='ocr_par' dir='ltr' id='par_1_35' title="bbox 287 2375 1808 2451">
     <span class='ocr_line' id='line_1_35' title="bbox 287 2375 1808 2451; baseline -0.001 -18"><span class='ocrx_word' id='word_1_248' title='bbox 287 2376 457 2433; x_wconf 75' lang='grc' dir='ltr'>Οὐδὲν</span> <span class='ocrx_word' id='word_1_249' title='bbox 496 2375 824 2449; x_wconf 79' lang='grc' dir='ltr'>μυκώμενον</span> <span class='ocrx_word' id='word_1_250' title='bbox 844 2415 860 2440; x_wconf 94' lang='grc'><strong>,</strong></span> <span class='ocrx_word' id='word_1_251' title='bbox 899 2376 934 2449; x_wconf 78' lang='grc' dir='ltr'>ἢ</span> <span class='ocrx_word' id='word_1_252' title='bbox 968 2376 1311 2449; x_wconf 80' lang='grc' dir='ltr'>ώρυόμενον,</span> <span class='ocrx_word' id='word_1_253' title='bbox 1350 2377 1557 2451; x_wconf 76' lang='grc' dir='ltr'>ἄψυχον</span> <span class='ocrx_word' id='word_1_254' title='bbox 1577 2377 1808 2449; x_wconf 73' lang='grc' dir='ltr'>λέγομεν</span> 
     </span>
    </p>
   </div>
   <div class='ocr_carea' id='block_1_36' title="bbox 213 2468 1810 2543">
    <p class='ocr_par' dir='ltr' id='par_1_36' title="bbox 213 2468 1810 2543">
     <span class='ocr_line' id='line_1_36' title="bbox 213 2468 1810 2543; baseline -0.001 -18"><span class='ocrx_word' id='word_1_255' title='bbox 213 2469 523 2542; x_wconf 76' lang='grc' dir='ltr'>ὑπάρχεινο</span> <span class='ocrx_word' id='word_1_256' title='bbox 579 2468 699 2533; x_wconf 83' lang='grc' dir='ltr'><strong>πῶς</strong></span> <span class='ocrx_word' id='word_1_257' title='bbox 747 2468 997 2542; x_wconf 71' lang='grc' dir='ltr'>ώρυᾶται</span> <span class='ocrx_word' id='word_1_258' title='bbox 1030 2468 1145 2542; x_wconf 79' lang='grc'><strong>(56)</strong></span> <span class='ocrx_word' id='word_1_259' title='bbox 1178 2470 1212 2541; x_wconf 77' lang='grc' dir='ltr'><strong>ἡ</strong></span> <span class='ocrx_word' id='word_1_260' title='bbox 1248 2470 1321 2543; x_wconf 81' lang='grc' dir='ltr'>γῆ</span> <span class='ocrx_word' id='word_1_261' title='bbox 1343 2510 1360 2538; x_wconf 90' lang='grc'><strong>,</strong></span> <span class='ocrx_word' id='word_1_262' title='bbox 1418 2469 1578 2541; x_wconf 70' lang='grc' dir='ltr'>εἴπερ</span> <span class='ocrx_word' id='word_1_263' title='bbox 1602 2470 1810 2541; x_wconf 78' lang='grc' dir='ltr'>ἄψυχός</span> 
     </span>
    </p>
   </div>
   <div class='ocr_carea' id='block_1_37' title="bbox 213 2560 1078 2633">
    <p class='ocr_par' dir='ltr' id='par_1_37' title="bbox 213 2560 1078 2633">
     <span class='ocr_line' id='line_1_37' title="bbox 213 2560 1078 2633; baseline -0.002 -16"><span class='ocrx_word' id='word_1_264' title='bbox 213 2564 357 2631; x_wconf 71' lang='grc' dir='ltr'>ἐστι,</span> <span class='ocrx_word' id='word_1_265' title='bbox 391 2561 487 2617; x_wconf 67' lang='grc' dir='ltr'>καὶ</span> <span class='ocrx_word' id='word_1_266' title='bbox 518 2562 759 2632; x_wconf 81' lang='grc' dir='ltr'>μυκᾶται</span> <span class='ocrx_word' id='word_1_267' title='bbox 788 2560 1078 2633; x_wconf 79' lang='grc' dir='ltr'>σειομένη;</span> 
     </span>
    </p>
   </div>
   <div class='ocr_carea' id='block_1_38' title="bbox 834 2652 1204 2722">
    <p class='ocr_par' dir='ltr' id='par_1_38' title="bbox 834 2652 1204 2722">
     <span class='ocr_line' id='line_1_38' title="bbox 834 2652 1204 2722; baseline 0 -15"><span class='ocrx_word' id='word_1_268' title='bbox 834 2652 1204 2722; x_wconf 79' lang='grc' dir='ltr'><strong>Ἀπόκρισις.</strong></span> 
     </span>
    </p>
   </div>
   <div class='ocr_carea' id='block_1_39' title="bbox 299 2742 1809 2818">
    <p class='ocr_par' dir='ltr' id='par_1_39' title="bbox 299 2742 1809 2818">
     <span class='ocr_line' id='line_1_39' title="bbox 299 2742 1809 2818; baseline -0.001 -18"><span class='ocrx_word' id='word_1_269' title='bbox 299 2744 538 2817; x_wconf 83' lang='grc' dir='ltr'>Ὁμοίως</span> <span class='ocrx_word' id='word_1_270' title='bbox 557 2745 625 2817; x_wconf 81' lang='grc' dir='ltr'><strong>τῇ</strong></span> <span class='ocrx_word' id='word_1_271' title='bbox 650 2742 892 2818; x_wconf 75' lang='grc' dir='ltr'>θαλάττῃ</span> <span class='ocrx_word' id='word_1_272' title='bbox 912 2746 1025 2809; x_wconf 89' lang='grc' dir='ltr'>τοῖς</span> <span class='ocrx_word' id='word_1_273' title='bbox 1051 2743 1327 2814; x_wconf 81' lang='grc' dir='ltr'>ὑπογείοις</span> <span class='ocrx_word' id='word_1_274' title='bbox 1355 2743 1632 2816; x_wconf 84' lang='grc' dir='ltr'>πνεύμασι</span> <span class='ocrx_word' id='word_1_275' title='bbox 1661 2744 1809 2814; x_wconf 85' lang='grc' dir='ltr'>διογ-</span> 
     </span>
    </p>
   </div>
   <div class='ocr_carea' id='block_1_40' title="bbox 213 2837 1807 2914">
    <p class='ocr_par' dir='ltr' id='par_1_40' title="bbox 213 2837 1807 2914">
     <span class='ocr_line' id='line_1_40' title="bbox 213 2837 1807 2914; baseline -0.003 -16"><span class='ocrx_word' id='word_1_276' title='bbox 213 2842 461 2914; x_wconf 81' lang='grc' dir='ltr'>κουμὲνη</span> <span class='ocrx_word' id='word_1_277' title='bbox 486 2880 503 2905; x_wconf 90' lang='grc'><strong>,</strong></span> <span class='ocrx_word' id='word_1_278' title='bbox 543 2837 656 2895; x_wconf 78' lang='grc' dir='ltr'>οἷον</span> <span class='ocrx_word' id='word_1_279' title='bbox 708 2840 884 2913; x_wconf 78' lang='grc' dir='ltr'>ῥοῖζόν</span> <span class='ocrx_word' id='word_1_280' title='bbox 926 2857 1049 2894; x_wconf 90' lang='grc' dir='ltr'>τινα</span> <span class='ocrx_word' id='word_1_281' title='bbox 1090 2839 1124 2912; x_wconf 74' lang='grc' dir='ltr'>ἢ</span> <span class='ocrx_word' id='word_1_282' title='bbox 1165 2839 1454 2912; x_wconf 78' lang='grc' dir='ltr'>μυκηθμὸν</span> <span class='ocrx_word' id='word_1_283' title='bbox 1494 2838 1807 2895; x_wconf 82' lang='grc' dir='ltr'>ἀποδίδωσι.</span> 
     </span>
    </p>
   </div>
   <div class='ocr_carea' id='block_1_41' title="bbox 215 2929 1808 3006">
    <p class='ocr_par' dir='ltr' id='par_1_41' title="bbox 215 2929 1808 3006">
     <span class='ocr_line' id='line_1_41' title="bbox 215 2929 1808 3006; baseline -0.005 -15"><span class='ocrx_word' id='word_1_284' title='bbox 215 2935 330 2991; x_wconf 76' lang='grc' dir='ltr'><strong>Καὶ</strong></span> <span class='ocrx_word' id='word_1_285' title='bbox 359 2933 472 3006; x_wconf 83' lang='grc' dir='ltr'><strong>γὰρ</strong></span> <span class='ocrx_word' id='word_1_286' title='bbox 506 2933 690 3004; x_wconf 75' lang='grc' dir='ltr'>ἐκείνη</span> <span class='ocrx_word' id='word_1_287' title='bbox 717 2931 979 2996; x_wconf 77' lang='grc' dir='ltr'>πολλάκις</span> <span class='ocrx_word' id='word_1_288' title='bbox 1007 2933 1074 3003; x_wconf 82' lang='grc' dir='ltr'><strong>τῇ</strong></span> <span class='ocrx_word' id='word_1_289' title='bbox 1119 2930 1482 3002; x_wconf 80' lang='grc' dir='ltr'>ἀναθυμιάσει</span> <span class='ocrx_word' id='word_1_290' title='bbox 1504 2930 1600 2984; x_wconf 81' lang='grc' dir='ltr'><strong>τοῦ</strong></span> <span class='ocrx_word' id='word_1_291' title='bbox 1646 2929 1808 2993; x_wconf 77' lang='grc' dir='ltr'>βυθοῦ</span> 
     </span>
    </p>
   </div>
   <div class='ocr_carea' id='block_1_42' title="bbox 217 3021 1807 3101">
    <p class='ocr_par' dir='ltr' id='par_1_42' title="bbox 217 3021 1807 3101">
     <span class='ocr_line' id='line_1_42' title="bbox 217 3021 1807 3101; baseline -0.003 -21"><span class='ocrx_word' id='word_1_292' title='bbox 217 3028 559 3101; x_wconf 74' lang='grc' dir='ltr'>σαλευομένη</span> <span class='ocrx_word' id='word_1_293' title='bbox 596 3026 692 3081; x_wconf 78' lang='grc' dir='ltr'>καὶ</span> <span class='ocrx_word' id='word_1_294' title='bbox 731 3025 1120 3092; x_wconf 81' lang='grc' dir='ltr'>ὲξοιδαίνουσα,</span> <span class='ocrx_word' id='word_1_295' title='bbox 1150 3021 1287 3099; x_wconf 81' lang='grc' dir='ltr'>ἦχον</span> <span class='ocrx_word' id='word_1_296' title='bbox 1327 3024 1603 3089; x_wconf 77' lang='grc' dir='ltr'>ἀποτελεῖ,</span> <span class='ocrx_word' id='word_1_297' title='bbox 1636 3039 1807 3096; x_wconf 86' lang='grc' dir='ltr'>προσ-</span> 
     </span>
    </p>
   </div>
   <div class='ocr_carea' id='block_1_43' title="bbox 214 3115 1810 3192">
    <p class='ocr_par' dir='ltr' id='par_1_43' title="bbox 214 3115 1810 3192">
     <span class='ocr_line' id='line_1_43' title="bbox 214 3115 1810 3192; baseline -0.004 -17"><span class='ocrx_word' id='word_1_298' title='bbox 214 3118 568 3192; x_wconf 79' lang='grc' dir='ltr'>αραττομένη</span> <span class='ocrx_word' id='word_1_299' title='bbox 617 3118 818 3189; x_wconf 76' lang='grc' dir='ltr'>ἑαυτὴν</span> <span class='ocrx_word' id='word_1_300' title='bbox 846 3117 1166 3191; x_wconf 81' lang='grc' dir='ltr'>τρικυμίαις</span> <span class='ocrx_word' id='word_1_301' title='bbox 1197 3133 1212 3149; x_wconf 87' lang='grc'><strong>·</strong></span> <span class='ocrx_word' id='word_1_302' title='bbox 1251 3115 1346 3171; x_wconf 83' lang='grc' dir='ltr'><strong>τοῦ</strong></span> <span class='ocrx_word' id='word_1_303' title='bbox 1395 3116 1453 3171; x_wconf 84' lang='grc' dir='ltr'><strong>δὲ</strong></span> <span class='ocrx_word' id='word_1_304' title='bbox 1500 3116 1810 3186; x_wconf 86' lang='grc' dir='ltr'>πνεύματος</span> 
     </span>
    </p>
   </div>
   <div class='ocr_carea' id='block_1_44' title="bbox 215 3204 1806 3282">
    <p class='ocr_par' dir='ltr' id='par_1_44' title="bbox 215 3204 1806 3282">
     <span class='ocr_line' id='line_1_44' title="bbox 215 3204 1806 3282; baseline -0.002 -20"><span class='ocrx_word' id='word_1_305' title='bbox 215 3209 559 3282; x_wconf 75' lang='grc' dir='ltr'>ἠρεμοῦντος</span> <span class='ocrx_word' id='word_1_306' title='bbox 586 3204 639 3263; x_wconf 75' lang='grc' dir='ltr'>εἴ</span> <span class='ocrx_word' id='word_1_307' title='bbox 654 3207 770 3280; x_wconf 75' lang='lat'><strong>(37)</strong></span> <span class='ocrx_word' id='word_1_308' title='bbox 789 3207 994 3280; x_wconf 74' lang='grc' dir='ltr'>ἄψυχος</span> <span class='ocrx_word' id='word_1_309' title='bbox 1014 3224 1028 3238; x_wconf 71' lang='grc'><strong><em>⁸</em></strong></span> <span class='ocrx_word' id='word_1_310' title='bbox 1056 3207 1239 3278; x_wconf 81' lang='grc' dir='ltr'>βοῶσα</span> <span class='ocrx_word' id='word_1_311' title='bbox 1258 3207 1315 3261; x_wconf 79' lang='grc' dir='ltr'><strong>δὲ</strong></span> <span class='ocrx_word' id='word_1_312' title='bbox 1336 3207 1432 3261; x_wconf 78' lang='grc' dir='ltr'>καὶ</span> <span class='ocrx_word' id='word_1_313' title='bbox 1467 3206 1806 3277; x_wconf 87' lang='grc' dir='ltr'>κοιμωμένη,</span> 
     </span>
    </p>
   </div>
   <div class='ocr_carea' id='block_1_45' title="bbox 215 3298 1809 3374">
    <p class='ocr_par' dir='ltr' id='par_1_45' title="bbox 215 3298 1809 3374">
     <span class='ocr_line' id='line_1_45' title="bbox 215 3298 1809 3374; baseline -0.002 -19"><span class='ocrx_word' id='word_1_314' title='bbox 215 3301 445 3374; x_wconf 76' lang='grc' dir='ltr'>βαθεῖαν</span> <span class='ocrx_word' id='word_1_315' title='bbox 482 3301 595 3373; x_wconf 77' lang='grc' dir='ltr'>ἔχει</span> <span class='ocrx_word' id='word_1_316' title='bbox 626 3301 888 3373; x_wconf 84' lang='grc' dir='ltr'>γαλήνην.</span> <span class='ocrx_word' id='word_1_317' title='bbox 917 3302 988 3354; x_wconf 84' lang='grc' dir='ltr'><em>Ἢ</em></span> <span class='ocrx_word' id='word_1_318' title='bbox 1019 3299 1227 3355; x_wconf 87' lang='grc' dir='ltr'>δοκεῖτε</span> <span class='ocrx_word' id='word_1_319' title='bbox 1246 3299 1347 3364; x_wconf 87' lang='grc' dir='ltr'><strong>τὰς</strong></span> <span class='ocrx_word' id='word_1_320' title='bbox 1382 3298 1590 3371; x_wconf 79' lang='grc' dir='ltr'>ὑδρίας,</span> <span class='ocrx_word' id='word_1_321' title='bbox 1620 3298 1653 3369; x_wconf 82' lang='grc' dir='ltr'>ἢ</span> <span class='ocrx_word' id='word_1_322' title='bbox 1685 3298 1809 3362; x_wconf 79' lang='grc' dir='ltr'>τοὺς</span> 
     </span>
    </p>
   </div>
   <div class='ocr_carea' id='block_1_46' title="bbox 217 3384 1809 3465">
    <p class='ocr_par' dir='ltr' id='par_1_46' title="bbox 217 3384 1809 3465">
     <span class='ocr_line' id='line_1_46' title="bbox 217 3384 1809 3465; baseline -0.003 -17"><span class='ocrx_word' id='word_1_323' title='bbox 217 3393 445 3459; x_wconf 56' lang='grc' dir='ltr'>πίθοκ,</span> <span class='ocrx_word' id='word_1_324' title='bbox 486 3392 707 3465; x_wconf 70' lang='grc' dir='ltr'>ἔμψυχα</span> <span class='ocrx_word' id='word_1_325' title='bbox 749 3393 1036 3464; x_wconf 82' lang='grc' dir='ltr'>ὑπάρχειν,</span> <span class='ocrx_word' id='word_1_326' title='bbox 1081 3384 1157 3447; x_wconf 85' lang='grc' dir='ltr'>ὧν</span> <span class='ocrx_word' id='word_1_327' title='bbox 1189 3390 1462 3462; x_wconf 86' lang='grc' dir='ltr'>ἀκούομεν</span> <span class='ocrx_word' id='word_1_328' title='bbox 1487 3389 1809 3463; x_wconf 75' lang='grc' dir='ltr'>ροιζούντων</span> 
     </span>
    </p>
   </div>
   <div class='ocr_carea' id='block_1_47' title="bbox 218 3468 1810 3556">
    <p class='ocr_par' dir='ltr' id='par_1_47' title="bbox 218 3468 1810 3556">
     <span class='ocr_line' id='line_1_47' title="bbox 218 3468 1810 3556; baseline -0.003 -17"><span class='ocrx_word' id='word_1_329' title='bbox 218 3485 317 3539; x_wconf 79' lang='grc' dir='ltr'>καὶ</span> <span class='ocrx_word' id='word_1_330' title='bbox 356 3484 700 3556; x_wconf 80' lang='grc' dir='ltr'>μυκωμένων</span> <span class='ocrx_word' id='word_1_331' title='bbox 732 3486 798 3555; x_wconf 77' lang='grc' dir='ltr'>τῇ</span> <span class='ocrx_word' id='word_1_332' title='bbox 838 3482 931 3538; x_wconf 83' lang='grc' dir='ltr'>τοῦ</span> <span class='ocrx_word' id='word_1_333' title='bbox 974 3468 1161 3555; x_wconf 82' lang='grc' dir='ltr'>άερίου</span> <span class='ocrx_word' id='word_1_334' title='bbox 1195 3481 1502 3552; x_wconf 89' lang='grc' dir='ltr'>πνεύματος</span> <span class='ocrx_word' id='word_1_335' title='bbox 1528 3481 1810 3553; x_wconf 72' lang='grc' dir='ltr'>διαφοιτῆσ-</span> 
     </span>
    </p>
   </div>
   <div class='ocr_carea' id='block_1_48' title="bbox 218 3573 1811 3649">
    <p class='ocr_par' dir='ltr' id='par_1_48' title="bbox 218 3573 1811 3649">
     <span class='ocr_line' id='line_1_48' title="bbox 218 3573 1811 3649; baseline -0.003 -18"><span class='ocrx_word' id='word_1_336' title='bbox 218 3595 346 3642; x_wconf 84' lang='grc' dir='ltr'>σει;</span> <span class='ocrx_word' id='word_1_337' title='bbox 388 3576 774 3649; x_wconf 71' lang='grc' dir='ltr'>Σφαττομένης</span> <span class='ocrx_word' id='word_1_338' title='bbox 826 3576 883 3631; x_wconf 73' lang='grc' dir='ltr'><strong>δὲ</strong></span> <span class='ocrx_word' id='word_1_339' title='bbox 936 3576 1037 3648; x_wconf 86' lang='grc' dir='ltr'>τῆς</span> <span class='ocrx_word' id='word_1_340' title='bbox 1084 3575 1241 3645; x_wconf 80' lang='grc' dir='ltr'>αίγδς</span> <span class='ocrx_word' id='word_1_341' title='bbox 1286 3574 1382 3628; x_wconf 76' lang='grc' dir='ltr'>καὶ</span> <span class='ocrx_word' id='word_1_342' title='bbox 1429 3573 1811 3645; x_wconf 80' lang='grc' dir='ltr'>πτησσομένης</span> 
     </span>
    </p>
   </div>
   <div class='ocr_carea' id='block_1_49' title="bbox 217 3662 1812 3739">
    <p class='ocr_par' dir='ltr' id='par_1_49' title="bbox 217 3662 1812 3739">
     <span class='ocr_line' id='line_1_49' title="bbox 217 3662 1812 3739; baseline -0.004 -17"><span class='ocrx_word' id='word_1_343' title='bbox 217 3667 402 3739; x_wconf 80' lang='grc' dir='ltr'>πάντη</span> <span class='ocrx_word' id='word_1_344' title='bbox 434 3666 548 3737; x_wconf 65' lang='lat'><strong>(38)</strong></span> <span class='ocrx_word' id='word_1_345' title='bbox 593 3666 755 3738; x_wconf 83' lang='grc' dir='ltr'>δῆλον</span> <span class='ocrx_word' id='word_1_346' title='bbox 805 3667 1014 3738; x_wconf 82' lang='grc' dir='ltr'>ἄψυχον</span> <span class='ocrx_word' id='word_1_347' title='bbox 1049 3666 1316 3737; x_wconf 84' lang='grc' dir='ltr'>ὑπάρχειν</span> <span class='ocrx_word' id='word_1_348' title='bbox 1353 3664 1415 3719; x_wconf 81' lang='grc' dir='ltr'>τὸ</span> <span class='ocrx_word' id='word_1_349' title='bbox 1452 3662 1672 3720; x_wconf 81' lang='grc' dir='ltr'>κώδιον·</span> <span class='ocrx_word' id='word_1_350' title='bbox 1731 3665 1812 3728; x_wconf 78' lang='grc' dir='ltr'>εἰς</span> 
     </span>
    </p>
   </div>
   <div class='ocr_carea' id='block_1_50' title="bbox 215 3755 1809 3830">
    <p class='ocr_par' dir='ltr' id='par_1_50' title="bbox 215 3755 1809 3830">
     <span class='ocr_line' id='line_1_50' title="bbox 215 3755 1809 3830; baseline -0.005 -15"><span class='ocrx_word' id='word_1_351' title='bbox 215 3760 395 3815; x_wconf 80' lang='grc' dir='ltr'>ἀσκὸν</span> <span class='ocrx_word' id='word_1_352' title='bbox 430 3758 476 3812; x_wconf 86' lang='grc' dir='ltr'><strong>δ’</strong></span> <span class='ocrx_word' id='word_1_353' title='bbox 507 3758 951 3830; x_wconf 68' lang='grc' dir='ltr'>ἐξεργασθέντος,</span> <span class='ocrx_word' id='word_1_354' title='bbox 984 3758 1080 3812; x_wconf 75' lang='grc' dir='ltr'>καὶ</span> <span class='ocrx_word' id='word_1_355' title='bbox 1127 3755 1400 3829; x_wconf 86' lang='grc' dir='ltr'>πνεύματι</span> <span class='ocrx_word' id='word_1_356' title='bbox 1446 3755 1809 3821; x_wconf 82' lang='grc' dir='ltr'>διαταθέντος,</span> 
     </span>
    </p>
   </div>
   <div class='ocr_carea' id='block_1_51' title="bbox 218 3847 1811 3923">
    <p class='ocr_par' dir='ltr' id='par_1_51' title="bbox 218 3847 1811 3923">
     <span class='ocr_line' id='line_1_51' title="bbox 218 3847 1811 3923; baseline -0.004 -17"><span class='ocrx_word' id='word_1_357' title='bbox 218 3847 343 3907; x_wconf 77' lang='grc' dir='ltr'>εἶτα</span> <span class='ocrx_word' id='word_1_358' title='bbox 378 3849 541 3904; x_wconf 87' lang='grc' dir='ltr'>πάλιν</span> <span class='ocrx_word' id='word_1_359' title='bbox 572 3849 650 3921; x_wconf 79' lang='grc' dir='ltr'>τῷ</span> <span class='ocrx_word' id='word_1_360' title='bbox 683 3849 904 3921; x_wconf 85' lang='grc' dir='ltr'>πιεσμῷ</span> <span class='ocrx_word' id='word_1_361' title='bbox 939 3849 1050 3904; x_wconf 84' lang='grc' dir='ltr'><strong>τῶν</strong></span> <span class='ocrx_word' id='word_1_362' title='bbox 1088 3848 1291 3923; x_wconf 87' lang='grc' dir='ltr'>χειρῶν</span> <span class='ocrx_word' id='word_1_363' title='bbox 1318 3848 1478 3921; x_wconf 77' lang='grc' dir='ltr'>ἡμῶν</span> <span class='ocrx_word' id='word_1_364' title='bbox 1509 3847 1811 3919; x_wconf 79' lang='grc' dir='ltr'>ὲκπνεόμε-</span> 
     </span>
    </p>
   </div>
   <div class='ocr_carea' id='block_1_52' title="bbox 226 3937 1813 4014">
    <p class='ocr_par' dir='ltr' id='par_1_52' title="bbox 226 3937 1813 4014">
     <span class='ocr_line' id='line_1_52' title="bbox 226 3937 1813 4014; baseline 0 -21"><span class='ocrx_word' id='word_1_365' title='bbox 226 3956 321 4004; x_wconf 84' lang='grc' dir='ltr'><strong>νος</strong></span> <span class='ocrx_word' id='word_1_366' title='bbox 344 3982 361 4005; x_wconf 89' lang='grc'><strong>,</strong></span> <span class='ocrx_word' id='word_1_367' title='bbox 436 3937 554 4004; x_wconf 82' lang='grc' dir='ltr'><strong>πῶς</strong></span> <span class='ocrx_word' id='word_1_368' title='bbox 630 3940 812 4014; x_wconf 77' lang='grc' dir='ltr'>ροὶζόν</span> <span class='ocrx_word' id='word_1_369' title='bbox 839 3958 992 4001; x_wconf 82' lang='grc' dir='ltr'>τινα,</span> <span class='ocrx_word' id='word_1_370' title='bbox 1038 3940 1072 4014; x_wconf 74' lang='grc' dir='ltr'>ᾗ</span> <span class='ocrx_word' id='word_1_371' title='bbox 1107 3939 1396 4012; x_wconf 80' lang='grc' dir='ltr'>μυκηθμὸν</span> <span class='ocrx_word' id='word_1_372' title='bbox 1432 3938 1753 3993; x_wconf 81' lang='grc' dir='ltr'>ἀποδίδωσιν</span> <span class='ocrx_word' id='word_1_373' title='bbox 1781 3939 1813 3993; x_wconf 81' lang='grc' dir='ltr'><strong><em>ὁ</em></strong></span> 
     </span>
    </p>
   </div>
   <div class='ocr_carea' id='block_1_53' title="bbox 216 4028 1812 4102">
    <p class='ocr_par' dir='ltr' id='par_1_53' title="bbox 216 4028 1812 4102">
     <span class='ocr_line' id='line_1_53' title="bbox 216 4028 1812 4102; baseline -0.003 -16"><span class='ocrx_word' id='word_1_374' title='bbox 216 4030 466 4102; x_wconf 70' lang='grc' dir='ltr'>ἂψυχοςς</span> <span class='ocrx_word' id='word_1_375' title='bbox 500 4029 625 4094; x_wconf 82' lang='grc' dir='ltr'>ῐιῶς</span> <span class='ocrx_word' id='word_1_376' title='bbox 645 4029 704 4084; x_wconf 82' lang='grc' dir='ltr'><strong>δὲ</strong></span> <span class='ocrx_word' id='word_1_377' title='bbox 735 4029 896 4085; x_wconf 88' lang='grc' dir='ltr'>πάλιν</span> <span class='ocrx_word' id='word_1_378' title='bbox 932 4028 1012 4102; x_wconf 82' lang='grc' dir='ltr'><strong>τῷ</strong></span> <span class='ocrx_word' id='word_1_379' title='bbox 1040 4028 1284 4102; x_wconf 82' lang='grc' dir='ltr'>μουσικῷ</span> <span class='ocrx_word' id='word_1_380' title='bbox 1330 4029 1601 4083; x_wconf 80' lang='grc' dir='ltr'>ὐποπνέον</span> <span class='ocrx_word' id='word_1_381' title='bbox 1645 4028 1812 4101; x_wconf 81' lang='grc' dir='ltr'>ὀργά-</span> 
     </span>
    </p>
   </div>
   <div class='ocr_carea' id='block_1_54' title="bbox 222 4121 1813 4196">
    <p class='ocr_par' dir='ltr' id='par_1_54' title="bbox 222 4121 1813 4196">
     <span class='ocr_line' id='line_1_54' title="bbox 222 4121 1813 4196; baseline -0.002 -18"><span class='ocrx_word' id='word_1_382' title='bbox 222 4143 325 4196; x_wconf 69' lang='grc' dir='ltr'><strong>νῳ,</strong></span> <span class='ocrx_word' id='word_1_383' title='bbox 371 4127 437 4196; x_wconf 81' lang='grc' dir='ltr'><strong>τῇ</strong></span> <span class='ocrx_word' id='word_1_384' title='bbox 472 4121 707 4195; x_wconf 74' lang='grc' dir='ltr'>ποδηγίᾳ</span> <span class='ocrx_word' id='word_1_385' title='bbox 737 4123 833 4178; x_wconf 81' lang='grc' dir='ltr'>τοῦ</span> <span class='ocrx_word' id='word_1_386' title='bbox 875 4122 1127 4188; x_wconf 75' lang='grc' dir='ltr'>ἀπάτως</span> <span class='ocrx_word' id='word_1_387' title='bbox 1173 4121 1480 4193; x_wconf 64' lang='grc' dir='ltr'>ἐφεστῶτος</span> <span class='ocrx_word' id='word_1_388' title='bbox 1508 4122 1618 4176; x_wconf 81' lang='grc' dir='ltr'>πᾶν</span> <span class='ocrx_word' id='word_1_389' title='bbox 1652 4121 1813 4193; x_wconf 81' lang='grc' dir='ltr'>μέλος</span> 
     </span>
    </p>
   </div>
   <div class='ocr_carea' id='block_1_55' title="bbox 216 4213 1813 4289">
    <p class='ocr_par' dir='ltr' id='par_1_55' title="bbox 216 4213 1813 4289">
     <span class='ocr_line' id='line_1_55' title="bbox 216 4213 1813 4289; baseline -0.004 -14"><span class='ocrx_word' id='word_1_390' title='bbox 216 4218 649 4289; x_wconf 79' lang='grc' dir='ltr'>διακεχυμένον,</span> <span class='ocrx_word' id='word_1_391' title='bbox 686 4217 878 4289; x_wconf 74' lang='grc' dir='ltr'>γοερόν</span> <span class='ocrx_word' id='word_1_392' title='bbox 918 4234 977 4271; x_wconf 90' lang='grc' dir='ltr'><strong>τε</strong></span> <span class='ocrx_word' id='word_1_393' title='bbox 1012 4217 1106 4271; x_wconf 58' lang='grc' dir='ltr'><strong>καὶ¹</strong></span> <span class='ocrx_word' id='word_1_394' title='bbox 1140 4215 1329 4271; x_wconf 76' lang='grc' dir='ltr'>ὕπτιον</span> <span class='ocrx_word' id='word_1_395' title='bbox 1370 4214 1461 4270; x_wconf 78' lang='grc' dir='ltr'><strong>διὰ</strong></span> <span class='ocrx_word' id='word_1_396' title='bbox 1492 4214 1602 4270; x_wconf 87' lang='grc' dir='ltr'><strong>τῶν</strong></span> <span class='ocrx_word' id='word_1_397' title='bbox 1631 4213 1813 4270; x_wconf 77' lang='grc' dir='ltr'>αὐλῶν</span> 
     </span>
    </p>
   </div>
   <div class='ocr_carea' id='block_1_56' title="bbox 214 4305 1812 4384">
    <p class='ocr_par' dir='ltr' id='par_1_56' title="bbox 214 4305 1812 4384">
     <span class='ocr_line' id='line_1_56' title="bbox 214 4305 1812 4384; baseline -0.004 -19"><span class='ocrx_word' id='word_1_398' title='bbox 214 4312 490 4383; x_wconf 73' lang='grc' dir='ltr'>ὲκφωνῇς</span> <span class='ocrx_word' id='word_1_399' title='bbox 539 4306 629 4384; x_wconf 79' lang='grc' dir='ltr'><strong>ἄρ’</strong></span> <span class='ocrx_word' id='word_1_400' title='bbox 678 4305 773 4365; x_wconf 78' lang='grc' dir='ltr'>οὖν</span> <span class='ocrx_word' id='word_1_401' title='bbox 825 4308 976 4383; x_wconf 66' lang='grc' dir='ltr'>παρᾲ</span> <span class='ocrx_word' id='word_1_402' title='bbox 1008 4308 1198 4363; x_wconf 88' lang='grc' dir='ltr'>τούτου</span> <span class='ocrx_word' id='word_1_403' title='bbox 1251 4306 1528 4380; x_wconf 71' lang='grc' dir='ltr'>ἐμψύχους</span> <span class='ocrx_word' id='word_1_404' title='bbox 1577 4305 1812 4379; x_wconf 77' lang='grc' dir='ltr'>ἐροῦμεν</span> 
     </span>
    </p>
   </div>
   <div class='ocr_carea' id='block_1_57' title="bbox 219 4397 1812 4474">
    <p class='ocr_par' dir='ltr' id='par_1_57' title="bbox 219 4397 1812 4474">
     <span class='ocr_line' id='line_1_57' title="bbox 219 4397 1812 4474; baseline -0.005 -16"><span class='ocrx_word' id='word_1_405' title='bbox 219 4402 328 4468; x_wconf 75' lang='grc' dir='ltr'>τὰς</span> <span class='ocrx_word' id='word_1_406' title='bbox 360 4403 775 4474; x_wconf 78' lang='grc' dir='ltr'>ὐποπνεομένας</span> <span class='ocrx_word' id='word_1_407' title='bbox 825 4405 938 4467; x_wconf 85' lang='grc' dir='ltr'>τοῖς</span> <span class='ocrx_word' id='word_1_408' title='bbox 977 4403 1257 4473; x_wconf 86' lang='grc' dir='ltr'>μουσικοῖς</span> <span class='ocrx_word' id='word_1_409' title='bbox 1292 4400 1545 4470; x_wconf 74' lang='grc' dir='ltr'>ὀργάνοις</span> <span class='ocrx_word' id='word_1_410' title='bbox 1587 4400 1652 4470; x_wconf 75' lang='grc' dir='ltr'><strong>τῇ</strong></span> <span class='ocrx_word' id='word_1_411' title='bbox 1686 4397 1812 4469; x_wconf 82' lang='grc' dir='ltr'>βρο-</span> 
     </span>
    </p>
   </div>
   <div class='ocr_carea' id='block_1_58' title="bbox 221 4490 1807 4568">
    <p class='ocr_par' dir='ltr' id='par_1_58' title="bbox 221 4490 1807 4568">
     <span class='ocr_line' id='line_1_58' title="bbox 221 4490 1807 4568; baseline -0.004 -19"><span class='ocrx_word' id='word_1_412' title='bbox 221 4494 339 4550; x_wconf 83' lang='grc' dir='ltr'><strong>τῶν</strong></span> <span class='ocrx_word' id='word_1_413' title='bbox 366 4493 798 4568; x_wconf 76' lang='grc' dir='ltr'>ὲπινοίᾳ;τὰςδὲ</span> <span class='ocrx_word' id='word_1_414' title='bbox 830 4492 1146 4568; x_wconf 79' lang='grc' dir='ltr'>κιννυρικάς</span> <span class='ocrx_word' id='word_1_415' title='bbox 1177 4493 1397 4565; x_wconf 76' lang='grc' dir='ltr'>χορδὰς,</span> <span class='ocrx_word' id='word_1_416' title='bbox 1426 4491 1522 4546; x_wconf 76' lang='grc' dir='ltr'>καὶ</span> <span class='ocrx_word' id='word_1_417' title='bbox 1546 4490 1646 4554; x_wconf 85' lang='grc' dir='ltr'>τὰς</span> <span class='ocrx_word' id='word_1_418' title='bbox 1667 4506 1807 4561; x_wconf 79' lang='grc' dir='ltr'>τυμ-</span> 
     </span>
    </p>
   </div>
   <div class='ocr_carea' id='block_1_59' title="bbox 221 4582 1811 4659">
    <p class='ocr_par' dir='ltr' id='par_1_59' title="bbox 221 4582 1811 4659">
     <span class='ocr_line' id='line_1_59' title="bbox 221 4582 1811 4659; baseline -0.005 -16"><span class='ocrx_word' id='word_1_419' title='bbox 221 4587 466 4651; x_wconf 60' lang='grc' dir='ltr'><strong>⁸πανικὰς</strong></span> <span class='ocrx_word' id='word_1_420' title='bbox 490 4586 704 4659; x_wconf 75' lang='grc' dir='ltr'>δέρρεις</span> <span class='ocrx_word' id='word_1_421' title='bbox 740 4585 993 4649; x_wconf 88' lang='grc' dir='ltr'>τιννύσας</span> <span class='ocrx_word' id='word_1_422' title='bbox 1024 4584 1118 4640; x_wconf 78' lang='grc' dir='ltr'>καὶ</span> <span class='ocrx_word' id='word_1_423' title='bbox 1150 4582 1478 4656; x_wconf 76' lang='grc' dir='ltr'>βομὸούσας,</span> <span class='ocrx_word' id='word_1_424' title='bbox 1505 4583 1600 4638; x_wconf 78' lang='grc' dir='ltr'>καὶ</span> <span class='ocrx_word' id='word_1_425' title='bbox 1629 4598 1811 4654; x_wconf 86' lang='grc' dir='ltr'>μυκω-</span> 
     </span>
    </p>
   </div>
   <div class='ocr_carea' id='block_1_60' title="bbox 226 4674 1811 4754">
    <p class='ocr_par' dir='ltr' id='par_1_60' title="bbox 226 4674 1811 4754">
     <span class='ocr_line' id='line_1_60' title="bbox 226 4674 1811 4754; baseline -0.004 -19"><span class='ocrx_word' id='word_1_426' title='bbox 226 4680 403 4754; x_wconf 83' lang='grc' dir='ltr'>μένας</span> <span class='ocrx_word' id='word_1_427' title='bbox 445 4682 513 4752; x_wconf 72' lang='grc' dir='ltr'>τῇ</span> <span class='ocrx_word' id='word_1_428' title='bbox 542 4680 725 4752; x_wconf 76' lang='grc' dir='ltr'>ἐπαφῇ</span> <span class='ocrx_word' id='word_1_429' title='bbox 758 4680 853 4733; x_wconf 67' lang='grc' dir='ltr'>καὶ</span> <span class='ocrx_word' id='word_1_430' title='bbox 889 4677 967 4751; x_wconf 82' lang='grc' dir='ltr'>τῷ</span> <span class='ocrx_word' id='word_1_431' title='bbox 1013 4678 1276 4750; x_wconf 81' lang='grc' dir='ltr'>πλήκτρῳ</span> <span class='ocrx_word' id='word_1_432' title='bbox 1308 4676 1403 4732; x_wconf 82' lang='grc' dir='ltr'><strong>τοῦ</strong></span> <span class='ocrx_word' id='word_1_433' title='bbox 1451 4674 1811 4746; x_wconf 75' lang='grc' dir='ltr'>κατέχοντοςς</span> 
     </span>
    </p>
   </div>
   <div class='ocr_carea' id='block_1_61' title="bbox 222 4767 1810 4843">
    <p class='ocr_par' dir='ltr' id='par_1_61' title="bbox 222 4767 1810 4843">
     <span class='ocr_line' id='line_1_61' title="bbox 222 4767 1810 4843; baseline -0.006 -15"><span class='ocrx_word' id='word_1_434' title='bbox 222 4772 422 4837; x_wconf 78' lang='grc' dir='ltr'>Οὕτως</span> <span class='ocrx_word' id='word_1_435' title='bbox 458 4788 547 4843; x_wconf 84' lang='grc' dir='ltr'><strong>μοι</strong></span> <span class='ocrx_word' id='word_1_436' title='bbox 590 4769 702 4824; x_wconf 85' lang='grc' dir='ltr'>νόει</span> <span class='ocrx_word' id='word_1_437' title='bbox 741 4770 835 4824; x_wconf 77' lang='grc' dir='ltr'>καὶ</span> <span class='ocrx_word' id='word_1_438' title='bbox 875 4770 974 4840; x_wconf 76' lang='grc' dir='ltr'>τὴν</span> <span class='ocrx_word' id='word_1_439' title='bbox 1020 4770 1123 4841; x_wconf 79' lang='grc' dir='ltr'>γῆν</span> <span class='ocrx_word' id='word_1_440' title='bbox 1170 4768 1424 4841; x_wconf 73' lang='grc' dir='ltr'>ἐνεργείᾳ</span> <span class='ocrx_word' id='word_1_441' title='bbox 1452 4767 1595 4831; x_wconf 75' lang='grc' dir='ltr'>τινὸς</span> <span class='ocrx_word' id='word_1_442' title='bbox 1622 4767 1810 4838; x_wconf 79' lang='grc' dir='ltr'>ἐτέρου</span> 
     </span>
    </p>
   </div>
   <div class='ocr_carea' id='block_1_62' title="bbox 225 4862 1016 4939">
    <p class='ocr_par' dir='ltr' id='par_1_62' title="bbox 225 4862 1016 4939">
     <span class='ocr_line' id='line_1_62' title="bbox 225 4862 1016 4939; baseline -0.004 -19"><span class='ocrx_word' id='word_1_443' title='bbox 225 4864 567 4939; x_wconf 79' lang='grc' dir='ltr'>μυκωμένην</span> <span class='ocrx_word' id='word_1_444' title='bbox 596 4863 688 4917; x_wconf 81' lang='grc' dir='ltr'>καὶ</span> <span class='ocrx_word' id='word_1_445' title='bbox 711 4862 1016 4933; x_wconf 81' lang='grc' dir='ltr'>σειομένην.</span> 
     </span>
    </p>
   </div>
   <div class='ocr_carea' id='block_1_63' title="bbox 825 5039 1224 5095">
    <p class='ocr_par' dir='ltr' id='par_1_63' title="bbox 825 5039 1224 5095">
     <span class='ocr_line' id='line_1_63' title="bbox 825 5039 1224 5095; baseline -0.005 0"><span class='ocrx_word' id='word_1_446' title='bbox 825 5039 1072 5095; x_wconf 81' lang='grc' dir='ltr'><strong>ΠΕΥΣΙΣ</strong></span> <span class='ocrx_word' id='word_1_447' title='bbox 1107 5040 1224 5093; x_wconf 71' lang='lat' dir='ltr'><strong>PA’.</strong></span> 
     </span>
    </p>
   </div>
   <div class='ocr_carea' id='block_1_64' title="bbox 299 5128 1811 5206">
    <p class='ocr_par' dir='ltr' id='par_1_64' title="bbox 299 5128 1811 5206">
     <span class='ocr_line' id='line_1_64' title="bbox 299 5128 1811 5206; baseline -0.005 -15"><span class='ocrx_word' id='word_1_448' title='bbox 299 5135 428 5198; x_wconf 79' lang='grc' dir='ltr'>Πῶς</span> <span class='ocrx_word' id='word_1_449' title='bbox 454 5130 546 5189; x_wconf 78' lang='grc' dir='ltr'><strong>οὖν</strong></span> <span class='ocrx_word' id='word_1_450' title='bbox 579 5134 629 5187; x_wconf 80' lang='grc' dir='ltr'>οἱ</span> <span class='ocrx_word' id='word_1_451' title='bbox 663 5136 815 5206; x_wconf 86' lang='grc' dir='ltr'>τρεῖς</span> <span class='ocrx_word' id='word_1_452' title='bbox 842 5132 1027 5195; x_wconf 84' lang='grc' dir='ltr'>παῖδες</span> <span class='ocrx_word' id='word_1_453' title='bbox 1072 5132 1252 5186; x_wconf 82' lang='grc' dir='ltr'>πᾶσαν</span> <span class='ocrx_word' id='word_1_454' title='bbox 1277 5130 1377 5203; x_wconf 77' lang='grc' dir='ltr'>τὴν</span> <span class='ocrx_word' id='word_1_455' title='bbox 1418 5129 1593 5185; x_wconf 83' lang='grc' dir='ltr'>κτίσιν</span> <span class='ocrx_word' id='word_1_456' title='bbox 1634 5128 1811 5200; x_wconf 66' lang='grc' dir='ltr'>ἐμψυο</span> 
     </span>
    </p>
   </div>
   <div class='ocr_carea' id='block_1_65' title="bbox 213 5223 1807 5305">
    <p class='ocr_par' dir='ltr' id='par_1_65' title="bbox 213 5223 1807 5305">
     <span class='ocr_line' id='line_1_65' title="bbox 213 5223 1807 5305; baseline -0.004 -23"><span class='ocrx_word' id='word_1_457' title='bbox 213 5249 318 5305; x_wconf 81' lang='grc' dir='ltr'>κον</span> <span class='ocrx_word' id='word_1_458' title='bbox 353 5227 712 5300; x_wconf 82' lang='grc' dir='ltr'>παριστῶσιν,</span> <span class='ocrx_word' id='word_1_459' title='bbox 744 5226 961 5298; x_wconf 78' lang='grc' dir='ltr'>ᾅδοντες</span> <span class='ocrx_word' id='word_1_460' title='bbox 1002 5229 1062 5280; x_wconf 75' lang='grc' dir='ltr'>ἐν</span> <span class='ocrx_word' id='word_1_461' title='bbox 1088 5228 1154 5298; x_wconf 76' lang='grc' dir='ltr'>τῇ</span> <span class='ocrx_word' id='word_1_462' title='bbox 1194 5225 1429 5297; x_wconf 87' lang='grc' dir='ltr'>καμίνῳ,</span> <span class='ocrx_word' id='word_1_463' title='bbox 1464 5223 1807 5295; x_wconf 51' lang='lat' dir='ltr'><strong>Eriza-reita,</strong></span> 
     </span>
    </p>
   </div>
   <div class='ocr_carea' id='block_1_66' title="bbox 222 5318 1808 5400">
    <p class='ocr_par' dir='ltr' id='par_1_66' title="bbox 222 5318 1808 5400">
     <span class='ocr_line' id='line_1_66' title="bbox 222 5318 1808 5400; baseline -0.005 -20"><span class='ocrx_word' id='word_1_464' title='bbox 222 5322 532 5400; x_wconf 60' lang='grc' dir='ltr'>πάντατὰ</span> <span class='ocrx_word' id='word_1_465' title='bbox 563 5322 708 5392; x_wconf 75' lang='grc' dir='ltr'>ἔργα</span> <span class='ocrx_word' id='word_1_466' title='bbox 740 5321 985 5391; x_wconf 79' lang='grc' dir='ltr'>Κυρίου,</span> <span class='ocrx_word' id='word_1_467' title='bbox 1015 5318 1123 5375; x_wconf 78' lang='grc' dir='ltr'><strong>τὸν</strong></span> <span class='ocrx_word' id='word_1_468' title='bbox 1150 5319 1398 5387; x_wconf 57' lang='grc' dir='ltr'>Κύριον</span> <span class='ocrx_word' id='word_1_469' title='bbox 1428 5318 1668 5388; x_wconf 74' lang='grc' dir='ltr'>ὑμνεῖτε</span> <span class='ocrx_word' id='word_1_470' title='bbox 1710 5318 1808 5372; x_wconf 83' lang='grc' dir='ltr'>καὶ</span> 
     </span>
    </p>
   </div>
   <div class='ocr_carea' id='block_1_67' title="bbox 297 5512 1313 5581">
    <p class='ocr_par' dir='ltr' id='par_1_67' title="bbox 297 5512 1313 5581">
     <span class='ocr_line' id='line_1_67' title="bbox 297 5512 1313 5581; baseline 0 -13"><span class='ocrx_word' id='word_1_471' title='bbox 297 5513 346 5544; x_wconf 84' lang='grc'><strong>⁷⁸</strong></span> <span class='ocrx_word' id='word_1_472' title='bbox 383 5512 531 5570; x_wconf 85' lang='lat' dir='ltr'><strong>Psal.</strong></span> <span class='ocrx_word' id='word_1_473' title='bbox 562 5527 682 5581; x_wconf 86' lang='lat' dir='ltr'><strong>cm,</strong></span> <span class='ocrx_word' id='word_1_474' title='bbox 707 5512 797 5570; x_wconf 75' lang='lat'><strong>50.</strong></span> <span class='ocrx_word' id='word_1_475' title='bbox 874 5513 920 5546; x_wconf 84' lang='grc'><strong>⁷⁷</strong></span> <span class='ocrx_word' id='word_1_476' title='bbox 961 5512 1064 5570; x_wconf 87' lang='lat' dir='ltr'><strong>lsa.</strong></span> <span class='ocrx_word' id='word_1_477' title='bbox 1098 5527 1232 5577; x_wconf 72' lang='lat' dir='ltr'><strong>nu,</strong></span> <span class='ocrx_word' id='word_1_478' title='bbox 1257 5512 1313 5568; x_wconf 82' lang='lat'><strong>5.</strong></span> 
     </span>
    </p>
   </div>
   <div class='ocr_carea' id='block_1_68' title="bbox 395 5677 1418 5751">
    <p class='ocr_par' dir='ltr' id='par_1_68' title="bbox 395 5677 1418 5751">
     <span class='ocr_line' id='line_1_68' title="bbox 395 5677 1418 5751; baseline 0 -18"><span class='ocrx_word' id='word_1_479' title='bbox 395 5680 414 5750; x_wconf 91' lang='lat'>)</span> <span class='ocrx_word' id='word_1_480' title='bbox 462 5677 941 5751; x_wconf 54' lang='lat' dir='ltr'><strong>’thgitat.Furte</strong></span> <span class='ocrx_word' id='word_1_481' title='bbox 965 5679 1221 5751; x_wconf 80' lang='grc' dir='ltr'>ὠρύεται.</span> <span class='ocrx_word' id='word_1_482' title='bbox 1260 5677 1418 5734; x_wconf 74' lang='lat' dir='ltr'><strong>Eutr.</strong></span> 
     </span>
    </p>
   </div>
   <div class='ocr_carea' id='block_1_69' title="bbox 294 5678 1002 5822">
    <p class='ocr_par' dir='ltr' id='par_1_69' title="bbox 294 5678 1002 5822">
     <span class='ocr_line' id='line_1_69' title="bbox 395 5678 1002 5750; baseline -0.002 -16"><span class='ocrx_word' id='word_1_483' title='bbox 395 5680 414 5750; x_wconf 92' lang='lat'>)</span> <span class='ocrx_word' id='word_1_484' title='bbox 462 5678 754 5745; x_wconf 71' lang='lat' dir='ltr'><strong>&#39;ﬂpvlitat.</strong></span> <span class='ocrx_word' id='word_1_485' title='bbox 782 5678 941 5734; x_wconf 77' lang='lat' dir='ltr'><strong>Forte</strong></span> <span class='ocrx_word' id='word_1_486' title='bbox 965 5680 1002 5733; x_wconf 74' lang='grc' dir='ltr'>ὠ</span> 
     </span>
     <span class='ocr_line' id='line_1_70' title="bbox 294 5678 1002 5822; baseline -0.003 -15"><span class='ocrx_word' id='word_1_487' title='bbox 294 5678 418 5821; x_wconf 51' lang='lat' dir='ltr'><strong>gf!)</strong></span> <span class='ocrx_word' id='word_1_488' title='bbox 454 5748 544 5822; x_wconf 62' lang='grc' dir='ltr'><strong>ΕΙ,</strong></span> <span class='ocrx_word' id='word_1_489' title='bbox 576 5748 735 5805; x_wconf 79' lang='lat' dir='ltr'><strong>Forte</strong></span> <span class='ocrx_word' id='word_1_490' title='bbox 754 5750 890 5806; x_wconf 75' lang='grc' dir='ltr'>ἐστί.</span> <span class='ocrx_word' id='word_1_491' title='bbox 928 5751 1002 5805; x_wconf 83' lang='lat' dir='ltr'><strong>lu.</strong></span> 
     </span>
    </p>
   </div>
   <div class='ocr_carea' id='block_1_70' title="bbox 468 5838 1363 5909">
    <p class='ocr_par' dir='ltr' id='par_1_70' title="bbox 468 5838 1363 5909">
     <span class='ocr_line' id='line_1_71' title="bbox 468 5838 1363 5909; baseline 0.009 -8"><span class='ocrx_word' id='word_1_492' title='bbox 468 5845 738 5907; x_wconf 76' lang='grc' dir='ltr'>1Ἀίἰιοι..</span> <span class='ocrx_word' id='word_1_493' title='bbox 781 5849 897 5909; x_wconf 72' lang='lat' dir='ltr'><strong>(in.</strong></span> <span class='ocrx_word' id='word_1_494' title='bbox 933 5845 1288 5908; x_wconf 76' lang='lat' dir='ltr'><strong>XXXVIII.</strong></span> <span class='ocrx_word' id='word_1_495' title='bbox 1360 5838 1363 5841; x_wconf 13' lang='lat'><strong><em>1</em></strong></span> 
     </span>
    </p>
   </div>
   <div class='ocr_carea' id='block_1_71' title="bbox 1983 1460 3493 1538">
    <p class='ocr_par' dir='ltr' id='par_1_71' title="bbox 1983 1460 3493 1538">
     <span class='ocr_line' id='line_1_72' title="bbox 1983 1460 3493 1538; baseline -0.007 -15"><span class='ocrx_word' id='word_1_496' title='bbox 1983 1465 2091 1523; x_wconf 83' lang='lat' dir='ltr'><strong>Sed</strong></span> <span class='ocrx_word' id='word_1_497' title='bbox 2134 1466 2201 1523; x_wconf 88' lang='lat' dir='ltr'><strong>ad</strong></span> <span class='ocrx_word' id='word_1_498' title='bbox 2236 1466 2578 1538; x_wconf 88' lang='lat' dir='ltr'><strong>propositum</strong></span> <span class='ocrx_word' id='word_1_499' title='bbox 2627 1480 2936 1523; x_wconf 89' lang='lat' dir='ltr'><strong>sermonem</strong></span> <span class='ocrx_word' id='word_1_500' title='bbox 2981 1460 3349 1535; x_wconf 86' lang='lat' dir='ltr'><strong>gubernacula</strong></span> <span class='ocrx_word' id='word_1_501' title='bbox 3376 1474 3493 1515; x_wconf 80' lang='lat' dir='ltr'><strong>ver-</strong></span> 
     </span>
    </p>
   </div>
   <div class='ocr_carea' id='block_1_72' title="bbox 1909 1552 3490 1636">
    <p class='ocr_par' dir='ltr' id='par_1_72' title="bbox 1909 1552 3490 1636">
     <span class='ocr_line' id='line_1_73' title="bbox 1909 1552 3490 1636; baseline -0.007 -19"><span class='ocrx_word' id='word_1_502' title='bbox 1909 1567 2118 1636; x_wconf 64' lang='lat' dir='ltr'><strong>tamus,</strong></span> <span class='ocrx_word' id='word_1_503' title='bbox 2149 1559 2467 1631; x_wconf 85' lang='lat' dir='ltr'><strong>prophetica</strong></span> <span class='ocrx_word' id='word_1_504' title='bbox 2504 1557 2681 1617; x_wconf 89' lang='lat' dir='ltr'><strong>secuti</strong></span> <span class='ocrx_word' id='word_1_505' title='bbox 2718 1556 2995 1629; x_wconf 78' lang='lat' dir='ltr'><strong>dogmata.</strong></span> <span class='ocrx_word' id='word_1_506' title='bbox 3034 1554 3314 1623; x_wconf 77' lang='lat' dir='ltr'><strong>Nusquam</strong></span> <span class='ocrx_word' id='word_1_507' title='bbox 3343 1552 3490 1608; x_wconf 91' lang='lat' dir='ltr'><strong>enim</strong></span> 
     </span>
    </p>
   </div>
   <div class='ocr_carea' id='block_1_73' title="bbox 1910 1645 3494 1723">
    <p class='ocr_par' dir='ltr' id='par_1_73' title="bbox 1910 1645 3494 1723">
     <span class='ocr_line' id='line_1_74' title="bbox 1910 1645 3494 1723; baseline -0.004 -17"><span class='ocrx_word' id='word_1_508' title='bbox 1910 1657 2117 1707; x_wconf 88' lang='lat' dir='ltr'><strong>terram</strong></span> <span class='ocrx_word' id='word_1_509' title='bbox 2161 1652 2459 1706; x_wconf 86' lang='lat' dir='ltr'><strong>animatam</strong></span> <span class='ocrx_word' id='word_1_510' title='bbox 2504 1650 2886 1723; x_wconf 84' lang='lat' dir='ltr'><strong>pronuntiant,</strong></span> <span class='ocrx_word' id='word_1_511' title='bbox 2928 1646 3025 1703; x_wconf 91' lang='lat' dir='ltr'><strong>sed</strong></span> <span class='ocrx_word' id='word_1_512' title='bbox 3067 1645 3250 1701; x_wconf 87' lang='lat' dir='ltr'><strong>divina</strong></span> <span class='ocrx_word' id='word_1_513' title='bbox 3292 1645 3494 1699; x_wconf 85' lang='lat' dir='ltr'><strong>virtute</strong></span> 
     </span>
    </p>
   </div>
   <div class='ocr_carea' id='block_1_74' title="bbox 1906 1734 3493 1811">
    <p class='ocr_par' dir='ltr' id='par_1_74' title="bbox 1906 1734 3493 1811">
     <span class='ocr_line' id='line_1_75' title="bbox 1906 1734 3493 1811; baseline -0.004 -16"><span class='ocrx_word' id='word_1_514' title='bbox 1906 1748 1970 1796; x_wconf 84' lang='lat' dir='ltr'><strong>et</strong></span> <span class='ocrx_word' id='word_1_515' title='bbox 2001 1739 2198 1811; x_wconf 88' lang='lat' dir='ltr'><strong>spiritu</strong></span> <span class='ocrx_word' id='word_1_516' title='bbox 2227 1739 2461 1794; x_wconf 85' lang='lat' dir='ltr'><strong>animari</strong></span> <span class='ocrx_word' id='word_1_517' title='bbox 2501 1754 2571 1795; x_wconf 77' lang='lat' dir='ltr'><strong>ex</strong></span> <span class='ocrx_word' id='word_1_518' title='bbox 2604 1739 2723 1809; x_wconf 88' lang='lat' dir='ltr'><strong>ipsa</strong></span> <span class='ocrx_word' id='word_1_519' title='bbox 2764 1737 3113 1810; x_wconf 89' lang='lat' dir='ltr'><strong>pullulantia,</strong></span> <span class='ocrx_word' id='word_1_520' title='bbox 3153 1735 3341 1791; x_wconf 85' lang='lat' dir='ltr'><strong>divino</strong></span> <span class='ocrx_word' id='word_1_521' title='bbox 3364 1734 3493 1806; x_wconf 86' lang='lat' dir='ltr'><strong>qui-</strong></span> 
     </span>
    </p>
   </div>
   <div class='ocr_carea' id='block_1_75' title="bbox 1910 1829 3497 1899">
    <p class='ocr_par' dir='ltr' id='par_1_75' title="bbox 1910 1829 3497 1899">
     <span class='ocr_line' id='line_1_76' title="bbox 1910 1829 3497 1899; baseline -0.003 -13"><span class='ocrx_word' id='word_1_522' title='bbox 1910 1831 2034 1887; x_wconf 88' lang='lat' dir='ltr'><strong>dem</strong></span> <span class='ocrx_word' id='word_1_523' title='bbox 2062 1830 2264 1888; x_wconf 87' lang='lat' dir='ltr'><strong>Davide</strong></span> <span class='ocrx_word' id='word_1_524' title='bbox 2291 1840 2544 1899; x_wconf 79' lang='lat' dir='ltr'><strong>canente,</strong></span> <span class='ocrx_word' id='word_1_525' title='bbox 2577 1829 2758 1888; x_wconf 69' lang='lat' dir='ltr'><strong>lines</strong></span> <span class='ocrx_word' id='word_1_526' title='bbox 2785 1829 3048 1899; x_wconf 78' lang='lat' dir='ltr'><strong>Spiritum</strong></span> <span class='ocrx_word' id='word_1_527' title='bbox 3071 1839 3244 1894; x_wconf 82' lang='lat' dir='ltr'><strong>tuum,</strong></span> <span class='ocrx_word' id='word_1_528' title='bbox 3271 1836 3323 1883; x_wconf 80' lang='lat' dir='ltr'><strong>et</strong></span> <span class='ocrx_word' id='word_1_529' title='bbox 3345 1843 3497 1882; x_wconf 78' lang='lat' dir='ltr'><strong>crea-</strong></span> 
     </span>
    </p>
   </div>
   <div class='ocr_carea' id='block_1_76' title="bbox 1909 1920 3496 1994">
    <p class='ocr_par' dir='ltr' id='par_1_76' title="bbox 1909 1920 3496 1994">
     <span class='ocr_line' id='line_1_77' title="bbox 1909 1920 3496 1994; baseline -0.001 -17"><span class='ocrx_word' id='word_1_530' title='bbox 1909 1923 2170 1978; x_wconf 72' lang='lat' dir='ltr'><strong>bantur&quot;</strong></span> <span class='ocrx_word' id='word_1_531' title='bbox 2199 1942 2213 1979; x_wconf 88' lang='lat'><strong>:</strong></span> <span class='ocrx_word' id='word_1_532' title='bbox 2242 1923 2382 1980; x_wconf 86' lang='lat' dir='ltr'><strong>Isaia</strong></span> <span class='ocrx_word' id='word_1_533' title='bbox 2413 1939 2544 1980; x_wconf 87' lang='lat' dir='ltr'><strong>vero</strong></span> <span class='ocrx_word' id='word_1_534' title='bbox 2576 1924 2724 1981; x_wconf 89' lang='lat' dir='ltr'><strong>velut</strong></span> <span class='ocrx_word' id='word_1_535' title='bbox 2770 1922 2824 1978; x_wconf 92' lang='lat' dir='ltr'><strong>iu</strong></span> <span class='ocrx_word' id='word_1_536' title='bbox 2866 1938 3100 1994; x_wconf 84' lang='lat' dir='ltr'><strong>persona</strong></span> <span class='ocrx_word' id='word_1_537' title='bbox 3130 1920 3226 1979; x_wconf 86' lang='lat' dir='ltr'><strong>Dei</strong></span> <span class='ocrx_word' id='word_1_538' title='bbox 3271 1920 3496 1976; x_wconf 84' lang='lat' dir='ltr'><strong>manife-</strong></span> 
     </span>
    </p>
   </div>
   <div class='ocr_carea' id='block_1_77' title="bbox 1907 2016 3492 2089">
    <p class='ocr_par' dir='ltr' id='par_1_77' title="bbox 1907 2016 3492 2089">
     <span class='ocr_line' id='line_1_78' title="bbox 1907 2016 3492 2089; baseline -0.004 -16"><span class='ocrx_word' id='word_1_539' title='bbox 1907 2023 1997 2073; x_wconf 83' lang='lat' dir='ltr'><strong>sto</strong></span> <span class='ocrx_word' id='word_1_540' title='bbox 2043 2018 2315 2074; x_wconf 87' lang='lat' dir='ltr'><strong>clamante</strong></span> <span class='ocrx_word' id='word_1_541' title='bbox 2341 2037 2353 2073; x_wconf 88' lang='lat'><strong>:</strong></span> <span class='ocrx_word' id='word_1_542' title='bbox 2393 2016 2506 2089; x_wconf 86' lang='lat' dir='ltr'><strong>Ego</strong></span> <span class='ocrx_word' id='word_1_543' title='bbox 2531 2016 2674 2074; x_wconf 82' lang='lat' dir='ltr'><strong>Deus</strong></span> <span class='ocrx_word' id='word_1_544' title='bbox 2704 2016 2797 2088; x_wconf 85' lang='lat' dir='ltr'><strong>qui</strong></span> <span class='ocrx_word' id='word_1_545' title='bbox 2830 2016 2931 2087; x_wconf 78' lang='lat' dir='ltr'><strong>feci</strong></span> <span class='ocrx_word' id='word_1_546' title='bbox 2973 2016 3162 2072; x_wconf 67' lang='lat' dir='ltr'><strong>cretum</strong></span> <span class='ocrx_word' id='word_1_547' title='bbox 3190 2025 3241 2070; x_wconf 77' lang='lat' dir='ltr'><strong>et</strong></span> <span class='ocrx_word' id='word_1_548' title='bbox 3270 2024 3492 2079; x_wconf 81' lang='lat' dir='ltr'><strong>terram,</strong></span> 
     </span>
    </p>
   </div>
   <div class='ocr_carea' id='block_1_78' title="bbox 1904 2107 3400 2180">
    <p class='ocr_par' dir='ltr' id='par_1_78' title="bbox 1904 2107 3400 2180">
     <span class='ocr_line' id='line_1_79' title="bbox 1904 2107 3400 2180; baseline -0.003 -16"><span class='ocrx_word' id='word_1_549' title='bbox 1904 2119 1957 2164; x_wconf 80' lang='lat' dir='ltr'><strong>et</strong></span> <span class='ocrx_word' id='word_1_550' title='bbox 1980 2109 2073 2180; x_wconf 87' lang='lat' dir='ltr'><strong>qui</strong></span> <span class='ocrx_word' id='word_1_551' title='bbox 2092 2108 2160 2163; x_wconf 81' lang='lat' dir='ltr'><strong>do</strong></span> <span class='ocrx_word' id='word_1_552' title='bbox 2182 2109 2375 2179; x_wconf 76' lang='lat' dir='ltr'><strong>ﬂatum</strong></span> <span class='ocrx_word' id='word_1_553' title='bbox 2407 2110 2527 2165; x_wconf 78' lang='lat' dir='ltr'><strong>vita:</strong></span> <span class='ocrx_word' id='word_1_554' title='bbox 2556 2108 2801 2165; x_wconf 85' lang='lat' dir='ltr'><strong>omnibus</strong></span> <span class='ocrx_word' id='word_1_555' title='bbox 2828 2108 3162 2164; x_wconf 78' lang='lat' dir='ltr'><strong>calcantibus</strong></span> <span class='ocrx_word' id='word_1_556' title='bbox 3189 2123 3310 2161; x_wconf 82' lang='lat' dir='ltr'><strong>eam</strong></span> <span class='ocrx_word' id='word_1_557' title='bbox 3332 2107 3400 2159; x_wconf 86' lang='lat'><strong>&quot;.</strong></span> 
     </span>
    </p>
   </div>
   <div class='ocr_carea' id='block_1_79' title="bbox 2356 2290 3046 2350">
    <p class='ocr_par' dir='ltr' id='par_1_79' title="bbox 2356 2290 3046 2350">
     <span class='ocr_line' id='line_1_80' title="bbox 2356 2290 3046 2350; baseline -0.001 0"><span class='ocrx_word' id='word_1_558' title='bbox 2356 2290 2877 2350; x_wconf 77' lang='lat' dir='ltr'><strong>INTERROGATIO</strong></span> <span class='ocrx_word' id='word_1_559' title='bbox 2912 2291 3046 2349; x_wconf 86' lang='lat' dir='ltr'><strong>CIII.</strong></span> 
     </span>
    </p>
   </div>
   <div class='ocr_carea' id='block_1_80' title="bbox 1980 2383 3492 2457">
    <p class='ocr_par' dir='ltr' id='par_1_80' title="bbox 1980 2383 3492 2457">
     <span class='ocr_line' id='line_1_81' title="bbox 1980 2383 3492 2457; baseline 0.001 -17"><span class='ocrx_word' id='word_1_560' title='bbox 1980 2384 2129 2442; x_wconf 86' lang='lat' dir='ltr'><strong>Nihil</strong></span> <span class='ocrx_word' id='word_1_561' title='bbox 2151 2385 2298 2457; x_wconf 84' lang='lat' dir='ltr'><strong>quod</strong></span> <span class='ocrx_word' id='word_1_562' title='bbox 2330 2385 2502 2456; x_wconf 88' lang='lat' dir='ltr'><strong>mugit</strong></span> <span class='ocrx_word' id='word_1_563' title='bbox 2528 2394 2626 2440; x_wconf 88' lang='lat' dir='ltr'><strong>aut</strong></span> <span class='ocrx_word' id='word_1_564' title='bbox 2650 2385 2817 2455; x_wconf 88' lang='lat' dir='ltr'><strong>rugit.</strong></span> <span class='ocrx_word' id='word_1_565' title='bbox 2857 2384 3161 2439; x_wconf 88' lang='lat' dir='ltr'><strong>inanimum</strong></span> <span class='ocrx_word' id='word_1_566' title='bbox 3195 2398 3319 2440; x_wconf 92' lang='lat' dir='ltr'><strong>esse</strong></span> <span class='ocrx_word' id='word_1_567' title='bbox 3353 2383 3492 2441; x_wconf 80' lang='lat' dir='ltr'><strong>dici-</strong></span> 
     </span>
    </p>
   </div>
   <div class='ocr_carea' id='block_1_81' title="bbox 1909 2476 3490 2551">
    <p class='ocr_par' dir='ltr' id='par_1_81' title="bbox 1909 2476 3490 2551">
     <span class='ocr_line' id='line_1_82' title="bbox 1909 2476 3490 2551; baseline -0.004 -15"><span class='ocrx_word' id='word_1_568' title='bbox 1909 2496 2068 2548; x_wconf 88' lang='lat' dir='ltr'><strong>mus;</strong></span> <span class='ocrx_word' id='word_1_569' title='bbox 2102 2479 2379 2551; x_wconf 90' lang='lat' dir='ltr'><strong>quomodo</strong></span> <span class='ocrx_word' id='word_1_570' title='bbox 2411 2479 2577 2549; x_wconf 90' lang='lat' dir='ltr'><strong>igitur</strong></span> <span class='ocrx_word' id='word_1_571' title='bbox 2606 2478 2753 2549; x_wconf 86' lang='lat' dir='ltr'><strong>rugit</strong></span> <span class='ocrx_word' id='word_1_572' title='bbox 2781 2486 2951 2543; x_wconf 86' lang='lat' dir='ltr'><strong>terra,</strong></span> <span class='ocrx_word' id='word_1_573' title='bbox 2987 2479 3032 2532; x_wconf 91' lang='lat' dir='ltr'><strong>si</strong></span> <span class='ocrx_word' id='word_1_574' title='bbox 3054 2476 3276 2549; x_wconf 82' lang='lat' dir='ltr'><strong>quidem</strong></span> <span class='ocrx_word' id='word_1_575' title='bbox 3310 2478 3490 2531; x_wconf 67' lang='lat' dir='ltr'><strong>inan’o</strong></span> 
     </span>
    </p>
   </div>
   <div class='ocr_carea' id='block_1_82' title="bbox 1908 2568 3423 2642">
    <p class='ocr_par' dir='ltr' id='par_1_82' title="bbox 1908 2568 3423 2642">
     <span class='ocr_line' id='line_1_83' title="bbox 1908 2568 3423 2642; baseline -0.004 -14"><span class='ocrx_word' id='word_1_576' title='bbox 1908 2578 2056 2628; x_wconf 89' lang='lat' dir='ltr'><strong>mata</strong></span> <span class='ocrx_word' id='word_1_577' title='bbox 2085 2579 2191 2639; x_wconf 88' lang='lat' dir='ltr'><strong>est,</strong></span> <span class='ocrx_word' id='word_1_578' title='bbox 2219 2580 2274 2627; x_wconf 89' lang='lat' dir='ltr'><strong>et</strong></span> <span class='ocrx_word' id='word_1_579' title='bbox 2314 2570 2593 2642; x_wconf 87' lang='lat' dir='ltr'><strong>quomodo</strong></span> <span class='ocrx_word' id='word_1_580' title='bbox 2625 2569 2798 2642; x_wconf 85' lang='lat' dir='ltr'><strong>mugit</strong></span> <span class='ocrx_word' id='word_1_581' title='bbox 2827 2568 3048 2639; x_wconf 87' lang='lat' dir='ltr'><strong>quando</strong></span> <span class='ocrx_word' id='word_1_582' title='bbox 3068 2569 3423 2625; x_wconf 80' lang='lat' dir='ltr'><strong>concutitur?</strong></span> 
     </span>
    </p>
   </div>
   <div class='ocr_carea' id='block_1_83' title="bbox 2512 2660 2819 2731">
    <p class='ocr_par' dir='ltr' id='par_1_83' title="bbox 2512 2660 2819 2731">
     <span class='ocr_line' id='line_1_84' title="bbox 2512 2660 2819 2731; baseline 0 -16"><span class='ocrx_word' id='word_1_583' title='bbox 2512 2660 2819 2731; x_wconf 76' lang='lat' dir='ltr'><strong>Responsio.</strong></span> 
     </span>
    </p>
   </div>
   <div class='ocr_carea' id='block_1_84' title="bbox 1988 2753 3491 2827">
    <p class='ocr_par' dir='ltr' id='par_1_84' title="bbox 1988 2753 3491 2827">
     <span class='ocr_line' id='line_1_85' title="bbox 1988 2753 3491 2827; baseline -0.003 -14"><span class='ocrx_word' id='word_1_584' title='bbox 1988 2756 2256 2813; x_wconf 90' lang='lat' dir='ltr'><strong>Similiter</strong></span> <span class='ocrx_word' id='word_1_585' title='bbox 2295 2770 2363 2812; x_wconf 91' lang='lat' dir='ltr'><strong>ac</strong></span> <span class='ocrx_word' id='word_1_586' title='bbox 2409 2770 2561 2810; x_wconf 90' lang='lat' dir='ltr'><strong>mare</strong></span> <span class='ocrx_word' id='word_1_587' title='bbox 2595 2753 2974 2812; x_wconf 87' lang='lat' dir='ltr'><strong>subterraneis</strong></span> <span class='ocrx_word' id='word_1_588' title='bbox 3014 2753 3302 2827; x_wconf 85' lang='lat' dir='ltr'><strong>spiritibus</strong></span> <span class='ocrx_word' id='word_1_589' title='bbox 3344 2753 3491 2810; x_wconf 89' lang='lat' dir='ltr'><strong>intu-</strong></span> 
     </span>
    </p>
   </div>
   <div class='ocr_carea' id='block_1_85' title="bbox 1909 2848 3491 2921">
    <p class='ocr_par' dir='ltr' id='par_1_85' title="bbox 1909 2848 3491 2921">
     <span class='ocr_line' id='line_1_86' title="bbox 1909 2848 3491 2921; baseline -0.002 -14"><span class='ocrx_word' id='word_1_590' title='bbox 1909 2864 2184 2914; x_wconf 85' lang='lat' dir='ltr'><strong>mescens,</strong></span> <span class='ocrx_word' id='word_1_591' title='bbox 2233 2848 2392 2921; x_wconf 87' lang='lat' dir='ltr'><strong>quasi</strong></span> <span class='ocrx_word' id='word_1_592' title='bbox 2447 2848 2740 2905; x_wconf 87' lang='lat' dir='ltr'><strong>stridorem</strong></span> <span class='ocrx_word' id='word_1_593' title='bbox 2786 2848 3025 2919; x_wconf 86' lang='lat' dir='ltr'><strong>aliquem</strong></span> <span class='ocrx_word' id='word_1_594' title='bbox 3069 2856 3164 2904; x_wconf 91' lang='lat' dir='ltr'><strong>aut</strong></span> <span class='ocrx_word' id='word_1_595' title='bbox 3221 2848 3491 2920; x_wconf 86' lang='lat' dir='ltr'><strong>mugitum</strong></span> 
     </span>
    </p>
   </div>
   <div class='ocr_carea' id='block_1_86' title="bbox 1910 2934 3494 3013">
    <p class='ocr_par' dir='ltr' id='par_1_86' title="bbox 1910 2934 3494 3013">
     <span class='ocr_line' id='line_1_87' title="bbox 1910 2934 3494 3013; baseline 0.001 -21"><span class='ocrx_word' id='word_1_596' title='bbox 1910 2937 2109 2992; x_wconf 76' lang='lat' dir='ltr'><strong>reddit.</strong></span> <span class='ocrx_word' id='word_1_597' title='bbox 2158 2934 2375 3013; x_wconf 83' lang='lat' dir='ltr'><strong>Etenim</strong></span> <span class='ocrx_word' id='word_1_598' title='bbox 2416 2936 2551 2991; x_wconf 90' lang='lat' dir='ltr'><strong>illud</strong></span> <span class='ocrx_word' id='word_1_599' title='bbox 2584 2951 2961 3007; x_wconf 66' lang='lat' dir='ltr'><strong>saepenumero</strong></span> <span class='ocrx_word' id='word_1_600' title='bbox 2994 2946 3327 3008; x_wconf 87' lang='lat' dir='ltr'><strong>evaporante</strong></span> <span class='ocrx_word' id='word_1_601' title='bbox 3365 2953 3494 3010; x_wconf 80' lang='lat' dir='ltr'><strong>pro-</strong></span> 
     </span>
    </p>
   </div>
   <div class='ocr_carea' id='block_1_87' title="bbox 1914 3025 3495 3093">
    <p class='ocr_par' dir='ltr' id='par_1_87' title="bbox 1914 3025 3495 3093">
     <span class='ocr_line' id='line_1_88' title="bbox 1914 3025 3495 3093; baseline 0.001 -12"><span class='ocrx_word' id='word_1_602' title='bbox 1914 3025 2064 3082; x_wconf 80' lang='lat' dir='ltr'><strong>fundi</strong></span> <span class='ocrx_word' id='word_1_603' title='bbox 2104 3034 2241 3081; x_wconf 72' lang='lat' dir='ltr'><strong>aestu</strong></span> <span class='ocrx_word' id='word_1_604' title='bbox 2290 3037 2627 3081; x_wconf 87' lang='lat' dir='ltr'><strong>commotum</strong></span> <span class='ocrx_word' id='word_1_605' title='bbox 2667 3035 2722 3082; x_wconf 91' lang='lat' dir='ltr'><strong>et</strong></span> <span class='ocrx_word' id='word_1_606' title='bbox 2756 3026 3063 3093; x_wconf 80' lang='lat' dir='ltr'><strong>exundans,</strong></span> <span class='ocrx_word' id='word_1_607' title='bbox 3102 3028 3345 3083; x_wconf 91' lang='lat' dir='ltr'><strong>sonitum</strong></span> <span class='ocrx_word' id='word_1_608' title='bbox 3378 3028 3495 3084; x_wconf 76' lang='lat' dir='ltr'><strong>elli-</strong></span> 
     </span>
    </p>
   </div>
   <div class='ocr_carea' id='block_1_88' title="bbox 1915 3117 3493 3188">
    <p class='ocr_par' dir='ltr' id='par_1_88' title="bbox 1915 3117 3493 3188">
     <span class='ocr_line' id='line_1_89' title="bbox 1915 3117 3493 3188; baseline 0.003 -16"><span class='ocrx_word' id='word_1_609' title='bbox 1915 3118 2025 3184; x_wconf 90' lang='lat' dir='ltr'><strong>cit,</strong></span> <span class='ocrx_word' id='word_1_610' title='bbox 2079 3117 2311 3174; x_wconf 89' lang='lat' dir='ltr'><strong>allidens</strong></span> <span class='ocrx_word' id='word_1_611' title='bbox 2358 3119 2713 3188; x_wconf 88' lang='lat' dir='ltr'><strong>semetipsum</strong></span> <span class='ocrx_word' id='word_1_612' title='bbox 2759 3118 3018 3188; x_wconf 86' lang='lat' dir='ltr'><strong>procellis</strong></span> <span class='ocrx_word' id='word_1_613' title='bbox 3066 3119 3493 3176; x_wconf 86' lang='lat' dir='ltr'><strong>vehementiori-</strong></span> 
     </span>
    </p>
   </div>
   <div class='ocr_carea' id='block_1_89' title="bbox 1916 3207 3491 3277">
    <p class='ocr_par' dir='ltr' id='par_1_89' title="bbox 1916 3207 3491 3277">
     <span class='ocr_line' id='line_1_90' title="bbox 1916 3207 3491 3277; baseline 0 -11"><span class='ocrx_word' id='word_1_614' title='bbox 1916 3209 2039 3266; x_wconf 92' lang='lat' dir='ltr'><strong>hus.</strong></span> <span class='ocrx_word' id='word_1_615' title='bbox 2073 3209 2403 3277; x_wconf 83' lang='lat' dir='ltr'><strong>Quieseente</strong></span> <span class='ocrx_word' id='word_1_616' title='bbox 2431 3226 2562 3265; x_wconf 86' lang='lat' dir='ltr'><strong>vero</strong></span> <span class='ocrx_word' id='word_1_617' title='bbox 2582 3207 2739 3273; x_wconf 83' lang='lat' dir='ltr'><strong>ﬂatu,</strong></span> <span class='ocrx_word' id='word_1_618' title='bbox 2779 3209 2925 3265; x_wconf 89' lang='lat' dir='ltr'><strong>velut</strong></span> <span class='ocrx_word' id='word_1_619' title='bbox 2954 3209 3318 3266; x_wconf 87' lang='lat' dir='ltr'><strong>inanimatum</strong></span> <span class='ocrx_word' id='word_1_620' title='bbox 3346 3211 3491 3268; x_wconf 87' lang='lat' dir='ltr'><strong>haud</strong></span> 
     </span>
    </p>
   </div>
   <div class='ocr_carea' id='block_1_90' title="bbox 1909 3298 3492 3374">
    <p class='ocr_par' dir='ltr' id='par_1_90' title="bbox 1909 3298 3492 3374">
     <span class='ocr_line' id='line_1_91' title="bbox 1909 3298 3492 3374; baseline 0.001 -18"><span class='ocrx_word' id='word_1_621' title='bbox 1909 3300 2133 3365; x_wconf 84' lang='lat' dir='ltr'><strong>clamat,</strong></span> <span class='ocrx_word' id='word_1_622' title='bbox 2180 3300 2274 3357; x_wconf 89' lang='lat' dir='ltr'><strong>sed</strong></span> <span class='ocrx_word' id='word_1_623' title='bbox 2321 3299 2560 3370; x_wconf 88' lang='lat' dir='ltr'><strong>sopitum</strong></span> <span class='ocrx_word' id='word_1_624' title='bbox 2609 3298 2999 3371; x_wconf 81' lang='lat' dir='ltr'><strong>profunditatis</strong></span> <span class='ocrx_word' id='word_1_625' title='bbox 3040 3302 3492 3374; x_wconf 84' lang='lat' dir='ltr'><strong>tranquillitatem</strong></span> 
     </span>
    </p>
   </div>
   <div class='ocr_carea' id='block_1_91' title="bbox 1912 3389 3494 3464">
    <p class='ocr_par' dir='ltr' id='par_1_91' title="bbox 1912 3389 3494 3464">
     <span class='ocr_line' id='line_1_92' title="bbox 1912 3389 3494 3464; baseline 0.001 -16"><span class='ocrx_word' id='word_1_626' title='bbox 1912 3392 2092 3449; x_wconf 86' lang='lat' dir='ltr'><strong>habet.</strong></span> <span class='ocrx_word' id='word_1_627' title='bbox 2131 3389 2438 3463; x_wconf 67' lang='lat' dir='ltr'><strong>Caeteroqui</strong></span> <span class='ocrx_word' id='word_1_628' title='bbox 2468 3406 2599 3447; x_wconf 90' lang='lat' dir='ltr'><strong>num</strong></span> <span class='ocrx_word' id='word_1_629' title='bbox 2637 3392 2840 3461; x_wconf 87' lang='lat' dir='ltr'><strong>putatis</strong></span> <span class='ocrx_word' id='word_1_630' title='bbox 2868 3393 3094 3464; x_wconf 85' lang='lat' dir='ltr'><strong>aquaria</strong></span> <span class='ocrx_word' id='word_1_631' title='bbox 3117 3409 3245 3450; x_wconf 84' lang='lat' dir='ltr'><strong>vasa</strong></span> <span class='ocrx_word' id='word_1_632' title='bbox 3272 3394 3355 3450; x_wconf 90' lang='lat' dir='ltr'><strong>vcl</strong></span> <span class='ocrx_word' id='word_1_633' title='bbox 3394 3395 3494 3450; x_wconf 83' lang='lat' dir='ltr'><strong>do-</strong></span> 
     </span>
    </p>
   </div>
   <div class='ocr_carea' id='block_1_92' title="bbox 1910 3483 3495 3554">
    <p class='ocr_par' dir='ltr' id='par_1_92' title="bbox 1910 3483 3495 3554">
     <span class='ocr_line' id='line_1_93' title="bbox 1910 3483 3495 3554; baseline 0.004 -16"><span class='ocrx_word' id='word_1_634' title='bbox 1910 3484 1983 3538; x_wconf 87' lang='lat' dir='ltr'><strong>lia</strong></span> <span class='ocrx_word' id='word_1_635' title='bbox 2018 3485 2259 3539; x_wconf 88' lang='lat' dir='ltr'><strong>animata</strong></span> <span class='ocrx_word' id='word_1_636' title='bbox 2305 3498 2451 3548; x_wconf 89' lang='lat' dir='ltr'><strong>esse,</strong></span> <span class='ocrx_word' id='word_1_637' title='bbox 2493 3498 2616 3554; x_wconf 66' lang='lat' dir='ltr'><strong>quae</strong></span> <span class='ocrx_word' id='word_1_638' title='bbox 2645 3483 2902 3543; x_wconf 88' lang='lat' dir='ltr'><strong>audimus</strong></span> <span class='ocrx_word' id='word_1_639' title='bbox 2950 3486 3238 3543; x_wconf 85' lang='lat' dir='ltr'><strong>stridentia</strong></span> <span class='ocrx_word' id='word_1_640' title='bbox 3280 3498 3335 3544; x_wconf 91' lang='lat' dir='ltr'><strong>et</strong></span> <span class='ocrx_word' id='word_1_641' title='bbox 3373 3505 3495 3546; x_wconf 84' lang='lat' dir='ltr'><strong>mu-</strong></span> 
     </span>
    </p>
   </div>
   <div class='ocr_carea' id='block_1_93' title="bbox 1911 3574 3493 3647">
    <p class='ocr_par' dir='ltr' id='par_1_93' title="bbox 1911 3574 3493 3647">
     <span class='ocr_line' id='line_1_94' title="bbox 1911 3574 3493 3647; baseline 0.004 -18"><span class='ocrx_word' id='word_1_642' title='bbox 1911 3574 2135 3646; x_wconf 89' lang='lat' dir='ltr'><strong>gientia,</strong></span> <span class='ocrx_word' id='word_1_643' title='bbox 2180 3590 2303 3630; x_wconf 89' lang='lat' dir='ltr'><strong>cum</strong></span> <span class='ocrx_word' id='word_1_644' title='bbox 2332 3583 2582 3645; x_wconf 89' lang='lat' dir='ltr'><strong>penetrat</strong></span> <span class='ocrx_word' id='word_1_645' title='bbox 2610 3575 2792 3632; x_wconf 89' lang='lat' dir='ltr'><strong>aerius</strong></span> <span class='ocrx_word' id='word_1_646' title='bbox 2841 3576 3112 3647; x_wconf 84' lang='lat' dir='ltr'><strong>spiritus?</strong></span> <span class='ocrx_word' id='word_1_647' title='bbox 3141 3580 3325 3636; x_wconf 88' lang='lat' dir='ltr'><strong>occisa</strong></span> <span class='ocrx_word' id='word_1_648' title='bbox 3363 3597 3493 3637; x_wconf 88' lang='lat' dir='ltr'><strong>vero</strong></span> 
     </span>
    </p>
   </div>
   <div class='ocr_carea' id='block_1_94' title="bbox 1910 3666 3569 3742">
    <p class='ocr_par' dir='ltr' id='par_1_94' title="bbox 1910 3666 3569 3742">
     <span class='ocr_line' id='line_1_95' title="bbox 1910 3666 3569 3742; baseline 0.002 -19"><span class='ocrx_word' id='word_1_649' title='bbox 1910 3681 2076 3737; x_wconf 84' lang='lat' dir='ltr'><strong>capra</strong></span> <span class='ocrx_word' id='word_1_650' title='bbox 2118 3674 2176 3722; x_wconf 87' lang='lat' dir='ltr'><strong>et</strong></span> <span class='ocrx_word' id='word_1_651' title='bbox 2205 3667 2508 3732; x_wconf 84' lang='lat' dir='ltr'><strong>excoriata,</strong></span> <span class='ocrx_word' id='word_1_652' title='bbox 2549 3666 2727 3724; x_wconf 83' lang='lat' dir='ltr'><strong>cuivis</strong></span> <span class='ocrx_word' id='word_1_653' title='bbox 2779 3676 3000 3725; x_wconf 85' lang='lat' dir='ltr'><strong>constat</strong></span> <span class='ocrx_word' id='word_1_654' title='bbox 3062 3668 3237 3741; x_wconf 90' lang='lat' dir='ltr'><strong>ipsam</strong></span> <span class='ocrx_word' id='word_1_655' title='bbox 3296 3672 3489 3742; x_wconf 88' lang='lat' dir='ltr'><strong>pellem</strong></span> <span class='ocrx_word' id='word_1_656' title='bbox 3560 3714 3569 3717; x_wconf 83' lang='lat'><strong>-</strong></span> 
     </span>
    </p>
   </div>
   <div class='ocr_carea' id='block_1_95' title="bbox 1912 3758 3492 3824">
    <p class='ocr_par' dir='ltr' id='par_1_95' title="bbox 1912 3758 3492 3824">
     <span class='ocr_line' id='line_1_96' title="bbox 1912 3758 3492 3824; baseline 0.003 -10"><span class='ocrx_word' id='word_1_657' title='bbox 1912 3758 2213 3814; x_wconf 89' lang='lat' dir='ltr'><strong>iuanimam</strong></span> <span class='ocrx_word' id='word_1_658' title='bbox 2249 3772 2410 3824; x_wconf 87' lang='lat' dir='ltr'><strong>esse;</strong></span> <span class='ocrx_word' id='word_1_659' title='bbox 2447 3758 2501 3814; x_wconf 89' lang='lat' dir='ltr'><strong>iu</strong></span> <span class='ocrx_word' id='word_1_660' title='bbox 2538 3766 2713 3814; x_wconf 89' lang='lat' dir='ltr'><strong>utrem</strong></span> <span class='ocrx_word' id='word_1_661' title='bbox 2740 3771 2873 3814; x_wconf 90' lang='lat' dir='ltr'><strong>vero</strong></span> <span class='ocrx_word' id='word_1_662' title='bbox 2906 3767 3033 3815; x_wconf 88' lang='lat' dir='ltr'><strong>cute</strong></span> <span class='ocrx_word' id='word_1_663' title='bbox 3070 3772 3407 3819; x_wconf 87' lang='lat' dir='ltr'><strong>commutata</strong></span> <span class='ocrx_word' id='word_1_664' title='bbox 3435 3772 3492 3819; x_wconf 85' lang='lat' dir='ltr'><strong>et</strong></span> 
     </span>
    </p>
   </div>
   <div class='ocr_carea' id='block_1_96' title="bbox 1912 3848 3495 3922">
    <p class='ocr_par' dir='ltr' id='par_1_96' title="bbox 1912 3848 3495 3922">
     <span class='ocr_line' id='line_1_97' title="bbox 1912 3848 3495 3922; baseline 0.001 -15"><span class='ocrx_word' id='word_1_665' title='bbox 1912 3850 2107 3920; x_wconf 86' lang='lat' dir='ltr'><strong>spiritu</strong></span> <span class='ocrx_word' id='word_1_666' title='bbox 2145 3849 2410 3916; x_wconf 86' lang='lat' dir='ltr'><strong>distenta,</strong></span> <span class='ocrx_word' id='word_1_667' title='bbox 2438 3848 2635 3905; x_wconf 87' lang='lat' dir='ltr'><strong>deinde</strong></span> <span class='ocrx_word' id='word_1_668' title='bbox 2687 3865 2882 3907; x_wconf 86' lang='lat' dir='ltr'><strong>rursus</strong></span> <span class='ocrx_word' id='word_1_669' title='bbox 2917 3852 3329 3922; x_wconf 85' lang='lat' dir='ltr'><strong>compressione</strong></span> <span class='ocrx_word' id='word_1_670' title='bbox 3375 3870 3495 3909; x_wconf 89' lang='lat' dir='ltr'><strong>ma-</strong></span> 
     </span>
    </p>
   </div>
   <div class='ocr_carea' id='block_1_97' title="bbox 1913 3940 3490 4015">
    <p class='ocr_par' dir='ltr' id='par_1_97' title="bbox 1913 3940 3490 4015">
     <span class='ocr_line' id='line_1_98' title="bbox 1913 3940 3490 4015; baseline 0.003 -17"><span class='ocrx_word' id='word_1_671' title='bbox 1913 3956 2085 3999; x_wconf 87' lang='lat' dir='ltr'><strong>nuum</strong></span> <span class='ocrx_word' id='word_1_672' title='bbox 2119 3948 2434 3998; x_wconf 86' lang='lat' dir='ltr'><strong>nostrarum</strong></span> <span class='ocrx_word' id='word_1_673' title='bbox 2470 3942 2672 4000; x_wconf 86' lang='lat' dir='ltr'><strong>emisso</strong></span> <span class='ocrx_word' id='word_1_674' title='bbox 2698 3940 2851 4009; x_wconf 80' lang='lat' dir='ltr'><strong>flatu,</strong></span> <span class='ocrx_word' id='word_1_675' title='bbox 2886 3945 3161 4015; x_wconf 88' lang='lat' dir='ltr'><strong>quomodo</strong></span> <span class='ocrx_word' id='word_1_676' title='bbox 3199 3946 3490 4003; x_wconf 84' lang='lat' dir='ltr'><strong>stridorem</strong></span> 
     </span>
    </p>
   </div>
   <div class='ocr_carea' id='block_1_98' title="bbox 1912 4032 3492 4106">
    <p class='ocr_par' dir='ltr' id='par_1_98' title="bbox 1912 4032 3492 4106">
     <span class='ocr_line' id='line_1_99' title="bbox 1912 4032 3492 4106; baseline 0.004 -16"><span class='ocrx_word' id='word_1_677' title='bbox 1912 4032 2205 4106; x_wconf 82' lang='lat' dir='ltr'><strong>quemdam</strong></span> <span class='ocrx_word' id='word_1_678' title='bbox 2234 4042 2331 4088; x_wconf 88' lang='lat' dir='ltr'><strong>aut</strong></span> <span class='ocrx_word' id='word_1_679' title='bbox 2350 4032 2619 4104; x_wconf 88' lang='lat' dir='ltr'><strong>mugitum</strong></span> <span class='ocrx_word' id='word_1_680' title='bbox 2644 4033 2822 4090; x_wconf 88' lang='lat' dir='ltr'><strong>reddit</strong></span> <span class='ocrx_word' id='word_1_681' title='bbox 2850 4034 3187 4095; x_wconf 83' lang='lat' dir='ltr'><strong>inauimata‘l</strong></span> <span class='ocrx_word' id='word_1_682' title='bbox 3206 4036 3492 4104; x_wconf 84' lang='lat' dir='ltr'><strong>Quomodo</strong></span> 
     </span>
    </p>
   </div>
   <div class='ocr_carea' id='block_1_99' title="bbox 1912 4123 3508 4193">
    <p class='ocr_par' dir='ltr' id='par_1_99' title="bbox 1912 4123 3508 4193">
     <span class='ocr_line' id='line_1_100' title="bbox 1912 4123 3508 4193; baseline 0.003 -11"><span class='ocrx_word' id='word_1_683' title='bbox 1912 4126 2043 4182; x_wconf 86' lang='lat' dir='ltr'><strong>item</strong></span> <span class='ocrx_word' id='word_1_684' title='bbox 2084 4123 2300 4180; x_wconf 79' lang='lat' dir='ltr'><strong>musico</strong></span> <span class='ocrx_word' id='word_1_685' title='bbox 2341 4123 2588 4181; x_wconf 84' lang='lat' dir='ltr'><strong>serviens</strong></span> <span class='ocrx_word' id='word_1_686' title='bbox 2620 4124 3010 4193; x_wconf 88' lang='lat' dir='ltr'><strong>instrumento,</strong></span> <span class='ocrx_word' id='word_1_687' title='bbox 3046 4126 3216 4182; x_wconf 91' lang='lat' dir='ltr'><strong>ductu</strong></span> <span class='ocrx_word' id='word_1_688' title='bbox 3254 4128 3508 4186; x_wconf 36' lang='lat' dir='ltr'><strong>hominis.</strong></span> 
     </span>
    </p>
   </div>
   <div class='ocr_carea' id='block_1_100' title="bbox 1912 4213 3491 4287">
    <p class='ocr_par' dir='ltr' id='par_1_100' title="bbox 1912 4213 3491 4287">
     <span class='ocr_line' id='line_1_101' title="bbox 1912 4213 3491 4287; baseline 0.001 -14"><span class='ocrx_word' id='word_1_689' title='bbox 1912 4216 2066 4273; x_wconf 87' lang='lat' dir='ltr'><strong>varie</strong></span> <span class='ocrx_word' id='word_1_690' title='bbox 2098 4216 2192 4273; x_wconf 90' lang='lat' dir='ltr'><strong>illo</strong></span> <span class='ocrx_word' id='word_1_691' title='bbox 2221 4213 2429 4273; x_wconf 81' lang='lat' dir='ltr'><strong>utentis</strong></span> <span class='ocrx_word' id='word_1_692' title='bbox 2457 4216 2691 4287; x_wconf 84' lang='lat' dir='ltr'><strong>quodvis</strong></span> <span class='ocrx_word' id='word_1_693' title='bbox 2726 4231 2949 4273; x_wconf 89' lang='lat' dir='ltr'><strong>carmen</strong></span> <span class='ocrx_word' id='word_1_694' title='bbox 2989 4217 3244 4285; x_wconf 71' lang='lat' dir='ltr'><strong>edicitur,</strong></span> <span class='ocrx_word' id='word_1_695' title='bbox 3286 4235 3351 4275; x_wconf 91' lang='lat' dir='ltr'><strong>ac</strong></span> <span class='ocrx_word' id='word_1_696' title='bbox 3379 4227 3491 4275; x_wconf 87' lang='lat' dir='ltr'><strong>tam</strong></span> 
     </span>
    </p>
   </div>
   <div class='ocr_carea' id='block_1_101' title="bbox 1914 4308 3491 4381">
    <p class='ocr_par' dir='ltr' id='par_1_101' title="bbox 1914 4308 3491 4381">
     <span class='ocr_line' id='line_1_102' title="bbox 1914 4308 3491 4381; baseline 0.003 -17"><span class='ocrx_word' id='word_1_697' title='bbox 1914 4309 2223 4381; x_wconf 83' lang='lat' dir='ltr'><strong>lugubriter</strong></span> <span class='ocrx_word' id='word_1_698' title='bbox 2244 4323 2409 4380; x_wconf 88' lang='lat' dir='ltr'><strong>quam</strong></span> <span class='ocrx_word' id='word_1_699' title='bbox 2435 4308 2668 4365; x_wconf 87' lang='lat' dir='ltr'><strong>remisse</strong></span> <span class='ocrx_word' id='word_1_700' title='bbox 2696 4324 2795 4380; x_wconf 90' lang='lat' dir='ltr'><strong>per</strong></span> <span class='ocrx_word' id='word_1_701' title='bbox 2824 4308 3035 4366; x_wconf 80' lang='lat' dir='ltr'><strong>ﬁstulas</strong></span> <span class='ocrx_word' id='word_1_702' title='bbox 3068 4312 3324 4367; x_wconf 83' lang='lat' dir='ltr'><strong>resonat?</strong></span> <span class='ocrx_word' id='word_1_703' title='bbox 3350 4310 3491 4369; x_wconf 86' lang='lat' dir='ltr'><strong>Num</strong></span> 
     </span>
    </p>
   </div>
   <div class='ocr_carea' id='block_1_102' title="bbox 1912 4399 3493 4474">
    <p class='ocr_par' dir='ltr' id='par_1_102' title="bbox 1912 4399 3493 4474">
     <span class='ocr_line' id='line_1_103' title="bbox 1912 4399 3493 4474; baseline 0.003 -17"><span class='ocrx_word' id='word_1_704' title='bbox 1912 4403 2081 4474; x_wconf 82' lang='lat' dir='ltr'><strong>igitur</strong></span> <span class='ocrx_word' id='word_1_705' title='bbox 2103 4402 2376 4456; x_wconf 88' lang='lat' dir='ltr'><strong>animatas</strong></span> <span class='ocrx_word' id='word_1_706' title='bbox 2405 4399 2656 4458; x_wconf 87' lang='lat' dir='ltr'><strong>dicemus</strong></span> <span class='ocrx_word' id='word_1_707' title='bbox 2702 4400 2850 4471; x_wconf 89' lang='lat' dir='ltr'><strong>quod</strong></span> <span class='ocrx_word' id='word_1_708' title='bbox 2898 4401 3099 4458; x_wconf 72' lang='lat' dir='ltr'><strong>inﬂata:</strong></span> <span class='ocrx_word' id='word_1_709' title='bbox 3146 4404 3373 4462; x_wconf 90' lang='lat' dir='ltr'><strong>musicis</strong></span> <span class='ocrx_word' id='word_1_710' title='bbox 3408 4405 3493 4461; x_wconf 87' lang='lat' dir='ltr'><strong>in-</strong></span> 
     </span>
    </p>
   </div>
   <div class='ocr_carea' id='block_1_103' title="bbox 1915 4494 3491 4569">
    <p class='ocr_par' dir='ltr' id='par_1_103' title="bbox 1915 4494 3491 4569">
     <span class='ocr_line' id='line_1_104' title="bbox 1915 4494 3491 4569; baseline 0.002 -18"><span class='ocrx_word' id='word_1_711' title='bbox 1915 4503 2116 4551; x_wconf 88' lang='lat' dir='ltr'><strong>sonant</strong></span> <span class='ocrx_word' id='word_1_712' title='bbox 2146 4494 2534 4552; x_wconf 87' lang='lat' dir='ltr'><strong>instrumentis</strong></span> <span class='ocrx_word' id='word_1_713' title='bbox 2577 4494 2860 4552; x_wconf 81' lang='lat' dir='ltr'><strong>hominum</strong></span> <span class='ocrx_word' id='word_1_714' title='bbox 2897 4498 3491 4569; x_wconf 68' lang='lat' dir='ltr'><strong>excogitatioueﬂtem</strong></span> 
     </span>
    </p>
   </div>
   <div class='ocr_carea' id='block_1_104' title="bbox 1911 4585 3492 4659">
    <p class='ocr_par' dir='ltr' id='par_1_104' title="bbox 1911 4585 3492 4659">
     <span class='ocr_line' id='line_1_105' title="bbox 1911 4585 3492 4659; baseline 0 -16"><span class='ocrx_word' id='word_1_715' title='bbox 1911 4588 2252 4659; x_wconf 84' lang='lat' dir='ltr'><strong>cithararum</strong></span> <span class='ocrx_word' id='word_1_716' title='bbox 2296 4585 2557 4653; x_wconf 88' lang='lat' dir='ltr'><strong>chordas,</strong></span> <span class='ocrx_word' id='word_1_717' title='bbox 2606 4593 2663 4643; x_wconf 87' lang='lat' dir='ltr'><strong>et</strong></span> <span class='ocrx_word' id='word_1_718' title='bbox 2697 4592 3083 4659; x_wconf 83' lang='lat' dir='ltr'><strong>tympanorum</strong></span> <span class='ocrx_word' id='word_1_719' title='bbox 3128 4590 3295 4659; x_wconf 88' lang='lat' dir='ltr'><strong>pelles</strong></span> <span class='ocrx_word' id='word_1_720' title='bbox 3323 4591 3492 4645; x_wconf 91' lang='lat' dir='ltr'><strong>tinni-</strong></span> 
     </span>
    </p>
   </div>
   <div class='ocr_carea' id='block_1_105' title="bbox 1913 4679 3490 4754">
    <p class='ocr_par' dir='ltr' id='par_1_105' title="bbox 1913 4679 3490 4754">
     <span class='ocr_line' id='line_1_106' title="bbox 1913 4679 3490 4754; baseline 0.003 -18"><span class='ocrx_word' id='word_1_721' title='bbox 1913 4690 2003 4736; x_wconf 91' lang='lat' dir='ltr'><strong>tus</strong></span> <span class='ocrx_word' id='word_1_722' title='bbox 2039 4687 2096 4736; x_wconf 89' lang='lat' dir='ltr'><strong>et</strong></span> <span class='ocrx_word' id='word_1_723' title='bbox 2137 4694 2305 4736; x_wconf 88' lang='lat' dir='ltr'><strong>sonos</strong></span> <span class='ocrx_word' id='word_1_724' title='bbox 2331 4679 2527 4747; x_wconf 81' lang='lat' dir='ltr'><strong>edunt,</strong></span> <span class='ocrx_word' id='word_1_725' title='bbox 2566 4694 2769 4750; x_wconf 86' lang='lat' dir='ltr'><strong>perque</strong></span> <span class='ocrx_word' id='word_1_726' title='bbox 2798 4689 3002 4737; x_wconf 89' lang='lat' dir='ltr'><strong>tactum</strong></span> <span class='ocrx_word' id='word_1_727' title='bbox 3050 4681 3173 4751; x_wconf 89' lang='lat' dir='ltr'><strong>ejus</strong></span> <span class='ocrx_word' id='word_1_728' title='bbox 3212 4698 3241 4737; x_wconf 85' lang='lat' dir='ltr'><strong>a</strong></span> <span class='ocrx_word' id='word_1_729' title='bbox 3267 4698 3378 4754; x_wconf 92' lang='lat' dir='ltr'><strong>quo</strong></span> <span class='ocrx_word' id='word_1_730' title='bbox 3409 4692 3490 4740; x_wconf 89' lang='lat' dir='ltr'><strong>te-</strong></span> 
     </span>
    </p>
   </div>
   <div class='ocr_carea' id='block_1_106' title="bbox 1911 4770 3491 4844">
    <p class='ocr_par' dir='ltr' id='par_1_106' title="bbox 1911 4770 3491 4844">
     <span class='ocr_line' id='line_1_107' title="bbox 1911 4770 3491 4844; baseline 0.003 -17"><span class='ocrx_word' id='word_1_731' title='bbox 1911 4779 2134 4838; x_wconf 88' lang='lat' dir='ltr'><strong>nentur,</strong></span> <span class='ocrx_word' id='word_1_732' title='bbox 2176 4779 2451 4843; x_wconf 86' lang='lat' dir='ltr'><strong>strepunt.</strong></span> <span class='ocrx_word' id='word_1_733' title='bbox 2494 4770 2574 4825; x_wconf 84' lang='lat' dir='ltr'><strong>Ad</strong></span> <span class='ocrx_word' id='word_1_734' title='bbox 2627 4771 2773 4827; x_wconf 89' lang='lat' dir='ltr'><strong>hunc</strong></span> <span class='ocrx_word' id='word_1_735' title='bbox 2807 4771 3028 4827; x_wconf 88' lang='lat' dir='ltr'><strong>modum</strong></span> <span class='ocrx_word' id='word_1_736' title='bbox 3075 4774 3253 4844; x_wconf 87' lang='lat' dir='ltr'><strong>cogita</strong></span> <span class='ocrx_word' id='word_1_737' title='bbox 3297 4782 3352 4830; x_wconf 88' lang='lat' dir='ltr'><strong>et</strong></span> <span class='ocrx_word' id='word_1_738' title='bbox 3379 4783 3491 4832; x_wconf 77' lang='lat' dir='ltr'><strong>te:-</strong></span> 
     </span>
    </p>
   </div>
   <div class='ocr_carea' id='block_1_107' title="bbox 1916 4861 3491 4937">
    <p class='ocr_par' dir='ltr' id='par_1_107' title="bbox 1916 4861 3491 4937">
     <span class='ocr_line' id='line_1_108' title="bbox 1916 4861 3491 4937; baseline 0.006 -21"><span class='ocrx_word' id='word_1_739' title='bbox 1916 4877 2054 4927; x_wconf 86' lang='lat' dir='ltr'><strong>ram,</strong></span> <span class='ocrx_word' id='word_1_740' title='bbox 2080 4876 2178 4932; x_wconf 88' lang='lat' dir='ltr'><strong>per</strong></span> <span class='ocrx_word' id='word_1_741' title='bbox 2215 4861 2445 4918; x_wconf 88' lang='lat' dir='ltr'><strong>alterius</strong></span> <span class='ocrx_word' id='word_1_742' title='bbox 2482 4861 2718 4932; x_wconf 87' lang='lat' dir='ltr'><strong>alicujus</strong></span> <span class='ocrx_word' id='word_1_743' title='bbox 2748 4863 3144 4932; x_wconf 86' lang='lat' dir='ltr'><strong>operationem,</strong></span> <span class='ocrx_word' id='word_1_744' title='bbox 3184 4867 3397 4937; x_wconf 84' lang='lat' dir='ltr'><strong>mugire</strong></span> <span class='ocrx_word' id='word_1_745' title='bbox 3434 4876 3491 4925; x_wconf 84' lang='lat' dir='ltr'><strong>et</strong></span> 
     </span>
    </p>
   </div>
   <div class='ocr_carea' id='block_1_108' title="bbox 1912 4955 2152 5012">
    <p class='ocr_par' dir='ltr' id='par_1_108' title="bbox 1912 4955 2152 5012">
     <span class='ocr_line' id='line_1_109' title="bbox 1912 4955 2152 5012; baseline -0.013 -1"><span class='ocrx_word' id='word_1_746' title='bbox 1912 4955 2152 5012; x_wconf 89' lang='lat' dir='ltr'><strong>concuti.</strong></span> 
     </span>
    </p>
   </div>
   <div class='ocr_carea' id='block_1_109' title="bbox 1919 5044 3060 5104">
    <p class='ocr_par' dir='ltr' id='par_1_109' title="bbox 1919 5044 3060 5104">
     <span class='ocr_line' id='line_1_110' title="bbox 1919 5044 3060 5104; baseline 0.004 -6"><span class='ocrx_word' id='word_1_747' title='bbox 1919 5046 1924 5053; x_wconf 76' lang='grc'><strong><em>’</em></strong></span> <span class='ocrx_word' id='word_1_748' title='bbox 2361 5044 2880 5103; x_wconf 81' lang='lat' dir='ltr'><strong>INTERROGATIO</strong></span> <span class='ocrx_word' id='word_1_749' title='bbox 2926 5046 3060 5104; x_wconf 80' lang='lat' dir='ltr'><strong>CIV.</strong></span> 
     </span>
    </p>
   </div>
   <div class='ocr_carea' id='block_1_110' title="bbox 1984 5133 3490 5207">
    <p class='ocr_par' dir='ltr' id='par_1_110' title="bbox 1984 5133 3490 5207">
     <span class='ocr_line' id='line_1_111' title="bbox 1984 5133 3490 5207; baseline 0.006 -19"><span class='ocrx_word' id='word_1_750' title='bbox 1984 5133 2269 5203; x_wconf 84' lang='lat' dir='ltr'><strong>Quomodo</strong></span> <span class='ocrx_word' id='word_1_751' title='bbox 2305 5134 2476 5207; x_wconf 90' lang='lat' dir='ltr'><strong>igitur</strong></span> <span class='ocrx_word' id='word_1_752' title='bbox 2524 5142 2637 5190; x_wconf 90' lang='lat' dir='ltr'><strong>tres</strong></span> <span class='ocrx_word' id='word_1_753' title='bbox 2674 5133 2754 5189; x_wconf 89' lang='lat' dir='ltr'><strong>illi</strong></span> <span class='ocrx_word' id='word_1_754' title='bbox 2806 5136 2959 5206; x_wconf 89' lang='lat' dir='ltr'><strong>pueri</strong></span> <span class='ocrx_word' id='word_1_755' title='bbox 3005 5151 3223 5194; x_wconf 88' lang='lat' dir='ltr'><strong>omnem</strong></span> <span class='ocrx_word' id='word_1_756' title='bbox 3281 5148 3490 5197; x_wconf 86' lang='lat' dir='ltr'><strong>creatu-</strong></span> 
     </span>
    </p>
   </div>
   <div class='ocr_carea' id='block_1_111' title="bbox 1914 5222 3489 5286">
    <p class='ocr_par' dir='ltr' id='par_1_111' title="bbox 1914 5222 3489 5286">
     <span class='ocr_line' id='line_1_112' title="bbox 1914 5222 3489 5286; baseline 0.003 -9"><span class='ocrx_word' id='word_1_757' title='bbox 1914 5239 2029 5277; x_wconf 90' lang='lat' dir='ltr'><strong>ram</strong></span> <span class='ocrx_word' id='word_1_758' title='bbox 2050 5223 2340 5279; x_wconf 89' lang='lat' dir='ltr'><strong>animatam</strong></span> <span class='ocrx_word' id='word_1_759' title='bbox 2375 5222 2614 5278; x_wconf 87' lang='lat' dir='ltr'><strong>innuunt</strong></span> <span class='ocrx_word' id='word_1_760' title='bbox 2635 5260 2650 5286; x_wconf 90' lang='lat'><strong>,</strong></span> <span class='ocrx_word' id='word_1_761' title='bbox 2684 5229 2945 5279; x_wconf 86' lang='lat' dir='ltr'><strong>canentes</strong></span> <span class='ocrx_word' id='word_1_762' title='bbox 2981 5222 3037 5278; x_wconf 91' lang='lat' dir='ltr'><strong>in</strong></span> <span class='ocrx_word' id='word_1_763' title='bbox 3081 5224 3306 5282; x_wconf 81' lang='lat' dir='ltr'><strong>fornace</strong></span> <span class='ocrx_word' id='word_1_764' title='bbox 3340 5249 3351 5283; x_wconf 92' lang='lat'><strong>:</strong></span> <span class='ocrx_word' id='word_1_765' title='bbox 3391 5228 3489 5281; x_wconf 77' lang='lat' dir='ltr'><strong>Be-</strong></span> 
     </span>
    </p>
   </div>
   <div class='ocr_carea' id='block_1_112' title="bbox 1912 5312 3490 5385">
    <p class='ocr_par' dir='ltr' id='par_1_112' title="bbox 1912 5312 3490 5385">
     <span class='ocr_line' id='line_1_113' title="bbox 1912 5312 3490 5385; baseline 0.002 -15"><span class='ocrx_word' id='word_1_766' title='bbox 1912 5315 2154 5380; x_wconf 80' lang='lat' dir='ltr'><strong>ncdicite,</strong></span> <span class='ocrx_word' id='word_1_767' title='bbox 2170 5315 2350 5370; x_wconf 80' lang='lat' dir='ltr'><strong>omnia</strong></span> <span class='ocrx_word' id='word_1_768' title='bbox 2373 5323 2531 5385; x_wconf 74' lang='lat' dir='ltr'><strong>opera</strong></span> <span class='ocrx_word' id='word_1_769' title='bbox 2566 5312 2798 5380; x_wconf 82' lang='lat' dir='ltr'><strong>Domini,</strong></span> <span class='ocrx_word' id='word_1_770' title='bbox 2824 5314 3127 5385; x_wconf 79' lang='lat' dir='ltr'><strong>Dominum,</strong></span> <span class='ocrx_word' id='word_1_771' title='bbox 3156 5319 3415 5375; x_wconf 74' lang='lat' dir='ltr'><strong>celebrate</strong></span> <span class='ocrx_word' id='word_1_772' title='bbox 3436 5331 3490 5375; x_wconf 83' lang='lat' dir='ltr'><strong>e:</strong></span> 
     </span>
    </p>
   </div>
   <div class='ocr_carea' id='block_1_113' title="bbox 1981 5672 3485 5799">
    <p class='ocr_par' dir='ltr' id='par_1_113' title="bbox 1981 5672 3485 5799">
     <span class='ocr_line' id='line_1_114' title="bbox 1981 5672 3485 5799; baseline 0 -71"><span class='ocrx_word' id='word_1_773' title='bbox 1981 5674 2091 5797; x_wconf 46' lang='lat'><strong>(58!)</strong></span> <span class='ocrx_word' id='word_1_774' title='bbox 2125 5673 2577 5799; x_wconf 70' lang='grc' dir='ltr'><strong>1Πτησονομένης</strong></span> <span class='ocrx_word' id='word_1_775' title='bbox 2629 5675 2846 5745; x_wconf 53' lang='lat' dir='ltr'><strong>«dicm;</strong></span> <span class='ocrx_word' id='word_1_776' title='bbox 2893 5672 3054 5730; x_wconf 86' lang='lat' dir='ltr'><strong>Forte</strong></span> <span class='ocrx_word' id='word_1_777' title='bbox 3096 5675 3485 5747; x_wconf 81' lang='grc' dir='ltr'>πτισσομένης,</span> 
     </span>
     <span class='ocr_line' id='line_1_115' title="bbox 1981 5762 2199 5799; baseline 0 0"><span class='ocrx_word' id='word_1_778' title='bbox 1981 5763 2052 5799; x_wconf 86' lang='grc' dir='ltr'><strong>ιντ</strong></span> <span class='ocrx_word' id='word_1_779' title='bbox 2081 5785 2095 5799; x_wconf 93' lang='grc'><strong>.</strong></span> <span class='ocrx_word' id='word_1_780' title='bbox 2146 5762 2199 5799; x_wconf 88' lang='lat' dir='ltr'><strong>n.</strong></span> 
     </span>
    </p>
   </div>
   <div class='ocr_carea' id='block_1_114' title="bbox 1915 5762 2199 5801">
    <p class='ocr_par' dir='ltr' id='par_1_114' title="bbox 1915 5762 2199 5801">
     <span class='ocr_line' id='line_1_116' title="bbox 1915 5762 2199 5801; baseline 0.011 -3"><span class='ocrx_word' id='word_1_781' title='bbox 1915 5762 2095 5800; x_wconf 87' lang='grc' dir='ltr'>παντι.</span> <span class='ocrx_word' id='word_1_782' title='bbox 2125 5762 2199 5801; x_wconf 80' lang='lat' dir='ltr'><strong>ID.</strong></span> 
     </span>
    </p>
   </div>
   <div class='ocr_carea' id='block_1_115' title="bbox 3092 5838 3236 5899">
    <p class='ocr_par' dir='ltr' id='par_1_115' title="bbox 3092 5838 3236 5899">
     <span class='ocr_line' id='line_1_117' title="bbox 3092 5838 3236 5899; baseline 0.014 -2"><span class='ocrx_word' id='word_1_783' title='bbox 3092 5838 3236 5899; x_wconf 71' lang='grc' dir='ltr'><strong>Δ31</strong></span> 
     </span>
    </p>
   </div>
  </div>
