3996 6202
292 268 403 329 9ἳό

286 395 642 470 μεσημϐρίᾳ,
695 401 871 472 νεφῶν
921 409 1254 479 κινουμένων
1305 412 1731 480 ὑποσκιάξεσθαι
1782 417 1873 472 τὸν

279 485 439 555 ἥλιον
465 487 923 565 ὐπεριπτάμενονο
965 499 999 569 ἡ
1031 498 1093 563 δὲ,
1113 499 1206 554 τοῦ
1241 503 1545 573 πνεύματος
1573 505 1664 576 βία
1695 509 1867 580 πρόσ-

280 592 436 645 γειος
481 582 826 652 τυγχάνουσα
848 624 864 649 ,
892 588 1116 654 εἰκότως
1137 593 1456 663 ὲκμοχλεύει
1482 596 1579 668 τὴν
1608 598 1865 667 ἄϐυσσον,

279 667 380 721 καὶ
410 669 608 724 πάσσει
637 674 728 727 τὸν
757 676 893 747 ἀέρα
917 680 1082 736 κόνει.
1115 684 1239 749 Πῶς
1258 685 1313 739 δὲ
1337 688 1370 757 ἡ
1406 687 1512 741 τῶν
1540 667 1867 760 πνευμάτων

281 752 375 823 βία
406 755 502 810 ἕνα
534 760 796 828 οἰκίσκον,
840 766 874 836 ἦ
907 766 1051 822 λίθον
1090 773 1308 844 κινῆσαι
1344 777 1442 846 οὐχ
1487 777 1575 831 οἵα
1603 796 1663 832 τε
1691 781 1867 852 ὑπάρ-

279 860 474 913 χουσα,
502 851 715 921 κινήσει
749 856 899 921 ποτὲ,
926 858 958 929 ἢ
990 861 1412 934 μεθιδρύσειτδν
1445 867 1626 939 πάσης
1656 851 1865 936 πόλεως

280 938 506 1008 μεγέθει
539 943 873 1018 ὑπερέχοντα
896 952 1067 1022 ἥλιον,
1092 957 1126 1027 ἦ
1155 961 1267 1022 τοῖς
1296 959 1516 1032 ἄστροις
1544 965 1863 1036 προσαρρά-

277 1030 424 1095 ξειεν
443 1051 458 1099 ;

414 1204 417 1205 ν
864 1139 1111 1195 nemo:
1142 1145 1261 1199 PZ'.

347 1216 411 1271 Εί
470 1222 635 1293 μηδὲν
680 1226 817 1298 πρὸς
865 1231 965 1303 τὴν
1006 1235 1366 1308 ἀναγέννησιν
1417 1244 1758 1299 συντελοῦσιν
1809 1250 1858 1301 οἱ

273 1309 526 1383 ἀστέρες,
558 1317 676 1372 οὐδὲ
706 1319 853 1376 ἐστιν
875 1326 1081 1381 ἐκεῖθεν
1103 1330 1170 1384 τὰ
1200 1333 1443 1407 ἡμέτερα
1470 1338 1858 1409 στοχάσασθαι,

272 1404 394 1467 πῶς
420 1408 486 1477 τῆ
509 1411 760 1481 γεννήσει
786 1413 878 1467 τοῦ
904 1417 1139 1488 Χριστοῦ
1162 1423 1338 1496 ἀστὴρ
1358 1404 1718 1490 ἐπανέτειλεν.
1746 1404 1861 1505 ὀδηξ

270 1497 371 1567 γδς
401 1501 514 1562 τοῖς
543 1500 752 1569 Μάγοις
779 1506 1101 1578 γενόμενος;
1132 1513 1248 1578 πῶς
1274 1515 1319 1568 δ’
1350 1516 1547 1573 ἐκεῖνοι
1583 1497 1860 1591 βασιλικὸν

267 1586 587 1655 ἔπιγνόντες
614 1591 705 1645 τὸν
726 1591 929 1666 ἀστέρα
947 1637 961 1661 ,
991 1599 1127 1669 πρὸς
1155 1602 1254 1673 τὴν
1282 1586 1594 1678 ὁδοιπορίαν.
1612 1611 1862 1685 ἐκινήθη-

266 1694 394 1743 σαν,
426 1681 798 1754 προσκυνῆσαι
842 1685 903 1739 τὸ
933 1690 1143 1744 παιδίον
1184 1694 1289 1747 ὑπὸ
1326 1695 1419 1750 τοῦ
1451 1699 1682 1773 ἀστέρος
1703 1705 1856 1761 ἐπει-

266 1771 490 1843 γόμενοι
513 1791 529 1842 ;

896 1870 1248 1943 Ἀπόκρισις.

335 1955 664 2027 Σαμαριτῶν
711 1961 805 2014 καὶ
852 1964 1224 2023 Σαδδουκαίων
1269 1971 1534 2041 ἀγγέλους
1584 1977 1660 2050 μὴ
1703 1980 1847 2051 δεχο-

260 2048 465 2115 μένων,
495 2050 718 2114 εἰκότως
758 2053 963 2125 ἀστέρα
989 2056 1078 2110 τὸν
1125 2060 1354 2129 ἄγγελον
1383 2065 1413 2117 ό
1452 2064 1593 2131 θεῖος
1620 2048 1849 2140 εῦαγγεο

257 2137 449 2211 λιστής
476 2159 658 2213 φησιν.
687 2145 896 2211 Ἄλλως
925 2164 985 2200 τε
1003 2148 1059 2202 δὲ
1088 2152 1182 2205 καὶ
1204 2152 1263 2206 τὸ
1290 2153 1454 2220 σέϐας
1483 2158 1590 2212 τῶν
1610 2137 1844 2233 ἀστρών,

256 2233 340 2294 είς
370 2233 605 2303 Χριστὸν
630 2235 1033 2307 ἐπισπώμενος,
1061 2241 1161 2312 τῆς
1186 2243 1447 2299 πολυθέου
1493 2247 1702 2321 πλάνης
1741 2253 1847 2307 ἀπ-

257 2321 409 2391 άγων
462 2325 719 2395 βροτοὺς,
767 2327 844 2392 ώς
899 2330 1106 2402 ἀστέρα
1131 2334 1222 2389 τὸν
1259 2335 1490 2406 ἄγγελον
1517 2341 1707 2413 ὁδηγὸν
1743 2344 1845 2415 τῆς

254 2415 682 2484 προσκυνήσεως
711 2416 945 2488 τίθησιν.
975 2422 1050 2474 Οὐ
1088 2424 1196 2497 γὰρ
1230 2427 1431 2499 ἑτέρως
1454 2432 1500 2483 οἱ
1530 2416 1721 2501 ῚΜάγοι
1762 2438 1844 2496 εἰς

253 2503 629 2575 προσκύνησιν
657 2510 1090 2581 συνηγέρθησαν,
1127 2514 1159 2585 ἢ
1190 2516 1249 2569 ἐν
1280 2520 1552 2593 φαντασίᾳ
1572 2522 1665 2575 τοῦ
1694 2524 1841 2593 σφῶν

255 2600 620 2670 σεϐάσματος.
663 2601 1025 2675 Ἀτονωτέρας
1058 2605 1115 2660 δὲ
1154 2609 1249 2674 καὶ
1284 2610 1583 2684 ἀνισχύρου
1608 2615 1709 2687 τῆς
1736 2634 1837 2687 μαι

249 2691 407 2760 γείας
428 2695 742 2763 γινομένης,
769 2698 837 2765 τῇ
866 2694 1152 2770 θεανδρικῇ
1184 2703 1435 2773 γεννήσει
1458 2703 1551 2757 τοῦ
1576 2704 1837 2775 θεμελιώ-

251 2799 449 2846 σαντος
504 2785 629 2847 τοὺς
666 2786 936 2857 ἀστέρας,
982 2789 1077 2841 καὶ
1108 2791 1261 2857 τάξιν
1303 2795 1489 2860 αὐτοῖς
1530 2798 1833 2868 ὁρίσαντος,

246 2873 561 2946 αἰσθόμενοι
585 2877 636 2928 oi
667 2877 866 2931 ἐκεῖνοι
894 2877 1236 2951 πλανώμενοι
1263 2882 1552 2951 Χαλδαῖοι,
1587 2889 1680 2943 καὶ
1704 2892 1829 2947 ἀνα-

248 2966 612 3035 σνςαλίσαντες
660 2969 978 3025 ποτνιᾶσθαι
1025 2971 1219 3046 λυτῆρι
1248 2977 1349 3047 τῆς
1400 2978 1639 3051 πλάνης,
1670 2984 1833 3038 αὐτο-

249 3054 524 3126 μολοῦσιν,
570 3058 953 3128 εὐαγγελισταὶ
994 3064 1089 3115 καὶ
1133 3062 1340 3136 πρῶτοι
1375 3068 1614 3140 κήρυκες
1662 3071 1831 3126 ἐθνῶν

244 3148 346 3220 τῆς
379 3148 700 3222 θεανδρικῆς
733 3153 1152 3225 ὲπιφοιτήσεως.
1197 3156 1549 3223 Ἀναστάντες
1581 3157 1694 3225 οὖν,
1729 3162 1829 3233 τῆς

248 3242 587 3313 προφητείας
614 3241 706 3297 τοῦ
748 3244 952 3316 ὑψηλοῦ
993 3246 1213 3301 Ἡσαΐου
1241 3249 1543 3316 ἐπαΐοντες,
1577 3252 1823 3323 βοῶντος·

241 3334 498 3389 Παιδίον
526 3335 818 3406 ἐγεννήθη
847 3337 1010 3406 ἡμῖν,
1042 3339 1171 3407 υίὸς
1197 3342 1296 3395 καὶ
1321 3342 1700 3415 sedesnam
1730 3349 1828 3402 καὶ

238 3426 509 3480 καλεῖται
540 3428 606 3480 τὸ
633 3428 822 3498 ὄνομα
865 3430 1054 3485 αὑτοῦ
1077 3432 1360 3502 Μεγάλης
1386 3436 1630 3506 ,βουλῆς
1657 3440 1827 3510 ἄγγε-

239 3523 371 3585 λος,
395 3522 750 3591 Θαυμαστὸς
770 3524 1139 3593 σύμϐουλος,
1162 3525 1305 3592 Θεὸς
1322 3528 1592 3597 ἰσχυρὸς.
1624 3533 1827 3596 Ἔξου-

234 3614 522 3683 σιίιστὴς,
553 3616 778 3684 Ἄρχων
806 3616 1081 3685 εἰρήνης,
1118 3619 1321 3689 Πατὴρ
1354 3620 1462 3675 τοῦ
1490 3622 1824 3694 μέλλοντος

233 3705 476 3773 αἰῶνος.
502 3707 583 3762 Τὰ
618 3707 675 3761 δὲ
704 3708 808 3778 πρὸ
830 3710 1198 3763 πεντακοσίων
1217 3710 1351 3765 ἐτῶν
1379 3712 1481 3766 ὑπὸ
1505 3715 1600 3768 τοῦ
1627 3714 1822 3770 θεσπε-

234 3800 356 3852 σίου
409 3799 823 3870 προφανθέντα,
859 3802 954 3855 καὶ
1005 3800 1081 3872 μὴ
1114 3801 1443 3869 ἀκούσαντες
1486 3806 1633 3879 ἔργῳ
1676 3826 1821 3882 παρ-

231 3890 467 3957 έδωκαν,
524 3893 651 3957 τοὺς
710 3892 859 3963 νόμῳ
926 3893 1022 3946 καὶ
1088 3895 1399 3967 προφήταις
1463 3899 1821 3968 σχολάζοντας

230 3984 493 4055 ἀνοήτους
526 3983 834 4048 Ἰουδαίους,
864 3987 931 4056 τῇ
965 3985 1144 4040 πίστει
1174 3987 1576 4059 προϐαίνοντες.
1616 3992 1740 4046 Ὅτι
1764 3993 1821 4047 δὲ

226 4078 332 4132 οὐκ
361 4078 559 4147 ἀστὴρ,
589 4076 728 4131 ἀλλὰ
751 4079 914 4148 νοερά
938 4096 1023 4143 τις
1059 4081 1153 4132 καὶ¹
1180 4080 1369 4152 λογικὴ
1411 4082 1624 4155 ὑπῆρχε
1657 4085 1819 4141 δύνα-

230 4186 329 4242 μις
360 4169 389 4221 ὁ
410 4168 518 4221 τῶν
556 4169 760 4238 Μάγων
787 4170 1128 4241 καθηγητὴς,
1161 4171 1220 4239 ἐξ
1249 4173 1418 4245 αὐτῆς
1450 4177 1818 4247 παιδευόμεθα

225 4260 331 4330 τῆς
356 4258 567 4312 ἐκείνου
590 4259 858 4330 κινήσεώς
881 4278 940 4314 τε
967 4262 1061 4315 καὶ
1089 4263 1352 4328 στάσεως.
1379 4265 1501 4319 Τῶν
1522 4267 1633 4339 γὰρ
1655 4270 1816 4323 ἀστέ-

227 4369 342 4424 ρων
368 4353 418 4404 οἱ
450 4352 547 4421 μὲν
576 4352 873 4425 ἀεικίνητοι
894 4393 909 4416 ,
954 4354 1054 4407 οὐκ
1094 4355 1362 4426 ὴρεμοῦσι
1388 4358 1488 4430 τῆς
1526 4361 1812 4432 κινήσεως*

223 4448 276 4500 oi
320 4445 384 4499 δὲ
420 4445 698 4516 ἱστάμενοι
743 4446 803 4499 οὐ
850 4447 1143 4502 κινοῦνται.
1194 4445 1363 4515 Οὗτος
1399 4452 1456 4505 δὲ
1495 4454 1807 4526 ἀμφιδέξιος

224 4538 498 4609 φαίνεται,
526 4536 841 4609 κινούμενος
866 4540 962 4592 καὶ
992 4540 1300 4612 ἱστάμενος,
1332 4544 1426 4596 καὶ
1456 4545 1809 4617 ἀποκρυπτό-

224 4645 390 4701 μενος
415 4628 542 4692 τοὺς
582 4630 975 4701 ὁδηγουμένους
995 4646 1007 4659 ⁸
1059 4631 1207 4697 ὅπως
1257 4634 1576 4706 πυθομένων
1604 4637 1804 4703 αὐτῶν,

221 4719 350 4775 Ποῦ
376 4722 411 4774 ό
436 4722 668 4790 τεχθεὶς
686 4721 990 4788 ,ϐασιλεὺς
1009 4722 1128 4776 τῶν
1162 4723 1496 4787 Ἰουδαίων-ξ
1513 4728 1756 4802 ταραχθῇ
1779 4732 1809 4784 ό

232 4809 509 4881 Ἡρώδης,
561 4811 655 4864 καὶ
703 4813 855 4866 πᾶσα
915 4813 1292 4887 Ἰεροσόλυμα,
1334 4817 1430 4870 καὶ
1464 4818 1722 4893 διαϐοηθῇ
1778 4824 1807 4875 ὁ

217 4902 363 4967 θεῖος
393 4903 552 4967 τόκος
580 4904 675 4958 καὶ
722 4902 1115 4976 θρυλλούμενος
1148 4907 1254 4960 ὑπὸ
1288 4907 1398 4961 τῶν
1444 4909 1674 4979 Μάγων,
1706 4912 1801 4966 τοῦ

217 4994 597 5066 καθηγεμόνος
629 4995 811 5060 αὐτοῖς
851 4998 1275 5069 ἀποκρυϐἑντος.
1310 5000 1480 5053 Πάλιν
1501 5000 1561 5055 δὲ
1590 5004 1801 5074 ἀναφα-

215 5088 364 5153 νεὶς,
404 5086 574 5142 ἐλθὼν
604 5087 734 5160 ἔστη
760 5089 852 5141 ἐπὶ
897 5088 990 5142 τοῦ
1030 5089 1247 5162 ἄντρου,
1281 5085 1342 5145 οὗ
1376 5088 1443 5164 ἦν
1469 5093 1529 5146 τὸ
1562 5095 1796 5161 παιδίον,

215 5178 385 5247 φησιν
409 5179 438 5231 ὁ
473 5177 675 5249 ὑψηλὸς
703 5177 994 5242 Ματθαῖος.
1032 5181 1094 5233 Εἰ
1125 5183 1233 5254 γὰρ
1268 5184 1343 5254 μὴ
1373 5185 1437 5238 ἐκ
1467 5185 1797 5259 διαλειμμά-

211 5285 325 5323 των
367 5269 572 5342 ἐφάνη,
599 5271 700 5325 οὐκ
744 5272 812 5324 ἂν
856 5271 1071 5345 ἐσείσθη
1112 5274 1457 5348 Ἱεροσόλυμα
1498 5282 1564 5351 τῇ
1606 5282 1797 5337 πεύσει

211 5358 326 5413 τῶν
346 5359 575 5429 Μάγων,
595 5361 697 5413 οὐκ
718 5360 784 5414 ἂν
807 5360 1059 5433 ἐθυμώθη
1102 5364 1344 5437 Ἡρώδης
1372 5367 1499 5438 περὶ
1532 5368 1796 5439 βασιλέως

208 5449 431 5505 ἀκούων
454 5466 469 5481 ⁸
490 5451 525 5522 ἢ
553 5451 663 5522 (42)
694 5452 857 5524 νοερά
874 5470 958 5517 τις
984 5454 1077 5507 καὶ
1095 5454 1285 5528 λογικὴ
1304 5456 1533 5531 δύναμις
1561 5462 1792 5535 eam“)

282 5614 329 5645 ⁸⁸
369 5612 472 5670 lsa.
500 5630 574 5678 Ix,
609 5618 661 5671 6.
735 5617 777 5648 ⁸³
824 5616 1010 5673 Matth.
1042 5635 1099 5684 ιι,
1131 5618 1189 5676 ⁸2.

282 5774 398 5842 (42)
436 5777 524 5831 Ἤ.
562 5774 723 5831 Forte
760 5778 829 5831 εί.
862 5777 1015 5833 Ευιτ.

1697 292 2039 352 DIALOGUS
2077 295 2138 352 ll.

3453 319 3559 373 9N

1978 419 2141 477 bibus
2169 423 2386 494 agitatis
2445 427 2801 495 supervolans
2846 430 3193 488 inumbretur
3227 436 3330 490 sol.
3367 436 3557 493 (“latus

1972 520 2155 567 autem
2188 515 2444 571 violentia
2472 526 2633 575 terrm
2678 524 3021 578 contermina
3062 541 3185 581 eum
3228 528 3320 592 sit,
3356 532 3553 585 merito

1970 616 2275 662 commovet
2320 609 2601 679 abyssum.
2632 621 2683 668 et
2720 616 2775 670 in
2828 630 2953 671 aera
2997 619 3205 689 Spargit
3246 621 3547 690 pulverem.

1968 694 2256 761 Quomodo
2303 716 2431 756 vero
2476 702 2701 760 ﬂatuum
2749 707 2833 763 vis
2872 708 3124 780 exiguam
3174 712 3414 784 aliquam
3449 716 3549 771 do-

1968 801 2116 841 mum
2165 797 2260 843 aut
2311 791 2544 862 lapidem
2581 811 2799 854 movere
2827 815 2951 855 cum
2989 817 3098 856 non
3131 805 3326 872 possit,
3364 822 3549 864 move-

1966 875 2046 931 bit
2076 878 2371 950 aliquando
2418 887 2499 940 vel
2553 888 2850 946 transferet
2885 893 3054 949 solem
3083 898 3277 967 quavis
3322 900 3547 958 civitate

1966 966 2252 1035 majorem,
2292 981 2386 1026 aut
2416 975 2483 1029 ad
2530 986 2678 1033 astra
2713 982 2978 1039 collidet?

2393 1167 2914 1236 INTERROGATIO
2956 1184 3115 1240 CVII.

2035 1250 2092 1306 Si
2118 1254 2249 1309 nihil
2268 1258 2336 1313 ad
2363 1262 2641 1320 hominum
2671 1271 3008 1349 nativitatem
3035 1279 3329 1337 conferunt
3344 1286 3537 1354 stellae,

1964 1356 2140 1413 neque
2168 1361 2400 1417 possunt
2444 1355 2570 1413 inde
2615 1360 2859 1433 indagari
2891 1384 3015 1437 qua:
3056 1372 3217 1430 nobis
3260 1378 3537 1446 accidunt,

1963 1439 2247 1504 quomodo
2280 1443 2334 1497 in
2362 1447 2649 1508 nativitate
2689 1454 2890 1513 Christi
2922 1470 3111 1518 exorta
3135 1475 3242 1532 est,
3275 1484 3398 1539 quae
3423 1470 3538 1528 Ma-

1959 1527 2043 1596 gis
2068 1528 2177 1586 dux
2212 1535 2310 1589 vite
2351 1538 2548 1596 ﬁeret?
2576 1547 2645 1599 At
2672 1540 2944 1617 quomodo
2976 1555 3052 1610 illi
3084 1527 3319 1629 regalem
3367 1578 3537 1635 agno-

1959 1630 2177 1678 scentes
2233 1629 2470 1695 stellam,
2512 1636 2579 1690 ad
2616 1638 2718 1694 iter
2746 1644 3157 1715 suscipiendum
3206 1654 3342 1708 moti
3382 1629 3533 1723 sunt,

1960 1712 2027 1767 ad
2057 1716 2397 1776 adorandum
2427 1740 2654 1794 puerum
2686 1746 2784 1800 per
2822 1712 3035 1809 stellam
3070 1740 3339 1798 deducti?

2585 1905 2891 1977 Responsio.

2021 1986 2158 2055 Quia
2203 1988 2539 2051 Samaritani
2576 2007 2630 2055 et
2659 2000 2941 2061 Satlducaei
2984 2013 3207 2083 angelos
3241 2032 3350 2073 non
3390 2023 3533 2077 recio

1949 2078 2192 2148 piebant,
2218 2085 2418 2141 merito
2453 2090 2664 2146 stellam
2689 2098 2944 2166 angelum
2992 2078 3153 2160 divus
3194 2112 3529 2182 evangelista

1947 2181 2125 2227 vocat.
2152 2172 2256 2230 Sed
2294 2184 2348 2232 et
2373 2182 2579 2237 cultum
2610 2187 2778 2242 astris
2813 2189 3118 2262 impensum
3143 2197 3212 2252 ad
3245 2172 3526 2261 Christum

1946 2264 2203 2331 trahens,
2236 2283 2265 2322 a
2305 2271 2599 2329 multorum
2631 2278 2855 2335 deorum
2899 2299 3089 2343 errore
3147 2295 3407 2351 mortales
3439 2314 3527 2355 reo

1943 2356 2218 2423 ducendo,
2256 2362 2402 2417 velut
2440 2367 2653 2423 stellam
2704 2375 2859 2441 ponit
2906 2380 3299 2448 angelum,viaz
3331 2389 3527 2447 adora-

1944 2449 2110 2506 tionis
2140 2451 2357 2508 ducem.
2390 2454 2509 2512 Non
2552 2461 2698 2515 enim
2724 2464 2829 2518 alia
2860 2483 2917 2522 re
2956 2469 3094 2540 Magi
3125 2474 3193 2529 ad
3245 2479 3524 2538 adoratio-

1943 2558 2064 2597 nem
2090 2540 2314 2599 excitati
2346 2558 2496 2615 sunt,
2537 2566 2700 2619 quam
2737 2556 2998 2625 opinione
3028 2563 3115 2617 sui
3144 2567 3348 2626 cultus.
3381 2572 3521 2631 Cum

1942 2644 2122 2690 autem
2155 2638 2439 2694 remissior
2455 2650 2509 2696 et
2535 2642 2805 2700 inﬁrmior
2834 2652 3007 2721 magis
3032 2652 3173 2709 facta
3205 2657 3400 2718 fuisse:
3424 2681 3524 2736 per

1940 2726 2176 2784 deillcati
2219 2729 2457 2788 hominis
2495 2735 2857 2806 nativitatem,
2889 2744 2983 2813 qui
3016 2748 3206 2807 stellas
3259 2726 3521 2816 funda-ve-

1938 2827 2042 2883 rat,
2075 2829 2130 2876 et
2179 2822 2428 2879 ordinem
2487 2826 2623 2896 ipsis
2672 2835 3102 2905 przescripserat,
3136 2857 3194 2897 re
3241 2846 3518 2907 intellecta

1935 2922 2183 2968 errantes
2214 2913 2289 2967 illi
2311 2914 2573 2983 Chaldaei,
2614 2922 2940 2981 conlirmato
2987 2931 3054 2985 acl
3094 2937 3515 3005 supplicandum

1935 3001 2122 3055 animo
2169 3005 2390 3072 expiato
2434 3021 2642 3075 errore,
2684 3026 2785 3067 sua
2824 3026 2955 3071 eum
2999 3032 3515 3101 sponte,tanquani

1933 3094 2283 3162 evangelista:
2334 3104 2389 3152 et
2432 3100 2593 3168 primi
2646 3119 2927 3173 praecones
2955 3116 3200 3182 gentium
3237 3121 3305 3177 de
3345 3094 3515 3183 divini

1936 3180 2174 3241 hominis
2204 3188 2461 3248 adventu.
2487 3193 2787 3267 Surgentes
2818 3180 2983 3272 igitur
3011 3210 3298 3279 prophetia
3328 3218 3513 3274 eximii

1931 3271 2086 3331 Isaiae
2140 3279 2347 3345 audita,
2392 3285 2632 3343 clamant
2670 3306 2686 3344 :
2720 3271 2867 3346 Puer
2908 3307 3067 3353 natas
3119 3313 3200 3356 est
3249 3308 3437 3373 nobis,
3465 3324 3514 3366 et

1929 3368 2077 3436 ﬁlius
2105 3370 2265 3428 datus
2303 3374 2390 3430 esi
2422 3378 2596 3445 nobis,
2626 3392 2676 3436 et
2707 3386 2980 3443 vocabitur
3007 3407 3194 3448 nomen
3236 3397 3373 3466 ejus,
3410 3402 3515 3455 Ad-

1929 3460 2191 3517 mirabilis
2224 3468 2588 3535 consiliarius,
2630 3471 2818 3545 Magni
2856 3483 3070 3536 consilii
3107 3491 3344 3555 nuntius,
3372 3491 3535 3550 Dens’

1927 3549 2107 3617 fortis.
2154 3552 2512 3624 Dominator,
2553 3560 2803 3634 Princeps
2875 3573 3059 3637 pacis,
3128 3576 3293 3633 Pater
3339 3582 3512 3650 futuri

1925 3645 2202 3701 circuli”.
2236 3650 2353 3706 Hoc
2399 3663 2581 3710 autem
2614 3673 2739 3712 cum
2793 3671 2920 3717 ante
2963 3666 3292 3737 quingentos
3335 3645 3511 3733 annos

1924 3733 1994 3788 ab
2030 3736 2123 3791 illo
2152 3739 2270 3793 viro
2303 3752 2499 3799 sancto
2524 3748 2843 3816 prmdictnm
2880 3753 3236 3822 l'uisset,licrt
3288 3766 3364 3820 illi
3397 3784 3505 3825 non

1925 3816 2287 3894 audivissent,
2312 3840 2495 3889 tamen
2533 3852 2591 3891 re
2647 3839 2764 3910 ipsa
2807 3843 3294 3918 demonstrarunt,
3321 3856 3421 3927 legi
3451 3869 3506 3913 et

1926 3919 2209 3989 prophetis
2255 3933 2537 3992 vacantes,
2571 3928 2792 3989 Judaaos
2833 3937 3206 4009 intelligentiae
3250 3919 3505 4017 expertes

1921 4024 2076 4072 esse.
2107 4020 2273 4083 atque
2324 4015 2397 4070 ita
2438 4018 2492 4073 in
2554 4021 2659 4077 (ide
2712 4038 2962 4097 pergunt.
2999 4029 3154 4098 Quod
3207 4015 3338 4094 vero
3393 4057 3502 4097 non

1920 4102 2098 4163 stella,
2119 4106 2213 4159 sed
2241 4107 2573 4168 intellectilis
2593 4116 2842 4185 quaedam
2871 4128 2925 4174 et
2955 4123 3239 4183 rationalis
3257 4138 3502 4198 potestas

1920 4193 2086 4250 fuerit
2143 4198 2233 4253 ille
2283 4199 2564 4270 Magorum
2600 4206 2710 4263 dux
2736 4248 2752 4271 ,
2784 4226 2852 4265 ex
2895 4212 3011 4283 ipsa
3051 4193 3322 4275 discimus
3381 4231 3499 4279 tum

1917 4290 2159 4347 motione
2193 4301 2308 4347 tum
2346 4296 2714 4357 institutione.
2750 4302 2887 4359 Nam
2922 4309 3205 4367 stellarum
3246 4314 3353 4370 illa:
3377 4318 3499 4389 qui-

1916 4382 2039 4465 dem
2068 4401 2190 4454 quae
2243 4402 2460 4459 semper
2509 4402 2640 4447 sunt
2685 4396 2916 4455 mobiles
2959 4416 3240 4473 nunquam
3273 4421 3305 4461 a
3343 4382 3497 4466 motu

1917 4456 2242 4545 quiescunt;
2273 4495 2396 4549 qua:
2424 4498 2556 4538 vero
2583 4486 2702 4541 lixae
2721 4497 2869 4555 sunt,
2897 4506 3006 4546 non
3036 4505 3339 4552 moventur.
3369 4498 3495 4558 Haec

1913 4574 2095 4623 autem
2130 4577 2425 4641 utrumque
2455 4575 2702 4646 recipere
2745 4580 2982 4650 videtur,
3009 4584 3267 4642 nimirum
3294 4606 3417 4660 qua:
3439 4604 3495 4648 et

1914 4660 2135 4716 mobilis
2174 4674 2321 4718 esset
2349 4673 2401 4719 et
2435 4666 2560 4732 lixa,
2588 4677 2753 4739 atque
2781 4672 2947 4728 etiam
2990 4675 3059 4730 ab
3096 4677 3165 4733 iis
3196 4681 3288 4751 qui
3324 4681 3494 4740 duce-

1910 4748 2151 4811 bantur.
2185 4770 2307 4810 sese
2364 4756 2743 4815 subduceret:
2784 4762 2858 4817 ita
2910 4773 2969 4819 nt
3022 4748 3491 4841 interrogantibus

1906 4839 2045 4909 ipsis
2070 4859 2085 4896 :
2124 4841 2225 4898 Ubi
2255 4855 2334 4900 es:
2362 4858 2520 4902 natus
2546 4850 2637 4905 ille
2662 4868 2755 4907 rea:
2781 4853 3092 4913 Jua'amrum
3111 4861 3156 4893 ⁸¹
3186 4861 3212 4915 ?
3235 4839 3490 4923 turbatus

1909 4932 1981 4986 sit
2008 4948 2098 4988 rex
2134 4933 2380 4994 Herodes
2403 4950 2459 4994 et
2487 4949 2601 4996 tota
2652 4941 3046 5020 Hierosolyma,
3075 4960 3130 5009 et
3177 4952 3489 5029 divulgatus

1907 5024 2125 5083 divinus
2158 5038 2372 5100 partus,
2407 5033 2625 5107 lateque
2672 5053 2902 5108 sparsus
2935 5056 2965 5096 a
3013 5043 3189 5118 Magis
3214 5088 3230 5114 ,
3263 5024 3490 5121 propter

1905 5119 2214 5190 ademptum
2269 5123 2367 5179 via:
2418 5125 2635 5185 ducem.
2685 5129 2899 5189 Rursus
2954 5145 3137 5194 autem
3188 5119 3483 5213 apparens,

1902 5212 2152 5267 constitit
2175 5230 2338 5284 supra
2369 5226 2589 5274 antrum
2625 5220 2714 5277 ubi
2745 5222 2929 5281 infans
2961 5236 3101 5298 erat,
3146 5212 3322 5304 inquit
3361 5238 3481 5290 exi-

1901 5298 2044 5354 mius
2071 5299 2399 5371 Matthteus;
2442 5321 2566 5362 nam
2604 5309 2709 5364 nisi
2752 5327 2851 5381 per
2880 5313 3344 5375 intermissionem
3381 5337 3480 5392 ap-

1903 5385 2196 5452 paruisset,
2220 5404 2328 5444 non
2371 5391 2563 5449 fuisset
2598 5408 2870 5454 commota
2906 5399 3281 5475 Hierosolyma
3310 5405 3481 5462 inter-

1901 5475 2264 5543 terrogatione
2294 5477 2596 5551 Magorum,
2639 5500 2818 5557 neque
2869 5487 3119 5555 irritatus
3146 5490 3341 5549 fuisset
3371 5493 3476 5551 lie-
