4048 6222
460 327 566 382 975

1549 321 1603 373 S.
1643 315 1941 376 CAESARI!
1980 313 2308 370 GREGORII
2348 311 2653 370 FllA'l‘lllS

3614 306 3740 364 976

451 444 640 505 rodcs,
685 440 898 510 derege
943 436 1192 493 audiens.
1228 434 1342 492 Nisi
1375 433 1704 489 intellectilis
1737 434 1920 504 aliqua
1961 442 2017 486 et

2143 432 2434 503 ιγνωρίσθη
2463 471 2478 496 ,
2511 432 2613 486 οὐκ
2641 430 2707 485 ἀν
2737 427 2953 502 οἰκέτης
2979 427 3072 482 τοῦ
3107 424 3454 495 γεννηθέντος
3482 425 3729 498 ἐδείχθη-

453 532 737 588 rationalis
775 530 1015 602 potentia
1067 529 1155 583 illa
1197 527 1350 583 stella
1409 527 1625 596 fuisset,
1668 541 1777 582 non
1839 527 2029 596 utique

453 623 573 690 ejus
623 622 717 692 qui
778 627 939 676 natus
989 629 1145 682 erat,
1190 619 1495 674 ministram
1559 635 1617 674 se
1668 618 2024 673 declarasset.

459 713 614 767 Nunc
655 722 834 766 autem
891 712 1037 781 quod
1086 710 1233 765 circa
1285 725 1440 780 reges
1479 709 1595 764 ﬁeri
1654 711 1827 777 solet,
1870 718 2032 766 vocat

455 805 675 873 quidem
709 815 763 859 et
809 806 1118 874 praeedens
1164 804 1380 859 tliViltllS
1430 804 1516 858 hic
1564 819 1761 860 cursor
1813 805 2037 860 deducit

459 897 528 951 ad
556 910 736 967 regem
771 895 984 966 aliquos
1013 912 1026 960 ;
1077 903 1364 965 postquam
1402 910 1532 950 vero
1567 895 1634 948 ad
1678 901 1891 964 portam
1952 893 2036 948 la-

459 986 617 1040 tioris
647 987 838 1056 platea:
871 986 1138 1050 venerim,
1182 993 1404 1040 vocatos
1431 991 1497 1038 a-J
1539 984 1726 1038 limina
1764 991 1911 1039 stare
1939 985 2035 1054 ju-

462 1078 570 1140 bet,
604 1093 778 1152 usque
808 1076 936 1129 dum
996 1076 1289 1129 adventum
1333 1075 1576 1144 ipsorum
1611 1075 1724 1144 regi
1761 1074 2037 1144 signiﬁca-

463 1169 621 1227 verit.
655 1167 842 1237 sicque
871 1166 1131 1236 deinceps
1161 1167 1238 1220 ad‘
1260 1167 1410 1236 ipsos
1441 1165 1800 1231 reversus,ad
1832 1175 2036 1221 tectum

464 1275 688 1314 aureum
737 1268 788 1314 et
829 1259 893 1312 ad
947 1274 1130 1330 regem
1181 1259 1327 1312 intus
1368 1258 1647 1314 sedentem
1683 1258 1924 1313 deducit.
1960 1260 2039 1312 lta

469 1353 554 1407 hic
579 1353 734 1406 stella
770 1351 989 1420 quidem
1027 1351 1390 1420 conspicitur,
1423 1351 1650 1420 angelus
1697 1361 1876 1404 autem
1918 1365 2040 1406 esse

471 1442 822 1510 intelligitur,
859 1452 911 1495 et
962 1441 1204 1510 gentium
1251 1440 1381 1493 dux.
1439 1439 1698 1506 Quaenam
1749 1442 2042 1509 czeteroqui

465 1533 622 1588 vobis
642 1532 856 1587 videtur
872 1547 994 1586 esse
1027 1532 1259 1584 maxima
1293 1530 1486 1585 stella?
1504 1529 1641 1584 Num
1663 1531 1745 1585 sol
1764 1531 1787 1582 ’ἰ
1806 1528 2042 1583 Omnino

467 1624 616 1680 ilices
646 1625 940 1678 maximum
975 1638 1097 1677 esse
1125 1623 1277 1678 sidus
1323 1623 1514 1677 solem.
1555 1621 1692 1688 Quis
1724 1622 1886 1692 igitur
1917 1637 2042 1677 eum

397 1774 403 1782 _
467 1725 551 1772 est
582 1716 635 1770 in
672 1715 850 1768 medio
881 1716 1018 1770 cielo
1049 1717 1403 1779 constitutus,
1432 1716 1610 1770 dicere
1642 1725 1827 1784 queat,
1850 1729 2040 1785 qualn-

470 1822 595 1861 nam
654 1806 868 1860 urbium
921 1814 1014 1860 aut
1073 1807 1314 1860 \icorum
1369 1805 1593 1876 praecise
1641 1807 1915 1870 ostendat,
1948 1815 2042 1861 aut

469 1911 761 1966 quamnam
801 1895 1021 1949 domum
1070 1897 1224 1965 quasi
1254 1895 1422 1965 digito
1452 1895 1700 1965 designet
1728 1896 2041 1967 ?Compara

470 1987 635 2054 igitur
660 1986 869 2040 stellam
900 2003 1021 2040 cum
1056 1987 1191 2049 sole,
1227 1987 1368 2040 velut
1405 2000 1648 2041 muscam
1680 1985 1948 2040 vinariam
1976 1988 2042 2042 ad

468 2079 833 2148 elephantem,
868 2088 922 2132 et
947 2089 1152 2133 astrum
1184 2077 1428 2132 divinum
1475 2077 1545 2132 ad
1574 2079 1817 2132 omnium
1867 2079 2032 2132 maxi-

467 2185 613 2223 mam
667 2170 966 2232 civitatem,
1027 2169 1192 2224 veluti
1250 2183 1373 2222 cum
1429 2168 1639 2222 camelo
1697 2168 1947 2223 culicem.
1984 2169 2040 2223 Si

472 2263 637 2331 igitur
673 2277 778 2315 non
814 2263 1021 2316 scimus
1045 2275 1208 2330 quam
1237 2260 1600 2313 maxima-rum
1645 2259 1866 2314 urbium
1899 2259 2045 2315 desi-

469 2361 597 2422 gnet
631 2368 868 2420 superne
917 2351 1208 2405 imminens
1249 2350 1339 2404 ille
1365 2351 1714 2404 luminarium
1751 2365 1866 2413 rex,
1913 2365 2045 2419 quo-

471 2443 634 2496 modo
665 2443 879 2496 stellam
909 2442 1160 2510 exiguam
1185 2441 1475 2496 ostendere
1504 2440 1818 2510 speluncam
1842 2443 2041 2503 dicam,

468 2532 516 2586 si
575 2548 683 2585 non
732 2532 957 2601 angelus
992 2530 1112 2594 fuit,
1136 2531 1501 2603 propinquum
1535 2542 1692 2586 terrae
1727 2532 1780 2585 in
1821 2533 2042 2587 sublimi

473 2623 572 2676 iter
601 2623 826 2686 faciens,
861 2631 914 2676 et
942 2620 1232 2675 Dominum
1283 2623 1532 2676 indicans
1553 2622 1586 2675 ἒν
1607 2621 1905 2677 Facessant
1945 2624 2043 2693 igi-

470 2708 559 2768 tur
589 2715 717 2769 hinc
759 2729 884 2768 cum
922 2728 1020 2768 sua
1061 2713 1354 2777 dementia,
1407 2713 1500 2783 qui
1535 2713 1745 2768 stellam
1783 2729 1888 2767 una
1917 2729 2043 2767 cum

471 2804 911 2874 uniuscujusque
947 2811 1191 2858 nostrum
1222 2805 1507 2859 nativitate
1554 2804 1685 2858 oriti
1723 2812 1933 2873 putant,
1969 2805 2046 2857 fa-

471 2897 650 2951 ΜΙοεί
701 2905 1020 2965 negatores,
1081 2911 1204 2948 cum
1247 2895 1437 2950 eodem
1500 2895 1766 2948 moriente
1831 2895 2046 2949 stellam

469 3003 685 3057 quoque
714 2989 947 3042 deiicere
979 2987 1294 3041 delirantes.
1329 2987 1464 3039 Cum
1509 2987 1652 3039 enim
1687 2987 1796 3039 duo
1829 2994 2041 3040 tantum

471 3079 722 3132 homines
747 3087 930 3132 essent
959 3078 1010 3129 in
1044 3075 1266 3137 mundo,
1303 3076 1544 3128 Adamus
1575 3075 1795 3145 inquam
1825 3085 1879 3130 et
1909 3077 2037 3139 Eva,

469 3166 688 3235 plenum
732 3177 849 3220 erat
889 3167 1050 3220 astris
1074 3166 1294 3219 coelum.
1334 3165 1653 3234 Rursusque
1684 3166 1914 3222 sublatis
1944 3183 2041 3238 per

469 3272 641 3327 aquas
672 3266 913 3327 tempore
933 3258 1209 3328 gigantum
1239 3257 1498 3313 omnibus
1523 3259 1780 3314 animatis
1801 3264 2038 3324 naturis,

2136 522 2249 576 Νῦν
2301 524 2380 588 δὲ,
2421 524 2560 594 ὅπερ
2611 523 2703 576 ἐπὶ
2741 522 2848 576 τῶν
2885 520 3165 591 «βασιλέων
3207 517 3436 589 δρᾶσθαι
3482 516 3732 584 πέφυκε.

2137 617 2304 685 φωνεῖ
2335 616 2432 686 μὲν
2469 617 2563 668 καὶ
2611 616 2935 687 προηγεῖται
2970 615 3000 667 ὁ
3049 611 3192 676 θεῖος
3231 609 3469 682 κοῦρσορ
3501 608 3599 661 ἐπὶ
3637 607 3738 660 τδν

2139 705 2361 776 βασιλέα
2385 705 2536 770 τινάς
2557 723 2571 738 ο
2607 706 2730 760 ἐπεὶ
2752 707 2798 758 δ’
2820 705 2888 759 ἂν
2922 705 3015 758 ἐπὶ
3039 703 3139 774 τῆς
3168 702 3343 772 πύλης
3372 700 3479 754 τῶν
3501 698 3739 752 πλατῶν

2137 798 2407 852 πλατειῶν
2429 797 2539 869 (45)
2581 797 2875 867 γένωνται,
2903 796 3096 866 ἀφίησι
3134 795 3262 859 τοὺς
3299 793 3602 863 κληθέντας
3639 791 3742 844 ἐπὶ

2135 889 2246 944 τῶν
2273 890 2582 962 προαυλίων
2609 889 2846 955 ἑστάναι,
2879 887 3071 960 μέχρις
3107 887 3174 942 ἂν
3216 884 3428 958 μηνύσῃ
3455 883 3532 954 τῷ
3573 881 3744 951 βασι-

2137 982 2219 1036 λεῖ
2251 982 2349 1053 τὴν
2393 982 2574 1037 αὐτῶν
2611 981 2946 1051 παρουσίαν·
2979 977 3083 1034 εἷθ’
3131 978 3304 1042 οὕτως
3344 977 3504 1032 πάλιν
3537 975 3746 1036 αὐτοῖς

2144 1074 2472 1143 ἀναφανεὶς,
2493 1075 2586 1127 ἐπὶ
2619 1074 2711 1128 τὸν
2741 1073 3074 1145 χρυσόροεξον
3104 1071 3198 1125 καὶ
3225 1071 3315 1124 τὸν
3347 1067 3574 1140 βασιλέα
3597 1066 3749 1120 καθ-

2140 1165 2398 1236 εζόμενον
2429 1167 2771 1236 προηγεῖται,
2804 1164 2978 1234 ἀστὴρ
3008 1163 3108 1234 μὲν
3132 1162 3470 1232 φαινόμενος,
3494 1157 3749 1226 ἄγγελος

2139 1255 2195 1309 δὲ
2225 1256 2512 1326 νοούμενος
2537 1254 2708 1309 ἐθνῶν
2733 1253 2946 1324 ὁδηγός.
2987 1252 3197 1315 ’Ἄλλως
3217 1252 3296 1316 δὲ,
3318 1249 3400 1314 τίς
3422 1250 3550 1319 ὑμῖν
3582 1247 3756 1300 δοκεῖ

2144 1347 2348 1419 μείζων
2371 1349 2636 1422 ὑπάρχειν
2665 1350 2694 1401 ὁ
2715 1348 2913 1420 ἀστὴρ,
2943 1347 2976 1408 ἢ
3003 1346 3032 1398 ὁ
3063 1346 3252 1415 ἦλιος;
3297 1343 3469 1413 Ἐρεῖς
3495 1341 3556 1394 δὲ
3590 1340 3749 1392 τεάν-

2141 1454 2269 1501 τωςο
2301 1437 2359 1491 Ὁ
2385 1438 2558 1508 ἥλιος.
2584 1439 2680 1501 Τίς
2709 1433 2820 1504 οὖν,
2854 1435 3311 1507 μεσουρανοῦντπ
3337 1431 3516 1489 αὐτοῦ,
3549 1433 3754 1484 εἰπεῖν

2141 1528 2253 1595 οἷός
2276 1549 2336 1583 τε
2359 1531 2593 1602 ὑπάρχει
2625 1529 2784 1582 ποίαν
2809 1529 2917 1582 τῶν
2947 1528 3151 1580 πόλεων
3179 1526 3212 1596 ἤ
3237 1523 3435 1595 κωμῶν
3465 1524 3533 1577 δι’
3569 1526 3753 1594 ἀκρι-

2145 1622 2297 1686 ϐείας
2335 1622 2703 1692 καταμηνύει,
2731 1621 2764 1694 ἢ
2795 1621 2916 1675 τίνα
2947 1616 3096 1673 οἷκον
3125 1619 3314 1688 ὥσπερ
3351 1614 3606 1685 δακτύλῳ
3636 1633 3755 1684 ση-

2152 1713 2366 1783 μαίνεις
2416 1713 2709 1784 Σύγκρινον
2762 1712 2940 1766 τοίνυν
2995 1711 3200 1782 ἀστέρα
3239 1710 3373 1779 πρὸς
3415 1707 3594 1778 ἥλιον,
3663 1706 3757 1768 ὡς

2148 1807 2351 1877 ἐμπίδα
2382 1805 2493 1878 (Μ)
2520 1805 2655 1876 πρὸς
2677 1805 2965 1874 ἐλέφαντα,
2991 1804 3084 1857 καὶ
3113 1803 3174 1856 τὸ
3203 1801 3343 1853 θεῖον
3364 1801 3562 1868 ἄστρον
3595 1797 3755 1868 πρὸς

2142 1899 2242 1969 τὴν
2265 1897 2456 1952 πασῶν
2483 1896 2703 1968 μείζονα
2729 1897 2906 1960 πόλιν,
2929 1897 3004 1960 ὡς
3027 1895 3163 1966 πρὸς
3188 1891 3430 1964 κάμηλον
3460 1890 3751 1942 κώνωπα.

2144 1991 2208 2043 Ei.
2233 1984 2324 2042 οὖν
2358 1989 2418 2041 ού
2461 1985 2800 2059 γινώσκομεν
2832 1987 2991 2042 ποίαν
3034 1985 3142 2039 τῶν
3191 1983 3462 2055 μεγίστων
3510 1979 3756 2032 πόλεων

2145 2082 2488 2152 καταμηνύει
2519 2079 2832 2152 ὖπερεστὼς
2861 2081 2889 2132 ὁ
2922 2078 3028 2132 τῶν
3073 2078 3374 2148 φωστὴρων
3411 2073 3542 2138 ἄναξ
3568 2114 3579 2134 ,
3618 2072 3754 2136 πῶς

2143 2171 2236 2225 τὸν
2264 2171 2504 2244 ἀμυδρὸν
2533 2172 2738 2242 ἀστέρα
2764 2167 3136 2239 καταμηνύειν
3156 2165 3215 2218 τὸ
3246 2163 3504 2235 σπήλαιον
3533 2163 3754 2231 φήσω-

2151 2281 2269 2333 μεν,
2321 2265 2368 2317 εί
2402 2263 2476 2334 μὴ
2522 2263 2754 2332 ἄγγελος
2777 2262 3024 2332 ὑπῆρχεν
3056 2259 3342 2328 πρόσγειον
3369 2255 3466 2325 τὴν
3492 2255 3758 2324 ἀκροπο-

2147 2357 2267 2430 ρίαν
2293 2356 2634 2427 ποιούμενος,
2665 2357 2759 2408 καὶ
2801 2353 3022 2425 μηνύων
3055 2351 3153 2422 τὴν
3189 2348 3539 2410 δεσποτείανς
3583 2347 3755 2399 [Iau-

2147 2447 2431 2500 σάσθωσαν
2472 2447 2571 2516 τῆς
2604 2443 2961 2515 παροινίαςοί
3001 2442 3207 2511 ἀστέρα
3231 2437 3628 2492 ὲπανατέλλειν
3676 2439 3756 2508 τῇ

2147 2539 2375 2592 ἑκάστου
2427 2537 2585 2608 ἡμῶν
2637 2536 2846 2604 γενέσει
2889 2534 3160 2605 οίόμενοι,
3217 2530 3543 2602 μυθολέσχαι
3591 2529 3758 2592 τινὲς

2147 2632 2498 2702 ὑπάρχοντες.
2519 2630 2612 2683 καὶ
2631 2627 2997 2682 συνεκλείπειν
3013 2624 3089 2695 τῷ
3107 2624 3390 2694 θνήσκοντι
3412 2621 3498 2673 τὸν
3518 2619 3755 2692 ἀστέρα

2145 2720 2458 2793 ληρούντες.
2488 2721 2590 2774 Δύο
2628 2720 2734 2790 γὰρ
2765 2715 3066 2788 ἀνθρὼπων
3097 2716 3264 2768 ὄντων
3293 2715 3350 2766 ὲν
3389 2713 3607 2782 κόσμῳ,
3641 2713 3756 2765 τοῦ

2160 2813 2329 2882 Ἀδάμ
2358 2829 2499 2883 φημι
2532 2811 2624 2865 καὶ
2665 2810 2766 2880 τῆς
2813 2807 2977 2872 Εὔας.
3027 2809 3055 2859 ὁ
3099 2805 3328 2876 ούρανδς
3356 2803 3576 2873 ἄστρων
3610 2806 3754 2858 ἐπε-

2147 2904 2404 2975 πλήρωτο
2468 2903 2659 2955 ’Ύδατι
2688 2901 2744 2952 δὲ
2781 2899 2941 2952 πάλιν
2967 2895 3357 2966 ἀφανισθείσης
3385 2895 3476 2947 ἐπὶ
3504 2893 3620 2946 τῶν
3654 2913 3755 2962 γι-

2145 2990 2357 3058 γάντων
2405 2990 2581 3058 πάσης
2627 2987 2872 3059 ἐμψύχου
2916 2985 3169 3056 φύσεως,
3202 2985 3341 3056 πλὴν
3391 2984 3577 3051 ὀγδόου
3633 2984 3748 3037 τοῦ

2151 3080 2436 3134 θεσπεσίου
2459 3081 2580 3133 Νῶε
2600 3080 3010 3152 περισωθὲν-τος,
3034 3080 3094 3131 ού
3121 3076 3437 3147 συναπήχθη
3461 3075 3528 3128 τὰ
3551 3075 3756 3146 ἄστρα

2149 3173 2260 3235 τοῖς
2288 3171 2583 3243 ὲκτριϐεῖσι
2611 3171 2688 3242 τῷ
2717 3171 2893 3238 ὕδατι,
2921 3171 3041 3224 οὐδὲ
3075 3169 3245 3240 βραχὺ
3272 3169 3368 3240 τῆς
3387 3167 3596 3230 οἰκείας
3627 3186 3752 3221 πα-

2153 3262 2409 3334 ρεκινήθη
2442 3263 2668 3329 τάξεως.

469 3359 666 3419 pra-ter
702 3367 798 3406 eos
827 3358 952 3407 octo
980 3351 1070 3418 qui
1104 3366 1226 3404 eum
1266 3351 1453 3404 divino
1485 3350 1597 3406 Noa
1647 3354 1847 3407 seri-ali
1899 3366 2163 3419 suut,uon
2192 3357 2353 3411 simul
2389 3357 2569 3412 ablata
2616 3366 2744 3412 sunt
2773 3366 2917 3411 astra
2945 3369 3068 3410 cum
3118 3354 3229 3408 illis
3261 3356 3348 3423 qui
3373 3363 3510 3420 aqua
3551 3347 3751 3406 delett

469 3451 629 3506 sunt,
682 3460 855 3514 neque
908 3446 986 3498 vel
1028 3445 1306 3514 paululum
1347 3461 1376 3498 a
1401 3461 1501 3501 suo
1559 3457 1899 3503 recesserunt
1930 3450 2142 3509 ordine.

876 3547 1392 3606 lNTEllROGATlO
1455 3550 1634 3608 CVIII.

542 3639 832 3705 Quomodo
871 3655 997 3694 vero
1022 3639 1303 3711 Scriptura
1331 3642 1667 3712 astrologum
1706 3643 1838 3698 dicit
1868 3644 2041 3699 Abra-

471 3732 741 3786 hamum?
773 3741 867 3786 aut
906 3733 1183 3802 quomodo
1229 3741 1283 3786 et
1329 3735 1468 3790 alios
1517 3735 1825 3790 invenimus
1873 3735 2042 3805 pluri-

473 3841 613 3894 mos,
651 3825 745 3896 qui
771 3841 835 3880 ex
869 3825 1034 3880 astris
1055 3827 1226 3880 multa
1253 3843 1374 3896 quae
1411 3828 1546 3880 liunt
1582 3831 1725 3897 apud
1754 3843 1854 3882 nos
1898 3843 2039 3898 prte-

471 3915 681 3978 dicunt,
718 3915 882 3970 veluti
911 3916 1055 3984 quod
1089 3917 1177 3970 hic
1202 3917 1384 3972 iulans
1423 3919 1662 3982 adultus,
1705 3920 1756 3972 in
1808 3919 2040 3972 homici-

469 4007 593 4060 dam
625 4022 892 4061 evasurus
922 4008 1012 4069 sit,
1043 4017 1134 4061 aut
1160 4008 1500 4072 adulterum;
1549 4009 1638 4062 ille
1678 4024 1806 4063 vero
1864 4010 1915 4062 in
1957 4025 2042 4064 so-

470 4098 648 4155 brium
706 4105 759 4152 et
803 4096 1187 4152 modestiorem
1243 4107 1299 4152 et
1355 4098 1716 4162 fortunatum,
1778 4099 2040 4153 beneﬁcio

473 4195 676 4252 sideris
703 4197 726 4247 ?

1101 4285 1402 4353 Responsio.

541 4374 912 4433 Patriareham
935 4377 1155 4448 quidem
1188 4377 1562 4431 Abrahamum
1596 4379 1829 4434 historia
1853 4391 2034 4437 astro-

471 4483 693 4522 nomum
719 4483 942 4533 vocans,
968 4483 1239 4536 nusquam
1264 4469 1416 4536 ponit
1445 4469 1628 4539 ipsum
1655 4487 1752 4540 pro
1807 4471 1914 4528 diis
1946 4475 2042 4525 ha-

465 4559 654 4612 huisse
681 4559 763 4613 vel
790 4558 1026 4612 coluisse
1049 4559 1255 4614 stellas.
1283 4557 1487 4616 Verum
1521 4562 1586 4615 ad
1612 4565 2028 4633 agriculturam,

467 4659 520 4704 et
545 4650 767 4713 imbres,
796 4661 848 4704 et
891 4651 1166 4705 siccitates
1203 4658 1663 4722 tempestatesque
1693 4654 1810 4722 ipse
1842 4655 2033 4710 obsero

2723 3557 2972 3610 ΠΕΥΣΙΣ
3021 3557 3148 3611 PII'.

2217 3650 2325 3704 Καὶ
2359 3649 2474 3712 πῶς
2500 3651 2531 3719 ή
2568 3649 2758 3721 Γραφὴ
2781 3648 3106 3720 ἀστρολόγον
3133 3647 3225 3700 τὸν
3259 3645 3514 3717 Ἀϐραὰμ
3535 3645 3690 3715 λέγει
3720 3665 3742 3716 ;

2147 3739 2261 3802 πῶς
2276 3739 2332 3791 δὲ
2349 3739 2443 3792 καὶ
2463 3741 2681 3810 ἐτέρους
2700 3741 2983 3803 πλείστους
3006 3738 3354 3811 εὑρίσκομεν,
3381 3739 3489 3791 ἀπὸ
3513 3739 3751 3809 ἄστρων

2145 3831 2313 3885 πολλὰ
2337 3833 2445 3884 τῶν
2478 3833 2598 3886 καθ’
2629 3833 2776 3902 ἡμᾶς
2810 3833 3086 3901 λέγοντας,
3129 3834 3211 3884 ὃτι
3260 3832 3481 3902 φονικὸν
3517 3832 3746 3905 ἀποδή-

2148 3939 2301 3975 σεται
2325 3923 2386 3975 τὸ
2407 3923 2617 3977 παιδίον
2629 3922 3061 3996 αὐξανόμενον,ἢ
3089 3924 3274 3994 μοιχόν
3295 3941 3309 3954 ·
3340 3925 3401 3976 τὸ
3428 3925 3486 3978 δὲ
3516 3925 3740 3995 ἕτερον,

2147 4014 2428 4083 νηφάλιον,
2476 4015 2568 4070 καὶ
2619 4017 3080 4087 σωφρονέστερον,
3115 4019 3210 4071 καὶ
3253 4017 3478 4089 εὐτυχὲς
3502 4058 3516 4080 ,
3545 4017 3632 4071 διὰ
3669 4019 3744 4072 τὺ

2147 4103 2344 4175 ἄστρον
2368 4123 2382 4169 ;

2759 4287 3118 4355 Ἀπόκρισις.

2233 4379 2294 4430 Ἥ
2328 4378 2427 4448 μὲν
2452 4378 2658 4448 ἱστορία
2686 4378 2776 4431 τὸν
2801 4379 3148 4450 πατριάρχην
3190 4379 3436 4450 Ἀϐραὰμ
3461 4381 3739 4453 ἀστρονὸ-

2151 4484 2247 4537 μον
2273 4467 2554 4535 φάσκουσα
2572 4509 2585 4531 ,
2613 4468 2820 4521 οὐδέπω
2861 4469 3022 4522 αὑτὸν
3048 4470 3314 4524 θεοποιεῖν
3337 4471 3368 4542 ἦ
3400 4472 3579 4525 σέϐειν
3605 4471 3739 4538 τοὺς

2145 4560 2380 4629 ἀστέρας
2405 4560 2755 4642 παρίστησιν,
2781 4561 2917 4614 ἀλλά
2959 4561 3094 4634 πρὸς
3122 4562 3396 4634 γεωργίας
3431 4565 3525 4616 καὶ
3550 4566 3733 4634 ἐπομ-

2142 4651 2300 4721 ϐρίας
2329 4651 2572 4721 αὐχμούς
2611 4670 2670 4706 τε
2711 4655 2805 4706 καὶ
2845 4654 3118 4725 χειμῶνας
3154 4656 3441 4725 προσέχειν
3487 4658 3667 4719 αὐτοῖς
3698 4659 3735 4713 ὁ

467 4757 629 4796 vasse
682 4743 994 4811 patriarcha
1051 4741 1316 4806 creditur,
1363 4752 1423 4796 ut
1468 4744 1558 4813 qui
1625 4753 1779 4810 patre
1825 4746 2039 4814 genitus

2143 4743 2486 4814 πατριάρχης
2515 4745 2850 4799 πιστεύεταιο
2884 4747 2978 4799 καὶ
3019 4747 3190 4799 ταῦτα
3222 4747 3430 4817 πατρὸς
3461 4749 3732 4818 ὑπάρχων

467 4842 612 4887 esset
637 4834 824 4902 gentili
858 4832 1060 4899 Thare,
1085 4841 1140 4887 et
1170 4849 1292 4887 cum
1314 4833 1586 4889 Chaldaeis
1625 4843 1896 4898 versatus,
1944 4837 2040 4906 qui

469 4921 874 4975 multitudinem
907 4921 1133 4977 deorum
1171 4921 1490 4978 credebant.
1531 4923 1644 4978 Non
1675 4927 1821 4979 enim
1876 4926 2034 4995 juxta

2143 4832 2400 4903 ’Ἕλληνος
2447 4833 2539 4887 τοῦ
2572 4835 2761 4906 Θάρνρα
2785 4878 2800 4902 ,
2842 4837 2936 4890 καὶ
2986 4838 3272 4901 Χαλδαίοις
3299 4838 3600 4906 συνδιάγων
3627 4857 3733 4892 πο-

2139 4920 2356 4975 λυθεῖαν
2413 4923 2795 4994 πυρέττουσιν.
2844 4927 2919 4979 Ού
2969 4927 3079 4998 γὰρ
3141 4928 3282 4981 κατά
3333 4929 3727 5000 ἀστρονομίαν,

537 5139 652 5211 (45)
686 5140 936 5211 [Mm-(Br
953 5143 1268 5204 πλατειῶν.
1301 5142 1461 5198 Forte
1484 5143 1698 5196 πλατῶν
1731 5141 2032 5207 παλατίων,

468 5209 557 5266 vel
578 5209 822 5262 πλατέων
858 5211 984 5262 παλ.
1020 5212 1175 5267 Enn.

538 5282 648 5352 (44)
667 5279 939 5353 Ἑμςῑξδᾳ.
974 5279 1192 5353 Priores
1215 5281 1480 5337 editiones
1503 5280 1710 5352 ἔμπεδα
1732 5297 1892 5353 ἠοω
1912 5283 2028 5353 qui-

466 5350 705 5408 demvox
732 5350 864 5403 nihil
896 5350 1000 5423 huc
1026 5350 1147 5423 facit
1181 5359 1305 5423 :_cst
1328 5353 1477 5423 enim
1505 5350 1735 5423 ἔμπεδα,
1758 5350 2026 5423 Ποεγοῖιίι)

465 5431 707 5492 auctore,
746 5420 993 5492 émtnﬁﬁ,
1047 5420 1242 5492 ἀληθῆ,
1281 5420 1491 5488 βέϐαια,
1540 5420 1755 5492 ίσχυρά,
1795 5420 2024 5491 ἁμέτάλ·

465 5491 654 5557 λακτα,
679 5490 912 5561 ἀσφαλῆ.
940 5491 1075 5543 Illuc
1102 5490 1459 5546 Leunclavius
1483 5490 1685 5544 hiatum
1713 5495 1764 5545 in
1794 5490 1887 5544 sua
1917 5509 2027 5545 ver-

467 5562 620 5615 sione
658 5565 991 5632 relinquens,
1021 5563 1197 5615 locum
1234 5561 1315 5614 sic
1349 5562 1532 5632 el'lert:
1569 5561 1830 5632 Compare
1864 5562 2027 5632 igitur

465 5631 672 5683 stellam
699 5649 817 5684 cum
852 5633 981 5692 sole.
1011 5632 1145 5686 velut
1184 5671 1196 5684 .
1215 5669 1231 5684 .
1251 5669 1265 5684 .
1305 5631 1372 5683 ad
1397 5632 1736 5697 elephantem.
1773 5631 2023 5683 Mendum

468 5701 649 5768 itaque
693 5704 912 5755 sustulit
961 5703 1156 5757 Croius
1212 5701 1426 5759 Observ.
1459 5703 1511 5754 in
1561 5699 1694 5754 Nov.
1733 5701 1872 5753 Τάδε.
1901 5715 2022 5766 cap.

467 5785 667 5836 xxvnt,
719 5773 1025 5824 rescribcns
1063 5771 1281 5838 ἐμπὲδα.
1330 5772 1597 5842 ilcsychio
1644 5779 1825 5829 autem
1860 5769 2024 5840 ἐμπίς

2136 5144 2340 5223 dicitur
2363 5146 2581 5223 κώνωψ,
2623 5145 2825 5223 ἢ-είδος
2859 5149 3019 5223 ζώου,
3053 5151 3207 5223 παρά
3238 5153 3349 5223 τοῖς
3379 5152 3537 5206 ὕδασι
3569 5155 3728 5221 γενό-

2138 5232 2298 5290 μενον
2414 5215 2678 5290 γεννῴμξ]
2711 5221 2893 5290 ὅμοιον
2929 5215 3173 5284 κώνωπι,
3213 5222 3398 5290 μεῖζον
3440 5223 3517 5276 δέ.
3575 5215 3722 5277 (Στοξί

2136 5288 2434 5362 restitutio_
2463 5288 3046 5362 probatur—Cotelerio
3094 5293 3146 5344 in
3201 5288 3315 5346 not.
3364 5293 3430 5346 ad
3484 5309 3609 5362 cap.
3657 5299 3724 5349 l9

2129 5357 2278 5434 epist.
2410 5357 2720 5434 lgnatii‘M.
2754 5362 2822 5414 ad
2868 5356 3726 5434 Magnesianos._versioneinque

2133 5424 2591 5500 Leunclavianam
2626 5430 2698 5483 ita
2737 5424 2982 5500 supplet,
3029 5443 3188 5500 prout
3221 5432 3530 5486 edidimus:
3562 5424 3721 5489 Co'm-

2127 5509 2258 5561 para
2288 5496 2450 5562 igitur
2481 5500 2690 5552 stellam
2715 5496 2992 5562 cum—sole,
3019 5496 3154 5554 uelut
3185 5518 3420 5554 muscam
3455 5502 3721 5555 vinariam

2129 5563 2198 5618 ad
2213 5565 2559 5639 eleg/tantem.
2581 5567 2766 5639 Neque
2783 5571 2945 5624 aliter
2971 5571 3227 5634 Grabius,
3255 5572 3398 5638 δρία.
3423 5571 3530 5626 SS.
3566 5573 3716 5625 Patr.

2129 5643 2260 5716 tom.
2296 5635 2339 5716 ί,
2386 5651 2506 5709 pag.
2547 5635 2690 5706 ⁸557,
2709 5641 2832 5696 licet
2865 5642 3012 5698 (ἐτοῙί
3042 5651 3096 5697 et
3137 5635 3391 5698 Cotelerii
3425 5641 3572 5698 haud
3607 5658 3719 5696 ute-

2129 5715 2373 5762 minerit.
