4048 6222
295 274 404 333 οη

292 389 434 447 ἀλλά
459 387 769 446 θεοσέϐειαν
800 392 1014 465 πρῶτον
1042 397 1234 470 ἐαυτῷ,
1260 400 1360 455 εἷθ’
1381 401 1554 467 οὕτως
1589 404 1774 458 Ἰσαὰκ
1797 404 1875 476 τῷ

294 481 474 565 παιδὶ,
516 479 579 534 τὸ
637 481 877 554 σιδήριον
924 485 1037 556 τῆς,
1069 491 1368 561 περιτομῆς
1405 493 1745 565 τεθηγμένον
1789 497 1881 550 ὲπο

293 564 524 656 ήγᾱγεν.
570 568 704 622 Οὐδὲ
738 570 881 627 κατά
901 573 1284 647 ἀστρονομίαν,
1309 580 1448 634 ἀλλὰ
1473 564 1785 656 θεηγορίαν,
1816 587 1880 640 ὲκ

296 655 399 731 τῆς
435 657 632 730 ἀγόνου
672 660 767 715 καὶ
796 663 1101 737 παρήλικος
1132 668 1362 737 συμϐίου
1389 671 1488 741 τὴν
1528 655 1735 728 ἐκείνου
1764 674 1881 744 γέν⁴
1962 676 1967 681 ’

289 764 448 814 νησιν
480 748 840 835 ἐπιστώσατο·
869 754 999 826 περὶ
1036 750 1105 829 ἧς
1132 757 1195 811 ὲκ
1226 758 1354 821 νέας
1382 761 1476 815 καὶ
1505 762 1605 834 ήδη
1637 765 1881 835 σφριγῶ-

257 909 263 914 '
293 854 399 908 σης
428 838 528 910 τῆς
550 832 789 911 ἡλικίας,
834 845 1027 916 μέχρις
1048 849 1216 920 αὐτῆς
1241 850 1433 916 πολιᾶς
1454 855 1547 907 καὶ
1576 832 1878 925 βαθυτάτου

289 930 520 998 γήρους,
553 929 804 1003 ἀλλήλοις
833 936 1312 1004 συγκαθεύδοντες,
1349 942 1564 997 οὐδέπω
1621 940 1879 1018 ἀστρονο⁴

293 1018 450 1090 μίαις
480 1022 781 1079 ἐπείθοντο.
827 1026 948 1079 Οὐδ’
992 1023 1060 1083 αὖ
1111 1030 1275 1086 πάλιν
1313 1031 1408 1087 τοῦ
1456 1035 1878 1108 ἀστροτέκτονος

289 1111 383 1164 τὸν
410 1112 574 1167 παῖδα
623 1117 988 1187 πειραστικῶς
1030 1121 1194 1176 αὑτὸν
1246 1122 1396 1179 θύειν
1440 1131 1874 1201 προστάξαντος,

458 1203 682 1297 ἀστροις
729 1207 1013 1280 ἑπόμενος,
1051 1211 1187 1268 ἀλλά
1235 1215 1355 1288 Θεῷ
1399 1219 1736 1292 πειθόμενος,
1775 1225 1878 1297 τὴν

289 1294 568 1352 Χαλδαίαν
593 1300 655 1370 τῇ
689 1300 1087 1375 Μεσοποταμίᾳ
1116 1305 1315 1377 Συρίας
1351 1310 1657 1380 ἀμείϐεται.
1719 1294 1875 1382 ’Δξιῶ

288 1384 349 1438 δέ
400 1402 493 1480 σου
537 1388 635 1461 τὴν
681 1390 982 1465 ἀγχίνοιαν,
1031 1394 1320 1470 ἀξιέραστε
1358 1403 1723 1473 Κωνστάντιε,
1774 1410 1876 1480 τῆς

292 1478 575 1579 παρούσης
600 1480 750 1579 θείας
773 1485 1097 1579 όμηγύρεως
1120 1490 1256 1562 πρὸς
1279 1492 1378 1565 τὴν
1415 1495 1675 1568 ἀκρόασιν
1699 1478 1874 1579 βραχὺ

294 1570 610 1660 σιωπώσης,
636 1574 734 1646 τὴν
765 1577 908 1633 κατά
940 1578 1000 1632 σὲ
1030 1580 1433 1656 ἀστρονομικὴν
1471 1589 1629 1659 ἡμῶν
1660 1570 1873 1660 γένεσιν

286 1657 655 1752 διηγήσασθαί
705 1682 832 1736 μοι,
874 1667 969 1722 καὶ
1013 1669 1133 1742 ἥτις
1181 1672 1361 1729 αὐτῶν
1408 1657 1641 1751 ύπάρχει
1672 1657 1873 1752 ’κρίσις

288 1751 390 1848 καί
436 1754 750 1848 συμπλοκή·
806 1757 950 1815 οὕτω
993 1763 1061 1833 τῇ
1106 1761 1228 1836 θείᾳ
1272 1765 1430 1840 ῥώμῃ
1473 1786 1533 1822 τε
1563 1773 1657 1825 καὶ
1709 1775 1871 1848 σοφίᾳ

291 1842 740 1933 καθαιρουμένων
765 1848 875 1904 τῶν
898 1851 1051 1923 παρά
1080 1853 1176 1908 σοῦ
1201 1855 1534 1927 δονουμένων
1564 1842 1872 1933 δογμάτων,

291 1932 456 1987 πάλιν
495 1935 583 1989 διὰ
612 1936 826 2008 νήψεως
870 1941 965 1995 καὶ
991 1943 1239 2009 παιδείας
1281 1948 1607 2019 κρειττόνων
1639 1951 1745 2005 ύπδ
1774 1952 1873 2007 σοῦ⁹

291 2025 742 2096 ἁνεγειρομένων,
777 2028 852 2093 ὡς
882 2032 1094 2087 καὶτοῦ
1123 2034 1326 2106 ὑψηλοῦ
1364 2037 1705 2110 ’Δποστόλου,
1738 2044 1873 2099 καθ-

290 2115 615 2188 αιρεθέντων
662 2120 761 2189 μὲν
792 2121 900 2178 τῶν
933 2125 1190 2196 νομικῶν,
1233 2128 1655 2199 ἀνθυψωθέντων
1682 2133 1739 2188 δὲ
1764 2135 1873 2191 τῶν

288 2208 681 2278 εὐαγγελικῶν,
708 2212 805 2285 τῆς
830 2213 887 2267 δὲ
910 2217 1105 2285 κακίας
1127 2220 1570 2293 καταρραγείσης
1591 2225 1684 2280 καὶ
1700 2229 1875 2293 κτιζοο

291 2302 462 2372 μένης
499 2302 592 2355 ἐπὶ
612 2304 673 2356 τὸ
701 2306 977 2374 κρεῖττον,
1006 2307 1101 2362 καλ⁸
1126 2310 1348 2381 εἰρήνης
1387 2328 1470 2365 σοι
1502 2312 1639 2384 πρὸς
1664 2315 1734 2370 τὰ
1763 2317 1874 2388 ἐμὰ

289 2391 583 2463 γινομένης
611 2392 880 2464 δόγματα,
920 2397 1015 2449 καὶ
1047 2396 1155 2453 τῶν
1182 2402 1612 2473 συνεγερθέντων
1646 2406 1739 2459 ἐπὶ
1774 2405 1873 2477 τὴν

289 2480 460 2553 ἀκοὴν
512 2481 606 2535 τοῦ
656 2483 815 2552 λόγου
856 2484 1151 2558 ἀλωϐήτως
1200 2488 1650 2560 ἀποφοιτὼντων,
1706 2497 1872 2566 μηδὲν

287 2571 386 2639 τῆς
423 2570 737 2644 Ἑλληνικῆς
770 2573 1126 2646 ἐπαγομένων
1151 2578 1350 2642 κακίας
1370 2597 1384 2612 ·
1412 2581 1609 2650 ἐπάγει
1639 2584 1740 2651 μὲν
1766 2587 1871 2641 Δα-

283 2660 374 2713 626
397 2662 426 2713 ό
458 2661 566 2714 τῶν
600 2661 760 2717 θείων
806 2660 1040 2735 μελῳδδς
1061 2682 1074 2696 ·
1129 2666 1292 2736 Αὕτη
1329 2670 1367 2737 ἡ
1399 2669 1730 2740 ἀλλοίωσις
1761 2673 1873 2743 τῆς

285 2751 492 2819 δεξιᾶς
532 2752 637 2807 τοῦ
685 2755 1008 2824 ’Υψίστουο
1051 2757 1366 2831 ὲπιὸοήσειε
1413 2761 1471 2817 δὲ
1525 2765 1621 2820 καί¹
1679 2768 1709 2820 ό
1762 2767 1874 2823 τῶν

288 2844 585 2914 προφητῶν
627 2843 831 2917 ὑψηλὸς
878 2845 1107 2911 Ἡσαΐας
1136 2848 1203 2903 ἐκ
1245 2850 1537 2923 προσώπου
1571 2854 1666 2910 τοῦ
1698 2856 1834 2913 Θεοῦ
1854 2875 1869 2893 ο

300 2937 445 3005 Ἐγὼ
484 2938 515 2991 ό
554 2935 743 2991 ποιῶν
771 2936 1040 3007 εἰρήνην,
1083 2939 1182 2995 καὶ
1213 2942 1422 3004 κτίζων
1456 2946 1615 3002 κακὰ
1660 2948 1760 3005 ἐπὶ
1807 2950 1872 3009 τὸ

290 3045 577 3098 κρείττον’.

874 3151 1123 3218 uarat):
1153 3167 1272 3222 re.

360 3273 472 3344 Τῆς
498 3273 766 3345 ὑμετέρας
784 3273 1093 3346 ἁγιωσύνης
1115 3276 1296 3347 λέγειν
1326 3298 1417 3351 μοι
1445 3284 1866 3360 ἐπιτρεπούσης,

286 3365 539 3419 ἐντεῦθεν
561 3366 654 3419 τοῦ
679 3366 837 3435 λόγου
864 3367 1124 3437 ἄρχομαι,
1148 3370 1209 3422 οὑ
1230 3370 1571 3444 λυμήνασθαι
1593 3379 1720 3441 τοὺς
1739 3396 1872 3451 παρ-
1902 3413 1913 3429 ι

283 3459 468 3523 ὄντας,
503 3457 619 3511 ἀλλ’
648 3458 943 3511 ἀποθέσθαι
973 3458 1071 3529 τὴν
1089 3458 1279 3533 λύμην»
1298 3463 1635 3537 βουλόμενος.
1671 3469 1872 3523 Αὐτίκα

288 3546 421 3615 γοῦν
456 3546 631 3618 Ἀρης
672 3546 783 3616 (45)
814 3548 1038 3619 κέντρον
1081 3548 1280 3615 λαόὼν,
1315 3553 1498 3626 οἰκείῳ
1524 3557 1658 3627 οἴκῳ
1691 3558 1757 3612 ὲκ
1783 3576 1872 3611 τε-

290 3636 575 3709 τραγώνου
598 3637 913 3708 ἐπιθεωρῶν
931 3640 1137 3716 Κρόνον
1168 3642 1265 3698 σὺν
1303 3644 1477 3717 Ἑρμῇ
1506 3646 1600 3699 ἐπὶ
1626 3648 1871 3721 κέντρον,

289 3731 528 3802 Σελήνης
586 3730 672 3783 ἐπ’
720 3729 883 3784 αὐτὸν
934 3731 1177 3803 πλήρους
1221 3734 1530 3808 ἀρχομένης
1580 3738 1729 3810 (46),
1780 3741 1873 3795 ἐπὶ

290 3826 561 3896 ἡμερινῆς
593 3823 924 3895 γεννήσεως,
973 3824 1185 3884 ἐκτελεί
1215 3824 1568 3898 ἀνδροφόνους
1601 3832 1695 3884 καὶ
1730 3848 1874 3885 κτει-

289 3916 574 3986 νομένους,
617 3913 925 3985 ἐπωμώτας
956 3915 1069 3987 (47)
1101 3916 1195 3970 καὶ
1226 3919 1545 3990 αἱμοπότας,
1582 3921 1871 3992 μεθύσους,

290 4006 543 4076 λάγνους,
586 4006 974 4078 δαιμονῶντας,
1022 4010 1337 4080 μυστηρίων
1368 4011 1702 4083 ἀποκρύφων
1727 4015 1872 4070 ἴστο-

294 4116 417 4168 ρας,
460 4097 665 4167 μάγους
692 4096 878 4163 θύτας,
927 4097 1023 4152 καὶ
1066 4098 1133 4152 τά
1160 4098 1369 4164 τούτοις
1395 4102 1682 4170 ἀκόλουθα,
1728 4106 1874 4171 ἐξαι-

293 4191 468 4261 ρέτως
495 4188 723 4261 μηδενός
747 4189 857 4243 τῶν
875 4190 1221 4259 ἀγαθοποιῶν
1248 4193 1493 4265 ἀστέρων
1512 4180 1873 4270 ἐπιθεωροῦνο

291 4296 406 4344 τος.
448 4279 620 4343 Λύτδς
652 4280 710 4332 δὲ
753 4271 915 4334 πάλιν
953 4282 1128 4353 Ἀρης
1157 4282 1294 4355 πρὸς
1336 4283 1655 4358 Ἀφροδίτην
1685 4288 1873 4361 σχῆμα

292 4372 655 4443 τετράγωνον,
686 4371 948 4443 μοιρικῶς
974 4373 1066 4425 ἐπὶ
1094 4372 1317 4445 κέντρον
1344 4375 1417 4447 μὴ
1448 4376 1873 4450 ὲπιθεωροῦντός

294 4481 441 4529 τινος
495 4461 825 4532 ἀγαθοποιοῦ
845 4506 859 4528 ,
904 4463 1124 4534 μοιχοὺς
1158 4465 1433 4525 ἀποτελεῖ.
1484 4467 1742 4541 ἀδελφαῖς
1780 4473 1877 4527 καὶ

298 4554 542 4626 μητράσι
577 4553 956 4623 μιγνυμένους.
1014 4553 1230 4626 Κύπρις
1272 4556 1369 4609 σὺν
1404 4558 1562 4629 Μήνῃ
1608 4561 1667 4612 ὲν
1703 4561 1876 4635 ὁρίοις

296 4647 393 4700 καὶ
417 4647 588 4708 οἴκοις
620 4646 848 4716 Κρόνου,
881 4646 977 4698 σὺν
1008 4646 1221 4717 Κρόνῳ,
1257 4645 1753 4720 ἐπιμαρτυροῦντος
1780 4652 1874 4706 τοῦ

301 4739 520 4808 Ἄρεος,
552 4736 804 4789 ἀποτελεῖ
831 4738 1093 4803 γυναῖκας
1112 4739 1391 4807 γεωργοὺς
1418 4740 1510 4793 καὶ
1537 4741 1878 4813 οίκῶμους,

297 4828 394 4883 καὶ
419 4828 638 4881 πάντων
657 4826 919 4897 ἀνδρείων
946 4826 1124 4898 ἔργων
1148 4826 1533 4897 ἐπιστήμονας,
1569 4831 1663 4883 καί
1680 4835 1880 4886 κοινοῦ-

298 4918 425 4973 σθαι
455 4918 550 4971 καὶ
601 4916 986 4986 συγκαθεύδειν
1030 4911 1113 4980 οἷς
1142 4917 1187 4970 δ’
1226 4918 1293 4970 ἂν
1323 4916 1626 4987 βούλοιντο,
1666 4923 1769 4975 καὶ
1804 4924 1881 4995 μὴ

298 5010 604 5065 κωλύεσθαι
630 5010 736 5063 ὑπὸ
762 5009 872 5063 τῶν
913 5008 1130 5063 οἰκείων
1168 5008 1399 5079 ἀνδρῶν.
1459 5010 1762 5084 ’Δνδρείους
1788 5012 1883 5071 οὖν

366 5179 415 5212 ⁸⁸
455 5176 601 5233 Psal.
628 5191 812 5241 um,
845 5176 928 5230 ll.
1004 5175 1052 5207 ⁸³
1092 5172 1197 5230 lsa.
1230 5191 1356 5237 xcv.
1386 5173 1440 5231 7.

335 5333 486 5460 0g5)
517 5332 744 5388 Αὐτίκα
783 5331 933 5401 γοῦν
960 5331 1159 5398 Ἄρης.
1203 5330 1337 5396 Quae
1383 5331 1483 5384 hac
1527 5330 1580 5383 in
1614 5328 1876 5399 Interrog.

441 5413 498 5457 et
528 5410 791 5460 sequente
830 5402 929 5454 ll0
964 5401 1124 5454 habet
1151 5402 1447 5455 (Ia:sarius.
1479 5402 1752 5460 excerpsit
1783 5417 1876 5455 seu

301 5401 407 5460 £09
441 5413 498 5457 et
528 5410 791 5470 sequente
830 5402 929 5454 ΗΟ
964 5401 1124 5454 habet
1151 5402 1629 5470 (Ia:sarius.Acxccr
1644 5402 1752 5469 psit
1783 5417 1877 5455 seu

375 5475 487 5528 tius
518 5468 814 5542 dn-s‘crtpsit
856 5489 919 5525 ex
954 5471 1385 5542 llecogriltmiiiiin
1429 5468 1881 5542 Clementinuruin

324 5543 398 5599 ib.
443 5559 521 5607 Ix,
555 5560 677 5613 t'ap.
708 5539 772 5613 'l'l
805 5557 957 5613 seqq.
987 5539 1177 5595 senex
1216 5539 1540 5613 Bai-desunis
1570 5540 1882 5613 dialogo/2e

302 5614 440 5683 fato,
481 5609 643 5681 cujus
670 5609 893 5683 insigne
920 5612 1282 5681 fragmentum
1315 5610 1475 5683 nobis
1506 5609 1742 5664 servavit
1773 5609 1883 5665 Eu-

303 5680 493 5742 sebius
527 5680 701 5752 Priap.
734 5680 1061 5753 Euangrltb.
1087 5696 1164 5753 vr,
1197 5680 1439 5753 cap._lO.

376 5755 493 5825 W5)
530 5747 905 5824 Ἀρχομένηςῖ
940 5751 1091 5823 Legit
1116 5747 1424 5807 Cotclcrius
1451 5747 1775 5822 ἐρχομένης,
1804 5750 1884 5804 lo-

1681 287 2035 351 DIALOGUS
2071 291 2133 349 Il.

3442 294 3552 351 {2'33

1984 408 2129 478 leges
2153 408 2412 476 siderum,
2441 411 2534 467 sed
2563 410 2718 481 juxta
2761 411 3009 483 pietatem
3039 412 3092 466 in
3121 410 3289 466 Deum
3314 410 3550 481 primum

1984 497 2205 553 sibimet
2235 500 2360 571 ipsi,
2390 512 2444 558 et
2471 502 2729 573 deinceps
2759 501 2945 560 lsaaco
2972 502 3082 556 lilio
3112 502 3552 557 circumcisionis

1983 599 2201 645 acutqu
2238 592 2473 646 cultrum
2498 594 2771 651 adhibuit.
2795 595 2981 665 Neque
3030 591 3335 650 secundum
3371 602 3551 645 astro-

1983 682 2243 746 nomiam,
2271 682 2365 737 sed
2397 682 2639 739 divinam
2691 687 3114 759 promissionem
3164 700 3229 739 ex
3277 682 3454 738 sterili
3500 690 3554 736 ct

1982 769 2262 842 decrepita
2293 782 2552 830 consorte
2582 776 2833 833 sobolem
2878 793 2937 832 se
2971 784 3394 847 procreaturum
3428 789 3554 828 cre-

1981 856 2142 922 didit,
2178 874 2303 912 cum
2325 876 2434 931 qua
2464 862 2533 918 ab
2595 862 2966 920 adolescentia
3013 874 3068 921 et
3123 863 3337 919 ﬂorenti
3393 870 3555 918 aetate

1983 963 2157 1019 usque
2183 950 2251 1005 ad
2272 952 2446 1023 ipsam
2483 957 2742 1014 canitiem
2770 967 2826 1013 et
2853 971 3153 1014 extremam
3209 962 3552 1012 senectutem

1979 1048 2233 1098 versatus
2258 1052 2396 1100 erat.
2423 1042 2716 1117 Nunquam
2754 1056 2905 1106 certe
2954 1049 3308 1104 astronomiae
3350 1045 3555 1116 paruit.

1981 1146 2051 1188 ne
2075 1142 2203 1188 tunc
2224 1135 2468 1205 quidem.
2495 1154 2622 1194 cum
2660 1149 2933 1196 astrorum
2956 1140 3139 1210 opifex
3169 1155 3266 1211 per
3298 1136 3553 1194 tentatio-

1980 1238 2106 1280 nem
2136 1223 2305 1280 ﬁlium
2337 1226 2621 1283 immolare
2648 1229 3021 1300 praecepisset.
3055 1228 3243 1298 Ne’que
3293 1236 3442 1281 astra
3466 1241 3554 1281 se-

1979 1329 2177 1386 quens.
2210 1317 2307 1372 sed
2344 1316 2454 1374 Deo
2484 1318 2767 1387 obediens,
2801 1320 3109 1376 Chaldxeam
3140 1334 3264 1374 cum
3310 1317 3553 1386 Mesopo-

1979 1408 2148 1463 tamia
2174 1407 2349 1481 Syriae
2367 1417 2666 1480 permutat.
2710 1410 2955 1467 Obsecro
3001 1420 3184 1467 autem
3225 1424 3454 1465 acumen
3491 1407 3554 1461 il-

1979 1493 2072 1549 lud
2101 1501 2282 1561 tuum,
2313 1497 2734 1566 praeclarissime
2763 1498 3076 1565 Constanti,
3113 1506 3173 1554 ut
3205 1498 3260 1552 in
3288 1496 3551 1570 pnesenti

1979 1598 2143 1640 sacro
2175 1594 2319 1643 ctetu
2350 1587 2632 1657 paululum
2689 1587 3039 1643 auscultandi
3088 1587 3264 1658 gratia
3310 1592 3548 1647 tacente,

1979 1675 2403 1729 astronomieam
2445 1677 2689 1747 genesim
2732 1689 2977 1736 nostram
3022 1692 3188 1750 quam
3222 1685 3278 1733 tn
3328 1675 3549 1738 statuis.

1974 1764 2215 1835 explices
2240 1764 2396 1843 mihi,
2414 1782 2664 1836 quaenam
2686 1768 2926 1825 siderum
2946 1770 3019 1826 sit
3046 1779 3155 1826 tam
3183 1769 3366 1826 mistio
3389 1783 3551 1839 quam

1975 1853 2312 1924 conjunctio,
2351 1854 2527 1912 donec
2571 1856 2757 1912 divina
2785 1860 2991 1919 virtute
3023 1875 3089 1917 ac
3115 1859 3381 1930 sapientia
3422 1859 3553 1916 sub-

1973 1946 2170 2011 versis,
2203 1962 2325 2018 quae
2352 1961 2384 2000 a
2416 1957 2470 2003 te
2491 1948 2790 2022 agitantur,
2806 1950 3100 2023 dogmatis,
3133 1967 3325 2008 rursus
3349 1967 3443 2022 per
3464 1965 3554 2006 so-

1974 2037 2261 2094 brietatem
2291 2051 2345 2096 et
2376 2038 2684 2096 doctrinam
2730 2043 3049 2100 melioribus
3094 2043 3148 2099 in
3185 2053 3240 2100 te
3274 2043 3549 2105 excitatis,

1974 2135 2437 2204 quemadmodum
2477 2145 2531 2192 et
2560 2137 2627 2191 ab
2661 2138 2881 2195 excelso
2898 2138 3163 2210 Apostolo
3188 2140 3410 2204 dicitur,
3457 2140 3554 2195 dc-

1974 2226 2179 2282 molitis
2210 2228 2499 2298 legalibus,
2546 2237 2602 2284 ct
2634 2229 2878 2286 vicissim
2909 2231 3162 2288 exaltatis
3184 2231 3551 2302 Evangelieis.

1973 2317 2216 2386 nequitia
2255 2318 2450 2383 fracta,
2475 2329 2526 2374 et
2559 2321 2610 2375 in
2644 2321 2837 2377 melius
2861 2322 3137 2385 restituta,
3166 2337 3406 2393 paceque
3427 2336 3552 2377 cum

1924 2472 1929 2475 _
1974 2408 2113 2462 meis
2142 2411 2417 2482 dogmatis
2445 2414 2826 2479 reconciliata,
2859 2423 2913 2470 et
2948 2415 3056 2470 illis
3078 2415 3171 2485 qui
3204 2430 3311 2468 una
3343 2413 3409 2467 ad
3454 2429 3554 2467 au-

1972 2492 2230 2550 diendum
2265 2498 2413 2554 hunc
2455 2514 2761 2555 sermonem
2796 2503 3016 2557 excitati
3066 2510 3212 2565 sunt,
3244 2500 3428 2555 illecsis
3457 2501 3553 2558 ab-

1971 2586 2260 2652 euntibus,
2318 2603 2418 2643 nec
2485 2589 2858 2659 improbitatis
2909 2589 3192 2662 gentilitia:
3254 2589 3550 2660 quidquam

1971 2697 2158 2737 secum
2190 2683 2637 2754 asportantihus:
2691 2683 2924 2742 Davides
2963 2674 3193 2756 quidem
3238 2692 3431 2738 amtor
3463 2683 3552 2738 ille

1971 2771 2281 2828 divinorum
2329 2775 2634 2830 carminum
2676 2777 2981 2846 subjiciat:
3038 2770 3164 2829 Ηαό
3214 2786 3290 2831 est
3327 2776 3552 2828 mutatio

1970 2864 2203 2921 dextera:
2227 2866 2494 2922 Altissimi
2512 2869 2557 2901 θ’
2587 2886 2603 2930 ς
2629 2869 2863 2925 eximius
2884 2879 3064 2924 autem
3087 2876 3241 2924 vales
3265 2868 3434 2924 Isaias
3456 2882 3549 2919 ac-

1971 2957 2171 3012 clamet
2199 2958 2254 3013 in
2287 2974 2522 3028 persona
2550 2958 2643 3014 Dei
2677 2979 2689 3014 :
2731 2959 2843 3030 Ego
2869 2978 2987 3014 sum
3006 2959 3168 3024 Deus,
3199 2960 3288 3015 ille
3310 2960 3400 3031 qui
3422 2959 3552 3029 facit

1975 3062 2154 3116 pacem
2186 3059 2236 3103 et
2266 3049 2410 3104 mala
2438 3051 2492 3103 in
2516 3051 2701 3106 melius
2733 3063 2938 3106 revocat
2958 3054 3024 3108 ⁸³.

2489 3181 3004 3240 INTERROGATIO
3040 3182 3177 3240 CIX.

2049 3292 2214 3347 Facta
2245 3293 2379 3348 mihi
2412 3292 2628 3348 dicendi
2664 3299 2935 3364 potestate
2969 3308 2998 3346 a
3030 3291 3319 3348 sanctitate
3352 3296 3554 3356 vestra,

1971 3382 2279 3439 orationem
2305 3384 2660 3455 auspicabor,
2701 3400 2809 3439 non
2841 3393 2901 3438 ut
2924 3398 3277 3454 corrumpam
3312 3395 3559 3453 prasen-

1974 3479 2075 3535 tes.
2113 3475 2209 3529 sed
2248 3476 2331 3530 uti
2384 3492 2497 3532 rem
2546 3476 2914 3547 perniciosam
2944 3475 3281 3544 abjecturus.
3328 3472 3560 3540 Quando

1975 3562 2142 3633 igitur
2170 3564 2316 3620 Mars
2344 3576 2594 3644 centrum
2632 3574 2823 3622 tenens
2856 3567 2910 3620 in
2942 3566 3106 3620 domo
3138 3581 3260 3627 sua,
3289 3564 3560 3634 quadrato

1973 3665 2201 3729 aspectu
2253 3672 2378 3712 cum
2417 3656 2689 3713 Mercurio
2735 3665 2988 3713 centrum
3041 3657 3182 3711 lunae
3229 3672 3350 3726 quae
3397 3657 3556 3725 plena

1973 3760 2097 3802 esse
2124 3745 2352 3814 incipit,
2389 3744 2445 3798 in
2474 3745 2829 3814 generatione
2858 3743 3058 3799 diurna
3100 3744 3363 3807 intuetur,
3396 3743 3558 3796 cllicit

1976 3838 2282 3893 homicidas
2310 3844 2365 3891 et
2401 3835 2815 3903 interfectores,
2847 3835 3284 3905 juramentorum
3327 3847 3558 3903 usurpa-

1975 3936 2122 3984 tores
2142 3935 2198 3983 et
2223 3934 2444 3997 potores
2481 3924 2790 3995 sanguinis,
2824 3923 3030 3988 ebrios,
3061 3922 3421 4001 ell'eminatos.
3447 3917 3561 3973 dte-

1974 4017 2257 4073 moniacas
2276 4016 2504 4071 notitias
2522 4014 2972 4070 absconditorum
2998 4012 3382 4084 mysteriorum
3408 4024 3556 4066 scru-

1974 4116 2176 4173 tantes,
2216 4122 2409 4178 magos
2444 4108 2725 4163 sacriﬁcos
2757 4114 2812 4161 et
2851 4121 2974 4176 qua:
3009 4111 3139 4158 sunt
3166 4102 3288 4157 istis
3317 4102 3554 4157 similia:

1975 4200 2022 4254 si
2046 4199 2348 4271 praesertim
2373 4199 2576 4253 nullius
2595 4197 2824 4252 alterius
2841 4196 3097 4251 beneﬁca:
3114 4192 3557 4258 stelheaspectns

1975 4292 2070 4348 sit.
2120 4290 2336 4346 Rursus
2379 4290 2522 4346 idem
2569 4289 2711 4346 Mars
2761 4290 2980 4345 intuens
3016 4285 3280 4340 Venerem
3331 4288 3555 4350 aSjietrtu

1980 4381 2267 4451 quadrato,
2299 4383 2345 4436 si
2377 4396 2485 4436 non
2521 4381 2595 4434 sit
2634 4385 2890 4450 aspectus
2927 4373 3161 4443 alicujus
3193 4373 3364 4428 stella:
3394 4371 3559 4425 benc-

1986 4474 2100 4531 ηοω
2127 4475 2182 4529 in
2211 4481 2422 4534 centro.
2453 4471 2733 4527 adulteros
2765 4469 2948 4531 elﬁcit,
2982 4483 3095 4523 rem
3121 4481 3247 4521 cum
3275 4462 3560 4518 sororibus

1984 4571 2040 4619 et
2074 4562 2342 4618 matribus
2386 4561 2669 4618 habentes.
2709 4558 2894 4616 Venus
2934 4572 3061 4626 cum
3106 4556 3233 4609 luna
3266 4553 3321 4607 in
3358 4551 3560 4605 linibns

1983 4661 2039 4709 et
2072 4653 2330 4710 domibus
2356 4653 2599 4719 Saturni,
2619 4653 2912 4708 accedente
2938 4649 3199 4707 Saturno.
3223 4644 3559 4714 approbante

1977 4744 2170 4812 Marte,
2216 4746 2375 4802 cﬂicit
2418 4748 2678 4803 mulieres
2714 4758 2969 4816 agrorum
3001 4739 3263 4795 cultrices
3292 4744 3348 4791 et
3377 4734 3558 4791 archi-

1980 4846 2205 4893 tecturae
2243 4840 2600 4910 omniumque
2647 4837 2887 4891 virilium
2922 4846 3152 4903 operum
3181 4846 3402 4901 gnaros,
3431 4844 3557 4883 con-

1980 4930 2332 4986 suetudinem
2369 4930 2633 4985 habentes
2660 4937 2717 4983 et
2740 4925 3171 4981 concmnbcntes
3200 4938 3324 4977 cum
3355 4922 3557 4991 quibus

1981 5021 2276 5088 voluerint,
2325 5021 2462 5077 nihil
2494 5018 2916 5091 impedientibus
2963 5015 3017 5070 in
3066 5014 3170 5069 hoc
3196 5028 3289 5069 eas
3320 5010 3550 5067 maritis.

1982 5349 2217 5403 cumque
2250 5332 2518 5403 integrum
2546 5331 2626 5386 sic
2662 5333 2875 5386 reddit:
2911 5332 3045 5387 Cum
3070 5332 3231 5402 igitur
3259 5328 3407 5403 Mars
3430 5344 3553 5403 σενι-

1983 5396 2436 5477 ιηιιιιίειιειιε,’ἱιι
2467 5401 2622 5477 domo
2644 5420 2743 5456 sua
2771 5418 2837 5457 ea:
2876 5396 3143 5477 telragorio
3178 5399 3403 5477 respexit
3447 5396 3555 5477 Sco.

1982 5485 2233 5538 turnum,
2279 5474 2406 5527 (una
2454 5474 2684 5528 remeate
2724 5490 2878 5542 super
2900 5471 3021 5527 eum
3055 5471 3228 5538 plena,
3282 5471 3336 5521 in
3380 5471 3553 5536 genui

1978 5547 2193 5606 diurna.
2220 5554 2328 5601 etc.

2054 5615 2167 5686 (47)
2202 5613 2563 5684 Ἐπωμώτιις.
2598 5613 2691 5670 Vel
2719 5612 3026 5684 ἐπωμότας,
3059 5609 3191 5664 verti
3220 5607 3382 5663 etiam
3423 5622 3549 5678 pos-

1987 5696 2063 5742 set
2086 5686 2344 5756 perjuros.
2381 5687 2589 5741 tiores.
