4048 6222
468 293 579 354 97‘.)

475 417 670 472 Virites
731 423 911 470 autem
959 415 1121 470 etlicit
1170 412 1429 468 mulieres
1476 410 1530 465 in
1581 411 1941 482 Capricorno,
1994 407 2050 461 in

475 507 736 580 Aquario,
766 509 858 564 sed
884 508 936 562 in
975 523 1034 563 re
1065 521 1293 560 venerea
1327 503 1594 560 infelices.
1627 503 1683 558 In
1709 504 1838 560 viris
1869 512 2050 558 autem

472 602 702 657 riiicitur
748 601 1108 663 Contrarium,
1154 598 1200 654 si
1238 612 1364 652 cum
1424 595 1593 652 Marte
1640 598 1713 651 sil.
1758 596 1812 650 in
1845 597 2049 651 Ariete.

472 696 590 761 Quo
623 694 698 756 lit,
729 703 786 746 ut
828 698 1102 761 nequeant
1142 690 1224 744 vel
1259 697 1426 753 metu,
1462 689 1546 743 vel
1597 688 1835 758 alicujus
1861 688 2050 752 minis,

474 789 556 844 vel
592 796 710 842 arte
743 787 1024 843 continuere
1057 785 1340 850 libidines,
1385 791 1606 853 propter
1637 782 2049 838 inclinationem

472 890 764 936 astrorum.

1105 949 1411 1018 Responsio.

539 1040 844 1095 Admodum
873 1042 1008 1095 scite
1031 1041 1284 1109 gentilitii
1316 1041 1522 1096 erroris
1553 1040 1857 1095 enuntiasti
1896 1040 2051 1096 fabu-

471 1135 576 1187 las.
607 1132 864 1187 Vicissim
902 1134 1068 1204 igitur
1115 1142 1169 1189 et
1218 1148 1319 1203 ego
1367 1134 1629 1189 audacter
1661 1134 1947 1205 aggrediar
1987 1150 2050 1190 ea

469 1241 590 1295 quze
619 1241 646 1278 a
678 1233 731 1278 te
779 1226 924 1279 dicta
961 1234 1110 1289 sunt,
1146 1233 1198 1280 et
1232 1225 1414 1282 fundae
1447 1228 1528 1281 vel
1567 1242 1730 1283 arcus
1781 1226 1897 1281 vice
1930 1242 2050 1282 ser-

469 1331 631 1371 mone
679 1323 835 1370 utens
879 1316 1125 1371 refellere
1172 1317 1439 1378 conabor.
1503 1333 1569 1372 ne
1617 1319 1682 1372 ad
1720 1317 1947 1373 Martem
1997 1328 2050 1376 et

469 1407 756 1469 Venerem,
817 1419 1034 1464 nostras
1067 1409 1288 1472 Stellas,
1327 1411 1557 1464 caedium
1593 1424 1790 1465 causas
1821 1411 2046 1468 referas.

468 1498 629 1554 Prius
659 1507 837 1555 autem
874 1499 1128 1564 obsecro,
1165 1511 1223 1554 ut
1253 1501 1466 1556 discere
1495 1502 1648 1564 velis,
1681 1517 1842 1571 posse
1879 1504 2052 1559 homi-

469 1609 613 1656 nem,
673 1594 715 1648 si
745 1593 967 1663 quidem
999 1595 1147 1655 velit,
1179 1594 1432 1650 libidines
1482 1602 1536 1648 et
1570 1596 1813 1652 actiones
1846 1597 1929 1652 vel
1957 1613 2051 1652 ca-

469 1686 673 1755 stigare
705 1687 786 1740 vel
819 1687 1032 1754 penitus
1063 1696 1336 1740 excutere.
1392 1688 1569 1756 Atque
1605 1689 1858 1758 equidem
1884 1705 2049 1744 excu-

469 1788 580 1835 tere
607 1781 756 1834 soleo
781 1795 877 1850 per
903 1779 1256 1835 conscientia:
1283 1766 1490 1850 ﬂagella
1521 1789 1575 1835 et
1605 1797 1701 1850 per
1726 1783 2042 1836 memoriam

468 1872 797 1926 inevitabilis
844 1871 1072 1940 judicii,
1125 1872 1273 1941 quod
1320 1873 1448 1926 vitia
1504 1874 1776 1942 prohibet.
1838 1873 1944 1927 Sed
1995 1882 2048 1927 ct

467 1961 772 2034 principum
807 1963 970 2032 leges,
1021 1971 1146 2016 ante
1187 1971 1393 2017 tentata
1431 1971 1728 2026 tormenta,
1784 1973 1838 2018 et
1875 1979 2048 2034 angu-

464 2057 634 2120 stias,
672 2068 836 2126 atque
885 2058 1288 2126 catapultarum
1335 2058 1638 2128 supplicia,
1685 2060 1804 2113 solo
1856 2059 2044 2114 auditu

464 2163 646 2203 rerum
679 2147 1004 2202 terribilium
1036 2165 1156 2218 quae
1185 2157 1314 2203 sunt
1345 2149 1396 2202 in
1428 2150 1875 2218 compensatione
1907 2151 2044 2205 deli-

461 2240 739 2306 lictorum,
782 2240 1084 2296 modestum
1120 2241 1348 2297 reddere
1389 2251 1617 2310 possunt
1653 2242 1927 2298 hominem
1962 2243 2045 2296 in-

461 2341 878 2404 temperantem.
927 2344 981 2388 et
1034 2335 1339 2390 obtundere
1384 2336 1755 2390 lascivientem
1801 2337 2041 2408 vigorem

457 2428 762 2497 iuventutis
815 2429 868 2482 in
910 2429 1151 2497 qualibet
1205 2429 1446 2498 regione,
1497 2430 1610 2486 sive
1650 2431 1868 2500 scriptae
1910 2433 2040 2495 sint,

461 2521 577 2575 sive
613 2537 720 2574 non
749 2520 988 2590 scriptzr,
1025 2530 1130 2574 tam
1166 2522 1307 2591 apud
1339 2537 1440 2578 nos
1470 2539 1634 2592 quam
1667 2533 1876 2594 gentes.
1908 2523 2042 2579 Nam

461 2614 604 2683 apud
640 2614 856 2684 aliquos
888 2614 970 2669 lex
1003 2617 1230 2684 scripta,
1273 2616 1416 2685 apud
1457 2616 1594 2671 alios
1637 2633 1766 2672 vero
1809 2634 2044 2674 consue-

461 2705 595 2759 tudo
621 2707 781 2760 valct.
814 2705 1052 2778 Legibus
1072 2709 1217 2761 enim
1243 2708 1335 2777 qui
1368 2708 1616 2764 destituti
1651 2719 1800 2776 sunt,
1836 2713 2043 2781 patrios

459 2811 642 2851 mores
687 2813 786 2867 pro
847 2798 1056 2867 legibus
1099 2799 1328 2854 ducunt.
1392 2799 1636 2865 Quorum
1683 2803 1839 2872 primi
1880 2802 2042 2860 Seres

458 2898 608 2956 sunt,
638 2892 730 2960 qui
771 2899 932 2946 terrae
960 2901 1203 2946 extrema
1256 2892 1582 2956 habitantes,
1623 2911 1721 2963 pro
1780 2896 1894 2966 lege
1946 2898 2040 2950 ba-

457 2984 587 3038 bent
637 2985 868 3052 patriam
909 2985 1404 3047 consuetudinem,
1464 3001 1533 3039 ne
1571 2987 1694 3055 quis
1743 2997 2038 3054 scortetur,

458 3090 594 3130 neve
630 3076 921 3144 praedetur,
963 3091 1030 3128 ne
1063 3076 1188 3143 quis
1228 3075 1576 3130 adulterium
1609 3065 1936 3142 committat,
1975 3096 2041 3134 ne

457 3174 672 3220 statuas
713 3165 924 3231 adoret,
960 3180 1028 3218 ne
1051 3167 1329 3220 daemones
1359 3177 1668 3236 veneretur,
1708 3186 1776 3225 ne
1809 3187 2039 3240 prorsus

457 3255 602 3324 apud
646 3256 796 3325 ipsos
846 3256 1022 3326 imago
1051 3258 1141 3321 sit,
1202 3266 1294 3311 aut
1332 3269 1596 3321 scortum,
1637 3270 1732 3315 aut
1771 3265 2038 3330 adultera,

456 3356 552 3402 aut
581 3349 787 3417 praedo,
828 3357 923 3401 aut
959 3349 1250 3410 homicida,
1280 3361 1375 3406 aut
1415 3353 1520 3407 fur.
1576 3352 1644 3408 Et
1680 3365 1860 3411 tamen
1918 3360 2041 3414 nul-

458 3443 564 3496 lius
598 3441 793 3496 liornm
830 3442 1053 3496 liberam
1099 3451 1420 3512 potestatem
1470 3448 1646 3518 coegit
1678 3449 1789 3506 illa.
1830 3451 1898 3506 de
1931 3469 2038 3522 qua

456 3544 516 3588 tu
550 3533 709 3597 dicis,
748 3535 938 3590 lucens
974 3536 1096 3605 igne
1127 3535 1314 3592 Martis
1340 3539 1496 3592 stella
1529 3556 1542 3590 :
1579 3556 1756 3609 neque
1790 3543 1839 3596 vi
1887 3559 2039 3597 com-

456 3626 595 3694 pulit
625 3642 953 3697 quemquani
1000 3627 1241 3697 ipsorum
1298 3609 1606 3685 inter-licere
1645 3635 1825 3702 gladio
1855 3637 2040 3704 proxi-

455 3731 628 3781 mum,
663 3728 759 3770 aut
788 3716 965 3786 lapide
1001 3727 1305 3786 percutere.
1333 3718 1450 3773 Non
1483 3719 1664 3776 Venus
1697 3738 1820 3777 cum
1867 3723 2039 3781 Marte

455 3810 725 3880 persuasit
763 3810 867 3880 ipsi
913 3818 971 3864 ut
1005 3810 1210 3866 furiose
1242 3820 1367 3874 ruat
1407 3812 1459 3866 in
1495 3829 1718 3868 uxorem
1753 3816 1947 3870 vicini:
1990 3818 2036 3873 si

452 3904 537 3958 vel
573 3911 690 3956 toto
709 3903 800 3957 die
825 3903 1063 3958 medium
1096 3905 1219 3957 ewli
1258 3903 1402 3959 Mars
1441 3906 1708 3960 obtineat.
1749 3906 2035 3963 Nihilomi—

383 4019 404 4064 ιι-
454 4009 560 4049 nus
592 3995 846 4061 przevalct
881 3995 1022 4064 apud
1073 3994 1236 4050 Seres
1290 4004 1564 4051 astrorum
1604 4000 1916 4054 necessitati
1953 4002 2034 4056 lev

391 4074 394 4078 ’
453 4089 648 4157 patria.
679 4088 785 4144 Lex
816 4098 997 4144 autem
1033 4098 1081 4142 et
1117 4088 1418 4144 Bactrianis
1449 4099 1532 4145 est
1560 4093 1675 4146 sive
1695 4091 2033 4161 Bragmauis,

451 4195 482 4231 ιι
513 4178 813 4246 majoribus
849 4187 1071 4248 accepta
1121 4181 1448 4250 disciplina:
1506 4180 1584 4235 Ne
1613 4183 1743 4252 quid
1775 4194 2032 4249 mactem,

452 4285 630 4341 neque
677 4271 918 4324 inanima
957 4281 1200 4342 gustcnt,
1255 4289 1322 4329 ne
1370 4275 1498 4328 vino
1540 4275 1887 4345 simpliciter,
1942 4288 2035 4332 aut

453 4409 466 4421 .
496 4410 509 4423 .
535 4409 548 4420 .
571 4409 584 4420 .
607 4409 622 4422 .
646 4407 658 4420 .
703 4379 948 4432 utantur,
989 4370 1155 4427 Deum
1195 4388 1372 4427 memn
1399 4385 1730 4438 reverentcs,
1765 4376 1890 4430 licet
1925 4377 2035 4430 sint

450 4464 614 4519 vicini
673 4465 807 4535 ipsis
854 4467 968 4521 lndi
1028 4470 1270 4547 caedibus
1326 4471 1514 4538 polluti
1569 4479 1625 4526 ct
1669 4473 1795 4526 vino
1837 4469 2026 4538 dediti,

449 4562 542 4631 qui
577 4577 869 4632 porcorum
903 4565 1240 4619 silvestrium
1267 4575 1361 4619 aut
1383 4582 1542 4621 suum
1586 4563 1761 4622 instar
1790 4584 1913 4622 cum
1949 4572 2031 4623 in-

452 4661 603 4714 sania
637 4662 868 4717 feminas
901 4663 1148 4732 deperire
1191 4667 1388 4728 solent,
1443 4673 1493 4718 ct
1524 4665 1809 4721 aliut-tibus
1848 4665 2030 4720 indul-

449 4775 595 4826 gere.
657 4759 710 4812 In
758 4759 1035 4829 Hesperiis
1070 4768 1248 4815 autem
1311 4762 1626 4830 regionibus
1673 4763 1814 4816 ultra
1847 4765 2030 4827 Indos,

1571 285 1627 340 S.
1669 283 1965 340 CASSARII
1992 281 2318 340 GREGORII
2354 281 2648 338 FRATRIS

3624 279 3728 337 980

2157 404 2410 458 ἀποτελεῖ
2440 406 2701 472 γυναῖκας
2735 405 2790 454 ἐν
2831 403 3135 474 αἰγοκέρῳ,
3177 400 3445 473 ύδροχόῳ,
3481 401 3731 456 κακοδαίς

2161 513 2326 564 μονας
2353 498 2410 548 ὲν
2453 495 2740 566 Ἀφροδίτῃ
2762 494 2896 563 (48).
2947 495 3065 547 Ἐπ’
3098 492 3310 564 ἀνδρῶν
3346 492 3403 546 δὲ
3426 491 3731 548 τούναντίον

2159 588 2254 641 σὺν
2283 589 2440 659 Ἀρεῖ
2473 583 2627 653 οὖσα,
2660 589 2716 640 ἐν
2747 584 2905 658 κριῷ.
2940 585 3103 638 Ὅθεν
3139 587 3238 655 ούχ
3272 580 3383 638 οἷόν
3421 601 3482 638 τε
3516 585 3665 655 φόϐῳ
3695 585 3729 654 ἦ

2155 695 2298 742 τινος
2330 680 2526 750 ἀπειλῇ
2569 680 2601 750 ἢ
2646 680 2860 749 μηχανῇ
2897 678 3139 748 ἐπισχεῖν
3177 677 3278 741 τάς
3316 675 3613 748 ἐπιθυμίας
3646 675 3731 729 διὰ

2155 770 2252 837 τὴν
2285 769 2394 822 τῶν
2422 769 2636 841 ἄστρων
2668 769 3072 839 ἀποκλήρωσιν.

2767 949 3119 1014 Ἀπόκρισις.

2238 1040 2464 1109 Ἐπιστη
2474 1039 2647 1109 μόνως
2678 1038 2817 1092 πάνυ
2841 1039 2938 1106 τῆς
2961 1037 3229 1108 Ἑλλήνων
3258 1037 3464 1106 πλάνης
3485 1036 3614 1100 τοὺς
3643 1033 3736 1106 μύ-

2156 1131 2280 1193 θους
2318 1127 2677 1201 ἀπήγγειλας.
2734 1125 2898 1193 Αὖθις
2941 1125 3038 1181 οὖν
3065 1127 3222 1196 κάγὼ
3253 1127 3572 1200 θαρραλέως
3605 1128 3734 1181 ἀπο-

2153 1219 2381 1290 δύσομαι
2429 1219 2564 1291 πρδς
2593 1220 2660 1274 τὰ
2701 1221 2806 1274 ὑπὸ
2835 1219 2931 1272 σοῦ
2970 1218 3231 1290 ρηθέντα,
3268 1219 3362 1272 καὶ
3392 1218 3658 1292 σφενδόνῃ
3700 1218 3732 1288 ἢ

2152 1311 2334 1384 τοξείᾳ
2361 1311 2438 1382 τῷ
2457 1311 2598 1381 λόγῳ
2619 1311 2920 1382 χρώμενος,
2939 1311 3184 1364 καθεῖλαι
3208 1312 3544 1380 πειράσομαι
3566 1311 3735 1383 Ἀρεα

2154 1404 2246 1457 καὶ
2290 1403 2606 1476 Ἀφροδίτην
2645 1407 2773 1467 τοὺς
2825 1404 3127 1476 ἡμετέρους
3154 1404 3422 1474 ἀστέρας,
3462 1403 3614 1465 ὅπως
3650 1418 3735 1472 μοι

2151 1496 2534 1567 ἀστροκτονίας
2559 1496 2770 1564 γένεσιν
2817 1496 3176 1567 ὲπιφημίσῃς.
3207 1493 3480 1564 Πρότερον
3511 1491 3570 1545 δὲ
3607 1490 3736 1556 ἀξιῶ

2154 1587 2504 1656 παιδευθῆναί
2535 1604 2626 1648 σε,
2679 1581 2791 1640 οἷόν
2837 1605 2896 1640 τε
2932 1587 3216 1658 ὑπάρχειν,
3271 1585 3364 1638 τὸν
3413 1584 3736 1654 βουλόμενον

2152 1677 2249 1742 τὰς
2279 1677 2574 1750 ἐπιθυμίας
2603 1679 2694 1732 καὶ
2715 1677 2996 1750 ἐνεργείας
3023 1679 3056 1749 ἢ
3089 1677 3364 1742 κολάζειν,
3395 1677 3427 1747 ἦ
3456 1675 3737 1738 παντελῶς

2154 1769 2525 1823 ἀποσείεσθαι.
2562 1769 2698 1822 Σείω
2721 1769 2775 1822 δὲ
2807 1773 2872 1822 ὲν.
2901 1769 2992 1823 τοῦ
3029 1769 3327 1832 συνειδότος
3360 1766 3733 1838 αἰκιζομένου,

2156 1861 2250 1912 καὶ
2293 1860 2483 1932 μνήμῃ
2527 1858 2621 1912 τοῦ
2655 1860 2905 1924 ἀκλινοῦς
2937 1861 3241 1931 κριτηρίου,
3279 1860 3396 1913 τῶν.
3413 1859 3607 1913 κακῶν
3632 1861 3738 1930 είρ-

2154 1950 2404 2020 γομένον.
2455 1952 2612 2006 Ἀλλά
2644 1954 2737 2005 καὶ
2777 1953 2826 2004 οἱ
2874 1951 2981 2005 τῶν
3021 1953 3298 2024 ἀρχόντων
3343 1952 3500 2020 νόμοι
3542 1945 3646 2004 οἷοί
3679 1967 3733 2002 τε

2154 2041 2260 2112 πρὸ
2309 2041 2410 2110 τῆς
2442 2043 2636 2112 πείρας
2672 2043 2782 2096 τῶν
2819 2043 3281 2115 στρεϐλωτηρίων,
3322 2044 3418 2095 καὶ
3458 2042 3734 2112 τηγάνων,

2153 2132 2247 2184 καὶ
2294 2131 2676 2196 καταπελτῶν,
2722 2136 2786 2203 τῇ
2841 2135 2976 2204 ἀκοῇ
3024 2135 3116 2186 κα)⁸
3153 2134 3288 2206 μόνῃ
3341 2133 3450 2186 τῶν
3490 2132 3739 2204 φοϐερῶν

2153 2221 2252 2292 τῆς
2281 2223 2479 2286 κακίας
2508 2224 2906 2294 ἀνταμείψεως,
2944 2225 3273 2296 σωφρονίσαι
3293 2224 3390 2295 τὴν
3413 2225 3733 2286 ἀκόλαστον,

2152 2314 2247 2365 καὶ
2279 2314 2548 2384 ἀμϐλύναι
2594 2315 2690 2385 τὴν
2738 2317 3057 2388 σφριγῶσαν
3103 2316 3288 2387 ἀκμὴν
3325 2317 3426 2386 τῆς
3462 2316 3733 2387 νεότητος,

2151 2405 2210 2455 ὲν
2242 2404 2444 2473 ἑκάστῃ
2482 2401 2654 2474 χώρᾳ,
2709 2406 3000 2476 ἐγγράφως
3037 2405 3069 2476 ἢ
3101 2405 3358 2476 ἀγράφως
3397 2407 3735 2477 ὑπάρχοντες

2151 2495 2282 2565 παρ’
2323 2496 2452 2565 ἡμῖν
2488 2513 2548 2549 τε
2597 2497 2690 2549 καὶ
2720 2497 2957 2549 ἔθνεσινο
3011 2498 3069 2550 ὲν
3101 2499 3212 2560 τοῖς
3241 2497 3340 2568 μὲν
3383 2497 3443 2550 τὸ
3475 2499 3731 2569 γράμμα.

2151 2586 2208 2638 ὲν
2239 2589 2350 2649 τοῖς
2379 2588 2491 2657 δὲὴ
2534 2587 2814 2659 συνήθεια.
2840 2589 3020 2659 Νόμος
3050 2588 3157 2662 γὰρ
3176 2590 3396 2660 ἀνόμοις
3427 2590 3500 2642 τὰ
3538 2593 3734 2660 πάτρια

2147 2676 2321 2729 δοκεῖ·
2384 2670 2459 2732 ὧν
2491 2679 2698 2749 πρῶτοι
2730 2681 2934 2750 Σῆρες,
2981 2683 3029 2733 οί
3078 2681 3138 2734 τὸ
3176 2681 3344 2751 ἄκρον
3392 2685 3496 2752 τῆς
3545 2682 3733 2753 χέρσον

2149 2769 2444 2834 οἰκοῦντες,
2477 2770 2640 2840 νόμον
2673 2770 2888 2841 ἔχοντες
2928 2772 2989 2825 τὸ
3030 2773 3282 2844 πατρῷον
3315 2773 3456 2838 ἔθος,
3489 2775 3568 2844 μὴ
3598 2776 3737 2828 ἐται-

2151 2859 2418 2928 ρίζεσθαι,
2437 2861 2570 2932 μηδὲ
2589 2863 2773 2932 συλᾷν,
2801 2863 2876 2934 μὴ
2909 2864 3219 2933 μοιχᾶσθαι.
3238 2863 3312 2935 μὴ
3339 2863 3556 2929 ξοάνοις
3578 2881 3733 2937 προσ-

2149 2952 2412 3022 κυνεῖν,ἣ
2453 2952 2773 3006 ποτνιᾶσθαι
2817 2953 3059 3024 δαίμοσι,
3103 2957 3229 3026 μηδ’
3274 2957 3413 3020 ὅλως
3453 2959 3520 3010 ἐν
3557 2959 3733 3019 αὐτοῖς

2148 3041 2414 3112 ὑπάρχειν
2441 3042 2678 3108 εἴδωλον,
2718 3045 2750 3115 ἢ
2796 3045 3080 3116 ὲταίρανῆ
3115 3047 3422 3117 μοιχαλίδα,
3467 3049 3533 3101 ού
3575 3048 3734 3120 συλή-

2146 3148 2266 3202 την,
2289 3133 2347 3184 ού
2383 3133 2570 3200 φονέα,
2623 3135 2682 3187 οὐ
2715 3136 3028 3208 λωποδύτην
3057 3156 3072 3169 ο
3115 3139 3208 3192 καὶ
3250 3140 3397 3210 ὅμως
3425 3141 3640 3202 οὐδενὸς
3672 3139 3733 3194 τὸ

2143 3222 2486 3287 αὐτεξούσιον
2516 3227 2826 3295 ἠνάγκασεν
2859 3231 2887 3281 ὁ
2915 3229 3010 3282 τοῦ
3055 3230 3198 3283 κατά
3239 3233 3296 3285 σὲ
3345 3229 3729 3303 πυριλαμποῦς

2147 3313 2357 3385 ’Ἄρεως
2396 3314 2587 3387 ἀστὴρ,
2641 3315 2762 3369 οὐδὲ
2800 3316 3056 3372 ἐϐιάσατό
3095 3336 3218 3371 τινα
3251 3317 3421 3373 αὐτῶν
3458 3317 3724 3389 φασγάνῳ

2140 3404 2231 3457 τὸν
2269 3405 2430 3469 πέλας
2457 3406 2722 3476 ἀναιρεῖν,
2753 3407 2787 3478 ἢ
2823 3407 2958 3478 λίθῳ
2985 3408 3257 3474 πατάξαι’
3297 3411 3395 3462 οὐκ
3435 3408 3726 3480 Ἀφροδίτη

2143 3498 2240 3551 σὺν
2263 3499 2327 3550 Ἀ
2339 3515 2420 3568 ρει
2452 3498 2666 3552 ἔπεισεν
2689 3500 2888 3564 αὐτοὺς
2917 3501 3270 3570 ὲπιλυττῆσαι
3297 3504 3362 3572 τῇ
3391 3502 3616 3569 γυναικὶ
3634 3500 3726 3554 τοῦ

2141 3585 2379 3653 γείτονος
2399 3602 2413 3616 ⁸
2461 3587 2801 3658 πανημέριον
2854 3605 3018 3659 μεσον
3029 3588 3314 3661 ρανοῦντος
3353 3588 3449 3642 τοῦ
3494 3590 3725 3662 Ἀρεως,

2141 3677 2234 3730 καὶ⁸
2251 3677 2401 3747 ὅμως
2433 3679 2781 3750 ἰσχυρότερος
2808 3680 2908 3750 τῆς
2931 3681 3175 3751 ἀνάγκης
3200 3680 3310 3733 τῶν
3331 3680 3555 3752 ἄστρων
3583 3681 3724 3752 παρὰ

2141 3769 2344 3839 Σηρσὶν
2363 3772 2391 3822 ὁ
2420 3770 2649 3840 πάτριος
2678 3771 2861 3840 νόμος.
2877 3771 3062 3842 Νόμος
3080 3772 3137 3825 δὲ
3171 3771 3435 3844 καὶπαρά
3458 3773 3726 3844 Βακτρια-

2138 3863 2268 3924 νοῖς,
2300 3862 2416 3932 ἤτοι
2455 3861 2798 3932 Βραγμανοῖς
2828 3863 2966 3933 (i9),
2999 3865 3031 3934 ἡ
3073 3865 3138 3917 ὲκ
3167 3864 3450 3934 προγόνων
3490 3862 3725 3927 παιδεία,

2141 3951 2216 4021 μὴ
2263 3951 2500 4021 μεθύειν,
2547 3953 2682 4024 μηδὲ
2733 3953 2957 4024 ἀψύχων
3001 3955 3389 4022 ἀπογεύεσθαι,
3431 3957 3539 4009 οὐκ
3587 3956 3724 4009 οίνου

2138 4042 2310 4094 ἁπλοῦ
2350 4044 2382 4114 ἢ
2411 4043 2565 4096 νόθου
2594 4045 2705 4115 (50)
2742 4044 3010 4116 μετέχειν,
3044 4047 3174 4099 Θεὸν
3204 4047 3295 4099 τὸν
3325 4048 3457 4114 ἐμὸν
3498 4047 3728 4103 δεδοικό-

2137 4152 2262 4199 τας·
2293 4137 2470 4189 καίτοι
2499 4138 2606 4190 τῶν
2631 4137 3055 4208 παρακειμένων
3082 4139 3268 4202 αὐτοῖς
3301 4140 3481 4194 Ἰνδῶν
3514 4156 3727 4212 μιαιφο-

2139 4227 2392 4292 νούντων,
2423 4229 2515 4281 καὶ
2547 4229 3029 4298 οἰνοφλυγούντων,
3067 4230 3160 4282 καὶ
3200 4231 3400 4295 μονιῶν
3452 4233 3663 4304 ἀγρίων
3691 4229 3723 4301 ἢ

2141 4316 2284 4369 συῶν
2313 4318 2468 4388 δίκην
2498 4319 2974 4390 θηλυμανούντων,
3019 4323 3113 4375 καὶ
3138 4322 3215 4393 τῷ
3247 4323 3411 4377 πάθει
3441 4326 3725 4397 κραδαινο-

2141 4409 2335 4478 μένων.
2385 4410 2473 4462 Ἐν
2496 4410 2553 4462 δὲ
2581 4413 2694 4475 τοῖς
2732 4414 3009 4484 ἑσπερίοις
3038 4414 3294 4484 κλίμασιν
3326 4415 3598 4488 ἐνδοτέρω
3619 4415 3720 4470 τῶν

2137 4499 2312 4549 ἐκεῖσε
2348 4498 2546 4565 Ἰνδῶν,
2578 4500 2849 4571 ξενοόόροι
2878 4502 3018 4564 τινὲς
3046 4502 3402 4574 ὑπάρχοντες,
3445 4506 3578 4569 τοὺς
3630 4507 3721 4558 ἐπ’

2129 4586 2328 4656 ήλυδας
2370 4589 2716 4661 ἀναιροῦντες
2744 4591 3004 4656 ἐσθίουσι,
3030 4593 3124 4646 καὶ
3155 4595 3332 4657 οὐδεὶς
3366 4595 3477 4648 τῶν
3526 4595 3722 4664 ἀγαθο-

2133 4681 2304 4733 ποιῶν
2358 4682 2604 4752 ἀστέρων
2666 4685 2759 4754 τῆς
2812 4683 3126 4756 μιαιφονίας
3156 4686 3353 4749 αὐτοὺς
3398 4688 3722 4759 ἀπωσθῆναι

2135 4772 2321 4842 ἴσχυσε
2356 4774 2517 4845 μέχρι
2549 4777 2612 4847 τὴ
2623 4793 2806 4846 μερον.

449 4850 693 4908 habitant
747 4853 963 4922 quidem
995 4853 1086 4924 qui
1147 4854 1391 4923 hospites
1417 4854 1700 4918 devorant,
1731 4867 1786 4910 et
1833 4856 2070 4916 advenas
2120 4863 2512 4923 interlicientes
2560 4871 2874 4924 comedunt.
2904 4869 3090 4942 Neque
3116 4871 3221 4926 ulla
3252 4872 3537 4927 stellarum
3565 4874 3722 4928 bene-

450 4952 673 5002 liearum
703 4963 730 4998 a
761 4947 906 5000 caede
937 4949 1084 5016 ipsos
1125 4955 1370 5001 avertere
1409 4949 1600 5015 potuit,
1647 4965 1818 5019 uSqne
1847 4952 1899 5006 in
1932 4953 2254 5011 hodiernum
2288 4958 2450 5013 diem.

517 5045 631 5098 Alia
683 5044 969 5107 Clialdzeis,
995 5053 1048 5098 et
1098 5044 1410 5112 Babyloniis
1442 5047 1782 5101 consuetudo
1813 5060 1930 5114 est,
1968 5060 2026 5104 ut

447 5148 653 5191 matres
702 5135 756 5188 iu
807 5151 1005 5188 uxores
1054 5137 1288 5200 ducant,
1347 5153 1565 5191 sorores
1626 5139 1861 5204 violent,
1897 5157 2024 5211 erga

513 5302 626 5372 (48)
654 5300 1104 5377 Κακοδαίμονιίς
1133 5304 1200 5377 ei:
1228 5306 1558 5374 Ἀφροδίτῃ.
1599 5307 1739 5377 Lego
1771 5307 2015 5363 cumCo—

442 5375 652 5448 telerio,
690 5373 1158 5448 κακώαιμωιοῦσα
1191 5373 1805 5448 Ἀφροδίτηζγὴηᾷίηεδ
1844 5380 2018 5448 itaque

440 5443 590 5517 efﬁcit
625 5445 849 5514 [emittas
877 5447 929 5498 in
964 5442 1309 5517 Capricorno,
1336 5447 1389 5499 in
1419 5442 2020 5517 Aquario‘cacodwmon

457 5515 647 5568 Venus.
686 5517 777 5569 Sic
809 5531 941 5571 sane
977 5516 1116 5569 inl‘ra
1150 5516 1378 5584 ipsemet
1406 5515 1699 5573 Caesarius.

515 5585 625 5660 (Q9)
653 5587 1036 5660 Bpaygayor’c.
1064 5585 1254 5660 Malim
1279 5603 1401 5660 cum
1436 5587 1629 5660 Vigero
1658 5587 2020 5660 Βραχμανοῖς.

442 5655 656 5728 Scilicet
699 5656 840 5723 apud
873 5658 1294 5728 Caesarittntihic
1326 5657 1386 5710 τὸ
1410 5677 1442 5728 χ
1472 5655 1525 5712 ἰιῖ
1556 5677 1611 5727 γ,
1643 5655 1855 5714 succisa
1883 5661 2026 5714 tibia:

441 5724 962 5798 partealeeurtatum
980 5729 1161 5781 fuerit.
1180 5727 1312 5798 Nam
1334 5724 1617 5796 suh'littjns
1645 5729 2017 5798 Rcsponsienis

441 5800 602 5850 ttneni
623 5795 848 5865 legimus
863 5797 936 5866 Bp
948 5797 1282 5868 αχμᾶνας.Ει
1306 5795 1634 5874 insequente
1653 5795 2018 5871 Βραχμαίους.

2205 5053 2428 5124 ’Έτερος
2458 5054 2618 5124 νόμος
2645 5055 2931 5121 Χαλδαίοις
2977 5075 3034 5110 τε
3076 5058 3170 5112 καὶ
3217 5059 3581 5125 Βαϐυλωνίοις
3624 5077 3720 5131 μη-

2133 5147 2427 5214 τρογαμείν
2457 5146 2552 5198 καὶ
2587 5147 3027 5222 ἀδελφοφθορεῖν,
3071 5153 3167 5204 καὶ
3200 5153 3320 5211 ταῖς
3348 5153 3503 5222 σφῶν
3538 5157 3718 5206 παισὶν

2198 5311 2311 5376 (50)
2342 5311 2521 5365 Οἵνου
2561 5313 2758 5385 ᾀπλοῦ
2788 5317 2826 5385 ἢ
2854 5318 3055 5371 νόθου.
3100 5315 3218 5370 Vim
3255 5319 3404 5371 vocis
3429 5317 3588 5371 νόθου
3618 5318 3715 5372 hoc

2131 5382 2246 5457 loco
2271 5393 2547 5451 usurpatio
2574 5382 2834 5445 Caesarie.
2867 5402 2974 5440 non
2999 5397 3082 5442 est
3104 5397 3393 5442 assecutus
3422 5389 3713 5457 interpres.

2129 5453 2372 5520 adeoque
2418 5457 2724 5509 versionem
2789 5458 3033 5510 mutilam
3077 5458 3318 5512 exhibet.
3377 5453 3717 5512 B;irdesaiii:s

2130 5537 2289 5598 quem
2329 5531 2519 5598 auctor
2545 5525 2946 5598 exscrihil,_ltic
2980 5529 3160 5589 habet,
3191 5528 3332 5580 οἴνου
3369 5529 3460 5580 καὶ
3495 5527 3712 5598 σίκεριες

2133 5592 2367 5666 (σίκερα)
2401 5592 2473 5661 μὴ
2501 5597 2802 5666 γενόμενοι.
2832 5595 2968 5650 Hinc
3002 5598 3226 5653 Caesarii
3256 5599 3432 5652 verbis
3465 5599 3556 5650 lux
3593 5592 3713 5651 redd-

2133 5664 2243 5716 dita
2266 5664 2422 5733 (qua:
2457 5664 2681 5732 proinde
2705 5667 2783 5723 sic
2815 5676 3080 5724 verterem
3111 5686 3125 5723 :
3162 5667 3242 5722 Ne
3289 5670 3404 5722 vino
3441 5683 3586 5720 mero
3621 5673 3707 5721 aut

2130 5735 2336 5801 factilio
2372 5748 2610 5792 utuntur.
