3996 6202
180 414 590 486 ἐπιμαίνεσθαι,
648 417 741 471 καὶ
787 419 1158 490 μιαιφθορεῖν·
1203 422 1252 474 εἰ
1298 422 1391 474 καὶ
1446 421 1636 494 πόρρω
1671 422 1769 493 τῆς

174 503 561 577 ἔνεγκαμένης
586 507 870 575 γένωνται,
904 512 999 563 καὶ
1027 513 1139 575 τοῖς
1171 512 1320 580 σφῶν
1365 512 1667 583 κεχρῆσθαι
1695 512 1777 565 νό⁸

176 610 331 664 μοις,
361 598 614 668 φανερῶς
655 600 749 653 καὶ
785 599 1086 673 λεληθότως
1115 602 1544 673 διακελευόμενοι
1563 619 1576 632 ·
1613 602 1674 667 ἐξ
1701 597 1776 657 ὧν

174 698 325 747 τινες
376 686 555 740 αὐτῶν
602 688 764 760 μέχρι
810 691 906 745 καὶ
950 691 1044 745 νῦν
1089 691 1424 765 ὑπάρχουσιν
1470 692 1529 745 ἐν
1569 692 1775 763 Μήδοις

175 776 276 828 καὶ
308 777 546 849 Πάρθοις
580 781 674 834 καὶ
702 782 1017 854 Ἐλαμίταις
1041 785 1134 838 καὶ
1166 785 1504 853 Αἰγυπτίοις,
1524 785 1582 837 ὲν
1608 783 1774 856 Φρυξὶ

175 868 275 920 καὶ
309 868 597 935 Γαλάταις,
640 872 696 925 ἐν
726 891 837 928 τισι
876 878 1087 947 κώμαις
1117 876 1500 948 μιαιὸιοῦντες.
1542 875 1655 929 Καὶ
1684 876 1776 928 ού-

174 956 330 1011 δέπω
364 958 585 1031 Κύπρις
625 964 722 1016 σὺν
765 965 924 1037 Μήνῃ
953 968 1010 1020 ἐν
1033 968 1201 1039 ὁρίοις
1239 969 1335 1022 καὶ
1364 966 1533 1032 οἴκοις
1564 966 1773 1038 Κρόνου

176 1047 689 1120 ἐπιμαρτυροῦντος
726 1052 820 1105 τοῦ
860 1055 1070 1126 Ἀρεως
1104 1056 1162 1109 ἐν
1190 1058 1311 1120 ταῖς
1350 1056 1567 1115 πάντων
1595 1054 1772 1108 αὐτῶν

175 1141 462 1211 γενέσεσιν
519 1144 868 1218 εὑρίσκεσθαι
928 1147 1016 1200 οἵα
1064 1164 1143 1202 τε.
1215 1148 1451 1219 θάτερος
1503 1147 1561 1200 δὲ
1623 1145 1774 1215 παρὰ

174 1232 381 1304 Γήλαις
421 1234 532 1305 (51)
579 1235 771 1305 νόμος,
823 1241 1086 1306 γυναῖκας
1136 1242 1395 1310 γεωργεῖν
1437 1240 1530 1293 καὶ
1569 1240 1773 1293 οἰκοδο-

177 1329 326 1399 μεῖν,
369 1328 463 1381 καὶ
509 1328 580 1381 τὰ
624 1329 831 1401 ἀνδρῶν
875 1333 1165 1403 πράττειν,
1209 1333 1346 1387 ἀλλά
1371 1334 1465 1387 καὶ
1499 1335 1772 1386 κοινωνεῖν

172 1413 263 1483 οἷς
299 1418 346 1471 δ’
371 1420 440 1473 ἂν
476 1419 773 1491 βούλωνται
816 1420 925 1474 τῶν
955 1422 1255 1493 ἐπηλύδων,
1283 1423 1383 1477 ούκ
1429 1422 1772 1493 ἐπιτιμώμε-

173 1526 269 1564 ναι
317 1510 424 1563 ὑπὸ
464 1510 572 1565 τῶν
624 1512 963 1583 προεχόντων
1001 1514 1229 1585 ἀνδρῶν,
1268 1514 1387 1568 οὐδὲ
1421 1513 1768 1585 ζηλούμεναι.

171 1603 251 1657 ού
286 1602 608 1675 μυρίζονται
650 1603 731 1667 δὲ,
758 1604 879 1657 ούδὲ
917 1605 1131 1675 φυκίοις
1163 1606 1264 1676 τὴν
1289 1606 1411 1675 δψιν
1437 1605 1769 1671 νοθεύονται,

174 1694 333 1763 σφῶν
383 1695 616 1766 παρειὰς
662 1696 1082 1769 ἐπιχρωννῦσαι.
1131 1696 1311 1762 καθὼς
1371 1699 1427 1752 αί
1476 1699 1605 1770 παρ’
1641 1700 1771 1769 ἡμῖν

171 1784 454 1852 ἀλλότριαι
490 1785 847 1841 ύποδύνουσαι
869 1790 1214 1858 προσωπεῖον
1258 1790 1325 1841 Ol
1359 1787 1414 1843 δὲ
1442 1789 1634 1861 ἄνδρες
1666 1806 1771 1841 στι-

174 1874 435 1939 ϐἀςονται
478 1874 668 1946 ἐσθῆτι
712 1877 950 1948 μαλακῇ,
1002 1878 1095 1932 καὶ
1139 1877 1430 1949 ἀνθοϐἀφῳ
1488 1877 1768 1949 περιϐολῇ.

187 1966 527 2038 ’Υπάρχουσι
547 1968 593 2022 δ’
620 1969 678 2021 ἐν
707 1970 897 2033 αὑταῖς
928 1969 1020 2023 καὶ
1056 1968 1519 2040 πολεμικώταται,
1548 1969 1644 2023 καὶ
1677 1965 1774 2039 οη-

178 2055 374 2127 ροῦσαι
425 2057 493 2109 τά
544 2056 618 2128 μὴ
678 2057 799 2111 λίαν
850 2059 1043 2131 ίσχυρά
1086 2058 1194 2111 τῶν
1240 2057 1461 2130 θηρίων.
1514 2057 1634 2121 Πῶς
1677 2053 1772 2111 οῦν

175 2148 354 2201 πᾶσαι
398 2148 455 2200 αί
495 2146 681 2218 Γήλων
715 2150 990 2216 γυναῖκες,
1033 2148 1132 2201 ούκ
1180 2147 1370 2217 ἔλαχον
1413 2147 1688 2218 αίγοκέρῳ
1738 2147 1771 2218 ἢ

174 2238 437 2311 ύδροχόῳ,
476 2240 929 2310 κακοδαιμονοῦσι
987 2240 1099 2312 (5:2)
1140 2243 1205 2312 τῇ
1248 2238 1519 2311 Κύπριδις
1558 2240 1670 2293 οὔτ’
1702 2238 1771 2294 αὖ

175 2330 342 2385 πάλιν
370 2333 420 2385 ot
458 2332 652 2405 ἀνδρες
686 2332 867 2386 αὐτῶν
896 2332 1089 2404 ἔλαχον
1117 2334 1174 2385 ὲν
1200 2331 1340 2404 κριῷ
1371 2334 1467 2385 σὺν
1495 2333 1651 2404 Ἀρει
1674 2331 1773 2402 τὴν

186 2425 533 2497 Ἀφροδίτην,
562 2425 693 2479 ἔνθα
718 2426 842 2491 τοὺς
874 2426 1153 2497 ἀνδρείους
1186 2428 1280 2480 καὶ
1318 2426 1624 2489 σπατάλους
1665 2443 1771 2494 φα-

174 2519 261 2571 σὶν
291 2518 345 2571 ot
382 2520 449 2587 τῇ
492 2516 687 2589 γνώμῃ
724 2517 1009 2585 Χαλδαῖοι;
1058 2519 1146 2572 Ἐν
1180 2518 1235 2572 δὲ
1274 2518 1493 2581 Σούσοις
1530 2517 1629 2587 τῆς
1666 2517 1771 2569 Bx-

174 2608 417 2672 6υ).ῶνος
442 2611 497 2661 αἱ
520 2611 778 2677 γυναῖκες
812 2627 918 2662 παν
931 2610 973 2662 :‘t
1016 2608 1173 2680 μύρῳ
1212 2609 1521 2678 διαφέροντι
1562 2608 1655 2661 καὶ
1683 2607 1774 2660 κό-

177 2717 301 2771 σμῳ
331 2699 586 2771 χρῶνται.
613 2700 1073 2772 ύπηρετούμειαι,
1102 2701 1196 2755 καὶ
1218 2700 1457 2771 φαιδρῶς
1489 2700 1773 2771 προϊοῦσαι

174 2794 275 2846 σὺν
311 2792 570 2863 βλοσυρίᾳ
607 2793 700 2845 καὶ
722 2792 962 2862 διαχύσει
1021 2792 1185 2863 πολλῇ
1209 2809 1223 2823 ο
1260 2794 1395 2845 πᾶσι
1425 2792 1483 2847 δὲ
1519 2791 1773 2861 Ἐλλητιν

174 2882 347 2947 ἀδεῶς
406 2899 468 2935 τε
520 2884 613 2936 καὶ
665 2882 900 2947 ἀναιδῶς
958 2882 1449 2951 συγκαθεύδουσιν,
1510 2881 1774 2953 ἄρχουσαι

176 2975 382 3046 μᾶλλον
413 2975 522 3027 τῶν
547 2974 763 3028 οἰκείων
793 2975 1001 3047 ἀνδρῶν
1022 2992 1035 3005 ·
1071 2975 1165 3027 καὶ
1192 2975 1252 3028 ού
1292 2974 1508 3037 πάντως
1537 2976 1595 3027 ἐν
1626 2974 1774 3045 πάσῃ

176 3067 392 3136 γενέσει
437 3066 546 3119 τῶν
599 3065 867 3120 Σουσίδων
925 3064 1200 3134 γυναικῶν
1255 3066 1581 3137 μεσουρανεϊ
1638 3065 1777 3135 μετά

177 3159 301 3223 Διὸς
323 3159 419 3212 καὶ
443 3160 654 3230 ’Ἄρεως
677 3160 736 3212 ἐν
771 3158 889 3222 Διὸς
917 3159 1063 3231 ὅροις
1089 3160 1122 3229 ή
1158 3158 1473 3230 Ἀφροδίτη.
1514 3158 1602 3211 Ἐν
1631 3157 1687 3211 δὲ
1709 3159 1777 3228 τῇ

180 3251 289 3325 ἑῴα
328 3254 377 3305 οί
425 3249 973 3324 ἀρῤενοφθοροῦντες,
1007 3252 1058 3305 οἱ
1100 3249 1252 3323 παρά
1290 3250 1659 3323 Χριστιανοῖς,
1686 3248 1782 3301 ὲάν

180 3344 502 3413 γνωσθῶσιν
541 3344 646 3397 ὑπὸ
694 3343 803 3396 τῶν
844 3342 1093 3415 ὁμαίμων
1121 3341 1355 3413 ἀφειδῶς
1389 3339 1776 3414 τιμωροῦνται.

191 3438 279 3492 Ἑν
328 3435 627 3508 Βρεττανίᾳ
679 3434 919 3489 πλεῖστοι
966 3435 1158 3506 ἄνδρες
1202 3423 1302 3506 μιᾷ
1354 3431 1779 3501 συγκαθεύδουσι

178 3528 426 3599 γυναικί·
458 3526 720 3591 ὡσαύτως
762 3528 857 3581 καὶ
901 3527 1096 3582 πολλαὶ
1152 3528 1410 3597 γυναῖκες
1448 3525 1528 3578 ἐνὶ
1572 3523 1777 3594 ἑταιρί-

182 3621 367 3687 ζονται
389 3619 562 3692 ἀνδρί.

250 3899 362 3953 Καὶ
389 3899 523 3951 πᾶσι
553 3900 661 3962 τοῖς
688 3897 937 3969 πατρίοις
967 3898 1036 3949 τὰ
1080 3895 1207 3965 ἕυιη
1240 3893 1427 3963 ὥσπερ
1453 3892 1602 3962 νόμῳ
1637 3907 1778 3944 στοι-

179 3990 369 4063 χοῦσιν
403 3990 649 4053 ἀδάκνως
697 3990 794 4043 καὶ
855 3988 1092 4053 ἀπόνως.
1140 3984 1433 4057 Ἀμαζόνες
1484 3984 1539 4038 δὲ
1577 3984 1778 4054 ἄνδρας

180 4082 281 4135 οὐκ
314 4079 528 4150 ἔχουσιν
547 4096 561 4109 ·
592 4078 708 4134 ἀλλ’
738 4078 816 4143 ὡς
856 4077 924 4132 τὰ
949 4077 1118 4146 ἄλογα
1148 4076 1284 4141 ζῶα,
1319 4075 1464 4141 ἅπαξ
1497 4075 1590 4127 τοῦ
1624 4074 1778 4139 ἔτους

179 4172 310 4244 πρὶ
338 4173 439 4243 τὴν
467 4170 747 4243 ὲαρινικὴν
782 4172 895 4243 (55)
949 4169 1239 4241 ἰσημερίαν
1286 4167 1570 4239 ὑπερόριοι
1600 4167 1778 4236 γίνον-

176 4281 291 4327 ται,
321 4264 647 4335 μισγόμεναι
677 4265 788 4327 τοῖς
833 4261 1141 4331 γειτνιῶσιν
1185 4258 1463 4330 ἀνδράσιν,
1506 4253 1617 4312 οἷον
1652 4276 1782 4312 παν-

178 4355 377 4428 ήγυρίν
408 4372 528 4409 τινα
556 4355 649 4408 καὶ
667 4354 860 4425 ἑορτὴν
880 4353 969 4407 τὸν
990 4351 1179 4423 καιρὸν
1195 4350 1295 4421 τῆς
1321 4349 1595 4423 ἑταιρείας
1616 4349 1782 4420 ἡγού-

182 4464 364 4517 μεναι.
409 4445 498 4512 Ἐξ
525 4438 600 4498 ὧν
630 4443 773 4498 κατά
804 4442 1040 4514 γαστρὸς
1070 4440 1350 4512 φέρουσαι,
1384 4438 1775 4511 παλινδρομοῦ-

180 4556 268 4592 σιν
294 4538 477 4592 amas
505 4536 623 4607 ἅμα
648 4538 839 4590 πᾶσαι.
872 4534 964 4606 Τῷ
989 4533 1043 4587 δὲ
1068 4532 1245 4604 καιρῷ
1272 4532 1372 4602 τῆς
1400 4533 1780 4601 ἀποκυήσεως,

175 4628 271 4682 τὸν
322 4627 424 4698 μὲν
471 4627 680 4698 ἄρρενα
712 4626 1018 4697 φθείρουσι,
1061 4624 1124 4677 τὸ
1173 4624 1230 4677 δὲ
1278 4623 1412 4694 θῆλυ
1459 4621 1784 4692 ζωογονοῦσι

176 4720 276 4773 καὶ
300 4718 615 4789 τιθήνοῦσιν
652 4716 948 4788 ἐπιμελῶς.
986 4716 1220 4769 ’Ἄτοπον
1265 4714 1323 4769 δὲ
1368 4713 1654 4767 πιστεῦσαι
1693 4713 1787 4766 ἐπὶ

180 4813 283 4881 μὲν
332 4814 401 4882 τῇ
454 4810 567 4863 τῶν
621 4810 871 4881 ἀρρένων
922 4809 1099 4880 σπορᾷ
1153 4809 1324 4878 Ἀρεα
1379 4806 1517 4878 μετά
1578 4805 1787 4875 Κρόνου

175 4905 272 4956 ἐπὶ
293 4904 391 4973 τῆς
420 4901 569 4973 ὥρας
601 4901 891 4972 ίσομοίρως
938 4902 1155 4971 τυχεῖν,
1196 4900 1289 4952 ἐπὶ
1338 4898 1394 4951 δὲ
1437 4896 1530 4949 τοῦ
1576 4895 1783 4967 θήλεως

173 4992 459 5047 οὐδέποτε.
497 4992 606 5045 Καὶ
643 4990 759 5055 πῶς
805 4991 863 5045 ὲν
908 4989 987 5060 τῷ
1031 4988 1176 5059 αὐτῷ
1205 4985 1533 5057 νυχθημέρῳ
1562 4987 1781 5038 πάντων

175 5088 238 5139 ὲν
294 5085 415 5147 ταῖς
462 5079 891 5153 ύποδεξαμέναις
950 5078 1433 5150 καταϐληθέντων,
1498 5078 1591 5130 καὶ
1642 5075 1778 5146 ὁμοῦ

176 5175 347 5229 πάλιν
376 5174 452 5238 ὡς
487 5175 551 5227 ὲκ
584 5175 713 5244 μιᾶς
744 5173 936 5243 νηδύος
963 5171 1400 5245 προερχομένων,
1429 5169 1500 5223 τὰ
1538 5169 1637 5241 μὲν
1668 5156 1781 5224 δία.

174 5268 485 5340 φθείρεται,
515 5266 609 5321 τοῦ
641 5266 757 5339 ἅμα
786 5266 897 5337 (54)
925 5265 1018 5321 τοῦ
1052 5265 1168 5337 βίου
1204 5262 1522 5334 γεύσασθαι,
1552 5263 1645 5315 καί
1676 5262 1781 5316 ὑπὸ

173 5360 291 5415 τῶν
330 5360 631 5432 μιαιφόνων
659 5358 1037 5430 θανατούμενα
1082 5357 1189 5430 πρὸ
1226 5355 1318 5410 τοῦ
1373 5357 1578 5409 σπᾶσαι
1616 5355 1779 5423 γάλα,

174 5452 211 5523 ἦ
248 5450 412 5524 ῥῆξαι
442 5452 661 5523 φωνήν
700 5450 768 5505 τὰ
808 5450 865 5504 δὲ
909 5450 1278 5519 ζωογονεῖται,
1314 5448 1409 5502 καὶ
1459 5448 1781 5517 περιέπεται

176 5546 240 5600 ἓν
266 5546 383 5609 τοῖς
429 5542 651 5615 ἀνόμοις
693 5543 913 5608 κόλποις
948 5536 1023 5597 τὰ
1056 5541 1202 5596 κακά
1232 5539 1622 5612 ὲνσκαίροντα;
1658 5539 1783 5602 Πῶς

255 5678 373 5745 (5|)
407 5678 574 5746 Παρὰ
591 5678 837 5746 Fiume.
873 5676 1213 5739 Bardcsanes
1240 5676 1388 5744 παρά
1405 5676 1612 5740 Γέλοις.
1637 5673 1775 5736 apud

303 5767 330 5799 1.
352 5789 366 5802 .
882 5776 891 5785 '

179 5749 377 5890 cca?!)
394 5819 930 5891 Κακοδαιμονιῦσι.
948 5812 1109 5876 Forte
1125 5814 1604 5890 κσκοδαιμονούςῃ.
1617 5814 1774 5870 Enn.

1594 310 1941 371 MALOGUS
1978 311 2043 367 ll.

3335 319 3443 377 98a

1877 439 2009 479 suos
2036 423 2240 480 liberos
2269 422 2545 481 insaniant
2561 436 2775 494 .cosque
2798 421 3062 491 polluant.
3089 420 3154 476 Et
3183 422 3230 478 si
3264 421 3453 492 procul

1879 530 1908 569 a
1940 515 2115 586 patria
2143 516 2283 583 sint,
2312 516 2428 572 suis
2449 523 2680 571 utuntur
2709 514 2949 585 legibus,
2975 522 3162 583 aperte
3188 521 3244 567 et
3278 513 3458 582 priva-

1877 607 1971 661 tim
2004 607 2288 662 admoniti.
2325 606 2403 661 Ex
2437 607 2640 677 quibus
2690 605 2860 676 aliqui
2904 605 3208 660 etiamnum
3253 601 3460 673 degunt

1878 700 2020 753 inter
2049 698 2232 754 Medos
2260 707 2314 753 et
2337 696 2571 752 Parthos
2591 737 2606 761 ,
2631 706 2687 752 et
2716 694 2981 751 Elamitas
3005 735 3021 761 ,
3055 701 3112 749 et
3138 692 3424 764 ,λεωριίοε
3443 732 3460 755 ,
3526 692 3545 765 ,ἶ

1878 789 2022 843 inter
2055 787 2293 861 Phryges
2325 796 2380 844 et
2413 787 2671 850 Galatas,
2708 786 2763 841 in
2811 785 3141 858 quibusdam
3175 784 3331 854 pagis
3360 785 3464 837 im-
3538 803 3544 811 ι

1879 882 1963 950 υἷε
1995 881 2272 946 viventes,
2308 880 2525 936 etiamsi
2573 893 2852 949 nunquam
2901 876 3082 934 Venus
3129 892 3255 932 cum
3297 873 3452 930 Luna

1880 972 1933 1026 in
1968 971 2165 1027 ﬁnibus
2191 981 2246 1027 et
2280 971 2659 1027 mansionibus
2692 969 2950 1035 Saturni,
2982 969 3277 1040 adjuvante
3310 966 3458 1020 Mar-

1879 1071 1931 1118 te
1952 1104 1967 1127 ,
1993 1064 2046 1116 in
2074 1062 2316 1117 omnium
2340 1062 2583 1133 ipsorum
2608 1060 2988 1116 nativitalibus
3012 1056 3245 1113 inveniri
3268 1063 3456 1126 queat.

1876 1157 1996 1210 Alia
2028 1156 2153 1209 item
2193 1156 2335 1225 apud
2364 1153 2526 1210 Gelas
2561 1154 2683 1218 lex,
2720 1162 2779 1208 ut
2814 1154 3072 1207 mulieres
3124 1164 3288 1221 agros
3332 1146 3460 1217 qui-

1876 1247 1998 1301 dem
2040 1246 2229 1299 colant
2269 1254 2323 1300 et
2368 1244 2639 1300 aediﬁcent
2688 1252 2740 1300 et
2779 1258 2946 1314 opera
2989 1241 3166 1295 virilia
3212 1239 3456 1303 faciant,

1877 1335 1970 1390 sed
2002 1333 2452 1389 consuetudinem
2485 1334 2721 1388 habeant
2746 1347 2869 1387 cum
2916 1331 3336 1402 quibuscumque
3367 1343 3460 1381 ve-

1876 1429 1980 1482 lint
2038 1427 2381 1498 peregrinis,
2436 1428 2583 1481 nulla
2637 1425 3010 1495 increpatione
3063 1424 3307 1476 virorum
3364 1419 3459 1490 qui

1876 1519 2011 1587 ipsis
2062 1528 2342 1589 praesunt,
2378 1533 2556 1588 neque
2602 1516 2949 1572 aemulatione
2995 1514 3289 1585 impeditae.
3339 1511 3458 1565 Non

1878 1619 2162 1680 unguntur
2190 1618 2374 1666 autem
2404 1608 2779 1665 odoramentis
2799 1647 2815 1673 ,
2847 1622 3024 1681 neque
3055 1606 3180 1660 fuco
3223 1605 3278 1659 in
3320 1603 3462 1658 facie

1875 1699 2218 1765 inliciuntur,
2248 1705 2310 1752 ut
2337 1713 2506 1769 genas
2535 1697 2763 1787 pingant
2782 1737 2796 1761 ,
2830 1694 3285 1768 quemadmodum
3314 1696 3460 1765 apud

1876 1807 1976 1847 nos
2012 1806 2212 1847 uxores
2228 1791 2561 1861 alienaequm
2590 1786 2748 1845 faciei
2782 1789 3181 1844 medicamenta
3210 1786 3467 1858 quaedam.

1875 1883 2155 1938 adhibent.
2212 1882 2332 1937 Viri
2380 1898 2511 1937 vero
2561 1882 2868 1937 induuntur
2916 1880 2981 1935 ad
3015 1880 3184 1951 pedes
3217 1879 3459 1935 demissa

1873 1982 2025 2030 veste
2070 1974 2258 2040 molli,
2308 1982 2364 2030 et.
2415 1974 2590 2029 tincto
2629 1974 2855 2028 amictu.
2912 1964 3053 2027 Sunt
3097 1979 3282 2025 autem
3317 1972 3462 2025 inter

1877 2066 2025 2136 ipsas
2050 2064 2216 2120 etiam
2246 2064 2683 2120 bellicosissima:
2702 2104 2718 2129 ,
2750 2072 2803 2119 et
2833 2070 3106 2117 venantur
3133 2062 3311 2127 feras,
3340 2060 3464 2130 qui-

1875 2160 1977 2215 bus
2008 2160 2099 2213 vix
2134 2158 2257 2213 alia:
2305 2168 2435 2215 sunt
2486 2158 2769 2214 fortiores.
2813 2156 3103 2224 Quomodo
3146 2156 3316 2226 igitur
3355 2171 3462 2210 non

1875 2266 2067 2305 omnes
2118 2249 2372 2306 Gelaruin
2423 2250 2685 2305 mulieres
2729 2249 2939 2304 sortita:
2990 2255 3122 2302 sunt
3173 2244 3464 2314 Capricor-

1875 2359 2005 2397 num
2025 2382 2041 2406 ,
2073 2351 2170 2397 aut
2198 2341 2535 2413 Aquarium,
2569 2339 2819 2397 inlausto
2848 2341 2969 2395 loco
2998 2339 3177 2410 posita
3209 2336 3468 2392 Venere?

1874 2436 1983 2490 Aut
2011 2434 2130 2490 vice
2158 2450 2315 2490 versa
2339 2450 2439 2489 cur
2470 2450 2579 2489 non
2612 2433 2860 2502 ipsorum
2891 2432 2991 2485 viri
3031 2429 3212 2485 sortiti
3245 2435 3376 2483 sunt
3405 2428 3463 2482 in

1875 2526 2059 2581 Ariete
2086 2540 2211 2580 cum
2247 2526 2417 2580 Marte
2448 2523 2713 2579 Venerem
2735 2565 2749 2584 ,
2803 2522 2899 2576 ubi
2945 2521 3133 2575 viriles
3179 2528 3234 2573 et
3272 2518 3465 2573 molles

1875 2619 2031 2673 aiunt
2051 2633 2174 2674 esse
2195 2655 2211 2681 ,
2232 2617 2327 2687 qui
2353 2632 2478 2671 cum
2501 2615 2774 2670 Chaldaeis
2803 2614 3091 2670 sentiunt?
3115 2611 3465 2684 Babylonicis

1876 2719 2059 2766 autem
2093 2709 2254 2766 Susis
2285 2708 2546 2763 mulieres
2575 2707 2757 2762 omnis
2785 2706 3007 2778 generis
3037 2713 3319 2777 unguento
3344 2719 3470 2776 prc-

1879 2805 2051 2865 tioso,
2084 2810 2141 2859 et
2173 2810 2373 2857 ornatu
2406 2807 2658 2863 utuntur,
2697 2798 2969 2853 ministris.
2999 2797 3286 2853 instructa:
3317 2796 3468 2850 hila-

1875 2896 2009 2951 riter
2034 2895 2089 2949 in
2121 2894 2399 2965 publicum
2433 2891 2780 2963 procedunt,
2814 2908 2939 2947 cum
2975 2891 3318 2946 immodestia
3353 2890 3471 2944 vul-

1878 2994 1967 3041 tus
1988 2994 2040 3039 et
2064 2985 2339 3039 hilaritate
2355 2998 2571 3053 magna.
2591 2982 2725 3038 Cum
2743 2983 2999 3037 omnibus
3021 2981 3222 3037 eadem
3247 2980 3473 3035 advenis

1887 3080 2094 3147 absque
2127 3077 2325 3131 timore
2356 3086 2409 3129 et
2443 3074 2656 3145 pudore
2689 3074 3098 3137 concumbunt,
3133 3073 3472 3142 imperantes

1887 3174 2068 3239 potius
2105 3166 2343 3239 propriis
2377 3165 2533 3221 viris.
2568 3164 2756 3236 Neque
2786 3173 2970 3221 tamen
3001 3165 3059 3219 in
3091 3163 3240 3220 omni
3276 3164 3476 3217 nativi-

1884 3267 1995 3313 tate
2023 3259 2284 3314 Susidum
2330 3257 2624 3313 mulierum
2646 3298 2662 3321 ,
2692 3256 2934 3313 medium
2960 3256 3085 3312 εωΙί
3113 3272 3237 3311 cum
3264 3254 3397 3310 Jove
3420 3262 3477 3310 et

1885 3349 2056 3406 Marte
2087 3350 2142 3404 in
2175 3348 2380 3404 ﬁnibus
2404 3347 2558 3405 Jovis
2585 3347 2770 3404 Venus
2798 3356 2969 3404 tenet.
3002 3347 3061 3402 In
3089 3347 3342 3403 orientali
3376 3363 3477 3400 au-

1884 3449 1993 3493 tem
2027 3440 2181 3510 plaga
2218 3440 2533 3510 paadicones
2566 3448 2735 3503 sunt,
2774 3440 2870 3509 qui
2906 3438 3053 3510 apud
3090 3438 3472 3500 Christianos.

1882 3532 1926 3585 si
1975 3530 2454 3599 deprehendantur
2509 3531 2578 3585 ab
2624 3530 2761 3601 ipsis
2802 3529 3269 3600 consanguineis,
3323 3530 3476 3583 imlln

1885 3631 2177 3693 parcente,
2211 3622 2485 3692 supplicio
2519 3620 2855 3675 adiciuntur.
2906 3620 2968 3675 In
3014 3619 3304 3675 Britannia
3351 3622 3476 3690 plu-

1883 3710 2006 3765 rimi
2032 3709 2131 3764 viri
2165 3726 2290 3765 cum
2324 3710 2489 3764 unica
2521 3708 2901 3764 concumbunt
2932 3708 3183 3764 muliere.
3209 3707 3477 3764 Similiter

1880 3816 1933 3858 et
1961 3802 2144 3857 multa;
2177 3801 2437 3857 mulieres
2474 3801 2565 3855 uni
2590 3799 2902 3871 junguntur
2930 3802 3071 3857 viro.

1955 3895 2197 3951 Utuntur
2227 3893 2467 3964 denique
2494 3894 2691 3964 patriis
2733 3893 2982 3950 muribus
3025 3901 3254 3965 gentes,
3302 3892 3472 3947 veluti

1882 3988 1999 4059 lege
2019 4026 2034 4050 ,
2066 3986 2205 4040 citra
2239 3999 2485 4040 morsum
2512 3984 2685 4037 animi
2714 3994 2773 4038 et
2798 3983 3127 4040 molestiam.
3163 3985 3471 4039 Amazones

1882 4096 1949 4135 ne
1984 4079 2131 4134 viros
2165 4078 2386 4149 quidem
2419 4075 2655 4140 habent,
2696 4075 2790 4130 sed
2821 4076 3142 4130 animalium
3181 4076 3469 4130 hrutorum

1881 4172 1991 4226 ritu
2024 4169 2195 4226 semel
2228 4168 2283 4225 in
2317 4182 2466 4223 anno
2491 4168 2641 4222 circa
2676 4182 2902 4222 vernum
2933 4168 3326 4237 atquinoctium
3354 4169 3471 4222 suis

1884 4263 2083 4317 tinibus
2106 4275 2377 4333 egressae,
2414 4267 2477 4314 et
2518 4274 2646 4313 cum
2694 4258 2827 4314 viris
2858 4259 2953 4329 qui
3004 4266 3137 4314 sunt
3181 4257 3235 4312 in
3270 4258 3470 4313 vicinia

1882 4363 2179 4418 coeuntes,
2227 4352 2389 4424 quasi
2440 4360 2773 4407 conventum
2827 4352 3064 4421 aliquem
3096 4352 3377 4423 publicum
3418 4363 3475 4405 et

1885 4445 2082 4501 festum
2116 4453 2330 4515 tempus
2362 4441 2415 4497 id
2444 4442 2626 4497 coitus
2673 4442 2903 4498 ducunt.
2954 4440 3031 4497 Ex
3087 4444 3291 4512 quibus
3323 4451 3475 4512 post-

1883 4553 2045 4608 quam
2075 4544 2419 4607 prtegnantes
2448 4533 2604 4589 factae
2632 4546 2800 4599 sunt,
2826 4534 3050 4588 domum
3087 4534 3249 4589 simul
3276 4548 3472 4589 omnes

1886 4636 2152 4684 remeant.
2190 4626 2459 4697 Tempore
2490 4640 2620 4681 vero
2657 4616 2911 4696 partunm
2947 4625 3315 4689 edendorum,
3346 4639 3477 4695 pro-

1885 4719 1991 4775 lem
2024 4718 2245 4787 quidem
2280 4717 2579 4798 masculani
2623 4716 2983 4782 interimunt,
3031 4714 3303 4771 femellam
3344 4730 3476 4770 vero

1888 4818 2224 4866 οωιιεονναηι
2271 4820 2325 4863 et
2376 4809 2581 4862 lactant
2614 4816 2891 4862 accurate.
2942 4806 3259 4863 Absurdum
3289 4814 3483 4860 autem

1889 4911 1975 4957 est
1999 4901 2257 4966 credere,
2293 4902 2347 4956 in
2384 4902 2744 4971 conceptione
2785 4900 3006 4970 quidem
3052 4899 3346 4956 masculini
3388 4915 3473 4955 se-

1892 4994 2055 5051 minis
2090 4993 2316 5048 Martem
2345 5008 2471 5048 cum
2508 4991 2748 5047 Saturno
2776 5005 2843 5047 ea
2873 4991 3009 5046 hora
3036 4992 3324 5062 aequaliter
3351 5005 3474 5047 sor-

1888 5088 2017 5152 tiri,
2056 5088 2110 5143 in
2149 5087 2398 5142 feminini
2446 5095 2627 5141 autem
2678 5102 2984 5157 nunquam.
3030 5086 3152 5153 Quo
3179 5082 3479 5153 cmteroqui

1888 5188 2048 5249 pacto
2079 5178 2133 5232 in
2160 5178 2353 5234 eodem
2379 5178 2557 5233 noctis
2585 5176 2759 5233 dieive
2789 5184 3067 5233 momento
3090 5174 3392 5233 seminibus
3417 5174 3473 5227 in

1888 5268 2043 5322 alvos
2074 5267 2416 5337 excipientes
2436 5266 2603 5337 jactis
2626 5309 2641 5332 ,
2676 5281 2981 5337 rursusque
3018 5265 3183 5321 simul
3212 5262 3373 5334 quasi
3404 5276 3481 5317 ex

1896 5360 2086 5415 eodem
2119 5368 2275 5415 utero
2300 5359 2784 5430 progredientibus
2807 5400 2821 5424 ,
2851 5360 2943 5413 alii
2975 5357 3194 5429 quidem
3226 5355 3369 5410 [etus
3396 5354 3473 5407 in-

1891 5453 2244 5515 terimuntur,
2274 5451 2437 5507 simul
2470 5461 2632 5521 atque
2660 5452 2827 5505 vitam
2858 5451 3254 5521 degustarunt,
3281 5445 3350 5499 ab
3374 5445 3472 5501 ho-

1890 5546 2105 5602 micidis
2137 5545 2404 5601 matribus
2439 5545 2547 5600 leto
2572 5544 2723 5611 dati',
2751 5552 3047 5613 antequam
3082 5540 3172 5594 lac
3202 5538 3471 5595 traxerint

1956 5682 2068 5753 (53)
2115 5679 2475 5753 Ἐαρινικήζ
2511 5678 2679 5753 Forte
2713 5677 2954 5753 eapwﬁv.
2980 5674 3064 5753 ξι).

2109 5741 2229 5809 Τοῦ
2258 5741 2586 5824 ἄμιιίΐοτιο
2614 5749 2690 5821 τῷ
2724 5741 2835 5822 ἀμία
2861 5741 2942 5804 vel
2977 5745 3094 5818 ἅμα
3120 5742 3218 5816 τῷ.
3253 5741 3332 5800 lo.
