4048 6222
516 330 620 388 9&3

520 443 608 487 aut
646 448 833 488 vocem
882 435 1185 501 ediderint;
1231 435 1319 489 alii
1362 450 1491 489 vero
1534 436 1587 489 in
1613 436 1721 490 vita
1751 444 2004 499 manent,
2037 446 2089 490 et

514 525 655 577 mala
699 525 908 593 legibus
957 526 1278 595 prmscripta
1326 526 1772 596 amplectuntur?
1810 528 1917 581 Aut
1946 542 2084 597 quo-

516 614 678 669 modo
710 615 898 669 eodem
938 628 1182 687 tempore
1210 618 1468 673 mulieres
1494 618 1637 689 apud
1680 635 1780 675 nos
1807 628 1862 674 et
1900 621 2085 674 conci-

515 706 669 773 piunt
698 714 752 760 et
781 707 995 774 pariunt
1030 708 1278 777 plurimae
1300 748 1315 771 ,
1344 710 1683 780 gemelloque
1713 722 1869 779 partu
1900 711 2046 765 edito
2067 751 2081 773 ,

516 797 705 849 ambos
737 796 975 852 infantes
1008 808 1367 864 conservant,
1401 799 1550 853 nullo
1584 808 1736 854 astro
1765 808 1993 869 cogente
2027 806 2086 853 ut

517 888 862 955 interimant,
890 898 983 945 aut
1007 891 1124 946 solo
1151 891 1383 945 allidant
1402 929 1416 953 ,
1445 899 1503 944 ut
1525 906 1623 946 eos
1652 908 1681 946 e
1712 893 1822 945 vita
1855 892 2049 946 tollant
2068 930 2083 953 ,

515 980 663 1033 velut
704 981 1009 1037 Amazones
1054 983 1283 1038 miseros
1328 982 1489 1037 fanus
1543 998 1673 1038 suos
1720 990 1951 1045 necant,
1987 981 2085 1036 sed

515 1087 671 1125 sitam
707 1073 887 1141 potius
916 1074 1183 1127 cervicem
1221 1088 1317 1143 pro
1350 1074 1567 1127 illorum
1604 1072 1750 1127 cmde
1780 1072 2046 1142 objiciant
2068 1111 2085 1136 ,

518 1163 944 1233 lactentiumque
971 1164 1244 1217 infantum
1271 1166 1435 1217 vitam
1464 1164 1636 1233 magis
1664 1180 1824 1234 quam
1856 1180 1914 1218 se
1942 1165 2085 1234 ipsas

518 1262 697 1306 ament
719 1253 741 1305 ?

585 1389 739 1454 Quod
773 1390 818 1445 si
867 1390 1201 1455 Mercurius,
1238 1401 1296 1444 ut
1344 1391 1563 1454 dicitis,
1615 1406 1739 1443 cum
1778 1389 1986 1445 Venere
2034 1391 2086 1443 in

520 1480 635 1534 suis
664 1482 1042 1536 mansionibus
1070 1483 1343 1537 exsistens
1369 1481 1529 1536 cilicit
1563 1482 1795 1545 lictores,
1832 1481 2085 1550 pictores,

521 1571 954 1636 muumularios;
986 1572 1039 1625 in
1072 1572 1450 1626 mansionibus
1479 1580 1657 1623 autem
1705 1567 1951 1631 Veneris,
1984 1587 2087 1624 un-

519 1660 867 1728 guentarios,
912 1668 1203 1723 cantores,
1258 1660 1488 1720 mimos,
1539 1668 1767 1727 poetas:
1802 1659 1895 1729 qui
1930 1660 1990 1713 ﬁt
2031 1670 2089 1713 ut

521 1749 661 1817 apud
708 1748 856 1803 Elios
897 1757 949 1801 et
982 1749 1322 1813 Saracenos,
1352 1758 1417 1804 et'
1443 1750 1583 1819 apud
1616 1765 1713 1804 eos
1749 1750 1842 1819 qui
1874 1760 2004 1807 sunt
2034 1752 2086 1805 in

521 1835 687 1906 Libya
722 1838 1006 1907 superiore
1029 1877 1044 1901 ,
1081 1840 1222 1908 apud
1261 1837 1480 1892 Mauros
1508 1837 1638 1892 item
1668 1839 1761 1909 qui
1806 1838 1962 1907 juxta
2002 1839 2081 1893 lit-

523 1939 635 1980 tora
665 1936 718 1981 et
754 1930 900 1997 ripas
935 1928 1137 1983 Oceani
1177 1929 1442 1995 habitant,
1479 1938 1532 1984 et
1566 1929 1620 1983 in
1662 1931 1924 1985 ulteriore
1957 1929 2093 1986 Ger-

523 2020 701 2072 mania
723 2059 737 2083 ,
766 2029 820 2074 et
851 2020 902 2073 in
939 2020 1211 2074 Sarmatia
1248 2022 1566 2092 superiore,
1597 2031 1650 2077 et
1679 2022 1731 2075 in
1763 2020 2009 2093 Scythia,
2044 2031 2098 2076 ct

521 2108 663 2177 apud
698 2125 887 2164 omnes
924 2112 1172 2166 nationes
1202 2128 1322 2181 quae
1356 2128 1384 2165 a
1427 2108 1599 2167 Ponto
1651 2113 1841 2183 procul
1893 2114 2099 2169 dissita:

520 2209 684 2265 sunt,
722 2202 948 2256 inveniri
983 2218 1091 2257 non
1124 2205 1297 2273 possit
1330 2206 1761 2271 nummularius,
1796 2213 1890 2259 aut
1918 2204 2097 2272 ﬁctor,

520 2297 612 2343 aut
643 2289 839 2361 pictor,
874 2308 983 2346 non
1010 2293 1342 2347 architectus
1364 2334 1378 2357 ,
1412 2310 1519 2347 non
1556 2304 1772 2359 cantor,
1808 2309 1915 2348 non
1949 2304 2104 2347 actor

522 2392 866 2452 poematum,
893 2394 953 2438 ut
984 2385 1125 2455 apud
1155 2387 1290 2440 nos?
1312 2386 1492 2451 Quare
1517 2385 1817 2440 Mercurius
1841 2394 1896 2439 et
1917 2382 2102 2442 Venus

522 2472 575 2526 id
608 2489 715 2527 non
744 2476 1095 2530 contulerunt
1119 2478 1281 2531 etiam
1312 2476 1451 2547 apud
1488 2478 1637 2546 ipsos
1668 2486 1830 2540 nato,
1862 2486 1920 2529 ut
1949 2492 2101 2533 asse-

520 2576 720 2634 quatur
748 2581 812 2620 ea
844 2567 1151 2621 studiorum
1179 2576 1233 2622 et
1256 2585 1469 2622 morum
1497 2568 1781 2633 exercitia,
1810 2584 1930 2638 qua:
1958 2568 2101 2638 apud

518 2672 617 2712 cos
646 2672 753 2710 non
785 2658 955 2712 sunt?
986 2657 1123 2714 Medi
1161 2659 1284 2713 data
1327 2675 1491 2729 opera
1526 2675 1717 2715 omnes
1762 2659 1942 2714 adhuc
1988 2660 2101 2729 spi-

521 2754 707 2797 rantes
748 2750 981 2811 zegrotos
998 2746 1230 2799 canibus
1277 2762 1460 2801 escam
1498 2750 1637 2801 citra
1670 2748 2105 2803 connniseratio-

522 2850 643 2887 nem
671 2834 959 2904 objiciunt.
994 2836 1171 2906 Atque
1192 2838 1246 2890 hi
1279 2836 1417 2891 Medi
1451 2854 1593 2893 anne
1633 2854 1755 2892 cum
1784 2837 1935 2892 Luna
1964 2838 2105 2893 Mar-

522 2933 668 2990 tem,
713 2935 772 2979 ut
797 2942 894 2981 vos
924 2928 1069 2996 loqui
1114 2928 1339 2990 soletis,
1385 2930 1437 2981 in
1480 2929 1675 2983 diurna
1716 2930 2001 2984 nativitate
2046 2931 2103 2985 in

520 3013 732 3070 Cancro
763 3018 938 3071 sortiti
967 3020 1139 3072 sunt?
1169 3018 1281 3071 ludi
1316 3018 1582 3072 cadavera
1614 3026 1953 3071 mortuorum
1986 3020 2097 3089 igni

525 3106 578 3160 in
612 3107 826 3161 cineres
854 3108 1140 3178 redigunt.
1169 3118 1222 3162 et
1257 3124 1381 3162 cum
1414 3107 1494 3162 eis
1517 3109 1877 3178 quorumdam
1899 3123 2098 3163 uxores

522 3196 869 3251 comburunt.
895 3200 1058 3267 Atqui
1087 3212 1429 3267 nequaquam
1453 3211 1643 3251 omnes
1668 3197 1775 3268 igni
1797 3197 2097 3267 absumpta:

524 3306 724 3347 uxores
759 3291 1045 3355 Indorum,
1080 3300 1174 3345 aut
1203 3292 1381 3345 adlmc
1414 3289 1681 3354 viventes,
1721 3290 1934 3345 sortita:
1964 3298 2096 3344 sunt

522 3391 769 3453 tempore
818 3382 1074 3437 nocturni
1122 3391 1413 3453 parentum
1449 3396 1673 3437 suorum
1721 3381 1924 3447 coitus,
1973 3394 2096 3434 cum

525 3472 697 3529 Marte
723 3476 925 3537 solem,
961 3476 1013 3529 in
1047 3475 1297 3546 partibus
1330 3475 1517 3532 Martis
1545 3484 1713 3531 noctu
1761 3492 1870 3530 non
1910 3475 2096 3529 lucen-

525 3574 659 3620 tem.
689 3566 1082 3622 Germanorum
1109 3569 1420 3639 complures
1442 3570 1872 3640 strangulatione
1900 3585 1959 3623 se
1989 3568 2097 3622 vita

527 3659 797 3728 spoliant;
828 3676 936 3713 non
972 3670 1153 3716 tamen
1188 3662 1413 3717 omnino
1445 3660 1619 3733 major
1647 3678 1775 3734 pars
1796 3660 2100 3716 Germano-

528 3762 686 3812 rum,
737 3749 920 3802 lunam
948 3758 1003 3804 et
1048 3750 1236 3805 horam
1288 3750 1649 3820 interceptam
1702 3766 1733 3805 a
1778 3750 2017 3805 Saturno
2047 3759 2101 3805 et

530 3839 701 3895 Marte
743 3840 963 3897 habent.
1002 3840 1204 3898 Verum
1259 3844 1315 3898 in
1360 3843 1508 3897 omni
1562 3855 1723 3913 gente
1767 3844 1813 3898 si
1863 3843 2120 3920 interdiu

531 3930 779 3986 homines
809 3932 924 3986 nati
952 3931 1157 3988 fuerint
1176 3974 1191 3999 ,
1218 3948 1327 3987 non
1354 3935 1608 3989 meliores
1637 3933 1917 4006 pejoresve
1941 3941 2104 3989 erunt

530 4018 829 4076 secundum
856 4031 1133 4077 astrorum
1164 4023 1607 4092 conjunctionem
1629 4065 1644 4089 ,
1666 4023 1742 4077 uti
1771 4039 1869 4077 vos
1897 4022 2101 4085 dicitis,

532 4111 625 4167 sed
657 4111 710 4166 in
745 4128 1068 4183 unaquaque
1104 4115 1324 4183 regione
1366 4115 1512 4182 leges
1544 4114 1791 4181 quaedam
1823 4121 1875 4165 et
1920 4115 2105 4182 patriae

530 4203 955 4257 consuetudines
991 4204 1280 4271 pimvalent
1299 4241 1314 4265 ,
1339 4219 1404 4257 ex
1433 4203 1634 4271 quibus
1667 4202 1945 4273 proprium
1973 4200 2065 4271 jus
2086 4240 2102 4266 ,

532 4300 588 4347 et
615 4291 745 4363 quid
777 4294 935 4348 nobis
964 4294 1220 4348 omnibus
1249 4293 1556 4347 faciendum
1588 4294 1688 4356 sit,
1720 4307 1912 4348 onmes
1939 4293 2106 4347 disci-

450 4419 452 4421 ›
535 4399 678 4439 mus.
714 4383 830 4438 Non
858 4385 1003 4440 enim
1034 4393 1215 4457 potest
1238 4385 1306 4439 de
1341 4393 1521 4440 vestra
1556 4385 1825 4440 sententia
1845 4427 1860 4450 ,
1890 4385 2106 4455 genesis

533 4468 925 4546 cogere'Scres
967 4484 1024 4529 ut
1068 4475 1436 4539 interﬁciant,
1482 4484 1577 4529 aut
1621 4475 1988 4530 Brachmanes
2038 4475 2105 4529 ad

533 4564 838 4621 vorandum
869 4582 1066 4623 carnes
1095 4569 1397 4622 siceramve
1428 4566 1722 4636 potandum
1741 4602 1757 4629 ,
1791 4572 1885 4620 aut
1918 4565 2111 4622 Persas

537 4672 606 4712 ne
637 4672 761 4712 cum
800 4658 1065 4711 matribus
1099 4656 1444 4711 matrimonia
1487 4657 1750 4726 jungant,
1796 4664 1851 4711 et
1891 4671 2111 4711 sorores

535 4750 777 4817 violent;
823 4758 918 4804 aut
961 4749 1120 4804 Indos
1154 4764 1225 4804 ne
1264 4748 1375 4819 igni
1427 4756 1672 4803 mortuos
1713 4747 1972 4813 tradant;
2018 4755 2113 4802 aut

538 4838 756 4903 Medos,
790 4858 857 4897 ne
890 4842 1122 4895 canibus
1151 4839 1418 4910 objiciant
1464 4841 1802 4907 morituros;
1844 4851 1937 4895 aut
1982 4839 2114 4894 Par-

539 4932 663 4987 thos
682 4972 697 4997 ,
733 4948 799 4986 ne
825 4933 992 4988 multa
1017 4933 1270 5003 coniugia
1293 4932 1620 4988 contrahant
1645 4951 1658 4999 ;
1691 4942 1785 4987 aut
1805 4931 2111 5004 Mesopota-

541 5022 712 5087 mios,
746 5030 803 5074 ut
834 5024 945 5078 sint
978 5024 1131 5079 valde
1162 5031 1530 5095 temperantes
1556 5043 1571 5091 ;
1609 5033 1703 5078 aut
1735 5024 1955 5079 Graecos
1978 5065 1993 5086 ,
2042 5040 2111 5079 ne

541 5114 868 5182 corpOribus
894 5115 1216 5169 exercendis
1241 5115 1494 5185 ot-cupati
1536 5115 1647 5170 sint
1674 5132 1688 5180 ;
1721 5122 1815 5167 aut
1846 5114 2110 5170 barbaras

542 5212 766 5275 gentes,
808 5212 865 5257 ut
906 5219 1031 5258 cum
1079 5204 1184 5259 illis
1226 5223 1346 5274 quae
1393 5224 1422 5259 a
1470 5206 1673 5261 Graecis
1720 5206 2107 5275 praedicantur,

541 5296 931 5353 commercium
977 5295 1177 5349 habere
1221 5298 1407 5351 velint.
1446 5296 1679 5361 Verum,
1735 5303 1791 5348 ut
1839 5296 1951 5349 dixi
1997 5298 2107 5365 jam

613 5498 724 5567 (55)
753 5498 1218 5566 Περιποιοῦνται.
1245 5498 1684 5567 Einendationem
1716 5496 2111 5567 (Iotclerianain

544 5566 869 5636 preferitnus
898 5586 961 5623 ex
1001 5567 1235 5624 Monum.
1267 5570 1408 5622 Evcl.
1450 5566 1540 5621 Gr.
1574 5576 1703 5620 tom.
1737 5568 1796 5627 ll,
1834 5582 1951 5636 pag.
1989 5566 2111 5629 557,

543 5648 1037 5757 quanilcontextus
1085 5643 1388 5695 conﬁrmat.
1447 5638 1616 5709 Vulgo
1667 5635 2111 5706 περιπατοῦνται,

545 5719 706 5757 nrocu
735 5718 877 5757 cant.

545 5718 877 5773 proculcata.

621 5774 730 5846 (56)
767 5779 928 5844 Παρὰ
960 5778 1026 5831 δὲ
1061 5779 1323 5845 Ἠλείοις.
1367 5778 1698 5832 Bardcsancs
1730 5775 1871 5845 παρὰ
1904 5775 2113 5827 Tui/9::

1571 322 1630 376 S.
1670 321 1970 377 CAESAR"
1998 321 2326 378 GREGOllll
2366 320 2673 377 FllATlllS

2194 439 2252 489 ὲν
2276 437 2456 508 ταυτῷ
2496 436 2671 507 καιρῴ
2702 436 2756 487 αἱ
2789 436 2914 504 παρ’
2948 433 3077 503 ἡμῖν
3110 433 3365 499 γυναῖκες
3406 428 3497 482 καὶ
3532 429 3748 500 συλλαμ-

2191 530 2446 584 ϐάνουσαι
2490 530 2583 582 καὶ
2635 527 2967 581 ἀποκύουσαι
3011 526 3277 591 πλεῖσται,
3328 525 3418 579 καὶ
3463 525 3751 581 διτοκοῦσαι

2191 621 2357 690 ἄμφω
2395 620 2461 674 τά
2504 620 2676 693 βρέφη
2719 618 3122 690 περιποιοῦνται
3164 618 3298 689 (55),
3332 618 3497 689 μηδὲν
3532 619 3634 671 ὑπὸ
3659 620 3752 673 τῶι

2191 712 2404 782 ἄστρων
2437 711 2748 782 βιαζόμεναι
2786 710 3137 781 διαφθείρειν,
3176 709 3209 781 ἢ
3257 708 3334 778 τῷ
3366 708 3549 778 ὲδάφει
3600 726 3753 780 προσ-

2192 805 2463 873 αρὰττειν,
2500 805 2592 855 καὶ
2622 806 2687 874 τῇ
2718 806 2787 874 γῇ
2821 802 3233 875 προσαναλὺειν,
3265 801 3341 865 ὡς
3374 799 3667 873 Ἀμαζόνες
3700 803 3757 853 τά

2192 893 2426 946 δείλαια·
2460 892 2595 946 ἁλλά
2630 894 2720 945 τὸν
2750 892 2898 961 σφῶν
2942 892 3144 961 αὐχένα
3172 891 3273 962 τῆς
3303 892 3527 944 ἐκείνων
3559 891 3755 959 σφαγῆς

2195 983 2625 1054 προῦπεχοὺσας,
2656 983 2849 1045 ὲαυτάς
2880 981 3132 1053 μᾶλλονῆ
3160 982 3229 1036 τά
3258 980 3517 1035 ὑπότιτθα
3549 979 3643 1035 τοῦ
3673 981 3758 1051 ζῇν

2198 1074 2519 1144 ἱμειρόμενα
2542 1072 2985 1143 ἀπορῤήγνυσθαι
3006 1088 3021 1137 ;

2273 1389 2335 1441 Εἰ
2361 1388 2418 1439 δὲ
2471 1388 2560 1441 καὶ
2614 1386 2838 1457 Ἑρμῆς,
2869 1384 2943 1449 ὣς
2987 1401 3141 1457 φατε,
3181 1385 3318 1455 μετά
3357 1384 3673 1456 Ἀφροδίτης
3715 1386 3766 1440 ἑν

2195 1484 2361 1544 οἴκοις
2394 1480 2541 1541 ἰδίοις
2570 1478 2808 1531 ἐπιτελεῖ
2837 1476 3098 1543 πλάστας,
3141 1478 3485 1549 ζωγράφους,
3524 1493 3768 1548 κερματι.

2199 1574 2355 1636 στάς·
2387 1574 2444 1624 ὲν
2472 1575 2637 1635 οῖκοις
2660 1571 2717 1623 δὲ
2753 1568 3090 1639 Ἀφροδίτης,
3118 1569 3412 1640 μυρεψοὺς,
3438 1572 3765 1638 φωνασκοὺς,

2200 1664 2525 1734 ὑποκριτὰς,
2582 1664 2842 1733 ποιητάς·
2908 1664 3060 1734 παρά
3115 1661 3172 1713 δὲ
3231 1660 3460 1723 Ἠλείοις
3524 1660 3635 1730 (56)
3688 1661 3768 1713 xei

2201 1757 2552 1827 Σαρακηνοῖς,
2580 1755 2674 1807 καὶ
2700 1757 2811 1817 τοῖς
2838 1756 2896 1807 ἐν
2928 1757 2993 1824 τῇ
3025 1751 3273 1823 ἀνωτέρᾳ
3292 1750 3490 1823 Λιϐύῃ.
3524 1753 3618 1805 καὶ
3642 1753 3769 1806 Mazi-

2200 1864 2310 1917 ροις
2341 1845 2481 1898 κατὰ
2514 1846 2637 1908 τοὺς
2669 1845 2855 1914 ἠϊόνας
2901 1844 3013 1914 (57)
3061 1844 3155 1897 καὶ
3202 1844 3363 1913 δχθας
3398 1842 3497 1896 τοῦ
3534 1842 3769 1897 Ὠκεανοῦ

2200 1936 2445 2007 ποταμοῦ
2492 1934 2720 1998 οἰκοῦσι,
2771 1935 2866 1988 καὶ
2898 1936 2953 1987 ὲν
2996 1936 3062 2005 τῇ
3093 1933 3333 2005 ὲξωτέρᾳ
3363 1935 3666 2007 Γερμανίᾳ,
3690 1937 3770 1987 καὶ

2198 2030 2256 2080 ὲν
2303 2031 2368 2097 τῇ
2417 2027 2662 2098 ἀνωτέρᾳ
2709 2026 3010 2097 Σαρματίᾳ,
3038 2025 3132 2078 καὶ
3168 2026 3225 2077 ἐν
3255 2026 3480 2098 Σκυθίᾳ.
3522 2026 3616 2080 καὶ
3645 2027 3766 2077 πᾶσι

2201 2122 2261 2173 ὲν
2312 2122 2423 2181 τοῖς
2512 2117 2784 2180 ὲξωτικοῖς
2819 2116 3007 2185 μέρεσι
3046 2112 3141 2165 τοῦ
3190 2113 3390 2165 Πόντου
3423 2110 3656 2168 ἔθνεσιν.
3686 2109 3770 2179 οὐχ

2199 2201 2386 2259 οἷόντε
2421 2206 2599 2276 εὑρεῖν
2628 2202 2998 2273 κολλυϐιστὴν,
3025 2203 3058 2272 ἢ
3092 2200 3355 2271 πλάστην,
3391 2200 3424 2270 ἢ
3471 2200 3768 2269 ζωγράφον,

2200 2297 2299 2349 οὑκ
2327 2294 2701 2367 ἀρχιτέκτονα,
2727 2294 2787 2346 οὑ
2826 2293 3125 2361 φωνασκὸν,
3159 2292 3256 2361 οὑχ
3288 2292 3597 2361 ὑποκριτὴν
3629 2305 3769 2359 mq-

2206 2389 2409 2459 μάτων,
2442 2386 2518 2448 ὡς
2556 2384 2685 2456 παρ’
2722 2386 2880 2455 ἡμῖν·
2918 2383 3005 2437 διὰ
3048 2383 3101 2435 τί
3136 2381 3342 2453 Ἐρμῆς
3367 2384 3461 2434 καὶ
3504 2380 3771 2452 ’Δφροδίτη

2203 2479 2263 2531 οὑ
2314 2477 2607 2547 παρέσχον,
2656 2476 2773 2528 κατ’
2832 2475 3076 2529 ἐνιαυτὸν
3130 2474 3407 2542 ἐπιτυχεῖν
3459 2470 3772 2541 γεννωμένῳ

2204 2572 2314 2631 τοῖς
2347 2567 2653 2620 ἐκλείπουσι
2691 2567 2819 2638 παρ’
2851 2567 3031 2629 αὑτοῖς
3073 2565 3466 2634 ἐπιτηδεύμασι
3492 2580 3509 2629 ;
3539 2563 3703 2633 Μῆδοι
3723 2561 3772 2615 ἰδ

2206 2662 2406 2723 πάντες
2439 2658 2576 2729 μετά
2603 2658 2835 2727 σπουδῆς
2864 2657 2941 2711 ἔτι
2970 2656 3301 2727 ἐμπνέοντας
3331 2658 3455 2717 τοὺς
3486 2657 3774 2726 κάμνοντας

2190 2754 2335 2805 ,κυσὶ
2354 2752 2518 2821 βοράν
2539 2749 2885 2819 προτιθέασιν
2905 2748 3239 2818 ἀναλγήτως.
3265 2748 3369 2800 Σὺν
3486 2748 3674 2817 Μήνῃ,
3704 2744 3772 2807 ὥς

2206 2862 2364 2913 φατε,
2398 2843 2487 2896 τὸν
2521 2845 2691 2913 Ἀρεα
2727 2843 2819 2895 ἐπὶ
2851 2841 3118 2913 ἡμερινῆς
3146 2841 3413 2908 γενέσεως
3435 2844 3497 2893 ὲν
3543 2836 3775 2910 καρκίνῳ

2207 2935 2379 3004 Μῆδοι
2414 2933 2640 3002 ἕλαχονς
2690 2932 2837 2984 Ἰνδοὶ
2882 2932 3004 2995 τοὺς
3050 2934 3275 3004 νεκροὺς
3330 2931 3545 2984 ἑαυτῶν
3598 2946 3776 3001 τεφροο

2208 3025 2421 3078 ποιοῦσι
2453 3024 2616 3095 πυρί·
2650 3024 2767 3093 μεθ’
2795 3016 2868 3076 ὧν
2899 3023 3296 3092 καταφλέγουσί
3323 3040 3485 3075 τινων
3531 3024 3629 3083 τάς
3654 3038 3777 3091 συμ-

2205 3116 2385 3177 6ίους·
2416 3115 2509 3167 καὶ
2536 3115 2596 3166 οὑ
2618 3114 2789 3184 δήπου
2836 3115 3004 3167 πᾶσαι
3037 3114 3093 3168 αἱ
3120 3114 3449 3184 πυριάλωτοι
3486 3114 3664 3166 Ἰνδῶν
3691 3128 3779 3180 γυ-

2200 3208 2404 3267 ναῖκες,
2431 3200 2465 3273 ἢ
2500 3204 2554 3256 αἱ
2595 3202 2785 3267 ζῶσαι,
2816 3202 3002 3273 ἔλαχον
3034 3202 3138 3256 ὑπὸ
3171 3204 3269 3272 τῆς
3315 3202 3633 3272 νυκτερινῆς
3661 3218 3780 3253 συν-

2200 3294 2465 3359 ελεὺσεως
2488 3294 2596 3347 τῶν
2625 3295 2827 3362 γονέων
2852 3296 2949 3347 σὺν
2976 3295 3130 3365 Ἀρει
3163 3295 3255 3348 τὸν
3285 3294 3485 3355 Ἥλιον,
3526 3296 3584 3346 ἐν
3623 3294 3781 3346 νυκτὶ

2204 3386 2278 3457 μὴ
2330 3385 2586 3454 φαίνοντα
2630 3387 2687 3437 ὲν
2753 3385 2969 3456 μοίραις
3010 3386 3245 3455 Ἀρεως.
3303 3383 3592 3453 Γερμανῶν
3637 3382 3678 3434 δ’
3730 3385 3777 3435 oi

2201 3475 2419 3539 πλείους
2445 3475 2646 3546 ἀγχόνῃ
2682 3473 2741 3527 τὸ
2786 3474 2885 3547 ζῇν
2922 3473 3267 3545 ἀμείϐονται·
3321 3473 3417 3527 καὶ
3453 3473 3519 3526 οὑ
3575 3473 3779 3534 πάντως

2198 3568 2260 3620 τὸ
2281 3566 2484 3638 πλῆθος
2506 3566 2800 3639 Γερμανῶν
2829 3567 2926 3639 τὴν
2948 3568 3185 3638 Σελήνην
3210 3570 3301 3620 καὶ
3322 3567 3423 3635 τὴν
3454 3567 3609 3637 ὥραν
3632 3580 3778 3635 μεσο-

2200 3660 2612 3731 λαμϐανομένας
2642 3660 2746 3713 ὑπὸ
2774 3661 2980 3731 Κρόνου
3002 3661 3095 3714 καὶ
3132 3663 3341 3732 Ἀρνεως
3366 3660 3609 3729 ἔχουσιν.
3649 3653 3794 3713 Ἀλλό

2202 3749 2251 3800 εί
2278 3749 2441 3801 παντὶ
2466 3747 2607 3801 ἔθνει
2639 3747 2841 3818 ἡμέραι
2864 3748 3072 3819 βροτοῖς
3095 3749 3376 3817 γένωνται,
3396 3748 3458 3800 οὑ
3485 3747 3776 3819 κρείττονες

2203 3840 2235 3909 ἥ
2267 3839 2507 3909 χείρονες
2532 3840 2669 3893 κατά
2700 3838 2913 3910 ἄστρων
2946 3838 3283 3909 συμπλοκὴν,
3323 3839 3397 3901 ὡς
3442 3840 3605 3910 ὑμεῖς
3633 3852 3778 3906 φατε,

2202 3932 2318 3985 ἀλλ’
2348 3934 2403 3985 ἐν
2427 3933 2629 4003 ἑκάστῃ
2655 3930 2807 4003 χώρα
2827 3931 2980 4001 νόμοι
3004 3932 3146 3995 τινὲς
3174 3932 3267 3984 καὶ
3299 3932 3508 4003 πάτρια
3536 3931 3633 4002 ἔθη
3663 3947 3780 3999 κρα-

2203 4024 2306 4082 τεῖ,
2332 4021 2389 4088 ἐξ
2417 4015 2491 4075 ὧν
2513 4023 2572 4075 τὸ
2599 4021 2941 4086 αὐτεξούσιον
2961 4023 3055 4076 καὶ
3081 4022 3141 4076 τὸ
3176 4024 3261 4091 ἐφ’
3296 4024 3427 4095 ἡμῖν
3448 4025 3523 4077 τά
3548 4020 3782 4095 πρακτέα

2206 4112 2466 4183 ὑπάρχειν
2498 4114 2857 4185 παιδευόμεθα
2886 4114 3106 4177 πάντες.
3143 4116 3216 4168 οὑ
3242 4092 3348 4185 γὰρ
3379 4116 3467 4167 οἶα
3512 4133 3574 4169 τε
3595 4092 3645 4185 νή
3674 4092 3781 4165 καθ’

2206 4205 2350 4273 ὑμᾶς
2374 4204 2583 4271 γένεσις
2614 4206 2920 4273 ἀναγκάσαι
2960 4207 3139 4277 Σῆρας
3177 4204 3442 4272 ἀνακεῖν⁶,
3472 4208 3509 4279 ἤ
3538 4203 3782 4278 Βραχμᾶ·

2206 4312 2302 4357 νας
2327 4294 2653 4366 κρεωϐορεῖν
2680 4297 2773 4349 καὶ
2822 4300 3208 4368 σικεροποτεῖν,
3251 4298 3283 4368 ἢ
3318 4297 3539 4366 Πέρσας
3572 4297 3646 4368 μὴ
3677 4310 3784 4365 μη-

2206 4390 2517 4457 τρογαμεῖνη
2545 4388 2638 4441 καὶ
2672 4388 3164 4461 ἀδελφοφθορεῖν,ἥ
3204 4389 3396 4451 Ἰνδοὺς
3429 4389 3509 4459 μὴ
3555 4386 3683 4457 πυρὶ
3714 4384 3783 4435 δι-

2211 4477 2356 4530 δόναι
2388 4478 2512 4540 τοὺς
2553 4480 2796 4548 νεκροὺς,
2828 4479 2861 4549 ἢ
2892 4480 3105 4548 Μήδους
3150 4480 3225 4550 μὴ
3272 4478 3397 4531 κυσὶ
3437 4482 3571 4542 τοὺς
3609 4476 3782 4546 θνηξο-
3834 4483 3847 4523 3

2214 4568 2409 4638 μένους
2449 4569 2779 4639 προτιθέναι,
2824 4570 2857 4641 ἢ
2919 4570 3166 4639 Πάρθους
3224 4570 3297 4640 μὴ
3350 4567 3707 4637 πολυγαμεῖν,
3753 4562 3782 4632 ἢ

2208 4660 2333 4723 τοὺς
2362 4659 2814 4730 Μεσοποταμίτας
2848 4661 2922 4732 μὴ
2966 4662 3146 4733 ἄκρως
3176 4662 3501 4731 σωφρονεῖν,
3536 4660 3571 4730 ἢ
3605 4656 3785 4723 Ἐλλη⁶

2209 4768 2305 4814 νας
2336 4750 2410 4820 μὴ
2443 4752 2932 4822 σωμασκείσθαι,ἣ
2970 4752 3038 4805 τὰ
3082 4751 3334 4823 βάρβαρα
3377 4749 3510 4821 {om
3554 4752 3670 4811 ταῖς
3707 4743 3786 4813 ὑφ.

2222 4839 2489 4912 Ἑλλήνων
2546 4842 3114 4913 προσαγορευομέναις
3185 4844 3463 4895 κοινωνεῖν
3487 4859 3502 4872 ⁸
3558 4839 3671 4895 ἀλλ’
3721 4837 3787 4897 ὡς

2215 4933 2478 5005 προέφην,
2510 4934 2739 4997 ἕκαστος
2770 4934 2974 5007 βροτῶν
3000 4934 3200 5005 χρῆται
3233 4936 3299 5004 τῇ
3328 4932 3425 4984 τοῦ
3458 4932 3630 5002 νόμου
3659 4928 3789 4982 ἐλευ-

2215 5021 2393 5095 θερίᾳ,
2418 5023 2486 5077 τά
2526 5026 2590 5077 ὲκ
2625 5025 2735 5078 τῶν
2769 5025 2985 5094 ἄστρων
3021 5023 3472 5095 μυθουργοὺμενα
3507 5021 3634 5077 καθ’
3672 5016 3789 5071 Ἕλ-

2214 5112 2382 5184 ληνας
2434 5117 2959 5187 παραπεμπόμενος,
3003 5116 3081 5187 τῷ
3126 5119 3189 5169 ὲκ
3232 5116 3339 5169 τῶν
3380 5114 3568 5186 νόμων
3608 5107 3786 5175 δέει,ῆ

2216 5204 2294 5274 τῷ
2328 5206 2386 5269 ἐξ
2424 5205 2607 5271 ἔθνους
2641 5207 2750 5260 ἔθει
2788 5208 3001 5280 πατρίῳ
3046 5207 3151 5260 τῶν
3190 5207 3408 5277 φαύλων
3454 5206 3786 5277 εἰργόμενος.

2218 5298 2283 5350 Αἱ
2330 5299 2427 5367 μὲν
2470 5299 2579 5371 γὰρ
2625 5299 2734 5353 τῶν
2776 5300 2987 5371 ἀρετῶν
3038 5298 3339 5368 ὑπάρχουσι
3393 5292 3786 5368 προαιρετικαὶ.

2220 5497 2313 5568 καὶ
2343 5497 2545 5568 Σαρακ.
2579 5495 2686 5552 Nec
2725 5498 2858 5553 satis
2880 5498 3012 5568 noti
3043 5512 3180 5568 quos
3213 5495 3367 5568 ﬁlios
3398 5492 3674 5568 Gaesar-ins
3701 5505 3787 5542 nn-

2221 5563 2604 5635 minathot-te
2642 5569 2763 5630 τοὺς
2796 5567 2901 5620 ἀπὸ
2945 5568 3043 5635 τῆς
3061 5563 3293 5630 ’Ἤλιδος
3323 5563 3784 5635 intelligit,__quaur

2221 5633 2529 5709 Stephanus
2554 5638 2685 5709 πρὸς
2704 5629 2769 5707 τῇ
2798 5629 3093 5709 Αἰγυπτίᾳ,
3120 5637 3305 5709 urbem
3332 5649 3449 5709 esse
3475 5629 3580 5687 ait.
3602 5629 3784 5685 Visis.

2290 5704 2400 5775 (57)
2436 5704 2838 5775 Τοὺςῆῑόῗὰς.
2883 5704 3056 5763 ἱεόκιο
3082 5707 3172 5768 τάς
3206 5706 3341 5775 ἡῖὸν.
3378 5704 3470 5759 Ed.
