4048 6222
307 313 418 369 985

311 436 369 488 αί
399 432 457 487 δέ
495 433 898 504 περιστατικαὶ,
920 432 1134 505 ἀνάγκῃ
1159 433 1252 486 ἐπὶ
1275 432 1338 487 τὸ
1373 435 1619 504 κρεῖττον
1650 434 1889 504 χωροῦν-

306 537 400 584 τος
425 520 518 574 τοῦ
549 522 882 592 ζητουμένου
909 522 1016 576 ὑπὸ
1049 522 1159 576 τῶν
1185 522 1384 593 νόμων.

1769 315 2110 375 DIALOGUS
2145 316 2208 374 ll.

3461 315 3566 372 980

1997 442 2156 497 ante,
2187 432 2367 504 quivis
2397 431 2680 487 hominum
2710 447 2826 490 suae
2852 434 2988 508 legis
3014 436 3263 493 libertate
3289 436 3480 496 utitur.
3512 442 3569 491 et

1994 539 2116 593 quae
2142 540 2206 578 ex
2233 523 2400 579 astris
2422 523 2724 578 secundum
2751 525 2972 582 Graecos
2995 525 3242 590 fabulose
3265 528 3387 582 ficta
3415 534 3567 597 sunt,

309 622 536 680 propter
561 611 738 680 legum
767 622 971 666 metum
999 613 1242 677 omittit,
1270 621 1366 666 aut
1393 622 1617 684 propter
1643 612 2100 669 consuetudinem
2141 613 2368 682 patriam
2404 613 2583 682 gentis
2615 630 2646 668 a
2673 615 2820 671 vitiis
2843 616 3101 673 abstinet.
3131 616 3268 672 Nam
3300 620 3562 673 virtutum

306 703 428 755 alize
459 709 588 756 sunt
616 715 683 755 ex
713 700 898 755 libera;
928 700 1230 754 voluntatis
1262 701 1564 768 electione,
1597 702 1718 756 aliae
1748 717 1878 758 vero
1908 715 1974 756 ex
2006 701 2440 782 circumstantiis
2469 702 2590 773 ejus
2620 704 2714 773 qui
2746 706 3071 762 necessitate
3101 715 3327 763 coactus
3357 707 3567 764 accedit

305 792 372 846 ad
411 791 642 855 melius,
674 798 863 860 utpote
903 791 1114 862 legibus
1151 791 1226 845 ita
1262 792 1644 862 poscentibus.

901 907 1150 960 ΠΕΥΣΙΣ
1199 909 1301 962 Pl'.

390 1020 527 1072 Ἀλλ’
562 1019 702 1073 ἐτιτά
748 1019 918 1073 ὅντων
963 1021 1030 1090 τῇ
1074 1020 1285 1088 γενέσει
1326 1021 1481 1092 ἡμῶν
1518 1020 1893 1092 ἀνακειμένων

303 1114 574 1184 ἀστέρων,
599 1113 680 1175 εἰς
714 1112 856 1166 ἐτιτά
881 1112 1109 1184 λέγομεν
1135 1113 1374 1183 κλίματα
1405 1113 1504 1185 τὴν
1537 1113 1643 1185 γῆν
1665 1115 1894 1186 διαιρεῖ-

306 1202 454 1262 σθαι,
513 1203 608 1255 καὶ
662 1201 927 1273 ἄρχεσθαι
970 1203 1202 1257 ἕκαστον
1253 1202 1422 1273 κλῖμα
1473 1203 1561 1273 ὑφ’
1615 1204 1734 1267 ἐνὸς
1783 1205 1892 1259 τῶν

302 1293 572 1364 ἀστέρων,
602 1295 696 1346 καὶ
729 1293 866 1364 πρὸς
899 1294 1123 1346 ἐκείνων
1153 1293 1472 1364 συμπλοκὰς
1509 1295 1758 1364 ἄγεσθαι,
1800 1298 1895 1350 καὶ

300 1385 684 1438 ἀποτελεῖσθαι
712 1387 839 1450 τοὺς
864 1387 1202 1458 ἀρχομένους
1222 1406 1236 1419 ο
1265 1389 1399 1459 ὅπερ
1431 1388 1594 1459 νόμον
1624 1390 1766 1454 τινὲς
1793 1391 1892 1464 τὴν

300 1476 397 1530 τοῦ
426 1477 627 1550 ἄστρου
664 1478 946 1548 ἐνέργειαν
971 1477 1238 1546 λέγουσιν.

925 1571 1283 1638 Ἀπόκρισις.

368 1662 485 1715 Καὶ
535 1661 655 1724 πῶς
698 1663 746 1714 εἰ
792 1662 1042 1732 ἐπταχῶς
1077 1662 1363 1735 διαιρεῖται
1403 1666 1438 1735 ἠ
1471 1663 1782 1734 οἰκουμένη,
1827 1665 1888 1717 ἐν

299 1754 405 1824 μιᾷ
426 1753 604 1824 μερίδι
622 1753 848 1817 πολλοὺς
871 1755 965 1808 καὶ
985 1755 1271 1826 διαφόρους
1298 1755 1496 1826 νόμους
1523 1755 1883 1827 εὑρίσκομεν;

296 1846 396 1899 καὶ
433 1844 559 1899 οὔτε
610 1845 749 1898 ἐπτά
795 1845 955 1914 μόνον
984 1847 1126 1900 κατὰ
1183 1848 1308 1910 τοὺς
1347 1847 1604 1917 ἀστέρας,
1635 1844 1758 1900 οὔτε
1804 1847 1888 1910 δὶς

295 1935 360 2009 ἐξ
387 1937 527 1990 κατὰ
549 1937 678 1999 τοὺς
706 1935 966 2000 ζωδικοὺς
993 1938 1128 2006 (58),
1157 1937 1265 1991 οὐδ’
1289 1934 1363 1992 αὖ
1403 1938 1564 1992 πάλιν
1592 1938 1886 2010 τριάκοντα

295 2026 358 2090 ἒξ
393 2025 536 2080 κατά
554 2027 680 2088 τοὺς
707 2025 966 2089 δεκάνους
997 2025 1134 2095 (59),
1159 2025 1295 2079 ἀλλά
1321 2025 1501 2096 μυρίοι
1528 2025 1888 2096 μνημονεύον-

293 2136 388 2172 ται
429 2117 605 2188 νόμοι,
642 2117 812 2171 πάλαι
845 2117 1225 2187 ἀμειφθέντες,
1265 2117 1360 2170 καὶ
1388 2114 1483 2168 νῦν
1525 2117 1879 2187 ὑπάρχοντες.

296 2211 426 2272 Πῶς
455 2208 510 2261 δὲ
544 2209 602 2261 ἐν
627 2207 809 2278 ταυτῷ
839 2210 1085 2278 τμήματι
1130 2207 1256 2270 τοὺς
1301 2205 1752 2278 ἀνθρωποῦόρους
1783 2207 1883 2258 ἰν-

294 2298 440 2362 δοὺς,
472 2300 565 2351 καὶ
593 2299 720 2362 τοὺς
747 2297 1007 2369 ἐμψύχων
1046 2297 1141 2350 καὶ
1170 2296 1351 2367 (θοίνης
1376 2296 1592 2367 ἀπάσης
1621 2295 1886 2366 ἀπεχομέ-

294 2408 422 2454 νους
471 2390 817 2461 Βραχμαίους
869 2388 1150 2452 οἰκοῦντας
1177 2387 1427 2459 ὁρῶμεν;
1478 2388 1595 2450 πῶς
1645 2388 1703 2440 δὲ
1743 2391 1792 2441 οἱ
1825 2389 1885 2442 ἐν

294 2481 578 2536 Βαϐυλῶνι
619 2483 742 2535 ὅποι
782 2481 826 2534 δ’
868 2480 934 2535 ἂν
984 2481 1260 2550 γίνωνται,
1315 2483 1378 2551 τῇ
1433 2479 1730 2550 μιαιγαμίᾳ
1777 2479 1884 2533 τῶν

292 2574 550 2644 ὁμαίμων
586 2571 902 2643 παροινοῦσι
927 2591 942 2637 ;
980 2571 1095 2635 πῶς
1119 2573 1165 2626 δ’
1189 2573 1247 2625 ἐν
1268 2571 1438 2642 ἑτέρῳ
1458 2572 1706 2641 τμήματι
1731 2571 1883 2635 ὄντες
1899 2578 1910 2581 ’

208 2710 216 2718 .
293 2667 346 2718 oi
377 2664 677 2733 Σκλαυηνοὶ
703 2662 798 2716 καὶ
835 2663 1156 2725 Φυσωνῖται,
1188 2665 1238 2716 oi
1267 2664 1361 2716 καὶ
1401 2661 1682 2716 Δανούϐιοι
1713 2680 1885 2733 προσ-

293 2756 704 2826 αγορευόμενοι,
759 2755 809 2808 oi
855 2755 952 2825 μὲν
995 2753 1654 2825 γυναικομαστοὸοροῦσιν
1689 2753 1880 2826 ἡδέως,

290 2849 384 2904 διὰ
407 2849 468 2901 τὸ
493 2847 886 2918 πεπληρῶσθαι
916 2845 1010 2899 τοῦ
1049 2847 1342 2915 γάλακτος,
1377 2845 1529 2916 μυῶν
1558 2845 1715 2916 δίκην
1757 2848 1883 2909 τοὺς

293 2940 614 3005 ὕποτίτθους
661 2943 785 3004 ταῖς
827 2940 1055 3011 πέτραις
1109 2938 1537 3008 ἐπαράττοντεςο
1585 2938 1635 2990 οἱ
1682 2936 1739 2990 δὲ
1787 2937 1883 2990 καὶ⁹

291 3033 395 3102 τῆς
428 3033 669 3103 νομίμης
689 3031 784 3085 καὶ
807 3030 1132 3101 ἀδιαόλήτου
1179 3027 1518 3101 κρεωόορίας
1548 3027 1879 3098 ἀπέχονται;

293 3123 390 3176 καὶ
411 3123 463 3176 οἱ
493 3121 592 3192 μὲν
631 3121 966 3193 ὑπάρχουσιν
1022 3119 1292 3186 αὐθάδεις,
1340 3120 1651 3191 αὐτόνομοι,
1679 3119 1880 3189 ἀνηγε-

295 3215 564 3286 μόνευτοι,
591 3212 828 3284 συνεχῶς
857 3211 1225 3284 ἀναιροῦντες,
1258 3211 1663 3283 συνεσθιόμενοι
1689 3210 1722 3281 ἢ
1760 3227 1883 3263 συν-

290 3307 589 3370 οδεύοντες,
619 3306 728 3360 τῶν
752 3305 901 3376 σφῶν
921 3305 1168 3378 ἡγεμόνα
1196 3307 1288 3359 καὶ
1311 3305 1568 3376 ἄρχοντα,
1591 3303 1883 3366 ἀλώπεκας

293 3399 387 3450 καὶ
421 3398 519 3460 τὰς
545 3395 839 3468 ἐνδρύμους
860 3395 1067 3458 κάττας
1090 3393 1185 3448 καὶ
1217 3396 1433 3465 μονιοὺς
1464 3393 1756 3455 ἐσθίοντες,
1786 3390 1882 3444 καὶ

289 3496 359 3562 τῇ
393 3490 576 3544 λύκων
617 3490 804 3560 ὠρυγῇ
860 3489 1000 3555 σφᾶς
1053 3487 1552 3559 προσκαλούμενοι·
1586 3486 1636 3538 οἱ
1683 3485 1740 3538 δὲ
1787 3485 1882 3538 καὶ

293 3582 630 3651 ἀδδηφαγίας
659 3580 976 3650 ἀπέχονται,
1003 3579 1099 3633 καὶ
1143 3577 1224 3648 τῷ
1265 3577 1482 3648 τυχόντι
1515 3573 1881 3644 ὑποταττόμεο

292 3691 375 3727 νοι
406 3671 498 3726 καὶ
537 3671 851 3735 ὑπείκοντες
871 3689 885 3737 ;

363 3871 475 3924 Καὶ
522 3868 689 3932 πολὺς
727 3869 757 3921 ὁ
801 3867 959 3936 λόγος
1006 3867 1135 3937 περὶ
1165 3865 1616 3936 Λογγουδάρδων,
1651 3864 1745 3918 καὶ
1778 3863 1882 3917 N6-

296 3978 424 4032 ρων,
449 3961 543 4012 καὶ
568 3960 785 4013 Γάλλων
826 3959 935 4012 τῶν
968 3959 1260 4030 ἐσπερίων,
1294 3956 1404 4011 τῶν
1441 3955 1747 4029 Ἑρμαῖκῆς
1787 3956 1883 4009 καὶ

293 4051 569 4122 Κρονικῆς
597 4048 972 4122 ἀμοιρούντων
993 4050 1302 4120 ἐπιστήμης
1321 4047 1430 4100 τῶν
1457 4046 1692 4118 ἄστρων.
1717 4046 1882 4100 Πόσοι

295 4140 536 4212 βασιλεῖς
565 4143 658 4197 καὶ
687 4143 945 4214 ἄρχοντες
978 4141 1300 4212 παρήγαγον
1327 4139 1455 4202 τοὺς
1483 4137 1672 4202 κακῶς
1697 4137 1882 4208 κειμέ-

292 4231 418 4294 νους
449 4231 667 4302 νόμους,
701 4231 853 4285 αὐτοὶ
883 4231 946 4284 τὸ
994 4230 1187 4284 δοκοῦν
1238 4228 1686 4299 νομοθετοῦντεςι
1741 4227 1776 4298 ἢ
1811 4222 1879 4282 αὖ

293 4322 459 4377 πάλιν
481 4322 608 4384 τοὺς
640 4321 957 4391 κρείττονας
983 4322 1034 4373 οἱ
1065 4320 1297 4373 ἐναντίοι
1323 4317 1634 4383 ἀπώσαντο,
1665 4317 1758 4370 ὑπ’
1783 4317 1880 4370 οὐ-

293 4413 443 4479 δενὸς
470 4411 579 4465 τῶν
605 4411 818 4484 ἄστρων
843 4411 982 4484 πρὸς
1007 4411 1076 4464 τὰ
1097 4409 1386 4482 αἱρεθέντα
1410 4409 1750 4481 είργόμενοιί
1788 4408 1886 4463 Ἐν

292 4503 350 4557 δὲ
373 4503 541 4571 φάναι
573 4500 854 4572 βούλομαι.
884 4501 914 4555 δ
945 4502 1040 4555 καὶ
1064 4501 1172 4554 τῶν
1196 4501 1440 4554 ἀπίστων
1470 4500 1688 4554 πάντων
1711 4499 1886 4570 ἀπορ-

296 4592 458 4662 ρἀει
501 4591 572 4644 τά
618 4590 894 4661 στόματαο
938 4588 1182 4643 Ἰουδαῖοι
1231 4589 1433 4652 πάντες
1468 4588 1559 4641 τὸν
1599 4587 1689 4642 διά
1725 4587 1888 4640 Minoi)-

293 4681 437 4744 σέως
463 4680 746 4750 δεξάμενοι
769 4680 955 4750 νόμον,
988 4681 1096 4733 πᾶν
1118 4678 1286 4750 ἄρρεν
1329 4679 1545 4747 λογικὸν
1578 4678 1763 4740 αὐτοῖς
1800 4694 1887 4745 γι-

291 4773 520 4843 νόμενον
556 4775 622 4844 τῇ
652 4773 815 4844 ὀγδόῃ
846 4771 1031 4844 ἡμέρα
1053 4771 1471 4842 περιτέμνοντες
1510 4772 1883 4841 αίμάττουσινο

292 4866 402 4918 ἀπὸ
438 4865 496 4918 δὲ
548 4863 642 4918 τοῦ
679 4865 896 4931 αἰῶνος,
952 4863 1127 4928 οὐδεὶς
1163 4863 1433 4934 Ἐλλήνων
1473 4863 1505 4933 ἢ
1546 4863 1886 4934 Χριστιανῶν

292 4956 600 5027 περιτομὴν
629 4955 873 5022 ἐδέξατοο
913 4954 1184 5009 πλείστων
1224 4953 1492 5010 Ἰουδαίων
1545 4954 1640 5006 καὶ
1684 4952 1887 5024 Ἐλλή-

291 5064 400 5100 νων
434 5048 526 5100 καὶ
568 5046 909 5118 Χριστιανῶν
956 5047 1096 5101 κατά
1147 5048 1274 5111 τοὺς
1322 5047 1519 5110 αὐτοὺς
1574 5047 1750 5118 μῆνας
1793 5051 1888 5102 καὶ

292 5137 593 5210 ἑϐδομάδας
619 5139 714 5192 καὶ
745 5139 961 5211 ἡμέρας
1001 5141 1095 5194 καὶ
1121 5138 1272 5212 ὥρας
1300 5141 1674 5211 γεννωμένων,
1715 5141 1889 5212 ΙἈρης

291 5229 327 5300 ἢ
363 5229 575 5302 Ἐρμῆς
603 5231 636 5301 ἢ
664 5230 882 5302 Κύπρις
907 5233 940 5304 ἢ
970 5233 1000 5284 ό
1031 5232 1216 5296 λοιπὸς
1253 5231 1523 5304 Ἑλλήνων
1549 5231 1736 5302 μῦθος,
1769 5233 1887 5296 ἐνὸς

291 5321 493 5376 κύκλου
532 5323 958 5396 ἐμπεριέχοντος
1011 5325 1082 5378 τά
1128 5323 1323 5390 πάντα,
1374 5326 1468 5377 καλ⁵
1517 5325 1741 5394 μηδενὸς
1775 5324 1882 5377 ὑπὸ

290 5414 539 5486 ἀστέρων
591 5414 938 5487 βιαζομένου.
987 5417 1061 5470 Οὐ
1125 5417 1234 5488 γάρ
1282 5416 1480 5481 πάντες
1538 5417 1796 5488 Ἕλληνες
1845 5418 1880 5487 ἦ

364 5591 480 5660 (58)
514 5593 835 5662 Ζωδικούς.
868 5594 1032 5650 Forte
1064 5593 1380 5659 ζωδιακούς.
1422 5593 1576 5648 Eutr.

365 5662 481 5732 (59)
539 5661 696 5717 Κατὰ
758 5661 900 5732 τοὺς
951 5664 1263 5730 δεκὰνους.
1317 5663 1530 5733 Utique.
1590 5664 1881 5719 Duodecim

287 5733 437 5806 enim
461 5733 782 5806 ianodiaco
807 5736 982 5801 signa.
1017 5735 1168 5806 Signi
1199 5744 1378 5789 autem
1404 5736 1672 5806 cujusque
1704 5747 1884 5806 partes

288 5817 318 5854 a
350 5801 726 5861 Genetbliacis
755 5806 978 5875 triginta
1018 5801 1350 5873 constituta,
1381 5821 1444 5860 ae
1474 5801 1598 5861 ’trcs
1627 5805 1683 5860 in
1709 5801 1883 5860 decu-

2435 905 2644 961 lNTER
2654 908 2954 965 ROGATIO
2993 911 3104 969 CX.

2063 1018 2226 1088 Atqui
2251 1033 2374 1072 cum
2428 1021 2538 1074 sint
2583 1031 2790 1092 septem
2843 1026 3282 1097 uniuscujusque
3323 1038 3569 1084 nostrum

1992 1111 2258 1164 nativitati
2288 1111 2566 1180 deputata:
2590 1115 2782 1176 stellae,
2819 1115 2874 1169 in
2908 1125 3118 1186 septem
3156 1120 3342 1188 plagas
3366 1128 3568 1176 terram

1991 1199 2222 1257 divisam
2246 1218 2370 1258 esse
2396 1203 2652 1265 dicimus,
2682 1212 2846 1276 atque
2881 1209 3182 1276 quamlibet
3209 1211 3419 1280 plagam
3463 1227 3566 1282 gu-

1991 1292 2211 1348 bernari
2241 1294 2308 1348 ab
2341 1308 2447 1347 una
2480 1294 2762 1349 stellarum
2788 1298 3024 1364 illarum,
3055 1310 3111 1354 et
3170 1301 3470 1356 secundum
3504 1303 3567 1357 il-

1991 1382 2164 1437 larum
2215 1385 2663 1454 conjunctionem
2714 1387 2842 1442 duci
2895 1397 2950 1443 et
3005 1391 3191 1459 perfici
3242 1393 3565 1460 subjectos:

1991 1487 2154 1544 quam
2179 1459 2561 1530 efﬁcacitatem
2594 1476 2766 1530 stellae
2797 1477 2962 1548 aliqui
2993 1479 3161 1551 legem
3212 1459 3425 1536 vocant.

2628 1568 2938 1640 Responsio.

2068 1655 2124 1710 Si
2149 1655 2208 1710 in
2246 1663 2454 1726 septem
2487 1658 2678 1730 plagas
2707 1659 2970 1715 dividitur
3002 1662 3174 1726 orbis,
3205 1665 3480 1732 quomodo
3509 1667 3566 1728 in

1991 1761 2101 1800 una
2133 1753 2288 1817 parte
2310 1747 2510 1803 multas
2542 1757 2709 1819 atque
2740 1750 2989 1806 diversas
3017 1753 3163 1823 leges
3217 1753 3573 1811 invenimus?

1989 1836 2176 1908 Neque
2201 1846 2410 1909 septem
2443 1839 2606 1894 modo
2629 1842 2928 1896 secundum
2947 1859 3234 1899 numerum
3263 1847 3570 1911 stellarum,

1989 1943 2168 1998 neque
2191 1929 2482 1985 duodecim
2535 1932 2843 1986 secundum
2895 1934 3103 1990 zodiaci
3161 1937 3340 2007 signa,
3395 1953 3574 2009 neque

1989 2020 2115 2072 item
2141 2019 2364 2090 triginta
2391 2036 2486 2076 sex
2521 2023 2826 2078 secundum
2851 2023 3115 2090 decanos,
3149 2027 3242 2081 sed
3272 2027 3576 2084 innumera:

1987 2121 2492 2167 commemorantur
2517 2113 2684 2184 leges,
2720 2131 2842 2185 qua:
2877 2115 3007 2170 olim
3059 2124 3285 2172 mutatae
3336 2127 3486 2182 sunt,
3519 2129 3576 2175 et

1987 2216 2136 2255 nunc
2187 2202 2393 2274 vigent.
2443 2201 2733 2270 Quomodo
2778 2221 2908 2261 vero
2973 2207 3025 2260 in
3089 2207 3278 2262 eadem
3327 2213 3576 2264 sectione

1986 2291 2470 2365 antltropophagos
2521 2294 2715 2357 Indos.
2767 2305 2822 2350 et
2875 2295 2943 2350 ab
2997 2297 3256 2354 animatis
3315 2300 3576 2371 omnique

1986 2384 2319 2439 mactatione
2349 2386 2694 2442 abstinentes
2737 2386 3109 2444 Brachmanes
3157 2390 3408 2444 habitare
3449 2406 3575 2445 cer-

1986 2472 2528 2539 nimus?Quomodo
2556 2477 2842 2547 Babylonii
2890 2478 3036 2530 misti
3088 2478 3313 2546 pollutis
3365 2480 3572 2549 nuptiis

1984 2565 2524 2634 consanguineorum
2579 2568 2860 2622 delirant?
2917 2568 3023 2622 Aut
3065 2570 3342 2638 quomodo
3387 2571 3442 2624 in
3485 2585 3576 2626 se-

1985 2656 2168 2710 ctione
2200 2657 2305 2710 alia
2337 2657 2587 2726 ejusdem
2623 2667 2830 2713 tractus
2871 2657 3118 2714 Sclaveni
3164 2669 3218 2715 et
3259 2659 3575 2733 Physoniue

1984 2748 2156 2816 quiet
2190 2748 2501 2804 Danubiani
2554 2751 2924 2820 appellantur,
2983 2751 3077 2806 alii
3127 2752 3348 2822 quidem
3403 2755 3574 2809 ubera

1985 2841 2277 2896 mulierum
2332 2843 2567 2898 libenter
2629 2843 2964 2908 comedunt,
3019 2845 3166 2914 quod
3216 2845 3375 2915 plena
3431 2845 3578 2900 lacte

1985 2933 2209 2998 fuerint,
2238 2935 2416 2990 instar
2455 2934 2694 2989 murium
2743 2933 2984 2998 infantes
3045 2936 3197 2991 saxis
3247 2935 3572 3001 allideutes;

1992 3026 2085 3078 alii
2113 3040 2242 3080 vero
2268 3025 2432 3080 etiam
2465 3039 2497 3078 a
2540 3025 2784 3094 legitimo
2832 3033 2888 3079 et
2936 3026 3402 3094 it'rept‘cltcnsibili
3451 3041 3576 3080 car-

1989 3116 2140 3170 nium
2165 3131 2261 3171 esu
2289 3115 2572 3172 abstinent
2597 3117 2622 3169 ?
2654 3114 2758 3181 Qui
2783 3130 2974 3170 eorum
2999 3117 3092 3170 alii
3124 3116 3400 3186 przefracti
3421 3126 3574 3181 sunt,

1989 3223 2092 3265 suo
2125 3208 2252 3279 jure
2283 3209 2531 3264 viventes
2570 3209 2778 3279 absque
2826 3207 3156 3278 cujusquam
3206 3208 3460 3278 imperio,
3511 3223 3577 3263 ac

1989 3313 2388 3368 nonnunquam
2439 3299 2817 3354 comedentem
2865 3314 3053 3353 secum
3101 3298 3184 3352 vel
3227 3297 3330 3352 iter
3372 3296 3580 3352 facien-

1988 3401 2098 3448 tem
2137 3391 2440 3462 principem
2475 3407 2636 3448 suum
2691 3390 3106 3454 interficientes,
3154 3390 3348 3460 vulpes
3385 3397 3439 3446 et
3480 3389 3590 3446 sile

1987 3496 2202 3541 vestres
2261 3484 2394 3541 feles
2446 3499 2754 3554 porcosque
2799 3484 3176 3549 eomedentes,
3215 3492 3270 3538 et
3324 3484 3576 3554 luporum

1989 3577 2200 3632 ululatu
2229 3592 2289 3633 se
2313 3583 2710 3647 provocantes;
2744 3576 2834 3629 alii
2878 3589 3009 3630 vero
3056 3589 3087 3627 a
3129 3575 3436 3630 voracitate
3474 3574 3576 3628 ab-

1987 3665 2215 3731 stinent,
2272 3673 2329 3720 et
2383 3653 2562 3720 cuivis
2606 3663 2844 3734 principi
2889 3677 2950 3718 se
3023 3663 3388 3734 subjicicntes
3438 3663 3574 3720 obe-

1985 3757 2146 3812 diunt
2177 3755 2202 3809 τ

2058 3866 2223 3922 Multa
2266 3872 2416 3920 certe
2459 3875 2962 3920 commemorantur
2999 3864 3067 3920 de
3103 3863 3486 3935 Longobardis
3519 3871 3580 3919 et

1985 3957 2148 4015 Noris
2196 3966 2251 4014 et
2297 3957 2474 4014 Gallis
2533 3955 2996 4020 occidentalibus,
3051 3969 3312 4028 tanquam
3368 3955 3576 4027 ignaris

1986 4048 2328 4105 Mercurialis
2349 4055 2404 4104 et
2437 4047 2750 4103 Saturninaa
2777 4049 2845 4105 de
2892 4050 3059 4106 astris
3111 4048 3378 4104 scientiae.
3427 4047 3574 4114 Quot

1985 4156 2146 4212 reges
2174 4147 2230 4194 et
2275 4139 2555 4210 principes
2611 4138 2957 4194 sustulerunt
3021 4140 3162 4194 male
3222 4138 3362 4192 latas
3405 4138 3574 4204 leges,

1986 4230 2090 4300 ipsi
2121 4243 2220 4286 sua
2253 4227 2453 4298 placita
2487 4227 2840 4283 sancientes?
2866 4236 2962 4282 aut
2989 4244 3020 4283 e
3041 4227 3282 4290 diverso,
3317 4225 3576 4280 meliores

1987 4320 2352 4390 repudiarunt
2380 4319 2450 4374 ab
2474 4319 2562 4374 his
2593 4317 2825 4384 diversi,
2852 4334 2881 4372 a
2916 4318 3072 4374 nullo
3103 4325 3258 4374 astro
3288 4316 3343 4371 in
3385 4313 3575 4370 decre-

1993 4413 2066 4469 tis
2109 4410 2213 4468 sibi
2264 4409 2482 4481 placitis
2519 4409 2809 4480 impediti?
2853 4409 3034 4467 Unum
3075 4418 3259 4465 autem
3296 4406 3572 4480 proferam

1986 4501 2134 4574 quod
2161 4501 2575 4557 incredulorum
2606 4501 2853 4556 omnium
2913 4515 3010 4555 ora
3059 4499 3219 4570 quasi
3267 4499 3422 4568 alapa
3467 4511 3575 4550 oze-

1984 4592 2304 4652 det:Judtei
2342 4609 2534 4650 omnes
2560 4594 2678 4665 lege
2707 4608 2874 4664 quam
2923 4591 3104 4647 Moses
3147 4590 3275 4644 tulit
3329 4595 3571 4659 recepta,

1983 4702 2198 4743 omnem
2229 4685 2398 4742 fetttm
2426 4700 2631 4742 marem
2663 4685 2988 4757 participem
3021 4683 3256 4738 rationis
3294 4681 3431 4751 ipsis
3471 4695 3571 4732 na-

1989 4789 2129 4844 tum.
2161 4789 2356 4835 octavo
2393 4777 2482 4834 die
2511 4778 2994 4840 circumcidentes,
3046 4775 3316 4845 sanguine
3348 4773 3576 4844 perfun-

1985 4872 2144 4928 dunt.
2187 4873 2232 4927 Α
2256 4873 2459 4929 sarculo
2482 4880 2664 4928 autem
2712 4870 2896 4926 nullus
2931 4868 3248 4924 Grzecorum
3281 4876 3378 4920 aut
3423 4867 3576 4920 Chri-

1985 4965 2293 5023 stianorum
2349 4963 2830 5018 circumcisionem
2867 4961 3116 5031 recepit,
3165 4960 3290 5014 licet
3347 4957 3573 5028 plurimi

1983 5054 2157 5110 Judaei
2190 5064 2243 5110 et
2268 5053 2444 5110 Graeci
2495 5064 2552 5109 et
2593 5052 2892 5108 Christiani
2940 5051 3138 5106 iisdem
3186 5051 3470 5107 mensibus
3518 5058 3576 5106 et

1987 5145 2426 5202 hebdomadibus
2455 5152 2511 5200 et
2543 5145 2741 5200 diebus
2773 5152 2828 5200 et
2877 5143 3030 5200 boris
3078 5144 3194 5199 nati
3241 5145 3376 5200 sint.
3428 5142 3573 5198 Nihil

1985 5252 2116 5307 ergo
2148 5236 2292 5293 Mars
2319 5235 2451 5291 facit
2485 5247 2578 5291 aut
2603 5235 2933 5301 Mercurius,
2964 5243 3059 5291 aut
3095 5235 3302 5299 Venus,
3350 5245 3445 5289 aut
3483 5249 3574 5289 re-

1991 5329 2138 5393 liqua
2168 5327 2483 5383 Graecorum
2509 5327 2720 5395 fabula,
2751 5345 2860 5384 uno
2903 5328 3117 5383 circulo
3167 5326 3570 5395 complectente

1989 5419 2174 5474 omnia
2210 5437 2223 5475 :
2266 5419 2562 5490 nullusque
2613 5421 2684 5475 ab
2737 5420 2912 5478 astris
2972 5419 3025 5474 vi
3081 5417 3317 5489 cogitur.
3373 5413 3576 5471 Annon

1992 5597 2104 5651 rias
2159 5595 2377 5650 tributae
2406 5614 2419 5651 :
2450 5605 2680 5665 quarum
2723 5594 3020 5664 principes,
3093 5591 3312 5665 Dauni,
3361 5607 3424 5665 ex
3459 5590 3576 5665 Βο-

1993 5681 2185 5789 manu;
2188 5667 2393 5721 militia:
2426 5662 2529 5722 usu
2553 5662 2818 5721 nominati
2849 5684 2861 5720 :
2895 5662 3086 5720 omnes
3103 5663 3328 5733 proinde
3349 5662 3573 5734 triginta

1993 5753 2106 5793 sex.
2195 5752 2333 5791 ιοιιι.
