4048 6222
438 288 542 344 987

443 402 586 458 enim
611 399 788 456 Graeci
829 405 922 454 aut
960 397 1136 455 Judaei
1197 408 1292 454 aut
1324 399 1628 455 Christiani
1682 402 1873 457 eadem
1925 403 2016 458 die

442 494 526 548 vel
555 499 710 557 hora,
743 493 796 545 in
829 503 1138 544 maternum
1161 489 1294 560 jacti
1323 499 1454 545 sunt
1489 499 1728 554 uterum,
1764 500 1818 546 et
1859 492 2022 546 simul

443 583 500 637 in
539 584 711 637 lucem
736 581 902 636 editi?
939 581 1226 648 Quomodo
1260 583 1428 652 igitur
1479 583 1732 651 plurimis
1781 585 2022 654 ipsorum

439 674 664 728 Christo
695 673 994 742 adjunctis,
1031 672 1211 741 patrio
1239 673 1508 744 abnegato
1531 690 1742 740 errore,
1782 691 1889 729 non
1925 691 2024 744 po-

440 765 548 817 tuit
570 766 618 820 ei
661 775 891 819 terrena:
917 764 1058 834 parti
1094 764 1388 820 dominans
1433 767 1592 820 stella
1636 767 1789 836 ipsos
1836 752 2026 823 arcere

442 857 513 911 ab
541 873 668 912 vera
702 858 756 910 in
789 856 956 912 D’eum
984 857 1230 926 pietate?

884 969 1404 1025 INTERROGATIO
1443 969 1580 1026 CXI.

513 1084 582 1136 At
613 1085 773 1138 nobis
808 1083 935 1136 dum
966 1085 1032 1138 de
1067 1086 1234 1139 astris
1262 1085 1558 1154 loquimur,
1591 1100 1698 1140 non
1731 1094 1814 1141 est
1844 1083 2027 1143 sermo

444 1175 514 1229 de
548 1173 672 1238 ﬁde,
702 1175 796 1228 sed
839 1175 906 1228 de
943 1175 1185 1228 moribus
1226 1183 1278 1228 et
1309 1175 1520 1229 ratione
1551 1178 1787 1239 vivendi,
1816 1186 1870 1232 et
1901 1179 2028 1233 inde

445 1263 716 1335 pendente
743 1267 981 1329 actione,
1025 1277 1286 1334 praeterea
1341 1267 1409 1319 de
1460 1269 1856 1323 constitutione
1901 1285 2028 1324 cor-

447 1357 616 1425 poris.
644 1355 778 1409 Nam
810 1373 1044 1425 quorum
1097 1357 1200 1412 sub
1243 1357 1426 1412 Ariete
1461 1361 1718 1413 nativitas
1767 1369 1872 1426 est,
1918 1363 2028 1416 cri-

447 1448 562 1516 spis
609 1454 736 1501 sunt
785 1447 1054 1512 crinibus,
1112 1447 1338 1516 gratiosi
1394 1455 1449 1500 et
1499 1451 1854 1518 magn-amitti,
1898 1452 2026 1520 quia

447 1538 714 1608 principis
743 1538 925 1592 ofﬁcio
954 1538 1198 1608 fungitur
1244 1538 1404 1592 Aries
1439 1557 1450 1591 :
1481 1540 1644 1594 etiam
1700 1541 1880 1595 libera!
1927 1559 2026 1595 vo-

446 1629 674 1683 luntatis
701 1629 1022 1683 electionem
1059 1631 1279 1693 habent,
1305 1631 1573 1699 siquidem
1601 1639 1653 1686 et
1676 1632 2029 1705 Ariesglepo-

446 1711 552 1775 sit'o
585 1722 791 1789 absque
816 1721 1004 1774 dolore
1035 1722 1260 1786 vellere,
1289 1739 1484 1777 rursus
1529 1739 1557 1776 a
1607 1733 1805 1778 natura
1853 1727 2024 1781 vesti-

447 1819 558 1864 tur.
593 1811 886 1880 Subjeetus
921 1819 1101 1866 autem
1149 1813 1354 1876 Tauro,
1408 1831 1757 1872 arrumnosus
1813 1826 1918 1882 est,
1976 1826 2031 1873 et

447 1902 706 1957 servilis:
744 1911 938 1958 taurus
968 1905 1116 1959 enim
1155 1906 1257 1959 sub
1299 1905 1433 1975 jugo
1483 1916 1590 1962 est.
1641 1909 1742 1973 Qui
1791 1919 1874 1964 cst
1925 1909 2029 1964 sub

449 1989 749 2062 Scorpione
807 2010 1101 2063 percussor
1129 2003 1234 2058 est,
1266 2005 1490 2065 propter
1525 2012 1647 2052 eam
1691 2015 1813 2067 qum
1854 2000 1925 2054 ab
1964 2001 2030 2053 il-

447 2083 516 2139 lis
548 2083 739 2140 bestiis
770 2089 1008 2140 sumitur
1080 2088 1520 2142 similitudinem.
1576 2088 1710 2142 Nam
1763 2098 1818 2144 et
1853 2088 2030 2144 Libra:

447 2176 731 2245 subjectus
786 2185 871 2232 est
918 2178 1123 2247 justus,
1153 2187 1380 2249 propter
1407 2188 1725 2234 nostrarqu
1755 2180 2027 2243 librarum

446 2269 836 2338 aqualitatcm.

1089 2361 1392 2430 Responsio.

519 2449 564 2504 0
603 2450 930 2521 gentilitiam
961 2451 1329 2507 dementiam!
1366 2454 1499 2524 quid
1531 2455 1678 2508 enim
1712 2455 1836 2511 istis
1867 2454 2032 2510 fuerit

446 2542 621 2612 magis
655 2543 992 2598 ridiculum?
1017 2543 1154 2598 Nam
1180 2545 1343 2600 Aries
1386 2547 1531 2601 unde
1570 2548 1728 2601 deliri
1773 2548 2031 2601 nativita-

448 2642 556 2687 tem
581 2635 824 2691 hominis
853 2645 1127 2705 repetuut,
1160 2638 1286 2693 caeli
1325 2637 1649 2693 duodecima
1673 2655 1798 2709 pars
1832 2649 1934 2701 est,
1975 2641 2027 2692 in

445 2741 556 2795 quo
584 2727 665 2782 sol
699 2743 910 2786 means.
951 2744 1115 2783 verna
1145 2730 1304 2800 signa
1346 2729 1673 2801 ingreditur.
1715 2728 1821 2785 Sed
1845 2741 1900 2784 et
1936 2729 2028 2783 Li-

447 2817 569 2883 bra,
597 2827 652 2873 et
683 2819 922 2884 Taurus,
984 2831 1038 2877 et
1097 2822 1381 2893 Scorpius,
1428 2831 1481 2878 et
1530 2825 1784 2878 similiter
1835 2824 2027 2877 hormn

445 2909 678 2979 quodvis
723 2911 1045 2968 duodecima
1082 2914 1263 2983 portio
1313 2921 1418 2979 est,
1445 2923 1499 2970 et
1533 2930 1660 2984 pars
1695 2916 1817 2970 coeli
1851 2916 1904 2968 in
1935 2914 2032 2968 Ζο⁴

446 3003 628 3070 diaco,
655 3021 818 3073 quem
860 3013 1086 3068 vocant,
1109 3006 1342 3059 circulo.
1377 3005 1662 3070 Quomodo
1690 3005 1856 3074 igitur
1906 3005 2029 3060 inde

447 3095 771 3150 mortalibus
817 3094 1189 3164 praecedentes
1233 3110 1433 3150 causas
1485 3096 1753 3150 exsistere
1797 3095 2022 3160 dicunt,

447 3185 577 3240 dum
603 3201 670 3240 ex
702 3186 768 3240 iis
795 3201 916 3254 qua:
947 3186 1090 3256 apud
1120 3201 1223 3242 nos
1252 3187 1461 3251 balant,
1505 3201 1688 3242 mores
1721 3187 1856 3257 ipsis
1885 3189 2029 3242 desi-

447 3273 726 3343 gnantur?
770 3273 989 3327 Animal
1044 3273 1190 3328 enim
1253 3275 1319 3330 ad
1380 3275 1804 3345 impartiendum
1850 3278 2028 3341 facile,

447 3364 604 3418 Aries
635 3373 717 3418 est
755 3382 768 3416 :
805 3379 912 3418 non
950 3365 1093 3434 quod
1123 3365 1353 3434 hujusce
1381 3368 1550 3421 moris
1579 3365 1820 3421 eﬁ'cctrix
1863 3369 1935 3422 sit
1967 3384 2030 3423 ea

449 3470 577 3526 pars
606 3455 756 3519 mali,
795 3456 888 3510 sed
921 3457 1065 3524 quod
1094 3457 1211 3512 ovis
1243 3473 1273 3510 a
1310 3469 1562 3512 creatore
1584 3459 1745 3512 talem
1775 3467 2029 3514 naturam

449 3546 679 3616 accepit.
715 3546 895 3618 Atque
918 3564 982 3602 cx
1025 3551 1189 3603 astris
1239 3548 1458 3617 quidem
1491 3550 1694 3620 satagis
1737 3553 2031 3608 ostendere

449 3637 694 3707 genesim
721 3645 990 3704 nostram,
1017 3639 1069 3693 id
1101 3654 1231 3695 vero
1284 3656 1381 3710 per
1419 3640 1638 3698 balatus
1696 3645 2032 3713 persuadere

449 3730 689 3784 conaris.
742 3728 1023 3800 Siquidem
1078 3745 1109 3784 a
1171 3731 1373 3787 talibus
1430 3734 1763 3791 animalibus
1829 3737 2030 3792 ctelum

449 3830 721 3894 gestatum
761 3823 898 3879 tales
935 3824 1102 3879 habet
1139 3841 1354 3880 morum
1407 3843 1608 3885 causas
1646 3849 1659 3886 :
1706 3831 1932 3886 omnino
1976 3839 2031 3887 et

451 3912 630 3983 ipsum
661 3913 967 3982 subjectum
996 3924 1081 3970 est
1107 3916 1302 3973 alienis
1333 3920 1698 3988 potestatibus
1723 3961 1738 3986 ,
1767 3923 2027 3976 nimirum

451 4002 816 4072 potestatibus
841 4011 1152 4072 astrorum;
1179 4017 1327 4061 astra
1356 4025 1484 4063 vero
1515 4011 1857 4075 animalium,
1898 4029 2029 4082 pen—

451 4091 645 4147 dentes
672 4092 741 4146 ab
773 4093 906 4164 ipsis
963 4110 1163 4151 causas
1208 4098 1486 4152 habentia.
1541 4097 1598 4152 Si
1648 4117 1773 4156 vero
1819 4103 2028 4157 ridicu-

450 4183 564 4237 lum
594 4183 698 4238 hoc
738 4194 842 4249 est,
872 4187 1044 4257 magis
1075 4187 1367 4243 ridiculum
1395 4189 1530 4244 illud
1560 4191 1686 4257 erit,
1713 4208 1778 4246 ex
1809 4194 1876 4248 iis
1907 4211 2029 4263 quze

451 4275 588 4329 nihil
623 4276 764 4331 inter
793 4293 850 4332 se
877 4293 1169 4333 commune
1189 4279 1412 4345 habent,
1445 4281 1706 4338 inducere
1735 4285 1873 4339 velle
1904 4301 2028 4354 pro-

451 4367 786 4423 babilitatem
853 4386 1044 4425 eorum
1097 4388 1218 4442 qua:
1273 4373 1342 4427 de
1396 4375 1683 4431 nativitate
1741 4378 2020 4434 dicuntur.

451 4460 736 4524 Quomodo
762 4462 905 4515 enim
940 4465 1187 4533 quotidie
1231 4465 1707 4523 innumerabiliter
1744 4479 2026 4526 mutantur

450 4553 735 4607 stellarum
785 4557 1087 4624 aspectus?
1131 4556 1264 4611 Nam
1311 4560 1563 4628 planetae,
1596 4570 1654 4614 ut
1692 4571 1852 4625 sunt,
1892 4579 2031 4617 sem-

450 4661 548 4715 per
578 4648 806 4702 mobilcs
835 4648 1202 4717 appellantur.
1241 4651 1419 4722 Atque
1451 4655 1542 4708 alii
1583 4654 1803 4723 quidem
1861 4657 2028 4712 citius

452 4749 822 4808 assequuntur
861 4754 921 4794 se
949 4740 1207 4803 invicem.
1241 4743 1333 4796 alii
1373 4759 1502 4798 vero
1545 4746 1800 4814 periodos
1837 4749 2026 4802 eadem

452 4828 585 4880 hora
623 4828 828 4884 faciunt
861 4831 1155 4887 tardiores.
1182 4833 1488 4903 Aliquoties
1511 4837 1676 4890 etiam
1706 4852 1766 4891 se
1788 4837 2024 4892 invicem

451 4919 804 4987 aspicientes,
841 4939 962 4977 mox
989 4926 1360 4980 occultantur.
1407 4925 1563 4991 Quod
1622 4927 1670 4982 si
1724 4943 1788 4982 ex
1836 4938 2030 4981 natura

451 5009 587 5078 ipsis
619 5011 821 5064 bonum
859 5022 912 5068 et
951 5017 1153 5070 malmn
1183 5017 1362 5080 adest,
1396 5019 1624 5073 omnino
1678 5019 1744 5072 ad
1778 5019 2028 5089 opiﬁcem

451 5116 618 5158 causa
658 5103 784 5156 mali
823 5119 852 5156 a
905 5107 1064 5162 nobis
1102 5108 1359 5164 refertur.
1391 5108 1548 5175 Quod
1600 5111 1644 5165 si
1701 5111 1886 5166 liberte
1937 5127 2033 5164 vo-

452 5191 680 5247 luntatis
705 5193 970 5250 electione
995 5208 1306 5263 moventur,
1350 5203 1584 5271 priututn
1615 5204 1836 5273 quidem
1866 5215 2032 5259 erunt

453 5284 710 5341 animalia
748 5286 971 5356 pratdita
1008 5289 1180 5344 libera
1214 5294 1514 5362 voluntate,
1535 5295 1736 5350 solutis
1764 5304 1818 5351 et
1842 5296 2024 5351 liberte

670 5487 1199 5561 XapoazgtoltForte
1238 5492 1487 5561 χαροποί.
1526 5492 1681 5549 Ευιτ.

664 5559 964 5646 Ἀξρηλῶος.
1003 5559 1146 5646 Ιιιεε..
1164 5558 1428 5646 ἐαρινῶν-κ
1445 5563 1515 5646 Ιῐιζ

519 5627 632 5695 (62)
656 5627 1105 5710 ιᾙθωττδωψιέ
1135 5631 1189 5710 in
1220 5627 1462 5710 Vulgatis
1488 5639 1679 5710 ἤχους,
1712 5633 1802 5710 ubi
1845 5633 1924 5686 sic
1961 5633 2032 5684 lo-

464 5714 560 5754 cus
578 5698 821 5770 redditur
847 5719 859 5753 :
892 5698 1174 5770 Non—quod
1215 5698 1408 5755 Arietis
1439 5698 1622 5755 sonitm
1669 5703 1789 5756 alat
1821 5720 1880 5755 ca
1904 5718 2027 5768 pars

460 5770 594 5833 ειιίἰ,
625 5767 692 5821 At
725 5768 888 5833 ἤθους
928 5767 1110 5826 veram
1164 5772 1448 5828 lectionem
1506 5772 1702 5828 docere
1755 5767 2031 5829 debuisset

1533 285 1590 339 δ.
1634 287 1932 343 CAESAR"
1975 288 2307 348 GREGORII
2347 296 2645 352 FllATlllS

3598 295 3714 349 T183

2135 407 2374 464 Ἰουδαῖοι
2401 413 2434 483 ἢ
2466 409 2785 482 Χριστιανοὶ
2818 411 2876 465 ὲν
2900 411 2967 482 τῇ
2991 409 3125 480 αὐτῇ
3148 409 3383 480 ήμέραῆ
3410 409 3530 481 ὥρα
3561 411 3618 462 ἐν
3643 414 3710 482 τῇ

2129 501 2357 574 μητρῷα
2391 502 2799 574 κατεϐλήθησαν
2832 500 3017 572 νηδύϊ·
3057 501 3163 554 οὐδ’
3210 496 3275 552 αὖ
3314 500 3471 553 πάλιν
3512 500 3717 564 πάντες

2127 591 2244 662 ἅμα
2273 593 2684 664 ἀπεκυήθησαν.
2735 593 2858 656 Πῶς
2902 588 2994 646 οῦν
3023 594 3073 644 οἱ
3107 592 3348 645 πλεῖστοι
3368 590 3549 644 αὐτῶν
3579 590 3721 662 Χριο

2129 681 2240 751 στῷ
2279 681 2588 746 συνέθεντο,
2627 683 2728 754 τὴν
2774 683 3033 752 πατρῴαν
3077 680 3445 752 ἀρνησάμενοι
3479 681 3716 750 πλάνην,

2133 773 2207 843 μὴ
2252 773 2569 843 ἰσχύσαντος
2614 773 2708 827 τοῦ
2751 775 3006 843 ἄρχοντος
3051 773 3282 844 ἀστέρος
3323 773 3422 842 τῆς
3457 773 3714 844 χερσαίου

2131 864 2346 935 μερίδος
2380 865 2669 935 ἐμποδίσαι
2700 865 2896 927 αὐτοὺς
2935 865 3066 936 πρὸς
3103 865 3445 928 θεοσέϐειανς

2689 979 2940 1033 ΠΕΥΣΙΣ
2990 979 3139 1034 PlA'.

2212 1088 2350 1140 Ἀλλ’
2381 1090 2440 1141 ού
2473 1095 2601 1161 περὶ
2627 1088 2859 1152 πίστεως
2888 1091 3018 1158 ήμῖν
3059 1091 3087 1142 ὁ
3126 1089 3255 1158 περὶ
3293 1088 3509 1158 ἄστρων
3538 1087 3717 1157 λόγος,

2129 1179 2242 1232 ἀλλ’
2270 1181 2431 1250 ἡθους
2459 1181 2552 1233 καὶ
2591 1164 2863 1243 πολιτεία-ς
2888 1182 2982 1233 καὶ
3011 1180 3262 1251 πράξεως
3299 1181 3506 1233 ἐκεῖθεν
3547 1181 3718 1251 ἁρμο-

2130 1270 2380 1340 ζομένης,
2407 1270 2486 1324 ἔτι
2513 1272 2570 1325 δὲ
2596 1272 2809 1340 καὶτῆς
2849 1273 3165 1342 σωματικῆς
3209 1273 3619 1335 καταστάσεως.
3655 1273 3720 1324 Ol

2129 1363 2236 1434 γὰρ
2268 1361 2406 1432 κριῷ
2432 1364 2529 1434 τὴν
2559 1363 2774 1432 γένεσιν
2800 1364 3032 1434 ἔχοντες,
3069 1365 3215 1417 ούλοὶ
3259 1364 3359 1435 τὴν
3385 1365 3550 1434 τρίχα
3581 1366 3724 1417 ἀπο-

2128 1449 2424 1512 τελοῦνται,
2453 1454 2733 1524 χαροποιοὶ
2771 1453 2880 1521 (60)
2921 1456 3013 1507 καὶ
3064 1454 3486 1524 μεγαλόφρονες,
3533 1454 3720 1524 ἐπειδὴ

2130 1542 2454 1612 ἡγεμονικὸν
2485 1547 2514 1598 ὁ
2552 1545 2731 1615 κριός·
2779 1544 2914 1598 ἀλλά
2961 1547 3055 1598 καὶ⁸
3093 1547 3490 1618 προαιρετικοὶ,
3536 1545 3723 1616 ἐπειδὴ

2131 1634 2223 1688 καὶ
2249 1636 2276 1686 ὁ
2303 1635 2456 1706 κριὸς
2493 1636 2807 1689 ἀποτίθεται
2853 1637 3074 1700 ἀλύπως
3102 1638 3165 1690 τὸ
3218 1638 3385 1710 ἔριον,
3425 1637 3518 1690 καὶ
3563 1637 3722 1690 πάλιν

2134 1727 2240 1780 ὑπὸ
2265 1728 2362 1798 τῆς
2394 1729 2607 1798 φύσεως
2635 1730 2970 1786 ὲπενδύεται.
3016 1733 3071 1786 '0
3098 1732 3153 1784 δὲ
3185 1733 3494 1805 ταυριανὸς,
3523 1732 3725 1801 τληπαο

2131 1818 2230 1889 θὴς
2273 1819 2366 1871 καὶ
2410 1819 2685 1884 δουλικὸς·
2739 1822 2843 1874 ὑπὸ
2893 1823 3056 1890 ζυγὸν
3086 1823 3194 1895 γάρ
3231 1825 3259 1876 ό
3309 1821 3530 1892 ταῦρος.
3573 1823 3633 1875 'U
3665 1820 3730 1876 δι

2133 1908 2474 1976 σκορπιανὸς,
2505 1909 2769 1983 πλήκτης,
2797 1910 2882 1963 διὰ
2913 1913 3010 1981 τὴν
3039 1911 3176 1982 πρὸς
3216 1911 3277 1964 τὸ
3322 1912 3510 1983 θηρίον
3533 1911 3724 1980 ὁμοίω-

2132 2015 2235 2050 σιν.
2281 1999 2337 2051 '0
2365 1999 2471 2068 γὰρ
2495 1982 2766 2068 ζύγιανὸς,
2788 2002 3016 2066 δίκαιος,
3046 2002 3134 2056 διά
3172 2003 3270 2074 τὴν
3295 1982 3426 2074 παρ’
3465 2005 3597 2074 ἡμῖν
3622 2001 3732 2056 ἰσό-

2129 2107 2268 2160 τητα
2301 2093 2406 2144 τῶν
2441 2093 2641 2161 ζυγῶν.

2675 2361 2678 2363 ’
2742 2366 3106 2432 Ἀπόκρισις.

2205 2460 2268 2512 Ὤ
2288 2459 2388 2529 τῆς
2420 2457 2735 2530 Ἑλληνικῆς
2758 2460 2769 2511 !
2801 2459 2851 2510 τί
2877 2457 2983 2528 γάρ
3009 2457 3073 2510 ἂν
3102 2458 3312 2525 γένοιτο
3333 2461 3542 2515 τούτων
3565 2475 3732 2511 κατα-

2129 2550 2514 2621 γελαστότερον
2541 2568 2554 2616 ;
2598 2551 2654 2602 Ὀ
2687 2549 2795 2621 γὰρ
2829 2551 3000 2620 κριὸς,
3029 2549 3122 2618 ἀφ’
3160 2544 3221 2602 οὗ
3255 2549 3355 2618 τὴν
3375 2549 3592 2617 γένεσιν
3631 2550 3721 2602 τοῦ

2129 2642 2413 2714 ἀνθρώπου
2438 2643 2712 2714 ληροῦσιν,
2743 2642 2970 2712 ούρανοῦ
3010 2641 3173 2712 μέρος
3203 2642 3440 2712 ὑπάρχει
3481 2642 3544 2693 τὸ
3563 2641 3725 2694 δωδέ-

2129 2751 2320 2789 κατον’
2355 2736 2412 2787 ὲν
2541 2734 2755 2802 φθάνων
2804 2735 2832 2785 ὁ
2871 2733 3021 2803 ἥλιος
3070 2733 3179 2785 τῶν
3213 2733 3446 2802 ἀερινῶν
3481 2733 3728 2805 (δυση-

2133 2827 2298 2897 μείων
2327 2827 2558 2880 ἅπτεται
2577 2840 2591 2854 ⁸
2621 2826 2716 2879 καὶ
2741 2823 2924 2892 ζυγὸν,
2955 2823 3048 2877 καὶ
3068 2822 3287 2894 ταῦρος,
3316 2825 3411 2877 καὶ
3442 2825 3726 2896 σκορπίος,

2128 2917 2328 2988 ὁμοίως
2372 2918 2574 2970 τούτων
2617 2917 2844 2970 ἕκαστον
2899 2914 3196 2968 δωδέκατον
3243 2915 3430 2985 μόριον
3489 2917 3730 2986 ὑπάρχει

2133 3008 2296 3079 μέρος
2325 3009 2416 3061 τοῦ
2439 3009 2669 3080 οὐρανοῦ
2708 3007 2803 3062 τοῦ
2844 3006 3109 3072 ζωδιακοῦ
3159 3008 3451 3078 λεγομένου
3497 3009 3723 3063 κύκλου.

2134 3099 2257 3162 Πῶς
2283 3095 2374 3153 οὗν
2397 3102 2603 3154 ἐκεῖθεν
2625 3101 2724 3163 τὰς
2755 3100 3174 3172 προηγουμένας
3211 3102 3388 3164 αἰτίας
3426 3101 3734 3170 φάσκοντες

2133 3189 2343 3261 βροτοῖς
2371 3191 2659 3262 ὑπάρχειν,
2693 3195 2758 3245 ἐκ
2787 3193 2896 3245 τῶν
2939 3195 3069 3266 παρ’
3098 3195 3233 3265 ήμῖν
3262 3193 3620 3264 βληχωμένων
3657 3194 3732 3248 τά

2131 3281 2234 3351 ἤθη
2262 3283 2444 3345 αὺτοῖς
2476 3285 2940 3355 χαρακτηρίζεται
2965 3301 2979 3348 ;
3012 3284 3377 3354 Εὐμετάδοτον
3409 3284 3516 3354 γάρ
3540 3286 3724 3354 κριὸς,

2130 3374 2228 3426 οὐκ
2256 3375 2441 3445 ἐπειδὴ
2472 3377 2710 3429 τοιούτου
2757 3378 2919 3448 ἤθους
2950 3378 3063 3446 (62)
3110 3377 3386 3449 ποιητικὸν
3434 3379 3610 3429 ἐκεῖνο
3655 3377 3719 3430 τὸ

2134 3466 2301 3536 μέρος
2325 3467 2418 3519 τοῦ
2452 3467 2702 3538 ούρανοῦ,
2733 3467 2843 3521 ἀλλ’
2875 3469 2996 3520 ἐπεὶ
3031 3467 3284 3538 τοιαύτης
3322 3468 3480 3538 ἔλαχε
3509 3468 3569 3520 το
3591 3469 3724 3540 πρό-

2131 3559 2292 3612 ϐατον
2317 3559 2530 3628 φύσεως
2560 3558 2712 3632 παρὰ
2745 3559 2836 3613 τοῦ
2876 3560 3180 3624 κτίσαντος.
3227 3561 3337 3614 Καὶ
3382 3562 3444 3612 ὲκ
3480 3561 3578 3630 μὲν
3612 3561 3725 3614 τῶν

2130 3653 2342 3722 ἄστρων
2372 3652 2624 3716 σπεύδεις
2650 3653 2809 3723 ήμῶν
2839 3654 2938 3724 τὴν
2979 3654 3192 3722 γένεσιν
3233 3656 3529 3725 παριστᾷν,
3562 3655 3625 3706 ὲκ
3667 3653 3730 3717 δὲ

2129 3742 2238 3797 τῶν
2275 3743 2637 3815 βληχημάτων
2685 3744 2890 3799 πείθειν
2945 3747 3264 3817 ἐπιχειρεῖς.
3302 3747 3364 3800 Εἰ
3413 3747 3514 3816 μὲν
3569 3747 3724 3818 παρὰ

2129 3830 2238 3885 τῶν
2272 3831 2424 3896 ζώων
2460 3835 2488 3886 ὁ
2517 3832 2745 3904 οὐρανὸς
2772 3833 3139 3904 κομισάμενος
3171 3833 3281 3902 ἔχει
3328 3832 3430 3896 τὰς
3469 3834 3728 3904 ἀφορμὰς

2129 3923 2382 3986 τοιαύτας
2416 3923 2522 3976 τῶν
2541 3923 2709 3994 ἠθῶν,
2736 3923 3017 3977 ὑπόκειται
3062 3925 3154 3976 καὶ
3187 3923 3348 3986 αὐτὸς
3377 3925 3595 3986 πάντως
3632 3924 3727 3976 ἁλ-

2128 4016 2370 4086 λοτρίαις
2409 4017 2625 4086 ἀρχαῖς,
2648 4016 2810 4079 αὐτὸς
2854 4016 2953 4086 μὲν
2980 4019 3098 4078 ταῖς
3126 4015 3230 4068 τῶν
3269 4016 3508 4086 ἄστρων,
3541 4017 3728 4068 ἐκεῖνα

2128 4107 2185 4160 δὲ
2217 4107 2323 4160 τῶν
2351 4106 2524 4171 ζώων,
2560 4107 2618 4174 ἐξ
2648 4106 2828 4160 αὐτῶν
2871 4107 3062 4180 ἔχοντα
3102 4108 3200 4170 τὰς
3258 4108 3438 4170 αἰτίας
3487 4109 3727 4177 ἀπηρτι·

2131 4199 2333 4269 σμένας
2369 4198 2502 4269 (65).
2533 4200 2596 4252 Et
2645 4199 2700 4250 δὲ
2743 4199 3144 4266 καταγέλαστον
3189 4197 3366 4262 τοῦτο,
3418 4198 3728 4265 καταγελα-

2130 4291 2382 4362 στότερον
2439 4291 2500 4343 τὸ
2553 4293 2617 4344 ὲκ
2663 4291 2770 4342 τῶν
2824 4291 2987 4362 μηδὲν
3047 4289 3448 4343 κοινωνούντων
3497 4289 3728 4356 ἐπάγειν

2131 4383 2427 4452 ἐπιχειρεῖν
2473 4382 2582 4435 τῶν
2625 4383 2797 4450 λόγων
2850 4383 2946 4446 τὰς
2990 4383 3353 4452 πιθανότητας
3397 4384 3528 4454 περὶ
3575 4382 3728 4450 γενέ-

2133 4490 2290 4536 σεως.
2324 4472 2446 4534 Πῶς
2473 4473 2581 4545 γὰρ
2615 4473 2697 4541 ἐφ’
2739 4473 2976 4544 ἑκάστης
3016 4474 3228 4544 ἡμέρας
3275 4474 3540 4544 μυριάκις
3571 4473 3727 4542 ἀμεί-

2130 4565 2282 4618 ϐεται
2334 4564 2440 4618 τῶν
2491 4564 2735 4634 ἀστέρων
2777 4565 2845 4617 τά
2904 4565 3190 4634 σχήματα;
3236 4565 3562 4635 Ἀεικίνητοι
3614 4564 3726 4634 γάρ

2129 4655 2280 4718 ὄντες
2305 4656 2352 4707 οἱ
2379 4654 2643 4724 πλανῆται
2675 4655 3222 4724 προσαγορευόμενοι,
3251 4657 3347 4708 καὶ
3387 4657 3439 4708 οἱ
3467 4657 3567 4726 μὲν
3596 4655 3726 4709 θᾶτ-

2129 4763 2220 4798 τον
2256 4745 2858 4815 έπικαταλαμϐἀνοντες
2892 4746 3174 4816 ἀλλήλους,
3207 4746 3259 4798 οί
3295 4744 3354 4798 δὲ
3383 4745 3725 4816 βραδυτέρας

2131 4837 2227 4902 τὰς
2259 4837 2540 4908 περιόδους
2581 4837 2890 4907 ποιούμενοι
2935 4839 3026 4890 ἐπὶ
3067 4837 3165 4906 τῆς
3189 4836 3362 4904 αὐτῆς
3393 4837 3566 4906 ὥρας,
3596 4836 3725 4889 πολ-

2131 4931 2286 4992 λάκις
2329 4931 2421 4983 καὶ
2459 4929 2658 5000 ὁρῶσιν
2699 4928 2962 4998 ἀλλήλους
3011 4929 3104 4981 καὶ
3145 4928 3610 5000 ἀποκρύπτονται.
3658 4926 3723 4980 Εἰ

2132 5024 2188 5076 δὲ
2221 5023 2314 5076 καὶ
2344 5024 2407 5075 ὲκ
2445 5021 2656 5090 φύσεως
2693 5022 2876 5084 αὐτοῖς
2905 5020 2966 5072 τὸ
3011 5019 3214 5088 ἀγαθὸν
3258 5020 3350 5072 καὶ
3392 5019 3594 5089 χεῖρον,
3629 5021 3726 5073 ἐπὶ

2133 5116 2223 5170 τὸν
2248 5113 2586 5186 Δημιουργὸν
2625 5116 2657 5183 ἡ
2691 5113 2839 5166 αἰτία
2874 5113 2968 5167 τοῦ
3005 5111 3175 5167 κακοῦ
3222 5114 3353 5184 παρ’
3385 5114 3545 5183 ἡμῶν
3575 5114 3727 5166 ἀνα-

2133 5208 2357 5278 φέρεται
2384 5207 2688 5269 πάντως.Εί
2711 5206 2769 5258 δὲ
2798 5205 3114 5277 προαιρέσει
3141 5205 3482 5276 κεκίνηνται,
3501 5204 3724 5276 πρῶτον

2135 5297 2235 5370 μὲν
2266 5297 2418 5352 ἔσται
2445 5297 2559 5362 ζῶα
2587 5297 2945 5369 προαιρετικὰ
2981 5297 3297 5368 λελυμέναις
3327 5298 3423 5350 καὶ
3450 5297 3726 5368 αὐτοκρα-

2138 5494 2512 5564 interpretem,
2553 5502 2666 5548 tum
2710 5502 3055 5554 sensus,tum
3088 5495 3234 5564 ἠθῶν
3269 5493 3414 5563 quod
3463 5511 3587 5548 mox
3640 5511 3727 5552 se-

2138 5565 2343 5627 quitur,
2375 5575 2428 5617 ut
2482 5567 2690 5618 monuit
2727 5567 3082 5620 doctissimus
3119 5566 3427 5620 Cotelerius
3474 5565 3718 5619 Monum.

2142 5582 2343 5627 llllllll',
2375 5582 2428 5617 ut
2482 5582 2690 5618 monuit
2727 5582 2993 5619 uocussm

2142 5582 2286 5688 ἔδει.
2325 5634 2417 5688 Gr.
2451 5643 2582 5688 tum.
2616 5635 2678 5695 ll,
2715 5651 2836 5704 pag.
2870 5635 2993 5690 550.

2209 5706 2320 5772 (ϋῦ)
2365 5705 2853 5775 ’Λπηρτισμένας.
2884 5704 3044 5763 Forte
3073 5706 3486 5779 ἀπηρτημένας.
3510 5704 3666 5764 Eur.
