4048 6222
229 278 347 334 οεξο

228 404 486 470 τορικαῖς
524 403 720 474 ὁρμαῖς
768 416 1111 484 ῖεχρημένα·
1166 419 1301 493 ὅπερ
1349 424 1544 493 μανίας
1594 428 1827 501 ὑπάρχει

231 494 334 591 καλ.
387 493 570 591 quoia;
627 497 880 571 ἐσχάτης,
935 506 1025 558 τὸν
1080 511 1419 585 Δημιουργδν
1468 516 1826 591 βλασφημεῖν,

228 582 332 635 καὶ
364 584 473 636 τῶν
501 585 725 657 ἀψύχων
753 595 1203 664 καταψεύδεσθαι.
1291 582 1301 585 ν
1340 582 1343 583 ν
1468 582 1477 587 ⁷

310 673 437 739 Πῶς
472 675 526 729 δὲ
560 678 610 730 οἱ
659 681 800 753 κριῷ
844 686 943 756 τὴν
994 690 1206 757 γένεσιν
1250 693 1495 765 ἔχοντες,
1529 700 1674 754 οὖλοι
1732 701 1827 755 καὶ

233 767 495 863 χαροποὶ,
534 769 627 823 καὶ
660 782 1049 846 προαιρετικοὶ,
1084 784 1178 837 καὶ
1206 791 1543 858 ποριστικοί;
1578 791 1825 863 ὐρῶμεν

235 856 470 920 πολλοὺς
499 860 688 926 οὐλοῦς
718 865 817 935 μὲν
846 868 944 941 τὴν
981 874 1163 945 τρίχα,
1209 856 1442 947 τυφλοὺς
1484 856 1540 936 δέ
1587 856 1681 937 καὶ
1724 856 1825 940 οὐκ

232 947 535 1045 ξῦπόρως,
586 954 706 1009 οὐδὲ
760 968 1207 1033 προαιρετικοὺς,
1256 970 1371 1024 ἀλλ’
1434 974 1677 1045 ἰταμοὺς,
1729 979 1824 1030 καὶ

228 1037 558 1140 δυσπορους,
584 1045 675 1140 καὶ
692 1048 838 1140 putri;
848 1068 1011 1121 μονας
1030 1056 1163 1126 (64),
1183 1060 1277 1113 καὶ
1300 1037 1825 1140 ρακοφόρουςγάγύρ-

228 1131 559 1231 τας.“θύραν
590 1136 655 1231 ἐκ
675 1136 856 1231 θύρας
888 1144 1232 1216 ἀμείϐοντας,
1263 1151 1364 1222 τῆς
1396 1131 1672 1226 ἐρημέρου

231 1221 577 1320 ἕνεκεν.
612 1229 736 1294 Πῶς
767 1232 821 1285 δὲ
847 1235 895 1286 οἱ
925 1235 1193 1310 φαλακροὶ
1224 1240 1255 1312 ἢ
1292 1244 1385 1295 καὶ
1432 1221 1754 1318 ἁπλόκομοι,
1784 1249 1817 1320 ἢ

228 1313 558 1383 ἀμϐλυωποὶ
596 1321 854 1377 τάναντία
903 1326 1103 1397 ἔχουσι,
1148 1330 1376 1386 πλοῦτον
1421 1336 1514 1389 καὶ
1560 1313 1818 1404 ἀφθονίαν

228 1403 328 1501 καὶ
353 1407 609 1479 ἠρεμίαν,
644 1414 885 1479 σπανίως
911 1422 1021 1482 τοῖς
1057 1421 1229 1489 φίλοις
1274 1425 1533 1497 ὁμαίμοις
1574 1447 1821 1501 συναγει-

227 1497 489 1590 ptigit/svnt;
524 1502 759 1569 Ποσάκις
810 1507 866 1560 δὲ
904 1510 1003 1580 τῆς
1046 1514 1273 1586 ἡμέρας,
1313 1518 1345 1588 ἦ
1387 1519 1484 1590 τῆς
1516 1497 1729 1586 νυκτὸς,
1767 1525 1817 1578 οἱ

224 1585 339 1638 τῶν
374 1586 668 1657 βασιλικῶν
693 1596 956 1663 γενέσεων
1000 1601 1383 1659 ἀποτελοῦνται
1417 1611 1810 1681 σχηματισμοίι

223 1675 317 1771 ea
338 1678 391 1731 τί
420 1679 495 1752 μὴ
522 1682 607 1751 ἐφ’
635 1684 870 1757 ἑκάστης
896 1691 1185 1757 γεννῶνται
1216 1675 1482 1766 βασιλεῖςνξ
1573 1675 1815 1765 πῶς-πά-

224 1767 309 1861 λιν
351 1774 618 1843 πατρικαὶ
667 1778 848 1843 αὐτοῖς
890 1781 1221 1854 ὑπάρχουσιν
1275 1789 1331 1842 αἱ
1388 1789 1488 1860 τῆς
1532 1767 1813 1861 ’βασιλείας

220 1859 499 1934 διαδοχαί;
536 1866 609 1919 Οὐ
635 1866 805 1939 δήπου
851 1873 959 1945 γὰρ
1000 1876 1230 1944 ἕκαστος
1274 1880 1383 1935 τῶν
1414 1859 1679 1952 βασιλέων
1709 1904 1815 1939 πα-

228 1958 672 2048 ρατετηρημένος
706 1963 785 2025 είς
816 1963 877 2016 τὸ
908 1965 1186 2035 βασιλικὸν
1227 1971 1335 2025 τῶν
1382 1974 1598 2047 ἄστρων
1629 1977 1818 2048 σχῆμα

223 2044 313 2140 διὶ
349 2048 449 2117 τῆς
486 2050 622 2121 πρδς
649 2051 747 2123 τὴν
788 2056 1014 2128 σύμϐιον
1054 2063 1336 2128 κοινωνίας
1375 2067 1467 2119 τοῦ
1508 2069 1814 2140 ἐναρμόσαι

225 2132 336 2199 οἷός
369 2156 456 2192 τε·
489 2141 613 2196 οὔτε
647 2146 754 2217 γάρ
797 2165 881 2211 τις
918 2149 1105 2221 κύριος
1143 2153 1237 2207 τοῦ
1274 2156 1537 2213 τοιούτου.
1570 2160 1692 2225 Πῶς
1718 2156 1814 2215 οὖν

241 2227 423 2319 ditia;
461 2233 491 2284 ὁ
538 2232 790 2302 βασιλεὺς
840 2238 1095 2309 ἐγέννησε
1141 2244 1233 2297 τὸν
1291 2246 1527 2318 Ἰωαθὰμ
1568 2248 1810 2319 βασιλέα,

240 2317 480 2391 Ἰωαθὰμ
505 2321 560 2376 δὲ
589 2324 679 2377 τὸν
716 2327 899 2397 axx,
942 2330 1110 2401 Ἀχὰζ
1135 2333 1188 2387 δὲ
1226 2335 1315 2388 τὸν
1351 2317 1621 2403 Ἐζεκίαν,
1659 2334 1814 2405 οὗτος

218 2409 279 2463 δὲ
306 2412 399 2465 τὸν
429 2414 748 2488 Μανασσῆν,
778 2412 931 2485 οὗτος
962 2422 1017 2475 δὲ
1049 2424 1143 2477 τὸν
1186 2426 1429 2497 Ἀμμὼς,
1456 2423 1610 2496 οὗτος
1634 2433 1691 2486 δὲ
1721 2434 1812 2487 τὸν

232 2502 468 2593 ξῐωσίαν,
516 2500 672 2572 οὗτος
725 2511 782 2565 δὲ
837 2513 928 2566 τὸν
973 2516 1219 2587 Ἰωαχὰζ,
1270 2519 1501 2584 ἕκαστος
1561 2522 1811 2593 βασιλεὺς

220 2591 479 2663 pascua;
532 2599 625 2651 καὶ
674 2600 847 2666 οὐδεὶς
892 2605 949 2656 ἐν
1012 2606 1196 2670 αὐτοῖς
1232 2608 1474 2681 οἰκετικῇ
1528 2591 1810 2685 συνέτυχεν

217 2684 343 2757 ὥρᾳ
370 2690 693 2760 γεννήσεως.
731 2695 963 2750 Ἔπειτα
989 2699 1037 2750 εί
1070 2700 1163 2752 καὶ
1191 2701 1298 2752 τῶν
1324 2701 1462 2755 κατὰ
1489 2704 1686 2757 κακίαν
1715 2708 1811 2760 καὶ

214 2777 424 2850 ἀρετὴν
458 2781 848 2854 ἐνεργημάτων
886 2789 986 2843 οὐκ
1014 2790 1077 2843 ἐκ
1110 2790 1215 2843 τῶν
1250 2793 1333 2861 ἐφ’
1365 2795 1496 2865 ἡμῖν
1530 2795 1831 2869 ὑπάρχου-,

218 2886 306 2922 σιν
344 2873 401 2924 αἱ
436 2873 620 2943 ἁρχαὶ,
671 2875 784 2929 ἀλλ’
822 2881 888 2932 ἐκ
940 2881 1038 2951 τῆς
1088 2885 1393 2954 γεννήσεως
1446 2887 1501 2940 αἱ
1550 2888 1805 2957 ἀνάγκαι,

216 2963 463 3034 περιττοὶ
492 2965 591 3035 μὲν
614 2967 663 3019 οἱ
693 2969 975 3038 νομοθέται
1007 2973 1074 3025 τὰ
1100 2973 1289 3044 αἱρετὰ
1316 2975 1409 3027 καὶ
1442 2979 1647 3045 φευκτὰ
1675 2981 1808 3049 ἡμῖν

215 3052 513 3125 ὁρίζοντες,
552 3058 797 3127 περιττοὶ
850 3059 907 3112 δὲ
963 3063 1010 3114 οἱ
1060 3062 1310 3118 δικασταὶ
1354 3066 1556 3139 ἀρετὴν
1587 3086 1804 3138 μετατι-

219 3144 432 3215 μῶντες
448 3147 603 3218 (64⁸),
625 3149 822 3203 κακίαν
834 3150 890 3204 δὲ
913 3151 1247 3218 κολάζοντες.
1262 3155 1336 3210 Οὐ
1351 3155 1458 3231 γὰρ
1471 3158 1562 3211 τοῦ
1577 3160 1806 3216 κλέπτου

214 3236 251 3307 ἢ
284 3235 380 3291 τοῦ
411 3238 616 3306 φονέως
663 3239 724 3293 τὸ
769 3240 1033 3312 ἀδίκημα,
1082 3238 1162 3305 οἷς
1199 3261 1263 3312 γε
1306 3246 1428 3300 οὐδὲ
1466 3246 1807 3320 βουλομένοις

215 3331 443 3399 κρατεῖν
466 3330 567 3401 τῆς
598 3331 779 3403 χειρὸς
819 3326 928 3385 οἷόν
974 3352 1054 3401 τε,
1079 3334 1169 3388 διὰ
1191 3335 1288 3407 τὴν
1316 3338 1409 3391 ἐπὶ
1446 3339 1545 3403 τὰς
1580 3341 1807 3412 πράξεις

214 3422 649 3490 κατεπείγουσαν
690 3424 884 3487 αὐτοὺς
924 3426 1305 3498 ἀστρονομίαν,
1337 3430 1433 3483 καὶ
1463 3432 1563 3501 τὴν
1604 3433 1669 3485 ἐκ
1704 3434 1803 3505 τῆς

215 3513 559 3585 εἱμαρμένης
591 3515 833 3587 ἀνάγκην
865 3516 1231 3588 ἐπικειμένην.

219 3602 350 3657 bere
386 3613 639 3677 possunt,
670 3614 895 3676 propter
922 3617 1208 3679 urgentem
1246 3608 1396 3679 ipsos
1438 3610 1505 3665 ad
1554 3626 1618 3666 ea
1658 3611 1799 3667 facta

216 3694 625 3751 necessitatem.

290 3806 563 3876 Διελέγξω
601 3808 645 3862 δ’
677 3808 875 3874 αὐτοὺς
917 3812 1011 3866 καὶ
1058 3813 1122 3866 ἐκ
1166 3813 1265 3883 τῆς
1310 3813 1419 3867 τῶν
1464 3815 1805 3886 πραγμάτων

221 3895 457 3950 καθόλου
494 3898 813 3969 μεταϐολῆς.
861 3901 972 3971 Πρὸ
1023 3901 1134 3970 γὰρ
1178 3902 1276 3973 τῆς
1320 3903 1638 3975 θεανδρικῆς
1683 3905 1805 3957 ἐπι-

220 3990 557 4059 φοιτήσεως.
588 3990 806 4044 πάντων
837 3991 1008 4044 ἐθνῶν
1033 3992 1533 4064 εἰδωλομανούντων
1552 4035 1566 4058 ,
1594 3996 1687 4048 καὶ
1718 3995 1807 4049 διὰ

218 4081 404 4151 πάσης
450 4079 755 4151 χορούντων
816 4083 1095 4149 ἀσεϐείας,
1163 4085 1302 4155 μετὰ
1350 4088 1450 4156 τὴν
1491 4087 1673 4157 ἄφιξιν
1717 4088 1811 4143 τοῦ

218 4171 508 4244 θεάνδρου,
542 4172 630 4225 διὰ
674 4171 770 4226 τοῦ
801 4174 1158 4243 εὐαγγελικοῦ
1193 4176 1550 4248 κηρύγματος
1599 4180 1634 4251 ὴ
1678 4180 1813 4251 πρὸς

219 4264 536 4318 θεοσέϐειαν
591 4264 782 4333 γέγονε
851 4267 1165 4337 μεθίδρυσις
1228 4283 1241 4297 ‘
1290 4270 1387 4340 τῆς
1451 4268 1657 4341 πλάνης
1716 4271 1813 4342 μὲν

219 4356 471 4410 ἐκποδὼν
521 4357 869 4429 γενομένης.
938 4360 1141 4432 ἀρετῆς
1203 4360 1259 4413 δὲ
1322 4362 1659 4432 τιμωμένης,
1714 4363 1813 4433 τῆς

218 4450 393 4519 αὐτῆς
424 4449 533 4502 τῶν
565 4450 781 4522 ἄστρων
813 4450 1080 4522 μενούσης
1107 4450 1283 4520 ὄψεώς
1309 4469 1368 4505 τε
1401 4453 1495 4505 καὶ
1530 4454 1770 4514 στάσεως
1789 4493 1805 4518 ,

219 4538 282 4606 ἐξ
330 4542 603 4612 Ἑλλήνων
645 4559 704 4595 τε
747 4543 843 4596 καὶ
877 4542 1144 4597 Ἰουδαίων
1188 4545 1282 4596 καὶ
1327 4544 1494 4597 ἐθνῶν
1539 4546 1807 4599 πλείστων

220 4630 691 4703 ἐπιστραρέντων,
727 4635 821 4687 καὶ
854 4632 1075 4704 Χριστῷ
1108 4632 1468 4704 συνθεμένων.
1498 4634 1607 4687 Ποῦ
1637 4631 1730 4688 οὖν
1760 4635 1810 4688 οἱ

222 4721 444 4792 πρῶτον
492 4724 999 4792 καταναγκάζοντῑς
1043 4724 1239 4786 αὐτοὺς
1272 4724 1500 4793 ἀστέρες
1524 4763 1538 4786 ,
1572 4724 1810 4789 εἰδώλοις

224 4814 565 4868 ποτνιείσθαι
609 4815 753 4888 (65);
800 4816 904 4870 ποῦ
948 4816 1002 4869 δὲ
1046 4816 1327 4869 λανθάνειν
1376 4816 1593 4869 ἐδόκουν
1629 4816 1677 4869 οἱ
1715 4816 1811 4870 νῦν

224 4906 365 4977 πρὸς
410 4896 723 4961 θεοσέϐειαν
764 4895 959 4971 αὐτοὺς
1007 4907 1416 4979 ἐπισπώμενοις
1458 4908 1520 4961 Εἰ
1566 4908 1623 4961 δὲ
1675 4910 1811 4981 μήτε

222 4999 543 5070 ἀφαίρεσις,
566 4999 704 5071 μήτε
718 4999 1003 5071 προσθήκη
1024 5002 1087 5069 τῇ
1111 4999 1284 5071 χωρία
1317 5000 1427 5070 (66)
1458 5000 1567 5052 τῶν
1596 5000 1811 5073 ἄστρων

223 5088 471 5157 γέγονεν,
490 5089 713 5151 ἄκοντες
728 5088 963 5159 ὀμολογή
974 5105 1158 5152 σωσιν,
1184 5090 1284 5142 οὐκ
1299 5088 1362 5142 ἐκ
1378 5106 1524 5153 τινος
1540 5090 1811 5161 εἱμαρμέ-

224 5197 321 5249 νης
348 5180 383 5251 ἢ
418 5180 681 5250 ἀνάγκης,
716 5180 964 5251 ἁρετὴνῆ
990 5180 1187 5233 κακίαν
1240 5180 1656 5252 ἐμϐιοτεύεσθαι
1680 5182 1715 5251 ἦ
1733 5183 1813 5235 at-

240 5270 596 5341 ρείσθαι,ὰλλ’
617 5272 682 5325 ἐκ
694 5273 794 5343 τῆς
808 5272 1040 5325 ἑκάστου
1059 5274 1186 5326 αὖτε
1194 5259 1285 5338 ξὸυ
1293 5272 1409 5325 σίου
1440 5274 1810 5346 προαιρέσεως

235 5363 330 5417 ἐπὶ
371 5363 661 5433 αἱρεθέντα
708 5364 1031 5436 χωροῦντος.
1070 5364 1251 5434 Ὅπερ
1296 5365 1483 5434 σαφῶς
1528 5367 1557 5420 ὁ
1611 5365 1813 5438 ὑψηλὸς

228 5454 517 5528 παριστῶν
560 5455 788 5520 Ἡσαΐας
820 5455 1118 5527 διαρρήδην
1150 5456 1247 5527 βοᾷ
1287 5456 1354 5510 ἐκ
1392 5455 1687 5528 προσώπου
1717 5456 1811 5510 τοῦ

298 5633 414 5703 (Μ)
448 5634 846 5704 Ῥυπήμονας.
876 5635 1181 5691 Cotclerius
1234 5634 1473 5690 Monum.
1535 5634 1679 5690 Eccl.
1719 5633 1809 5690 Cr.

227 5710 360 5777 t_om.
382 5704 470 5768 III,
507 5720 627 5774 pag.
655 5707 779 5772 660,
803 5707 1056 5777 rescribit
1087 5707 1436 5777 ρυπείμονας.
1457 5707 1547 5759 Sic,
1591 5715 1644 5758 tt
1675 5707 1814 5760 iulia

236 5770 694 5845 InterrogXCeVIll
724 5770 821 5847 pro
857 5770 1173 5848 ρυπώμοσιν
1207 5770 1334 5848 legit
1369 5777 1709 5846 ρυπείμοσιν.

1587 305 1934 366 υιιωουδ
1989 311 2054 367 ll.

3398 320 3507 380 νου

1934 435 2219 504 potestatis
2249 435 2489 491 motibus
2522 436 2727 490 utentia
2762 456 2774 492 :
2808 436 2859 492 id
2893 436 3037 507 quod
3067 445 3322 495 extremm
3352 438 3505 495 insa-

1930 528 2034 581 nia:
2076 537 2237 597 atque
2278 527 2566 584 dementiae
2609 529 2793 591 fuerit,
2840 544 2963 583 cum
3009 529 3341 600 blasphemia
3373 546 3505 586 con—

1922 616 2173 685 junctum
2209 617 2440 687 opificis,
2464 627 2665 674 etcum
2702 619 3078 674 mendaeio~de
3105 620 3437 677 inanimatis.

1997 706 2283 774 Quomodo
2310 718 2513 771 autem,
2555 709 2647 778 qui
2680 708 2745 764 ad
2784 709 3019 765 Arietem
3063 725 3221 765 suam
3244 711 3507 765 nativita-

1928 805 2035 852 tem
2068 797 2336 860 referunt,
2367 798 2534 866 crispi
2561 808 2615 852 et
2648 800 2898 866 gratiosi,
2929 808 2983 854 et
3018 800 3205 855 libera:
3251 801 3507 858 volunta-

1928 888 2019 950 tis;
2052 896 2106 941 et
2135 886 2333 941 divites
2356 887 2530 942 sunt?
2558 886 2823 943 Videmus
2853 890 3055 943 multos
3074 890 3297 958 quidem
3331 891 3504 946 crini-

1925 978 2029 1033 bus
2061 978 2283 1048 crispis,
2321 978 2413 1047 qui
2448 986 2628 1032 tamen
2666 979 2798 1032 eieci
2828 989 2957 1033 sunt
2987 990 3041 1033 et
3092 979 3319 1035 minime
3369 981 3504 1035 divi-

1924 1076 2029 1131 tes,
2064 1084 2243 1140 neque
2278 1069 2449 1124 libera
2481 1070 2690 1139 praediti
2748 1069 3053 1123 voluntatis
3075 1070 3363 1135 electione,
3403 1072 3503 1126 sed

1924 1160 2179 1229 improbi,
2211 1160 2278 1214 ad
2313 1167 2580 1230 quaestum
2614 1159 2919 1214 faciendum
2951 1162 3142 1230 inepti.
3180 1171 3234 1215 et
3265 1161 3495 1222 sordidi.

1921 1258 1976 1305 et
2012 1249 2268 1320 pannosi,
2297 1249 2819 1311 etcircumforauei,
2859 1249 2950 1319 qui
2979 1250 3208 1319 januam
3253 1265 3379 1305 cum
3414 1251 3501 1321 rja-

1920 1357 2032 1396 nua
2065 1349 2277 1396 mutant
2307 1342 2609 1410 quotidiani
2657 1341 2836 1395 victus
2895 1341 3235 1410 adipiscendi
3298 1342 3498 1410 gratia.

1921 1434 2210 1500 Quomodo
2238 1442 2418 1487 autem
2451 1433 2543 1500 qui
2599 1431 2736 1485 calvi
2794 1439 2944 1497 sunt,
3000 1431 3082 1485 vel
3131 1430 3298 1484 etiam
3345 1431 3501 1486 crine

1919 1524 2155 1594 simplici
2187 1531 2284 1577 aut
2316 1522 2508 1577 hebete
2535 1522 2677 1584 visu,
2710 1522 2985 1576 diversum
3013 1522 3235 1584 habent,
3267 1521 3493 1576 divitias

1917 1618 2178 1672 nimirum
2206 1624 2261 1670 et
2294 1614 2682 1668 abundantiam
2706 1621 2870 1683 atque
2897 1614 3163 1682 quietem,
3199 1630 3328 1668 raro
3360 1630 3486 1668 cum

1920 1708 2113 1762 amicis
2135 1706 2561 1777 consanguineis
2577 1706 3032 1776 congredientes?
3051 1705 3278 1771 Quoties
3302 1715 3486 1760 autem

1919 1799 2008 1854 die
2045 1799 2126 1854 vel
2193 1808 2355 1853 nocte
2408 1799 2679 1867 regiarum
2725 1798 3072 1851 nativitatum
3136 1798 3501 1867 perﬁciuntur

1920 1890 2295 1959 ﬁgurationes,
2318 1903 2490 1958 quare
2522 1903 2628 1941 non
2646 1888 2889 1957 qualibet
2920 1888 3040 1941 vice
3069 1904 3226 1958 reges
3253 1903 3499 1943 nascun—

1917 1964 2039 2034 tur?
2067 1979 2178 2035 Aut
2211 1980 2488 2050 quomodo
2534 1979 2723 2049 patrize
2777 1978 2911 2048 ipsis
2954 1979 3305 2035 intercedunt
3342 1979 3497 2050 regni

1915 2068 2637 2126 successiones?Nimirum
2666 2084 2773 2121 non
2805 2068 2985 2136 quivis
3022 2084 3117 2123 rex
3163 2072 3366 2140 regiam
3407 2083 3497 2123 as-

1915 2171 2126 2216 trorum
2201 2160 2577 2233 ﬁgurationem
2638 2176 2734 2231 per
2777 2162 2984 2216 coitum
3039 2176 3164 2215 cum
3233 2169 3497 2214 consorte

1914 2254 2044 2315 tori,
2097 2253 2208 2308 tilio
2275 2253 2655 2323 applicandam
2717 2253 3014 2308 observare
3060 2252 3258 2322 potuit.
3305 2249 3497 2320 Neque

1912 2344 2057 2397 enim
2097 2344 2387 2413 quisquam
2419 2358 2537 2398 eam
2577 2358 2690 2398 rem
2718 2342 2882 2398 habet
2921 2343 2975 2396 in
3042 2350 3310 2413 potestate
3369 2356 3491 2395 sua.

1912 2433 2201 2500 Quomodo
2236 2435 2405 2504 igitur
2434 2433 2596 2489 Ozias
2627 2450 2719 2488 rex
2772 2436 2962 2503 genuit
3005 2434 3360 2486 .Ioathamum
3406 2446 3491 2483 re-

1909 2542 2054 2596 gem,
2089 2525 2417 2580 Joathamus
2456 2540 2586 2580 vero
2637 2525 2943 2587 Achazum,
2993 2524 3247 2576 Acbazus
3305 2530 3491 2575 autem

1915 2618 2245 2672 Ezechiam?
2274 2617 2373 2672 llic
2420 2632 2549 2670 vero
2599 2614 2930 2678 Mauassem,
2992 2623 3046 2669 et
3109 2617 3157 2669 is
3205 2615 3489 2673 Amosum,

1912 2710 2001 2762 ille
2036 2724 2164 2763 vero
2191 2706 2422 2766 Josiam,
2458 2708 2547 2761 hic
2582 2716 2766 2761 autem
2806 2705 3161 2768 .loachasum,
3198 2704 3493 2774 unusquis-

1909 2817 2016 2870 que
2050 2814 2141 2854 rex
2185 2800 2407 2870 regem?
2435 2809 2490 2854 et
2525 2799 2747 2870 quidem
2798 2801 2983 2853 nullus
3042 2813 3234 2853 eorum
3270 2798 3324 2851 in
3373 2811 3491 2851 ser-

1910 2892 2069 2946 vilem
2107 2892 2413 2946 nativitatis
2447 2891 2637 2945 horam
2671 2892 2885 2946 incidit.
2944 2891 3153 2946 Deinde
3177 2891 3222 2946 si
3259 2889 3487 2944 vitiosa-

1909 2996 2028 3034 rum
2060 2988 2114 3035 et
2149 2982 2334 3034 virtuti
2359 2990 2857 3036 eonsentauearum
2917 2982 3194 3035 actionum
3253 2994 3361 3033 non
3421 2994 3488 3034 ex

1910 3071 2072 3126 nobis
2133 3072 2399 3141 principia
2460 3074 2721 3142 pendent,
2788 3073 2885 3128 sed
2937 3088 3001 3127 ex
3065 3070 3492 3129 necessitatibus

1913 3164 2218 3219 nativitatis
2258 3182 2271 3218 :
2306 3163 2573 3233 superilni
2610 3174 2743 3220 sunt
2780 3167 2958 3235 legum
3001 3164 3205 3218 latores
3236 3161 3328 3231 qui
3364 3176 3489 3216 sec-

1910 3256 2073 3308 tanda
2099 3255 2467 3326 fugiendaque
2497 3257 2657 3312 nobis
2687 3257 2980 3319 deﬁniunt,
3026 3253 3289 3323 superﬂui
3342 3250 3494 3321 judi-

1907 3350 2019 3405 ces,
2046 3347 2139 3416 qui
2167 3348 2425 3403 virtutem
2458 3349 2678 3419 quidem
2735 3349 3034 3412 honorant,
3080 3346 3490 3417 improbitatem

1905 3453 2038 3491 vero
2068 3439 2323 3506 puniunt.
2357 3437 2541 3508 Neque
2570 3441 2715 3495 enim
2760 3440 2900 3496 furis
2935 3449 3028 3495 attt
3086 3438 3374 3492 homicidae
3426 3451 3491 3490 ea

1909 3525 2114 3594 injuria
2158 3539 2264 3593 est,
2298 3531 2389 3597 qui
2422 3529 2732 3598 nequidem,
2760 3531 2804 3584 si
2840 3531 3028 3610 velint,
3071 3544 3292 3582 manum
3331 3527 3490 3580 cohi-

1817 3654 1832 3678 ο
1872 3624 2145 3672 astrorum
2195 3619 2402 3690 legem,
2437 3629 2491 3675 et
2524 3631 2746 3691 propter
2788 3620 3097 3690 impositam
3142 3619 3245 3673 sibi
3280 3633 3347 3672 ex
3380 3619 3491 3671 l'ato

1983 3815 2254 3871 Rcl‘utabo
2282 3825 2460 3872 autem
2493 3817 2643 3886 ipsos
2676 3815 2840 3871 etiam
2877 3831 2941 3870 ex
2972 3812 3364 3869 universalium
3398 3825 3487 3864 re-

1912 3924 2034 3963 rum
2062 3887 2379 3963 mutatione.
2396 3905 2531 3962 Nam
2552 3922 2676 3961 cum
2691 3912 2818 3959 ante
2831 3903 3125 3959 adventum
3144 3899 3314 3958 divini
3340 3902 3491 3957 illius

1916 4000 2153 4054 hominis
2190 4015 2383 4054 omnes
2423 4007 2611 4069 gentes
2652 3996 2823 4052 cultui
2866 4006 3139 4053 astrorum
3171 3994 3366 4049 dedita:
3400 4007 3490 4046 es-

1911 4100 2031 4147 sent
2064 4100 2115 4146 et
2161 4091 2216 4145 in
2252 4091 2399 4144 onmi
2434 4089 2741 4143 incederent
2803 4088 3100 4158 impietate,
3143 4096 3262 4156 post
3301 4098 3491 4139 acces-

1912 4197 2031 4237 sum
2075 4180 2242 4234 divini
2281 4180 2539 4240 hominis,
2593 4194 2688 4248 per
2734 4179 3103 4248 evangelicam
3154 4174 3489 4244 pitedicatiu-

1912 4289 2059 4336 nem,
2106 4272 2172 4325 ad
2207 4271 2459 4342 pietatem
2499 4271 2638 4325 facta
2679 4271 2930 4325 transitio
2960 4277 3066 4332 est,
3110 4268 3335 4322 atnolito
3367 4264 3491 4335 qui-

1911 4365 2031 4419 dem
2059 4379 2265 4426 errore,
2300 4363 2501 4416 virtute
2532 4370 2713 4415 autem
2760 4363 2812 4415 in
2852 4362 3026 4431 pretio
3058 4360 3262 4419 habita,
3294 4357 3486 4412 eodem

1914 4465 2187 4508 astrorqu
2219 4464 2470 4507 manente
2500 4469 2621 4506 cum
2655 4462 2879 4523 aSpet-tu
2914 4459 3025 4503 tum
3056 4448 3443 4504 constitutione
3474 4465 3488 4501 :

1913 4560 1978 4599 ex
2023 4541 2262 4606 Cra-cis,
2314 4550 2369 4597 et
2411 4540 2644 4608 Judteis,
2689 4551 2741 4597 et
2791 4541 3043 4612 gentibus
3077 4539 3492 4610 quamplurimis

1911 4635 2226 4696 conversis,
2268 4643 2320 4688 et
2360 4633 2581 4689 Christo
2616 4634 2910 4701 adjunctis.
2948 4630 3048 4685 Ubi
3087 4632 3249 4701 igitur
3285 4630 3492 4698 priores

1911 4728 2102 4788 steliw,
2135 4742 2255 4795 quae
2282 4727 2549 4795 cegebaut
2572 4734 2695 4778 ante
2731 4724 2866 4777 idola
2893 4724 3209 4790 suppliciter
3240 4736 3489 4788 procum-

1911 4818 2077 4872 bere?
2110 4818 2206 4872 Ubi
2254 4818 2467 4872 latitare
2500 4817 2842 4880 \idehantur,
2874 4830 2993 4884 qua:
3027 4830 3170 4867 nunc
3211 4811 3277 4866 ad
3324 4813 3486 4881 pieta~

1911 4918 2018 4963 tem
2048 4909 2198 4979 ipsos
2223 4910 2577 4978 pertrahunt?
2600 4909 2653 4961 Si
2676 4924 2806 4961 vero
2834 4923 3007 4974 neque
3027 4905 3492 4974 ademptioneth

1912 5000 2119 5052 additio
2162 5000 2368 5068 regioni
2417 5012 2688 5052 astrorum
2732 4998 2991 5066 contigit,
3038 4998 3119 5049 vel
3172 4996 3323 5048 inviti
3359 4995 3489 5048 fate-

1914 5090 2136 5149 buntur,
2171 5104 2280 5142 non
2311 5104 2377 5142 ex
2402 5082 2586 5157 aliquo
2622 5089 2730 5139 lato
2765 5086 2844 5139 vel
2878 5086 3204 5141 necessitate
3238 5087 3488 5138 virtutem

1912 5181 2384 5250 improhitatemve
2421 5180 2727 5233 viventibus
2770 5178 2933 5232 inseri
2981 5188 3074 5232 aut
3115 5178 3355 5242 decerni,
3393 5177 3489 5231 sed

1915 5289 1979 5328 ex
2013 5272 2444 5342 uniuscujusque
2479 5271 2644 5324 libera
2678 5270 2960 5339 potestatis
3001 5272 3265 5326 electione
3296 5285 3491 5321 unum-

1917 5383 2189 5438 quemque
2219 5384 2276 5421 se
2323 5365 2389 5418 ad
2433 5379 2498 5417 ca
2536 5378 2656 5434 qua:
2689 5362 2867 5433 elegit,
2914 5365 3181 5416 conferre.
3235 5358 3287 5412 Id
3340 5356 3487 5428 quod

1921 5459 2209 5513 manifeste
2232 5459 2466 5513 eximius
2495 5457 2789 5512 ostendens
2819 5455 3011 5519 Isaias,
3044 5454 3344 5508 luculenter
3373 5450 3491 5506 cla-

1920 5631 1931 5645 '
1992 5635 2127 5702 (εἰν)
2168 5632 2628 5701 Μετητιμῶντες.
2664 5630 2803 5696 Lege
2833 5630 2931 5698 μὲν
2957 5628 3242 5702 τιμῶντες.
3267 5627 3426 5686 Eutr.
3468 5653 3481 5663 ·

1994 5705 2104 5768 (liii)
2139 5703 2529 5757 Ποτνιεοτσσαι.
2563 5703 2719 5753 Ιθύιίιξ
2744 5703 3083 5753 ποτνιᾶσθαι.
3119 5701 3193 5754 In.

1998 5777 2108 5845 ((56)
2142 5776 2346 5843 Χωρίςι.
2382 5772 2542 5828 Forte
2572 5771 2779 5843 χορείᾳ.
2823 5769 2896 5831 ID.
