  <div class='ocr_page' id='page_1' title='image "/cluster/home/n/w/nwhite01/storage/ocr_20150623/38/hvd.32044069550002/503.png"; bbox 0 0 4048 6222; ppageno 0'>
   <div class='ocr_carea' id='block_1_1' title="bbox 505 286 603 345">
    <p class='ocr_par' dir='ltr' id='par_1_1' title="bbox 505 286 603 345">
     <span class='ocr_line' id='line_1_1' title="bbox 505 286 603 345; baseline -0.02 0"><span class='ocrx_word' id='word_1_1' title='bbox 505 286 603 345; x_wconf 68' lang='grc'><strong><em>991</em></strong></span> 
     </span>
    </p>
   </div>
   <div class='ocr_carea' id='block_1_2' title="bbox 508 382 2082 470">
    <p class='ocr_par' dir='ltr' id='par_1_2' title="bbox 508 382 2082 470">
     <span class='ocr_line' id='line_1_2' title="bbox 508 382 2082 470; baseline -0.004 -14"><span class='ocrx_word' id='word_1_2' title='bbox 508 409 622 456; x_wconf 88' lang='lat' dir='ltr'><strong><em>mat</em></strong></span> <span class='ocrx_word' id='word_1_3' title='bbox 649 400 704 456; x_wconf 86' lang='lat' dir='ltr'><strong><em>in</em></strong></span> <span class='ocrx_word' id='word_1_4' title='bbox 729 398 1128 470; x_wconf 83' lang='lat' dir='ltr'><strong><em>personaDei:</em></strong></span> <span class='ocrx_word' id='word_1_5' title='bbox 1162 399 1223 453; x_wconf 79' lang='lat' dir='ltr'><strong><em>Si</em></strong></span> <span class='ocrx_word' id='word_1_6' title='bbox 1275 401 1545 454; x_wconf 69' lang='lat' dir='ltr'><strong><em>volueritis</em></strong></span> <span class='ocrx_word' id='word_1_7' title='bbox 1574 413 1622 455; x_wconf 84' lang='lat' dir='ltr'><strong><em>et</em></strong></span> <span class='ocrx_word' id='word_1_8' title='bbox 1653 382 2082 454; x_wconf 73' lang='lat' dir='ltr'><strong><em>iruscultavcritis</em></strong></span> 
     </span>
    </p>
   </div>
   <div class='ocr_carea' id='block_1_3' title="bbox 509 491 2086 561">
    <p class='ocr_par' dir='ltr' id='par_1_3' title="bbox 509 491 2086 561">
     <span class='ocr_line' id='line_1_3' title="bbox 509 491 2086 561; baseline -0.001 -17"><span class='ocrx_word' id='word_1_9' title='bbox 509 491 656 555; x_wconf 79' lang='lat' dir='ltr'><strong><em>mihi,</em></strong></span> <span class='ocrx_word' id='word_1_10' title='bbox 692 492 826 545; x_wconf 83' lang='lat' dir='ltr'><strong><em>bona</em></strong></span> <span class='ocrx_word' id='word_1_11' title='bbox 858 501 1016 545; x_wconf 75' lang='lat' dir='ltr'><strong><em>terra:</em></strong></span> <span class='ocrx_word' id='word_1_12' title='bbox 1039 492 1352 554; x_wconf 75' lang='lat' dir='ltr'><strong><em>comedetis;</em></strong></span> <span class='ocrx_word' id='word_1_13' title='bbox 1376 494 1422 545; x_wconf 86' lang='lat' dir='ltr'><strong><em>si</em></strong></span> <span class='ocrx_word' id='word_1_14' title='bbox 1454 509 1571 546; x_wconf 83' lang='lat' dir='ltr'><strong><em>vero</em></strong></span> <span class='ocrx_word' id='word_1_15' title='bbox 1601 493 1902 556; x_wconf 75' lang='lat' dir='ltr'><strong><em>nolueritis,</em></strong></span> <span class='ocrx_word' id='word_1_16' title='bbox 1927 505 2086 561; x_wconf 79' lang='lat' dir='ltr'><strong><em>neque</em></strong></span> 
     </span>
    </p>
   </div>
   <div class='ocr_carea' id='block_1_4' title="bbox 509 582 2085 654">
    <p class='ocr_par' dir='ltr' id='par_1_4' title="bbox 509 582 2085 654">
     <span class='ocr_line' id='line_1_4' title="bbox 509 582 2085 654; baseline 0.003 -21"><span class='ocrx_word' id='word_1_17' title='bbox 509 582 938 636; x_wconf 79' lang='lat' dir='ltr'><strong><em>nuscultaveritis</em></strong></span> <span class='ocrx_word' id='word_1_18' title='bbox 967 584 1118 648; x_wconf 77' lang='lat' dir='ltr'><strong><em>milii,</em></strong></span> <span class='ocrx_word' id='word_1_19' title='bbox 1168 585 1378 654; x_wconf 77' lang='lat' dir='ltr'><strong><em>gladius</em></strong></span> <span class='ocrx_word' id='word_1_20' title='bbox 1414 602 1498 642; x_wconf 78' lang='lat' dir='ltr'><strong><em>vos</em></strong></span> <span class='ocrx_word' id='word_1_21' title='bbox 1528 584 1800 640; x_wconf 81' lang='lat' dir='ltr'><strong><em>devorabil</em></strong></span> <span class='ocrx_word' id='word_1_22' title='bbox 1827 601 1842 639; x_wconf 91' lang='lat'><em>:</em></span> <span class='ocrx_word' id='word_1_23' title='bbox 1872 601 1994 638; x_wconf 84' lang='lat' dir='ltr'><strong><em>nam</em></strong></span> <span class='ocrx_word' id='word_1_24' title='bbox 2027 601 2085 638; x_wconf 80' lang='lat' dir='ltr'><strong><em>os</em></strong></span> 
     </span>
    </p>
   </div>
   <div class='ocr_carea' id='block_1_5' title="bbox 507 670 2087 744">
    <p class='ocr_par' dir='ltr' id='par_1_5' title="bbox 507 670 2087 744">
     <span class='ocr_line' id='line_1_5' title="bbox 507 670 2087 744; baseline 0.004 -22"><span class='ocrx_word' id='word_1_25' title='bbox 507 670 725 725; x_wconf 81' lang='lat' dir='ltr'><strong><em>Domini</em></strong></span> <span class='ocrx_word' id='word_1_26' title='bbox 771 673 1002 726; x_wconf 83' lang='lat' dir='ltr'><strong><em>locutum</em></strong></span> <span class='ocrx_word' id='word_1_27' title='bbox 1032 683 1109 728; x_wconf 77' lang='lat' dir='ltr'><strong><em>est</em></strong></span> <span class='ocrx_word' id='word_1_28' title='bbox 1143 675 1247 728; x_wconf 83' lang='lat' dir='ltr'><strong><em>ista</em></strong></span> <span class='ocrx_word' id='word_1_29' title='bbox 1282 674 1349 732; x_wconf 61' lang='grc'><strong><em>⁸⁸⁸.</em></strong></span> <span class='ocrx_word' id='word_1_30' title='bbox 1400 673 1519 744; x_wconf 73' lang='lat' dir='ltr'><strong><em>Ipse</em></strong></span> <span class='ocrx_word' id='word_1_31' title='bbox 1549 690 1678 732; x_wconf 87' lang='lat' dir='ltr'><strong><em>vero</em></strong></span> <span class='ocrx_word' id='word_1_32' title='bbox 1709 675 1762 728; x_wconf 92' lang='lat' dir='ltr'><strong><em>in</em></strong></span> <span class='ocrx_word' id='word_1_33' title='bbox 1797 673 2087 744; x_wconf 79' lang='lat' dir='ltr'><strong><em>Evangelia</em></strong></span> 
     </span>
    </p>
   </div>
   <div class='ocr_carea' id='block_1_6' title="bbox 510 763 2089 835">
    <p class='ocr_par' dir='ltr' id='par_1_6' title="bbox 510 763 2089 835">
     <span class='ocr_line' id='line_1_6' title="bbox 510 763 2089 835; baseline 0.004 -21"><span class='ocrx_word' id='word_1_34' title='bbox 510 765 845 818; x_wconf 81' lang='lat' dir='ltr'><strong><em>eoneiouans</em></strong></span> <span class='ocrx_word' id='word_1_35' title='bbox 875 763 1136 820; x_wconf 86' lang='lat' dir='ltr'><strong><em>Dominus</em></strong></span> <span class='ocrx_word' id='word_1_36' title='bbox 1170 767 1345 835; x_wconf 89' lang='lat' dir='ltr'><strong><em>inquit</em></strong></span> <span class='ocrx_word' id='word_1_37' title='bbox 1372 785 1384 821; x_wconf 87' lang='lat'>:</span> <span class='ocrx_word' id='word_1_38' title='bbox 1417 766 1810 835; x_wconf 79' lang='lat' dir='ltr'><strong><em>Hierosolyma,</em></strong></span> <span class='ocrx_word' id='word_1_39' title='bbox 1841 765 2089 820; x_wconf 75' lang='lat' dir='ltr'><strong><em>Hieroso-</em></strong></span> 
     </span>
    </p>
   </div>
   <div class='ocr_carea' id='block_1_7' title="bbox 510 849 2088 922">
    <p class='ocr_par' dir='ltr' id='par_1_7' title="bbox 510 849 2088 922">
     <span class='ocr_line' id='line_1_7' title="bbox 510 849 2088 922; baseline 0.001 -21"><span class='ocrx_word' id='word_1_40' title='bbox 510 851 676 916; x_wconf 73' lang='lat' dir='ltr'><strong><em>lyma,</em></strong></span> <span class='ocrx_word' id='word_1_41' title='bbox 711 869 826 918; x_wconf 77' lang='lat' dir='ltr'><strong><em>qua:</em></strong></span> <span class='ocrx_word' id='word_1_42' title='bbox 873 852 1069 907; x_wconf 79' lang='lat' dir='ltr'><strong><em>occidis</em></strong></span> <span class='ocrx_word' id='word_1_43' title='bbox 1108 854 1411 922; x_wconf 81' lang='lat' dir='ltr'><strong><em>prophetas,</em></strong></span> <span class='ocrx_word' id='word_1_44' title='bbox 1447 863 1496 906; x_wconf 83' lang='lat' dir='ltr'><strong><em>et</em></strong></span> <span class='ocrx_word' id='word_1_45' title='bbox 1529 853 1742 922; x_wconf 78' lang='lat' dir='ltr'><strong><em>lapides</em></strong></span> <span class='ocrx_word' id='word_1_46' title='bbox 1772 869 1859 907; x_wconf 81' lang='lat' dir='ltr'><strong><em>eos</em></strong></span> <span class='ocrx_word' id='word_1_47' title='bbox 1899 852 1989 922; x_wconf 86' lang='lat' dir='ltr'><strong><em>qui</em></strong></span> <span class='ocrx_word' id='word_1_48' title='bbox 2019 849 2088 904; x_wconf 85' lang='lat' dir='ltr'><strong><em>ad</em></strong></span> 
     </span>
    </p>
   </div>
   <div class='ocr_carea' id='block_1_8' title="bbox 513 940 2086 1014">
    <p class='ocr_par' dir='ltr' id='par_1_8' title="bbox 513 940 2086 1014">
     <span class='ocr_line' id='line_1_8' title="bbox 513 940 2086 1014; baseline 0.002 -23"><span class='ocrx_word' id='word_1_49' title='bbox 513 951 560 992; x_wconf 81' lang='lat' dir='ltr'><strong><em>te</em></strong></span> <span class='ocrx_word' id='word_1_50' title='bbox 593 943 740 993; x_wconf 75' lang='lat' dir='ltr'><strong><em>missi</em></strong></span> <span class='ocrx_word' id='word_1_51' title='bbox 777 952 923 1005; x_wconf 81' lang='lat' dir='ltr'><strong><em>sunt,</em></strong></span> <span class='ocrx_word' id='word_1_52' title='bbox 957 943 1329 1010; x_wconf 75' lang='lat' dir='ltr'><strong><em>quotiesvolui</em></strong></span> <span class='ocrx_word' id='word_1_53' title='bbox 1357 959 1673 1014; x_wconf 84' lang='lat' dir='ltr'><strong><em>congregare</em></strong></span> <span class='ocrx_word' id='word_1_54' title='bbox 1710 959 1798 995; x_wconf 78' lang='lat' dir='ltr'><strong><em>vos</em></strong></span> <span class='ocrx_word' id='word_1_55' title='bbox 1837 940 1934 994; x_wconf 81' lang='lat' dir='ltr'><strong><em>sub</em></strong></span> <span class='ocrx_word' id='word_1_56' title='bbox 1968 940 2086 994; x_wconf 86' lang='lat' dir='ltr'><strong><em>alas</em></strong></span> 
     </span>
    </p>
   </div>
   <div class='ocr_carea' id='block_1_9' title="bbox 516 1033 2086 1105">
    <p class='ocr_par' dir='ltr' id='par_1_9' title="bbox 516 1033 2086 1105">
     <span class='ocr_line' id='line_1_9' title="bbox 516 1033 2086 1105; baseline 0.003 -22"><span class='ocrx_word' id='word_1_57' title='bbox 516 1049 679 1084; x_wconf 84' lang='lat' dir='ltr'><strong><em>meas.</em></strong></span> <span class='ocrx_word' id='word_1_58' title='bbox 713 1033 1152 1100; x_wconf 79' lang='lat' dir='ltr'><strong><em>quemadmodum</em></strong></span> <span class='ocrx_word' id='word_1_59' title='bbox 1180 1035 1385 1104; x_wconf 85' lang='lat' dir='ltr'><strong><em>gallina</em></strong></span> <span class='ocrx_word' id='word_1_60' title='bbox 1425 1042 1704 1105; x_wconf 76' lang='lat' dir='ltr'><strong><em>congregat</em></strong></span> <span class='ocrx_word' id='word_1_61' title='bbox 1732 1033 1906 1102; x_wconf 81' lang='lat' dir='ltr'><strong><em>pullos</em></strong></span> <span class='ocrx_word' id='word_1_62' title='bbox 1939 1050 2086 1100; x_wconf 72' lang='lat' dir='ltr'><strong><em>suos,</em></strong></span> 
     </span>
    </p>
   </div>
   <div class='ocr_carea' id='block_1_10' title="bbox 512 1125 2087 1197">
    <p class='ocr_par' dir='ltr' id='par_1_10' title="bbox 512 1125 2087 1197">
     <span class='ocr_line' id='line_1_10' title="bbox 512 1125 2087 1197; baseline 0.005 -21"><span class='ocrx_word' id='word_1_63' title='bbox 512 1136 559 1176; x_wconf 81' lang='lat' dir='ltr'><strong><em>et</em></strong></span> <span class='ocrx_word' id='word_1_64' title='bbox 579 1125 826 1179; x_wconf 75' lang='lat' dir='ltr'><strong><em>noluistis</em></strong></span> <span class='ocrx_word' id='word_1_65' title='bbox 842 1127 919 1180; x_wconf 70' lang='lat'><strong><em>“1</em></strong></span> <span class='ocrx_word' id='word_1_66' title='bbox 947 1127 1021 1180; x_wconf 72' lang='lat' dir='ltr'><strong><em>Ad</em></strong></span> <span class='ocrx_word' id='word_1_67' title='bbox 1040 1129 1374 1182; x_wconf 79' lang='lat' dir='ltr'><strong><em>voluntatem</em></strong></span> <span class='ocrx_word' id='word_1_68' title='bbox 1396 1127 2087 1197; x_wconf 67' lang='lat' dir='ltr'><strong><em>uniuSi-ujusquereferens</em></strong></span> 
     </span>
    </p>
   </div>
   <div class='ocr_carea' id='block_1_11' title="bbox 513 1217 2086 1285">
    <p class='ocr_par' dir='ltr' id='par_1_11' title="bbox 513 1217 2086 1285">
     <span class='ocr_line' id='line_1_11' title="bbox 513 1217 2086 1285; baseline 0.003 -17"><span class='ocrx_word' id='word_1_69' title='bbox 513 1218 789 1283; x_wconf 83' lang='lat' dir='ltr'><strong><em>sequenda</em></strong></span> <span class='ocrx_word' id='word_1_70' title='bbox 819 1225 912 1270; x_wconf 87' lang='lat' dir='ltr'><strong><em>aut</em></strong></span> <span class='ocrx_word' id='word_1_71' title='bbox 944 1217 1184 1285; x_wconf 81' lang='lat' dir='ltr'><strong><em>vitanda,</em></strong></span> <span class='ocrx_word' id='word_1_72' title='bbox 1224 1227 1277 1273; x_wconf 87' lang='lat' dir='ltr'><strong><em>et</em></strong></span> <span class='ocrx_word' id='word_1_73' title='bbox 1324 1233 1432 1274; x_wconf 91' lang='lat' dir='ltr'><strong><em>non</em></strong></span> <span class='ocrx_word' id='word_1_74' title='bbox 1475 1221 1540 1272; x_wconf 85' lang='lat' dir='ltr'><strong><em>ad</em></strong></span> <span class='ocrx_word' id='word_1_75' title='bbox 1578 1219 1956 1274; x_wconf 80' lang='lat' dir='ltr'><strong><em>necessitatem</em></strong></span> <span class='ocrx_word' id='word_1_76' title='bbox 1993 1217 2086 1272; x_wconf 89' lang='lat' dir='ltr'><strong><em>fati</em></strong></span> 
     </span>
    </p>
   </div>
   <div class='ocr_carea' id='block_1_12' title="bbox 511 1308 2088 1382">
    <p class='ocr_par' dir='ltr' id='par_1_12' title="bbox 511 1308 2088 1382">
     <span class='ocr_line' id='line_1_12' title="bbox 511 1308 2088 1382; baseline 0.006 -24"><span class='ocrx_word' id='word_1_77' title='bbox 511 1316 605 1359; x_wconf 86' lang='lat' dir='ltr'><strong><em>aut</em></strong></span> <span class='ocrx_word' id='word_1_78' title='bbox 636 1308 769 1376; x_wconf 79' lang='lat' dir='ltr'><strong><em>legis</em></strong></span> <span class='ocrx_word' id='word_1_79' title='bbox 797 1320 1090 1364; x_wconf 83' lang='lat' dir='ltr'><strong><em>astrorum.</em></strong></span> <span class='ocrx_word' id='word_1_80' title='bbox 1125 1309 1241 1364; x_wconf 86' lang='lat' dir='ltr'><strong><em>Non</em></strong></span> <span class='ocrx_word' id='word_1_81' title='bbox 1289 1312 1435 1366; x_wconf 90' lang='lat' dir='ltr'><strong><em>enim</em></strong></span> <span class='ocrx_word' id='word_1_82' title='bbox 1477 1323 1791 1382; x_wconf 75' lang='lat' dir='ltr'><strong><em>peccatores</em></strong></span> <span class='ocrx_word' id='word_1_83' title='bbox 1823 1327 1924 1367; x_wconf 88' lang='lat' dir='ltr'><strong><em>nos</em></strong></span> <span class='ocrx_word' id='word_1_84' title='bbox 1967 1326 2088 1367; x_wconf 89' lang='lat' dir='ltr'><strong><em>esse</em></strong></span> 
     </span>
    </p>
   </div>
   <div class='ocr_carea' id='block_1_13' title="bbox 512 1397 1887 1473">
    <p class='ocr_par' dir='ltr' id='par_1_13' title="bbox 512 1397 1887 1473">
     <span class='ocr_line' id='line_1_13' title="bbox 512 1397 1887 1473; baseline 0.007 -25"><span class='ocrx_word' id='word_1_85' title='bbox 512 1397 753 1465; x_wconf 72' lang='lat' dir='ltr'><strong><em>duceret,</em></strong></span> <span class='ocrx_word' id='word_1_86' title='bbox 785 1402 829 1454; x_wconf 91' lang='lat' dir='ltr'><strong><em>si</em></strong></span> <span class='ocrx_word' id='word_1_87' title='bbox 863 1402 1079 1455; x_wconf 90' lang='lat' dir='ltr'><strong><em>illorum</em></strong></span> <span class='ocrx_word' id='word_1_88' title='bbox 1113 1401 1328 1457; x_wconf 88' lang='lat' dir='ltr'><strong><em>insidiis</em></strong></span> <span class='ocrx_word' id='word_1_89' title='bbox 1359 1418 1607 1458; x_wconf 87' lang='lat' dir='ltr'><strong><em>essemus</em></strong></span> <span class='ocrx_word' id='word_1_90' title='bbox 1631 1403 1887 1473; x_wconf 75' lang='lat' dir='ltr'><strong><em>expositi.</em></strong></span> 
     </span>
    </p>
   </div>
   <div class='ocr_carea' id='block_1_14' title="bbox 942 1581 1662 1637">
    <p class='ocr_par' dir='ltr' id='par_1_14' title="bbox 942 1581 1662 1637">
     <span class='ocr_line' id='line_1_14' title="bbox 942 1581 1662 1637; baseline 0 -3"><span class='ocrx_word' id='word_1_91' title='bbox 942 1581 1462 1637; x_wconf 73' lang='lat' dir='ltr'><strong><em>lNTEllROGATlO</em></strong></span> <span class='ocrx_word' id='word_1_92' title='bbox 1502 1581 1662 1636; x_wconf 83' lang='lat' dir='ltr'><strong><em>CXII.</em></strong></span> 
     </span>
    </p>
   </div>
   <div class='ocr_carea' id='block_1_15' title="bbox 583 1673 2087 1743">
    <p class='ocr_par' dir='ltr' id='par_1_15' title="bbox 583 1673 2087 1743">
     <span class='ocr_line' id='line_1_15' title="bbox 583 1673 2087 1743; baseline 0.003 -18"><span class='ocrx_word' id='word_1_93' title='bbox 583 1674 739 1738; x_wconf 86' lang='lat' dir='ltr'><strong><em>Quod</em></strong></span> <span class='ocrx_word' id='word_1_94' title='bbox 781 1673 825 1728; x_wconf 89' lang='lat' dir='ltr'><strong><em>si</em></strong></span> <span class='ocrx_word' id='word_1_95' title='bbox 858 1675 1006 1727; x_wconf 91' lang='lat' dir='ltr'><strong><em>nullo</em></strong></span> <span class='ocrx_word' id='word_1_96' title='bbox 1037 1676 1117 1729; x_wconf 91' lang='lat' dir='ltr'><strong><em>vel</em></strong></span> <span class='ocrx_word' id='word_1_97' title='bbox 1151 1675 1412 1729; x_wconf 78' lang='lat' dir='ltr'><strong><em>beneﬁcio</em></strong></span> <span class='ocrx_word' id='word_1_98' title='bbox 1448 1675 1528 1728; x_wconf 89' lang='lat' dir='ltr'><strong><em>vel</em></strong></span> <span class='ocrx_word' id='word_1_99' title='bbox 1576 1674 1774 1743; x_wconf 79' lang='lat' dir='ltr'><strong><em>injuria</em></strong></span> <span class='ocrx_word' id='word_1_100' title='bbox 1809 1690 1871 1729; x_wconf 77' lang='lat' dir='ltr'><strong><em>ex</em></strong></span> <span class='ocrx_word' id='word_1_101' title='bbox 1922 1676 2087 1729; x_wconf 85' lang='lat' dir='ltr'><strong><em>astris</em></strong></span> 
     </span>
    </p>
   </div>
   <div class='ocr_carea' id='block_1_16' title="bbox 512 1763 2087 1835">
    <p class='ocr_par' dir='ltr' id='par_1_16' title="bbox 512 1763 2087 1835">
     <span class='ocr_line' id='line_1_16' title="bbox 512 1763 2087 1835; baseline -0.001 -19"><span class='ocrx_word' id='word_1_102' title='bbox 512 1764 820 1818; x_wconf 66' lang='lat' dir='ltr'><strong><em>adliciuntur</em></strong></span> <span class='ocrx_word' id='word_1_103' title='bbox 848 1765 1119 1828; x_wconf 83' lang='lat' dir='ltr'><strong><em>homines,</em></strong></span> <span class='ocrx_word' id='word_1_104' title='bbox 1172 1764 1458 1835; x_wconf 59' lang='lat' dir='ltr'><strong><em>quomodo.</em></strong></span> <span class='ocrx_word' id='word_1_105' title='bbox 1494 1763 1844 1834; x_wconf 86' lang='lat' dir='ltr'><strong><em>Evangelium</em></strong></span> <span class='ocrx_word' id='word_1_106' title='bbox 1891 1763 2087 1817; x_wconf 87' lang='lat' dir='ltr'><strong><em>lunati-</em></strong></span> 
     </span>
    </p>
   </div>
   <div class='ocr_carea' id='block_1_17' title="bbox 511 1855 2093 1928">
    <p class='ocr_par' dir='ltr' id='par_1_17' title="bbox 511 1855 2093 1928">
     <span class='ocr_line' id='line_1_17' title="bbox 511 1855 2093 1928; baseline 0 -18"><span class='ocrx_word' id='word_1_107' title='bbox 511 1871 607 1911; x_wconf 92' lang='lat' dir='ltr'><strong><em>cos</em></strong></span> <span class='ocrx_word' id='word_1_108' title='bbox 631 1864 787 1911; x_wconf 87' lang='lat' dir='ltr'><strong><em>vocat</em></strong></span> <span class='ocrx_word' id='word_1_109' title='bbox 808 1856 1146 1928; x_wconf 81' lang='lat' dir='ltr'><strong><em>epilepticos,</em></strong></span> <span class='ocrx_word' id='word_1_110' title='bbox 1179 1865 1496 1926; x_wconf 79' lang='lat' dir='ltr'><strong><em>spumantes</em></strong></span> <span class='ocrx_word' id='word_1_111' title='bbox 1527 1864 1582 1911; x_wconf 89' lang='lat' dir='ltr'><strong><em>et</em></strong></span> <span class='ocrx_word' id='word_1_112' title='bbox 1608 1871 1732 1912; x_wconf 90' lang='lat' dir='ltr'><strong><em>sese</em></strong></span> <span class='ocrx_word' id='word_1_113' title='bbox 1757 1855 2093 1911; x_wconf 78' lang='lat' dir='ltr'><strong><em>lacerantes?</em></strong></span> 
     </span>
    </p>
   </div>
   <div class='ocr_carea' id='block_1_18' title="bbox 1145 2039 1451 2111">
    <p class='ocr_par' dir='ltr' id='par_1_18' title="bbox 1145 2039 1451 2111">
     <span class='ocr_line' id='line_1_18' title="bbox 1145 2039 1451 2111; baseline 0.003 -18"><span class='ocrx_word' id='word_1_114' title='bbox 1145 2039 1451 2111; x_wconf 75' lang='lat' dir='ltr'><strong><em>Responsio.</em></strong></span> 
     </span>
    </p>
   </div>
   <div class='ocr_carea' id='block_1_19' title="bbox 583 2129 2089 2204">
    <p class='ocr_par' dir='ltr' id='par_1_19' title="bbox 583 2129 2089 2204">
     <span class='ocr_line' id='line_1_19' title="bbox 583 2129 2089 2204; baseline 0.004 -22"><span class='ocrx_word' id='word_1_115' title='bbox 583 2129 877 2186; x_wconf 74' lang='lat' dir='ltr'><strong><em>[.unaticos</em></strong></span> <span class='ocrx_word' id='word_1_116' title='bbox 911 2140 1072 2186; x_wconf 87' lang='lat' dir='ltr'><strong><em>vocat</em></strong></span> <span class='ocrx_word' id='word_1_117' title='bbox 1123 2132 1424 2187; x_wconf 86' lang='lat' dir='ltr'><strong><em>secundum</em></strong></span> <span class='ocrx_word' id='word_1_118' title='bbox 1471 2133 1749 2204; x_wconf 78' lang='lat' dir='ltr'><strong><em>vulgarem</em></strong></span> <span class='ocrx_word' id='word_1_119' title='bbox 1793 2132 2089 2188; x_wconf 87' lang='lat' dir='ltr'><strong><em>multorum</em></strong></span> 
     </span>
    </p>
   </div>
   <div class='ocr_carea' id='block_1_20' title="bbox 509 2222 2086 2294">
    <p class='ocr_par' dir='ltr' id='par_1_20' title="bbox 509 2222 2086 2294">
     <span class='ocr_line' id='line_1_20' title="bbox 509 2222 2086 2294; baseline 0.001 -18"><span class='ocrx_word' id='word_1_120' title='bbox 509 2222 863 2285; x_wconf 87' lang='lat' dir='ltr'><strong><em>sententiam,</em></strong></span> <span class='ocrx_word' id='word_1_121' title='bbox 897 2223 989 2292; x_wconf 90' lang='lat' dir='ltr'><strong><em>qui</em></strong></span> <span class='ocrx_word' id='word_1_122' title='bbox 1027 2223 1078 2276; x_wconf 88' lang='lat' dir='ltr'><strong><em>id</em></strong></span> <span class='ocrx_word' id='word_1_123' title='bbox 1109 2222 1252 2294; x_wconf 91' lang='lat' dir='ltr'><strong><em>quod</em></strong></span> <span class='ocrx_word' id='word_1_124' title='bbox 1291 2224 1455 2277; x_wconf 85' lang='lat' dir='ltr'><strong><em>altius</em></strong></span> <span class='ocrx_word' id='word_1_125' title='bbox 1488 2230 1571 2278; x_wconf 83' lang='lat' dir='ltr'><strong><em>est</em></strong></span> <span class='ocrx_word' id='word_1_126' title='bbox 1591 2222 1792 2278; x_wconf 84' lang='lat' dir='ltr'><strong><em>audire</em></strong></span> <span class='ocrx_word' id='word_1_127' title='bbox 1820 2240 1928 2277; x_wconf 91' lang='lat' dir='ltr'><strong><em>non</em></strong></span> <span class='ocrx_word' id='word_1_128' title='bbox 1961 2241 2086 2293; x_wconf 62' lang='lat' dir='ltr'><strong><em>pose</em></strong></span> 
     </span>
    </p>
   </div>
   <div class='ocr_carea' id='block_1_21' title="bbox 509 2312 2094 2383">
    <p class='ocr_par' dir='ltr' id='par_1_21' title="bbox 509 2312 2094 2383">
     <span class='ocr_line' id='line_1_21' title="bbox 509 2312 2094 2383; baseline 0.002 -18"><span class='ocrx_word' id='word_1_129' title='bbox 509 2319 664 2365; x_wconf 86' lang='lat' dir='ltr'><strong><em>sunt.</em></strong></span> <span class='ocrx_word' id='word_1_130' title='bbox 693 2312 1147 2383; x_wconf 81' lang='lat' dir='ltr'><strong><em>Quandoquidem</em></strong></span> <span class='ocrx_word' id='word_1_131' title='bbox 1181 2315 1324 2368; x_wconf 89' lang='lat' dir='ltr'><strong><em>enim</em></strong></span> <span class='ocrx_word' id='word_1_132' title='bbox 1351 2314 1492 2367; x_wconf 85' lang='lat' dir='ltr'><strong><em>lunae</em></strong></span> <span class='ocrx_word' id='word_1_133' title='bbox 1520 2322 1574 2369; x_wconf 92' lang='lat' dir='ltr'><strong><em>et</em></strong></span> <span class='ocrx_word' id='word_1_134' title='bbox 1601 2314 1700 2370; x_wconf 90' lang='lat' dir='ltr'><strong><em>soli</em></strong></span> <span class='ocrx_word' id='word_1_135' title='bbox 1732 2322 1785 2369; x_wconf 91' lang='lat' dir='ltr'><strong><em>et</em></strong></span> <span class='ocrx_word' id='word_1_136' title='bbox 1811 2317 1975 2370; x_wconf 89' lang='lat' dir='ltr'><strong><em>astris</em></strong></span> <span class='ocrx_word' id='word_1_137' title='bbox 2005 2332 2094 2368; x_wconf 85' lang='lat' dir='ltr'><strong><em>ve-</em></strong></span> 
     </span>
    </p>
   </div>
   <div class='ocr_carea' id='block_1_22' title="bbox 513 2405 2092 2468">
    <p class='ocr_par' dir='ltr' id='par_1_22' title="bbox 513 2405 2092 2468">
     <span class='ocr_line' id='line_1_22' title="bbox 513 2405 2092 2468; baseline 0.003 -12"><span class='ocrx_word' id='word_1_138' title='bbox 513 2405 815 2458; x_wconf 84' lang='lat' dir='ltr'><strong><em>nerationis</em></strong></span> <span class='ocrx_word' id='word_1_139' title='bbox 841 2406 1044 2458; x_wconf 85' lang='lat' dir='ltr'><strong><em>cultum</em></strong></span> <span class='ocrx_word' id='word_1_140' title='bbox 1075 2405 1406 2460; x_wconf 79' lang='lat' dir='ltr'><strong><em>exhibebant</em></strong></span> <span class='ocrx_word' id='word_1_141' title='bbox 1432 2406 1682 2460; x_wconf 83' lang='lat' dir='ltr'><strong><em>homines</em></strong></span> <span class='ocrx_word' id='word_1_142' title='bbox 1722 2407 1870 2468; x_wconf 84' lang='lat' dir='ltr'><strong><em>vani,</em></strong></span> <span class='ocrx_word' id='word_1_143' title='bbox 1903 2409 2092 2462; x_wconf 82' lang='lat' dir='ltr'><strong><em>volens</em></strong></span> 
     </span>
    </p>
   </div>
   <div class='ocr_carea' id='block_1_23' title="bbox 511 2496 2088 2567">
    <p class='ocr_par' dir='ltr' id='par_1_23' title="bbox 511 2496 2088 2567">
     <span class='ocr_line' id='line_1_23' title="bbox 511 2496 2088 2567; baseline 0.003 -18"><span class='ocrx_word' id='word_1_144' title='bbox 511 2496 664 2565; x_wconf 89' lang='lat' dir='ltr'><strong><em>ipsos</em></strong></span> <span class='ocrx_word' id='word_1_145' title='bbox 695 2511 725 2548; x_wconf 90' lang='lat' dir='ltr'><strong><em>a</em></strong></span> <span class='ocrx_word' id='word_1_146' title='bbox 757 2511 853 2548; x_wconf 79' lang='lat' dir='ltr'><strong><em>sua</em></strong></span> <span class='ocrx_word' id='word_1_147' title='bbox 884 2505 1144 2567; x_wconf 81' lang='lat' dir='ltr'><strong><em>tanquam</em></strong></span> <span class='ocrx_word' id='word_1_148' title='bbox 1177 2497 1485 2567; x_wconf 89' lang='lat' dir='ltr'><strong><em>perniciosa</em></strong></span> <span class='ocrx_word' id='word_1_149' title='bbox 1523 2498 1780 2567; x_wconf 88' lang='lat' dir='ltr'><strong><em>opinione</em></strong></span> <span class='ocrx_word' id='word_1_150' title='bbox 1813 2514 2088 2562; x_wconf 85' lang='lat' dir='ltr'><strong><em>revocare,</em></strong></span> 
     </span>
    </p>
   </div>
   <div class='ocr_carea' id='block_1_24' title="bbox 510 2587 2089 2652">
    <p class='ocr_par' dir='ltr' id='par_1_24' title="bbox 510 2587 2089 2652">
     <span class='ocr_line' id='line_1_24' title="bbox 510 2587 2089 2652; baseline 0.002 -12"><span class='ocrx_word' id='word_1_151' title='bbox 510 2588 674 2640; x_wconf 83' lang='lat' dir='ltr'><strong><em>etiam</em></strong></span> <span class='ocrx_word' id='word_1_152' title='bbox 722 2587 1179 2642; x_wconf 63' lang='lat' dir='ltr'><strong><em>daamoniaeorum</em></strong></span> <span class='ocrx_word' id='word_1_153' title='bbox 1222 2605 1446 2643; x_wconf 82' lang='lat' dir='ltr'><strong><em>causam</em></strong></span> <span class='ocrx_word' id='word_1_154' title='bbox 1493 2591 1732 2644; x_wconf 85' lang='lat' dir='ltr'><strong><em>ostendit</em></strong></span> <span class='ocrx_word' id='word_1_155' title='bbox 1777 2590 1981 2652; x_wconf 89' lang='lat' dir='ltr'><strong><em>lunam,</em></strong></span> <span class='ocrx_word' id='word_1_156' title='bbox 2033 2597 2089 2643; x_wconf 90' lang='lat' dir='ltr'><strong><em>ut</em></strong></span> 
     </span>
    </p>
   </div>
   <div class='ocr_carea' id='block_1_25' title="bbox 512 2678 2092 2750">
    <p class='ocr_par' dir='ltr' id='par_1_25' title="bbox 512 2678 2092 2750">
     <span class='ocr_line' id='line_1_25' title="bbox 512 2678 2092 2750; baseline 0.003 -20"><span class='ocrx_word' id='word_1_157' title='bbox 512 2678 588 2730; x_wconf 88' lang='lat' dir='ltr'><strong><em>illi</em></strong></span> <span class='ocrx_word' id='word_1_158' title='bbox 631 2679 1008 2748; x_wconf 85' lang='lat' dir='ltr'><strong><em>supplicantes</em></strong></span> <span class='ocrx_word' id='word_1_159' title='bbox 1048 2681 1416 2750; x_wconf 81' lang='lat' dir='ltr'><strong><em>languidiores</em></strong></span> <span class='ocrx_word' id='word_1_160' title='bbox 1449 2681 1596 2741; x_wconf 87' lang='lat' dir='ltr'><strong><em>facti,</em></strong></span> <span class='ocrx_word' id='word_1_161' title='bbox 1626 2682 1694 2735; x_wconf 87' lang='lat' dir='ltr'><strong><em>ab</em></strong></span> <span class='ocrx_word' id='word_1_162' title='bbox 1727 2681 1847 2750; x_wconf 85' lang='lat' dir='ltr'><strong><em>ejus</em></strong></span> <span class='ocrx_word' id='word_1_163' title='bbox 1874 2697 2092 2735; x_wconf 87' lang='lat' dir='ltr'><strong><em>venera-</em></strong></span> 
     </span>
    </p>
   </div>
   <div class='ocr_carea' id='block_1_26' title="bbox 510 2769 2090 2843">
    <p class='ocr_par' dir='ltr' id='par_1_26' title="bbox 510 2769 2090 2843">
     <span class='ocr_line' id='line_1_26' title="bbox 510 2769 2090 2843; baseline 0.003 -23"><span class='ocrx_word' id='word_1_164' title='bbox 510 2769 660 2823; x_wconf 84' lang='lat' dir='ltr'><strong><em>tione</em></strong></span> <span class='ocrx_word' id='word_1_165' title='bbox 693 2770 990 2826; x_wconf 87' lang='lat' dir='ltr'><strong><em>resilirent.</em></strong></span> <span class='ocrx_word' id='word_1_166' title='bbox 1025 2770 1142 2825; x_wconf 82' lang='lat' dir='ltr'><strong><em>Non</em></strong></span> <span class='ocrx_word' id='word_1_167' title='bbox 1176 2773 1320 2825; x_wconf 88' lang='lat' dir='ltr'><strong><em>enim</em></strong></span> <span class='ocrx_word' id='word_1_168' title='bbox 1356 2773 1408 2826; x_wconf 91' lang='lat' dir='ltr'><strong><em>in</em></strong></span> <span class='ocrx_word' id='word_1_169' title='bbox 1448 2773 1743 2843; x_wconf 85' lang='lat' dir='ltr'><strong><em>perniciem</em></strong></span> <span class='ocrx_word' id='word_1_170' title='bbox 1779 2773 2090 2826; x_wconf 83' lang='lat' dir='ltr'><strong><em>mortalium</em></strong></span> 
     </span>
    </p>
   </div>
   <div class='ocr_carea' id='block_1_27' title="bbox 512 2861 2090 2920">
    <p class='ocr_par' dir='ltr' id='par_1_27' title="bbox 512 2861 2090 2920">
     <span class='ocr_line' id='line_1_27' title="bbox 512 2861 2090 2920; baseline 0.001 -6"><span class='ocrx_word' id='word_1_171' title='bbox 512 2861 801 2915; x_wconf 83' lang='lat' dir='ltr'><strong><em>luminaria</em></strong></span> <span class='ocrx_word' id='word_1_172' title='bbox 846 2863 1221 2920; x_wconf 88' lang='lat' dir='ltr'><strong><em>universitatis</em></strong></span> <span class='ocrx_word' id='word_1_173' title='bbox 1263 2864 1595 2918; x_wconf 88' lang='lat' dir='ltr'><strong><em>architectus</em></strong></span> <span class='ocrx_word' id='word_1_174' title='bbox 1630 2865 1902 2919; x_wconf 77' lang='lat' dir='ltr'><strong><em>exstruxit</em></strong></span> <span class='ocrx_word' id='word_1_175' title='bbox 1927 2863 2090 2917; x_wconf 90' lang='lat' dir='ltr'><strong><em>Chri-</em></strong></span> 
     </span>
    </p>
   </div>
   <div class='ocr_carea' id='block_1_28' title="bbox 513 2953 2090 3024">
    <p class='ocr_par' dir='ltr' id='par_1_28' title="bbox 513 2953 2090 3024">
     <span class='ocr_line' id='line_1_28' title="bbox 513 2953 2090 3024; baseline 0.001 -19"><span class='ocrx_word' id='word_1_176' title='bbox 513 2961 653 3013; x_wconf 84' lang='lat' dir='ltr'><strong><em>stus,</em></strong></span> <span class='ocrx_word' id='word_1_177' title='bbox 684 2953 778 3007; x_wconf 87' lang='lat' dir='ltr'><strong><em>sed</em></strong></span> <span class='ocrx_word' id='word_1_178' title='bbox 815 2956 1128 3008; x_wconf 90' lang='lat' dir='ltr'><strong><em>immundus</em></strong></span> <span class='ocrx_word' id='word_1_179' title='bbox 1158 2956 1384 3024; x_wconf 85' lang='lat' dir='ltr'><strong><em>spiritus</em></strong></span> <span class='ocrx_word' id='word_1_180' title='bbox 1415 2956 1718 3009; x_wconf 79' lang='lat' dir='ltr'><strong><em>observans</em></strong></span> <span class='ocrx_word' id='word_1_181' title='bbox 1759 2956 1810 3007; x_wconf 90' lang='lat' dir='ltr'><strong><em>in</em></strong></span> <span class='ocrx_word' id='word_1_182' title='bbox 1844 2955 1976 3022; x_wconf 87' lang='lat' dir='ltr'><strong><em>ipsis</em></strong></span> <span class='ocrx_word' id='word_1_183' title='bbox 2013 2963 2090 3007; x_wconf 85' lang='lat' dir='ltr'><strong><em>ta-</em></strong></span> 
     </span>
    </p>
   </div>
   <div class='ocr_carea' id='block_1_29' title="bbox 512 3041 2089 3113">
    <p class='ocr_par' dir='ltr' id='par_1_29' title="bbox 512 3041 2089 3113">
     <span class='ocr_line' id='line_1_29' title="bbox 512 3041 2089 3113; baseline 0.002 -20"><span class='ocrx_word' id='word_1_184' title='bbox 512 3041 616 3096; x_wconf 91' lang='lat' dir='ltr'><strong><em>lem</em></strong></span> <span class='ocrx_word' id='word_1_185' title='bbox 651 3042 907 3110; x_wconf 82' lang='lat' dir='ltr'><strong><em>speciem,</em></strong></span> <span class='ocrx_word' id='word_1_186' title='bbox 941 3042 1006 3095; x_wconf 89' lang='lat' dir='ltr'><strong><em>ad</em></strong></span> <span class='ocrx_word' id='word_1_187' title='bbox 1039 3043 1408 3097; x_wconf 88' lang='lat' dir='ltr'><strong><em>seduccudum</em></strong></span> <span class='ocrx_word' id='word_1_188' title='bbox 1441 3045 1654 3113; x_wconf 84' lang='lat' dir='ltr'><strong><em>aliquos</em></strong></span> <span class='ocrx_word' id='word_1_189' title='bbox 1705 3043 1986 3106; x_wconf 80' lang='lat' dir='ltr'><strong><em>subduxit,</em></strong></span> <span class='ocrx_word' id='word_1_190' title='bbox 2033 3053 2089 3097; x_wconf 91' lang='lat' dir='ltr'><strong><em>ut</em></strong></span> 
     </span>
    </p>
   </div>
   <div class='ocr_carea' id='block_1_30' title="bbox 512 3133 2093 3205">
    <p class='ocr_par' dir='ltr' id='par_1_30' title="bbox 512 3133 2093 3205">
     <span class='ocr_line' id='line_1_30' title="bbox 512 3133 2093 3205; baseline 0.003 -21"><span class='ocrx_word' id='word_1_191' title='bbox 512 3133 888 3186; x_wconf 85' lang='lat' dir='ltr'><strong><em>inconstantes</em></strong></span> <span class='ocrx_word' id='word_1_192' title='bbox 919 3141 971 3185; x_wconf 89' lang='lat' dir='ltr'><strong><em>et</em></strong></span> <span class='ocrx_word' id='word_1_193' title='bbox 1003 3149 1189 3201; x_wconf 89' lang='lat' dir='ltr'><strong><em>parum</em></strong></span> <span class='ocrx_word' id='word_1_194' title='bbox 1228 3133 1367 3202; x_wconf 88' lang='lat' dir='ltr'><strong><em>frugi</em></strong></span> <span class='ocrx_word' id='word_1_195' title='bbox 1402 3135 1656 3189; x_wconf 84' lang='lat' dir='ltr'><strong><em>mortales</em></strong></span> <span class='ocrx_word' id='word_1_196' title='bbox 1688 3136 1752 3188; x_wconf 88' lang='lat' dir='ltr'><strong><em>ad</em></strong></span> <span class='ocrx_word' id='word_1_197' title='bbox 1792 3136 2093 3205; x_wconf 70' lang='lat' dir='ltr'><strong><em>praestigia-</em></strong></span> 
     </span>
    </p>
   </div>
   <div class='ocr_carea' id='block_1_31' title="bbox 511 3222 2093 3295">
    <p class='ocr_par' dir='ltr' id='par_1_31' title="bbox 511 3222 2093 3295">
     <span class='ocr_line' id='line_1_31' title="bbox 511 3222 2093 3295; baseline 0.004 -20"><span class='ocrx_word' id='word_1_198' title='bbox 511 3231 660 3278; x_wconf 87' lang='lat' dir='ltr'><strong><em>tores</em></strong></span> <span class='ocrx_word' id='word_1_199' title='bbox 684 3230 739 3275; x_wconf 90' lang='lat' dir='ltr'><strong><em>et</em></strong></span> <span class='ocrx_word' id='word_1_200' title='bbox 766 3222 831 3276; x_wconf 90' lang='lat' dir='ltr'><strong><em>ad</em></strong></span> <span class='ocrx_word' id='word_1_201' title='bbox 864 3238 958 3277; x_wconf 91' lang='lat' dir='ltr'><strong><em>eos</em></strong></span> <span class='ocrx_word' id='word_1_202' title='bbox 987 3225 1184 3276; x_wconf 87' lang='lat' dir='ltr'><strong><em>abeant</em></strong></span> <span class='ocrx_word' id='word_1_203' title='bbox 1216 3233 1429 3292; x_wconf 89' lang='lat' dir='ltr'><strong><em>sponte,</em></strong></span> <span class='ocrx_word' id='word_1_204' title='bbox 1461 3227 1554 3295; x_wconf 88' lang='lat' dir='ltr'><strong><em>qui</em></strong></span> <span class='ocrx_word' id='word_1_205' title='bbox 1586 3241 1613 3278; x_wconf 90' lang='lat' dir='ltr'><strong><em>a</em></strong></span> <span class='ocrx_word' id='word_1_206' title='bbox 1637 3223 1768 3282; x_wconf 81' lang='lat' dir='ltr'><strong><em>Jove</em></strong></span> <span class='ocrx_word' id='word_1_207' title='bbox 1793 3227 1982 3280; x_wconf 86' lang='lat' dir='ltr'><strong><em>nutriti</em></strong></span> <span class='ocrx_word' id='word_1_208' title='bbox 2015 3228 2093 3282; x_wconf 82' lang='lat' dir='ltr'><strong><em>vi-</em></strong></span> 
     </span>
    </p>
   </div>
   <div class='ocr_carea' id='block_1_32' title="bbox 508 3311 2094 3383">
    <p class='ocr_par' dir='ltr' id='par_1_32' title="bbox 508 3311 2094 3383">
     <span class='ocr_line' id='line_1_32' title="bbox 508 3311 2094 3383; baseline 0.004 -17"><span class='ocrx_word' id='word_1_209' title='bbox 508 3311 734 3375; x_wconf 88' lang='lat' dir='ltr'><strong><em>dentur,</em></strong></span> <span class='ocrx_word' id='word_1_210' title='bbox 767 3313 1023 3365; x_wconf 89' lang='lat' dir='ltr'><strong><em>nimirum</em></strong></span> <span class='ocrx_word' id='word_1_211' title='bbox 1055 3330 1151 3383; x_wconf 88' lang='lat' dir='ltr'><strong><em>per</em></strong></span> <span class='ocrx_word' id='word_1_212' title='bbox 1179 3315 1611 3370; x_wconf 86' lang='lat' dir='ltr'><strong><em>incantationum</em></strong></span> <span class='ocrx_word' id='word_1_213' title='bbox 1643 3318 2010 3383; x_wconf 80' lang='lat' dir='ltr'><strong><em>occasionem,</em></strong></span> <span class='ocrx_word' id='word_1_214' title='bbox 2040 3327 2094 3373; x_wconf 87' lang='lat' dir='ltr'><strong><em>et</em></strong></span> 
     </span>
    </p>
   </div>
   <div class='ocr_carea' id='block_1_33' title="bbox 513 3402 2094 3473">
    <p class='ocr_par' dir='ltr' id='par_1_33' title="bbox 513 3402 2094 3473">
     <span class='ocr_line' id='line_1_33' title="bbox 513 3402 2094 3473; baseline 0.003 -15"><span class='ocrx_word' id='word_1_215' title='bbox 513 3418 664 3472; x_wconf 86' lang='lat' dir='ltr'><strong><em>spem</em></strong></span> <span class='ocrx_word' id='word_1_216' title='bbox 701 3402 912 3456; x_wconf 88' lang='lat' dir='ltr'><strong><em>levandi</em></strong></span> <span class='ocrx_word' id='word_1_217' title='bbox 951 3404 1173 3456; x_wconf 82' lang='lat' dir='ltr'><strong><em>iualum.</em></strong></span> <span class='ocrx_word' id='word_1_218' title='bbox 1213 3403 1601 3473; x_wconf 64' lang='lat' dir='ltr'><strong><em>Saepenumero</em></strong></span> <span class='ocrx_word' id='word_1_219' title='bbox 1631 3414 1811 3460; x_wconf 88' lang='lat' dir='ltr'><strong><em>autem</em></strong></span> <span class='ocrx_word' id='word_1_220' title='bbox 1845 3407 2094 3462; x_wconf 82' lang='lat' dir='ltr'><strong><em>videmus</em></strong></span> 
     </span>
    </p>
   </div>
   <div class='ocr_carea' id='block_1_34' title="bbox 511 3495 2096 3568">
    <p class='ocr_par' dir='ltr' id='par_1_34' title="bbox 511 3495 2096 3568">
     <span class='ocr_line' id='line_1_34' title="bbox 511 3495 2096 3568; baseline 0.003 -21"><span class='ocrx_word' id='word_1_221' title='bbox 511 3503 567 3547; x_wconf 89' lang='lat' dir='ltr'><strong><em>et</em></strong></span> <span class='ocrx_word' id='word_1_222' title='bbox 593 3508 758 3548; x_wconf 84' lang='lat' dir='ltr'><strong><em>canes</em></strong></span> <span class='ocrx_word' id='word_1_223' title='bbox 785 3495 1015 3548; x_wconf 86' lang='lat' dir='ltr'><strong><em>latenter</em></strong></span> <span class='ocrx_word' id='word_1_224' title='bbox 1043 3495 1094 3548; x_wconf 90' lang='lat' dir='ltr'><strong><em>in</em></strong></span> <span class='ocrx_word' id='word_1_225' title='bbox 1128 3511 1228 3549; x_wconf 93' lang='lat' dir='ltr'><strong><em>nos</em></strong></span> <span class='ocrx_word' id='word_1_226' title='bbox 1257 3495 1506 3562; x_wconf 88' lang='lat' dir='ltr'><strong><em>irruere;</em></strong></span> <span class='ocrx_word' id='word_1_227' title='bbox 1544 3512 1720 3568; x_wconf 89' lang='lat' dir='ltr'><strong><em>neque</em></strong></span> <span class='ocrx_word' id='word_1_228' title='bbox 1747 3506 1924 3552; x_wconf 89' lang='lat' dir='ltr'><strong><em>tamen</em></strong></span> <span class='ocrx_word' id='word_1_229' title='bbox 1961 3499 2096 3552; x_wconf 83' lang='lat' dir='ltr'><strong><em>dici-</em></strong></span> 
     </span>
    </p>
   </div>
   <div class='ocr_carea' id='block_1_35' title="bbox 515 3585 2092 3645">
    <p class='ocr_par' dir='ltr' id='par_1_35' title="bbox 515 3585 2092 3645">
     <span class='ocr_line' id='line_1_35' title="bbox 515 3585 2092 3645; baseline 0.003 -7"><span class='ocrx_word' id='word_1_230' title='bbox 515 3600 637 3640; x_wconf 87' lang='lat' dir='ltr'><strong><em>mus</em></strong></span> <span class='ocrx_word' id='word_1_231' title='bbox 667 3585 849 3638; x_wconf 87' lang='lat' dir='ltr'><strong><em>luuam</em></strong></span> <span class='ocrx_word' id='word_1_232' title='bbox 882 3601 1103 3640; x_wconf 84' lang='lat' dir='ltr'><strong><em>causam</em></strong></span> <span class='ocrx_word' id='word_1_233' title='bbox 1144 3603 1268 3643; x_wconf 85' lang='lat' dir='ltr'><strong><em>esse</em></strong></span> <span class='ocrx_word' id='word_1_234' title='bbox 1299 3604 1516 3642; x_wconf 88' lang='lat' dir='ltr'><strong><em>morsus</em></strong></span> <span class='ocrx_word' id='word_1_235' title='bbox 1547 3597 1640 3640; x_wconf 87' lang='lat' dir='ltr'><strong><em>aut</em></strong></span> <span class='ocrx_word' id='word_1_236' title='bbox 1680 3597 1860 3645; x_wconf 92' lang='lat' dir='ltr'><strong><em>motus</em></strong></span> <span class='ocrx_word' id='word_1_237' title='bbox 1888 3590 2092 3643; x_wconf 65' lang='lat' dir='ltr'><strong><em>auima«</em></strong></span> 
     </span>
    </p>
   </div>
   <div class='ocr_carea' id='block_1_36' title="bbox 514 3675 2097 3747">
    <p class='ocr_par' dir='ltr' id='par_1_36' title="bbox 514 3675 2097 3747">
     <span class='ocr_line' id='line_1_36' title="bbox 514 3675 2097 3747; baseline 0.004 -19"><span class='ocrx_word' id='word_1_238' title='bbox 514 3675 603 3730; x_wconf 89' lang='lat' dir='ltr'><strong><em>lis.</em></strong></span> <span class='ocrx_word' id='word_1_239' title='bbox 656 3675 721 3728; x_wconf 86' lang='lat' dir='ltr'><strong><em>Et</em></strong></span> <span class='ocrx_word' id='word_1_240' title='bbox 769 3678 912 3730; x_wconf 85' lang='lat' dir='ltr'><strong><em>servi</em></strong></span> <span class='ocrx_word' id='word_1_241' title='bbox 971 3693 1344 3747; x_wconf 58' lang='lat' dir='ltr'><strong><em>saepenumero</em></strong></span> <span class='ocrx_word' id='word_1_242' title='bbox 1393 3695 1516 3732; x_wconf 90' lang='lat' dir='ltr'><strong><em>cum</em></strong></span> <span class='ocrx_word' id='word_1_243' title='bbox 1559 3689 1672 3734; x_wconf 92' lang='lat' dir='ltr'><strong><em>toto</em></strong></span> <span class='ocrx_word' id='word_1_244' title='bbox 1716 3679 1842 3733; x_wconf 89' lang='lat' dir='ltr'><strong><em>luna</em></strong></span> <span class='ocrx_word' id='word_1_245' title='bbox 1891 3680 2097 3735; x_wconf 83' lang='lat' dir='ltr'><strong><em>lumine</em></strong></span> 
     </span>
    </p>
   </div>
   <div class='ocr_carea' id='block_1_37' title="bbox 515 3769 2095 3842">
    <p class='ocr_par' dir='ltr' id='par_1_37' title="bbox 515 3769 2095 3842">
     <span class='ocr_line' id='line_1_37' title="bbox 515 3769 2095 3842; baseline 0.002 -19"><span class='ocrx_word' id='word_1_246' title='bbox 515 3771 798 3839; x_wconf 80' lang='lat' dir='ltr'><strong><em>splendet,</em></strong></span> <span class='ocrx_word' id='word_1_247' title='bbox 850 3769 914 3822; x_wconf 86' lang='lat' dir='ltr'><strong><em>ad</em></strong></span> <span class='ocrx_word' id='word_1_248' title='bbox 965 3771 1290 3840; x_wconf 85' lang='lat' dir='ltr'><strong><em>capiendum</em></strong></span> <span class='ocrx_word' id='word_1_249' title='bbox 1336 3769 1517 3840; x_wconf 82' lang='lat' dir='ltr'><strong><em>fugam</em></strong></span> <span class='ocrx_word' id='word_1_250' title='bbox 1558 3782 1821 3842; x_wconf 87' lang='lat' dir='ltr'><strong><em>surgunt,</em></strong></span> <span class='ocrx_word' id='word_1_251' title='bbox 1870 3781 1924 3826; x_wconf 90' lang='lat' dir='ltr'><strong><em>et</em></strong></span> <span class='ocrx_word' id='word_1_252' title='bbox 1973 3772 2095 3840; x_wconf 84' lang='lat' dir='ltr'><strong><em>ejus</em></strong></span> 
     </span>
    </p>
   </div>
   <div class='ocr_carea' id='block_1_38' title="bbox 517 3861 2093 3932">
    <p class='ocr_par' dir='ltr' id='par_1_38' title="bbox 517 3861 2093 3932">
     <span class='ocr_line' id='line_1_38' title="bbox 517 3861 2093 3932; baseline 0.003 -20"><span class='ocrx_word' id='word_1_253' title='bbox 517 3861 722 3914; x_wconf 76' lang='lat' dir='ltr'><strong><em>auxilio</em></strong></span> <span class='ocrx_word' id='word_1_254' title='bbox 753 3864 816 3913; x_wconf 85' lang='lat' dir='ltr'><strong><em>ad</em></strong></span> <span class='ocrx_word' id='word_1_255' title='bbox 852 3862 1189 3915; x_wconf 71' lang='lat' dir='ltr'><strong><em>celeritatem</em></strong></span> <span class='ocrx_word' id='word_1_256' title='bbox 1220 3872 1464 3916; x_wconf 88' lang='lat' dir='ltr'><strong><em>utuntur.</em></strong></span> <span class='ocrx_word' id='word_1_257' title='bbox 1498 3861 1637 3917; x_wconf 84' lang='lat' dir='ltr'><strong><em>Num</em></strong></span> <span class='ocrx_word' id='word_1_258' title='bbox 1675 3863 1842 3932; x_wconf 88' lang='lat' dir='ltr'><strong><em>igitur</em></strong></span> <span class='ocrx_word' id='word_1_259' title='bbox 1870 3878 2093 3918; x_wconf 87' lang='lat' dir='ltr'><strong><em>causam</em></strong></span> 
     </span>
    </p>
   </div>
   <div class='ocr_carea' id='block_1_39' title="bbox 518 3949 2095 4021">
    <p class='ocr_par' dir='ltr' id='par_1_39' title="bbox 518 3949 2095 4021">
     <span class='ocr_line' id='line_1_39' title="bbox 518 3949 2095 4021; baseline 0.003 -19"><span class='ocrx_word' id='word_1_260' title='bbox 518 3952 840 4006; x_wconf 86' lang='lat' dir='ltr'><strong><em>temeritatis</em></strong></span> <span class='ocrx_word' id='word_1_261' title='bbox 886 3951 1095 4021; x_wconf 83' lang='lat' dir='ltr'><strong><em>fugitivi</em></strong></span> <span class='ocrx_word' id='word_1_262' title='bbox 1139 3953 1385 4006; x_wconf 85' lang='lat' dir='ltr'><strong><em>dicemus</em></strong></span> <span class='ocrx_word' id='word_1_263' title='bbox 1429 3953 1654 4005; x_wconf 90' lang='lat' dir='ltr'><strong><em>lunam?</em></strong></span> <span class='ocrx_word' id='word_1_264' title='bbox 1711 3949 2095 4020; x_wconf 61' lang='lat' dir='ltr'><strong><em>Stepenumero</em></strong></span> 
     </span>
    </p>
   </div>
   <div class='ocr_carea' id='block_1_40' title="bbox 517 4041 2097 4098">
    <p class='ocr_par' dir='ltr' id='par_1_40' title="bbox 517 4041 2097 4098">
     <span class='ocr_line' id='line_1_40' title="bbox 517 4041 2097 4098; baseline 0.001 -4"><span class='ocrx_word' id='word_1_265' title='bbox 517 4041 647 4096; x_wconf 89' lang='lat' dir='ltr'><strong><em>item</em></strong></span> <span class='ocrx_word' id='word_1_266' title='bbox 677 4051 730 4096; x_wconf 88' lang='lat' dir='ltr'><strong><em>et</em></strong></span> <span class='ocrx_word' id='word_1_267' title='bbox 763 4043 1107 4097; x_wconf 84' lang='lat' dir='ltr'><strong><em>eli&#39;eminatus</em></strong></span> <span class='ocrx_word' id='word_1_268' title='bbox 1137 4043 1303 4098; x_wconf 87' lang='lat' dir='ltr'><strong><em>homo</em></strong></span> <span class='ocrx_word' id='word_1_269' title='bbox 1333 4053 1630 4098; x_wconf 80' lang='lat' dir='ltr'><strong><em>nocturnas</em></strong></span> <span class='ocrx_word' id='word_1_270' title='bbox 1661 4042 1921 4097; x_wconf 86' lang='lat' dir='ltr'><strong><em>tenebras</em></strong></span> <span class='ocrx_word' id='word_1_271' title='bbox 1957 4042 2097 4096; x_wconf 81' lang='lat' dir='ltr'><strong><em>veri-</em></strong></span> 
     </span>
    </p>
   </div>
   <div class='ocr_carea' id='block_1_41' title="bbox 515 4131 2094 4204">
    <p class='ocr_par' dir='ltr' id='par_1_41' title="bbox 515 4131 2094 4204">
     <span class='ocr_line' id='line_1_41' title="bbox 515 4131 2094 4204; baseline 0.002 -20"><span class='ocrx_word' id='word_1_272' title='bbox 515 4140 605 4186; x_wconf 86' lang='lat' dir='ltr'><strong><em>tus</em></strong></span> <span class='ocrx_word' id='word_1_273' title='bbox 649 4131 794 4186; x_wconf 90' lang='lat' dir='ltr'><strong><em>domi</em></strong></span> <span class='ocrx_word' id='word_1_274' title='bbox 828 4133 1070 4188; x_wconf 89' lang='lat' dir='ltr'><strong><em>dormire</em></strong></span> <span class='ocrx_word' id='word_1_275' title='bbox 1110 4136 1358 4204; x_wconf 81' lang='lat' dir='ltr'><strong><em>cogitur;</em></strong></span> <span class='ocrx_word' id='word_1_276' title='bbox 1401 4135 1529 4188; x_wconf 90' lang='lat' dir='ltr'><strong><em>luna</em></strong></span> <span class='ocrx_word' id='word_1_277' title='bbox 1571 4149 1701 4188; x_wconf 90' lang='lat' dir='ltr'><strong><em>vero</em></strong></span> <span class='ocrx_word' id='word_1_278' title='bbox 1744 4149 1839 4204; x_wconf 89' lang='lat' dir='ltr'><strong><em>per</em></strong></span> <span class='ocrx_word' id='word_1_279' title='bbox 1879 4143 2094 4188; x_wconf 90' lang='lat' dir='ltr'><strong><em>noctem</em></strong></span> 
     </span>
    </p>
   </div>
   <div class='ocr_carea' id='block_1_42' title="bbox 516 4224 2098 4296">
    <p class='ocr_par' dir='ltr' id='par_1_42' title="bbox 516 4224 2098 4296">
     <span class='ocr_line' id='line_1_42' title="bbox 516 4224 2098 4296; baseline 0.003 -20"><span class='ocrx_word' id='word_1_280' title='bbox 516 4224 750 4288; x_wconf 82' lang='lat' dir='ltr'><strong><em>lucente,</em></strong></span> <span class='ocrx_word' id='word_1_281' title='bbox 791 4225 952 4280; x_wconf 86' lang='lat' dir='ltr'><strong><em>citius</em></strong></span> <span class='ocrx_word' id='word_1_282' title='bbox 990 4225 1055 4279; x_wconf 88' lang='lat' dir='ltr'><strong><em>ad</em></strong></span> <span class='ocrx_word' id='word_1_283' title='bbox 1093 4227 1455 4296; x_wconf 84' lang='lat' dir='ltr'><strong><em>prostibulum</em></strong></span> <span class='ocrx_word' id='word_1_284' title='bbox 1501 4227 1677 4281; x_wconf 87' lang='lat' dir='ltr'><strong><em>instar</em></strong></span> <span class='ocrx_word' id='word_1_285' title='bbox 1716 4227 1844 4296; x_wconf 87' lang='lat' dir='ltr'><strong><em>equi</em></strong></span> <span class='ocrx_word' id='word_1_286' title='bbox 1893 4226 2098 4281; x_wconf 86' lang='lat' dir='ltr'><strong><em>lascive</em></strong></span> 
     </span>
    </p>
   </div>
   <div class='ocr_carea' id='block_1_43' title="bbox 517 4315 2096 4384">
    <p class='ocr_par' dir='ltr' id='par_1_43' title="bbox 517 4315 2096 4384">
     <span class='ocr_line' id='line_1_43' title="bbox 517 4315 2096 4384; baseline 0.003 -17"><span class='ocrx_word' id='word_1_287' title='bbox 517 4315 833 4384; x_wconf 85' lang='lat' dir='ltr'><strong><em>prosiliens,</em></strong></span> <span class='ocrx_word' id='word_1_288' title='bbox 871 4317 1146 4378; x_wconf 87' lang='lat' dir='ltr'><strong><em>hinniens,</em></strong></span> <span class='ocrx_word' id='word_1_289' title='bbox 1182 4327 1238 4372; x_wconf 86' lang='lat' dir='ltr'><strong><em>et</em></strong></span> <span class='ocrx_word' id='word_1_290' title='bbox 1271 4333 1524 4382; x_wconf 88' lang='lat' dir='ltr'><strong><em>currens,</em></strong></span> <span class='ocrx_word' id='word_1_291' title='bbox 1562 4317 1628 4371; x_wconf 89' lang='lat' dir='ltr'><strong><em>ad</em></strong></span> <span class='ocrx_word' id='word_1_292' title='bbox 1655 4327 1898 4373; x_wconf 87' lang='lat' dir='ltr'><strong><em>scortum</em></strong></span> <span class='ocrx_word' id='word_1_293' title='bbox 1941 4319 2096 4372; x_wconf 62' lang='lat' dir='ltr'><strong><em>laetus</em></strong></span> 
     </span>
    </p>
   </div>
   <div class='ocr_carea' id='block_1_44' title="bbox 515 4407 2092 4480">
    <p class='ocr_par' dir='ltr' id='par_1_44' title="bbox 515 4407 2092 4480">
     <span class='ocr_line' id='line_1_44' title="bbox 515 4407 2092 4480; baseline 0.002 -21"><span class='ocrx_word' id='word_1_294' title='bbox 515 4408 684 4461; x_wconf 86' lang='lat' dir='ltr'><strong><em>venit.</em></strong></span> <span class='ocrx_word' id='word_1_295' title='bbox 720 4407 857 4462; x_wconf 80' lang='lat' dir='ltr'><strong><em>Num</em></strong></span> <span class='ocrx_word' id='word_1_296' title='bbox 896 4411 1059 4480; x_wconf 83' lang='lat' dir='ltr'><strong><em>igitur</em></strong></span> <span class='ocrx_word' id='word_1_297' title='bbox 1093 4409 1308 4464; x_wconf 86' lang='lat' dir='ltr'><strong><em>itineris</em></strong></span> <span class='ocrx_word' id='word_1_298' title='bbox 1352 4409 1601 4465; x_wconf 86' lang='lat' dir='ltr'><strong><em>scelerati</em></strong></span> <span class='ocrx_word' id='word_1_299' title='bbox 1633 4425 1799 4464; x_wconf 86' lang='lat' dir='ltr'><strong><em>causa</em></strong></span> <span class='ocrx_word' id='word_1_300' title='bbox 1830 4417 1914 4464; x_wconf 85' lang='lat' dir='ltr'><strong><em>est</em></strong></span> <span class='ocrx_word' id='word_1_301' title='bbox 1945 4411 2092 4473; x_wconf 90' lang='lat' dir='ltr'><strong><em>luna,</em></strong></span> 
     </span>
    </p>
   </div>
   <div class='ocr_carea' id='block_1_45' title="bbox 514 4503 2094 4574">
    <p class='ocr_par' dir='ltr' id='par_1_45' title="bbox 514 4503 2094 4574">
     <span class='ocr_line' id='line_1_45' title="bbox 514 4503 2094 4574; baseline 0 -18"><span class='ocrx_word' id='word_1_302' title='bbox 514 4519 641 4574; x_wconf 75' lang='lat' dir='ltr'><strong><em>quze</em></strong></span> <span class='ocrx_word' id='word_1_303' title='bbox 687 4503 872 4558; x_wconf 85' lang='lat' dir='ltr'><strong><em>divino</em></strong></span> <span class='ocrx_word' id='word_1_304' title='bbox 921 4510 1190 4573; x_wconf 73' lang='lat' dir='ltr'><strong><em>pnecepto</em></strong></span> <span class='ocrx_word' id='word_1_305' title='bbox 1239 4510 1417 4558; x_wconf 89' lang='lat' dir='ltr'><strong><em>terras</em></strong></span> <span class='ocrx_word' id='word_1_306' title='bbox 1454 4506 1595 4559; x_wconf 67' lang='lat' dir='ltr'><strong><em>caelo</em></strong></span> <span class='ocrx_word' id='word_1_307' title='bbox 1647 4503 1924 4572; x_wconf 76' lang='lat' dir='ltr'><strong><em>subjectos</em></strong></span> <span class='ocrx_word' id='word_1_308' title='bbox 1972 4504 2094 4556; x_wconf 91' lang='lat' dir='ltr'><strong><em>illu-</em></strong></span> 
     </span>
    </p>
   </div>
   <div class='ocr_carea' id='block_1_46' title="bbox 513 4594 2096 4664">
    <p class='ocr_par' dir='ltr' id='par_1_46' title="bbox 513 4594 2096 4664">
     <span class='ocr_line' id='line_1_46' title="bbox 513 4594 2096 4664; baseline -0.001 -16"><span class='ocrx_word' id='word_1_309' title='bbox 513 4594 694 4648; x_wconf 81' lang='lat' dir='ltr'><strong><em>strat?</em></strong></span> <span class='ocrx_word' id='word_1_310' title='bbox 724 4595 929 4648; x_wconf 86' lang='lat' dir='ltr'><strong><em>Cohibe</em></strong></span> <span class='ocrx_word' id='word_1_311' title='bbox 955 4608 1140 4663; x_wconf 68' lang='lat' dir='ltr'><strong><em>qumso</em></strong></span> <span class='ocrx_word' id='word_1_312' title='bbox 1183 4595 1528 4664; x_wconf 89' lang='lat' dir='ltr'><strong><em>temetipsum</em></strong></span> <span class='ocrx_word' id='word_1_313' title='bbox 1557 4611 1584 4647; x_wconf 89' lang='lat' dir='ltr'><strong><em>a</em></strong></span> <span class='ocrx_word' id='word_1_314' title='bbox 1619 4595 1858 4648; x_wconf 89' lang='lat' dir='ltr'><strong><em>lunatica</em></strong></span> <span class='ocrx_word' id='word_1_315' title='bbox 1879 4594 2096 4648; x_wconf 86' lang='lat' dir='ltr'><strong><em>demen-</em></strong></span> 
     </span>
    </p>
   </div>
   <div class='ocr_carea' id='block_1_47' title="bbox 515 4686 2098 4758">
    <p class='ocr_par' dir='ltr' id='par_1_47' title="bbox 515 4686 2098 4758">
     <span class='ocr_line' id='line_1_47' title="bbox 515 4686 2098 4758; baseline -0.002 -17"><span class='ocrx_word' id='word_1_316' title='bbox 515 4688 632 4742; x_wconf 90' lang='lat' dir='ltr'><strong><em>tia:</em></strong></span> <span class='ocrx_word' id='word_1_317' title='bbox 679 4687 955 4743; x_wconf 73' lang='lat' dir='ltr'><strong><em>daemones</em></strong></span> <span class='ocrx_word' id='word_1_318' title='bbox 991 4688 1134 4740; x_wconf 89' lang='lat' dir='ltr'><strong><em>enim</em></strong></span> <span class='ocrx_word' id='word_1_319' title='bbox 1173 4686 1240 4742; x_wconf 90' lang='lat' dir='ltr'><strong><em>iis</em></strong></span> <span class='ocrx_word' id='word_1_320' title='bbox 1276 4687 1366 4757; x_wconf 89' lang='lat' dir='ltr'><strong><em>qui</em></strong></span> <span class='ocrx_word' id='word_1_321' title='bbox 1405 4687 1592 4742; x_wconf 82' lang='lat' dir='ltr'><strong><em>faciles</em></strong></span> <span class='ocrx_word' id='word_1_322' title='bbox 1626 4697 1786 4758; x_wconf 74' lang='lat' dir='ltr'><strong><em>captu</em></strong></span> <span class='ocrx_word' id='word_1_323' title='bbox 1834 4698 1980 4750; x_wconf 90' lang='lat' dir='ltr'><strong><em>sunt,</em></strong></span> <span class='ocrx_word' id='word_1_324' title='bbox 2014 4695 2098 4739; x_wconf 91' lang='lat' dir='ltr'><strong><em>ta-</em></strong></span> 
     </span>
    </p>
   </div>
   <div class='ocr_carea' id='block_1_48' title="bbox 513 4777 2092 4842">
    <p class='ocr_par' dir='ltr' id='par_1_48' title="bbox 513 4777 2092 4842">
     <span class='ocr_line' id='line_1_48' title="bbox 513 4777 2092 4842; baseline -0.003 -10"><span class='ocrx_word' id='word_1_325' title='bbox 513 4779 623 4833; x_wconf 87' lang='lat' dir='ltr'><strong><em>cite</em></strong></span> <span class='ocrx_word' id='word_1_326' title='bbox 651 4779 702 4832; x_wconf 93' lang='lat' dir='ltr'><strong><em>in</em></strong></span> <span class='ocrx_word' id='word_1_327' title='bbox 729 4779 944 4832; x_wconf 85' lang='lat' dir='ltr'><strong><em>animos</em></strong></span> <span class='ocrx_word' id='word_1_328' title='bbox 971 4779 1212 4832; x_wconf 86' lang='lat' dir='ltr'><strong><em>inserere</em></strong></span> <span class='ocrx_word' id='word_1_329' title='bbox 1239 4787 1662 4842; x_wconf 85' lang='lat' dir='ltr'><strong><em>consueverunt,</em></strong></span> <span class='ocrx_word' id='word_1_330' title='bbox 1696 4785 1754 4831; x_wconf 90' lang='lat' dir='ltr'><strong><em>ut</em></strong></span> <span class='ocrx_word' id='word_1_331' title='bbox 1787 4792 1891 4830; x_wconf 90' lang='lat' dir='ltr'><strong><em>non</em></strong></span> <span class='ocrx_word' id='word_1_332' title='bbox 1918 4777 2092 4830; x_wconf 74' lang='lat' dir='ltr'><strong><em>soium</em></strong></span> 
     </span>
    </p>
   </div>
   <div class='ocr_carea' id='block_1_49' title="bbox 517 4867 2092 4937">
    <p class='ocr_par' dir='ltr' id='par_1_49' title="bbox 517 4867 2092 4937">
     <span class='ocr_line' id='line_1_49' title="bbox 517 4867 2092 4937; baseline -0.001 -17"><span class='ocrx_word' id='word_1_333' title='bbox 517 4868 808 4923; x_wconf 88' lang='lat' dir='ltr'><strong><em>luminaria</em></strong></span> <span class='ocrx_word' id='word_1_334' title='bbox 832 4871 1098 4926; x_wconf 89' lang='lat' dir='ltr'><strong><em>malorum</em></strong></span> <span class='ocrx_word' id='word_1_335' title='bbox 1126 4883 1325 4924; x_wconf 87' lang='lat' dir='ltr'><strong><em>causas</em></strong></span> <span class='ocrx_word' id='word_1_336' title='bbox 1348 4884 1471 4924; x_wconf 87' lang='lat' dir='ltr'><strong><em>esse</em></strong></span> <span class='ocrx_word' id='word_1_337' title='bbox 1495 4879 1766 4932; x_wconf 82' lang='lat' dir='ltr'><strong><em>asseram,</em></strong></span> <span class='ocrx_word' id='word_1_338' title='bbox 1797 4868 1891 4923; x_wconf 82' lang='lat' dir='ltr'><strong><em>Sed</em></strong></span> <span class='ocrx_word' id='word_1_339' title='bbox 1918 4867 2092 4937; x_wconf 89' lang='lat' dir='ltr'><strong><em>ipsum</em></strong></span> 
     </span>
    </p>
   </div>
   <div class='ocr_carea' id='block_1_50' title="bbox 515 4958 2097 5030">
    <p class='ocr_par' dir='ltr' id='par_1_50' title="bbox 515 4958 2097 5030">
     <span class='ocr_line' id='line_1_50' title="bbox 515 4958 2097 5030; baseline 0 -18"><span class='ocrx_word' id='word_1_340' title='bbox 515 4959 683 5013; x_wconf 80' lang='lat' dir='ltr'><strong><em>etiam</em></strong></span> <span class='ocrx_word' id='word_1_341' title='bbox 709 4962 957 5030; x_wconf 81' lang='lat' dir='ltr'><strong><em>Opiﬁcem</em></strong></span> <span class='ocrx_word' id='word_1_342' title='bbox 982 4963 1130 5017; x_wconf 90' lang='lat' dir='ltr'><strong><em>velut</em></strong></span> <span class='ocrx_word' id='word_1_343' title='bbox 1162 4960 1431 5015; x_wconf 87' lang='lat' dir='ltr'><strong><em>malorum</em></strong></span> <span class='ocrx_word' id='word_1_344' title='bbox 1463 4968 1517 5014; x_wconf 88' lang='lat' dir='ltr'><strong><em>et</em></strong></span> <span class='ocrx_word' id='word_1_345' title='bbox 1541 4959 1904 5014; x_wconf 82' lang='lat' dir='ltr'><strong><em>exitiosorum</em></strong></span> <span class='ocrx_word' id='word_1_346' title='bbox 1930 4958 2097 5013; x_wconf 76' lang='lat' dir='ltr'><strong><em>farto-</em></strong></span> 
     </span>
    </p>
   </div>
   <div class='ocr_carea' id='block_1_51' title="bbox 519 5052 2096 5120">
    <p class='ocr_par' dir='ltr' id='par_1_51' title="bbox 519 5052 2096 5120">
     <span class='ocr_line' id='line_1_51' title="bbox 519 5052 2096 5120; baseline -0.001 -15"><span class='ocrx_word' id='word_1_347' title='bbox 519 5067 631 5105; x_wconf 86' lang='lat' dir='ltr'><strong><em>rcm</em></strong></span> <span class='ocrx_word' id='word_1_348' title='bbox 671 5053 1098 5109; x_wconf 88' lang='lat' dir='ltr'><strong><em>calumnientur.</em></strong></span> <span class='ocrx_word' id='word_1_349' title='bbox 1142 5056 1247 5120; x_wconf 83' lang='lat' dir='ltr'><strong><em>Qui</em></strong></span> <span class='ocrx_word' id='word_1_350' title='bbox 1283 5069 1413 5108; x_wconf 88' lang='lat' dir='ltr'><strong><em>vero</em></strong></span> <span class='ocrx_word' id='word_1_351' title='bbox 1450 5053 1609 5108; x_wconf 83' lang='lat' dir='ltr'><strong><em>Iidem</em></strong></span> <span class='ocrx_word' id='word_1_352' title='bbox 1664 5053 1772 5107; x_wconf 90' lang='lat' dir='ltr'><strong><em>illis</em></strong></span> <span class='ocrx_word' id='word_1_353' title='bbox 1815 5052 2096 5118; x_wconf 83' lang='lat' dir='ltr'><strong><em>adhibent,</em></strong></span> 
     </span>
    </p>
   </div>
   <div class='ocr_carea' id='block_1_52' title="bbox 518 5143 2100 5216">
    <p class='ocr_par' dir='ltr' id='par_1_52' title="bbox 518 5143 2100 5216">
     <span class='ocr_line' id='line_1_52' title="bbox 518 5143 2100 5216; baseline 0.001 -19"><span class='ocrx_word' id='word_1_354' title='bbox 518 5159 627 5198; x_wconf 88' lang='lat' dir='ltr'><strong><em>non</em></strong></span> <span class='ocrx_word' id='word_1_355' title='bbox 656 5143 822 5198; x_wconf 88' lang='lat' dir='ltr'><strong><em>Deum</em></strong></span> <span class='ocrx_word' id='word_1_356' title='bbox 856 5146 949 5202; x_wconf 88' lang='lat' dir='ltr'><strong><em>sed</em></strong></span> <span class='ocrx_word' id='word_1_357' title='bbox 980 5148 1218 5203; x_wconf 86' lang='lat' dir='ltr'><strong><em>cinerem</em></strong></span> <span class='ocrx_word' id='word_1_358' title='bbox 1245 5147 1475 5203; x_wconf 87' lang='lat' dir='ltr'><strong><em>adorant</em></strong></span> <span class='ocrx_word' id='word_1_359' title='bbox 1499 5145 1554 5200; x_wconf 91' lang='lat' dir='ltr'><strong><em>in</em></strong></span> <span class='ocrx_word' id='word_1_360' title='bbox 1584 5146 1879 5216; x_wconf 89' lang='lat' dir='ltr'><strong><em>parricida,</em></strong></span> <span class='ocrx_word' id='word_1_361' title='bbox 1914 5161 1979 5200; x_wconf 88' lang='lat' dir='ltr'><strong><em>eo</em></strong></span> <span class='ocrx_word' id='word_1_362' title='bbox 2007 5144 2100 5215; x_wconf 87' lang='lat' dir='ltr'><strong><em>qui</em></strong></span> 
     </span>
    </p>
   </div>
   <div class='ocr_carea' id='block_1_53' title="bbox 578 5306 1754 5372">
    <p class='ocr_par' dir='ltr' id='par_1_53' title="bbox 578 5306 1754 5372">
     <span class='ocr_line' id='line_1_53' title="bbox 578 5306 1754 5372; baseline 0.003 -13"><span class='ocrx_word' id='word_1_363' title='bbox 578 5309 627 5341; x_wconf 66' lang='grc'><strong><em>⁸⁸</em></strong></span> <span class='ocrx_word' id='word_1_364' title='bbox 669 5308 775 5363; x_wconf 90' lang='lat' dir='ltr'><strong><em>lsa.</em></strong></span> <span class='ocrx_word' id='word_1_365' title='bbox 810 5322 846 5370; x_wconf 91' lang='grc' dir='ltr'><em>ι,</em></span> <span class='ocrx_word' id='word_1_366' title='bbox 882 5306 947 5360; x_wconf 81' lang='lat' dir='ltr'><strong><em>l9</em></strong></span> <span class='ocrx_word' id='word_1_367' title='bbox 1004 5307 1095 5360; x_wconf 72' lang='grc'><strong><em>20.</em></strong></span> <span class='ocrx_word' id='word_1_368' title='bbox 1171 5308 1216 5340; x_wconf 79' lang='grc'><strong><em>⁸³</em></strong></span> <span class='ocrx_word' id='word_1_369' title='bbox 1258 5307 1446 5363; x_wconf 86' lang='lat' dir='ltr'><strong><em>Matth.</em></strong></span> <span class='ocrx_word' id='word_1_370' title='bbox 1485 5322 1638 5372; x_wconf 68' lang='lat' dir='ltr'><strong><em>XXIII,</em></strong></span> <span class='ocrx_word' id='word_1_371' title='bbox 1666 5307 1754 5364; x_wconf 80' lang='lat'><strong>57.</strong></span> 
     </span>
    </p>
   </div>
   <div class='ocr_carea' id='block_1_54' title="bbox 589 5474 2044 5546">
    <p class='ocr_par' dir='ltr' id='par_1_54' title="bbox 589 5474 2044 5546">
     <span class='ocr_line' id='line_1_54' title="bbox 589 5474 2044 5546; baseline -0.003 -14"><span class='ocrx_word' id='word_1_372' title='bbox 589 5477 702 5546; x_wconf 85' lang='lat'><strong>(67)</strong></span> <span class='ocrx_word' id='word_1_373' title='bbox 744 5476 1202 5531; x_wconf 76' lang='grc' dir='ltr'><em>Ἀποκτενοῦσα.</em></span> <span class='ocrx_word' id='word_1_374' title='bbox 1241 5474 1402 5532; x_wconf 82' lang='lat' dir='ltr'><strong><em>Forte</em></strong></span> <span class='ocrx_word' id='word_1_375' title='bbox 1433 5477 1850 5531; x_wconf 76' lang='grc' dir='ltr'>ἀποκτείνουσα.</span> <span class='ocrx_word' id='word_1_376' title='bbox 1887 5475 2044 5546; x_wconf 77' lang='lat' dir='ltr'><strong><em>Eutr.</em></strong></span> 
     </span>
    </p>
   </div>
   <div class='ocr_carea' id='block_1_55' title="bbox 587 5545 1982 5618">
    <p class='ocr_par' dir='ltr' id='par_1_55' title="bbox 587 5545 1982 5618">
     <span class='ocr_line' id='line_1_55' title="bbox 587 5545 1982 5618; baseline -0.001 -18"><span class='ocrx_word' id='word_1_377' title='bbox 587 5545 704 5618; x_wconf 79' lang='lat'><strong><em>(68)</em></strong></span> <span class='ocrx_word' id='word_1_378' title='bbox 746 5549 843 5611; x_wconf 80' lang='grc' dir='ltr'><strong><em>Ὠς</em></strong></span> <span class='ocrx_word' id='word_1_379' title='bbox 866 5549 964 5603; x_wconf 77' lang='grc' dir='ltr'><strong><em>ἐπὶ</em></strong></span> <span class='ocrx_word' id='word_1_380' title='bbox 988 5546 1214 5618; x_wconf 60' lang='grc' dir='ltr'><strong><em>βλὰξῃ.</em></strong></span> <span class='ocrx_word' id='word_1_381' title='bbox 1243 5545 1403 5603; x_wconf 86' lang='lat' dir='ltr'><strong><em>Forte</em></strong></span> <span class='ocrx_word' id='word_1_382' title='bbox 1426 5548 1501 5611; x_wconf 83' lang='grc' dir='ltr'><em>ὼς</em></span> <span class='ocrx_word' id='word_1_383' title='bbox 1533 5546 1874 5609; x_wconf 77' lang='grc' dir='ltr'><strong><em>ὲπιὸλαόοὖς.</em></strong></span> <span class='ocrx_word' id='word_1_384' title='bbox 1908 5545 1982 5599; x_wconf 82' lang='lat' dir='ltr'><strong><em>In.</em></strong></span> 
     </span>
    </p>
   </div>
   <div class='ocr_carea' id='block_1_56' title="bbox 589 5616 1765 5687">
    <p class='ocr_par' dir='ltr' id='par_1_56' title="bbox 589 5616 1765 5687">
     <span class='ocr_line' id='line_1_56' title="bbox 589 5616 1765 5687; baseline -0.001 -16"><span class='ocrx_word' id='word_1_385' title='bbox 589 5616 702 5687; x_wconf 79' lang='lat'><strong><em>(69)</em></strong></span> <span class='ocrx_word' id='word_1_386' title='bbox 730 5618 1086 5686; x_wconf 77' lang='grc' dir='ltr'><em>Σεληνυιῆς.</em></span> <span class='ocrx_word' id='word_1_387' title='bbox 1115 5616 1277 5671; x_wconf 82' lang='lat' dir='ltr'><strong><em>Forte</em></strong></span> <span class='ocrx_word' id='word_1_388' title='bbox 1313 5618 1659 5687; x_wconf 79' lang='grc' dir='ltr'><strong><em>σεληνιακῆς.</em></strong></span> <span class='ocrx_word' id='word_1_389' title='bbox 1693 5618 1765 5671; x_wconf 87' lang='lat' dir='ltr'><strong><em>lo.</em></strong></span> 
     </span>
    </p>
   </div>
   <div class='ocr_carea' id='block_1_57' title="bbox 589 5683 2093 5756">
    <p class='ocr_par' dir='ltr' id='par_1_57' title="bbox 589 5683 2093 5756">
     <span class='ocr_line' id='line_1_57' title="bbox 589 5683 2093 5756; baseline -0.001 -16"><span class='ocrx_word' id='word_1_390' title='bbox 589 5683 700 5756; x_wconf 84' lang='lat'><strong>(70)</strong></span> <span class='ocrx_word' id='word_1_391' title='bbox 731 5689 832 5741; x_wconf 82' lang='grc' dir='ltr'><strong><em>Διά</em></strong></span> <span class='ocrx_word' id='word_1_392' title='bbox 874 5683 980 5743; x_wconf 70' lang='grc' dir='ltr'><em>τοῦ</em></span> <span class='ocrx_word' id='word_1_393' title='bbox 1007 5683 1181 5756; x_wconf 52' lang='lat' dir='ltr'><strong><em>harp.</em></strong></span> <span class='ocrx_word' id='word_1_394' title='bbox 1224 5687 1323 5742; x_wconf 91' lang='lat' dir='ltr'><strong><em>llic</em></strong></span> <span class='ocrx_word' id='word_1_395' title='bbox 1367 5683 1604 5742; x_wconf 56' lang='lat' dir='ltr'><strong><em>Carsarii&#39;</em></strong></span> <span class='ocrx_word' id='word_1_396' title='bbox 1641 5689 1792 5740; x_wconf 70' lang='lat' dir='ltr'><strong><em>locus</em></strong></span> <span class='ocrx_word' id='word_1_397' title='bbox 1834 5701 1898 5739; x_wconf 83' lang='lat' dir='ltr'><strong><em>ex</em></strong></span> <span class='ocrx_word' id='word_1_398' title='bbox 1935 5683 2093 5739; x_wconf 84' lang='lat' dir='ltr'><strong><em>Reco-</em></strong></span> 
     </span>
    </p>
   </div>
   <div class='ocr_carea' id='block_1_58' title="bbox 519 5757 2096 5831">
    <p class='ocr_par' dir='ltr' id='par_1_58' title="bbox 519 5757 2096 5831">
     <span class='ocr_line' id='line_1_58' title="bbox 519 5757 2096 5831; baseline -0.001 -19"><span class='ocrx_word' id='word_1_399' title='bbox 519 5758 809 5831; x_wconf 77' lang='lat' dir='ltr'><strong><em>gnilionum</em></strong></span> <span class='ocrx_word' id='word_1_400' title='bbox 841 5757 1293 5814; x_wconf 83' lang='lat' dir='ltr'><strong><em>Clementinarum</em></strong></span> <span class='ocrx_word' id='word_1_401' title='bbox 1325 5759 1418 5812; x_wconf 89' lang='lat' dir='ltr'><strong><em>lib.</em></strong></span> <span class='ocrx_word' id='word_1_402' title='bbox 1454 5774 1507 5823; x_wconf 71' lang='grc' dir='ltr'><em>ιι,</em></span> <span class='ocrx_word' id='word_1_403' title='bbox 1545 5773 1659 5826; x_wconf 77' lang='lat' dir='ltr'><strong><em>rap.</em></strong></span> <span class='ocrx_word' id='word_1_404' title='bbox 1700 5757 1770 5810; x_wconf 71' lang='lat'><strong><em>‘25</em></strong></span> <span class='ocrx_word' id='word_1_405' title='bbox 1798 5771 1951 5826; x_wconf 83' lang='lat' dir='ltr'><strong><em>seqq.</em></strong></span> <span class='ocrx_word' id='word_1_406' title='bbox 1985 5757 2096 5810; x_wconf 83' lang='lat' dir='ltr'><strong><em>for-</em></strong></span> 
     </span>
    </p>
   </div>
   <div class='ocr_carea' id='block_1_59' title="bbox 1597 271 2708 336">
    <p class='ocr_par' dir='ltr' id='par_1_59' title="bbox 1597 271 2708 336">
     <span class='ocr_line' id='line_1_59' title="bbox 1597 271 2708 336; baseline -0.008 0"><span class='ocrx_word' id='word_1_407' title='bbox 1597 279 1656 336; x_wconf 92' lang='lat' dir='ltr'><strong><em>S.</em></strong></span> <span class='ocrx_word' id='word_1_408' title='bbox 1687 276 1989 334; x_wconf 67' lang='lat' dir='ltr'><strong><em>CAESARI!</em></strong></span> <span class='ocrx_word' id='word_1_409' title='bbox 2030 272 2369 334; x_wconf 74' lang='lat' dir='ltr'><strong><em>GREGORII</em></strong></span> <span class='ocrx_word' id='word_1_410' title='bbox 2408 271 2708 329; x_wconf 77' lang='lat' dir='ltr'><strong><em>FBATRIS</em></strong></span> 
     </span>
    </p>
   </div>
   <div class='ocr_carea' id='block_1_60' title="bbox 3667 264 3774 322">
    <p class='ocr_par' dir='ltr' id='par_1_60' title="bbox 3667 264 3774 322">
     <span class='ocr_line' id='line_1_60' title="bbox 3667 264 3774 322; baseline 0 -1"><span class='ocrx_word' id='word_1_411' title='bbox 3667 264 3774 322; x_wconf 62' lang='lat'><strong><em>99&#39;}</em></strong></span> 
     </span>
    </p>
   </div>
   <div class='ocr_carea' id='block_1_61' title="bbox 2191 385 3771 467">
    <p class='ocr_par' dir='ltr' id='par_1_61' title="bbox 2191 385 3771 467">
     <span class='ocr_line' id='line_1_61' title="bbox 2191 385 3771 467; baseline -0.006 -21"><span class='ocrx_word' id='word_1_412' title='bbox 2191 393 2346 467; x_wconf 72' lang='grc' dir='ltr'><strong><em>Θεοῦο</em></strong></span> <span class='ocrx_word' id='word_1_413' title='bbox 2376 393 2517 447; x_wconf 80' lang='grc' dir='ltr'><strong><em>Ἐὰν</em></strong></span> <span class='ocrx_word' id='word_1_414' title='bbox 2538 390 2881 459; x_wconf 73' lang='grc' dir='ltr'><em>θέλητε,καὶ</em></span> <span class='ocrx_word' id='word_1_415' title='bbox 2901 387 3290 443; x_wconf 79' lang='grc' dir='ltr'><em>εὶσακούσετέ</em></span> <span class='ocrx_word' id='word_1_416' title='bbox 3314 404 3449 455; x_wconf 86' lang='grc' dir='ltr'><em>μου,</em></span> <span class='ocrx_word' id='word_1_417' title='bbox 3474 385 3550 439; x_wconf 86' lang='grc' dir='ltr'><em>τὰ</em></span> <span class='ocrx_word' id='word_1_418' title='bbox 3574 385 3771 455; x_wconf 68' lang='grc' dir='ltr'><em>ἀγαθὰ</em></span> 
     </span>
    </p>
   </div>
   <div class='ocr_carea' id='block_1_62' title="bbox 2189 475 3768 555">
    <p class='ocr_par' dir='ltr' id='par_1_62' title="bbox 2189 475 3768 555">
     <span class='ocr_line' id='line_1_62' title="bbox 2189 475 3768 555; baseline -0.006 -17"><span class='ocrx_word' id='word_1_419' title='bbox 2189 484 2298 554; x_wconf 82' lang='grc' dir='ltr'><strong><em>τῆς</em></strong></span> <span class='ocrx_word' id='word_1_420' title='bbox 2327 483 2438 555; x_wconf 72' lang='grc' dir='ltr'><strong><em>γῆς</em></strong></span> <span class='ocrx_word' id='word_1_421' title='bbox 2467 485 2729 552; x_wconf 73' lang='grc' dir='ltr'><em>φάγεσθε</em></span> <span class='ocrx_word' id='word_1_422' title='bbox 2767 496 2778 509; x_wconf 93' lang='grc'><strong>·</strong></span> <span class='ocrx_word' id='word_1_423' title='bbox 2817 481 2869 533; x_wconf 81' lang='grc' dir='ltr'><strong><em>εἰ</em></strong></span> <span class='ocrx_word' id='word_1_424' title='bbox 2897 478 3065 548; x_wconf 80' lang='grc' dir='ltr'><em>δὲμὴ</em></span> <span class='ocrx_word' id='word_1_425' title='bbox 3107 478 3340 545; x_wconf 73' lang='grc' dir='ltr'><em>θέλητε,</em></span> <span class='ocrx_word' id='word_1_426' title='bbox 3377 475 3476 529; x_wconf 78' lang='grc' dir='ltr'><strong><em>καὶ</em></strong></span> <span class='ocrx_word' id='word_1_427' title='bbox 3507 475 3594 545; x_wconf 75' lang='grc' dir='ltr'><em>μὴ</em></span> <span class='ocrx_word' id='word_1_428' title='bbox 3644 478 3768 529; x_wconf 78' lang='grc' dir='ltr'><strong><em>εἱσ-</em></strong></span> 
     </span>
    </p>
   </div>
   <div class='ocr_carea' id='block_1_63' title="bbox 2187 566 3770 643">
    <p class='ocr_par' dir='ltr' id='par_1_63' title="bbox 2187 566 3770 643">
     <span class='ocr_line' id='line_1_63' title="bbox 2187 566 3770 643; baseline -0.006 -17"><span class='ocrx_word' id='word_1_429' title='bbox 2187 573 2477 628; x_wconf 80' lang='grc' dir='ltr'><em>ακούσετέ</em></span> <span class='ocrx_word' id='word_1_430' title='bbox 2519 591 2636 643; x_wconf 82' lang='grc' dir='ltr'><strong><em>μου</em></strong></span> <span class='ocrx_word' id='word_1_431' title='bbox 2655 611 2670 636; x_wconf 90' lang='grc'><strong><em>,</em></strong></span> <span class='ocrx_word' id='word_1_432' title='bbox 2700 570 2963 640; x_wconf 81' lang='grc' dir='ltr'><em>μάχαιρα</em></span> <span class='ocrx_word' id='word_1_433' title='bbox 2991 568 3146 639; x_wconf 83' lang='grc' dir='ltr'><em>ὑμᾶς</em></span> <span class='ocrx_word' id='word_1_434' title='bbox 3174 567 3482 620; x_wconf 82' lang='grc' dir='ltr'><strong><em>κατέδεται</em></strong></span> <span class='ocrx_word' id='word_1_435' title='bbox 3514 583 3528 596; x_wconf 92' lang='grc'><strong>·</strong></span> <span class='ocrx_word' id='word_1_436' title='bbox 3558 567 3622 618; x_wconf 80' lang='grc' dir='ltr'><em>τὸ</em></span> <span class='ocrx_word' id='word_1_437' title='bbox 3661 566 3770 636; x_wconf 69' lang='grc' dir='ltr'><em>γὰρ</em></span> 
     </span>
    </p>
   </div>
   <div class='ocr_carea' id='block_1_64' title="bbox 2186 658 3769 736">
    <p class='ocr_par' dir='ltr' id='par_1_64' title="bbox 2186 658 3769 736">
     <span class='ocr_line' id='line_1_64' title="bbox 2186 658 3769 736; baseline -0.008 -15"><span class='ocrx_word' id='word_1_438' title='bbox 2186 667 2384 736; x_wconf 76' lang='grc' dir='ltr'><em>στόμα</em></span> <span class='ocrx_word' id='word_1_439' title='bbox 2416 667 2634 733; x_wconf 81' lang='grc' dir='ltr'><strong><em>Κυρίου</em></strong></span> <span class='ocrx_word' id='word_1_440' title='bbox 2667 663 2932 731; x_wconf 58' lang='lat' dir='ltr'><strong><em>excitier</em></strong></span> <span class='ocrx_word' id='word_1_441' title='bbox 2959 661 3173 716; x_wconf 83' lang='grc' dir='ltr'><em>ταῦτα.</em></span> <span class='ocrx_word' id='word_1_442' title='bbox 3223 659 3394 722; x_wconf 79' lang='grc' dir='ltr'><em>Αὐτὸς</em></span> <span class='ocrx_word' id='word_1_443' title='bbox 3419 658 3476 712; x_wconf 76' lang='grc' dir='ltr'><em>δὲ</em></span> <span class='ocrx_word' id='word_1_444' title='bbox 3507 661 3565 711; x_wconf 78' lang='grc' dir='ltr'><strong><em>ὲν</em></strong></span> <span class='ocrx_word' id='word_1_445' title='bbox 3593 659 3769 724; x_wconf 72' lang='grc' dir='ltr'><em>Εὐαγ-</em></span> 
     </span>
    </p>
   </div>
   <div class='ocr_carea' id='block_1_65' title="bbox 2187 751 3767 828">
    <p class='ocr_par' dir='ltr' id='par_1_65' title="bbox 2187 751 3767 828">
     <span class='ocr_line' id='line_1_65' title="bbox 2187 751 3767 828; baseline -0.007 -17"><span class='ocrx_word' id='word_1_446' title='bbox 2187 758 2384 828; x_wconf 74' lang='grc' dir='ltr'><em>γελίοις</em></span> <span class='ocrx_word' id='word_1_447' title='bbox 2433 755 2711 828; x_wconf 85' lang='grc' dir='ltr'><em>θεηγορῶν</em></span> <span class='ocrx_word' id='word_1_448' title='bbox 2744 756 2772 808; x_wconf 89' lang='grc' dir='ltr'>ὁ</span> <span class='ocrx_word' id='word_1_449' title='bbox 2821 753 3060 824; x_wconf 82' lang='grc' dir='ltr'><em>Κύριος,</em></span> <span class='ocrx_word' id='word_1_450' title='bbox 3097 751 3289 823; x_wconf 81' lang='grc' dir='ltr'><em>φησίν⁶</em></span> <span class='ocrx_word' id='word_1_451' title='bbox 3354 751 3767 818; x_wconf 57' lang='grc' dir='ltr'><em>Ἶερουσιιιιὴμ,</em></span> 
     </span>
    </p>
   </div>
   <div class='ocr_carea' id='block_1_66' title="bbox 2199 840 3766 919">
    <p class='ocr_par' dir='ltr' id='par_1_66' title="bbox 2199 840 3766 919">
     <span class='ocr_line' id='line_1_66' title="bbox 2199 840 3766 919; baseline -0.009 -14"><span class='ocrx_word' id='word_1_452' title='bbox 2199 849 2606 919; x_wconf 78' lang='grc' dir='ltr'><em>Ἰερουσαλὴμ,</em></span> <span class='ocrx_word' id='word_1_453' title='bbox 2627 849 2665 916; x_wconf 74' lang='grc' dir='ltr'>ἠ</span> <span class='ocrx_word' id='word_1_454' title='bbox 2690 847 3109 901; x_wconf 77' lang='grc' dir='ltr'><em>ἀποκτενοῦσα</em></span> <span class='ocrx_word' id='word_1_455' title='bbox 3129 844 3240 916; x_wconf 83' lang='grc'><strong><em>(67)</em></strong></span> <span class='ocrx_word' id='word_1_456' title='bbox 3263 843 3404 910; x_wconf 87' lang='grc' dir='ltr'><em>τοὺς</em></span> <span class='ocrx_word' id='word_1_457' title='bbox 3434 840 3766 910; x_wconf 61' lang='grc' dir='ltr'><em>προφήτας,</em></span> 
     </span>
    </p>
   </div>
   <div class='ocr_carea' id='block_1_67' title="bbox 2187 932 3771 1004">
    <p class='ocr_par' dir='ltr' id='par_1_67' title="bbox 2187 932 3771 1004">
     <span class='ocr_line' id='line_1_67' title="bbox 2187 932 3771 1004; baseline -0.008 -10"><span class='ocrx_word' id='word_1_458' title='bbox 2187 941 2285 995; x_wconf 77' lang='grc' dir='ltr'><em>καὶ</em></span> <span class='ocrx_word' id='word_1_459' title='bbox 2323 937 2726 993; x_wconf 71' lang='grc' dir='ltr'><em>λιθοϐολοῦσα</em></span> <span class='ocrx_word' id='word_1_460' title='bbox 2768 936 2908 1002; x_wconf 87' lang='grc' dir='ltr'><em>τοὺς</em></span> <span class='ocrx_word' id='word_1_461' title='bbox 2939 933 3469 1004; x_wconf 71' lang='grc' dir='ltr'><strong><em>ἀπεσταλμένους,</em></strong></span> <span class='ocrx_word' id='word_1_462' title='bbox 3507 932 3771 996; x_wconf 78' lang='grc' dir='ltr'><em>ποσάκις</em></span> 
     </span>
    </p>
   </div>
   <div class='ocr_carea' id='block_1_68' title="bbox 2187 1021 3770 1100">
    <p class='ocr_par' dir='ltr' id='par_1_68' title="bbox 2187 1021 3770 1100">
     <span class='ocr_line' id='line_1_68' title="bbox 2187 1021 3770 1100; baseline -0.008 -14"><span class='ocrx_word' id='word_1_463' title='bbox 2187 1030 2460 1100; x_wconf 79' lang='grc' dir='ltr'><em>ἠθέλησα</em></span> <span class='ocrx_word' id='word_1_464' title='bbox 2476 1028 2842 1098; x_wconf 77' lang='grc' dir='ltr'><strong><em>συναγαγεῖν</em></strong></span> <span class='ocrx_word' id='word_1_465' title='bbox 2863 1026 3017 1098; x_wconf 83' lang='grc' dir='ltr'><em>ὑμᾶς</em></span> <span class='ocrx_word' id='word_1_466' title='bbox 3041 1025 3156 1080; x_wconf 75' lang='grc' dir='ltr'><em>ὑπὸ</em></span> <span class='ocrx_word' id='word_1_467' title='bbox 3183 1024 3291 1091; x_wconf 86' lang='grc' dir='ltr'><em>τὰς</em></span> <span class='ocrx_word' id='word_1_468' title='bbox 3315 1021 3616 1093; x_wconf 73' lang='grc' dir='ltr'><em>πτέρυγάς</em></span> <span class='ocrx_word' id='word_1_469' title='bbox 3631 1039 3770 1091; x_wconf 80' lang='grc' dir='ltr'><em>μου,</em></span> 
     </span>
    </p>
   </div>
   <div class='ocr_carea' id='block_1_69' title="bbox 2187 1115 3767 1193">
    <p class='ocr_par' dir='ltr' id='par_1_69' title="bbox 2187 1115 3767 1193">
     <span class='ocr_line' id='line_1_69' title="bbox 2187 1115 3767 1193; baseline -0.004 -17"><span class='ocrx_word' id='word_1_470' title='bbox 2187 1122 2262 1176; x_wconf 84' lang='grc' dir='ltr'><em>ὃν</em></span> <span class='ocrx_word' id='word_1_471' title='bbox 2292 1124 2516 1193; x_wconf 79' lang='grc' dir='ltr'><em>τρόπον</em></span> <span class='ocrx_word' id='word_1_472' title='bbox 2553 1123 2717 1191; x_wconf 81' lang='grc' dir='ltr'><em>ὄρνις</em></span> <span class='ocrx_word' id='word_1_473' title='bbox 2760 1122 3009 1193; x_wconf 76' lang='grc' dir='ltr'><strong><em>συνάγει</em></strong></span> <span class='ocrx_word' id='word_1_474' title='bbox 3037 1124 3111 1176; x_wconf 82' lang='grc' dir='ltr'><strong><em>τὰ</em></strong></span> <span class='ocrx_word' id='word_1_475' title='bbox 3149 1120 3374 1175; x_wconf 82' lang='grc' dir='ltr'><em>νοσσιὰ</em></span> <span class='ocrx_word' id='word_1_476' title='bbox 3403 1115 3649 1185; x_wconf 80' lang='grc' dir='ltr'><em>ἑαυτῆς,</em></span> <span class='ocrx_word' id='word_1_477' title='bbox 3674 1119 3767 1170; x_wconf 73' lang='grc' dir='ltr'><em>καὶ</em></span> 
     </span>
    </p>
   </div>
   <div class='ocr_carea' id='block_1_70' title="bbox 2187 1210 3772 1282">
    <p class='ocr_par' dir='ltr' id='par_1_70' title="bbox 2187 1210 3772 1282">
     <span class='ocr_line' id='line_1_70' title="bbox 2187 1210 3772 1282; baseline -0.006 -12"><span class='ocrx_word' id='word_1_478' title='bbox 2187 1214 2672 1282; x_wconf 57' lang='grc' dir='ltr'><em>οὑκκήθελήσατε</em></span> <span class='ocrx_word' id='word_1_479' title='bbox 2695 1215 2716 1268; x_wconf 87' lang='lat'><strong><em>.’</em></strong></span> <span class='ocrx_word' id='word_1_480' title='bbox 2763 1216 2858 1269; x_wconf 76' lang='grc' dir='ltr'><strong><em>ἐπὶ</em></strong></span> <span class='ocrx_word' id='word_1_481' title='bbox 2893 1217 2954 1269; x_wconf 83' lang='grc' dir='ltr'><em>τὸ</em></span> <span class='ocrx_word' id='word_1_482' title='bbox 2995 1215 3170 1268; x_wconf 80' lang='grc' dir='ltr'><strong><em>θέλειν</em></strong></span> <span class='ocrx_word' id='word_1_483' title='bbox 3206 1212 3438 1266; x_wconf 76' lang='grc' dir='ltr'><em>ἑκάστου</em></span> <span class='ocrx_word' id='word_1_484' title='bbox 3481 1210 3772 1280; x_wconf 78' lang='grc' dir='ltr'><strong><em>ἀναφέρων</em></strong></span> 
     </span>
    </p>
   </div>
   <div class='ocr_carea' id='block_1_71' title="bbox 2185 1301 3774 1376">
    <p class='ocr_par' dir='ltr' id='par_1_71' title="bbox 2185 1301 3774 1376">
     <span class='ocr_line' id='line_1_71' title="bbox 2185 1301 3774 1376; baseline -0.004 -19"><span class='ocrx_word' id='word_1_485' title='bbox 2185 1304 2255 1357; x_wconf 82' lang='grc' dir='ltr'><strong><em>τά</em></strong></span> <span class='ocrx_word' id='word_1_486' title='bbox 2295 1305 2518 1375; x_wconf 81' lang='grc' dir='ltr'><em>αἱρετὰ,</em></span> <span class='ocrx_word' id='word_1_487' title='bbox 2558 1307 2590 1376; x_wconf 82' lang='grc' dir='ltr'>ἢ</span> <span class='ocrx_word' id='word_1_488' title='bbox 2623 1305 2868 1376; x_wconf 76' lang='grc' dir='ltr'><em>φευκτά,</em></span> <span class='ocrx_word' id='word_1_489' title='bbox 2915 1306 3007 1359; x_wconf 74' lang='grc' dir='ltr'><em>καὶ</em></span> <span class='ocrx_word' id='word_1_490' title='bbox 3047 1305 3148 1358; x_wconf 79' lang='grc' dir='ltr'><strong><em>οὐκ</em></strong></span> <span class='ocrx_word' id='word_1_491' title='bbox 3198 1304 3284 1357; x_wconf 77' lang='grc' dir='ltr'><strong><em>ἐπ’</em></strong></span> <span class='ocrx_word' id='word_1_492' title='bbox 3319 1301 3536 1371; x_wconf 83' lang='grc' dir='ltr'><em>ἀνάγκῃ</em></span> <span class='ocrx_word' id='word_1_493' title='bbox 3576 1302 3774 1370; x_wconf 74' lang='grc' dir='ltr'><em>εἱμαρ-</em></span> 
     </span>
    </p>
   </div>
   <div class='ocr_carea' id='block_1_72' title="bbox 2191 1393 3772 1470">
    <p class='ocr_par' dir='ltr' id='par_1_72' title="bbox 2191 1393 3772 1470">
     <span class='ocr_line' id='line_1_72' title="bbox 2191 1393 3772 1470; baseline -0.004 -20"><span class='ocrx_word' id='word_1_494' title='bbox 2191 1397 2362 1468; x_wconf 81' lang='grc' dir='ltr'><strong><em>μένης</em></strong></span> <span class='ocrx_word' id='word_1_495' title='bbox 2396 1397 2428 1468; x_wconf 86' lang='grc' dir='ltr'>ἢ</span> <span class='ocrx_word' id='word_1_496' title='bbox 2460 1399 2844 1470; x_wconf 81' lang='grc' dir='ltr'><strong><em>ἀστρονομίας.</em></strong></span> <span class='ocrx_word' id='word_1_497' title='bbox 2899 1399 2973 1450; x_wconf 81' lang='grc' dir='ltr'><strong><em>Οὐ</em></strong></span> <span class='ocrx_word' id='word_1_498' title='bbox 3003 1396 3112 1468; x_wconf 73' lang='grc' dir='ltr'><em>γὰρ</em></span> <span class='ocrx_word' id='word_1_499' title='bbox 3143 1396 3388 1466; x_wconf 77' lang='grc' dir='ltr'><em>ἡγήσατο</em></span> <span class='ocrx_word' id='word_1_500' title='bbox 3412 1394 3562 1462; x_wconf 78' lang='grc' dir='ltr'><em>ἡμᾶς</em></span> <span class='ocrx_word' id='word_1_501' title='bbox 3588 1393 3772 1461; x_wconf 75' lang='grc' dir='ltr'><em>ἁμαρ-</em></span> 
     </span>
    </p>
   </div>
   <div class='ocr_carea' id='block_1_73' title="bbox 2187 1482 3772 1570">
    <p class='ocr_par' dir='ltr' id='par_1_73' title="bbox 2187 1482 3772 1563">
     <span class='ocr_line' id='line_1_73' title="bbox 2187 1482 3772 1563; baseline -0.004 -22"><span class='ocrx_word' id='word_1_502' title='bbox 2187 1489 2466 1554; x_wconf 87' lang='grc' dir='ltr'><em>τάνοντας,</em></span> <span class='ocrx_word' id='word_1_503' title='bbox 2509 1491 2666 1563; x_wconf 82' lang='grc' dir='ltr'><em>εἴπερ</em></span> <span class='ocrx_word' id='word_1_504' title='bbox 2705 1490 2804 1558; x_wconf 77' lang='grc' dir='ltr'><em>τῆς</em></span> <span class='ocrx_word' id='word_1_505' title='bbox 2832 1489 3054 1542; x_wconf 78' lang='grc' dir='ltr'>ἐκείνων</span> <span class='ocrx_word' id='word_1_506' title='bbox 3094 1485 3374 1557; x_wconf 83' lang='grc' dir='ltr'><em>μεθοδείας</em></span> <span class='ocrx_word' id='word_1_507' title='bbox 3410 1482 3772 1553; x_wconf 75' lang='grc' dir='ltr'><em>ὑπεκεέμεθα.</em></span> 
     </span>
    </p>
   </div>
   <div class='ocr_carea' id='block_1_74' title="bbox 2764 1578 3196 1634">
    <p class='ocr_par' dir='ltr' id='par_1_74' title="bbox 2764 1578 3196 1634">
     <span class='ocr_line' id='line_1_74' title="bbox 2764 1578 3196 1634; baseline -0.007 0"><span class='ocrx_word' id='word_1_508' title='bbox 2764 1580 3013 1634; x_wconf 85' lang='grc' dir='ltr'><strong><em>ΠΕΥΣΙΣ</em></strong></span> <span class='ocrx_word' id='word_1_509' title='bbox 3054 1578 3196 1631; x_wconf 77' lang='lat' dir='ltr'><strong><em>PIB‘.</em></strong></span> 
     </span>
    </p>
   </div>
   <div class='ocr_carea' id='block_1_75' title="bbox 2262 1667 3773 1742">
    <p class='ocr_par' dir='ltr' id='par_1_75' title="bbox 2262 1667 3773 1742">
     <span class='ocr_line' id='line_1_75' title="bbox 2262 1667 3773 1742; baseline -0.004 -18"><span class='ocrx_word' id='word_1_510' title='bbox 2262 1671 2372 1724; x_wconf 69' lang='grc' dir='ltr'><strong><em>Καὶ</em></strong></span> <span class='ocrx_word' id='word_1_511' title='bbox 2403 1672 2450 1724; x_wconf 86' lang='grc' dir='ltr'>εἰ</span> <span class='ocrx_word' id='word_1_512' title='bbox 2483 1671 2649 1742; x_wconf 81' lang='grc' dir='ltr'><em>μηδὲν</em></span> <span class='ocrx_word' id='word_1_513' title='bbox 2683 1673 2745 1724; x_wconf 84' lang='grc' dir='ltr'><em>ἐκ</em></span> <span class='ocrx_word' id='word_1_514' title='bbox 2771 1671 2877 1725; x_wconf 84' lang='grc' dir='ltr'><strong><em>τῶν</em></strong></span> <span class='ocrx_word' id='word_1_515' title='bbox 2903 1671 3118 1742; x_wconf 78' lang='grc' dir='ltr'><em>ἄστρων</em></span> <span class='ocrx_word' id='word_1_516' title='bbox 3144 1667 3566 1740; x_wconf 75' lang='grc' dir='ltr'><em>εὐεργετῶνται,</em></span> <span class='ocrx_word' id='word_1_517' title='bbox 3599 1667 3633 1737; x_wconf 81' lang='grc' dir='ltr'>ἦ</span> <span class='ocrx_word' id='word_1_518' title='bbox 3660 1667 3773 1718; x_wconf 81' lang='grc' dir='ltr'><em>ἀδι-</em></span> 
     </span>
    </p>
   </div>
   <div class='ocr_carea' id='block_1_76' title="bbox 2197 1759 3775 1833">
    <p class='ocr_par' dir='ltr' id='par_1_76' title="bbox 2197 1759 3775 1833">
     <span class='ocr_line' id='line_1_76' title="bbox 2197 1759 3775 1833; baseline -0.003 -19"><span class='ocrx_word' id='word_1_519' title='bbox 2197 1761 2415 1815; x_wconf 75' lang='grc' dir='ltr'><em>κοῦνται</em></span> <span class='ocrx_word' id='word_1_520' title='bbox 2463 1763 2512 1816; x_wconf 78' lang='lat' dir='ltr'><strong><em>ol</em></strong></span> <span class='ocrx_word' id='word_1_521' title='bbox 2560 1763 2856 1833; x_wconf 81' lang='grc' dir='ltr'><em>ἄνθρωποι,</em></span> <span class='ocrx_word' id='word_1_522' title='bbox 2905 1761 3019 1824; x_wconf 83' lang='grc' dir='ltr'><em>πῶς</em></span> <span class='ocrx_word' id='word_1_523' title='bbox 3066 1761 3126 1813; x_wconf 76' lang='grc' dir='ltr'><em>τὸ</em></span> <span class='ocrx_word' id='word_1_524' title='bbox 3164 1760 3494 1828; x_wconf 81' lang='grc' dir='ltr'><em>Εὑαγγέλιον</em></span> <span class='ocrx_word' id='word_1_525' title='bbox 3523 1759 3775 1829; x_wconf 76' lang='grc' dir='ltr'><em>σεληνιαο</em></span> 
     </span>
    </p>
   </div>
   <div class='ocr_carea' id='block_1_77' title="bbox 2195 1848 3776 1924">
    <p class='ocr_par' dir='ltr' id='par_1_77' title="bbox 2195 1848 3776 1924">
     <span class='ocr_line' id='line_1_77' title="bbox 2195 1848 3776 1924; baseline -0.002 -18"><span class='ocrx_word' id='word_1_526' title='bbox 2195 1853 2456 1924; x_wconf 78' lang='grc' dir='ltr'><em>ζομένους</em></span> <span class='ocrx_word' id='word_1_527' title='bbox 2505 1854 2653 1922; x_wconf 83' lang='grc' dir='ltr'><strong><em>λέγει</em></strong></span> <span class='ocrx_word' id='word_1_528' title='bbox 2691 1855 2819 1920; x_wconf 77' lang='grc' dir='ltr'><em>τοὺς</em></span> <span class='ocrx_word' id='word_1_529' title='bbox 2863 1852 3288 1923; x_wconf 74' lang='grc' dir='ltr'><em>ἐπιληπτικοὺς,</em></span> <span class='ocrx_word' id='word_1_530' title='bbox 3329 1851 3640 1922; x_wconf 79' lang='grc' dir='ltr'><em>ἁφροῦντας</em></span> <span class='ocrx_word' id='word_1_531' title='bbox 3681 1848 3776 1903; x_wconf 75' lang='grc' dir='ltr'><em>καὶ</em></span> 
     </span>
    </p>
   </div>
   <div class='ocr_carea' id='block_1_78' title="bbox 2195 1944 2608 2016">
    <p class='ocr_par' dir='ltr' id='par_1_78' title="bbox 2195 1944 2608 2016">
     <span class='ocr_line' id='line_1_78' title="bbox 2195 1944 2608 2016; baseline 0.002 -18"><span class='ocrx_word' id='word_1_532' title='bbox 2195 1944 2563 2016; x_wconf 76' lang='grc' dir='ltr'><em>ρησσομένους</em></span> <span class='ocrx_word' id='word_1_533' title='bbox 2591 1963 2608 2012; x_wconf 87' lang='lat'><strong>;</strong></span> 
     </span>
    </p>
   </div>
   <div class='ocr_carea' id='block_1_79' title="bbox 2802 2037 3164 2104">
    <p class='ocr_par' dir='ltr' id='par_1_79' title="bbox 2802 2037 3164 2104">
     <span class='ocr_line' id='line_1_79' title="bbox 2802 2037 3164 2104; baseline 0 -14"><span class='ocrx_word' id='word_1_534' title='bbox 2802 2037 3164 2104; x_wconf 75' lang='grc' dir='ltr'><strong><em>Ἀπόκρισις.</em></strong></span> 
     </span>
    </p>
   </div>
   <div class='ocr_carea' id='block_1_80' title="bbox 2266 2123 3776 2200">
    <p class='ocr_par' dir='ltr' id='par_1_80' title="bbox 2266 2123 3776 2200">
     <span class='ocr_line' id='line_1_80' title="bbox 2266 2123 3776 2200; baseline -0.003 -18"><span class='ocrx_word' id='word_1_535' title='bbox 2266 2130 2756 2200; x_wconf 77' lang='grc' dir='ltr'><em>Σεληνιαζομένους</em></span> <span class='ocrx_word' id='word_1_536' title='bbox 2806 2129 2970 2200; x_wconf 70' lang='grc' dir='ltr'><em>φησὶ,</em></span> <span class='ocrx_word' id='word_1_537' title='bbox 3015 2127 3156 2182; x_wconf 81' lang='grc' dir='ltr'><em>κατὰ</em></span> <span class='ocrx_word' id='word_1_538' title='bbox 3202 2126 3301 2197; x_wconf 80' lang='grc' dir='ltr'><em>τὴν</em></span> <span class='ocrx_word' id='word_1_539' title='bbox 3345 2125 3636 2198; x_wconf 76' lang='grc' dir='ltr'><em>πρόχειρον</em></span> <span class='ocrx_word' id='word_1_540' title='bbox 3668 2123 3776 2178; x_wconf 76' lang='grc' dir='ltr'><em>τῶν</em></span> 
     </span>
    </p>
   </div>
   <div class='ocr_carea' id='block_1_81' title="bbox 2194 2215 3774 2294">
    <p class='ocr_par' dir='ltr' id='par_1_81' title="bbox 2194 2215 3774 2294">
     <span class='ocr_line' id='line_1_81' title="bbox 2194 2215 3774 2294; baseline -0.004 -18"><span class='ocrx_word' id='word_1_541' title='bbox 2194 2223 2403 2278; x_wconf 81' lang='grc' dir='ltr'>πολλῶν</span> <span class='ocrx_word' id='word_1_542' title='bbox 2427 2223 2702 2287; x_wconf 82' lang='grc' dir='ltr'><em>ὑπόνοιαν,</em></span> <span class='ocrx_word' id='word_1_543' title='bbox 2746 2223 2820 2294; x_wconf 85' lang='grc' dir='ltr'><em>μὴ</em></span> <span class='ocrx_word' id='word_1_544' title='bbox 2849 2220 3169 2293; x_wconf 81' lang='grc' dir='ltr'><strong><em>χωρούντων</em></strong></span> <span class='ocrx_word' id='word_1_545' title='bbox 3197 2218 3430 2272; x_wconf 78' lang='grc' dir='ltr'><em>ἀκοῦσαι</em></span> <span class='ocrx_word' id='word_1_546' title='bbox 3470 2219 3531 2271; x_wconf 76' lang='grc' dir='ltr'><em>τὺ</em></span> <span class='ocrx_word' id='word_1_547' title='bbox 3574 2215 3774 2286; x_wconf 64' lang='grc' dir='ltr'><em>ὑψηλδο</em></span> 
     </span>
    </p>
   </div>
   <div class='ocr_carea' id='block_1_82' title="bbox 2191 2307 3776 2386">
    <p class='ocr_par' dir='ltr' id='par_1_82' title="bbox 2191 2307 3776 2386">
     <span class='ocr_line' id='line_1_82' title="bbox 2191 2307 3776 2386; baseline -0.005 -18"><span class='ocrx_word' id='word_1_548' title='bbox 2191 2332 2369 2386; x_wconf 86' lang='grc' dir='ltr'><em>τερον.</em></span> <span class='ocrx_word' id='word_1_549' title='bbox 2407 2314 2559 2368; x_wconf 75' lang='grc' dir='ltr'><em>Ἐπεὶ</em></span> <span class='ocrx_word' id='word_1_550' title='bbox 2589 2313 2697 2385; x_wconf 78' lang='grc' dir='ltr'><em>γὰρ</em></span> <span class='ocrx_word' id='word_1_551' title='bbox 2738 2312 2964 2383; x_wconf 78' lang='grc' dir='ltr'><strong><em>σελήνῃ,</em></strong></span> <span class='ocrx_word' id='word_1_552' title='bbox 3012 2310 3105 2363; x_wconf 74' lang='grc' dir='ltr'><em>καὶ</em></span> <span class='ocrx_word' id='word_1_553' title='bbox 3139 2309 3303 2380; x_wconf 80' lang='grc' dir='ltr'><em>ἡλίῳ,</em></span> <span class='ocrx_word' id='word_1_554' title='bbox 3330 2310 3424 2362; x_wconf 77' lang='grc' dir='ltr'><em>καὶ</em></span> <span class='ocrx_word' id='word_1_555' title='bbox 3462 2309 3682 2378; x_wconf 77' lang='grc' dir='ltr'><strong><em>ἄστροις</em></strong></span> <span class='ocrx_word' id='word_1_556' title='bbox 3714 2307 3776 2360; x_wconf 67' lang='grc' dir='ltr'><em>τὸ</em></span> 
     </span>
    </p>
   </div>
   <div class='ocr_carea' id='block_1_83' title="bbox 2195 2400 3776 2474">
    <p class='ocr_par' dir='ltr' id='par_1_83' title="bbox 2195 2400 3776 2474">
     <span class='ocr_line' id='line_1_83' title="bbox 2195 2400 3776 2474; baseline -0.004 -17"><span class='ocrx_word' id='word_1_557' title='bbox 2195 2405 2357 2468; x_wconf 78' lang='grc' dir='ltr'><em>σέϐας</em></span> <span class='ocrx_word' id='word_1_558' title='bbox 2387 2404 2659 2474; x_wconf 82' lang='grc' dir='ltr'><strong><em>ἀπένεμον</em></strong></span> <span class='ocrx_word' id='word_1_559' title='bbox 2682 2404 2733 2454; x_wconf 80' lang='grc' dir='ltr'><strong><em>οἱ</em></strong></span> <span class='ocrx_word' id='word_1_560' title='bbox 2766 2402 3179 2473; x_wconf 76' lang='grc' dir='ltr'><em>ματαιόφρονες,</em></span> <span class='ocrx_word' id='word_1_561' title='bbox 3222 2400 3546 2471; x_wconf 78' lang='grc' dir='ltr'><em>βουλόμενος</em></span> <span class='ocrx_word' id='word_1_562' title='bbox 3579 2400 3776 2461; x_wconf 66' lang='grc' dir='ltr'><em>αὐτοὺς</em></span> 
     </span>
    </p>
   </div>
   <div class='ocr_carea' id='block_1_84' title="bbox 2193 2492 3779 2566">
    <p class='ocr_par' dir='ltr' id='par_1_84' title="bbox 2193 2492 3779 2566">
     <span class='ocr_line' id='line_1_84' title="bbox 2193 2492 3779 2566; baseline -0.004 -15"><span class='ocrx_word' id='word_1_563' title='bbox 2193 2499 2502 2566; x_wconf 79' lang='grc' dir='ltr'><strong><em>ἀπαγαγεῖν</em></strong></span> <span class='ocrx_word' id='word_1_564' title='bbox 2528 2499 2626 2566; x_wconf 84' lang='grc' dir='ltr'><em>τῆς</em></span> <span class='ocrx_word' id='word_1_565' title='bbox 2659 2495 2865 2557; x_wconf 77' lang='grc' dir='ltr'><strong><em>οἰκείας</em></strong></span> <span class='ocrx_word' id='word_1_566' title='bbox 2891 2494 3072 2564; x_wconf 76' lang='grc' dir='ltr'><em>δόξης,</em></span> <span class='ocrx_word' id='word_1_567' title='bbox 3103 2493 3176 2556; x_wconf 84' lang='grc' dir='ltr'><em>ὡς</em></span> <span class='ocrx_word' id='word_1_568' title='bbox 3205 2493 3297 2546; x_wconf 72' lang='grc' dir='ltr'><strong><em>ἐπὶ</em></strong></span> <span class='ocrx_word' id='word_1_569' title='bbox 3320 2492 3496 2565; x_wconf 74' lang='grc' dir='ltr'><em>βλάϐη</em></span> <span class='ocrx_word' id='word_1_570' title='bbox 3519 2492 3654 2560; x_wconf 84' lang='lat'><strong><em>(68),</em></strong></span> <span class='ocrx_word' id='word_1_571' title='bbox 3685 2494 3779 2546; x_wconf 73' lang='grc' dir='ltr'><em>καὶ</em></span> 
     </span>
    </p>
   </div>
   <div class='ocr_carea' id='block_1_85' title="bbox 2193 2581 3774 2660">
    <p class='ocr_par' dir='ltr' id='par_1_85' title="bbox 2193 2581 3774 2660">
     <span class='ocr_line' id='line_1_85' title="bbox 2193 2581 3774 2660; baseline -0.005 -20"><span class='ocrx_word' id='word_1_572' title='bbox 2193 2587 2369 2640; x_wconf 75' lang='grc' dir='ltr'><em>αἰτίαν</em></span> <span class='ocrx_word' id='word_1_573' title='bbox 2421 2586 2526 2638; x_wconf 85' lang='grc' dir='ltr'><strong><em>τῶν</em></strong></span> <span class='ocrx_word' id='word_1_574' title='bbox 2575 2583 2970 2660; x_wconf 79' lang='grc' dir='ltr'><em>δαιμονούντων</em></span> <span class='ocrx_word' id='word_1_575' title='bbox 3018 2582 3115 2653; x_wconf 78' lang='grc' dir='ltr'><strong><em>τὴν</em></strong></span> <span class='ocrx_word' id='word_1_576' title='bbox 3168 2582 3397 2652; x_wconf 80' lang='grc' dir='ltr'>σελήνην</span> <span class='ocrx_word' id='word_1_577' title='bbox 3453 2581 3774 2648; x_wconf 75' lang='grc' dir='ltr'><em>ὑποφαίνειο</em></span> 
     </span>
    </p>
   </div>
   <div class='ocr_carea' id='block_1_86' title="bbox 2192 2674 3780 2750">
    <p class='ocr_par' dir='ltr' id='par_1_86' title="bbox 2192 2674 3780 2750">
     <span class='ocr_line' id='line_1_86' title="bbox 2192 2674 3780 2750; baseline -0.011 -16"><span class='ocrx_word' id='word_1_578' title='bbox 2192 2682 2338 2745; x_wconf 80' lang='grc' dir='ltr'><em>ὅπως</em></span> <span class='ocrx_word' id='word_1_579' title='bbox 2386 2679 2757 2750; x_wconf 80' lang='grc' dir='ltr'><em>ναρκήσαντες</em></span> <span class='ocrx_word' id='word_1_580' title='bbox 2787 2677 2834 2730; x_wconf 88' lang='grc' dir='ltr'><strong><em>οἱ</em></strong></span> <span class='ocrx_word' id='word_1_581' title='bbox 2871 2675 3056 2748; x_wconf 73' lang='grc' dir='ltr'><em>ἐκείνῃ</em></span> <span class='ocrx_word' id='word_1_582' title='bbox 3084 2674 3468 2745; x_wconf 80' lang='grc' dir='ltr'><em>ποτνιώμενοι,</em></span> <span class='ocrx_word' id='word_1_583' title='bbox 3497 2676 3780 2747; x_wconf 48' lang='lat' dir='ltr'><strong><em>dno-mysi]-</em></strong></span> 
     </span>
    </p>
   </div>
   <div class='ocr_carea' id='block_1_87' title="bbox 2196 2767 3781 2839">
    <p class='ocr_par' dir='ltr' id='par_1_87' title="bbox 2196 2767 3781 2839">
     <span class='ocr_line' id='line_1_87' title="bbox 2196 2767 3781 2839; baseline -0.004 -14"><span class='ocrx_word' id='word_1_584' title='bbox 2196 2790 2328 2826; x_wconf 87' lang='grc' dir='ltr'><em>σωσι</em></span> <span class='ocrx_word' id='word_1_585' title='bbox 2352 2769 2444 2824; x_wconf 76' lang='grc' dir='ltr'><strong><em>τοῦ</em></strong></span> <span class='ocrx_word' id='word_1_586' title='bbox 2471 2769 2677 2823; x_wconf 82' lang='grc' dir='ltr'><em>εἰκαίου</em></span> <span class='ocrx_word' id='word_1_587' title='bbox 2707 2768 3070 2838; x_wconf 71' lang='grc' dir='ltr'><em>σεϐάσματος.</em></span> <span class='ocrx_word' id='word_1_588' title='bbox 3117 2768 3190 2820; x_wconf 80' lang='grc' dir='ltr'>Οὐ</span> <span class='ocrx_word' id='word_1_589' title='bbox 3229 2768 3338 2838; x_wconf 81' lang='grc' dir='ltr'><strong><em>γάρ</em></strong></span> <span class='ocrx_word' id='word_1_590' title='bbox 3372 2769 3466 2820; x_wconf 78' lang='grc' dir='ltr'><strong><em>ἐπὶ</em></strong></span> <span class='ocrx_word' id='word_1_591' title='bbox 3487 2768 3634 2838; x_wconf 71' lang='grc' dir='ltr'><em>λύμῃ</em></span> <span class='ocrx_word' id='word_1_592' title='bbox 3659 2767 3781 2839; x_wconf 79' lang='grc' dir='ltr'><em>βρο-</em></span> 
     </span>
    </p>
   </div>
   <div class='ocr_carea' id='block_1_88' title="bbox 2191 2859 3778 2931">
    <p class='ocr_par' dir='ltr' id='par_1_88' title="bbox 2191 2859 3778 2931">
     <span class='ocr_line' id='line_1_88' title="bbox 2191 2859 3778 2931; baseline -0.004 -15"><span class='ocrx_word' id='word_1_593' title='bbox 2191 2864 2301 2916; x_wconf 78' lang='grc' dir='ltr'><strong><em>τῶν</em></strong></span> <span class='ocrx_word' id='word_1_594' title='bbox 2343 2862 2468 2926; x_wconf 76' lang='grc' dir='ltr'><em>τοὺς</em></span> <span class='ocrx_word' id='word_1_595' title='bbox 2507 2860 2802 2930; x_wconf 79' lang='grc' dir='ltr'><em>φωστῆρας</em></span> <span class='ocrx_word' id='word_1_596' title='bbox 2840 2860 2868 2912; x_wconf 86' lang='grc' dir='ltr'>ὁ</span> <span class='ocrx_word' id='word_1_597' title='bbox 2895 2859 2988 2913; x_wconf 80' lang='grc' dir='ltr'><strong><em>τοῦ</em></strong></span> <span class='ocrx_word' id='word_1_598' title='bbox 3020 2860 3220 2923; x_wconf 76' lang='grc' dir='ltr'><em>παντὸς</em></span> <span class='ocrx_word' id='word_1_599' title='bbox 3263 2860 3602 2931; x_wconf 81' lang='grc' dir='ltr'><em>ἀρχιτέκτων</em></span> <span class='ocrx_word' id='word_1_600' title='bbox 3639 2859 3778 2912; x_wconf 72' lang='grc' dir='ltr'><em>ὲδεῐο</em></span> 
     </span>
    </p>
   </div>
   <div class='ocr_carea' id='block_1_89' title="bbox 2197 2951 3783 3024">
    <p class='ocr_par' dir='ltr' id='par_1_89' title="bbox 2197 2951 3783 3024">
     <span class='ocr_line' id='line_1_89' title="bbox 2197 2951 3783 3024; baseline -0.002 -17"><span class='ocrx_word' id='word_1_601' title='bbox 2197 2971 2335 3024; x_wconf 85' lang='grc' dir='ltr'><em>ματο</em></span> <span class='ocrx_word' id='word_1_602' title='bbox 2358 2953 2612 3023; x_wconf 76' lang='grc' dir='ltr'><em>Χριστὸς,</em></span> <span class='ocrx_word' id='word_1_603' title='bbox 2639 2953 2752 3006; x_wconf 83' lang='grc' dir='ltr'>ἀλλ’</span> <span class='ocrx_word' id='word_1_604' title='bbox 2783 2951 3092 3023; x_wconf 72' lang='grc' dir='ltr'><em>ἀκάθαρτον</em></span> <span class='ocrx_word' id='word_1_605' title='bbox 3121 2951 3336 3021; x_wconf 76' lang='grc' dir='ltr'><em>πνεῦμα</em></span> <span class='ocrx_word' id='word_1_606' title='bbox 3363 2951 3662 3023; x_wconf 77' lang='grc' dir='ltr'><em>ἐπιτηροῦν</em></span> <span class='ocrx_word' id='word_1_607' title='bbox 3685 2952 3783 3004; x_wconf 72' lang='grc' dir='ltr'><strong><em>αὖ-</em></strong></span> 
     </span>
    </p>
   </div>
   <div class='ocr_carea' id='block_1_90' title="bbox 2198 3043 3779 3114">
    <p class='ocr_par' dir='ltr' id='par_1_90' title="bbox 2198 3043 3779 3114">
     <span class='ocr_line' id='line_1_90' title="bbox 2198 3043 3779 3114; baseline 0.001 -19"><span class='ocrx_word' id='word_1_608' title='bbox 2198 3048 2306 3107; x_wconf 76' lang='grc' dir='ltr'><em>τοῖς</em></span> <span class='ocrx_word' id='word_1_609' title='bbox 2324 3045 2382 3097; x_wconf 55' lang='lat' dir='ltr'><strong><em>ab</em></strong></span> <span class='ocrx_word' id='word_1_610' title='bbox 2404 3043 2600 3096; x_wconf 83' lang='grc' dir='ltr'><em>τοιόνδε</em></span> <span class='ocrx_word' id='word_1_611' title='bbox 2633 3043 2837 3114; x_wconf 80' lang='grc' dir='ltr'><em>σχῆμα,</em></span> <span class='ocrx_word' id='word_1_612' title='bbox 2862 3044 3224 3108; x_wconf 80' lang='grc' dir='ltr'><em>ὲπιτωθάζειν</em></span> <span class='ocrx_word' id='word_1_613' title='bbox 3247 3043 3389 3095; x_wconf 72' lang='grc' dir='ltr'><em>τισὶν</em></span> <span class='ocrx_word' id='word_1_614' title='bbox 3407 3044 3779 3114; x_wconf 79' lang='grc' dir='ltr'><em>ὑπαγόμενον,</em></span> 
     </span>
    </p>
   </div>
   <div class='ocr_carea' id='block_1_91' title="bbox 2195 3135 3783 3207">
    <p class='ocr_par' dir='ltr' id='par_1_91' title="bbox 2195 3135 3783 3207">
     <span class='ocr_line' id='line_1_91' title="bbox 2195 3135 3783 3207; baseline 0.001 -20"><span class='ocrx_word' id='word_1_615' title='bbox 2195 3136 2319 3198; x_wconf 74' lang='grc' dir='ltr'><em>τοὺς</em></span> <span class='ocrx_word' id='word_1_616' title='bbox 2375 3135 2632 3204; x_wconf 80' lang='grc' dir='ltr'><em>εὐρίπους</em></span> <span class='ocrx_word' id='word_1_617' title='bbox 2682 3136 2774 3188; x_wconf 71' lang='grc' dir='ltr'><em>καὶ</em></span> <span class='ocrx_word' id='word_1_618' title='bbox 2818 3135 3136 3202; x_wconf 81' lang='grc' dir='ltr'><em>άνερίστους</em></span> <span class='ocrx_word' id='word_1_619' title='bbox 3180 3135 3389 3206; x_wconf 82' lang='grc' dir='ltr'><em>βροτῶν</em></span> <span class='ocrx_word' id='word_1_620' title='bbox 3437 3136 3530 3187; x_wconf 78' lang='grc' dir='ltr'><strong><em>ἐπὶ</em></strong></span> <span class='ocrx_word' id='word_1_621' title='bbox 3575 3137 3783 3207; x_wconf 80' lang='grc' dir='ltr'><em>γόητας</em></span> 
     </span>
    </p>
   </div>
   <div class='ocr_carea' id='block_1_92' title="bbox 2196 3227 3789 3299">
    <p class='ocr_par' dir='ltr' id='par_1_92' title="bbox 2196 3227 3789 3299">
     <span class='ocr_line' id='line_1_92' title="bbox 2196 3227 3789 3299; baseline 0.002 -21"><span class='ocrx_word' id='word_1_622' title='bbox 2196 3227 2288 3279; x_wconf 73' lang='grc' dir='ltr'><em>καὶ</em></span> <span class='ocrx_word' id='word_1_623' title='bbox 2326 3228 2623 3297; x_wconf 77' lang='grc' dir='ltr'><strong><em>διοτρεφεῖς</em></strong></span> <span class='ocrx_word' id='word_1_624' title='bbox 2669 3227 3008 3296; x_wconf 81' lang='grc' dir='ltr'><em>αὐτομολεῖν,</em></span> <span class='ocrx_word' id='word_1_625' title='bbox 3055 3229 3324 3299; x_wconf 77' lang='grc' dir='ltr'><em>προφάσει</em></span> <span class='ocrx_word' id='word_1_626' title='bbox 3367 3227 3625 3296; x_wconf 79' lang='grc' dir='ltr'><em>ἐπαοιδῆς</em></span> <span class='ocrx_word' id='word_1_627' title='bbox 3682 3229 3789 3281; x_wconf 77' lang='grc' dir='ltr'><em>καὶ</em></span> 
     </span>
    </p>
   </div>
   <div class='ocr_carea' id='block_1_93' title="bbox 2195 3318 3785 3391">
    <p class='ocr_par' dir='ltr' id='par_1_93' title="bbox 2195 3318 3785 3391">
     <span class='ocr_line' id='line_1_93' title="bbox 2195 3318 3785 3391; baseline 0.001 -21"><span class='ocrx_word' id='word_1_628' title='bbox 2195 3318 2286 3371; x_wconf 75' lang='grc' dir='ltr'><em>τοῦ</em></span> <span class='ocrx_word' id='word_1_629' title='bbox 2320 3318 2656 3389; x_wconf 81' lang='grc' dir='ltr'><em>διοχλοῦντος</em></span> <span class='ocrx_word' id='word_1_630' title='bbox 2697 3319 2988 3390; x_wconf 80' lang='grc' dir='ltr'><em>ἀνακωχῆς</em></span> <span class='ocrx_word' id='word_1_631' title='bbox 3061 3320 3324 3384; x_wconf 83' lang='grc' dir='ltr'><strong><em>Πολλάκις</em></strong></span> <span class='ocrx_word' id='word_1_632' title='bbox 3348 3321 3401 3373; x_wconf 78' lang='grc' dir='ltr'><em>δὲ</em></span> <span class='ocrx_word' id='word_1_633' title='bbox 3435 3319 3654 3391; x_wconf 73' lang='grc' dir='ltr'><em>ὁρῶμεν</em></span> <span class='ocrx_word' id='word_1_634' title='bbox 3679 3319 3785 3372; x_wconf 84' lang='grc' dir='ltr'><strong><em>κύ-</em></strong></span> 
     </span>
    </p>
   </div>
   <div class='ocr_carea' id='block_1_94' title="bbox 2195 3409 3786 3483">
    <p class='ocr_par' dir='ltr' id='par_1_94' title="bbox 2195 3409 3786 3483">
     <span class='ocr_line' id='line_1_94' title="bbox 2195 3409 3786 3483; baseline 0.001 -22"><span class='ocrx_word' id='word_1_635' title='bbox 2195 3427 2291 3472; x_wconf 83' lang='grc' dir='ltr'><strong><em>νας</em></strong></span> <span class='ocrx_word' id='word_1_636' title='bbox 2328 3409 2568 3480; x_wconf 79' lang='grc' dir='ltr'><em>κρύϐδην</em></span> <span class='ocrx_word' id='word_1_637' title='bbox 2603 3410 2999 3480; x_wconf 80' lang='grc' dir='ltr'><em>ἑφαλλομένους</em></span> <span class='ocrx_word' id='word_1_638' title='bbox 3024 3412 3190 3482; x_wconf 81' lang='grc' dir='ltr'><em>ἡμῖν,</em></span> <span class='ocrx_word' id='word_1_639' title='bbox 3220 3411 3312 3464; x_wconf 78' lang='grc' dir='ltr'><em>καὶ</em></span> <span class='ocrx_word' id='word_1_640' title='bbox 3356 3410 3415 3463; x_wconf 71' lang='grc' dir='ltr'><strong><em>οὗ</em></strong></span> <span class='ocrx_word' id='word_1_641' title='bbox 3455 3427 3636 3479; x_wconf 72' lang='grc' dir='ltr'><em>φαμεν</em></span> <span class='ocrx_word' id='word_1_642' title='bbox 3677 3411 3786 3483; x_wconf 81' lang='grc' dir='ltr'><em>τὴν</em></span> 
     </span>
    </p>
   </div>
   <div class='ocr_carea' id='block_1_95' title="bbox 2199 3499 3784 3573">
    <p class='ocr_par' dir='ltr' id='par_1_95' title="bbox 2199 3499 3784 3573">
     <span class='ocr_line' id='line_1_95' title="bbox 2199 3499 3784 3573; baseline 0.003 -23"><span class='ocrx_word' id='word_1_643' title='bbox 2199 3499 2426 3571; x_wconf 76' lang='grc' dir='ltr'><strong><em>σελήνην</em></strong></span> <span class='ocrx_word' id='word_1_644' title='bbox 2466 3503 2646 3555; x_wconf 81' lang='grc' dir='ltr'><em>αἰτίαν</em></span> <span class='ocrx_word' id='word_1_645' title='bbox 2676 3501 2770 3555; x_wconf 82' lang='grc' dir='ltr'><em>τοῦ</em></span> <span class='ocrx_word' id='word_1_646' title='bbox 2800 3502 3098 3572; x_wconf 77' lang='grc' dir='ltr'><em>δήγματος,</em></span> <span class='ocrx_word' id='word_1_647' title='bbox 3141 3503 3173 3571; x_wconf 74' lang='grc' dir='ltr'><strong>ἢ</strong></span> <span class='ocrx_word' id='word_1_648' title='bbox 3201 3503 3300 3572; x_wconf 74' lang='grc' dir='ltr'><em>τῆς</em></span> <span class='ocrx_word' id='word_1_649' title='bbox 3335 3503 3428 3556; x_wconf 74' lang='grc' dir='ltr'><strong><em>τοῦ</em></strong></span> <span class='ocrx_word' id='word_1_650' title='bbox 3458 3501 3598 3568; x_wconf 59' lang='lat' dir='ltr'><strong><em>gem</em></strong></span> <span class='ocrx_word' id='word_1_651' title='bbox 3631 3505 3784 3573; x_wconf 80' lang='grc' dir='ltr'><em>κινή-</em></span> 
     </span>
    </p>
   </div>
   <div class='ocr_carea' id='block_1_96' title="bbox 2199 3593 3779 3666">
    <p class='ocr_par' dir='ltr' id='par_1_96' title="bbox 2199 3593 3779 3666">
     <span class='ocr_line' id='line_1_96' title="bbox 2199 3593 3779 3666; baseline 0.002 -22"><span class='ocrx_word' id='word_1_652' title='bbox 2199 3609 2355 3656; x_wconf 86' lang='grc' dir='ltr'><em>σεως.</em></span> <span class='ocrx_word' id='word_1_653' title='bbox 2376 3593 2485 3646; x_wconf 70' lang='grc' dir='ltr'><strong><em>Καὶ</em></strong></span> <span class='ocrx_word' id='word_1_654' title='bbox 2498 3594 2716 3662; x_wconf 80' lang='grc' dir='ltr'><strong><em>οἰκέτης</em></strong></span> <span class='ocrx_word' id='word_1_655' title='bbox 2729 3593 3008 3657; x_wconf 75' lang='grc' dir='ltr'><strong><em>πολλάκις,</em></strong></span> <span class='ocrx_word' id='word_1_656' title='bbox 3027 3594 3384 3666; x_wconf 78' lang='grc' dir='ltr'><em>πληρηφαοῦς</em></span> <span class='ocrx_word' id='word_1_657' title='bbox 3405 3595 3779 3664; x_wconf 73' lang='grc' dir='ltr'><strong><em>ὑπαρχούσης,</em></strong></span> 
     </span>
    </p>
   </div>
   <div class='ocr_carea' id='block_1_97' title="bbox 2199 3683 3783 3756">
    <p class='ocr_par' dir='ltr' id='par_1_97' title="bbox 2199 3683 3783 3756">
     <span class='ocr_line' id='line_1_97' title="bbox 2199 3683 3783 3756; baseline 0.002 -21"><span class='ocrx_word' id='word_1_658' title='bbox 2199 3683 2332 3754; x_wconf 82' lang='grc' dir='ltr'><em>πρὸς</em></span> <span class='ocrx_word' id='word_1_659' title='bbox 2357 3683 2683 3753; x_wconf 85' lang='grc' dir='ltr'><em>δραπὲτειαν</em></span> <span class='ocrx_word' id='word_1_660' title='bbox 2703 3685 2934 3755; x_wconf 73' lang='grc' dir='ltr'><em>ἠγέρθη,</em></span> <span class='ocrx_word' id='word_1_661' title='bbox 2949 3685 3024 3755; x_wconf 77' lang='grc' dir='ltr'><em>τῷ</em></span> <span class='ocrx_word' id='word_1_662' title='bbox 3047 3687 3259 3756; x_wconf 71' lang='grc' dir='ltr'><em>ἐκείνης</em></span> <span class='ocrx_word' id='word_1_663' title='bbox 3279 3686 3420 3753; x_wconf 67' lang='grc' dir='ltr'><em>φωτὶ</em></span> <span class='ocrx_word' id='word_1_664' title='bbox 3446 3685 3624 3755; x_wconf 75' lang='grc' dir='ltr'><em>βοηθῷ</em></span> <span class='ocrx_word' id='word_1_665' title='bbox 3647 3687 3783 3753; x_wconf 73' lang='grc' dir='ltr'><em>πρὸς</em></span> 
     </span>
    </p>
   </div>
   <div class='ocr_carea' id='block_1_98' title="bbox 2197 3770 3785 3845">
    <p class='ocr_par' dir='ltr' id='par_1_98' title="bbox 2197 3770 3785 3845">
     <span class='ocr_line' id='line_1_98' title="bbox 2197 3770 3785 3845; baseline 0.003 -23"><span class='ocrx_word' id='word_1_666' title='bbox 2197 3771 2504 3824; x_wconf 80' lang='grc' dir='ltr'><em>ιῖικυποδίαν</em></span> <span class='ocrx_word' id='word_1_667' title='bbox 2533 3771 2832 3842; x_wconf 81' lang='grc' dir='ltr'><em>χρώμενος.</em></span> <span class='ocrx_word' id='word_1_668' title='bbox 2864 3770 2990 3845; x_wconf 70' lang='grc' dir='ltr'><strong><em>τΑρ’</em></strong></span> <span class='ocrx_word' id='word_1_669' title='bbox 3011 3771 3103 3826; x_wconf 75' lang='grc' dir='ltr'><strong><em>οὖν</em></strong></span> <span class='ocrx_word' id='word_1_670' title='bbox 3131 3773 3508 3843; x_wconf 81' lang='grc' dir='ltr'><em>αἰτιασώμεθα</em></span> <span class='ocrx_word' id='word_1_671' title='bbox 3537 3775 3634 3844; x_wconf 78' lang='grc' dir='ltr'><em>τῆς</em></span> <span class='ocrx_word' id='word_1_672' title='bbox 3657 3775 3785 3826; x_wconf 81' lang='grc' dir='ltr'><em>δυσ-</em></span> 
     </span>
    </p>
   </div>
   <div class='ocr_carea' id='block_1_99' title="bbox 2199 3860 3785 3934">
    <p class='ocr_par' dir='ltr' id='par_1_99' title="bbox 2199 3860 3785 3934">
     <span class='ocr_line' id='line_1_99' title="bbox 2199 3860 3785 3934; baseline 0.003 -22"><span class='ocrx_word' id='word_1_673' title='bbox 2199 3860 2417 3924; x_wconf 72' lang='grc' dir='ltr'><em>ϐουλίας</em></span> <span class='ocrx_word' id='word_1_674' title='bbox 2445 3860 2540 3913; x_wconf 81' lang='grc' dir='ltr'><em>τοῦ</em></span> <span class='ocrx_word' id='word_1_675' title='bbox 2571 3863 2902 3933; x_wconf 82' lang='grc' dir='ltr'><em>ὐποδράντος</em></span> <span class='ocrx_word' id='word_1_676' title='bbox 2937 3863 3035 3933; x_wconf 84' lang='grc' dir='ltr'><strong><em>τὴν</em></strong></span> <span class='ocrx_word' id='word_1_677' title='bbox 3065 3863 3342 3932; x_wconf 84' lang='grc' dir='ltr'><em>φαίνακα;</em></span> <span class='ocrx_word' id='word_1_678' title='bbox 3385 3865 3496 3917; x_wconf 76' lang='grc' dir='ltr'><strong><em>Καὶ</em></strong></span> <span class='ocrx_word' id='word_1_679' title='bbox 3518 3869 3546 3917; x_wconf 85' lang='grc' dir='ltr'>ὁ</span> <span class='ocrx_word' id='word_1_680' title='bbox 3589 3865 3785 3934; x_wconf 73' lang='grc' dir='ltr'><em>λάγνος</em></span> 
     </span>
    </p>
   </div>
   <div class='ocr_carea' id='block_1_100' title="bbox 2197 3953 3785 4022">
    <p class='ocr_par' dir='ltr' id='par_1_100' title="bbox 2197 3953 3785 4022">
     <span class='ocr_line' id='line_1_100' title="bbox 2197 3953 3785 4022; baseline 0.004 -18"><span class='ocrx_word' id='word_1_681' title='bbox 2197 3953 2456 4017; x_wconf 74' lang='grc' dir='ltr'><strong><em>πολλάκις</em></strong></span> <span class='ocrx_word' id='word_1_682' title='bbox 2498 3954 2560 4006; x_wconf 82' lang='grc' dir='ltr'><em>τὸ</em></span> <span class='ocrx_word' id='word_1_683' title='bbox 2593 3954 2806 4008; x_wconf 81' lang='grc' dir='ltr'><em>νύκτιον</em></span> <span class='ocrx_word' id='word_1_684' title='bbox 2849 3956 3038 4019; x_wconf 78' lang='grc' dir='ltr'><em>σκότος</em></span> <span class='ocrx_word' id='word_1_685' title='bbox 3083 3954 3290 4022; x_wconf 83' lang='grc' dir='ltr'><em>δεδιὼς,</em></span> <span class='ocrx_word' id='word_1_686' title='bbox 3327 3956 3468 4010; x_wconf 78' lang='grc' dir='ltr'><em>οἴκοι</em></span> <span class='ocrx_word' id='word_1_687' title='bbox 3498 3958 3785 4011; x_wconf 76' lang='grc' dir='ltr'><em>καθεύδειν</em></span> 
     </span>
    </p>
   </div>
   <div class='ocr_carea' id='block_1_101' title="bbox 2197 4044 3783 4120">
    <p class='ocr_par' dir='ltr' id='par_1_101' title="bbox 2197 4044 3783 4120">
     <span class='ocr_line' id='line_1_101' title="bbox 2197 4044 3783 4120; baseline 0.004 -24"><span class='ocrx_word' id='word_1_688' title='bbox 2197 4044 2475 4114; x_wconf 80' lang='grc' dir='ltr'><em>ἐπείγεται</em></span> <span class='ocrx_word' id='word_1_689' title='bbox 2494 4063 2508 4077; x_wconf 78' lang='grc' dir='ltr'><strong><em>ο</em></strong></span> <span class='ocrx_word' id='word_1_690' title='bbox 2533 4047 2600 4116; x_wconf 82' lang='grc' dir='ltr'><em>τῇ</em></span> <span class='ocrx_word' id='word_1_691' title='bbox 2627 4045 2682 4098; x_wconf 81' lang='grc' dir='ltr'><em>δὲ</em></span> <span class='ocrx_word' id='word_1_692' title='bbox 2707 4046 2905 4120; x_wconf 81' lang='grc' dir='ltr'><em>σελήνῃ</em></span> <span class='ocrx_word' id='word_1_693' title='bbox 2926 4048 3412 4118; x_wconf 74' lang='grc' dir='ltr'><em>καταυγαζομένης</em></span> <span class='ocrx_word' id='word_1_694' title='bbox 3437 4050 3538 4118; x_wconf 80' lang='grc' dir='ltr'><em>τῆς</em></span> <span class='ocrx_word' id='word_1_695' title='bbox 3568 4051 3783 4114; x_wconf 69' lang='grc' dir='ltr'><em>νυκτὸς,</em></span> 
     </span>
    </p>
   </div>
   <div class='ocr_carea' id='block_1_102' title="bbox 2197 4133 3786 4209">
    <p class='ocr_par' dir='ltr' id='par_1_102' title="bbox 2197 4133 3786 4209">
     <span class='ocr_line' id='line_1_102' title="bbox 2197 4133 3786 4209; baseline 0.004 -24"><span class='ocrx_word' id='word_1_696' title='bbox 2197 4133 2389 4186; x_wconf 82' lang='grc' dir='ltr'><em>θᾶττον</em></span> <span class='ocrx_word' id='word_1_697' title='bbox 2423 4134 2513 4186; x_wconf 74' lang='grc' dir='ltr'><strong><em>ἐπὶ</em></strong></span> <span class='ocrx_word' id='word_1_698' title='bbox 2547 4134 2606 4187; x_wconf 87' lang='grc' dir='ltr'><em>τὸ</em></span> <span class='ocrx_word' id='word_1_699' title='bbox 2646 4137 3064 4205; x_wconf 85' lang='grc' dir='ltr'><em>χαμαιτυπεῖον,</em></span> <span class='ocrx_word' id='word_1_700' title='bbox 3099 4137 3266 4189; x_wconf 82' lang='grc' dir='ltr'><em>ἵππου</em></span> <span class='ocrx_word' id='word_1_701' title='bbox 3299 4136 3456 4207; x_wconf 84' lang='grc' dir='ltr'><em>δίκην</em></span> <span class='ocrx_word' id='word_1_702' title='bbox 3489 4139 3786 4209; x_wconf 79' lang='grc' dir='ltr'><em>κροαίνων,</em></span> 
     </span>
    </p>
   </div>
   <div class='ocr_carea' id='block_1_103' title="bbox 2199 4221 3787 4301">
    <p class='ocr_par' dir='ltr' id='par_1_103' title="bbox 2199 4221 3787 4301">
     <span class='ocr_line' id='line_1_103' title="bbox 2199 4221 3787 4301; baseline 0.006 -26"><span class='ocrx_word' id='word_1_703' title='bbox 2199 4224 2535 4295; x_wconf 76' lang='grc' dir='ltr'><em>χρεμετίζων</em></span> <span class='ocrx_word' id='word_1_704' title='bbox 2574 4227 2667 4279; x_wconf 72' lang='grc' dir='ltr'><em>καὶ</em></span> <span class='ocrx_word' id='word_1_705' title='bbox 2708 4226 2866 4290; x_wconf 81' lang='grc' dir='ltr'><em>θέων,</em></span> <span class='ocrx_word' id='word_1_706' title='bbox 2903 4221 3036 4298; x_wconf 78' lang='grc' dir='ltr'><em>ἧκεν</em></span> <span class='ocrx_word' id='word_1_707' title='bbox 3083 4228 3423 4299; x_wconf 81' lang='grc' dir='ltr'><em>ὲπισκαίρων</em></span> <span class='ocrx_word' id='word_1_708' title='bbox 3465 4233 3536 4301; x_wconf 76' lang='grc' dir='ltr'><em>τῇ</em></span> <span class='ocrx_word' id='word_1_709' title='bbox 3567 4229 3787 4300; x_wconf 66' lang='grc' dir='ltr'><em>ἑταίρᾳ.</em></span> 
     </span>
    </p>
   </div>
   <div class='ocr_carea' id='block_1_104' title="bbox 2199 4310 3793 4388">
    <p class='ocr_par' dir='ltr' id='par_1_104' title="bbox 2199 4310 3793 4388">
     <span class='ocr_line' id='line_1_104' title="bbox 2199 4310 3793 4388; baseline 0.002 -21"><span class='ocrx_word' id='word_1_710' title='bbox 2199 4310 2265 4367; x_wconf 57' lang='grc' dir='ltr'><strong>*Α</strong></span> <span class='ocrx_word' id='word_1_711' title='bbox 2279 4316 2324 4385; x_wconf 85' lang='grc' dir='ltr'><em>ρ’</em></span> <span class='ocrx_word' id='word_1_712' title='bbox 2352 4311 2443 4368; x_wconf 81' lang='grc' dir='ltr'><strong><em>οὖν</em></strong></span> <span class='ocrx_word' id='word_1_713' title='bbox 2459 4315 2557 4386; x_wconf 81' lang='grc' dir='ltr'><em>τῆς</em></span> <span class='ocrx_word' id='word_1_714' title='bbox 2586 4316 2894 4386; x_wconf 78' lang='grc' dir='ltr'><em>μιαιϐαδίας</em></span> <span class='ocrx_word' id='word_1_715' title='bbox 2918 4317 3064 4369; x_wconf 80' lang='grc' dir='ltr'><em>αἰτία</em></span> <span class='ocrx_word' id='word_1_716' title='bbox 3090 4317 3122 4386; x_wconf 79' lang='grc' dir='ltr'><strong>ἡ</strong></span> <span class='ocrx_word' id='word_1_717' title='bbox 3149 4319 3220 4387; x_wconf 81' lang='grc' dir='ltr'><em>γῇ</em></span> <span class='ocrx_word' id='word_1_718' title='bbox 3249 4317 3340 4368; x_wconf 80' lang='grc' dir='ltr'><strong><em>ὑπ’</em></strong></span> <span class='ocrx_word' id='word_1_719' title='bbox 3363 4317 3596 4388; x_wconf 73' lang='grc' dir='ltr'><em>οὐρανὸν</em></span> <span class='ocrx_word' id='word_1_720' title='bbox 3619 4334 3793 4370; x_wconf 81' lang='grc' dir='ltr'><em>κατα-</em></span> 
     </span>
    </p>
   </div>
   <div class='ocr_carea' id='block_1_105' title="bbox 2203 4405 3794 4481">
    <p class='ocr_par' dir='ltr' id='par_1_105' title="bbox 2203 4405 3794 4481">
     <span class='ocr_line' id='line_1_105' title="bbox 2203 4405 3794 4481; baseline 0.001 -20"><span class='ocrx_word' id='word_1_721' title='bbox 2203 4407 2492 4477; x_wconf 79' lang='grc' dir='ltr'><em>λάμπουσα</em></span> <span class='ocrx_word' id='word_1_722' title='bbox 2524 4408 2651 4478; x_wconf 84' lang='grc' dir='ltr'><em>θείῳ</em></span> <span class='ocrx_word' id='word_1_723' title='bbox 2686 4410 3072 4480; x_wconf 84' lang='grc' dir='ltr'><em>προστάγματι</em></span> <span class='ocrx_word' id='word_1_724' title='bbox 3101 4426 3114 4474; x_wconf 92' lang='grc'>;</span> <span class='ocrx_word' id='word_1_725' title='bbox 3150 4405 3316 4479; x_wconf 86' lang='grc' dir='ltr'><em>Εἷργε</em></span> <span class='ocrx_word' id='word_1_726' title='bbox 3352 4410 3551 4462; x_wconf 75' lang='grc' dir='ltr'><em>σαυτὸν</em></span> <span class='ocrx_word' id='word_1_727' title='bbox 3576 4413 3674 4481; x_wconf 80' lang='grc' dir='ltr'><em>τῆς</em></span> <span class='ocrx_word' id='word_1_728' title='bbox 3700 4427 3794 4462; x_wconf 78' lang='grc' dir='ltr'><strong><em>σε-</em></strong></span> 
     </span>
    </p>
   </div>
   <div class='ocr_carea' id='block_1_106' title="bbox 2198 4501 3788 4572">
    <p class='ocr_par' dir='ltr' id='par_1_106' title="bbox 2198 4501 3788 4572">
     <span class='ocr_line' id='line_1_106' title="bbox 2198 4501 3788 4572; baseline 0.002 -20"><span class='ocrx_word' id='word_1_729' title='bbox 2198 4501 2425 4571; x_wconf 74' lang='grc' dir='ltr'><em>ληνικῆς</em></span> <span class='ocrx_word' id='word_1_730' title='bbox 2444 4502 2557 4572; x_wconf 78' lang='lat'><strong><em>(69)</em></strong></span> <span class='ocrx_word' id='word_1_731' title='bbox 2586 4502 2893 4570; x_wconf 84' lang='grc' dir='ltr'><em>παροινίας.</em></span> <span class='ocrx_word' id='word_1_732' title='bbox 2927 4502 3052 4565; x_wconf 85' lang='grc' dir='ltr'><strong><em>Τοῖς</em></strong></span> <span class='ocrx_word' id='word_1_733' title='bbox 3079 4503 3188 4572; x_wconf 77' lang='grc' dir='ltr'><strong><em>γάρ</em></strong></span> <span class='ocrx_word' id='word_1_734' title='bbox 3214 4501 3505 4566; x_wconf 79' lang='grc' dir='ltr'><em>εὐαλώτοις</em></span> <span class='ocrx_word' id='word_1_735' title='bbox 3531 4503 3788 4572; x_wconf 81' lang='grc' dir='ltr'><em>δαίμονες</em></span> 
     </span>
    </p>
   </div>
   <div class='ocr_carea' id='block_1_107' title="bbox 2199 4592 3792 4666">
    <p class='ocr_par' dir='ltr' id='par_1_107' title="bbox 2199 4592 3792 4666">
     <span class='ocr_line' id='line_1_107' title="bbox 2199 4592 3792 4666; baseline 0.001 -22"><span class='ocrx_word' id='word_1_736' title='bbox 2199 4593 2552 4662; x_wconf 82' lang='grc' dir='ltr'><em>ὑποσπείρειν</em></span> <span class='ocrx_word' id='word_1_737' title='bbox 2594 4592 2879 4652; x_wconf 72' lang='grc' dir='ltr'><em>εἰώθασιν,</em></span> <span class='ocrx_word' id='word_1_738' title='bbox 2920 4593 2979 4645; x_wconf 81' lang='grc' dir='ltr'><em>οὐ</em></span> <span class='ocrx_word' id='word_1_739' title='bbox 3022 4594 3180 4663; x_wconf 83' lang='grc' dir='ltr'><em>μόνον</em></span> <span class='ocrx_word' id='word_1_740' title='bbox 3217 4594 3344 4658; x_wconf 78' lang='grc' dir='ltr'><em>τοὺς</em></span> <span class='ocrx_word' id='word_1_741' title='bbox 3373 4595 3672 4666; x_wconf 76' lang='grc' dir='ltr'><em>φωστῆρας</em></span> <span class='ocrx_word' id='word_1_742' title='bbox 3704 4595 3792 4647; x_wconf 73' lang='grc' dir='ltr'><strong><em>αἰσ-</em></strong></span> 
     </span>
    </p>
   </div>
   <div class='ocr_carea' id='block_1_108' title="bbox 2197 4683 3787 4758">
    <p class='ocr_par' dir='ltr' id='par_1_108' title="bbox 2197 4683 3787 4758">
     <span class='ocr_line' id='line_1_108' title="bbox 2197 4683 3787 4758; baseline 0.004 -24"><span class='ocrx_word' id='word_1_743' title='bbox 2197 4683 2412 4735; x_wconf 74' lang='grc' dir='ltr'><em>τιάσθαι</em></span> <span class='ocrx_word' id='word_1_744' title='bbox 2434 4683 2541 4735; x_wconf 76' lang='grc' dir='ltr'><em>τῶν</em></span> <span class='ocrx_word' id='word_1_745' title='bbox 2565 4684 2771 4746; x_wconf 80' lang='grc' dir='ltr'><em>κακῶν,</em></span> <span class='ocrx_word' id='word_1_746' title='bbox 2795 4684 2929 4738; x_wconf 78' lang='grc' dir='ltr'>ἀλλὰ</span> <span class='ocrx_word' id='word_1_747' title='bbox 2958 4687 3052 4739; x_wconf 75' lang='grc' dir='ltr'><em>καὶ</em></span> <span class='ocrx_word' id='word_1_748' title='bbox 3078 4685 3238 4740; x_wconf 77' lang='grc' dir='ltr'><em>αὐτὸν</em></span> <span class='ocrx_word' id='word_1_749' title='bbox 3260 4687 3358 4757; x_wconf 76' lang='grc' dir='ltr'><em>ἤδη</em></span> <span class='ocrx_word' id='word_1_750' title='bbox 3387 4687 3478 4740; x_wconf 85' lang='grc' dir='ltr'><strong><em>τὸν</em></strong></span> <span class='ocrx_word' id='word_1_751' title='bbox 3511 4691 3787 4758; x_wconf 72' lang='grc' dir='ltr'><strong><em>Δημιουρ⁴</em></strong></span> 
     </span>
    </p>
   </div>
   <div class='ocr_carea' id='block_1_109' title="bbox 2199 4775 3786 4855">
    <p class='ocr_par' dir='ltr' id='par_1_109' title="bbox 2199 4775 3786 4855">
     <span class='ocr_line' id='line_1_109' title="bbox 2199 4775 3786 4855; baseline 0.001 -28"><span class='ocrx_word' id='word_1_752' title='bbox 2199 4776 2293 4848; x_wconf 80' lang='grc' dir='ltr'><strong><em>γὸν</em></strong></span> <span class='ocrx_word' id='word_1_753' title='bbox 2330 4775 2403 4840; x_wconf 83' lang='grc' dir='ltr'><em>ὡς</em></span> <span class='ocrx_word' id='word_1_754' title='bbox 2433 4776 2650 4846; x_wconf 79' lang='grc' dir='ltr'><strong><em>φαύλων</em></strong></span> <span class='ocrx_word' id='word_1_755' title='bbox 2684 4777 2777 4830; x_wconf 76' lang='grc' dir='ltr'><em>καὶ</em></span> <span class='ocrx_word' id='word_1_756' title='bbox 2830 4776 3416 4855; x_wconf 48' lang='grc' dir='ltr'><em>φθαρτικῶναοιητὴν</em></span> <span class='ocrx_word' id='word_1_757' title='bbox 3445 4779 3786 4831; x_wconf 79' lang='grc' dir='ltr'><em>διαϐάλλειν·</em></span> 
     </span>
    </p>
   </div>
   <div class='ocr_carea' id='block_1_110' title="bbox 2199 4868 3794 4940">
    <p class='ocr_par' dir='ltr' id='par_1_110' title="bbox 2199 4868 3794 4940">
     <span class='ocr_line' id='line_1_110' title="bbox 2199 4868 3794 4940; baseline -0.001 -18"><span class='ocrx_word' id='word_1_758' title='bbox 2199 4870 2246 4922; x_wconf 82' lang='grc' dir='ltr'><strong><em>οἱ</em></strong></span> <span class='ocrx_word' id='word_1_759' title='bbox 2274 4868 2331 4921; x_wconf 81' lang='grc' dir='ltr'><em>δὲ</em></span> <span class='ocrx_word' id='word_1_760' title='bbox 2356 4869 2563 4933; x_wconf 80' lang='grc' dir='ltr'><em>τούτοις</em></span> <span class='ocrx_word' id='word_1_761' title='bbox 2587 4868 2917 4940; x_wconf 82' lang='grc' dir='ltr'><em>πειθόμενοι,</em></span> <span class='ocrx_word' id='word_1_762' title='bbox 2943 4870 3003 4921; x_wconf 79' lang='grc' dir='ltr'><strong><em>οὐ</em></strong></span> <span class='ocrx_word' id='word_1_763' title='bbox 3035 4869 3154 4940; x_wconf 81' lang='grc' dir='ltr'><strong><em>Θεῷ</em></strong></span> <span class='ocrx_word' id='word_1_764' title='bbox 3180 4868 3524 4939; x_wconf 83' lang='grc' dir='ltr'><em>ἁλλὰ-σποδῷ</em></span> <span class='ocrx_word' id='word_1_765' title='bbox 3548 4885 3794 4940; x_wconf 79' lang='grc' dir='ltr'><em>προσκυ-</em></span> 
     </span>
    </p>
   </div>
   <div class='ocr_carea' id='block_1_111' title="bbox 2199 4960 3789 5032">
    <p class='ocr_par' dir='ltr' id='par_1_111' title="bbox 2199 4960 3789 5032">
     <span class='ocr_line' id='line_1_111' title="bbox 2199 4960 3789 5032; baseline 0.001 -19"><span class='ocrx_word' id='word_1_766' title='bbox 2199 4961 2370 5025; x_wconf 79' lang='grc' dir='ltr'><em>νοῦσι,</em></span> <span class='ocrx_word' id='word_1_767' title='bbox 2406 4961 2493 5014; x_wconf 81' lang='grc' dir='ltr'><strong><em>διά</em></strong></span> <span class='ocrx_word' id='word_1_768' title='bbox 2538 4960 2631 5014; x_wconf 82' lang='grc' dir='ltr'><em>τοῦ</em></span> <span class='ocrx_word' id='word_1_769' title='bbox 2672 4961 2997 5032; x_wconf 87' lang='grc' dir='ltr'><em>πατραλοίου</em></span> <span class='ocrx_word' id='word_1_770' title='bbox 3021 4961 3133 5032; x_wconf 81' lang='grc'><strong><em>(70)</em></strong></span> <span class='ocrx_word' id='word_1_771' title='bbox 3161 4963 3254 5014; x_wconf 71' lang='grc' dir='ltr'><em>καὶ</em></span> <span class='ocrx_word' id='word_1_772' title='bbox 3290 4961 3399 5015; x_wconf 85' lang='grc' dir='ltr'><strong><em>τῶν</em></strong></span> <span class='ocrx_word' id='word_1_773' title='bbox 3437 4963 3661 5017; x_wconf 71' lang='grc' dir='ltr'><em>οἰκείων</em></span> <span class='ocrx_word' id='word_1_774' title='bbox 3700 4962 3789 5015; x_wconf 77' lang='grc' dir='ltr'><strong><em>τὲ-</em></strong></span> 
     </span>
    </p>
   </div>
   <div class='ocr_carea' id='block_1_112' title="bbox 2203 5052 3792 5125">
    <p class='ocr_par' dir='ltr' id='par_1_112' title="bbox 2203 5052 3792 5125">
     <span class='ocr_line' id='line_1_112' title="bbox 2203 5052 3792 5125; baseline 0.001 -21"><span class='ocrx_word' id='word_1_775' title='bbox 2203 5069 2345 5104; x_wconf 84' lang='grc' dir='ltr'><em>κνων</em></span> <span class='ocrx_word' id='word_1_776' title='bbox 2382 5053 2509 5114; x_wconf 77' lang='grc' dir='ltr'><em>τοὺς</em></span> <span class='ocrx_word' id='word_1_777' title='bbox 2543 5052 2755 5123; x_wconf 79' lang='grc' dir='ltr'><em>γάμους</em></span> <span class='ocrx_word' id='word_1_778' title='bbox 2792 5052 3140 5123; x_wconf 79' lang='grc' dir='ltr'><em>φθείραντος,</em></span> <span class='ocrx_word' id='word_1_779' title='bbox 3190 5054 3287 5107; x_wconf 73' lang='grc' dir='ltr'><em>καὶ</em></span> <span class='ocrx_word' id='word_1_780' title='bbox 3330 5055 3388 5104; x_wconf 84' lang='grc' dir='ltr'><strong><em>ὲν</em></strong></span> <span class='ocrx_word' id='word_1_781' title='bbox 3435 5053 3599 5125; x_wconf 79' lang='grc' dir='ltr'><em>τάφῳ</em></span> <span class='ocrx_word' id='word_1_782' title='bbox 3639 5055 3792 5122; x_wconf 64' lang='grc' dir='ltr'><em>παρά</em></span> 
     </span>
    </p>
   </div>
   <div class='ocr_carea' id='block_1_113' title="bbox 2201 5141 3791 5218">
    <p class='ocr_par' dir='ltr' id='par_1_113' title="bbox 2201 5141 3791 5218">
     <span class='ocr_line' id='line_1_113' title="bbox 2201 5141 3791 5218; baseline 0 -20"><span class='ocrx_word' id='word_1_783' title='bbox 2201 5143 2386 5216; x_wconf 74' lang='grc' dir='ltr'><em>Κρησὶ</em></span> <span class='ocrx_word' id='word_1_784' title='bbox 2413 5143 2738 5216; x_wconf 52' lang='grc' dir='ltr'><em>φθαρέντος</em></span> <span class='ocrx_word' id='word_1_785' title='bbox 2775 5145 2912 5216; x_wconf 83' lang='grc' dir='ltr'><em>ὅπερ</em></span> <span class='ocrx_word' id='word_1_786' title='bbox 2936 5146 3034 5197; x_wconf 72' lang='grc' dir='ltr'><strong><em>οὐκ</em></strong></span> <span class='ocrx_word' id='word_1_787' title='bbox 3066 5144 3180 5198; x_wconf 75' lang='grc' dir='ltr'><em>ἔστι</em></span> <span class='ocrx_word' id='word_1_788' title='bbox 3217 5141 3364 5201; x_wconf 77' lang='grc' dir='ltr'><em>θεοῦ.</em></span> <span class='ocrx_word' id='word_1_789' title='bbox 3390 5141 3473 5198; x_wconf 85' lang='grc' dir='ltr'><strong>Οὐ</strong></span> <span class='ocrx_word' id='word_1_790' title='bbox 3513 5145 3625 5218; x_wconf 76' lang='grc' dir='ltr'><em>μὴν</em></span> <span class='ocrx_word' id='word_1_791' title='bbox 3656 5143 3791 5200; x_wconf 68' lang='grc' dir='ltr'><strong><em>ἀλλὰ</em></strong></span> 
     </span>
    </p>
   </div>
   <div class='ocr_carea' id='block_1_114' title="bbox 2197 5465 3788 5540">
    <p class='ocr_par' dir='ltr' id='par_1_114' title="bbox 2197 5465 3788 5540">
     <span class='ocr_line' id='line_1_114' title="bbox 2197 5465 3788 5540; baseline -0.004 -14"><span class='ocrx_word' id='word_1_792' title='bbox 2197 5481 2401 5532; x_wconf 87' lang='lat' dir='ltr'><strong><em>matus,</em></strong></span> <span class='ocrx_word' id='word_1_793' title='bbox 2433 5472 2667 5540; x_wconf 79' lang='lat' dir='ltr'><strong><em>pessime</em></strong></span> <span class='ocrx_word' id='word_1_794' title='bbox 2706 5484 2735 5522; x_wconf 88' lang='lat' dir='ltr'><strong><em>a</em></strong></span> <span class='ocrx_word' id='word_1_795' title='bbox 2783 5469 3022 5540; x_wconf 78' lang='lat' dir='ltr'><strong><em>librariis</em></strong></span> <span class='ocrx_word' id='word_1_796' title='bbox 3047 5475 3310 5540; x_wconf 82' lang='lat' dir='ltr'><strong><em>acceptus</em></strong></span> <span class='ocrx_word' id='word_1_797' title='bbox 3356 5466 3480 5520; x_wconf 89' lang='lat' dir='ltr'><strong><em>fuit.</em></strong></span> <span class='ocrx_word' id='word_1_798' title='bbox 3517 5465 3612 5521; x_wconf 88' lang='lat' dir='ltr'><strong><em>Sic</em></strong></span> <span class='ocrx_word' id='word_1_799' title='bbox 3643 5469 3788 5540; x_wconf 85' lang='lat' dir='ltr'><strong><em>enim</em></strong></span> 
     </span>
    </p>
   </div>
   <div class='ocr_carea' id='block_1_115' title="bbox 2198 5537 3789 5610">
    <p class='ocr_par' dir='ltr' id='par_1_115' title="bbox 2198 5537 3789 5610">
     <span class='ocr_line' id='line_1_115' title="bbox 2198 5537 3789 5610; baseline -0.004 -14"><span class='ocrx_word' id='word_1_800' title='bbox 2198 5544 2252 5596; x_wconf 90' lang='lat' dir='ltr'><strong><em>in</em></strong></span> <span class='ocrx_word' id='word_1_801' title='bbox 2282 5537 2512 5610; x_wconf 75' lang='lat' dir='ltr'><strong><em>vulgatis</em></strong></span> <span class='ocrx_word' id='word_1_802' title='bbox 2538 5543 2757 5607; x_wconf 73' lang='lat' dir='ltr'><strong><em>legitur.</em></strong></span> <span class='ocrx_word' id='word_1_803' title='bbox 2782 5539 2869 5592; x_wconf 70' lang='grc' dir='ltr'><em>διὰ</em></span> <span class='ocrx_word' id='word_1_804' title='bbox 2896 5539 2990 5610; x_wconf 81' lang='grc' dir='ltr'><em>τοῦ</em></span> <span class='ocrx_word' id='word_1_805' title='bbox 3024 5537 3327 5609; x_wconf 76' lang='grc' dir='ltr'><em>πατραλοῖα</em></span> <span class='ocrx_word' id='word_1_806' title='bbox 3450 5539 3789 5609; x_wconf 79' lang='grc' dir='ltr'><em>παρακρξσει</em></span> 
     </span>
    </p>
   </div>
   <div class='ocr_carea' id='block_1_116' title="bbox 2199 5608 3789 5682">
    <p class='ocr_par' dir='ltr' id='par_1_116' title="bbox 2199 5608 3789 5682">
     <span class='ocr_line' id='line_1_116' title="bbox 2199 5608 3789 5682; baseline -0.004 -16"><span class='ocrx_word' id='word_1_807' title='bbox 2199 5608 2491 5682; x_wconf 35' lang='lat' dir='ltr'><strong><em>ollae—Hie</em></strong></span> <span class='ocrx_word' id='word_1_808' title='bbox 2519 5627 2645 5665; x_wconf 85' lang='lat' dir='ltr'><strong><em>vero</em></strong></span> <span class='ocrx_word' id='word_1_809' title='bbox 2677 5611 2812 5682; x_wconf 83' lang='lat' dir='ltr'><strong><em>nihil</em></strong></span> <span class='ocrx_word' id='word_1_810' title='bbox 2843 5609 2985 5682; x_wconf 72' lang='lat' dir='ltr'><strong><em>vidit</em></strong></span> <span class='ocrx_word' id='word_1_811' title='bbox 3008 5608 3300 5682; x_wconf 83' lang='lat' dir='ltr'><strong><em>interpres.</em></strong></span> <span class='ocrx_word' id='word_1_812' title='bbox 3346 5608 3553 5682; x_wconf 60' lang='lat' dir='ltr'><strong><em>Locum</em></strong></span> <span class='ocrx_word' id='word_1_813' title='bbox 3578 5651 3592 5671; x_wconf 83' lang='lat'><strong><em>,</em></strong></span> <span class='ocrx_word' id='word_1_814' title='bbox 3626 5608 3789 5682; x_wconf 61' lang='lat' dir='ltr'><strong><em>prout</em></strong></span> 
     </span>
    </p>
   </div>
   <div class='ocr_carea' id='block_1_117' title="bbox 2198 5675 3792 5748">
    <p class='ocr_par' dir='ltr' id='par_1_117' title="bbox 2198 5675 3792 5748">
     <span class='ocr_line' id='line_1_117' title="bbox 2198 5675 3792 5748; baseline -0.004 -11"><span class='ocrx_word' id='word_1_815' title='bbox 2198 5675 2506 5745; x_wconf 53' lang='lat' dir='ltr'><strong><em>edidimus}</em></strong></span> <span class='ocrx_word' id='word_1_816' title='bbox 2559 5680 2799 5735; x_wconf 87' lang='lat' dir='ltr'><strong><em>restituit</em></strong></span> <span class='ocrx_word' id='word_1_817' title='bbox 2839 5675 3181 5748; x_wconf 80' lang='lat' dir='ltr'><strong><em>reddiditque</em></strong></span> <span class='ocrx_word' id='word_1_818' title='bbox 3213 5679 3528 5748; x_wconf 68' lang='lat' dir='ltr'><strong><em>Cotelerius</em></strong></span> <span class='ocrx_word' id='word_1_819' title='bbox 3568 5675 3643 5732; x_wconf 84' lang='lat' dir='ltr'><strong><em>ad</em></strong></span> <span class='ocrx_word' id='word_1_820' title='bbox 3692 5675 3792 5748; x_wconf 57' lang='lat' dir='ltr'><strong><em>Rc-</em></strong></span> 
     </span>
    </p>
   </div>
   <div class='ocr_carea' id='block_1_118' title="bbox 2197 5747 3787 5824">
    <p class='ocr_par' dir='ltr' id='par_1_118' title="bbox 2197 5747 3787 5824">
     <span class='ocr_line' id='line_1_118' title="bbox 2197 5747 3787 5824; baseline -0.004 -18"><span class='ocrx_word' id='word_1_821' title='bbox 2197 5755 2388 5824; x_wconf 82' lang='lat' dir='ltr'><strong><em>cognit.</em></strong></span> <span class='ocrx_word' id='word_1_822' title='bbox 2415 5754 2449 5808; x_wconf 86' lang='grc' dir='ltr'><strong><em>Ι.</em></strong></span> <span class='ocrx_word' id='word_1_823' title='bbox 2472 5769 2519 5806; x_wconf 85' lang='lat' dir='ltr'><strong><em>c.</em></strong></span> <span class='ocrx_word' id='word_1_824' title='bbox 2547 5752 2638 5822; x_wconf 92' lang='lat' dir='ltr'><strong><em>qui</em></strong></span> <span class='ocrx_word' id='word_1_825' title='bbox 2665 5761 2716 5808; x_wconf 88' lang='lat' dir='ltr'><strong><em>et</em></strong></span> <span class='ocrx_word' id='word_1_826' title='bbox 2741 5750 3056 5820; x_wconf 83' lang='lat' dir='ltr'><strong><em>suspicatur</em></strong></span> <span class='ocrx_word' id='word_1_827' title='bbox 3085 5747 3182 5821; x_wconf 86' lang='lat' dir='ltr'><strong><em>pro</em></strong></span> <span class='ocrx_word' id='word_1_828' title='bbox 3203 5747 3293 5801; x_wconf 85' lang='grc' dir='ltr'><strong><em>διά</em></strong></span> <span class='ocrx_word' id='word_1_829' title='bbox 3322 5747 3617 5818; x_wconf 80' lang='lat' dir='ltr'><strong><em>legendqu</em></strong></span> <span class='ocrx_word' id='word_1_830' title='bbox 3641 5747 3787 5812; x_wconf 79' lang='grc' dir='ltr'><em>Διός.</em></span> 
     </span>
    </p>
   </div>
  </div>
