4048 6222
294 293 399 347 997

291 422 485 480 χυσιν,
528 407 607 472 ὡς
651 407 745 462 ἐπὶ
784 408 942 481 τύπῴ
969 410 1074 464 τινὶ
1106 410 1515 483 διατεινομένην
1555 410 1632 483 τῷ
1656 412 1882 468 ὑποκει-

292 495 446 568 μένῳ
469 495 564 551 τοῦ
602 498 755 570 ἡλίου
796 499 955 572 δίκην
997 501 1225 566 σικύας,
1270 502 1357 556 διὰ
1394 502 1504 555 τῶν
1535 502 1772 557 ἀκτίνων
1816 503 1888 558 τά

290 585 431 657 νέφη
465 587 812 657 συνάγοντος,
843 591 937 643 καὶ
969 590 1157 661 ὥσπερ
1195 592 1433 665 καυτῆρι
1462 592 1540 666 τῷ
1570 592 1759 665 θερμῷ
1786 593 1888 659 τάς

291 676 583 750 ὐδροχύους
608 678 812 749 φλέϐας
844 680 1318 755 ἀναξηραίνοντος.

881 955 1129 1009 ΠΕΥΣΙΣ
1163 956 1309 1009 Ρ1Δ’.

363 1045 440 1098 Τὸ
483 1045 585 1117 μὲν
633 1044 926 1117 ἀρχέγονον
966 1047 1156 1111 σκότος
1196 1042 1359 1111 εἶπας
1400 1050 1467 1120 τῇ
1521 1048 1761 1104 διατάσει
1789 1049 1884 1103 τοῦ

290 1135 545 1209 οὐρανίου
574 1136 856 1205 γεγονέναι
886 1136 1158 1208 σώματος,
1174 1140 1269 1193 κοιλ⁵
1284 1137 1344 1194 εὗ
1372 1139 1486 1211 ἔχει
1512 1142 1640 1212 περὶ
1666 1140 1879 1194 τούτου.

290 1227 420 1290 Πῶς
449 1228 506 1280 δὲ
532 1228 631 1299 τὴν
664 1228 837 1282 νύκτα
866 1230 1083 1302 ὁρῶμεν
1106 1232 1429 1303 αὐτομάτως
1456 1232 1771 1305 γινομένην,
1793 1234 1885 1288 ού-

288 1319 403 1374 sm
429 1320 582 1392 τύπῳ
596 1327 614 1391 ί
619 1321 707 1392 79)
738 1324 975 1376 ὲκτυπου
983 1323 1150 1396 μένην
1168 1341 1184 1391 ;

916 1416 1279 1485 Ἀπόκρισις.

375 1506 659 1579 ’Δνωτέρω
694 1505 794 1578 μὲν
825 1507 917 1560 τὸν
953 1508 1084 1580 περὶ
1115 1508 1308 1573 νυκτὸς
1328 1509 1649 1564 ἀποδέδωκα
1686 1509 1878 1580 λόγον⁹

287 1596 509 1669 ἀμυδρᾷ
539 1598 595 1651 δὲ
624 1598 719 1651 καὶ
749 1595 845 1650 νῦν
882 1598 1050 1652 εἰκόνι
1087 1600 1433 1671 χρησάμενος
1460 1598 1771 1664 ἀποδείξων
1806 1599 1882 1672 μὴ

286 1692 615 1764 αὐτομάτως
653 1692 823 1765 αὐτὴν
865 1692 1251 1758 συνίστασθαι,
1299 1693 1435 1765 μηδὲ
1459 1693 1563 1759 ἔξω
1592 1693 1695 1764 τῆς
1732 1693 1883 1760 θείας

286 1785 493 1856 χειρός.
528 1785 740 1855 Ὥσπερ
779 1785 888 1854 γὰρ
936 1786 985 1838 ot
1038 1784 1239 1857 πύργοι
1287 1785 1392 1839 ὑπὸ
1432 1784 1544 1839 τῶν
1580 1786 1878 1857 οἰκοδόμων

286 1878 623 1949 ἐγείρονται,
670 1878 765 1930 καὶ
801 1876 882 1950 τά,
905 1875 1195 1949 λαξευτάἢ
1234 1877 1479 1949 χωνευτά
1502 1878 1606 1931 ὑπὸ
1629 1879 1875 1950 τεχνίτου

285 1948 473 2041 χειρὸς
505 1948 885 2037 διαγλύφεται,
909 1967 977 2022 τά
1008 1967 1065 2021 δὲ
1104 1948 1285 2022 αὐτῶν
1325 1948 1750 2042 ἀπσκιάσματα
1776 1971 1876 2043 οὐχ

288 2058 397 2113 ὕπὸ
427 2058 671 2129 τεχνίτου
710 2057 955 2127 γίνεσθαι
985 2058 1226 2129 πέφυκεν
1244 2100 1267 2125 ,.
1309 2059 1426 2113 ἀλλ’
1455 2060 1559 2114 ὑπὸ
1606 2060 1715 2115 τῶν
1743 2063 1889 2134 παρ’,

288 2151 519 2205 ἐκείνων
557 2149 867 2221 γενομένων
903 2150 1283 2205 ἀποτελεῖται·
1316 2154 1373 2206 ἐί
1414 2148 1508 2206 οὖν
1541 2153 1637 2208 καὶ
1675 2152 1880 2227 θάτερα

289 2241 540 2312 θατέροις
556 2241 682 2295 τινὰ
706 2241 1115 2313 παρυφίσταται
1138 2242 1298 2315 τύπῳ
1314 2244 1457 2308 τινὸς
1474 2244 1877 2317 ἐκτυπούμενα,

287 2332 407 2388 ἀλλ’
438 2329 533 2387 οὖν
559 2350 623 2403 γε
658 2335 708 2387 ot
745 2333 907 2388 τύποι
939 2335 1036 2388 ἀπ’
1068 2335 1247 2407 ἀρχῆς
1286 2337 1391 2390 ὑπὸ
1418 2339 1662 2408 τεχνίτου
1697 2338 1881 2409 χειρὸς

286 2427 549 2495 γεγόνασι
564 2443 576 2456 ·
596 2426 690 2479 καὶ
716 2428 749 2497 ἡ
774 2426 870 2491 νὺξ
891 2427 1071 2481 τοίνυν
1093 2430 1196 2483 οὐκ
1217 2429 1500 2501 αὐτομάτη
1535 2430 1877 2497 συνίσταται,

287 2518 429 2574 άλλά
450 2518 550 2589 τῆς
578 2519 775 2590 χέρσου
812 2520 1046 2593 ὑπάρχει
1064 2522 1440 2593 ἀποσκίασμα,
1466 2522 1649 2588 καθὼς
1679 2524 1879 2597 μικρὸν

288 2612 519 2683 ὕστερον
573 2611 876 2679 ἀποδείξω,
933 2612 1030 2666 νῦν
1081 2614 1230 2685 ἡμᾶς
1263 2613 1357 2667 τοῦ
1407 2614 1598 2685 καιροῦ
1645 2616 1737 2669 ἐπὶ
1779 2615 1879 2687 τὴν

285 2704 443 2759 θείαν
470 2703 578 2757 τῶν
614 2705 892 2776 μυστικῶν
928 2704 1151 2778 τελετὴν
1198 2705 1598 2771 συνωθοῦντος,
1656 2708 1751 2761 καὶ
1783 2707 1879 2761 τοῦ

286 2798 480 2854 θιάσου
502 2798 960 2871 καραδοκοῦντος.

364 2972 488 3046 (79)
520 2978 703 3044 ΐόπῳ.
732 2974 896 3032 Forte
923 2975 1097 3049 τύπῳ.
1139 2974 1235 3031 En.

688 3196 928 3206 .——————_—

302 3196 680 3211 ’.υ-ι*-

718 3370 1267 3460 ΔΙΑΛΟΓΟΣ
1341 3370 1462 3459 Γ’.

859 3687 1109 3740 ΠΕΥΣΙΣ
1147 3687 1297 3741 PIE'.

359 3800 505 3866 Χθὲς
551 3802 649 3872 τῆς
688 3799 838 3873 ὧρας
880 3798 1343 3869 κατεπειγούσης,
1369 3798 1609 3872 σήμερον
1643 3804 1778 3879 ἡμῖν
1811 3801 1882 3856 τά

285 3890 522 3963 λείψανα
552 3893 653 3963 τῆς
684 3892 962 3964 τραπέζης
989 3890 1205 3963 ἐκείνης
1254 3890 1476 3956 ἀπόδος,
1526 3892 1593 3945 τὰ
1627 3894 1756 3965 περὶ
1790 3912 1882 3948 νυ-

288 3985 421 4050 κτὸς
447 3987 582 4057 ἡμῖν
609 3985 958 4057 πλατυτέρως
988 3983 1326 4055 σαφηνίζων,
1350 3984 1445 4037 καὶ
1472 3983 1561 4037 διά
1582 3985 1636 4038 τί
1667 3986 1701 4056 ἡ
1724 3985 1883 4057 ἀρχέ-

288 4091 451 4146 τονος
485 4075 691 4150 ἡμέρα,
722 4076 782 4129 οὑ
817 4073 1009 4147 πρώτη
1050 4074 1202 4148 παρά
1240 4074 1340 4146 τῆς
1384 4075 1608 4146 Γραφῆς
1640 4075 1876 4148 εἴρηται,

291 4165 433 4219 ἀλλά
472 4166 571 4238 μία
596 4182 611 4197 ·
664 4166 802 4234 ὅπερ
845 4163 1115 4217 ἀνοίκειον
1150 4164 1288 4235 πρὸς
1336 4164 1435 4228 τάς
1470 4164 1755 4233 ἐπιγόνους
1786 4182 1879 4235 μοι

292 4259 565 4328 φαίνεται.
612 4257 674 4309 Et
709 4255 817 4326 γὰρ
847 4253 1080 4325 δευτέρα
1121 4255 1216 4308 καὶ
1255 4254 1418 4326 τρίτη
1451 4256 1508 4308 αί
1563 4257 1678 4326 μετ’
1707 4254 1880 4327 αὐτὴν

290 4350 673 4420 ὀνομάζονται,
701 4346 1127 4419 ἀκολουθότερον
1164 4343 1234 4417 ἦν
1266 4347 1652 4419 κατάρχουσαν
1694 4348 1879 4402 αὐτῶν

291 4439 521 4513 πρώτην
552 4440 650 4497 καὶ
675 4439 797 4509 οὐχὶ
829 4439 956 4510 μίαν
989 4438 1267 4508 λεχθῆναι.

906 4616 1269 4684 Ἀπόκρισις.

362 4734 438 4788 Τὸ
466 4732 864 4806 ἡμερονύκτιον
911 4730 1040 4802 μίαν
1082 4731 1246 4800 φησὶν
1279 4731 1514 4803 ἡμέραν,
1537 4731 1616 4803 τῷ
1638 4734 1875 4804 ἐπικρα-

291 4828 536 4898 τεστέρῳ
555 4825 650 4880 τοῦ
668 4825 869 4889 παντὸς
892 4824 1279 4896 διαστήματος,
1294 4824 1403 4877 τῶν
1422 4825 1879 4897 εἰκοσιτεσσάρων

290 4921 453 4991 ιῖνρῶν
477 4919 539 4972 τὸ
569 4917 736 4990 κῦρος
765 4917 1080 4988 ἀπένειμεν.
1118 4915 1274 4971 Οὕτω
1304 4916 1415 4988 γάρ
1457 4917 1686 4988 φράζειν
1718 4918 1879 4973 εἴωθε

291 5010 565 5083 πολλαχοῦ
594 5014 630 5082 ἡ
662 5012 782 5065 θεία
805 5009 1014 5081 Πυκτὴ,
1050 5010 1109 5062 ὲν
1136 5011 1203 5080 τῇ
1236 5007 1533 5080 ἀριθμήσει
1561 5007 1657 5062 τοῦ
1682 5010 1874 5081 χρόνου

226 5136 235 5144 -
289 5104 507 5180 ἡμέρας
539 5102 866 5177 ἀριθμοῦσα,
900 5102 1021 5173 οὐχὶ
1053 5100 1110 5154 δὲ
1154 5102 1247 5155 καὶ
1275 5100 1497 5165 νύκτας.
1543 5101 1787 5167 Ἀκούεις
1807 5102 1872 5176 δὴ

288 5195 388 5249 τοῦ
411 5194 558 5248 θείου
586 5193 825 5266 μελῳδοὖ
847 5209 861 5224 ο
882 5196 954 5249 Δί
984 5192 1193 5264 ἡμέραι
1218 5191 1371 5246 ἐτῶν
1386 5190 1556 5263 ἡμῶν
1581 5192 1651 5247 ἐν
1668 5194 1875 5263 αὐτοῖς

289 5286 705 5356 ἐϐδομήκοντα
724 5286 850 5354 ἐτη.
883 5286 997 5358 Πρὸ
1031 5284 1222 5340 τούτου
1249 5284 1307 5338 δὲ
1342 5283 1536 5339 Ἰακὼϐ
1562 5286 1591 5339 ὁ
1608 5287 1876 5359 πατριάρ-

290 5397 398 5451 χης
427 5380 592 5451 φησιν
614 5396 629 5410 ⁸
660 5382 729 5433 Al
766 5377 978 5448 ἡμέραι
1021 5375 1132 5446 τῆς
1176 5376 1325 5444 ζωῆς
1368 5394 1488 5447 μου
1519 5377 1726 5447 μικραί
1775 5379 1875 5434 καί

289 5472 575 5539 πονηραί.
614 5471 782 5526 Πάλιν
817 5470 874 5524 δὲ
916 5472 946 5524 ὁ
976 5469 1084 5524 τῶν
1115 5468 1274 5523 θείων
1304 5468 1540 5542 μελῳδύς
1565 5486 1701 5543 φησι
1720 5486 1736 5501 ’
1763 5471 1875 5526 Καὶ

291 5562 362 5617 τὸ
383 5562 687 5617 κατοικεῖν
711 5579 789 5633 με
817 5562 889 5616 ἐν
916 5562 1061 5626 οἴκῳ
1084 5561 1329 5630 Κυρίου,
1357 5560 1551 5630 πάσας
1604 5564 1712 5630 τὰς
1739 5563 1875 5634 ἠμέ-

286 5671 405 5726 ρας
440 5653 554 5724 τῆς
581 5653 731 5725 (diﬁc
759 5671 897 5725 μου.
946 5654 1019 5708 Οὐ
1050 5652 1157 5711 μὶν
1191 5652 1327 5708 ἀλλά
1358 5654 1452 5708 καὶ
1482 5656 1510 5708 ὁ
1536 5653 1679 5719 θεῖος
1707 5655 1865 5726 εὐαγι

371 5800 422 5832 ’⁸
451 5808 587 5866 Gen.
630 5825 670 5876 ι,
710 5806 761 5863 5.

1694 299 2043 361 DIALOGUS
2081 302 2168 361 Ill.

3465 305 3570 363 993

1987 416 2226 471 universi
2261 414 2428 485 hujus
2460 416 2756 487 adoratur;
2803 434 3033 491 prorsus
3064 428 3126 475 ut
3175 421 3333 491 periti
3367 425 3566 482 medici

1990 523 2097 562 non
2128 508 2384 563 recidunt
2419 525 2449 562 a
2497 513 2705 567 vertice
2735 511 2975 567 delatum
3007 512 3073 567 ad
3114 513 3306 569 oculos
3338 514 3568 581 lluwm,

1989 597 2062 671 ita
2093 613 2190 667 per
2220 596 2413 653 iridem
2445 614 2713 670 aquarum
2768 602 3102 659 infusiouem
3135 604 3283 659 velut
3308 606 3360 658 in
3395 606 3572 661 forma

1986 690 2223 759 quadam
2257 698 2535 745 extentam
2566 694 2620 745 in
2648 694 2897 763 subjecto
2929 697 3065 762 sole,
3112 696 3288 751 instar
3316 698 3573 752 cucurbi-

1989 781 2117 835 tulae
2151 797 2246 851 per
2267 782 2451 837 radios
2486 785 2660 840 nubes
2684 797 3075 858 congregante,
3110 803 3174 843 ac
3204 790 3363 843 veluti
3391 790 3572 845 calido

1986 873 2239 927 cauterio
2266 888 2466 943 aquam
2500 873 2795 930 fundentes
2825 891 2992 931 venas
3025 877 3361 933 exsiccante.

2411 964 2931 1022 INTERROGATIO
2971 967 3156 1023 CXIV.

1987 1068 2006 1083 '
2058 1056 2339 1113 Tenebras
2368 1060 2587 1128 quidem
2620 1060 2976 1131 primigenios
3001 1061 3187 1116 dixisti
3218 1078 3313 1132 per
3344 1078 3572 1132 separa-

1985 1147 2190 1202 tionem
2220 1151 2462 1205 cmlestis
2493 1154 2743 1219 corporis
2782 1154 3132 1222 essel‘actas,
3170 1154 3314 1223 quod
3346 1153 3567 1223 quidem

1984 1251 2132 1294 recte
2160 1240 2384 1296 dicitur.
2418 1241 2703 1311 Quomodo
2738 1261 2866 1299 vero
2892 1256 3104 1301 noctem
3131 1246 3381 1300 videmus
3407 1262 3544 1315 spon

1985 1339 2038 1385 te
2066 1331 2203 1399 ﬁeri,
2227 1333 2376 1387 nulla
2412 1333 2588 1389 forma
2622 1337 2981 1407 expressam?

2616 1425 2923 1496 Responsio.

2065 1512 2245 1586 Supra
2299 1517 2520 1588 quidem
2565 1519 2633 1575 de
2683 1529 2843 1584 nocte
2888 1523 3157 1578 rationem
3204 1520 3459 1586 reddidi,
3513 1531 3569 1577 et

1982 1621 2133 1662 nunc
2165 1609 2406 1666 obscura
2434 1612 2798 1669 similitudine
2828 1624 2986 1670 utens
3024 1614 3417 1674 demonstrabo
3457 1635 3568 1675 non

1984 1696 2214 1754 fortuito
2244 1701 2416 1771 ipsam
2448 1708 2750 1774 exstitisse,
2783 1723 2963 1779 neque
3002 1718 3157 1763 extra
3184 1708 3423 1764 divinam
3453 1727 3570 1766 ina-

1983 1804 2140 1844 num.
2192 1790 2665 1858 Quemadmodum
2700 1807 2880 1855 turres
2926 1801 2994 1854 ab
3040 1800 3439 1857 aediﬁcantibus
3473 1819 3570 1858 es-

1991 1894 2305 1950 struuntur,
2346 1894 2402 1940 et
2446 1891 2659 1960 sculpta
2691 1892 2775 1946 vel
2806 1892 3035 1946 conﬂata
3070 1909 3162 1964 per
3196 1896 3423 1950 artiﬁcis
3455 1911 3571 1950 ma-

1981 1991 2111 2031 num
2144 1976 2560 2048 perpoliuntur;
2610 1981 2679 2036 ab
2711 1981 2846 2053 ipsis
2892 1992 3076 2038 autem
3106 1986 3314 2041 umbrm
3341 1986 3569 2042 redditas

1982 2083 2093 2122 non
2128 2070 2196 2123 ab
2234 2070 2444 2126 artiﬁce
2470 2070 2586 2127 ﬁeri
2618 2074 2818 2139 solent,
2856 2077 2949 2130 sed
2981 2092 3079 2146 per
3118 2092 3181 2132 ea
3210 2094 3332 2148 qua:
3361 2078 3429 2133 ab
3460 2079 3569 2135 illis

1985 2160 2125 2215 facta
2160 2168 2291 2216 sunt
2320 2163 2650 2220 efﬁciuntur.
2680 2165 2917 2225 Proinde
2951 2170 2998 2224 si
3030 2171 3136 2225 alia
3163 2170 3410 2242 quredam
3440 2187 3567 2226 cum

1983 2254 2109 2309 aliis
2157 2249 2429 2314 exsistere
2477 2260 2680 2325 solent,
2734 2259 2910 2316 forma
2964 2263 3200 2333 alicujus
3245 2278 3502 2333 expressa
3549 2279 3565 2318 :

1984 2345 2170 2415 utique
2195 2354 2248 2401 et
2280 2346 2469 2404 formae
2494 2350 2562 2405 ab
2592 2352 2750 2405 initio
2782 2368 2945 2406 manu
2971 2354 3186 2424 opiﬁcis
3218 2353 3375 2409 facta»
3414 2360 3565 2409 sunt.

1968 2435 2218 2507 ideoque
2249 2454 2355 2493 nox
2387 2455 2607 2511 quoque
2635 2458 2745 2496 non
2770 2459 2866 2512 per
2895 2458 2955 2499 se
2982 2445 3225 2508 exsistit,
3250 2444 3343 2500 sed
3370 2444 3566 2498 umbra

1985 2538 2147 2584 terra:
2169 2538 2275 2596 est,
2302 2534 2765 2602 quemadmodum
2796 2535 2961 2604 paulo
2992 2542 3119 2605 post
3148 2536 3564 2601 demonstrabo,

1980 2622 2203 2691 quando
2261 2640 2362 2679 nos
2414 2626 2575 2680 modo
2630 2629 2771 2680 ratio
2816 2626 3086 2697 temporis
3138 2627 3204 2681 ad
3256 2628 3565 2698 peragenda

1981 2729 2138 2769 sacra
2202 2718 2503 2787 mysteria,
2562 2727 2755 2775 sancto
2814 2730 2961 2775 creta
3017 2734 3119 2775 nos
3169 2728 3564 2792 exspectante,

1984 2807 2285 2877 compellit.

3090 3204 3537 3222 .____—_.

2358 3362 2962 3454 DIALOGUS
3022 3366 3209 3453 ΙΙΙ.

2410 3678 2937 3738 INTERROGATIO
2974 3678 3139 3735 CXV.

2053 3798 2193 3867 Quia
2222 3806 2437 3870 tempus
2470 3797 2584 3852 beri
2620 3796 2743 3867 plus
2774 3809 2931 3866 aequo
2981 3810 3081 3850 nos
3106 3796 3355 3865 urgebat,
3403 3793 3562 3850 hodie

1981 3892 2141 3948 nobis
2173 3891 2317 3947 illius
2359 3906 2565 3948 mensa:
2600 3891 2859 3961 reliquias
2903 3890 3183 3959 exponito,
3234 3903 3465 3959 quaaque
3496 3888 3565 3943 de

1981 3980 2145 4037 nocte
2183 3981 2471 4036 tractanda
2518 3980 2766 4045 veniunt,
2812 3980 2975 4035 latius
3016 3978 3175 4035 nobis
3212 3978 3484 4046 edissere;
3510 3988 3567 4034 et

1981 4087 2151 4142 quare
2181 4071 2294 4127 dies
2324 4072 2423 4127 illa
2453 4072 2776 4144 primigenia
2821 4087 2930 4127 non
2963 4072 3036 4127 sit
3077 4071 3254 4139 prima
3301 4067 3476 4127 sacris
3506 4072 3564 4127 in

1981 4163 2201 4219 Litteris
2221 4165 2385 4229 dicta,
2411 4165 2504 4220 sed
2528 4181 2635 4219 una
2668 4165 2736 4219 ”.
2770 4163 2825 4219 Id
2856 4164 3002 4235 quod
3045 4164 3178 4218 mibi
3208 4164 3391 4218 minus
3427 4177 3561 4217 con-

1980 4258 2169 4312 venire
2201 4257 2417 4312 videtur
2456 4258 2522 4312 ad
2561 4275 2655 4315 eas
2688 4273 2810 4329 quae
2850 4265 2974 4328 post
3002 4263 3137 4312 orta:
3164 4265 3311 4312 sunt.
3353 4254 3486 4310 Nam
3513 4255 3562 4309 si

1981 4346 2221 4401 secunda
2243 4358 2296 4402 et
2322 4348 2480 4403 tertia
2511 4347 2682 4416 fuere,
2705 4363 2827 4419 qua:
2851 4356 2976 4418 post
3005 4347 3161 4402 istam
3186 4347 3559 4410 nominantur,

1980 4437 2396 4495 convenientius
2449 4447 2587 4505 erat,
2641 4453 2762 4494 eam
2812 4454 2935 4508 quae
3000 4437 3195 4493 barum
3239 4446 3357 4493 erat
3396 4451 3561 4493 exor-

1979 4528 2153 4596 dium,
2184 4528 2438 4599 primam,
2471 4547 2580 4587 non
2613 4547 2801 4598 unam,
2836 4532 2962 4589 dici.

2615 4622 2926 4695 Responsio.

2058 4738 2210 4793 Diem
2240 4752 2365 4793 cum
2398 4748 2559 4793 nocte
2601 4737 2973 4807 coniunctam,
2998 4737 3141 4794 diem
3177 4744 3340 4791 vocat
3367 4745 3561 4792 auctor

1988 4830 2251 4894 historiae,
2279 4829 2587 4899 potiorique
2640 4830 2781 4899 parti
2840 4830 3012 4885 totius
3054 4828 3322 4884 intervalli
3367 4828 3561 4900 viginti

1980 4931 2220 4992 quatuor
2251 4921 2536 4985 horarum,
2580 4923 2787 4991 primas
2821 4930 3003 4991 partes
3041 4922 3253 4977 tribuit.
3294 4921 3388 4977 Sic
3412 4920 3560 4977 enim

1981 5014 2172 5069 multis
2223 5013 2279 5067 in
2326 5012 2464 5069 locis
2497 5013 2682 5068 divina
2727 5014 2926 5084 pagina
2961 5013 3108 5084 loqui
3156 5014 3460 5081 consuevit,
3504 5013 3561 5067 in

1981 5105 2371 5176 supputatione
2394 5105 2660 5175 temporis
2690 5106 2809 5161 dies
2842 5118 3160 5173 numerans,
3198 5122 3304 5161 non
3350 5116 3559 5162 noctes.

1981 5196 2155 5252 Audis
2189 5196 2319 5267 quid
2349 5196 2496 5252 dicat
2527 5196 2833 5252 divinorum
2871 5197 2960 5253 ille
2986 5197 3290 5254 carminum
3322 5206 3514 5253 auctor
3543 5213 3558 5251 :

1983 5288 2108 5343 Dies
2140 5304 2400 5344 annorum
2444 5298 2750 5343 nostrorum
2794 5306 2959 5345 annos
2986 5291 3320 5361 septuaginta
3349 5288 3397 5321 ’δ
3423 5300 3561 5344 eon-

1985 5381 2180 5436 tinent.
2225 5381 2368 5435 Ante
2415 5379 2562 5435 hunc
2614 5389 2795 5435 autem
2842 5379 3080 5438 lacubus
3124 5381 3215 5435 ille
3246 5377 3560 5449 patriarcha

1984 5468 2163 5541 inquit
2209 5488 2225 5527 :
2273 5468 2396 5524 Dies
2452 5469 2575 5524 vita:
2620 5486 2747 5525 mea!
2797 5472 2955 5540 pauci
2981 5480 3029 5526 et
3065 5470 3193 5523 mali
3220 5470 3302 5522 *”.
3348 5467 3559 5524 Rursus

1980 5561 2125 5616 idem
2147 5568 2337 5617 auctor
2372 5559 2685 5617 divinorum
2725 5562 3031 5618 carminum
3079 5560 3307 5631 inquit:
3352 5557 3419 5613 Ut
3462 5560 3561 5615 Im-

1979 5643 2141 5706 bitem
2170 5654 2225 5706 in
2254 5652 2409 5707 domo
2448 5650 2664 5708 Domini
2696 5651 2937 5710 omnibus
2969 5650 3149 5737 diebus
3178 5652 3297 5709 vita
3336 5668 3465 5709 mm
3486 5653 3555 5707 “.

834 5805 881 5841 ⁸³
914 5804 1058 5862 Psal.
1090 5820 1275 5873 Lxxtx,
1310 5806 1393 5861 10.
1474 5808 1519 5841 ’⁸
1559 5806 1695 5863 Gen.
1742 5822 1908 5877 xuii,
1949 5807 2000 5864 9.
2082 5809 2130 5840 "
2170 5806 2315 5866 Psal.
2351 5822 2490 5877 xm,
2528 5808 2581 5865 6.
