3996 6202
481 265 584 321 999

478 382 622 450 Quin
664 386 718 431 et
763 374 922 430 divus
978 366 1152 438 inquit
1209 361 1538 432 evangelista
1577 357 1752 411 :Anle
1798 369 1890 406 sex
1945 350 2055 403 dies

481 445 702 532 i’aschc
751 468 888 522 venit
940 463 1097 516 Jesus
1139 463 1194 512 in
1244 454 1560 511 Betlmnimn
1593 450 1660 502 ".
1700 448 1763 502 Et
1794 445 2056 500 Dominus

479 568 596 637 ipse
635 559 898 617 divinitus
937 569 1067 609 suos
1111 552 1394 620 alloquens
1432 547 1553 599 ait:
1597 541 1757 596 Scitis
1809 545 1926 608 post
1973 534 2056 588 bi-

479 658 645 711 duum
687 663 864 706 actum
911 647 979 701 iri
1017 642 1225 698 Pascha
1265 639 1333 693 ".
1374 637 1717 705 Quapropter
1748 644 1869 700 quae
1912 639 2059 680 nunc

481 744 537 798 in
569 740 750 810 specie
786 733 1118 791 narrationis
1152 728 1345 784 tradita
1381 734 1530 789 sunt,
1570 737 1669 794 pro
1711 721 1828 791 lege
1872 721 1926 773 in
1974 731 2060 770 se-

481 808 776 906 quentibus
807 828 1108 882 habeantur
1134 841 1149 877 :
1185 821 1250 874 Et
1292 820 1411 888 fuit,
1456 817 1652 886 inquit,
1677 828 1854 882 vesper
1878 820 1929 864 ei
1958 808 2059 878 fuit

483 899 657 985 vitane,
684 918 795 971 dies
815 931 950 969 unus
976 915 1020 946 θ’
1052 929 1065 966 :
1093 925 1216 966 cum
1243 907 1485 976 diesjam
1517 913 1640 957 ante
1661 899 2058 971 praecessisset,

483 1010 692 1068 exstitit
731 1021 946 1076 vesper,
973 1020 1039 1060 ex
1080 1016 1303 1072 vespere
1346 1013 1473 1052 vero
1503 1012 1632 1060 nox,
1668 1011 1735 1049 ex
1777 1001 1934 1047 nocte
1961 1006 2060 1044 auc

483 1114 592 1158 tem
628 1115 809 1166 mane,
851 1098 940 1152 ubi
979 1096 1092 1167 jam
1139 1095 1302 1149 unius
1341 1092 1446 1147 diei
1484 1090 1609 1144 linis
1646 1098 1748 1154 est,
1801 1100 1922 1155 quae
1969 1097 2064 1152 per

483 1194 676 1267 viginti
723 1201 963 1263 quatuor
1015 1190 1180 1243 horas
1241 1185 1346 1239 diei
1402 1183 1666 1253 potiorem
1719 1186 1925 1248 partem
1960 1174 2062 1229 sibi

486 1286 744 1351 vindicat,
777 1281 1073 1339 subaudita
1100 1279 1354 1333 videlicet
1396 1281 1557 1328 nocte
1582 1271 1683 1327 sub
1703 1267 2064 1341 appellatione

485 1378 616 1440 diei,
643 1391 757 1446 -per
803 1374 994 1444 viginti
1046 1378 1286 1441 quatuor
1329 1371 1510 1422 horas.
1564 1362 1684 1428 Quo
1719 1361 1777 1415 fit
1809 1369 1870 1414 ut
1897 1358 2060 1413 etiam

487 1477 733 1538 tempore
779 1461 1203 1520 conversionum
1240 1457 1371 1513 solis
1412 1455 1747 1516 aestivarum,
1799 1465 1922 1520 qua:
1954 1447 2065 1504 sol-

487 1560 634 1618 stitia
665 1566 886 1621 vocant,
940 1563 1151 1610 noctem
1199 1551 1316 1606 dies
1361 1547 1662 1603 intervallis
1708 1544 1960 1600 excedat.
1996 1542 2066 1595 At

488 1660 735 1721 tempore
770 1648 916 1718 quod
967 1643 1296 1715 aequinoctio
1337 1639 1668 1696 destinatum
1697 1643 1804 1700 est,
1839 1648 2065 1703 prorsus

488 1746 704 1809 oportet
747 1747 1010 1804 utrasque
1047 1732 1287 1802 aequales
1315 1745 1458 1794 esse,
1491 1729 1730 1782 vicissim
1766 1742 1797 1780 a
1829 1741 1888 1780 se
1926 1723 2064 1778 invi-

489 1827 936 1886 cemaui‘erentes
989 1824 1043 1879 id
1095 1823 1238 1893 quod
1285 1822 1459 1878 deest.
1495 1818 1601 1873 Sed
1634 1828 1688 1873 et
1718 1817 1842 1872 παθη
1877 1814 2070 1878 facies,

493 1937 690 1978 rursus
715 1921 782 1974 ad
804 1918 1050 1974 eamdem
1078 1930 1295 1972 retersa
1323 1910 1792 1972 constitutionem,
1823 1922 1931 1962 una
1953 1906 2073 1961 dies

493 2015 690 2070 merito
739 2011 1074 2082 appellatur;
1131 2005 1592 2079 quemadmodum
1647 2003 1700 2057 in
1761 2010 1906 2056 terra
1957 1998 2070 2054 ﬁeri

491 2107 653 2172 solet,
687 2115 749 2160 ut
787 2103 1132 2174 interiectum
1181 2101 1251 2156 ab
1305 2115 1416 2154 uno
1457 2098 1653 2153 ﬂorum
1688 2102 1953 2166 proventu
2005 2092 2072 2146 ad

499 2199 691 2261 alium,
725 2206 961 2266 tempus,
993 2209 1172 2248 annus
1200 2200 1446 2248 vocetur.
1471 2188 1835 2256 Quamobrem
1860 2186 2074 2256 quoties

496 2305 692 2360 vesper
723 2299 775 2343 et
805 2303 966 2342 mane
997 2286 1301 2342 secundum
1338 2283 1470 2338 solis
1495 2281 1782 2336 circuitum
1807 2277 2070 2333 mundum

497 2386 752 2448 occupat,
779 2392 886 2431 non
922 2377 974 2430 in
1026 2385 1269 2445 tempore
1312 2373 1520 2442 majore
1564 2385 1727 2440 quam
1774 2368 1938 2424 unius
1967 2367 2072 2421 diei

498 2471 699 2542 spatio,
735 2467 1071 2539 signiﬁcetur
1096 2466 1214 2520 dies
1245 2479 1353 2518 una
1384 2479 1505 2518 cum
1541 2471 1698 2516 nocte
1726 2460 2074 2529 conjunetus,

505 2570 563 2617 et
597 2559 952 2616 luminarium
975 2557 1040 2610 ad
1076 2555 1314 2626 priorem
1337 2553 1781 2609 constitutionem
1813 2550 2074 2605 reversio.

497 2651 598 2708 Vel
626 2654 806 2722 potius
839 2649 1004 2704 tribui
1037 2649 1162 2718 plus
1195 2646 1397 2702 debere
1447 2645 1579 2700 milii
1627 2644 1842 2700 videtur
1877 2641 1952 2696 illi
1985 2656 2075 2696 ra-

498 2745 658 2809 tioni,
717 2758 837 2813 quae
891 2751 1101 2797 secreto
1154 2739 1409 2794 traditur.
1467 2736 1624 2803 Quod
1672 2735 1931 2790 nimirum
1983 2731 2076 2802 qui

501 2833 766 2904 temporis
795 2843 1046 2887 naturam
1078 2830 1208 2885 fecit
1255 2829 1416 2898 Deus,
1462 2828 1515 2882 in
1563 2841 1850 2882 mensuras
1881 2825 2000 2895 ejus
2026 2833 2080 2878 et

501 2929 678 2996 signa,
705 2927 916 2982 dierum
955 2922 1236 2978 intervalla
1277 2919 1630 2982 ordinaverit,
1667 2919 1956 2995 ipsumque
1983 2931 2079 2986 per

503 2993 898 3073 hebdomadem
957 3012 1270 3074 dimetiens,
1312 3024 1524 3077 semper
1567 2993 1963 3062 liedemadem
2021 3005 2075 3058 in

502 3109 852 3176 semetipsum
887 3102 1088 3158 revolvi
1124 3101 1302 3171 jubet,
1343 3099 1605 3170 temporis
1647 3099 1750 3152 hoc
1785 3097 1946 3151 modo
1995 3095 2078 3148 di-

505 3211 802 3252 numerans
831 3203 1062 3256 motum,
1099 3191 1241 3246 sicut
1270 3189 1662 3246 liebdomadem
1687 3203 1880 3242 rursus
1902 3186 2082 3256 explet

503 3287 655 3349 dies,
717 3282 915 3353 septies
965 3280 1019 3334 in
1071 3278 1417 3348 semetipsum
1467 3278 1732 3332 revoluta.
1791 3277 1849 3330 ld
1897 3265 2080 3330 autem

504 3371 791 3428 circularis
846 3378 937 3424 est.
971 3370 1166 3439 ligura,
1214 3383 1246 3422 a
1293 3367 1587 3438 semetipso
1630 3366 1887 3436 incipere,
1928 3375 1983 3420 et
2028 3364 2081 3419 in

506 3464 860 3533 semetipsum
910 3461 1160 3516 desinere
1213 3479 1226 3515 :
1280 3463 1427 3530 quod
1491 3459 1702 3516 scilicet
1768 3458 1932 3512 etiam
1981 3457 2083 3510 aevi

506 3552 788 3625 proprium
821 3559 934 3615 est;
973 3559 1027 3605 et
1073 3550 1124 3602 in
1161 3557 1332 3604 semet
1366 3548 1543 3618 ipsum
1572 3548 1768 3603 reverti
1809 3561 2082 3615 nusquam

509 3642 886 3696 terminatum.
918 3637 1204 3708 Propterea
1233 3650 1396 3708 caput
1424 3637 1690 3708 temporis
1717 3652 1823 3690 non
1851 3635 2084 3704 primam

509 3735 742 3796 dierum,
774 3733 867 3788 sed
899 3745 1060 3786 unam
1110 3731 1432 3796 nominavit,
1480 3738 1539 3784 ut
1575 3730 1688 3798 ipsa
1723 3728 2090 3798 appellatione

509 3825 886 3896 cognationem
913 3837 1035 3878 cum
1057 3839 1171 3877 aevo
1195 3823 1438 3877 haberet.
1471 3820 1917 3890 Quandoquidem
1943 3821 2088 3875 enim

511 3917 757 3978 unitatis,
786 3924 841 3970 et
870 3914 990 3984 ejus
1013 3915 1154 3985 quod
1182 3914 1589 3969 communionis
1613 3914 1680 3968 ad
1713 3913 1862 3968 aliud
1893 3928 2090 3983 expers

512 4013 619 4069 est,
655 4013 840 4058 notam
885 4002 1041 4057 nobis
1081 4004 1336 4066 ostendit,
1371 4001 1587 4072 proprie
1617 4010 1672 4055 et
1705 4002 2092 4057 convenienter

513 4096 778 4168 appellata
825 4105 908 4150 est
945 4110 1088 4157 una,
1131 4110 1256 4150 cum
1311 4095 1425 4163 ipsa
1473 4093 1527 4147 in
1580 4093 1756 4163 scipsa
1797 4107 1895 4162 per
1929 4106 2091 4146 omne

513 4186 772 4241 saeculum
803 4184 855 4237 in
889 4183 1122 4252 seipsam
1158 4181 1486 4236 revolvatur.

932 4310 1137 4366 INTER
1146 4310 1445 4366 RUGATIO
1482 4309 1669 4367 CXVI.

463 4515 466 4517 ἓ
592 4437 654 4492 Et
689 4453 926 4509 quonam
966 4447 1124 4507 pacto
1171 4438 1390 4494 Littera:
1430 4455 1600 4495 sacra:
1640 4441 1804 4496 multa
1844 4456 1966 4498 esse
1995 4457 2096 4497 sa:-

514 4527 640 4580 cula
668 4527 1126 4590 demonstrantes,
1163 4527 1360 4581 saecula
1405 4537 1602 4582 vocant
1637 4529 1996 4583 saeculorum?
2031 4530 2097 4584 Et

483 4676 486 4677 ν
520 4617 751 4674 Davides
783 4619 835 4672 in
878 4619 984 4672 line
1025 4619 1219 4688 psalmi
1259 4620 1389 4674 dicit
1421 4639 1434 4675 :
1472 4620 1808 4691 Conﬁlemini
1848 4623 2093 4686 Domino,

519 4709 658 4772 caeli,
689 4709 940 4778 quoniam
963 4709 1020 4762 in
1056 4710 1233 4762 omnia
1269 4709 1465 4762 stecula
1512 4711 1877 4764 misericordia
1897 4712 2013 4779 ejus
2039 4712 2098 4764 ‘?

521 4793 590 4847 Et
619 4811 811 4850 rursus
839 4796 980 4851 idem
1005 4813 1018 4849 :
1055 4795 1321 4850 Exallabo
1354 4805 1422 4858 te,
1450 4795 1590 4850 Deus
1618 4813 1785 4864 meus,
1807 4814 1899 4851 rex
1929 4815 2094 4864 mens,

518 4891 573 4935 et
605 4881 903 4938 benedicam
929 4902 1116 4940 nomen
1152 4896 1301 4940 tuum
1341 4889 1395 4939 in
1445 4889 1720 4953 swculum,
1760 4897 1808 4942 et
1835 4890 1889 4942 in
1925 4905 2096 4943 swcu-

520 4971 636 5025 lnm
663 4975 845 5028 necati
867 4965 920 5018 ’ἲ
938 4978 1076 5031 Ecce
1105 4977 1209 5031 tria
1235 4978 1429 5033 saecula
1456 4978 1509 5032 in
1544 4979 1840 5036 centesimo
1861 4981 2098 5050 quadra-

524 5063 733 5132 gesimo
768 5075 965 5133 quarto
1004 5069 1234 5138 psalmo.
1277 5068 1382 5124 Sed
1412 5079 1467 5125 et
1500 5071 1554 5125 in
1592 5071 1662 5126 iis
1701 5088 1822 5140 qua:
1843 5071 2098 5127 dicuntur

525 5165 558 5205 ο
587 5163 867 5205 sacrorum
897 5154 1180 5220 ministris,
1207 5156 1319 5212 Deo
1347 5159 1645 5228 gratiarum
1677 5161 1943 5215 actionem
1973 5159 2099 5216 οσο-

525 5243 873 5306 rentibus,et
910 5243 1195 5314 imperium
1240 5251 1292 5303 in
1338 5253 1522 5307 omnia
1565 5253 1948 5321 tribuentibus,
1982 5255 2098 5311 haec

526 5333 760 5405 proferri
794 5335 1043 5391 audimus
1075 5354 1088 5391 :
1127 5334 1414 5404 Imperium
1434 5351 1484 5395 et
1508 5359 1740 5412 regnum,
1765 5352 1811 5397 et
1837 5352 2092 5411 potestas.

1495 241 1555 297 S.
1595 233 1896 294 CAESAR"
1933 225 2270 290 GREGORII
2325 222 2626 280 FllATRlS

3608 216 3752 271 ιοοο

2167 343 2421 413 γελιστής
2452 357 2616 409 φησιν
2639 352 2651 366 ο
2680 335 2800 404 Πρὸ
2834 333 2903 398 ἐξ
2938 329 3176 403 ἡμερῶν
3199 329 3303 384 τοῦ
3319 327 3536 398 Πάσχα
3564 326 3756 399 tilde-s-

2161 440 2194 491 ὁ
2239 434 2471 505 Ἰησοῦς
2497 434 2584 497 εἰς
2601 427 2925 497 Βηθανίαν.
2951 424 3122 486 Αὐτὸς
3143 422 3201 475 δὲ
3221 421 3524 492 Θεηγορῶν,
3553 422 3723 491 φησίν
3740 439 3752 451 ·

2165 527 2398 590 οἴδατε,
2443 525 2536 578 ὅτι
2575 522 2725 594 μετὰ
2767 520 2877 574 δύο
2909 519 3136 587 ἡμέρας
3166 515 3233 570 τὸ
3262 514 3478 584 Πάσχα
3499 515 3754 583 γίνεται.

2171 618 2261 682 Ὠς
2283 621 2352 672 τά
2380 618 2475 671 νῦν
2509 619 2565 670 ἐν
2596 613 2837 685 ἱστορίας
2870 611 3000 664 εῖδει
3039 608 3433 681 παραδοθέντα,
3459 607 3757 677 νομοθεσία

2164 713 2402 783 ὑπάρχει
2427 709 2563 781 πρὸς
2588 707 2660 761 τὰ
2685 707 2812 776 ἑξῆς
2834 723 2847 735 ·
2882 703 2994 757 Καὶ
3023 702 3293 773 ἐγένετο,
3324 699 3759 770 φησ¹ιν,ἐσπέρα

2161 807 2262 862 καί
2301 804 2537 875 ἐγένετο
2581 800 2760 869 πρωῒ,
2794 797 2986 868 ἡμέρα
3013 797 3149 865 μία·
3184 794 3429 866 δηλονότι
3461 797 3760 864 προϋπαρ-

2163 898 2368 970 χούσης
2401 894 2501 966 τῆς
2531 893 2746 964 ἡμέρας
2778 889 2995 959 ἐγένετο
3028 887 3258 959 ἑσπέρα,
3291 887 3358 940 ὲκ
3379 885 3434 938 δὲ
3465 885 3568 955 τῆς
3590 884 3763 937 ἐσπέ-

2164 1007 2284 1062 ρας,
2315 985 2433 1051 νὺξ,
2465 988 2530 1038 ἐκ
2559 985 2614 1037 δὲ
2644 983 2742 1054 τῆς
2769 979 2964 1043 νυκτὸς
3002 975 3169 1049 πρωῒ,
3196 975 3327 1029 ἔνθα
3357 973 3701 1046 περατοῦται
3723 973 3762 1044 ἠ

2167 1087 2266 1157 μία
2298 1083 2500 1155 ἡμέρα,
2552 1078 2642 1133 διὰ
2671 1077 2780 1131 τῶν
2823 1075 3100 1146 τεττάρων
3139 1071 3234 1126 καὶ
3260 1070 3431 1124 εἴκοσι
3462 1068 3627 1140 ὡρῶν
3655 1067 3766 1136 τῆς

2169 1179 2298 1249 μιᾶς
2329 1175 2540 1247 ἡμέρας
2579 1171 2640 1224 τὸ
2666 1167 2832 1240 κῦρος
2858 1167 3076 1237 ἔχουσα,
3111 1162 3628 1230 συνυπακουομένης
3665 1157 3768 1228 δη-

2164 1269 2340 1322 λονότι
2371 1266 2466 1336 τῆς
2497 1263 2698 1326 νυκτὸς
2721 1264 2790 1332 τῇ
2823 1259 3006 1330 ἡμέρᾳ
3037 1255 3126 1310 διὰ
3155 1255 3265 1309 τῶν
3295 1253 3772 1321 εἰκοσιτεσσάρων

2165 1359 2343 1431 ὡρῶν.
2379 1358 2540 1409 Ὥστε
2570 1353 2667 1406 καὶ
2711 1352 2771 1404 ἐν
2796 1351 2917 1412 ταῖς
2943 1348 3172 1418 τροπαῖς
3199 1343 3296 1399 τοῦ
3328 1342 3479 1414 ἡλίου
3514 1340 3768 1411 συμϐαί-

2166 1469 2246 1505 νει
2295 1447 2502 1517 ταύτην
2540 1443 2759 1514 ἐκείνης
2808 1439 3160 1509 ὑπερϐαίνειν
3201 1438 3314 1498 τοῖς
3367 1432 3771 1501 διαστήμασιν.

2180 1539 2341 1603 Ἀλλὰ
2371 1537 2495 1591 τότε
2547 1531 2917 1604 ἀφωρισμένῳ
2969 1528 3147 1600 χρόνῳ
3195 1527 3294 1595 τῆς
3325 1522 3643 1595 ἰσημερίας,
3683 1520 3777 1572 δεῖ

2169 1634 2387 1695 πάντως
2413 1627 2718 1699 ἰσομοίρους
2741 1622 3029 1694 τυγχάνειν
3053 1619 3388 1690 ἀμφοτέρας,
3410 1612 3779 1683 ἀντισπωμέ-

2175 1743 2272 1787 νας
2292 1722 2427 1793 παρ’
2465 1718 2710 1788 ἀλλήλων
2739 1716 2800 1770 τὸ
2828 1715 3031 1768 λεῖπον.
3084 1711 3195 1763 Καὶ
3238 1707 3394 1780 ἠτοῦ
3432 1702 3674 1774 οὐρανοῦ
3712 1702 3775 1755 δὲ

2174 1812 2297 1882 ὄψις
2323 1792 2418 1864 ἐπὶ
2449 1808 2547 1879 τὴν
2571 1806 2740 1876 αὐτὴν
2767 1803 2932 1858 πάλιν
2958 1797 3421 1859 ἀποκατάστασιν,
3449 1794 3547 1864 μία
3575 1792 3781 1862 ἡμέρα

2174 1901 2400 1965 εἰκότως
2447 1895 2915 1970 προσαγορεύεται
2937 1910 2950 1925 ο
2995 1893 3134 1962 ὅπερ
3158 1889 3269 1942 ’καὶ
3297 1887 3389 1940 ἐπὶ
3429 1886 3529 1956 τῆς
3561 1883 3781 1953 χέρσου

2159 1993 2422 2075 ,γίνεσθαι
2445 1991 2708 2060 πέφυκεν,
2733 1989 2798 2042 ἐκ
2822 1987 2924 2056 τῆς
2963 1984 3134 2053 αὐτῆς
3167 1978 3492 2052 ἅνθοφορίας
3541 1976 3638 2030 ἐπὶ
3665 1976 3782 2046 τὴν

2175 2086 2366 2157 αὐτὴν,
2385 2083 2628 2137 ἐνιαυτὸν
2649 2078 3029 2151 ὀνομάζεσθαι.
3050 2077 3215 2130 Ὥστε
3233 2068 3325 2126 οὖν
3345 2073 3534 2133 ὁσάκις
3554 2068 3781 2138 ἑσπέρα

2177 2177 2272 2231 καὶ
2305 2173 2451 2247 πρωῒ
2489 2173 2631 2227 κατὰ
2677 2171 2777 2243 τὴν
2805 2168 2898 2224 τοῦ
2937 2168 3088 2240 ἡλίου
3118 2163 3365 2238 περίοδον
3393 2159 3780 2229 ἐπιλαμϐάνει

2177 2268 2270 2322 τδν
2301 2267 2530 2338 κόσμον,
2571 2265 2646 2336 μὴ
2670 2267 2727 2318 ὲν
2755 2263 2962 2316 πλείονι
2991 2258 3192 2330 καιρῷ,
3223 2256 3334 2312 ἀλλ’
3366 2257 3422 2308 ὲν
3461 2254 3592 2324 μιᾶς
3629 2253 3783 2322 ἡμέο

2184 2378 2280 2430 ρας
2337 2359 2668 2428 διαστήματι
2708 2351 3067 2426 σημαίνεσθαι
3117 2350 3178 2403 τὸ
3211 2345 3638 2420 ἡμερονύκτιον,
3679 2344 3783 2398 καὶ

2177 2450 2276 2521 τὴν
2302 2450 2471 2520 αὐτὴν
2499 2448 2610 2502 τῶν
2649 2447 2960 2518 φωστήρων
2989 2441 3433 2498 ἀποκατάστασιν
3453 2455 3466 2468 ·
3495 2440 3530 2509 ἢ
3568 2436 3784 2507 μᾶλλον

2291 2539 2627 2612 κυριώτερός
2654 2556 2744 2610 μοι
2775 2533 2923 2590 δοκεῖ
2965 2537 2994 2588 ὁ
3040 2536 3097 2588 ὲν
3128 2533 3458 2605 ἀπορρήτοις
3481 2528 3782 2600 παραδιδό-

2183 2646 2370 2702 μενος⁹
2410 2631 2494 2684 ὅτι
2543 2632 2572 2683 ὀ
2621 2629 2719 2700 τὴν
2759 2627 2853 2682 τοῦ
2900 2626 3094 2698 χρόνου
3142 2623 3304 2692 φύσιν
3353 2618 3783 2681 κατασκευάσας

2179 2722 2331 2787 Θεὸς,
2368 2721 2542 2792 μέτρα
2567 2719 2716 2790 αὐτῷ
2742 2720 2835 2772 καὶ
2867 2720 3068 2788 σημεῖα
3095 2717 3164 2770 τά
3193 2714 3300 2768 τῶν
3349 2712 3574 2784 ἡμερῶν
3612 2711 3782 2775 ἔταξε

2179 2811 2554 2882 διαστήματα·
2615 2811 2711 2863 καὶ
2749 2807 3006 2878 ἑϐδομῶι
3039 2805 3202 2859 αὐτὸν
3245 2805 3631 2876 ἐκμετρῆσας,
3687 2803 3783 2854 ἀεὶ

2179 2901 2279 2972 τὴν
2313 2900 2584 2972 ἑϐδομάδα
2617 2902 2695 2962 εἰς
2727 2897 2926 2971 ἑαυτὴν
2957 2895 3394 2952 ἀνακυκλοῦσθαι
3430 2894 3664 2957 κελεύει,
3690 2894 3783 2959 ἐξ·

2180 2992 2432 3064 αριθμῶν
2470 2990 2564 3044 τοῦ
2605 2991 2798 3062 χρόνου
2841 2989 2940 3060 τὴν
2967 2989 3182 3056 κίνησιν
3207 3005 3221 3018 ·
3275 2986 3376 3056 τὴν
3410 2985 3689 3054 ἑϐδομάδα
3723 2985 3782 3036 δὲ

2186 3087 2265 3149 εἰς
2289 3083 2487 3155 ἑαυτὴν
2517 3082 2975 3146 ἁνακυκλοῦσθαι,
3012 3082 3172 3135 πάλιν
3198 3079 3308 3150 (80)
3340 3077 3649 3149 ἐκπληροῦν
3673 3076 3785 3149 τὴν

2187 3177 2314 3248 μίαν
2335 3177 2573 3250 ἡμέραν,
2601 3176 2828 3239 ἑπτάκις
2859 3175 3026 3246 αὐτὴν
3065 3175 3143 3237 εἰς
3182 3172 3378 3244 ἑαυτὴν
3400 3170 3783 3240 ἀναστρέφου-

2185 3287 2304 3323 σαν.
2341 3269 2511 3322 Τοῦτο
2537 3269 2595 3322 δὲ
2636 3269 2895 3324 κυκλικὸν
2939 3269 3172 3338 ὑπάρχει
3218 3266 3418 3336 σχῆμα,
3448 3265 3538 3331 ἀφ’
3568 3262 3782 3316 ἑαυτοῦ

2185 3359 2478 3430 ἄρχεσθαι,
2528 3359 2622 3412 καὶ
2657 3360 2738 3423 εἰς
2782 3358 2945 3413 ἑαυτὸ
2977 3357 3308 3427 καταλήγειν
3343 3372 3356 3386 ο
3393 3354 3421 3408 ὃ
3449 3353 3514 3425 δὴ
3545 3354 3643 3406 καὶ
3673 3352 3783 3406 τοῦ

2187 3453 2381 3514 αἰῶνος
2429 3451 2590 3517 ἴδιον,
2638 3451 2734 3504 καὶ
2780 3453 2860 3515 εἰς
2903 3452 3098 3504 ἑαυτὸν
3127 3449 3485 3519 ἀναστρέφειν
3519 3446 3778 3517 μηδαμοῦ

2189 3540 2608 3614 περατούμενον.
2641 3540 2733 3594 Διὺ
2759 3539 2858 3611 τὴν
2883 3539 3126 3610 κεφαλὴν
3149 3537 3244 3592 τοῦ
3284 3539 3500 3608 χρόνου,
3533 3537 3596 3590 οὐ
3628 3536 3778 3607 πρῶ»

2188 3652 2286 3706 την
2319 3634 2561 3706 ἡμερῶν,
2594 3633 2730 3687 ἀλλὰ
2755 3633 2885 3703 μίαν
2909 3632 3211 3702 ὠνόμασεν,
3235 3633 3382 3694 ὅπως
3410 3634 3478 3701 τῇ
3509 3617 3778 3700 προσηγο-

2190 3725 2284 3798 ρίᾳ
2313 3725 2373 3778 τὸ
2418 3725 2677 3794 συγγενὲς
2713 3724 2810 3795 ἔχῃ
2857 3723 2993 3794 πρὸς
3033 3723 3124 3776 τὸν
3157 3722 3350 3775 αἰῶνα.
3381 3720 3507 3774 ,Τοῦ
3542 3720 3649 3788 γάρ
3673 3735 3774 3789 μο-

2190 3813 2354 3884 ναχοῦ
2393 3813 2488 3868 καὶ
2521 3813 2888 3884 άκοινωνήτου
2933 3810 3068 3882 πρὸς
3104 3811 3290 3880 ἕτερον
3327 3809 3418 3862 τὸν
3452 3808 3774 3879 χαρακτῆρα

2187 3904 2465 3969 δεικνῦσα,
2506 3904 2722 3968 οἰκείως
2749 3905 2843 3958 καὶ
2888 3902 3180 3975 προσφυῶς
3203 3901 3623 3974 προσηγορεύὴ
3653 3903 3770 3970 μία,

2191 3997 2330 4065 αὑτὴ
2362 3997 2417 4048 ἐν
2446 3996 2614 4067 ἑαυτῇ
2653 3995 2742 4049 διὰ
2772 3996 2970 4059 παντὸς
2995 3994 3190 4059 αἰῶνος
3222 3991 3673 4064 άνακυκλουμένη
3691 3991 3768 4057 εἰς

2191 4087 2409 4158 ἑαυτήν.

2739 4315 2987 4369 ΠΕΥΣΙΣ
3033 4316 3194 4383 qu".

2274 4448 2383 4501 Καὶ
2421 4447 2540 4512 πῶς
2589 4450 2622 4520 ἡ
2667 4450 2856 4520 Γραφὴ
2899 4450 3129 4513 πολλοὺς
3166 4448 3368 4514 αἰῶνας
3416 4437 3760 4520 ὲμῲαίνουσα,

2200 4537 2347 4606 λέγει
2387 4539 2589 4604 αἰῶνας
2623 4539 2869 4601 αἰώνων;
2904 4542 2996 4596 καὶ
3032 4543 3196 4596 Δαόὶδ
3235 4542 3374 4613 πρὸς
3416 4542 3496 4612 τῷ
3524 4539 3757 4594 τέλειτοῦ

2198 4629 2414 4702 ψαλμοῦ
2439 4650 2629 4702 φησιν·
2678 4633 2733 4684 Ἐ
2737 4634 3194 4705 ἐξομολογεῖσθαι
3218 4632 3327 4704 (8i)
3352 4635 3433 4700 τῷ
3455 4637 3646 4702 Κυρίῳ
3669 4631 3756 4687 τοῦ

2199 4720 2482 4788 οὐρανοῦ,
2532 4721 2621 4774 ὅτι
2672 4725 2761 4790 εἰς
2810 4723 3039 4790 πάντας
3071 4723 3213 4791 τοὺς
3245 4724 3469 4790 αἰῶνας
3503 4724 3570 4777 τὸ
3613 4725 3756 4786 ἕλεος

2199 4811 2426 4877 αὑτοῦ;
2455 4813 2560 4872 ,καὶ
2593 4813 2755 4867 πάλιν
2781 4817 2809 4868 ὁ
2852 4815 3042 4878 αὐτός’
3080 4815 3332 4884 ’Υψηώσω
3362 4833 3460 4879 σε,
3496 4821 3531 4870 ὁ
3573 4814 3753 4880 Θεὸςό

2199 4900 2502 4966 ,Βασιλεύς
2535 4920 2673 4971 μου,
2711 4902 2809 4957 καί
2859 4904 3174 4973 εὐλογήσω
3213 4905 3281 4958 τὸ
3324 4905 3515 4975 ὄνομά
3541 4923 3655 4960 σου
3690 4905 3752 4964 εἰς

2203 4991 2312 5044 τόν
2350 4992 2556 5059 aldina,
2591 4995 2690 5048 καὶ
2721 4998 2808 5062 εἰς
2836 4997 2944 5050 τὸν
2985 4996 3171 5050 αἰῶνα
3204 4997 3309 5051 τοῦ
3347 4997 3600 5063 αὶῶνος;
3646 4994 3748 5048 ’ἶᾱίι

2202 5085 2354 5154 τρεῖς
2375 5084 2570 5148 αῑῶνες
2600 5087 2656 5138 ἐν
2681 5086 2756 5158 τῷ
2793 5088 3070 5159 ἑκατοστῷ
3091 5089 3517 5162 τεσσαρακοστῷ
3538 5089 3746 5158 τετάρτῳ

2201 5174 2423 5245 ψαλμῷ.
2467 5175 2626 5230 Ἀλλά
2650 5179 2740 5232 καὶ
2766 5179 2873 5231 τῶν
2897 5181 3046 5250 παρὰ
3065 5182 3174 5234 τῶν
3202 5183 3392 5254 ἱερέων
3413 5181 3674 5251 ἀκούομεν
3691 5173 3744 5245 τῷ

2203 5261 2323 5333 Θεῷ
2358 5264 2709 5338 εὐχαριστίαν
2743 5268 3145 5341 ἀναφερόντων,
3186 5273 3283 5325 καὶ
3311 5272 3370 5326 τὸ
3409 5272 3604 5342 κράτος
3635 5264 3740 5320 uti

2205 5353 2425 5408 πάντων
2455 5357 2856 5428 άπονεμόντων,
2887 5361 2976 5413 ὅτε
3012 5361 3176 5430 φασίο
3216 5360 3288 5415 Τὸ
3332 5361 3563 5430 κράτος,
3601 5349 3734 5414 καίῆ

597 5487 644 5521 ⁸⁷
681 5487 839 5546 Joan.
880 5507 978 5561 xu,
1020 5493 1071 5546 i.
1147 5493 1192 5524 ⁸⁸
1232 5491 1420 5551 Matth.
1461 5512 1608 5564 xxvr,
1781 5499 1824 5532 ’³
1862 5500 1998 5560 Gen.
2047 5519 2084 5567 ι,
2120 5505 2171 5558 5.
2252 5506 2268 5536 ¹
2312 5505 2456 5562 Psal.
2491 5523 2689 5579 cssxv,
2728 5510 2818 5566 26.
2899 5515 2920 5544 ²
2960 5511 3101 5567 Psal.
3145 5528 3328 5579 cxcrv,
3371 5513 3424 5565 i.

605 5641 718 5713 (80)
769 5645 1306 5722 ᾏναρςυκλοῦσθαι,
1344 5650 1546 5722 πάλιν.
1589 5651 1714 5722 Lrg.
1755 5652 2094 5707 άνακυκλοῦο

535 5712 684 5771 σθαι,
721 5715 814 5765 nat
841 5717 1018 5781 πάλιν,
1048 5721 1125 5772 vel
1158 5712 1865 5790 ἀνακυκλουμένην[πάλιν.
1896 5725 2049 5777 Eutr.

2272 5660 2382 5730 (3')
2430 5662 2962 5742 Ἐξομολογεῐσοαι.
2995 5665 3122 5738 Leg.
3149 5664 3565 5737 ἐξομολογεῖσθε.
3594 5656 3659 5711 in.
