4048 6222
332 274 472 335 ιωι

327 382 640 459 βασιλεία.
669 383 768 442 καὶ
789 382 828 454 ἡ
857 383 1128 454 δύναμις,
1152 381 1252 438 καί
1279 383 1320 452 ἡ
1347 380 1498 447 δόξα
1524 379 1631 435 τοῦ
1654 381 1903 451 Πατρός,

332 481 434 537 καί
464 478 574 535 τοῦ
620 476 777 540 Υίοῦ,
808 475 907 531 καὶ
938 475 1044 530 τοῦ
1075 475 1247 545 ἁγίου
1279 474 1641 543 Πνεύματος.
1668 473 1785 528 νῦν
1810 473 1911 528 καὶ

332 575 447 640 ἀεὶ,
475 572 576 628 καὶ
598 572 686 638 εἰς
709 569 850 636 τσὺς
875 568 1095 635 αἰῶνας
1124 566 1245 622 τῶν
1266 566 1517 624 αἰώνων.
1555 565 1758 638 Ἀμήν.

950 659 1310 729 Ἀπόκρισις.

415 754 559 808 Ἀλλ’
586 754 685 807 οὐκ
715 752 780 805 ὲκ
811 750 1020 805 τούτων
1037 750 1265 815 πολλοὺς
1290 750 1491 814 αἰῶνας
1509 749 1760 823 ἀριθμεῖν
1786 767 1913 804 παι-

328 846 631 919 δευόμεθα,
665 845 801 899 ἀλλά
829 845 925 898 καὶ
959 843 1213 915 ἀμείψεις
1248 843 1586 915 πραγμάτων
1615 843 1710 896 καὶ
1740 859 1911 897 κατα-

331 940 600 1002 στάσεων,
630 937 692 991 οὐ
721 935 1073 1008 περιγραφάς
1106 935 1163 989 δὲ
1203 936 1296 989 καί⁵
1320 934 1555 1007 πέρατα,
1593 934 1628 1005 ἢ
1664 933 1909 1005 διαδοχὰς

328 1036 565 1093 αἰώνων.
615 1032 822 1105 Ἡμέρα
843 1034 952 1106 γὰρ
972 1033 1195 1102 Κυρίου
1210 1031 1445 1101 μεγάλη
1470 1031 1569 1086 καὶ
1591 1030 1909 1102 ἐπιφανὴς,

328 1130 498 1201 φησὶν
535 1129 565 1182 6
612 1127 933 1198 προφήτηςο
981 1125 1077 1177 καὶ
1106 1122 1289 1190 πάλιν,
1321 1124 1444 1178 Ἵνα
1471 1124 1530 1177 τί
1544 1123 1692 1193 ὑμῖν
1720 1122 1914 1192 ζητεῖν

325 1221 448 1292 τὴν
487 1219 716 1289 ἡμέραν
756 1217 1011 1285 Κυρίους
1044 1216 1143 1270 καί
1196 1215 1347 1283 αὕτη
1393 1216 1637 1281 σκότος,
1687 1212 1786 1268 καὶ
1840 1215 1912 1268 οὐ

324 1314 459 1386 φῶς
477 1332 490 1347 ·
525 1312 713 1375 σκότος
733 1309 976 1383 δηλονότι
998 1312 1112 1372 τοῖς
1126 1308 1317 1374 ἀξίοις,
1348 1309 1471 1362 ἐπεὶ
1499 1307 1799 1380 ἀνέσπερον
1818 1306 1913 1360 καὶ

325 1405 610 1474 ἀδιάδοχον
647 1402 748 1472 τὴν
772 1398 989 1471 ἡμέραν
1025 1397 1243 1467 ἐκείνην
1279 1393 1420 1451 οἰδεν
1441 1399 1471 1451 6
1495 1396 1654 1465 λόγος
1679 1411 1693 1426 ·
1721 1395 1788 1466 ἦν
1818 1397 1912 1449 καὶ

325 1499 524 1571 ὀγδόην
564 1497 593 1549 6
616 1495 724 1549 τῶν
766 1492 927 1546 θείων
964 1490 1200 1563 μελῳδὸς
1229 1489 1695 1562 προσηγόρευσεν,
1734 1487 1912 1556 ’Υπὲρ

323 1589 443 1661 τῆς
473 1588 689 1660 ὀγδόης
730 1584 1078 1656 ὲπισημάνας
1124 1582 1232 1637 τῶν
1274 1582 1469 1636 ἑαυτοῦ
1495 1581 1724 1653 ψαλμῶν
1750 1580 1907 1653 (δι’).

323 1685 520 1756 ἕτερον
558 1682 636 1745 δὲ,
670 1681 882 1752 γραφῇ,
926 1678 1110 1747 ’Υπὲρ
1137 1675 1656 1746 κληρονομούσης.
1682 1674 1760 1737 ὡς
1785 1674 1909 1727 ταύ-

320 1795 431 1850 της
461 1776 560 1831 καὶ
607 1773 775 1847 μόνης
812 1772 912 1835 τὰς
952 1770 1147 1834 λοιπὰς
1177 1766 1622 1841 κληρονομούσης
1667 1767 1901 1838 ἡμέρας,

319 1871 442 1933 τοῖς
493 1867 821 1937 ἀπεράντως
865 1863 962 1918 καὶ
1008 1862 1273 1933 ἀτμήτοις
1323 1859 1695 1931 διαστήμασι,
1757 1857 1818 1912 τὺ
1846 1858 1904 1911 δὲ

320 1953 476 2010 κατὰ
518 1955 737 2008 πάντων
768 1951 938 2022 κῦρος
979 1949 1417 2023 ἀναδησαμένης,
1455 1949 1543 2003 διὰ
1582 1948 1643 2002 τὸ
1675 1949 1907 2020 ὑπερτε-

325 2043 445 2112 ρεῖν
491 2041 586 2094 καὶ
633 2039 739 2104 ἔξω
771 2038 986 2094 κεῖσθαι
1029 2038 1125 2092 τοῦ
1172 2030 1538 2110 ἑϐδοματικοῦ
1592 2035 1777 2091 τούτου
1808 2036 1906 2091 κύα-

318 2132 479 2187 κλου.
517 2132 681 2186 Ὥστε
716 2131 822 2187 κᾶν
848 2132 1064 2204 ἡμέραν
1112 2133 1291 2205 φήσω,
1331 2131 1435 2185 κᾶν
1458 2129 1651 2195 αἰῶνα,
1679 2130 1779 2203 τὴν
1808 2130 1906 2184 αὐ-

317 2227 427 2297 τήν
473 2242 615 2297 φημι
661 2222 892 2279 ἔννοιαν.
926 2224 1053 2278 Εἴτε
1096 2226 1207 2297 γὰρ
1237 2223 1422 2296 ἡμέρα
1458 2222 1567 2294 εῐη,
1605 2220 1703 2292 μία
1729 2220 1903 2286 ἔσται,

318 2318 423 2372 καὶ
449 2317 511 2371 οὐ
542 2316 735 2370 πολλαί
755 2332 770 2348 ⁸
799 2315 910 2370 εἴτε
943 2315 1079 2371 αἰὼν
1108 2314 1534 2387 προσαγορεύων
1573 2314 1710 2385 (82),
1740 2330 1907 2385 μονα-

316 2413 417 2485 χὸς
447 2410 513 2466 ἂν
541 2409 627 2482 εἴη
664 2408 759 2464 καὶ
796 2407 1121 2481 ἀπέραντος.
1158 2408 1304 2481 Πρὸς
1337 2408 1433 2480 τὴν
1469 2405 1768 2478 μέλλουσαν
1810 2401 1905 2463 οὖν

317 2503 469 2577 ζωὴν
502 2501 718 2571 ἀνάγων
758 2500 917 2573 ἡμῶν
948 2499 1047 2573 τὴν
1090 2499 1321 2566 ἔννοιαν,
1371 2499 1501 2573 μίαν
1547 2498 1755 2572 ἔγραψε
1806 2497 1906 2571 τὴν

315 2594 505 2649 εἰκόνα
531 2591 626 2646 τοῦ
676 2591 876 2655 παντὸς
921 2591 1117 2656 αἰῶνος
1149 2590 1355 2662 Μωσῆς
1379 2592 1408 2644 6
1434 2590 1777 2663 ἱεροφάντης,
1805 2590 1904 2662 τὴν

316 2685 577 2759 ἀπαρχὴν
603 2683 711 2738 τῶν
739 2684 986 2758 ἡμερῶν,
1025 2683 1126 2756 τὴν
1165 2683 1404 2755 ὁμήλικα
1441 2682 1537 2736 τοῦ
1582 2680 1779 2752 φωτὸς,
1804 2680 1904 2756 τὴν

317 2775 475 2831 θείαν
521 2777 615 2830 καὶ
661 2774 868 2847 σεπτὴν
913 2773 1225 2847 Κυριακὴν,
1260 2775 1361 2847 τὴν
1389 2776 1457 2846 τῇ
1488 2773 1781 2828 ἀναστάσει
1806 2771 1901 2827 τοῦ

316 2868 528 2942 Κυρίου
558 2884 752 2940 τετιμη
760 2868 953 2941 μένην.

901 3160 1152 3215 ΠΕΥΣΙΣ
1183 3160 1331 3216 PlZ'.

403 3251 621 3325 Ἐπειδὴ
648 3251 869 3321 λέγουσί
888 3269 1035 3317 τινες
1056 3252 1361 3317 ὲπαοιδίαις
1384 3256 1480 3309 καὶ
1504 3259 1781 3330 γοητείαις
1804 3258 1904 3331 τὴν

312 3344 554 3418 σελήνην
578 3343 917 3414 κατάγεσθαι
947 3346 1243 3418 οὐρανόθεν
1264 3363 1279 3379 ο
1306 3350 1401 3402 καὶ
1431 3348 1493 3404 τὸ
1528 3352 1780 3407 πλεῖστον
1808 3354 1905 3424 μέ-

313 3454 413 3511 ρος
439 3437 542 3509 τῆς
562 3436 984 3509 ἀνθρωπότητος
1008 3439 1076 3510 τῇ
1109 3439 1267 3509 φήμῃ
1291 3438 1467 3514 ταύτῃ
1493 3443 1789 3514 κρατηθὲν,
1820 3443 1902 3497 σί-

310 3528 482 3601 δηρον
510 3529 607 3583 καὶ
640 3528 840 3600 χαλκὸν
867 3527 1184 3601 κρούοντες,
1213 3528 1407 3603 ῶσπερ
1434 3532 1493 3585 ὲν
1534 3532 1787 3587 ἐκστάσει
1812 3551 1905 3603 γε·

309 3621 550 3693 νομένην
576 3620 655 3693 τῷ
682 3621 822 3694 ἥχῳ,
845 3620 948 3692 τῆς
978 3620 1188 3692 πλάνης
1208 3620 1379 3693 αὐτὴν
1419 3623 1791 3693 ὲπανάγεσθαι
1819 3642 1905 3679 νο-

313 3712 592 3787 μίζουσιν.

925 3806 1285 3875 Ἀπόκρισις.

381 3894 564 3951 Μῦθοί
606 3912 750 3960 τινες
792 3895 1192 3965 καταγέλαστοι
1232 3894 1339 3950 ὑπὸ
1373 3896 1562 3968 γραῶν
1590 3897 1898 3964 κωθωνιζο-

312 3988 497 4060 μένων
547 3982 726 4061 πάντη
777 3988 1092 4061 διεδόθησαν
1131 3990 1638 4064 παραληρούμενοι,
1683 4008 1901 4063 μαγγα-

309 4080 485 4145 νείαις
505 4082 620 4135 τισὶ
644 4081 747 4149 τῆς
778 4081 989 4145 οἰκείας
1012 4081 1180 4154 ἔδρας
1199 4082 1600 4149 ἀποκινήσθαι,
1638 4084 1733 4138 καὶ
1762 4084 1900 4156 πρὸς

306 4176 420 4245 γῆν
457 4172 629 4245 αὐτὴν
663 4171 948 4245 φέρεσθαι,
996 4173 1092 4228 καὶ
1118 4172 1505 4244 ψηλαφᾶσθαιο
1548 4175 1687 4249 ὅπερ
1716 4176 1900 4247 πάσης

308 4264 538 4333 ἀλογίας
560 4264 654 4318 καὶ
677 4263 779 4334 τῆς
801 4263 1040 4335 ἐσχάτης
1064 4263 1328 4328 ἀπονοίας
1354 4264 1603 4338 ὑπάρχον
1635 4267 1900 4338 μοιδοκεί

305 4362 406 4417 τὸν
427 4360 571 4415 θεῖον
596 4357 1043 4433 παρακρούεσθαι
1073 4359 1330 4431 μελῳδὸν,
1356 4360 1573 4434 ᾅδοντα·
1592 4365 1893 4435 Σελήνην,

291 4450 394 4505 καὶ
407 4447 1237 4520 ἀστέραςᾶσὺὲθεμελίωσας.
1292 4452 1453 4515 Ποῖος
1492 4451 1552 4506 δὲ
1590 4453 1695 4527 ἄρα
1730 4455 1892 4520 τόπος

310 4541 799 4597 κατασπασθεῖσαν
832 4541 1006 4615 αὐτὴν
1042 4541 1367 4610 ὐπεδέξατος
1408 4537 1513 4609 τΗς
1546 4545 1615 4599 δι’
1644 4547 1892 4618 ἀμυδρᾶς

312 4635 531 4698 εἰκόνος
562 4631 830 4700 ἀποδείξω
856 4634 918 4689 τὸ
954 4632 1185 4705 μέγεθος
1219 4637 1332 4698 τοῖς
1371 4635 1796 4702 εἰκαιοϐούλοιςο
1825 4638 1893 4695 Ai

306 4727 457 4784 κατά
496 4726 595 4799 τὴν
637 4725 968 4799 οἰκουμένην
1016 4725 1201 4791 πόλεις
1245 4726 1497 4781 πλεῖστον
1535 4727 1780 4800 ἀλλήλων
1813 4728 1896 4782 διο

310 4820 554 4876 εστῶσαι
572 4821 692 4885 ταῖς
715 4819 857 4874 κατά
876 4818 977 4890 τὴν
1000 4816 1141 4890 ἑῴαν
1164 4819 1445 4890 κειμέναις
1464 4821 1557 4874 καὶ
1572 4820 1671 4892 τὴν
1733 4821 1894 4877 ἐσπέι

314 4931 440 4987 ραν,
464 4914 561 4967 καὶ
573 4912 848 4983 διαφόροις
860 4911 962 4981 τῆς
977 4910 1173 4983 χέρσου
1192 4912 1552 4984 ῥυμοτομίαις
1568 4913 1664 4968 καὶ
1676 4912 1889 4985 ὄχθαις,

312 5005 611 5078 ίσομοίρως
667 5008 840 5060 πᾶσαι
886 5004 949 5059 τὸ
986 5004 1291 5077 σεληνιαῖον
1337 5005 1453 5075 φῶς
1514 5006 1887 5077 ὑποδέχονται,

300 5101 452 5167 ὅπερ
476 5102 590 5163 τοῖς
612 5099 934 5171 ἀρτίφροσιν
963 5096 1150 5150 ἰκανὸν
1180 5096 1384 5161 πάσαις
1424 5098 1593 5167 αὐτὴν
1630 5097 1889 5171 ἀντιπρό-

302 5208 490 5247 σωπον
518 5192 616 5246 καὶ
652 5188 1007 5262 ὑπερμεγέθη
1035 5187 1344 5259 τυγχάνειν.
1384 5190 1448 5242 Εἰ
1477 5188 1553 5262 μὴ
1577 5190 1686 5260 γὰρ
1714 5189 1887 5254 οὕτως

299 5282 397 5362 ἦν,
434 5287 653 5351 πάντως
678 5285 746 5340 ἂν
772 5286 900 5349 τοὺς
926 5284 1013 5338 ἐπ’
1047 5283 1268 5348 εὐθείας
1298 5282 1638 5353 κατεφώτισε
1664 5283 1884 5354 μόνους,

298 5382 419 5444 τοῖς
440 5379 497 5433 δὲ
521 5379 582 5434 τὺ
617 5374 776 5451 εὖρος
800 5378 974 5449 αὐτῆς
1005 5376 1439 5449 ὐπερπίπτουσιν
1466 5375 1883 5448 ὲγκεκλιμέναις

1703 266 2056 327 DIALOGUS

2121 268 2211 325 111.
3439 276 3580 331 1002

2012 391 2062 437 et
2088 381 2261 453 gloria
2302 376 2507 451 Patris,
2527 391 2578 439 et
2600 383 2748 451 Filii,
2773 398 2822 443 et
2849 383 3079 455 Spiritus
3132 389 3321 455 sancti,
3358 406 3495 445 nunc
3527 399 3582 446 et

2013 489 2235 545 semper,
2263 484 2313 530 et
2337 475 2391 528 in
2421 474 2617 530 saecula
2647 474 2979 530 saeculorum.
3013 481 3197 531 Amen.

2650 651 2960 723 Responsio.

2084 748 2155 800 At
2181 747 2392 801 existis
2415 761 2519 801 non
2554 745 2815 802 docemur
2844 747 3011 802 multa
3040 762 3331 806 numerare
3363 750 3582 818 saecula,

2014 840 2110 897 sed
2137 851 2191 895 et
2219 840 2549 896 mutationes
2582 856 2765 896 rerum
2810 849 2865 896 et
2903 850 3161 908 statuum,
3198 860 3302 899 nou
3346 844 3586 900 circum-

2013 931 2341 1001 scriptiones
2360 939 2415 987 et
2436 930 2700 988 terminos
2716 944 2811 987 aut
2838 933 3214 989 successiones
3236 935 3584 993 surculorum.

2012 1022 2139 1079 Dies
2165 1024 2310 1078 enim
2360 1022 2577 1078 Domini
2621 1041 2841 1095 magnus
2873 1035 2925 1080 et
2960 1027 3209 1094 illustris,
3251 1028 3426 1097 inquit
3456 1044 3585 1099 pro-

2012 1120 2171 1190 pheta
2204 1120 2245 1174 ³.
2277 1120 2344 1174 Et
2369 1120 2605 1175 iterum:
2642 1121 2710 1173 At
2750 1121 2876 1190 quid
2923 1114 3068 1174 vobis
3105 1122 3316 1190 prodest
3352 1139 3587 1193 quarere

2011 1213 2155 1266 diem
2182 1211 2439 1267 Domini?
2464 1213 2623 1267 etiam
2652 1213 2770 1283 ipsa
2793 1215 2893 1267 erit
2921 1214 3111 1285 caligo,
3144 1232 3247 1269 non
3282 1214 3377 1268 tua:
3406 1215 3449 1270 ⁸.
3482 1216 3588 1271 Ca-

2012 1301 2120 1372 ligo
2144 1301 2354 1356 scilicet
2383 1301 2451 1356 iis
2485 1302 2578 1372 qui
2613 1302 2692 1357 sic
2734 1315 3039 1371 merentur,
3081 1305 3347 1375 siquidem
3381 1309 3589 1378 absque

2011 1410 2237 1466 vespere
2285 1410 2350 1451 ac
2397 1396 2746 1452 successione
2793 1396 2937 1452 diem
2986 1398 3131 1452 illam
3189 1397 3305 1454 fore
3355 1400 3584 1466 scimus,

2012 1505 2178 1560 quam
2207 1499 2262 1545 et
2282 1499 2527 1546 octavam
2562 1490 2870 1546 divinorum
2918 1493 3223 1547 carminum
3261 1502 3458 1549 auctor
3485 1509 3586 1564 ap-

2011 1581 2232 1651 pellavit
2270 1599 2284 1636 :
2323 1581 2433 1635 Pro
2490 1592 2676 1637 octava
2721 1585 2960 1651 psalmos
3009 1599 3139 1640 suos
3189 1585 3495 1642 inscribens
3537 1588 3584 1643 ⁸.

2012 1676 2193 1730 Alium
2230 1676 2357 1731 item
2402 1678 2676 1746 psalmum
2708 1678 2955 1733 inscribit
2984 1696 2998 1733 :
3043 1675 3152 1732 Pro
3179 1694 3241 1733 ea
3272 1696 3391 1750 qua:
3419 1681 3587 1735 mere-

2012 1766 2231 1821 ditatem
2263 1767 2457 1837 accipit
2485 1767 2507 1800 °
2540 1786 2555 1822 :
2599 1768 2757 1839 quasi
2799 1771 2913 1825 luet:
2954 1769 3069 1825 sola
3106 1770 3435 1840 reliquarum
3469 1770 3587 1827 die-

2012 1876 2135 1914 rum
2162 1861 2233 1915 sit
2265 1861 2458 1928 haares,
2501 1877 2599 1932 per
2646 1863 2851 1918 inﬁnita
2892 1872 2946 1919 et
2989 1864 3228 1934 expertia
3279 1865 3584 1922 sectionum

2013 1950 2246 2006 ullarum
2272 1952 2447 2022 spatia
2475 1964 2793 2008 cunctarum
2823 1969 3005 2010 rerum
3033 1954 3263 2025 imperio
3289 1957 3538 2013 redimita
3566 1977 3580 2013 :

2010 2059 2297 2115 propterea
2328 2048 2473 2117 quod
2509 2048 2758 2117 superior
2788 2048 2879 2117 sit,
2924 2058 2978 2105 et
3020 2058 3173 2105 extra
3219 2052 3586 2121 septenarium

2011 2137 2160 2193 hunc
2181 2138 2450 2194 circulum
2478 2140 2673 2211 posita.
2700 2140 3065 2208 Quamobrem
3095 2143 3212 2199 sive
3230 2143 3371 2199 diem
3404 2143 3589 2214 appel-

2010 2228 2215 2296 lavero,
2248 2231 2363 2287 sive
2399 2233 2660 2288 szeculum
2688 2243 2744 2289 et
2770 2249 2946 2289 aevum
2994 2252 3008 2289 :
3055 2236 3245 2290 eodem
3292 2246 3589 2303 utrumque

2011 2321 2319 2393 proferetur
2358 2325 2655 2382 intellectu.
2703 2325 2831 2383 Sive
2878 2327 3023 2383 enim
3074 2327 3195 2384 dies
3248 2326 3430 2392 fuerit,
3478 2344 3587 2384 una

2009 2415 2137 2479 erit,
2166 2425 2223 2471 et
2251 2432 2361 2472 non
2393 2419 2613 2486 multae;
2659 2419 2776 2474 sive
2817 2420 3074 2475 saeculum
3111 2422 3430 2490 appelletur,
3464 2420 3587 2474 uni-

2010 2520 2137 2561 cum
2184 2507 2314 2577 quid
2368 2507 2552 2574 fuerit,
2601 2518 2652 2565 et
2697 2511 2904 2581 absque
2935 2512 3188 2569 termino.
3224 2514 3304 2568 Ad
3341 2513 3584 2568 futuram

2009 2597 2175 2665 igitur
2200 2601 2364 2654 vitam
2387 2601 2696 2659 subducens
2739 2613 2986 2659 nostrum
3032 2604 3385 2672 intellectum,
3416 2619 3584 2661 unam

2010 2688 2154 2744 dtem
2189 2690 2325 2746 dixit
2347 2692 2614 2761 interpres
2653 2693 2744 2749 ille
2767 2708 2948 2748 rerum
2979 2711 3265 2754 sacrarum
3296 2696 3492 2761 Moses,
3526 2706 3586 2752 ut

2009 2796 2133 2852 qua:
2157 2782 2231 2837 sit
2262 2782 2443 2854 imago
2486 2784 2654 2841 totius
2694 2786 3032 2853 aeternitatis,
3067 2788 3325 2857 primitiae
3346 2790 3583 2858 dierum,

2009 2889 2191 2929 coaeva
2232 2874 2392 2939 lueis,
2442 2875 2623 2932 divina
2664 2877 2902 2950 denique
2928 2895 2992 2933 ac.
3033 2884 3336 2937 veneranda
3366 2883 3451 2938 illa
3478 2883 3586 2939 Do-

2011 2965 2233 3032 minica,
2265 2982 2388 3037 qua:
2416 2970 2581 3023 etiam
2613 2984 2679 3023 ex
2718 2968 2935 3025 Domini
2980 2975 3377 3031 resurrectione
3408 2976 3584 3032 hono-

2010 3072 2127 3114 rem
2159 3059 2487 3130 peculiarem
2523 3072 2607 3117 est
2635 3074 2948 3120 consecuta.

2411 3152 2933 3214 INTERROGATIO
2968 3157 3181 3216 CXVII.

2075 3247 2360 3317 Quomodo
2407 3251 2597 3307 dicunt
2656 3251 2846 3323 aliqui.
2884 3252 3307 3312 incantamentis
3348 3264 3402 3311 et
3444 3270 3587 3326 pm-

2002 3339 2179 3411 stigiis
2226 3340 2412 3396 lunam
2452 3342 2592 3398 caelo
2632 3342 2886 3398 detrahi?
2925 3343 3161 3401 Maxima
3192 3355 3339 3404 certe
3367 3352 3584 3420 generis

2004 3430 2228 3486 humani
2260 3445 2388 3501 pars
2414 3430 2581 3501 hujus
2612 3432 2689 3488 rei
2735 3432 2879 3489 fama
2912 3437 3158 3506 persuasi
3207 3449 3260 3493 et
3303 3442 3578 3511 occupati,

2002 3520 2208 3578 ferrum
2239 3533 2295 3578 et
2322 3540 2397 3580 aes
2421 3524 2710 3595 pulsando,
2757 3535 3020 3598 tanquam
3052 3545 3083 3585 e
3111 3539 3379 3600 potestate
3399 3549 3582 3609 egres-

2001 3629 2118 3670 sam
2144 3630 2241 3687 per
2266 3617 2555 3688 strepitum
2583 3617 2654 3674 ab
2680 3633 2870 3676 errore
2898 3619 3119 3678 liberari
3148 3632 3360 3694 putant.

2640 3795 2952 3868 Responsio.
3298 3860 3303 3867 ,

2069 3878 2290 3936 Fabula
2311 3882 2560 3953 quaedam
2596 3885 2839 3944 ridiculae
2881 3889 2952 3945 ab
2991 3890 3224 3949 aniculis
3253 3894 3579 3952 somnianti-

1998 3975 2102 4033 bus
2131 3978 2331 4049 ubique
2363 3979 2732 4039 disseminata;
2758 3995 2906 4054 sunt,
2932 4002 3167 4059 quarum
3196 3990 3444 4046 delirium
3467 4002 3573 4061 est,

1998 4069 2318 4142 imposturis
2341 4072 2666 4145 quibusdam
2698 4078 2919 4148 propria
2955 4079 3085 4137 sede
3121 4081 3307 4137 lunam
3343 4086 3571 4153 moveri,

1996 4173 2052 4220 et
2073 4165 2141 4221 ad
2188 4166 2361 4237 ipsam
2407 4177 2609 4225 terram
2669 4169 2798 4227 ferri
2843 4182 2899 4228 et
2947 4176 3290 4231 contrectari.
3332 4175 3386 4232 ld
3424 4179 3574 4249 quod

1994 4258 2175 4316 omnis
2230 4260 2584 4319 absurditatis
2630 4271 2686 4319 et
2732 4274 2988 4323 extremae
3031 4267 3318 4327 dementia:
3349 4271 3572 4342 plenum

1994 4347 2235 4406 refutare
2259 4352 2416 4419 mihi,
2441 4352 2752 4409 divinorum
2797 4355 2889 4412 ille
2925 4359 3231 4414 carminum
3259 4373 3454 4417 auctor
3485 4364 3575 4420 vi-

1998 4441 2180 4507 detur,
2214 4458 2340 4500 cum
2380 4445 2529 4500 canit
2558 4459 2575 4499 :
2612 4444 2823 4502 Lunam
2864 4458 2913 4504 et
2952 4449 3138 4506 stellas
3168 4461 3227 4506 tu
3258 4452 3567 4522 fundasti".

1999 4532 2188 4601 Qualis
2228 4543 2411 4592 autem
2452 4537 2625 4606 locus,
2674 4555 2880 4611 quaeso,
2924 4540 3222 4598 detractam
3263 4543 3437 4614 ipsam
3468 4561 3574 4601 un-

1996 4642 2161 4698 quam
2189 4629 2436 4700 excepit?
2454 4630 2614 4702 cujus
2645 4633 2774 4688 exili
2821 4634 3053 4704 quadam
3092 4636 3328 4708 imagine
3357 4639 3572 4712 magni-

1996 4717 2238 4774 tudinem
2281 4720 2437 4776 vanis
2475 4721 2583 4778 illis
2628 4724 2942 4780 hominibus
2978 4726 3388 4794 demonstrabo.
3436 4729 3570 4798 Qua

1993 4821 2093 4878 per
2138 4809 2324 4865 orbem
2374 4819 2640 4868 terrarum
2689 4826 2819 4871 sunt
2862 4815 3047 4884 urbes,
3102 4817 3395 4888 plurimum
3440 4835 3472 4876 a
3509 4835 3571 4879 se

1995 4897 2228 4956 invicem
2251 4902 2550 4959 secundum
2591 4905 2910 4962 orientalem
2939 4917 2994 4965 et
3031 4911 3422 4969 occidentalem
3453 4914 3569 4984 pla-

1996 5009 2120 5065 gam
2169 4994 2377 5052 dissita:
2421 5005 2571 5062 sunt,
2600 5013 2684 5054 ac
2721 4998 2950 5056 diversis
2981 5001 3189 5058 viarum
3233 5006 3569 5064 sectionibus

1992 5088 2266 5159 editisque
2328 5089 2463 5147 locis
2524 5090 2803 5162 seiunctae.
2872 5091 3237 5153 Nihilominus
3285 5101 3571 5171 aequaliter

1992 5195 2184 5237 omnes
2214 5181 2403 5237 lunare
2447 5183 2630 5240 lumen
2669 5185 2998 5255 suscipiunt.
3045 5185 3103 5243 ld
3146 5190 3293 5259 quod
3330 5189 3571 5247 eordatis

1992 5272 2213 5337 sufﬁcit,
2240 5275 2499 5330 omnibus
2528 5278 2702 5346 ipsam
2751 5277 2982 5334 urbibus
3019 5279 3331 5345 obversum,
3364 5291 3419 5338 et
3452 5282 3570 5337 exi-

1991 5366 2117 5420 mia:
2145 5366 2530 5436 magnitudinis
2573 5383 2714 5423 esse.
2764 5366 2880 5425 Nisi
2931 5371 3078 5426 enim
3124 5372 3206 5428 sic
3250 5382 3567 5443 comparata

295 5474 520 5542 αὐγαῖς,
544 5472 633 5526 διὰ
670 5472 782 5526 τῶν
830 5469 1082 5540 πλαγίων
1122 5467 1496 5541 παραθέουσα,
1544 5469 1880 5541 προσέβαλεν

2004 5475 2076 5516 res
2100 5457 2263 5524 foret,
2316 5460 2538 5515 omnino
2579 5475 2677 5518 eos
2727 5462 3025 5519 illustraret
3065 5464 3238 5531 solos,
3279 5466 3375 5535 qui
3418 5478 3567 5523 recta

373 5610 396 5641 ⁸
429 5607 549 5667 Joel
589 5626 650 5676 ιι,
693 5610 716 5665 l
759 5624 867 5667 sec.
910 5606 1077 5665 LXX.
1151 5607 1174 5640 ⁸
1210 5606 1377 5664 Amos
1415 5623 1471 5674 γ,
1521 5608 1612 5664 18.
1689 5609 1712 5642 ⁸
1749 5607 1891 5664 Psal.

2004 5650 2005 5663 χ
2049 5605 2108 5670 l;
2143 5617 2220 5666 ιι,
2259 5600 2311 5655 1.
2388 5600 2410 5631 ⁸
2448 5598 2593 5654 Psal.
2629 5614 2684 5665 ν,
2725 5600 2779 5655 1.
2854 5602 2875 5632 ⁷
2915 5599 3059 5657 Psal.
3098 5615 3220 5669 vm,
3259 5599 3317 5656 4.

300 5813 343 5872 Ε
373 5742 512 5818 (δι’)
556 5745 679 5803 Τῶν
708 5787 767 5808 ,η.
799 5786 813 5800 .
846 5742 1127 5816 ψαλμῶν.
1163 5745 1321 5801 Anne
1358 5744 1450 5799 τὸν
1477 5783 1493 5800 .
1525 5782 1541 5797 .
1575 5782 1591 5799 .
1619 5740 1871 5815 illale?

344 5831 460 5872 orr.

445 5856 460 5872 .
664 5912 938 5980 Panos“
998 5915 1117 5979 Gn.
1167 5908 1508 5975 XXXVIII.

2051 5738 2166 5817 (82)
2205 5740 2362 5817 ᾼίὼν
2386 5744 2868 5817 προσαγορεύων.
2901 5736 3053 5797 Fort.
3087 5738 3264 5798 αίῶνα
3292 5755 3567 5814 προσαγοε

3174 5905 3253 5967 32

1983 5808 2184 5882 ρεύσω.
2207 5812 2283 5868 ι».
