4048 6222
573 225 707 279 ιοοδ

569 336 670 407 ipsi
709 342 1109 404 opponerentur
1145 353 1155 387 :
1199 334 1291 403 qui
1336 350 1460 388 vero
1500 337 1565 389 ad
1612 338 1753 392 latus
1803 340 1891 393 siti
1929 351 2129 401 essent.

567 445 661 485 cos
694 428 968 483 inclinatis
1020 430 1402 498 depressisque
1452 430 1621 485 radiis
1662 432 1881 502 oblique
1920 444 2139 502 praeter—

568 535 792 576 currens
838 527 1043 573 tantum
1091 521 1395 590 attingeret.
1445 519 1562 576 Non
1615 524 1798 579 minus
1842 526 1987 579 enim
2036 528 2140 582 alia

568 613 781 667 ratione
816 611 1003 665 cadent
1052 611 1117 665 de
1174 613 1274 666 bac
1332 612 1775 669 declarabuntur.
1826 614 1883 670 Si
1926 618 2142 686 quando

567 703 735 773 igitur
768 702 834 756 ab
865 703 1080 757 excelso
1129 704 1328 758 montis
1375 706 1578 759 vertice
1627 722 1878 776 campum
1924 711 2139 778 conspi-

568 810 719 849 ceres
741 796 1010 865 ingentem
1038 805 1091 850 et
1112 797 1351 866 planum,
1382 810 1622 867 quantae,
1642 800 1892 864 obsecro,
1927 803 2141 871 magni-

568 888 771 942 tudinis
817 904 935 942 esse
987 889 1079 941 tibi
1131 890 1440 943 viderentur
1489 890 1652 943 boum
1696 891 1858 961 juga?
1904 904 2139 963 quantae,

568 981 848 1034 aratores?
916 989 1168 1049 quantm,
1229 982 1494 1036 bubulcus
1560 984 1759 1053 aliquis
1813 1000 1936 1039 cum
1998 988 2143 1043 mille

568 1072 731 1125 boum
785 1084 1050 1137 armento,
1084 1084 1179 1128 aut
1216 1076 1536 1129 innumerus
1588 1092 1855 1147 agnorum
1906 1095 2033 1150 grex
2075 1081 2143 1135 ad

568 1165 815 1233 paludem
860 1165 1091 1219 balans?
1142 1176 1379 1234 quantae,
1430 1166 1698 1225 ferociens
1739 1186 2004 1242 equorum
2051 1186 2143 1226 ar-

568 1267 831 1321 mentum,
867 1268 919 1312 et
953 1256 1005 1311 in
1040 1259 1209 1327 pratis
1249 1260 1569 1315 exsultans?
1618 1264 1702 1316 An
1751 1278 1860 1318 non
1907 1263 2003 1318 tibi
2032 1263 2144 1319 for-

566 1349 723 1404 micis
758 1350 1007 1404 exiliores
1031 1351 1384 1405 viderentur?
1424 1351 1577 1419 Quod
1604 1354 1648 1409 si
1674 1355 1835 1409 etiam
1867 1370 1897 1409 e
1923 1356 2142 1425 specula

564 1442 648 1495 vel
689 1442 869 1511 aliquo
918 1442 1053 1496 colle
1106 1443 1172 1496 ad
1221 1444 1617 1513 amplissimum
1656 1447 1876 1515 pelagus
1915 1462 2143 1501 conver-

564 1550 682 1597 sus,
732 1534 940 1588 deﬁxos
988 1534 1039 1587 in
1091 1550 1241 1589 mare
1294 1536 1484 1591 oculos
1546 1537 1867 1607 conjiceres,
1925 1547 2144 1607 quanta:

565 1626 660 1679 tibi
734 1624 1124 1694 magnitudinis
1201 1642 1321 1681 esse
1405 1628 1721 1683 viderentur
1800 1628 1991 1684 insulae
2058 1631 2141 1685 vel

562 1714 842 1766 maximas?
876 1724 1115 1782 quanta),
1154 1725 1375 1773 onerata
1418 1719 1686 1787 quaepiam
1738 1718 1964 1775 inﬁnitis
1994 1736 2140 1776 mer-

565 1807 719 1861 cibus
748 1807 900 1861 navis
934 1822 1057 1862 cum
1100 1808 1237 1863 albis
1281 1810 1416 1866 velis
1444 1811 1676 1866 caeruleo
1716 1813 1929 1869 invecta
1966 1813 2141 1869 mari?

564 1900 644 1952 An
698 1914 805 1952 non
858 1900 1051 1968 quavis
1101 1901 1352 1955 columba
1415 1903 1699 1959 exiliorem
1757 1904 1853 1959 tibi
1902 1906 2138 1976 speciem

563 2007 953 2067 aspectumque
977 1999 1277 2063 exhiberet,
1322 1999 1445 2054 visu
1490 2000 1545 2056 in
1580 2016 1706 2057 aere
1746 2002 2054 2072 absumpto,
2087 2011 2141 2058 et

559 2097 914 2143 cvanesccnte
958 2089 1028 2143 ob
1085 2090 1449 2153 intervallum,
1491 2107 1600 2162 quo
1647 2093 1829 2146 minus
1882 2100 2140 2149 accurate

561 2174 732 2243 ipsam
768 2175 962 2231 oculus
1010 2178 1476 2246 comprehendat?
1517 2179 1703 2234 Itidem
1758 2182 2033 2237 nonnullis
2080 2184 2136 2237 in

560 2269 692 2324 locis
724 2281 937 2325 montes
968 2281 1095 2325 sunt
1142 2272 1385 2335 maximi,
1439 2273 1531 2342 qui
1582 2274 1635 2326 in
1678 2274 2138 2343 profunditatibus

556 2363 875 2419 ambiuntur
915 2381 1009 2433 per
1054 2366 1349 2430 convalles,
1386 2375 1440 2419 et
1475 2367 1796 2421 torrentium
1834 2370 2002 2424 alveis
2021 2371 2139 2424 cin-

558 2466 779 2526 guntur,
813 2457 877 2511 ad
908 2472 1138 2526 quorum
1167 2458 1494 2514 eminentias
1517 2459 1650 2514 levis
1674 2459 1965 2531 [luxusque
1991 2462 2137 2519 visus

558 2548 753 2611 fertur,
802 2559 855 2603 et
903 2549 1072 2604 solam
1116 2549 1333 2619 attingit
1375 2550 1717 2620 superﬁciem
1748 2594 1761 2615 ,
1801 2569 1920 2608 cum
1966 2553 2137 2610 inter-

553 2640 799 2709 jacentes
827 2642 1194 2696 cencavitaues
1221 2652 1503 2712 penetrare
1543 2650 1597 2697 et
1624 2643 1891 2713 inspicere
1920 2658 2140 2716 propter

559 2733 981 2787 imbecillitatem
1008 2743 1262 2803 nequeat.
1297 2733 1379 2788 An
1420 2751 1527 2789 non
1557 2735 1720 2789 etiam
1751 2737 2053 2807 quadratae,
2085 2748 2140 2793 et

559 2824 626 2878 ad
653 2827 823 2879 nubes
857 2825 1146 2879 altitudine
1183 2827 1555 2897 pertingentes
1590 2836 1793 2892 turres,
1831 2829 2065 2885 humiles
2085 2839 2140 2884 et

1642 226 1695 279 S.
1740 225 2033 280 CAESARI!
2064 225 2390 282 GBEGOBH
2426 223 2724 281 FRATRIS

3670 228 3790 285 ιωι

2241 341 2327 393 ἄν.
2367 338 2533 392 Οὐδὲν
2572 334 2733 409 ἧττον
2776 336 2867 388 καὶ
2902 335 3101 405 ἑτέρως
3144 334 3212 388 τὰ
3245 335 3373 406 περὶ
3415 334 3613 407 ταύτης
3639 355 3816 425 σαφη.ς

2244 432 2576 503 νισθήσεται.
2609 431 2807 482 Εἴποτε
2824 423 2918 481 οῦν
2949 428 3042 497 ἀφ’
3072 428 3286 499 ὑψηλῆς
3312 431 3618 502 ἀκρωρείας
3634 433 3792 487 πεδίον

2242 524 2452 577 ἐθεάσω
2489 520 2623 574 πολὺ
2670 521 2766 573 καὶ
2808 518 3025 584 ῦπτιον,
3072 519 3237 589 ἡλίκα
3280 520 3379 589 μέν
3422 539 3498 573 σοι
3536 522 3644 574 τῶν
3678 522 3792 592 βοῶν

2243 613 2523 684 κατεφάνη
2562 612 2632 665 τὰ
2665 611 2867 682 (eum;
2918 610 3138 680 πηλίκοι
3174 611 3232 663 δὲ
3267 614 3313 664 οἱ
3343 613 3629 684 ἀροτῆρες,
3660 615 3793 684 iisin:

2242 707 2308 775 τῇ
2335 702 2594 775 χιλιόμὸῃ
2615 705 2642 755 ὁ
2660 700 2930 771 βουκόλος,
2956 701 2987 771 ἢ
3010 701 3070 753 τὸ
3100 720 3169 772 μυ
3180 702 3402 773 ρίαμνον
3436 703 3525 755 ent
3547 703 3636 756 τοῦ
3665 705 3795 768 ἕλους

2246 796 2576 867 βληχόμενον
2598 811 2612 859 ;
2640 794 2843 865 πηλίκη
2868 793 2927 845 δὲ
2946 792 3099 863 ἡτῶν
3121 794 3306 847 ἵππων
3330 795 3494 865 ἀγέλη
3513 798 3793 866 γαυριῶσα,

2244 890 2338 943 καὶ
2366 891 2459 942 ἐπὶ
2487 889 2594 942 τῶν
2614 886 2897 958 λειμώνων
2932 888 3271 957 σκαίρουσα;
3302 890 3348 940 εί
3377 890 3448 959 μή
3486 906 3568 942 σοι
3602 893 3796 961 μυρμὴ-

2244 996 2355 1032 κων
2379 978 2736 1049 ἀμυδρότεροι
2778 976 2997 1044 έδοξαν;
3052 979 3115 1029 El
3143 978 3199 1030 δὲ
3230 978 3323 1030 καὶ
3360 979 3466 1031 ἀπὸ
3508 982 3731 1042 σκοπιᾶς
3768 980 3795 1051 ἧ

2243 1069 2518 1138 γεωλόφου
2539 1069 2683 1131 τινὸς
2704 1069 2797 1120 ἐπὶ
2818 1068 3077 1139 μέγιστον
3099 1069 3331 1138 πέλαγος
3344 1070 3727 1141 τετραμμένος,
3741 1072 3797 1140 τῇ

2245 1160 2481 1232 θαλάττῃ
2499 1160 2595 1223 τὰς
2618 1161 2767 1230 ὄψεις
2786 1160 3071 1224 ὲπέὸαλες,
3092 1160 3277 1232 ἡλίκαι
3304 1162 3466 1233 μέσαι
3486 1162 3620 1233 (82“)
3640 1162 3797 1228 ἔδοξαν

2242 1256 2349 1309 τῶν
2376 1257 2553 1327 νήσων
2589 1258 2643 1309 αἱ
2695 1254 2978 1325 μέγισται;
3012 1255 3215 1327 πηλίκη
3247 1255 3303 1307 δέ
3347 1273 3430 1308 σοι
3482 1256 3669 1327 ὠράθη
3718 1256 3800 1325 μία

2241 1347 2350 1401 τῶν
2407 1348 2755 1419 μυριοφόρων
2826 1346 3102 1410 ὁλκάδων,
3154 1348 3369 1411 λευκοῖς
3425 1348 3615 1411 ἱστίοις
3682 1348 3799 1418 ὑπὲρ

2245 1443 2450 1512 κυανῆς
2481 1441 2889 1511 ποντοποροῦσα
2918 1440 3226 1511 θαλάσσης;
3257 1443 3305 1494 εί
3346 1441 3420 1512 μὴ
3458 1442 3641 1511 πάσης
3670 1457 3801 1512 περιο

2246 1535 2442 1604 στερᾶς
2484 1534 2860 1605 ἀμυδροτέραν
2910 1550 2994 1586 σοι
3040 1533 3136 1604 τὴν
3188 1533 3429 1603 ἱστορίαν
3500 1533 3797 1603 παρέσχετο,

2248 1626 2706 1697 ὲνδαπανωμένης
2741 1626 2819 1697 τῷ
2844 1626 2967 1698 ἀέρι
2991 1627 3091 1696 τῆς
3123 1626 3318 1695 ὅψεως,
3354 1626 3449 1679 καὶ⁸
3492 1623 3801 1696 έξιτηλουμέσ

2249 1736 2345 1790 νης
2383 1717 2461 1788 τῷ
2492 1720 2849 1790 διαστήματι,
2891 1719 3029 1788 πρὸς
3070 1718 3167 1790 τὴν
3214 1719 3414 1791 ἀκριϐῆ
3465 1718 3797 1787 κατανόησιν;

2250 1808 2390 1880 Ἤδη
2423 1807 2481 1861 δέ
2526 1826 2629 1862 που
2671 1810 2765 1862 καὶ
2802 1808 2910 1861 τῶν
2940 1808 3109 1880 ὀρέων
3149 1809 3219 1861 τὰ
3274 1809 3535 1879 μέγιστα,
3589 1806 3799 1878 βαθείαις

2247 1905 2551 1976 ὲρριγμένα
2575 1905 2685 1976 (85)
2713 1903 2984 1975 φάραγξιν
3004 1905 3099 1957 καὶ
3127 1903 3428 1974 χαράδραις
3444 1903 3797 1974 περιφέρεται*

2247 1998 2343 2050 καὶ
2379 1995 2497 2049 λεία
2523 1998 2555 2067 ἡ
2583 1997 2704 2066 δψις
2728 1996 3061 2062 ὑποτίθεται,
3091 1999 3213 2058 ταῖς
3240 1995 3456 2066 ἐξοχαῖς
3482 1997 3600 2066 ἦτοι
3626 1996 3801 2060 ἐπιφα-

2246 2086 2417 2151 νείαις
2444 2088 2858 2160 προσϐάλλουσα
2887 2089 3097 2159 μόναις,
3124 2092 3243 2151 ταῖς
3271 2088 3326 2141 δὲ
3358 2087 3568 2158 μεταξὺ
3590 2084 3801 2154 κοιλότη-

2247 2196 2331 2233 σιν
2362 2180 2600 2252 ἐμϐῆναι
2630 2181 2725 2234 καὶ
2758 2180 3055 2252 ὲναθρῆσαι
3081 2180 3146 2234 δι’
3184 2180 3403 2234 ἀτονίαν
3430 2180 3514 2251 μὴ
3536 2178 3798 2249 δυναμένη.

2245 2274 2318 2328 Οὐ
2368 2274 2425 2327 δὲ
2481 2274 2819 2345 τετράγωνοι
2882 2274 2979 2327 καὶ
3036 2275 3367 2345 νεφομήκεις
3410 2272 3531 2326 τῶν
3584 2271 3798 2343 πύργων,

2245 2364 2513 2435 χθαμαλοί
2540 2382 2601 2416 τε
2641 2365 2736 2418 καὶ
2785 2366 3047 2436 ὲμπερείς
3081 2365 3216 2435 (85‘)
3256 2363 3483 2417 δοκοῦσι
3514 2362 3711 2424 πολλοῖς
3735 2358 3796 2429 τῷ

2244 2457 2607 2527 διαστήματις
2642 2457 2802 2510 ’Ὠστε
2837 2457 2887 2509 εί
2916 2457 2990 2527 μὴ
3020 2454 3379 2527 παμμέγεθες
3408 2455 3625 2526 ὑπῆρχε
3648 2452 3702 2505 τὸ
3727 2468 3797 2504 σε·

2246 2549 2465 2622 ληναῐον
2492 2549 2674 2619 σῶμα,
2691 2550 2791 2603 οὐκ
2813 2549 2879 2603 ἂν
2909 2550 3110 2620 ὁμοίως
3135 2551 3271 2602 πᾶσι
3300 2548 3575 2601 πάντοθεν
3603 2545 3796 2615 ἱσοφαὴς

2244 2644 2513 2713 ἐφαίνετο,
2534 2643 2635 2714 τῆς
2660 2643 2860 2714 χέρσου
2884 2642 3066 2713 πάσης
3091 2640 3167 2711 τῷ
3193 2639 3345 2711 εῦρει
3373 2639 3454 2711 μὴ
3477 2636 3794 2709 δευτεροῦσα,

2245 2736 2452 2807 ὲναργῆ
2497 2736 2613 2807 ἆμα
2654 2737 2750 2789 καὶ
2796 2738 2909 2799 τοῖς
2942 2736 3132 2807 πόρρω
3164 2733 3365 2804 ταύτης
3406 2729 3795 2802 ποντοποροῦσιο

2242 2829 2339 2883 τοῦ
2378 2829 2641 2900 μεγέθους
2680 2828 2777 2899 τὴν
2821 2828 2944 2898 ὄψιν
2972 2828 3327 2899 παρεχομένη
3364 2829 3467 2880 καὶ
3491 2826 3792 2894 αὐγάζουσα.

557 2918 806 2971 rotunda:
827 2917 1011 2972 multis
1032 2917 1280 2971 videntur
1311 2919 1522 2972 ratione
1560 2919 1866 2974 intervalli?
1897 2919 2131 2976 Proinde
2157 2921 2261 2976 nisi
2288 2923 2486 2977 eximie
2512 2936 2769 2990 magnum
2799 2921 2871 2975 sit
2898 2920 3088 2974 lunare
3112 2934 3334 2988 corpus,
3370 2935 3487 2974 non
3519 2934 3643 2974 sane
3662 2915 3793 2972 simi-

560 3008 683 3063 liter
712 3009 965 3063 omnibus
992 3008 1195 3077 ubique
1224 3008 1392 3062 simili
1426 3009 1547 3063 luce
1575 3010 2003 3080 conspiceretur,
2032 3013 2391 3084 amplitudine
2412 3030 2511 3069 sua
2541 3014 2812 3069 universa:
2836 3021 2994 3067 terra:
3028 3028 3135 3067 non
3164 3012 3383 3077 cedens,
3411 3012 3681 3081 simulque
3705 3024 3798 3064 ma-

562 3100 815 3156 nifestam
846 3110 901 3154 et
926 3100 1012 3154 his
1036 3100 1128 3169 qui
1159 3100 1403 3169 procula
1428 3109 1573 3154 terra
1598 3101 1653 3155 in
1683 3102 1820 3156 mari
1847 3105 2121 3175 navigant,
2156 3108 2546 3179 magnitudinis
2570 3108 2807 3177 speciem
2838 3106 3106 3177 praebens,
3138 3115 3193 3160 et
3222 3104 3390 3161 radiis
3418 3107 3537 3161 suis
3564 3106 3756 3160 lucens.

948 3210 1156 3266 INTER
1166 3210 1471 3268 ROGATIO
1511 3212 1747 3269 CXVIII.

625 3305 766 3373 Quid
800 3307 961 3377 igitur
992 3308 1096 3363 sibi
1120 3309 1255 3373 vult,
1286 3310 1433 3380 quod
1473 3312 1772 3381 sanguinea
1812 3313 1873 3367 ﬁt
1917 3315 2125 3387 aliquo-

561 3400 683 3464 ties,
720 3402 1055 3467 etpvariatur
1089 3409 1254 3471 atque
1288 3402 1629 3472 dissipatur?

1182 3492 1494 3563 Responsio.

634 3587 894 3659 Equidem
953 3588 1058 3645 hoc
1118 3598 1340 3658 aspectu
1386 3597 1517 3657 puto
1572 3591 1795 3647 bellicas
1840 3591 2134 3649 effusiones

561 3682 845 3751 sanguinis
902 3681 1220 3750 signiﬁcari,
1260 3692 1354 3736 aut
1391 3698 1486 3752 per
1517 3684 1930 3742 subvectionem
1972 3686 2132 3742 obfu-

560 3778 693 3829 srati
724 3791 752 3828 a
795 3784 938 3829 terra
993 3775 1134 3829 aeris
1186 3774 1461 3831 turbidam
1498 3777 1651 3831 reddi
1697 3778 1816 3848 ejus
1863 3780 2038 3834 lucem
2080 3789 2134 3835 et

559 3867 923 3936 splendorem,
957 3866 1264 3935 variarique
1285 3883 1380 3935 per
1410 3869 1691 3936 pulverem
1723 3870 1872 3926 hunc
1891 3872 2130 3941 speciem

560 3963 755 4033 ipsius,
788 3965 959 4018 donec
991 3974 1243 4033 provecta
1271 3966 1712 4033 pulverulentum
1748 3962 2133 4041 fuliginosum-

559 4074 665 4126 que
688 4057 867 4111 locum
911 4057 1145 4111 evaserit
1176 4075 1188 4109 :
1225 4058 1422 4126 partim
1447 4060 1592 4112 enim
1614 4060 1830 4130 pinguis
1863 4071 1917 4116 et
1940 4064 2129 4128 densa,

560 4150 753 4219 partim
791 4150 983 4204 adusta
1018 4158 1072 4204 et
1101 4150 1316 4204 cinerea
1343 4159 1421 4205 est
1456 4158 1623 4215 terra.
1660 4153 1939 4210 nonnullis
1970 4155 2025 4210 in
2048 4156 2131 4212 lo-

560 4244 640 4297 cis
670 4243 903 4311 denique
928 4242 1169 4297 crassior
1201 4251 1257 4296 et
1288 4242 1507 4312 gravior
1545 4253 1650 4298 est.
1700 4243 1853 4301 Unde
1892 4247 2127 4317 videtur,

558 4334 780 4402 pulvere
810 4332 1201 4387 circumdatam
1252 4332 1435 4386 lunam
1465 4333 1691 4387 mutari.
1727 4334 1880 4404 διξερε
1912 4337 2129 4407 quidem

558 4427 673 4483 ﬁeri
708 4427 974 4489 videmus,
1004 4435 1065 4479 ut
1092 4426 1226 4480 fumi
1257 4426 1552 4490 exhalatio,
1604 4427 1686 4481 vel
1717 4428 1895 4496 pulvis
1926 4430 2128 4487 nimius

558 4519 763 4590 aliquid
795 4518 938 4589 apud
979 4532 1079 4572 nos
1111 4517 1386 4581 obscuret,
1444 4528 1499 4571 et
1544 4519 1777 4586 procella
1825 4520 1906 4574 vel
1936 4520 2129 4575 nebula

556 4614 762 4669 solares
810 4611 991 4666 radios
1041 4611 1271 4664 hebetet.
1319 4609 1413 4663 Vel
1461 4610 1641 4679 potius
1673 4627 1835 4666 causa
1879 4615 2126 4667 omnium

552 4714 639 4759 est
666 4702 1091 4764 evidentissima,
1119 4702 1261 4769 quod
1295 4715 1418 4753 cum
1443 4716 1599 4754 soror
1630 4701 1702 4754 sit
1728 4701 1877 4764 solis,
1900 4715 1955 4756 et
1981 4703 2130 4772 ejus-

555 4795 677 4849 dem
723 4794 914 4847 mati-is
953 4792 1242 4861 Sapientiae
1278 4790 1407 4855 lilia,
1445 4804 1637 4857 nempe
1665 4788 1890 4854 Christi,
1915 4806 2021 4844 non
2052 4792 2131 4847 fe-

557 4896 643 4939 rat
702 4902 821 4954 quae
874 4884 1182 4939 inferuntur
1236 4882 1338 4952 ipsi
1390 4883 1458 4937 ab
1518 4883 1701 4953 impiis
1761 4886 2123 4949 contumeliae,

555 4978 1014 5050 quemadmodum
1051 4987 1106 5033 et
1141 4978 1223 5031 sol
1268 4976 1413 5030 idem
1456 4976 1509 5029 in
1565 4991 1668 5030 suo
1712 4975 1911 5031 diurno
1959 4992 2125 5032 cursu

555 5072 949 5124 demonstravit
978 5069 1209 5137 caligine
1252 5068 1483 5136 puniens
1515 5082 1770 5121 vesanam
1810 5066 2123 5123 Judzeorum

555 5170 613 5215 et
645 5159 814 5213 Deum
841 5172 1122 5214 necanteni
1156 5162 1502 5231 phalangem,
1528 5162 1934 5229 contractioneq
1947 5177 2013 5214 ue
2038 5177 2126 5215 ra-

556 5251 774 5306 diorum
806 5248 1041 5320 fugiens,
1069 5266 1135 5303 ne
1162 5253 1434 5321 aspiceret
1461 5261 1762 5307 creatorem
1786 5269 1946 5307 suum
1984 5253 2128 5325 ligno

627 5364 767 5435 (δῖ’)
801 5362 1014 5417 Μέσαι.
1036 5360 1217 5435 Forte
1254 5363 1351 5433 μέν
1378 5378 1483 5435 σοι.
1506 5363 1661 5417 Eutr.

628 5432 756 5511 ('85);
781 5432 1145 5504 ’Epptntéra.
1177 5432 1339 5489 Forte
1372 5434 1710 5505 ἐρῤηγμένα,
1740 5438 1819 5492 vel
1848 5437 2123 5509 ὲρῤηγμέ-

558 5507 1142 5648 ναὶἓίὸἒῖλεμπερεῖς.
1186 5578 1340 5631 Anne
1370 5579 1633 5649 ἐμφερεῖς
1648 5576 1766 5649 λιι).

629 5646 751 5720 (84)
772 5651 1137 5717 Λιμορῤοΐας.
1167 5648 1253 5703 AI.
1304 5646 1636 5720 atpbppoag.
1665 5646 1757 5701 Sic
1786 5656 1841 5703 et
1877 5648 1979 5702 sub
2014 5647 2123 5701 itii-

556 5720 697 5777 tium
722 5718 1018 5790 sequentis
1054 5718 1384 5789 lnterrogat.
1410 5718 1575 5789 ουκ,
1617 5718 1983 5788 ἀποφυτῶσαν
2021 5735 2121 5784 pro

2831 3223 3082 3278 ΠΕΥΣΙΣ
3109 3223 3268 3281 PIH'.

2313 3319 2378 3372 Τί
2417 3313 2512 3372 οὖν
2547 3317 2798 3388 βούλεται
2844 3318 2905 3371 τὸ
2955 3317 3195 3388 ὕφαιμον
3234 3315 3396 3387 αὐτὴν
3428 3312 3680 3375 πολλάκις
3712 3311 3798 3379 γί-

2238 3410 2445 3477 νεσθαι,
2487 3411 2583 3463 καὶ
2612 3407 2959 3463 ἀλλοιοῦσθαι
2994 3411 3086 3464 καὶ
3114 3406 3533 3480 σκορπίζεσθαις

2852 3500 3210 3567 Ἀπόκρισις.

2309 3590 2399 3662 Τῷ
2447 3593 2689 3663 σχήματι
2733 3591 2910 3661 τούτῳ
2945 3586 3121 3659 οἶμαι,
3160 3586 3471 3658 πολεμικὰς
3504 3582 3789 3657 αἱμορροῑας

2240 3684 2355 3755 (84)
2390 3684 2775 3754 σημαίνεσθαι,
2816 3682 2959 3754 ἧτῷ
3000 3680 3393 3755 ἀναρριπισμῴ
3448 3679 3544 3735 τοῦ
3585 3678 3679 3735 ἀπὸ
3702 3675 3788 3745 γῆς

2240 3775 2597 3846 αίθαλομένου
2642 3775 2804 3846 ἀέρος
2850 3774 3229 3829 ὲπιθολοῦσθαι
3275 3774 3455 3844 αὐτῆς
3484 3773 3582 3845 τὴν
3617 3766 3784 3839 enim

2235 3867 2330 3919 καὶ
2371 3867 2751 3938 λαμπρότητα,
2806 3869 2901 3941 καί⁴
2945 3865 3286 3920 ἀλλοιοῦσθαι
3318 3865 3398 3935 τῷ
3434 3865 3521 3937 χοῖ
3552 3864 3642 3935 τὴν
3668 3861 3787 3931 ὄψιν,

2237 3959 2430 4030 μέχρις
2452 3959 2518 4012 ἂν
2537 3958 2916 4022 διιππεύουσα,
2950 3958 3055 4024 ἔξω
3083 3958 3177 4012 τοῦ
3204 3958 3434 4011 ὲκκόνου
3470 3957 3603 4028 (84⁸)
3625 3955 3707 4009 καὶ
3720 3954 3789 4006 αἱ·

2235 4052 2501 4117 θαλώδους
2527 4054 2694 4107 τόπου
2721 4054 2969 4125 γένηται.
3000 4054 3080 4125 Πὴ
3111 4054 3211 4125 μὲν
3229 4053 3337 4126 γάρ
3359 4054 3506 4108 πίων
3525 4053 3614 4109 καὶ
3636 4066 3788 4120 παχυ-

2232 4144 2388 4217 τέρα,
2442 4146 2518 4216 πὴ
2546 4146 2605 4199 δὲ
2651 4147 3054 4218 διακεκαυμένη
3098 4148 3194 4201 καὶ
3232 4146 3543 4220 τεφρὼδης,
3585 4140 3782 4216 ἑτέρωθι

2231 4239 2289 4291 δὲ
2336 4239 2496 4311 ὑλικὴ
2546 4240 2640 4294 καὶ
2693 4240 2971 4312 βαρυτέρα
3011 4242 3044 4313 ἡ
3093 4242 3285 4313 χέρσος
3340 4243 3607 4311 πέφυκεν.
3649 4235 3787 4291 Ὅθεν

2230 4333 2380 4386 δοκεῖ
2412 4351 2523 4402 μοι,
2556 4334 2910 4406 κονιζομένην
2937 4335 3106 4405 αὐτὴν
3136 4335 3487 4389 ἀλλοιοῦσθαι
3507 4353 3520 4365 ·
3555 4331 3785 4387 πολλάκις

2232 4425 2311 4487 δὲ,
2346 4427 2441 4478 καὶ
2474 4426 2684 4480 καπνοῦ
2731 4426 3115 4497 ἀναθυμίασις,
3162 4427 3197 4497 ἢ
3231 4428 3382 4491 κόνις
3417 4423 3783 4489 πλεονάζουσα,

2231 4516 2291 4569 τὸ
2331 4518 2460 4589 παρ’
2488 4520 2621 4587 ἡμῖν
2650 4518 2972 4589 ἠμαύρωσε,
3023 4517 3117 4571 καὶ
3146 4518 3402 4586 καταιγὶς
3435 4518 3467 4587 ἢ
3494 4516 3680 4587 ὁμίχλη
3704 4511 3780 4570 τὰς

2237 4610 2467 4681 ἡλιακὰς
2506 4611 2729 4674 ἀκτῖνας
2764 4610 3057 4680 ἤμϐλυνεν.
3088 4612 3159 4663 Ἦ
3189 4610 3392 4681 μᾶλλον
3416 4610 3479 4663 τὸ
3510 4610 3634 4663 πᾶνπι
3660 4608 3780 4671 ἐναρ-

2234 4705 2490 4773 γέστερον
2510 4718 2522 4729 ·
2564 4696 2695 4766 οἷον,
2723 4702 2959 4773 ἀδελφὴν
2986 4703 3360 4773 τυγχάνουσαν
3384 4702 3481 4755 τοῦ
3515 4700 3674 4771 ἡλίου,
3708 4693 3783 4747 καὶ

2233 4798 2332 4867 τῆς
2370 4794 2532 4848 αὐτοῦ
2572 4794 2775 4865 μητρὸς
2822 4795 2922 4864 τῆς
2959 4794 3183 4864 Σοφίας,
3218 4794 3482 4861 Χριστοῦ,
3520 4792 3592 4864 μὴ
3622 4787 3779 4859 φέρειν

2230 4884 2329 4946 τὰς
2354 4884 2431 4944 εἰς
2451 4882 2611 4935 αὐτὸν
2632 4881 2915 4952 δρωμένας
2940 4880 3043 4933 ὑπὸ
3079 4880 3187 4934 τῶν
3218 4880 3394 4933 ἀθέων
3426 4879 3612 4950 ὕϐρεις
3629 4894 3641 4906 ο
3666 4876 3781 4938 ὅπερ

2232 4976 2437 5037 ἐκεῖνος
2460 4974 2517 5026 ὲν
2546 4972 2623 5043 τῷ
2652 4975 2775 5027 κατ’
2807 4972 2969 5027 αὐτὸν
2992 4972 3237 5045 ἡμερινῷ
3258 4974 3445 5045 δρόμῳ
3476 4968 3774 5032 ἐπεδείξατο,

2236 5067 2410 5136 σκότῳ
2444 5066 2618 5119 παίων
2649 5066 2745 5137 τὴν
2783 5066 3060 5137 φρενίτιδα
3088 5067 3183 5119 καὶ
3207 5066 3502 5119 Θεοκτόνον
3541 5059 3778 5117 Ἰουδαίων

2235 5158 2507 5226 φάλαγγα,
2541 5160 2606 5228 τῇ
2642 5157 2869 5229 συστολῇ
2894 5157 3000 5210 τῶν
3024 5159 3256 5212 ἀκτίνων
3281 5157 3500 5226 φεύγων
3527 5151 3775 5221 ἱστορῆσαι

2234 5252 2325 5304 τὸν
2366 5250 2514 5319 σφῶν
2545 5249 2771 5321 ποιητὴν
2801 5249 2943 5322 ξύλῳ
2972 5251 3374 5323 καθηλούμενον
3410 5250 3495 5321 τῷ
3524 5244 3774 5319 πρόσλημ-

2231 5365 2616 5434 ἁποφοιτῶσαν
2660 5381 2723 5419 ex
2768 5367 2999 5420 solemni
3046 5367 3449 5436 permutatione
3477 5383 3527 5418 οι
3560 5372 3614 5436 et
3650 5378 3697 5421 υ,
3724 5362 3772 5410 αι

2232 5437 2467 5511 advertit.
2494 5436 2801 5511 C0_le_lerius
2831 5435 3075 5491 Monum}
3111 5436 3259 5511 Eccl.
3286 5436 3376 5492 Gr.
3402 5446 3542 5490 tom.
3574 5435 3637 5495 ll,
3660 5444 3767 5511 pag.

2230 5509 2355 5571 5'58,
2380 5508 2667 5577 permultis
2694 5508 2746 5561 in
2772 5507 2914 5562 hanc
2944 5508 3277 5563 sententiam
3299 5517 3541 5563 veterum
3569 5507 3769 5570 scripto-

2230 5595 2349 5632 rum
2392 5578 2526 5633 Iocis
2561 5578 2615 5631 in
2648 5578 2887 5633 medium
2914 5578 3187 5634 adductis.

2229 5720 2269 5775 Ε
2300 5648 2433 5719 (84⁸)
2483 5650 2794 5705 Ἐκκόγου.
2826 5647 3018 5721 Forte
3051 5648 3302 5726 ,ἐγκόνου
3323 5686 3338 5714 ,
3374 5643 3748 5717 pulverulentus

2274 5736 2385 5775 DIT.

2274 5736 2385 5775 ΜΤ.
