4048 6222
296 271 437 326 1005
534 294 535 297 η

293 403 454 457 ματι,
521 390 616 442 καὶ
661 388 840 460 δόρατι
888 389 1281 462 ἀμυσσόμενον.
1344 392 1513 444 Τοῦτό
1565 407 1653 461 μοι
1699 391 1847 445 δοκεῖ

297 478 522 549 ὁρᾶσθαι
554 478 660 533 ὑπὸ
686 479 784 550 τῆς
817 480 1093 550 φαίνακος,
1115 482 1206 536 τὸν
1229 481 1454 552 ἀδελφὸν
1486 483 1845 555 μιμουμένης,

291 572 351 623 ἐν
383 571 462 642 τῷ
485 574 606 625 κατ’
637 573 805 644 αὐτῆς
838 574 1097 645 νυκτιαίῳ
1120 573 1325 645 δρόμῳ,
1355 574 1462 628 τῶν
1494 576 1587 628 ἐπὶ
1615 575 1855 646 τύμϐους

293 661 388 714 καὶ
411 659 630 731 βωμοὺς
656 662 1094 733 αὐτομολούντων
1110 666 1337 735 γοήτων,
1357 665 1451 717 καὶ
1474 664 1582 718 τῶν
1606 666 1722 718 ἐκεῖ
1742 665 1854 718 τολ-

298 753 571 823 μωμένων
597 756 917 824 μιαιφονιῶν
941 757 1035 809 καὶ
1067 757 1494 826 παιδοσφαγιῶν,
1525 758 1619 811 καὶ
1650 757 1855 826 σπλάγ-

291 862 438 916 χνων
483 846 699 899 οἰκείων
729 848 1073 918 κατατομῶν,
1096 844 1170 903 ὧν
1200 852 1291 903 ἐπὶ
1315 849 1421 902 τῶν
1454 849 1675 922 ἠπάτων
1706 866 1860 903 σπαι-

293 936 497 1005 ρόντων
542 937 592 989 οἱ
637 938 906 1007 μιαιφόνοι
939 937 1016 1009 τῷ
1053 940 1247 1008 αἵματι
1287 939 1616 1011 χραίνονται.
1664 933 1764 992 Ὧν
1794 940 1857 991 τὸ

292 1025 451 1079 ἄθεον
481 1026 703 1090 εἰκότως
735 1026 1090 1097 ὲκτραγῳδῶν
1114 1026 1275 1080 Δαϐὶδ
1304 1029 1332 1079 ὁ
1363 1026 1666 1092 θεσπέσιος,
1691 1026 1853 1095 φησί’

291 1116 662 1170 Καϊὲθυσαν
688 1116 829 1183 τοὺς
856 1118 1023 1185 υἱοὺς
1046 1117 1243 1172 αὐτῶν
1269 1118 1364 1171 καί
1399 1119 1505 1182 τὰς
1528 1118 1858 1207 θυγατέρας

292 1208 497 1263 αὐτῶν
528 1209 651 1274 τοῖς
688 1209 1036 1280 δαιμονίοις,
1067 1210 1161 1264 καὶ
1198 1210 1446 1279 ἐξέχεαν
1475 1206 1616 1278 αἷμα
1642 1208 1854 1273 ἀθῶον,

291 1298 441 1371 αἷμα
468 1300 613 1355 υἱῶν
640 1301 838 1356 αὐτῶν
865 1303 962 1356 καὶ
995 1302 1327 1371 θυγατέρων
1356 1297 1443 1356 ὧν
1471 1303 1700 1373 {favour
1736 1302 1859 1367 τοῖς

292 1392 588 1462 γλυπτοῖς
616 1393 890 1446 Χαναιὲν’
920 1392 1016 1445 καὶ
1051 1392 1169 1463 μεθ’
1199 1392 1362 1464 ἕτερα
1397 1392 1487 1444 τὸν
1518 1392 1727 1461 ἀμητὺν
1756 1392 1856 1445 αὺ-

290 1487 409 1547 τοῖς
446 1483 554 1537 τῶν
609 1485 824 1537 οἰκείων
872 1485 1198 1555 σπερμάτων
1241 1484 1404 1556 φησί·
1453 1486 1561 1538 Kal
1601 1485 1857 1553 ὠργίσθη

292 1574 462 1642 θυμῷ
485 1575 697 1642 Κύριος
715 1573 813 1627 ἐπὶ
838 1573 1109 1629 τὸνλαόν
1132 1573 1338 1635 αὑτοῦ,
1374 1573 1471 1627 καὶ
1499 1574 1860 1638 ἐϐδελύξατο

287 1664 413 1733 τὴν
444 1666 849 1733 κληρονομίαν
888 1664 1094 1719 αὐτοῦ.
1141 1664 1292 1718 Ἐπεὶ
1318 1660 1410 1719 οὖν
1440 1664 1531 1718 καὶ
1581 1662 1676 1718 νῦν
1713 1664 1862 1716 πλεῖ-

292 1774 414 1810 στοι
444 1757 521 1826 τῷ
559 1756 855 1828 Ἐλληνικῷ
886 1757 1034 1828 ζόφῳ
1075 1756 1533 1827 ὲπισκοτούμενοι,
1561 1757 1654 1810 καὶ
1702 1755 1861 1826 λελη-

290 1851 469 1911 θότως
500 1852 567 1921 τῇ
612 1853 906 1922 προγονικῇ
943 1850 1118 1923 πλάνῃ
1173 1850 1592 1914 ὑποκύπτοντες,
1647 1851 1738 1902 καὶ
1794 1852 1860 1920 τῇ

290 1944 467 2000 πάλαι
495 1943 602 1997 τῶν
629 1942 903 2014 λογισμῶν
938 1944 1239 2015 μιαιφονίᾳ,
1261 1944 1354 1997 ἐπὶ
1379 1943 1690 2012 γεωλόφοις,
1717 1942 1748 2013 ἢ
1772 1942 1864 1995 καὶ

289 2034 547 2104 τύμϐοις,
589 2033 624 2104 ἢ
678 2035 921 2105 μνήμασι
967 2034 1164 2098 νύκτας
1219 2035 1331 2106 (85)
1383 2034 1860 2105 ἀποσχολάζοντες,

293 2127 550 2191 κνίσσαις
592 2127 687 2180 καὶ
728 2127 924 2197 αἵμασι
972 2128 1095 2190 τοὺς
1144 2128 1401 2198 δαίμονας
1450 2127 1862 2199 θεραπεύοντες,

290 2218 437 2272 οἴκοι
465 2217 818 2289 ποτνιώμενοι
834 2220 917 2289 ἐφ’
947 2213 1027 2284 οἷς
1056 2237 1146 2290 κρ.
1178 2262 1191 2274 .
1214 2261 1227 2277 .
1250 2261 1263 2274 .
1291 2261 1304 2274 .
1326 2261 1341 2275 .
1358 2219 1540 2290 μέντοι
1566 2218 1863 2289 καθιεμένη

294 2313 332 2383 ἡ
360 2310 564 2380 φαίναξ
588 2311 759 2383 αὐτὴν
789 2311 1004 2383 ίλυγγιᾷ
1020 2312 1114 2366 καὶ
1139 2315 1365 2383 πτήσσει
1381 2312 1474 2365 καὶ
1492 2311 1865 2380 συγκαλύπτε-

292 2423 416 2469 ται,
444 2405 524 2476 τῷ
557 2404 709 2474 νέφει
758 2403 1069 2470 ὲνδύνουσα,
1110 2405 1204 2458 καὶ
1244 2403 1549 2469 ἀπαξιοῦσα
1588 2403 1865 2457 ἐπιϐαλεῖν

292 2499 416 2558 τοῖς
466 2493 705 2561 ἀναξίοις
750 2495 813 2548 τὸ
856 2496 1011 2565 φάος,
1054 2497 1175 2549 κατ’
1221 2496 1405 2549 είκόνα
1448 2494 1542 2548 τοῦ
1600 2495 1861 2564 ἀδελφοῦ·

294 2587 493 2660 ὥσπερ
532 2587 594 2652 ἐξ
642 2588 950 2658 ἀπόπτουῆ
999 2587 1308 2660 ἀκρωρείας
1335 2586 1625 2658 οὐρανόθεν
1667 2588 1734 2658 τῇ
1778 2587 1868 2640 ἀλ-

294 2680 515 2735 λοιώσει
558 2679 854 2741 ἐπιϐοῶσα,
885 2680 980 2733 καὶ
1014 2680 1188 2751 σκότῳ
1219 2679 1457 2734 παίουσα
1487 2679 1582 2734 καὶ
1607 2678 1866 2750 εἴργουσα

296 2772 430 2835 τοὺς
461 2771 781 2843 μιαιφόνους
799 2770 896 2825 τοῦ
927 2770 1087 2825 ἀθέου
1110 2769 1411 2842 δράματος.

873 2959 1121 3012 ΠΕΥΣΙΣ
1151 2959 1294 3013 ΡῙΘ’.

381 3066 447 3119 El
490 3066 589 3119 οὐκ
638 3065 890 3136 ἀνόμοιος
922 3067 950 3119 ὁ
979 3064 1108 3128 Υἱὸς
1135 3064 1229 3118 τοῦ
1266 3064 1400 3119 Θεοῦ
1427 3065 1504 3137 τῷ
1544 3067 1719 3138 Ilasz
1770 3071 1865 3122 καὶ

301 3157 450 3228 Θεῷ.
483 3157 594 3210 ἀλλ’
648 3157 762 3221 ἴσος
804 3155 946 3210 κατὰ
979 3156 1155 3211 πάντα
1192 3157 1286 3211 καὶ
1317 3158 1595 3229 ὁμότιμος,
1643 3160 1739 3212 καὶ
1765 3159 1865 3231 τῆς

298 3251 475 3321 αὐτῆς
499 3249 739 3320 φύσεως,
777 3249 895 3313 πῶς
921 3250 1081 3314 αὐτὸς
1107 3250 1277 3318 λέγει,
1320 3249 1465 3319 Ἐγώ
1484 3252 1600 3320 ειμι
1620 3252 1658 3320 ἡ
1684 3252 1869 3322 ἄμπε-

297 3345 434 3408 λος,
464 3341 564 3395 καὶ
594 3344 627 3395 ὁ
662 3341 863 3409 Πατήρ
885 3357 1004 3409 μου
1025 3344 1056 3394 ό
1083 3342 1331 3411 γεωργός
1353 3346 1465 3407 ;Ob
1483 3342 1593 3413 γὰρ
1623 3342 1703 3415 εὴ]
1733 3344 1868 3417 αὑτὴ

296 3433 465 3506 φύσις
493 3433 611 3485 ἐστὶ
639 3431 886 3504 γεωργοῦ
917 3434 1010 3486 καὶ
1039 3433 1312 3505 ἀμπέλου·
1347 3438 1381 3508 ἡ
1436 3434 1535 3505 μὲν
1557 3435 1667 3507 γὰρ
1696 3436 1870 3509 ὑπάρ-

296 3543 388 3599 χει
412 3525 605 3597 λογικὴ
633 3525 726 3579 καὶ⁵
754 3525 1014 3596 ἔμψυχος,
1048 3527 1081 3595 ἡ
1116 3525 1174 3579 δὲ
1194 3525 1386 3596 ἄλογος
1419 3529 1512 3581 καὶ
1536 3528 1762 3598 ἄψυχος.

912 3616 1271 3685 Ἀπόκρισις.

370 3708 489 3763 Οὐκ
517 3708 726 3762 ἐπαινῶ
774 3708 872 3779 σὴν
916 3709 1255 3764 ἀστατοῦσαν
1292 3711 1393 3784 τὴν
1438 3710 1737 3781 ἀγχίνοιαν,
1776 3712 1871 3764 καὶ

294 3798 565 3862 ’πολλάκις
602 3799 706 3867 ἔξω
728 3798 837 3853 τῶν
866 3802 1238 3872 προκειμένων
1262 3802 1659 3872 ἀποφοιτῶσαν,
1682 3803 1776 3856 καὶ
1802 3805 1867 3874 τῇ

295 3892 584 3963 ἀλλοκότῳ
605 3891 796 3945 πεύσει
830 3910 896 3964 με
925 3894 1379 3965 διαστρέφουσαν.
1404 3895 1516 3949 Καὶ
1549 3897 1597 3948 εί
1627 3896 1724 3966 μὲν
1749 3895 1871 3966 βου-

296 3984 530 4054 λόμενος
569 3983 728 4037 τοῦτο
759 3988 952 4049 ποιεῖς,
990 3986 1251 4055 ὲπίγνωθι
1293 3987 1720 4058 γινωσκόμενος·
1748 3990 1796 4042 εἰ
1824 3987 1869 4040 δ’

296 4074 491 4137 ἁπλῶς
522 4075 592 4128 τὰ
611 4077 854 4146 φυόμενα
869 4079 936 4147 τῇ
959 4076 1164 4148 διανοίᾳ
1192 4079 1505 4149 προφέρεις,
1541 4078 1871 4150 συγγνώμην

296 4168 420 4239 ἔχε,
462 4168 631 4238 κάμοὶ
677 4169 881 4240 ταύτην
912 4169 1273 4241 δωρούμενος.
1313 4171 1393 4223 Τά
1426 4171 1484 4224 δὲ
1506 4172 1866 4242 Χριστιανῶν,

295 4259 488 4311 πίστει
536 4257 886 4330 κρατύνεται,
938 4260 1033 4312 καὶ
1065 4261 1126 4312 ού
1161 4259 1561 4331 συλλογισμοῖς,
1593 4261 1661 4314 δι’
1706 4255 1781 4315 ὧν
1819 4264 1868 4315 οἱ

298 4350 545 4403 πλεῖστοι
573 4351 680 4405 τῶν
710 4351 924 4423 φρενῶν
948 4352 1388 4424 ὲξετινάχθησαν.
1412 4349 1557 4426 Ἀρα
1581 4353 1688 4426 γὰρ
1723 4354 1871 4407 Παῦ-

294 4441 393 4506 λος
425 4444 521 4495 καὶ
561 4442 827 4507 Ἀπολλὼς
849 4445 1042 4515 ἑτέρας
1066 4445 1310 4516 ὑπῆρχον
1329 4448 1479 4517 παρά
1500 4447 1597 4517 τὴν
1639 4448 1867 4518 Ἐκκλη-

298 4537 428 4591 σίαν
454 4536 699 4605 φύσεωςς
734 4537 939 4606 Γράφει
983 4537 1091 4609 γὰρ
1116 4538 1192 4609 τῷ
1214 4539 1385 4610 θιάσῳ
1412 4543 1512 4611 τῆς
1545 4541 1870 4612 Ἐκκλησίας

291 4630 326 4682 δ
351 4628 559 4698 ὑψηλὸς
585 4628 683 4699 τὴν
712 4629 947 4684 διάνοιαν
967 4647 980 4661 ·
1025 4631 1173 4702 Ἐγὼ
1195 4632 1518 4701 ἐφύτευσα,
1565 4635 1870 4701 Ἀπολλὼς

294 4722 609 4783 ἐπότισεν,
653 4720 790 4774 ἀλλ’
827 4724 859 4774 ό
894 4722 1037 4789 Θεὸς
1063 4723 1347 4791 ηὔξανεν.
1396 4722 1521 4798 'Ap’
1548 4723 1639 4781 οὖν
1668 4726 1871 4797 ἄψυχος

292 4814 395 4864 καὶ
429 4810 625 4877 ἄλογος
642 4814 675 4882 ἡ
724 4812 1020 4883 Ἐκκλησία
1045 4814 1149 4867 ὑπὸ
1167 4816 1381 4869 Παύλου
1412 4817 1748 4888 φυτευομένη
1775 4818 1870 4871 καὶ

302 4896 563 4971 ’Δπολλῲ
611 4903 937 4975 ποτιζομένῃ
970 4909 1035 4977 τῇ
1088 4907 1197 4959 τῶν
1240 4906 1468 4964 ἐντολῶν
1523 4911 1714 4984 ἀρδείᾳ
1773 4912 1868 4966 καὶ

288 4994 315 5044 ἐ
329 4989 571 5060 νιδρύσει
589 5010 605 5059 ;

880 5268 1127 5324 ΠΕΥΣΙΣ
1165 5272 1292 5327 PK’.

367 5351 527 5406 Διατῐ
568 5356 875 5425 προέδωκεν
917 5361 946 5412 ὁ
996 5361 1127 5425 Θεὸς
1174 5363 1266 5416 τὸν
1318 5362 1437 5417 Ἰὼϐ
1484 5365 1561 5438 τῷ
1616 5367 1865 5439 διαϐόλῳ,

290 5442 464 5507 αὐτὸς
494 5447 785 5519 μαρτυρῶν
814 5449 980 5505 αὐτοῦ
1009 5453 1074 5521 τῇ
1103 5451 1414 5526 δικαιοσύνῃ
1432 5456 1526 5510 καὶ
1552 5460 1617 5529 τῇ
1641 5456 1865 5532 ἀληθινῇ

1586 280 1591 285 '
1658 266 2008 324 DlALOGUS
2056 266 2147 322 Ill.
2221 289 2225 293 ν

3374 252 3512 310 1006

1950 390 2119 445 clavis
2146 386 2360 442 at'ﬁxum
2390 385 2598 439 ratione
2631 381 2898 451 assumpti
2918 419 2932 443 ,
2984 388 3038 435 et
3064 380 3217 433 basta
3257 378 3512 433 vulnera-

1955 491 2090 537 tum.
2122 480 2266 536 Idem
2289 493 2419 549 ergo
2451 476 2583 532 mihi
2601 476 2815 531 videtur
2833 474 2918 545 agi
2945 488 2973 526 a
2993 473 3120 526 luna
3141 471 3360 525 fratrem
3392 471 3518 524 imi-

1956 581 2127 636 tante,
2154 573 2281 626 dum
2323 582 2568 639 tempore
2611 567 2866 621 nocturni
2912 579 3109 621 cursus
3156 561 3276 630 ejus
3309 562 3377 616 ad
3423 576 3516 616 se-

1954 665 2141 735 pulcra
2167 672 2220 717 et
2252 677 2376 716 aras
2405 669 2537 715 eunt
2565 658 3010 729 praestigiatores,
3068 663 3121 708 et
3172 654 3282 707 illic
3326 665 3520 721 perpe-

1955 765 2169 810 trantur
2201 754 2374 808 credes
2398 768 2462 807 ac
2491 766 2784 821 puerorum
2812 748 3195 823 mactationes,
3250 755 3303 801 et
3347 747 3522 800 visce-

1958 861 2078 900 rum
2133 844 2478 914 propriorum
2526 843 2907 904 dissectiones,
2965 855 3198 909 quorum
3257 838 3524 908 sanguine

1957 936 2346 1006 palpitantibus
2391 934 2570 989 adhuc
2612 932 2946 1002 jecinoribus
3014 931 3179 999 impii
3237 930 3524 1000 parricidas

1956 1029 2293 1099 polluuntur.
2318 1026 2559 1092 Quorum
2593 1027 2925 1094 impietatem
2964 1039 3068 1077 non
3098 1023 3196 1077 abs
3230 1039 3287 1077 re
3324 1024 3525 1091 tragice

1959 1122 2108 1175 velut
2154 1135 2434 1189 exponens
2487 1118 2716 1173 Davides
2768 1118 2854 1170 ille.
2905 1116 3143 1177 divinus,
3192 1115 3413 1184 inquit:
3454 1113 3522 1168 Et

1959 1220 2317 1266 mactaverunt
2344 1212 2484 1279 ﬁlios
2526 1227 2645 1264 suos
2687 1219 2736 1262 et
2779 1209 2920 1278 ﬁlios
2968 1225 3091 1261 suas
3129 1208 3402 1262 dtemoniis
3428 1223 3445 1260 :
3474 1215 3525 1261 et

1957 1305 2251 1372 e/Iuderunt
2284 1303 2585 1372 sanguinem
2623 1303 2918 1361 innoxium,
2957 1302 3264 1370 sanguinem
3288 1299 3523 1368 filiorum

1958 1407 2246 1450 suorumet
2272 1396 2527 1466 ﬁliarum,
2574 1410 2725 1459 quem
2762 1394 3161 1447 immolaverunt
3193 1391 3525 1473 sculptilibus
3626 1453 3631 1457 η

1984 1488 2403 1542 Chanameorum
2421 1487 2460 1540 ⁸.
2481 1485 2543 1539 Et
2573 1497 2691 1555 post
2719 1487 2841 1547 alia,
2869 1501 3100 1541 messem
3122 1484 3238 1553 ejus
3267 1484 3524 1538 sementis

1961 1580 2097 1650 ipsis
2119 1580 2389 1642 indicans,
2417 1580 2539 1633 ait:
2580 1577 2649 1631 Et
2692 1582 2865 1631 iratus
2917 1586 2993 1631 est
3042 1577 3220 1646 furore
3268 1575 3524 1629 Dominus

1962 1688 2119 1742 super
2141 1672 2394 1742 populum
2424 1688 2601 1734 suum,
2630 1680 2678 1724 et
2705 1670 3035 1723 abominatus
3068 1680 3143 1722 est
3166 1668 3528 1722 hazreditatem

1952 1779 2114 1816 suam
2133 1764 2175 1816 ’.
2210 1762 2658 1830 Quandoquidem
2686 1761 2851 1829 igitur
2881 1776 3026 1814 nunc
3054 1775 3273 1830 quoque
3305 1759 3530 1830 plurimi

1964 1854 2226 1923 gentilitia
2297 1854 2527 1922 caligine
2582 1852 2832 1912 involuti,
2890 1851 3199 1905 clanculum
3255 1852 3524 1918 majorum

1965 1959 2188 1997 suorum
2246 1945 2418 1997 errori
2469 1958 2527 1997 se
2562 1941 2910 2006 submittunt,
2960 1941 3195 2010 priscam
3242 1940 3528 2010 cogitatio-

1964 2050 2092 2089 num
2125 2036 2324 2089 caedcm
2374 2036 2428 2089 in
2476 2035 2705 2089 collibus
2753 2041 2846 2088 aut
2895 2033 3159 2102 sepulcris
3201 2043 3294 2087 aut
3337 2048 3532 2087 monu—

1964 2127 2163 2181 mentis
2195 2137 2360 2182 noctu
2405 2136 2679 2191 exercent,
2719 2126 2998 2181 nidoribus
3029 2134 3085 2181 et
3125 2126 3392 2196 sanguine
3428 2126 3534 2181 dte-

1964 2231 2154 2272 mones
2183 2228 2535 2280 venerantur,
2554 2232 2693 2287 quos
2716 2216 2864 2286 ipsos
2885 2216 3049 2271 etiam
3079 2214 3228 2270 domi
3254 2216 3530 2286 supplices

1964 2305 2458 2360 adorantzidcirco
2486 2305 2637 2369 luna,
2671 2318 2983 2374 quanquam
3022 2318 3081 2358 se
3125 2318 3230 2357 non
3272 2303 3527 2367 dimittat,

1963 2411 2074 2466 prae
2107 2397 2295 2451 dolore
2322 2407 2501 2451 tamen
2526 2407 2739 2461 aestuat,
2775 2395 3053 2461 exhorret,
3072 2395 3221 2449 abdit
3254 2408 3396 2458 sese,
3425 2409 3530 2447 nu-

1961 2486 2084 2541 bern
2139 2486 2394 2551 induens,
2445 2487 2629 2541 fratris
2662 2488 2911 2556 exemplo
2973 2486 3317 2554 splendorem
3365 2498 3528 2539 suum

1964 2579 2198 2649 indignis
2233 2580 2417 2650 largiri
2442 2579 2782 2649 dedignatur,
2823 2577 3040 2633 coalitus
3070 2578 3216 2631 velut
3248 2591 3318 2631 ex
3348 2576 3529 2647 aliqua

1963 2672 2186 2745 specula
2205 2670 2287 2726 vel
2315 2670 2534 2726 sublimi
2570 2670 2709 2730 loco,
2743 2684 2836 2738 per
2863 2669 3035 2738 ipsam
3084 2667 3528 2722 immutationem

1964 2765 2051 2821 sui
2079 2763 2325 2819 clamans
2349 2774 2402 2816 et
2434 2761 2663 2831 caligine
2684 2760 2916 2829 puniens
2950 2766 3114 2830 atque
3137 2773 3396 2814 coercens
3428 2756 3530 2814 ho-

1965 2855 2193 2913 micidas
2228 2853 2297 2909 ab
2326 2852 2491 2922 impio
2524 2850 2782 2907 facinore.

2385 2960 2896 3019 INTERROGATIO
2956 2960 3141 3017 CXIX.

2042 3074 2099 3129 Si
2154 3089 2261 3131 non
2301 3084 2384 3128 est
2426 3072 2709 3144 inaequalis
2748 3070 2846 3127 Dei
2883 3071 3060 3127 Filius
3109 3069 3217 3125 Deo
3265 3077 3320 3124 et
3363 3067 3510 3129 Patri

1968 3165 2060 3222 sed
2091 3179 2189 3235 par
2222 3165 2276 3218 in
2308 3164 2653 3230 omnibus,et
2669 3163 2910 3232 ejusdem
2933 3162 3155 3219 honoris
3183 3160 3536 3232 ejusdemque

1966 3266 2208 3323 naturae,
2234 3255 2515 3325 quomodo
2564 3255 2740 3325 inquit
2784 3256 2899 3325 ipse
2934 3278 2945 3309 :
2976 3253 3088 3325 Ego
3142 3270 3259 3307 sum
3304 3254 3448 3320 vitis,
3484 3260 3536 3307 et

1957 3344 2115 3402 Pater
2152 3363 2297 3401 meus
2326 3346 2660 3417 agricola“?
2683 3344 2800 3400 Non
2832 3347 2977 3401 enim
3010 3346 3198 3401 eadem
3235 3355 3430 3401 natura
3452 3355 3538 3402 est

1964 3439 2091 3494 vitis
2130 3449 2184 3493 et
2209 3439 2481 3509 agricolae,
2511 3454 2634 3494 cum
2677 3439 2840 3510 limcq
2859 3440 3036 3494 uidem
3068 3439 3140 3494 sit
3163 3439 3447 3494 rationalis
3484 3448 3539 3495 et

1967 3530 2225 3593 animata,
2259 3529 2348 3583 illa
2381 3544 2511 3585 vero
2546 3530 2772 3584 rationis
2805 3545 3002 3600 expers
3026 3538 3080 3584 et
3109 3529 3373 3587 inanima.

2595 3618 2900 3687 Responsio.

2036 3702 2155 3761 Non
2188 3706 2350 3763 laudo
2378 3715 2526 3767 tuam
2555 3707 2952 3763 inconstantem
2978 3710 3355 3779 sagacitatem,
3400 3725 3527 3780 qua:

1968 3800 2197 3853 multum
2225 3807 2278 3854 et
2323 3808 2477 3854 extra
2528 3801 2871 3870 propositum
2912 3801 3207 3865 exorbitat,
3250 3811 3306 3856 et
3356 3803 3538 3859 aliena

1968 3889 2264 3957 quaestione
2313 3904 2400 3944 me
2447 3889 2722 3944 distrahit.
2773 3889 2840 3944 Et
2878 3892 2924 3946 si
2960 3891 3180 3961 quidem
3226 3894 3415 3948 Valens
3478 3892 3537 3949 id
3634 3958 3639 3963 ο

1969 3978 2127 4045 facis,
2178 3982 2459 4052 agnoscite
2506 3996 2592 4035 me
2618 3981 2722 4037 hoc
2769 3984 3221 4040 animadvertere.
3283 3983 3377 4039 Sin
3407 4000 3541 4040 vero

1969 4072 2290 4142 simpliciter
2331 4073 2384 4126 in
2441 4082 2623 4128 mente
2669 4075 2845 4145 genita
2893 4075 3128 4147 profers,
3172 4078 3383 4132 veniam
3436 4079 3536 4134 tibi

1969 4164 2085 4218 dari
2112 4165 2271 4228 scito,
2306 4180 2472 4234 quam
2506 4176 2560 4221 et
2598 4167 2734 4221 mihi
2764 4167 3007 4223 vicissim
3056 4168 3288 4240 benigne
3332 4171 3532 4241 largio-

1967 4256 2065 4311 ris.
2099 4255 2534 4311 Cbristianorum
2581 4258 2796 4328 quidem
2820 4270 2967 4315 certe
2991 4260 3240 4330 dogmata
3278 4263 3382 4318 (ide
3404 4278 3539 4318 con-

1971 4345 2213 4400 tinentur
2241 4352 2295 4399 et
2343 4344 2667 4411 iniciuntur,
2716 4364 2828 4403 non
2865 4351 3404 4415 ratiocinationibus,
3444 4368 3543 4419 per

1972 4451 2110 4504 quas
2141 4436 2361 4506 plurimi
2387 4452 2614 4507 prorsus
2629 4450 2864 4495 mentem
2896 4442 3215 4499 amiserunt.
3234 4443 3372 4498 Num
3393 4446 3540 4499 enim

1971 4526 2199 4582 diversa
2230 4526 2435 4585 Paulus
2482 4539 2537 4585 et
2588 4530 2812 4601 Apollas
2856 4544 3033 4598 erant,
3070 4544 3315 4603 reSpectu
3359 4535 3544 4590 Eccle-

1972 4620 2088 4684 siae,
2134 4621 2376 4676 naturae?
2424 4622 2626 4677 Scribit
2666 4624 2816 4678 enim
2866 4640 3023 4679 sacro
3066 4626 3233 4680 coetui
3285 4626 3541 4682 Ecclesiae

1973 4711 2173 4767 mentis
2222 4713 2575 4785 intelligentia
2625 4716 2842 4771 sublimi
2890 4717 3148 4784 praeditus
3197 4716 3287 4770 ille
3315 4716 3541 4784 Aposto-

1972 4801 2059 4856 lus
2089 4820 2103 4854 :
2140 4801 2252 4874 Ego
2277 4804 2534 4873 plantavi,
2578 4806 2790 4876 Apollas
2842 4808 3051 4876 rigavit,
3089 4823 3152 4859 ac
3196 4806 3336 4861 Deus
3371 4809 3542 4864 incre-

1976 4906 2205 4949 mentum
2249 4898 2472 4952 dedit“.
2524 4897 2663 4953 Num
2716 4899 2877 4968 igitur
2920 4899 3155 4953 inanima
3207 4908 3261 4954 ct
3317 4902 3542 4960 rationis
3636 4896 3643 4903 ’

1975 5001 2169 5054 expers
2207 4997 2325 5041 erat
2361 4987 2603 5044 Ecclesia
2635 5004 2664 5043 a
2699 4991 2866 5044 l'aulo
2895 4991 3228 5059 plantata,et
3265 4994 3333 5050 ab
3348 4995 3542 5067 Apollo

1981 5078 2178 5143 rigata,
2242 5092 2339 5145 per
2408 5078 2782 5149 irrigationcm
2843 5090 2898 5135 et
2963 5082 3275 5139 insitionem
3338 5102 3542 5157 prame-

1972 5170 2223 5240 plerum?

2422 5279 2938 5340 INTERROGATIO
2993 5284 3158 5341 CXX.

2044 5370 2226 5439 Quare
2249 5372 2396 5429 Deus
2418 5374 2640 5430 diabolo
2667 5374 2866 5431 Jobnm
2898 5380 3143 5445 tradidit,
3194 5395 3317 5435 cum
3361 5389 3539 5434 tamen

1976 5462 2091 5531 ipse
2111 5462 2481 5518 testimonium
2506 5464 2652 5522 illius
2690 5466 2919 5538 iustitiae
2964 5469 3270 5539 perhibeat,
3314 5479 3370 5526 et
3397 5484 3542 5530 vero

371 5567 398 5603 ⁸
433 5568 579 5628 Psal.
621 5590 709 5640 cv,
741 5576 829 5645 '57,
868 5577 956 5635 '58.
1030 5578 1051 5610 ’
1085 5578 1216 5636 ibid.
1266 5580 1358 5638 40.
1435 5585 1478 5617 ³ο
1528 5571 1688 5644 Joan.
1741 5606 1831 5657 xv,

2021 5597 2061 5627 “
2097 5597 2120 5649 Ι
2157 5595 2286 5652 Cor.
2329 5612 2411 5665 Ill,
2448 5598 2503 5653 6.

370 5711 490 5791 (85)
523 5715 783 5782 Νὐκτας.
820 5714 984 5775 Forte
1016 5720 1228 5787 νυκτός.
1262 5719 1418 5778 Enn.
