4048 6222
548 224 687 283 1007

545 354 711 417 atque
769 347 1228 418 irreprehensibili
1280 351 1490 406 vivendi
1545 355 1788 408 rationi?
1828 356 2003 411 Simul
2051 357 2120 413 da

1605 229 1660 286 S.
1703 230 2008 288 CESARII
2051 231 2386 290 GREGORII
2421 233 2724 293 FRATRIS

3665 230 3789 285 1008

2228 359 2322 411 καὶ
2349 358 2626 432 ἀμέμπτῳ
2658 359 2932 430 mit-rato;
2969 347 3063 412 καὶ
3113 353 3468 426 συγχώρησον
3510 354 3578 423 τῇ
3609 351 3792 406 ἀνακο-

545 443 758 495 veniam
819 457 925 495 non
962 442 1256 497 coluerenli
1299 457 1425 498 cum
1470 446 1852 514 superioribus
1897 449 2096 504 interro

2224 450 2398 524 λούθῳ
2427 456 2714 526 ἐρωτήσειο
2743 455 2802 508 οὑ
2842 455 2950 525 γὰρ
2979 450 3257 524 πειράζων
3280 448 3438 502 τοῦτο
3467 448 3628 500 ποιῶ.

545 533 769 602 gationi.
797 530 916 587 Non
940 532 1083 588 enim
1118 536 1359 591 tentandi
1391 536 1563 606 gratia
1593 538 1697 592 hoc
1719 537 1877 593 facio.

1178 625 1490 696 Responsio.

610 715 724 770 Non
756 716 955 784 ipsum,
1008 718 1101 772 sed
1131 735 1252 788 quae
1294 720 1469 788 ipsius
1502 731 1681 789 erant,
1722 739 1828 779 non
1875 723 2120 789 tradidit,

541 806 632 861 sed
672 807 966 871 Concessit,
1005 824 1266 865 exercens
1291 809 1491 865 Johum
1531 813 1710 883 ipsum
1741 815 1812 869 ad
1855 813 2123 870 fortitudi-

537 913 686 960 nem,
721 907 772 952 et
807 898 1082 954 abducens
1122 915 1218 968 per
1266 916 1356 956 res
1400 902 1572 959 luteas
1625 905 1812 959 carnis
1843 916 2118 976 expertem

537 990 907 1046 adversarium
939 1007 968 1045 a
1009 986 1312 1047 tentatione‘
1345 994 1587 1049 hominis
1614 997 1767 1066 justi.

957 1081 1474 1141 INTERROGATIO
1511 1086 1696 1142 CXXI.

603 1175 764 1230 [tecte
793 1175 1002 1241 dixisti,
1027 1193 1136 1232 non
1167 1177 1367 1248 ipsum,
1423 1179 1518 1235 sed
1560 1197 1682 1250 qua:
1719 1181 1889 1252 ipsius
1937 1193 2113 1251 erant,

540 1268 740 1324 tradita
779 1268 971 1323 fuisse.
999 1268 1140 1335 Quid
1186 1270 1390 1340 igitur?
1429 1288 1497 1327 an
1545 1289 1654 1328 non
1713 1274 1829 1344 ipse
1866 1285 1983 1330 erat
2021 1277 2115 1346 qui

536 1360 815 1416 vermibus
850 1359 1278 1430 perfodiebatur,
1314 1373 1366 1420 et
1407 1365 1475 1420 ab
1498 1365 1578 1421 eis
1609 1366 2019 1432 comedebatnr,
2061 1377 2115 1424 et

537 1456 744 1510 saniem
781 1464 916 1510 testa
949 1454 1208 1510 radebat?

1162 1545 1472 1616 Responsio.

601 1637 822 1693 Minime
850 1653 946 1708 per
971 1653 1235 1708 corporea
1275 1639 1500 1693 vulnera
1538 1639 1831 1696 laedebatur
1855 1643 2105 1700 animus:

533 1747 634 1788 nec
657 1746 891 1794 vermes,
929 1731 1053 1786 licet
1091 1738 1266 1784 utrem
1311 1729 1678 1800 perforarent,
1719 1733 1866 1791 intus
1899 1737 2107 1806 reposi-

532 1834 648 1880 tum
680 1824 998 1879 thesaurum
1031 1821 1238 1876 adoriri
1267 1830 1538 1892 poterant.
1580 1821 1699 1880 Non
1737 1827 1881 1881 enim
1909 1842 2106 1898 corpus

529 1917 700 1974 Jobus
735 1927 872 1980 erat,
897 1916 989 1971 sed
1021 1914 1192 1970 Jobus
1231 1925 1348 1970 erat
1393 1915 1508 1987 ipsa
1542 1917 1626 1973 vis
1660 1919 1827 1974 animi
1877 1921 2105 1978 rationis

529 2010 831 2081 particeps;
878 2007 1000 2062 Johi
1049 2021 1206 2071 vero,
1265 2022 1500 2077 corpus;
1549 2013 1816 2080 corporis,
1867 2028 1953 2068 res
1987 2013 2106 2069 alia:

528 2111 820 2158 terrestres
844 2112 1108 2171 cognatae.
1157 2098 1293 2155 Nam
1330 2101 1385 2155 in
1433 2103 1615 2157 anima
1657 2105 1910 2160 rationali
1952 2122 2105 2162 mens

527 2205 612 2251 est
638 2195 879 2250 scientia:
901 2193 1188 2249 rationalis
1221 2209 1413 2264 capax.
1459 2194 1614 2261 Quod
1653 2205 1834 2252 autem
1874 2201 2106 2256 rationis

527 2298 611 2344 est
637 2301 852 2356 expers.
887 2301 1053 2341 sensu
1090 2295 1239 2340 caret
1263 2293 1317 2340 et
1345 2287 1554 2342 luteum
1579 2295 1683 2342 est.
1733 2287 2104 2348 Nhilominus

525 2393 748 2452 propter
776 2378 1216 2434 commistionem
1255 2393 1446 2433 eorum
1477 2395 1599 2449 quze
1621 2381 1822 2438 diversi
1855 2392 1984 2438 sunt
2009 2400 2102 2452 ge-

529 2474 702 2540 neris,
740 2480 794 2528 et
819 2471 1078 2527 unionem
1129 2471 1449 2525 animalium
1489 2473 1862 2540 rationalium,
1911 2477 2104 2531 merito

526 2565 829 2637 appellatur
856 2565 1041 2619 homo.
1071 2564 1335 2619 Concedit
1363 2564 1528 2636 igitur
1559 2565 1702 2621 Deus
1735 2567 1876 2622 hosti
1919 2576 2100 2623 exter-

525 2674 629 2722 na,
687 2666 739 2712 ut
796 2657 1140 2712 inn0tescant
1191 2657 1447 2712 omnibus
1494 2658 1749 2714 interiora
1789 2661 1933 2731 regis
1986 2676 2104 2717 sce-

523 2748 1112 2819 ptra,suist'ulgoribus
1131 2749 1482 2804 obscurantia
1523 2767 1820 2820 purpuram
1850 2763 2101 2823 aspecta-

524 2841 686 2898 hilem
724 2851 778 2897 et
807 2843 1077 2896 diadema.
1109 2840 1345 2896 Prmerat
1385 2843 1527 2897 enim
1567 2845 1716 2900 solus
1745 2846 1952 2915 regioni
1985 2845 2104 2902 Usi-

525 2944 702 2990 tarum
734 2950 857 2988 cum
893 2933 1144 3003 imperio,
1169 2934 1490 3004 priusquam
1527 2951 1558 2990 a
1595 2938 1877 2993 vermibus
1920 2939 2102 3009 perfo-

523 3037 736 3083 raretur
763 3027 952 3081 carnis
999 3027 1172 3095 ipsius
1219 3027 1582 3094 domicilium,
1627 3038 1682 3083 et
1713 3030 2098 3088 :illustraretur

522 3116 673 3172 orhis
702 3130 798 3184 per
829 3115 1160 3168 declaratam
1186 3114 1240 3167 in
1272 3115 1390 3184 ipso
1411 3117 1750 3186 patientiam.
1782 3121 2098 3178 Denudatur

524 3223 656 3278 ergo
708 3215 928 3260 strenua
971 3205 1074 3260 viri
1109 3206 1283 3261 virtus
1359 3222 1480 3262 eum
1529 3209 1869 3266 existimaret
1924 3214 2098 3273 hostis

520 3312 644 3354 eum
669 3297 824 3367 copia
853 3295 1173 3352 facultatum
1215 3298 1445 3354 miriﬁce
1473 3300 1756 3367 delectari,
1783 3319 1848 3360 ac
1877 3304 2096 3362 illarum

520 3406 653 3447 cura
702 3389 851 3444 velut
907 3389 1241 3444 assentando
1285 3401 1604 3459 corruptum
1667 3392 1776 3448 Deo
1820 3395 2095 3452 dicturum

519 3481 855 3538 convicium.
896 3480 1242 3551 Quapropter
1273 3483 1521 3552 exposcit
1554 3484 1726 3554 ipsius
1781 3483 2092 3552 facultates,

522 3576 723 3646 quibus
775 3584 1064 3644 postquam
1100 3573 1389 3644 spoliasset
1411 3575 1612 3646 ipsum,
1657 3588 1711 3631 et
1737 3592 1766 3630 a
1801 3594 1967 3648 scopo
2001 3581 2096 3634 ab-

518 3671 780 3727 errasset,
816 3663 1080 3729 concutit,
1099 3663 1442 3720 charissimis
1473 3665 1662 3721 liberis
1696 3681 1804 3721 una
1826 3683 1951 3722 cum
1976 3665 2095 3738 ipso

517 3757 832 3813 convivium
869 3756 1299 3820 celebrantibus,
1321 3764 1493 3812 totam
1513 3758 1760 3826 domum,
1787 3775 1850 3814 ac
1875 3769 2094 3831 repente

517 3862 763 3904 mensam
792 3849 844 3902 in
877 3848 1190 3917 sepulcrum
1217 3848 1638 3903 tumultuarium
1663 3860 1987 3906 commutat.
2011 3851 2095 3906 ln-

515 3941 654 3998 fecta
686 3949 866 3995 autem
894 3955 972 4006 re,
1032 3955 1157 3996 cum
1217 3942 1554 4011 turpitudine
1593 3943 1672 3998 sic
1702 3944 1864 3998 etiam
1909 3947 2090 4016 repul-

516 4050 632 4099 sus,
662 4033 796 4087 alias
831 4033 1086 4088 admovet
1123 4034 1322 4088 divina:
1356 4035 1564 4088 civitati
1596 4035 1900 4098 machinas,
1934 4039 2091 4107 cujus

515 4124 664 4179 cives
694 4123 1055 4194 cogitationes
1091 4132 1267 4190 erant,
1316 4124 1515 4178 iterum
1562 4125 1828 4181 adversus
1877 4127 2088 4183 hostem

517 4216 569 4270 in
606 4215 779 4270 aciem
836 4215 1268 4284 progredientes.
1330 4213 1465 4270 Nam
1499 4226 1788 4286 postquam
1834 4220 2088 4276 omnibus

514 4305 804 4376 spoliasset
843 4304 1355 4374 hominemjustum
1395 4304 1668 4370 diabolus,
1702 4322 1877 4378 neque
1904 4307 2087 4366 ﬂexis-

514 4403 598 4452 set
625 4395 690 4448 ad
717 4393 1116 4465 blasphemiam
1149 4393 1280 4463 (hoc
1321 4395 1467 4448 enim
1500 4405 1640 4463 erat,
1675 4397 1820 4467 quod
1863 4413 2082 4454 summo

514 4487 698 4546 studio
729 4487 1047 4558 qurerebat),
1097 4486 1395 4556 ipsummet
1429 4487 1687 4560 deinceps
1725 4492 1988 4560 exposcit,
2032 4501 2086 4547 et

511 4581 579 4637 ad
612 4581 780 4634 Deum
815 4578 990 4647 inquit
1018 4596 1032 4632 :
1073 4577 1224 4631 Mitte
1251 4594 1467 4632 matwm
1499 4588 1667 4645 tuam,
1699 4591 1748 4634 et
1785 4592 1938 4651 tange
1965 4599 2084 4636 car-

512 4688 601 4727 nes
652 4669 764 4740 ejus
789 4678 838 4723 et
865 4685 986 4723 ossa
1014 4667 1149 4737 ejus,
1172 4683 1234 4721 ac
1257 4668 1370 4722 vide
1402 4683 1526 4721 num
1563 4669 1616 4721 in
1647 4669 1833 4739 facient
1859 4671 1954 4724 tibi
1980 4688 2085 4726 non

512 4773 624 4820 tam
663 4765 1024 4818 benedicturus
1049 4762 1139 4828 sit,
1169 4777 1329 4832 quam
1358 4761 1737 4817 maledicturus
1760 4764 1802 4795 "
1826 4767 1848 4823 ‘l
1899 4764 2084 4821 Con“-

509 4855 646 4911 dens
668 4863 849 4908 autem
871 4854 991 4908 viro
1013 4854 1164 4926 justo
1198 4854 1290 4924 qui
1315 4853 1481 4908 corda
1521 4864 1800 4910 scrutatur
1837 4854 2001 4924 Deus,
2029 4867 2084 4913 et

509 4959 730 5000 omnem
765 4944 1019 4999 aﬂ‘ectum
1053 4945 1511 5001 misericordiaeve
1552 4957 1874 5016 praetextum
1916 4949 2084 5018 depo-

511 5035 613 5098 nit,
640 5048 707 5088 ne
736 5044 1016 5103 putaretur
1053 5051 1084 5091 a
1107 5036 1326 5092 diabolo
1361 5051 1525 5108 parce
1553 5039 1854 5110 tangendus
1874 5039 2079 5109 justus,

512 5123 784 5193 simulque
821 5125 992 5180 fretus
1040 5129 1217 5198 pugile
1261 5144 1382 5192 suo,
1431 5138 1486 5184 et
1517 5130 1663 5185 illius
1707 5131 2081 5187 adversarium

511 5215 848 5285 vituperans,
890 5217 1048 5285 quasi
1097 5233 1262 5273 carne
1315 5231 1368 5273 et
1413 5222 1680 5292 sanguine
1738 5222 1962 5277 inferior
1991 5223 2082 5278 ille

579 5354 624 5387 “
658 5352 762 5411 Job
803 5369 864 5420 ιι,
907 5355 962 5410 5.

577 5479 714 5553 (85⁸)
751 5489 893 5542 Οὐκ.
925 5523 939 5538 .
967 5527 980 5540 .
1015 5484 1087 5536 οὺ
1113 5483 1473 5552 παρέδωκεν.
1508 5487 1742 5542 Delcnda
1769 5489 1982 5544 videtur
2001 5506 2083 5546 se-

505 5557 687 5606 cunda
709 5557 1200 5630 negatiotrepetit'a
1230 5557 1549 5630 fortasseex
1573 5567 1844 5626 postrema
1874 5561 2080 5630 syllaba

518 5624 866 5696 praecedentis
907 5623 1093 5679 αὑτοῦ.
1137 5623 1337 5679 Verum
1377 5623 1584 5696 ὲπέχωζ
1619 5623 2078 5685 Ιιιιειυάυιη’θιιὶιιι

513 5694 629 5747 haec
657 5697 920 5764 particula
959 5696 1320 5765 πυσματικῶς
1349 5694 1665 5766 usurpatur,
1696 5708 1751 5754 ut
1783 5703 1940 5756 docet
1978 5700 2080 5758 Bu-

2843 630 3200 698 Ἀπόκρισις.

2295 729 2409 782 Οὐκ
2429 728 2609 790 αὐτὸν,
2635 726 2770 781 ἀλλά
2789 725 2836 779 τ’
2853 723 3041 786 αὑτοῦ,
3066 723 3127 776 ού
3156 719 3469 792 παρέδυ-κεν
3485 714 3647 784 (85‘),
3671 712 3791 768 ἀλλά

2224 816 2627 889 συνεχώρησεν,
2663 814 2957 887 γυμνάζων
2991 813 3128 883 πρὸς
3160 809 3428 881 ἀνδρείαν,
3457 808 3554 860 καὶ
3582 804 3790 873 ἐπάγων

2226 909 2316 965 διὰ
2345 909 2519 983 πηλοῦ
2545 909 2636 963 τὸν
2667 909 2908 979 ἀσαρκον
2938 901 3344 974 ἀνταγωνιστὴν
3365 899 3458 954 τοῦ
3486 897 3729 952 δικαίου.

2774 1085 3022 1138 ΠΕΥΣῐΣ
3058 1081 3236 1136 PKA'.

2285 1177 2483 1242 Καλῶς
2519 1179 2770 1249 εἴρηκας,
2813 1176 2887 1249 μὴ
2916 1176 3102 1239 αὐτὸν,
3144 1173 3282 1229 ἀλλά
3321 1173 3368 1226 τ’
3405 1167 3575 1224 αὑτοῦ
3617 1183 3786 1238 παρα-

2214 1270 2477 1326 δεδόσθαι.
2513 1272 2579 1325 Τί
2605 1267 2732 1337 οὗν;
2761 1271 2861 1324 οὐκ
2888 1270 3050 1332 αὐτὸς
3085 1263 3177 1322 οὖν
3209 1265 3318 1336 (86)
3351 1267 3380 1319 6
3411 1265 3524 1326 τοῖς
3556 1259 3788 1330 σκώληξι

2217 1364 2445 1435 συνηλού
2455 1382 2612 1434 μενος
2628 1365 2764 1435 (87),
2789 1363 2884 1418 καὶ
2907 1363 2999 1417 ὑπ’
3027 1361 3208 1416 αὐτῶν
3230 1356 3676 1428 κατεσθιόμενος,
3701 1350 3789 1407 καὶ

2212 1456 2303 1509 τὸν
2338 1457 2510 1527 ἰχῶρα
2544 1456 2680 1524 ξέων
2713 1456 3005 1528 ὀστράκῳς

2821 1549 3185 1615 Ἀπόκρισις.

2285 1640 2452 1694 Οὐδὲν
2482 1643 2549 1712 τῇ
2604 1643 2886 1712 σωματικῇ
2929 1638 3131 1710 τρώσει
3186 1637 3286 1709 τὴν
3313 1635 3492 1707 ψυχὴν
3545 1633 3786 1705 ἐτρώθη*

2213 1735 2322 1789 οὐδ’
2343 1735 2506 1788 αὐτὸν
2541 1734 2774 1788 θύλακον
2811 1735 3223 1805 διατρήσαντες,
3253 1731 3332 1802 τῷ
3362 1729 3671 1799 ἐγκειμένῳ
3699 1728 3791 1798 θη-

2213 1827 2399 1900 σαυρῷ
2436 1827 2763 1899 προσϐαλεῖν
2803 1827 3049 1898 ἴσχυσαν.
3091 1827 3165 1881 Ού
3195 1825 3305 1895 γὰρ
3347 1823 3468 1878 Ίὼδ
3508 1823 3574 1876 τδ
3609 1822 3788 1891 σῶμα,

2213 1919 2348 1974 ἀλλά
2395 1919 2515 1974 Ἰὼϐ
2551 1920 2614 1973 τὸ
2653 1920 2893 1989 λογικὸν,
2927 1921 3135 1974 ἐκείνου
3165 1919 3222 1972 δὲ
3264 1917 3327 1971 τὺ
3373 1915 3556 1986 σῶμα,
3601 1915 3788 1968 τούτου

2209 2011 2267 2065 δὲ
2294 2011 2360 2065 τὰ
2385 2013 2449 2066 ὲκ
2483 2014 2584 2081 γῆς
2616 2012 2889 2083 σύμφυλα.
2935 2014 2997 2066 Εἰ
3032 2012 3130 2082 μὲν
3163 2012 3272 2084 γάρ
3298 2010 3445 2082 ψυχὴ
3474 2008 3668 2080 λογικὴ
3697 2010 3789 2064 νοῦ

2211 2103 2306 2156 καί
2338 2105 2676 2175 ἐπιστήμης,
2700 2105 2889 2176 λογική
2927 2122 2986 2158 τε
3009 2105 3102 2158 καὶ
3130 2105 3373 2176 δεκτικὴ,
3403 2104 3465 2157 τὺ
3491 2103 3549 2158 δὲ
3573 2103 3790 2172 ἄλογον,

2210 2195 2535 2266 ἀναίσθητον
2572 2197 2667 2249 καὶ
2718 2195 3000 2265 πηλῶδες-
3041 2193 3175 2248 ἀλλὰ
3217 2197 3282 2265 τῇ
3338 2194 3640 2266 συγκράσει
3682 2193 3793 2248 τῶν

2211 2285 2543 2357 ἑτερογενῶν
2583 2284 2678 2338 καὶ
2717 2284 2910 2338 ὲνώσει
2941 2283 3092 2349 ζώων
3119 2283 3350 2352 λογικῶν
3385 2283 3793 2354 προσαγορεύε-

2210 2394 2298 2431 ται
2334 2377 2557 2442 εἰκότως
2582 2379 2610 2430 6
2643 2377 2852 2449 βροτός.
2887 2378 3166 2448 Συγχωρεῖ
3189 2371 3281 2430 οὖν
3307 2377 3336 2428 6
3363 2374 3501 2440 Θεὸς
3531 2376 3610 2447 τῷ
3638 2375 3794 2430 πολε-

2213 2471 2319 2541 μίῳ
2349 2472 2416 2524 τὰ
2445 2470 2569 2537 ἔξω,
2597 2471 2745 2534 ὅπως
2774 2469 2994 2541 γνωσθῇ
3025 2470 3159 2522 πᾶσι
3187 2468 3255 2522 τά
3283 2469 3536 2540 ὲνδότερα
3565 2469 3663 2522 τοῦ
3694 2469 3790 2538 βα-

2211 2562 2403 2626 σιλέως
2433 2563 2688 2634 σκῆπτρα
2746 2559 3137 2614 ἐπισκοτοῦντα
3177 2562 3297 2623 ταῖς
3342 2561 3658 2628 ἀστραπαῖς
3695 2558 3792 2630 τὴν

2207 2655 2490 2726 ὁρωμένην
2533 2653 2826 2726 ἁλουργίδα
2867 2653 2961 2705 καὶ
2993 2651 3250 2724 διάδημα.
3296 2652 3481 2720 Μόνης
3529 2652 3642 2723 γάρ
3694 2651 3794 2722 τῆς

2207 2746 2453 2800 Αύσιτών
2478 2745 2660 2818 χώρας
2682 2745 2980 2811 ὲόασίλευε,
3011 2743 3139 2815 πρὶν
3160 2748 3273 2808 τοῖς
3296 2746 3550 2815 ἑρπετοῖς
3568 2743 3792 2814 διατρη-

2208 2837 2364 2909 θῆναι
2409 2839 2506 2908 τῆς
2537 2837 2742 2908 σαρκὸς
2796 2836 2899 2900 τὰς
2955 2835 3215 2900 καλύϐας,
3267 2836 3361 2889 καὶ
3403 2836 3792 2906 ἀστραφθῆναι

2206 2930 2304 2999 τὴν
2333 2929 2656 2999 οἰκουμένην
2680 2930 2746 2999 τῇ
2779 2927 2992 2980 ἐκεῖθεν
3023 2928 3289 2998 ὑπομονῇ.
3320 2925 3790 2998 Παραγυμνοῦται

2205 3018 2296 3077 οῦν
2313 3023 2412 3092 τῆς
2435 3023 2710 3091 γενναίας,
2743 3021 2838 3076 τοῦ
2872 3023 3129 3094 πολεμίου
3159 3019 3440 3084 δοκοῦντος
3472 3024 3540 3092 τῇ
3572 3038 3792 3092 περιου-

2206 3115 2297 3187 σίᾳ
2341 3115 2736 3184 ὲπιγάννυσθαι
2783 3116 2892 3169 τῶν
2943 3115 3260 3186 κτημάτων,
3303 3114 3395 3167 καὶ
3442 3117 3508 3183 τῇ
3558 3114 3788 3166 ἐκείνων

2200 3201 2466 3274 θεραπείᾳ
2489 3203 2872 3275 θωπευόμενον
2899 3204 2972 3278 μὴ
2993 3204 3349 3275 βλασφημεῖν.
3373 3203 3462 3254 Διὸ
3479 3201 3791 3267 ἐξαιτείται

2201 3295 2299 3364 μὲν
2327 3295 2492 3348 αὑτοῦ
2525 3295 2594 3349 τά
2629 3297 2962 3367 ὑπάρχοντα,
3009 3296 3236 3349 ἐκείνων
3267 3294 3319 3347 δὲ
3350 3290 3646 3362 γυμνώσας
3679 3294 3790 3346 αὐ-

2197 3387 2308 3452 τὸν,
2340 3389 2434 3440 καὶ
2485 3388 2790 3459 ἀστοχήσας
2829 3388 2921 3440 τοῦ
2977 3386 3204 3449 σκοποῦ,
3251 3385 3622 3438 ὲπικατασείει
3665 3388 3789 3450 τοῖς

2198 3479 2474 3548 φιλτάτοις
2511 3481 2670 3534 παισί
2704 3481 3141 3550 συνεσθιομένοις
3173 3481 3271 3550 τὴν
3292 3479 3489 3542 οἰκίαν,
3519 3479 3784 3549 αὐτοσχὲ-

2195 3569 2306 3624 διον
2333 3572 2502 3639 τάφον
2519 3571 2701 3634 αὐτοῖς
2719 3573 2818 3643 τὴν
2847 3571 3126 3644 τράπεζαν
3143 3571 3542 3641 ἐργασάμενος.
3571 3572 3780 3640 ’Δπρα-

2196 3679 2323 3725 κτος
2348 3661 2405 3715 δὲ
2445 3663 2540 3716 καὶ
2565 3662 2739 3726 οὓτως
2771 3663 2888 3732 μετ’
2933 3662 3192 3733 αἰσχύνης
3231 3659 3649 3731 ἀποκρουσθεὶς,
3675 3659 3780 3711 λοι-

2196 3754 2296 3807 πὸν
2326 3757 2392 3826 τῇ
2437 3754 2558 3825 θεία
2583 3755 2735 3808 πόλει
2779 3755 3046 3827 προσάγει
3091 3755 3160 3809 τὰ
3195 3755 3575 3826 μηχανήματα
3594 3769 3608 3782 ·
3635 3747 3703 3824 ἧς
3727 3753 3780 3807 οἱ

2195 3848 2408 3902 πολῖται
2443 3848 2694 3919 λογισμοὶ
2722 3844 2878 3913 αὖθις
2906 3849 2984 3920 τῷ
3029 3849 3272 3920 πολεμίῳ
3316 3851 3780 3921 παρατάττονται.

2192 3941 2348 3995 Μετὰ
2369 3940 2479 4012 γὰρ
2501 3941 2563 3993 τὺ
2597 3941 2777 3996 πάντα
2805 3943 3103 4013 ἀφελέσθαι
3125 3942 3219 3997 τοῦ
3237 3942 3450 3996 δικαίου
3465 3942 3494 3994 6
3509 3943 3782 4005 διάϐολος,

2191 4036 2286 4089 καὶ
2313 4035 2386 4107 μὴ
2419 4035 2606 4098 κλίνας
2623 4035 2784 4089 αὐτὸν
2804 4037 2884 4100 είς
2917 4036 3266 4109 βλασφημίαν
3291 4037 3472 4106 (τοῦτο
3489 4038 3602 4110 γὰρ
3631 4035 3782 4107 αύτῷ

2191 4126 2286 4178 καὶ
2321 4126 2481 4196 μόνον
2521 4121 2590 4198 ἦν
2619 4127 3130 4198 περισπούδαστον),
3162 4130 3325 4183 αὐτὸν
3350 4130 3538 4184 λοιπὸν
3571 4133 3783 4185 ἐκεῖνον

2189 4215 2413 4282 ἐξαιτεῖ,
2441 4217 2533 4271 καί
2561 4235 2696 4289 φησι
2721 4217 2798 4289 τῷ
2837 4219 2958 4291 Θεῷ
2977 4236 2990 4250 ·
3040 4221 3436 4276 Ἀπόστειλον
3464 4221 3586 4290 τὴν
3610 4220 3779 4291 χεῖρά

2187 4325 2326 4372 σου,
2354 4309 2454 4362 καὶ
2482 4309 2631 4378 ἅψαι
2660 4309 2782 4364 τῶν
2812 4311 3058 4381 σαρκῶν
3081 4313 3266 4367 αὑτοῦ
3293 4314 3392 4367 καὶ
3426 4314 3548 4368 τῶν
3579 4315 3782 4371 ὀστῶν

2189 4399 2400 4465 αὑτοῦ,
2419 4403 2471 4455 εὶ
2487 4402 2614 4472 μὴν
2634 4405 2721 4469 εἰς
2741 4406 3070 4472 πρόσωπόν
3087 4423 3161 4459 σε
3183 4406 3533 4475 εὐλογήσει,
3552 4409 3780 4463 ὡσανεὶ

2183 4493 2644 4564 βλασφημτξσει.
2681 4496 2910 4569 6αρρὦ
2937 4497 2995 4551 δὲ
3026 4496 3105 4568 τῷ
3129 4497 3323 4567 δικαίῳ
3347 4500 3375 4551 6
3404 4498 3508 4562 τάς
3544 4501 3778 4570 καρδίας

2189 4585 2505 4657 ἐμϐατεύων
2530 4587 2682 4652 θεὸς,
2719 4590 2813 4642 καὶ
2843 4591 3023 4645 πᾶσαν
3052 4591 3428 4662 προσπάθειαν
3469 4592 3504 4664 ἣ
3551 4592 3771 4662 φειδοῦς

2190 4680 2459 4750 πρόφασιν
2503 4682 2980 4754 περιαιρούμενος,
3028 4684 3099 4755 μή
3132 4701 3260 4737 ποτε
3289 4685 3524 4758 νομισθῇ
3551 4686 3629 4756 τῷ
3657 4687 3778 4741 δια-

2188 4771 2330 4844 ϐόλῳ
2368 4773 2696 4844 φειδομένως
2734 4774 2975 4844 ἅψασθαι
3007 4777 3100 4830 τοῦ
3147 4777 3356 4831 δικαίου
3377 4795 3392 4808 ⁸
3425 4778 3546 4848 ἅμα
3569 4779 3626 4832 δὲ
3676 4782 3779 4834 καὶ

2189 4862 2408 4937 θαρρῶν
2441 4865 2518 4936 τῷ
2567 4868 2752 4938 οἰκείῳ
2799 4869 3098 4941 ἀγωνιστῇ,
3145 4870 3240 4923 καὶ
3275 4870 3554 4937 ὀνειδίζων
3603 4873 3779 4926 αὐτοῦ

2185 4955 2277 5009 τὸν
2309 4956 2625 5022 ἀντίπαλον,
2665 4957 2740 5021 ώς
2775 4960 2939 5029 σαρκί
2964 4961 3058 5012 καὶ
3105 4961 3299 5031 αἵματι
3330 4961 3647 5033 ἡττώμενον
3683 4966 3778 5018 τὸν

2186 5047 2444 5118 άσαρκον,
2476 5049 2567 5104 τὸν
2584 5049 2938 5121 καυχώμενον
2961 5053 3055 5107 καὶ
3080 5052 3327 5122 λέγοντα·
3361 5053 3442 5124 Τῇ
3462 5057 3640 5125 ἰσχύϊ
3653 5075 3776 5127 μου

2187 5139 2438 5206 ποιήσω,
2465 5142 2563 5194 καὶ
2598 5141 2670 5210 τῇ
2696 5145 2848 5211 χειρί
2865 5161 2984 5212 μου
3014 5143 3247 5200 καθελῶ
3274 5145 3404 5214 ὅρια
3429 5148 3649 5212 ἐθνῶν,
3675 5150 3774 5204 καὶ

2186 5230 2304 5300 τὴν
2349 5235 2709 5304 οἰκουμένην
2745 5235 2901 5302 ὅλην
2933 5238 3358 5309 περιλήψομαι,
3391 5240 3494 5295 καί
3531 5240 3660 5312 ἀρῶ
3696 5243 3779 5310 ὡς

2188 5496 2652 5570 dmusConlmettt.
2687 5502 2815 5570 ting.
2851 5498 2940 5555 Gr.
2967 5517 3020 5570 p.
3051 5517 3124 5558 ιιι.
3151 5503 3273 5557 452.

2261 5568 2372 5644 (ὃς)
2407 5565 2550 5644 οὖν.
2582 5569 2624 5623 F
2627 5580 2744 5626 orte
2762 5565 2848 5644 ἧν.
2882 5565 3040 5644 Eph.

2258 5638 2370 5713 (ϋῖ)
2411 5638 2888 5712 Συνηλούμειίος.
2917 5642 3080 5700 Forte
3104 5644 3537 5716 συνειλούμενος.
3575 5646 3654 5702 In.
