3996 6202
203 311 322 370 1009

195 431 750 504 ἐγκαταλελειμμένα
783 435 887 490 ὠά.
924 435 1150 490 Ἐπάνω
1180 435 1300 491 τῶν
1330 437 1569 505 ἄστρων
1603 437 1747 493 ἀνα-

197 524 447 594 ϐήσομαι,
472 523 638 592 θήσω
663 525 760 579 ἐπὶ
792 526 909 579 τῶν
928 527 1202 596 νεφελῶν
1228 528 1338 591 τὸν
1363 531 1581 598 θρόνον
1603 548 1746 602 μου,

197 615 285 669 καὶ
316 615 517 684 ἔσομαι
551 615 752 685 ὅμοιος
789 617 869 684 τῷ
909 620 1197 689 Tyriam).
1229 621 1406 675 Oioval.
1444 622 1620 690 γελῶν
1652 624 1749 676 αὑ-

194 708 281 762 τοῦ
318 707 401 779 τὴν
425 707 744 772 ἀλαζονείαν
766 711 794 763 6
832 711 984 777 Θεὸς,
1019 713 1116 766 καὶ
1143 714 1366 784 φάσκων
1387 730 1401 745 ⁸
1438 716 1503 770 Τί
1535 717 1750 787 κομπά-

195 799 315 864 ζεις,
349 793 388 854 ὦ
430 801 592 873 μιαρὲ
640 801 890 868 διάϐολες
943 803 1055 859 ἰδοὺ
1104 800 1186 870 εἷς
1220 806 1328 862 τῶν
1374 807 1602 861 οἰκετῶν
1649 826 1748 880 μου

195 891 413 962 πήλινος,
450 892 656 962 χοῖκὸς,
685 893 931 966 εὐτελὴς,
964 897 1063 969 τὴν
1093 895 1254 966 φύσιν
1287 897 1498 969 βροτὸς,
1528 899 1628 953 οὑκ
1651 899 1751 969 ἀγ-

193 983 334 1054 γελος
382 981 560 1056 (ὑϐρις
599 985 706 1057 γὰρ
739 987 955 1056 ἀγγέλῳ
985 988 1122 1057 πρὸς
1149 989 1210 1042 σὲ
1245 989 1628 1058 ἀγωνίζεσθαι,
1659 991 1751 1046 τὸν

198 1076 320 1146 μηδὲ
339 1074 502 1146 πηλοῦ
521 1075 950 1148 περιεσόμενον)·
979 1078 1148 1144 Ἰδοὺ,
1169 1081 1322 1152 φησὶ,
1347 1082 1753 1152 παραδίδομεν

194 1165 362 1220 αὑτὸν
381 1167 448 1220 ἐν
471 1165 547 1234 τῇ
572 1168 727 1237 χειρί
745 1182 886 1234 σου,
909 1171 1072 1224 οἱονεὶ
1093 1171 1314 1242 δέσμιον
1339 1173 1436 1227 καὶ
1461 1174 1610 1228 κάτω
1639 1175 1752 1229 κεί-

196 1274 357 1329 μενον.
399 1258 461 1311 Ei
508 1259 618 1331 ἀρα
652 1261 886 1334 περιέσῃ
915 1263 1081 1317 αὑτοῦ
1109 1263 1211 1335 τῆς
1249 1265 1460 1338 ὑψηλῆς
1490 1267 1749 1332 διανοίας,

194 1346 474 1423 πολιορκῶν
499 1348 664 1402 αὑτὸν
696 1351 792 1404 καὶ
820 1350 1054 1416 τοξεύων
1083 1354 1141 1406 ἐν
1162 1353 1240 1425 τῷ
1272 1353 1508 1425 σώματι.
1541 1356 1650 1408 Καὶ
1697 1356 1750 1408 τί

195 1438 321 1508 μετά
357 1437 556 1504 ταῦτα;
593 1440 756 1492 οἱονεὶ
799 1441 953 1510 βέλος
1002 1443 1374 1516 στερῤοτὲρως
1425 1445 1750 1517 προσπεσὼν

190 1529 518 1603 ἀπεκρούσθη
553 1531 835 1603 ἄπρακτος
875 1535 904 1586 6
947 1534 1163 1600 ἀλαζὼν
1194 1539 1289 1591 καὶ
1333 1533 1458 1601 θεὸς
1482 1539 1750 1610 ὑπάρχειν

189 1623 413 1695 οἰόμενος
459 1626 622 1696 σαρκὶ¹
653 1627 906 1698 ἡττηθεὶς
935 1629 1031 1683 καὶ
1061 1630 1274 1700 αἵματι.
1309 1633 1383 1684 Ob
1411 1633 1520 1704 γάρ
1563 1633 1750 1704 ἴσχυσε

188 1716 471 1790 πολιορκῶν
505 1720 601 1773 καὶ
632 1720 868 1786 τοξεύων
914 1723 1012 1794 τὴν
1055 1723 1203 1779 Θείαν
1238 1725 1332 1780 τοῦ
1361 1727 1612 1798 σώματος
1651 1730 1748 1782 πό-

187 1810 284 1872 λιν,
312 1811 343 1882 ἡ
371 1828 488 1865 τινα
515 1811 625 1866 τῶν
649 1814 883 1868 πολιτῶν
903 1814 1182 1887 λογισμῶν
1204 1817 1573 1889 χειρώσασθαι
1590 1838 1604 1851 ο
1625 1823 1746 1875 οὑδὲ

186 1901 287 1956 τῶν
311 1903 396 1956 ἐπὶ
423 1903 530 1958 τῶν
555 1905 740 1959 πυλῶν
766 1905 861 1960 τοῦ
891 1909 1160 1980 στόματός
1195 1928 1318 1964 τινα
1346 1913 1613 1984 ἀναιρεῖν.
1658 1915 1746 1966 Ἐν

184 1993 381 2059 τούτοις
418 1995 526 2068 γάρ
568 2000 703 2052 πᾶσι
736 2002 850 2064 τοῖς
884 2001 1288 2072 συμϐεϐηκόσιν
1325 2005 1495 2076 αὑτῷ,
1539 2007 1657 2060 οὐδὲ
1687 2009 1745 2060 ὲν

185 2088 291 2150 τοῖς
321 2087 546 2157 χείλεσιν
573 2090 739 2144 αὑτοῦ
770 2093 1018 2163 ἥμαρτεν
1061 2093 1178 2146 ’1ὼὸ
1226 2096 1466 2151 ἐναντίον
1515 2098 1740 2169 Κυρίου.

197 2179 347 2233 Ἀλλά
392 2181 782 2254 βλασφημῆσαι
820 2185 1268 2255 ἀναγκαζόμενος
1304 2189 1410 2243 ὑπὸ
1446 2190 1540 2244 τοῦ
1589 2192 1745 2247 πολε-

187 2271 324 2342 μίου,
373 2274 679 2328 τούναντίον
726 2277 922 2341 ἐποίει,
971 2278 1219 2348 φάσκων,
1280 2283 1496 2350 Κύριος
1538 2284 1747 2352 ἔδωκε,

184 2366 385 2433 Κύριος
413 2366 693 2434 ἀφείλετο
712 2383 727 2399 ⁸
753 2369 834 2435 ὡς
860 2369 940 2436 τῷ
964 2372 1162 2439 Κυρίῳ
1183 2372 1414 2440 ἔδοξεν,
1441 2377 1594 2430 οὕτω
1649 2380 1750 2434 καὶ

181 2455 434 2525 ἐγένετο*
467 2459 560 2528 εἴη
583 2459 664 2527 ξτό
714 2459 902 2530 ὄνομα
943 2465 1166 2532 Κυρίου
1212 2467 1622 2543 εὐλογημένον
1660 2475 1749 2539 εἰς

1581 314 1832 371 DlALOG
1843 315 1928 372 US
1959 315 2047 373 lll.

3297 315 3434 370 1010

1855 437 2012 504 foret,
2046 435 2139 507 qui
2191 451 2376 493 carnis
2419 445 2538 492 erat
2565 449 2762 505 expers
2806 442 2860 489 et
2895 431 3232 504 gloriabatur
3270 449 3432 506 atque

1850 529 2064 586 dicebat
2097 528 2341 583 :Robore
2363 545 2474 583 meo
2507 529 2723 598 faciam,
2753 537 2803 582 et
2828 543 2988 580 manu
3012 543 3126 580 mea
3161 525 3433 580 destruam

1851 623 2100 675 terminos
2133 623 2386 692 gentium,
2415 631 2465 674 et
2506 620 2680 675 orbem
2712 631 2976 673 terrarum
3000 627 3166 671 totum
3201 619 3432 685 capiam,

1850 722 1899 766 et
1941 713 2125 766 tollam
2170 713 2330 767 veluti
2403 712 2652 766 derelicta
2709 713 2886 765 ora”.
2923 710 3215 763 Ast-endam
3272 724 3432 778 supra

1850 806 2050 869 sidera,
2076 821 2271 875 ponam
2301 821 2464 874 supra
2498 803 2656 857 nubes
2692 802 2884 856 solium
2919 817 3111 864 meum,
3151 808 3200 852 et
3227 814 3315 852 ero
3365 798 3434 850 si-

1851 899 1998 952 milis
2015 897 2292 952 Altissimo
2312 895 2376 950 ιδ.
2413 895 2582 962 Quasi
2610 911 2740 966 ergo
2759 894 2943 948 ridens
2970 892 3146 962 ipsius
3169 904 3433 959 arrogan-

1853 992 1983 1046 tiam
2013 991 2180 1052 Deus,
2228 990 2408 1061 inquit
2440 1007 2454 1044 :
2481 988 2648 1055 Quid,
2704 1003 2738 1042 ο
2764 988 2932 1042 miser
2964 985 3201 1050 diabole,
3238 983 3433 1055 gloria-

1849 1083 1972 1137 ris?
2004 1081 2143 1137 Ecce
2181 1097 2326 1136 unus
2373 1089 2458 1136 est
2508 1079 2599 1133 hic
2639 1093 2924 1133 servorum
2968 1090 3236 1138 meorum,
3276 1074 3432 1142 isque

1851 1174 2052 1239 luteus,
2088 1173 2400 1242 pulvereus,
2419 1171 2544 1226 vilis
2577 1185 2606 1224 a
2636 1178 2832 1224 natura
2855 1168 3213 1237 mortalisque
3241 1167 3429 1232 homo,

1849 1280 1959 1320 non
1991 1265 2218 1335 angelus
2243 1267 2423 1333 (turpe
2457 1261 2719 1315 nimirum
2748 1257 2914 1313 fuerit
2986 1273 3111 1312 cum
3146 1257 3339 1327 angelo
3379 1265 3431 1311 te

1849 1368 2082 1422 certare,
2128 1355 2222 1426 qui
2255 1370 2322 1410 ne
2357 1354 2576 1425 quidem
2620 1353 2735 1408 luto
2784 1351 3035 1421 superior
3076 1349 3231 1419 eris).
3273 1347 3428 1410 Ecce,

1849 1450 2045 1520 inquit,
2097 1452 2254 1504 trado
2290 1451 2460 1520 ipsum
2492 1451 2548 1504 in
2573 1464 2789 1503 manum
2836 1447 3065 1512 tuam",
3114 1445 3274 1516 quasi
3314 1445 3433 1497 vin-

1849 1553 1997 1599 ctum
2028 1553 2082 1598 et
2108 1552 2468 1614 prostratum.
2500 1541 2633 1597 Vide
2663 1557 2795 1596 num
2833 1539 3111 1595 excelsum
3145 1538 3292 1592 illius
3314 1536 3416 1590 ani-

1849 1653 1998 1692 inum
2040 1651 2300 1705 superare
2332 1636 2535 1706 possis,
2568 1649 2888 1706 expugnans
2923 1634 3100 1702 ipsum
3129 1640 3182 1685 et
3215 1630 3266 1684 in
3302 1644 3428 1684 cor-

1854 1746 1987 1801 pore
2032 1730 2236 1800 jaculis
2278 1729 2581 1799 conligens.
2631 1727 2773 1794 Quid
2831 1726 3132 1782 secundum
3179 1723 3296 1778 haec
3335 1722 3430 1775 lit?

1859 1821 2032 1875 veluti
2075 1820 2318 1887 iaculum
2355 1819 2592 1875 validius
2624 1819 2894 1882 invectus,
2945 1816 3200 1887 repulsus
3228 1824 3311 1868 est
3355 1813 3430 1866 in-

1854 1913 1995 1970 fecta
2032 1930 2090 1968 re
2125 1913 2396 1983 snperhus
2425 1923 2480 1968 et
2506 1928 2773 1984 arrogans
2808 1913 2919 1978 ille,
2946 1911 3151 1981 quique
3175 1923 3234 1963 se
3273 1905 3429 1960 deum

1852 2023 1974 2063 esse
2009 2007 2254 2077 putabat,
2303 2023 2332 2061 a
2381 2023 2546 2063 carne
2587 2015 2880 2076 superatus
2924 2013 3010 2060 est
3052 2012 3106 2058 et
3141 1999 3429 2071 sanguine.

1851 2100 1970 2155 Non
1999 2103 2144 2158 enim
2198 2103 2374 2172 potuit
2410 2100 2776 2172 oppugnando
2808 2099 3133 2172 sagittisque
3187 2083 3449 2151 feriendo-

1852 2196 2090 2250 divinam
2125 2196 2372 2266 corporis
2404 2196 2551 2251 illius
2581 2195 2880 2258 civitatem,
2923 2202 3016 2248 aut
3054 2192 3293 2262 aliquem
3335 2189 3431 2244 ci-

1853 2293 2024 2358 vium,
2049 2306 2244 2361 nempe
2281 2291 2702 2362 cogitationum,
2749 2304 2969 2359 capere,
3025 2303 3200 2358 neque
3240 2301 3433 2358 quem-

1852 2397 2020 2452 quam
2078 2381 2133 2435 in
2170 2381 2345 2451 portis
2399 2381 2513 2434 oris
2553 2379 2823 2434 occidere.
2869 2378 2926 2431 In
2985 2377 3245 2432 omnibus
3285 2375 3430 2431 enim

1850 2473 1960 2527 illis
1989 2487 2112 2542 quae
2145 2472 2468 2527 acciderunt
2501 2470 2574 2534 ei,
2629 2485 2737 2523 non
2768 2469 2989 2522 admisit
3032 2467 3200 2521 ullum
3235 2481 3432 2536 pecca-

181 2549 315 2615 τοὺς
347 2549 583 2617 αἰῶνας.
623 2554 698 2606 οὑ
729 2554 1039 2632 προδίδοται
1074 2553 1190 2623 οὖν,
1222 2559 1358 2613 ἀλλά
1386 2562 1746 2633 προϐάλλεται

1856 2574 1962 2619 tum
1997 2563 2164 2618 Jobus
2185 2563 2345 2618 labiis
2377 2561 2491 2616 suis
2510 2562 2772 2615 adversus
2795 2559 3121 2622 Dominum;
3153 2556 3247 2612 sed
3273 2558 3434 2611 hoste

181 2641 476 2714 ἀγωνιστὴς
514 2645 610 2698 καὶ
652 2645 943 2714 παιδευτὴς
972 2649 1248 2721 ἀνδρείας,
1291 2652 1385 2706 καὶ
1413 2655 1471 2707 ὲν
1499 2657 1614 2720 τοῖς
1643 2655 1740 2712 ἀλ-

180 2736 370 2801 γεινοῖς
391 2734 485 2788 τοῦ
511 2735 628 2805 βίου
663 2738 1037 2810 εὐχαριστίας.

1851 2657 2183 2729 impellente,
2237 2665 2296 2710 ut
2329 2654 2440 2709 Deo
2487 2652 2797 2709 convicium
2841 2651 3061 2717 faceret,
3115 2651 3333 2706 diverso
3374 2665 3434 2704 se

1844 2752 2007 2806 modo
2047 2749 2290 2821 gerebat,
2326 2748 2517 2802 dicens
2556 2765 2569 2801 :
2607 2745 2864 2800 Dominus
2946 2745 3114 2811 dedit,
3173 2744 3431 2798 Dominus

179 2833 391 2886 abstulit
413 2851 434 2899 ;
459 2843 516 2887 ut
546 2833 770 2890 Domino
808 2837 1027 2905 placuit,
1067 2837 1144 2892 ita
1167 2838 1368 2908 factum
1402 2846 1606 2900 est:sit
1633 2863 1820 2901 nomen
1849 2847 2060 2902 Domini
2087 2847 2413 2901 benedictum
2447 2845 2502 2897 in
2524 2843 2720 2897 saecula
2740 2843 2803 2897 ".
2829 2840 2944 2896 Non
2977 2842 3224 2912 proditur
3249 2839 3429 2910 igitur,

179 2923 269 2982 sed
310 2925 627 2994 pr0ponitur
653 2936 711 2982 ut
743 2929 888 2999 pugil
917 2938 970 2984 et
999 2931 1260 3002 magister
1290 2933 1655 3005 fortitudinis,
1700 2949 1754 2996 et
1783 2942 2083 3012 gratiarum
2117 2939 2351 2994 actionis
2381 2939 2434 2992 in
2467 2936 2886 2992 adversitatibus
2923 2935 3085 3003 hujus
3115 2936 3254 2990 vitae.

247 3016 522 3088 Τέτταρας
573 3013 666 3072 οὖν
721 3021 964 3085 παιδείας
992 3023 1229 3094 τρόπους
1279 3025 1460 3097 ίσμεψ
1489 3030 1600 3102 Τὴν
1643 3031 1741 3100 μὲν

174 3107 243 3162 δι’
268 3108 539 3181 ἁμαρτίας
567 3110 698 3181 ἡμῖν
717 3112 851 3183 πρὸς
870 3112 1152 3184 διόρθωσιν
1180 3116 1527 3190 ἐπαγομένην
1578 3120 1754 3191 (Πολ-

175 3200 277 3258 λαὶ
306 3200 410 3273 γὰρ
433 3203 492 3255 al
504 3200 796 3272 μάστιγες
815 3202 921 3258 τοῦ
941 3205 1482 3280 ἀμαρτωλοῦ,φησ“ιν
1498 3212 1526 3263 6
1541 3212 1750 3280 Δαϐὶδ),

171 3293 274 3363 τὴν
317 3292 372 3346 δὲ
404 3293 471 3346 δι’
504 3293 882 3367 ὑπερηφανίας
925 3298 1020 3350 καὶ
1053 3297 1223 3367 τύφου
1266 3300 1612 3373 καθαίρεσιν,
1654 3303 1753 3376 τὴν

170 3385 381 3457 οἰδησιν
409 3386 523 3457 ῆτοι
563 3387 876 3458 κορύφωσιν
913 3389 1013 3461 τῆς
1045 3389 1225 3460 ψυχῆς
1262 3393 1750 3449 καταστέλλουσανθ

183 3477 612 3546 Ὑπερηφάνοις
650 3480 759 3550 γάρ
797 3481 1013 3548 Κύριος
1056 3481 1500 3537 ἀντιτάσσεται.
1538 3487 1753 3558 Ἕτερος

165 3570 232 3625 δὲ
262 3567 697 3626 διαλανθάνουσιν
726 3573 928 3645 ἀρετὴν
968 3573 1061 3626 καὶ
1105 3573 1358 3645 ἀνδρείαν
1397 3576 1531 3646 πρὸς
1570 3578 1632 3630 τὸ
1663 3597 1751 3649 μι-

170 3661 458 3733 μήσασθαι
485 3664 612 3726 τοὺς
632 3663 894 3734 ὁρῶντας.
935 3663 1147 3730 Οὐδεὶς
1186 3664 1296 3737 γὰρ
1319 3665 1490 3720 ἅπτει
1521 3670 1757 3738 λύχνον

165 3753 275 3808 καὶ
298 3753 539 3821 τίθησιν
566 3756 756 3809 αὑτὸν
777 3755 897 3809 ὑπὸ
925 3757 1030 3810 τὸν
1049 3755 1264 3826 μόδιον
1287 3758 1324 3827 ἢ
1356 3758 1472 3826 τὴν
1513 3761 1754 3829 κλίνην,

164 3845 338 3900 ἀλλὰ
361 3846 458 3900 ἐπὶ
485 3845 602 3915 τὴν
623 3847 908 3916 λυχνίαν,
943 3847 1043 3901 ἵνα
1073 3847 1256 3918 φαίνῃ
1324 3846 1474 3904 πᾶσι
1520 3849 1646 3915 τοῖς
1689 3851 1758 3905 ἐν

163 3937 248 4008 τῇ
279 3940 473 4007 οἰκίᾳ,
503 3939 666 4010 φησὶν
710 3940 739 3992 6
769 3939 972 4010 Κύριος
991 3957 1006 3970 ι
1049 3941 1212 3996 οἱονεὶ
1239 3940 1445 4009 λέγων,
1477 3942 1576 3996 Διά
1602 3942 1757 3997 τοῦτο

162 4032 387 4105 πυρσοῦ
415 4033 566 4104 δίκην
597 4031 772 4104 ὲξῆψα
803 4032 894 4088 τὸν
941 4032 1062 4087 Ἰὼϐ
1086 4074 1101 4098 ,
1142 4033 1236 4087 καὶ
1281 4032 1386 4098 ἔξω
1431 4034 1526 4088 τοῦ
1569 4036 1759 4100 ἄστεος

159 4127 266 4180 ἐπὶ
297 4125 522 4197 λυχνίαν
559 4127 657 4198 τῆς
687 4125 922 4197 κοπρίας
945 4124 1150 4196 ἐθέμην
1170 4167 1185 4189 ,
1233 4123 1443 4194 φαίνειν
1476 4127 1610 4180 πᾶσι
1647 4130 1760 4193 τοῖς

158 4219 228 4272 ἐν
273 4220 346 4290 τῇ
377 4217 690 4290 οἰκουμένῃ.
727 4218 837 4288 Τὴν
868 4217 924 4271 δὲ
973 4217 1211 4290 παντελῆ
1241 4218 1562 4288 κατάλειψιν
1608 4221 1760 4293 παρά

157 4312 309 4367 Θεοῦ
362 4312 432 4367 δι’
486 4312 723 4384 ἐσχάτην
778 4312 978 4367 κακίαν
1033 4313 1128 4367 καὶ
1178 4313 1352 4385 ἀμιγῆ
1381 4312 1607 4389 καθόλου
1662 4312 1758 4366 τοῦ

152 4407 486 4478 κρείττονος
506 4423 521 4439 ·
561 4407 700 4478 ὅπερ
732 4407 825 4460 ἐπὶ
867 4405 960 4460 τοῦ
1001 4405 1201 4478 Φαραὼ
1234 4407 1329 4461 καὶ⁹
1360 4405 1454 4460 τοῦ
1485 4407 1757 4474 Ναϐουχο-

151 4501 396 4571 δονόσορ
425 4499 522 4554 καὶ
574 4498 743 4554 ’ἰούδα
776 4498 1154 4571 συμϐέϐηκεν,
1180 4498 1424 4570 ἀπωλείᾳ
1454 4498 1759 4570 παραδοθῆ-

148 4610 253 4649 ναι
289 4591 388 4644 διὰ
415 4590 748 4663 ἀμετάθετον
784 4589 1070 4661 πονηρίαν.
1125 4589 1507 4656 Ἀποστρέψω
1551 4589 1660 4659 γὰρ
1693 4587 1760 4641 τὸ

146 4683 506 4750 πρόσωπόν
520 4699 640 4752 μου
655 4681 754 4735 ἀπ’
767 4679 984 4745 αὐτῶν,
1000 4679 1096 4732 καί
1115 4678 1290 4743 δείξω
1303 4679 1362 4732 τί
1375 4678 1547 4733 ἕσται
1558 4677 1762 4742 αὐτοῖς

143 4774 254 4826 ἐπ’
278 4772 588 4842 ἐσχάτων,
615 4773 779 4844 φησὶν
807 4773 835 4825 6
857 4770 989 4836 Θεὸς
1005 4771 1094 4824 διά
1119 4770 1216 4841 τῆς
1238 4769 1480 4833 Μωσέως
1493 4767 1757 4839 γλώττης.

158 4866 326 4920 Ἀλλ’
356 4861 456 4919 οὖν
481 4883 544 4935 γε
573 4868 640 4937 τῇ
669 4864 886 4934 παιδείᾳ
909 4863 1002 4918 τὸν
1026 4862 1495 4934 Ναϐουχοδονόσορ
1523 4863 1762 4932 ἀνασφή-

1913 3032 2160 3099 Quatuor
2195 3032 2359 3100 igitur
2391 3029 2584 3083 modos
2613 3027 2988 3097 castigationis
3022 3028 3252 3080 scimus.
3289 3024 3426 3080 Nam

1854 3124 1958 3177 alia
1981 3123 2198 3193 quidem
2238 3129 2457 3190 propter
2485 3130 2704 3188 peccata
2739 3117 2899 3171 nobis
2931 3116 2999 3171 ad
3034 3117 3432 3171 correctionem

1855 3210 2382 3270 adhibeturlMulta
2436 3209 2583 3264 enim
2632 3208 2850 3278 ﬂagella
2900 3206 3031 3262 sunt
3056 3208 3347 3278 peccatoris
3367 3209 3433 3272 ",

1856 3305 2033 3374 inquit
2072 3302 2368 3372 Davides).
2417 3302 2534 3357 Alia
2597 3317 2729 3356 vero
2769 3302 3082 3371 superbiam
3123 3308 3179 3356 et
3228 3299 3432 3355 fastum

1856 3397 2078 3466 dejicit,
2117 3397 2220 3450 hoc
2253 3404 2369 3458 est,
2421 3393 2782 3449 elevationem
2823 3409 2889 3448 ac
2939 3401 3208 3448 tumorem
3262 3392 3432 3446 animi

1857 3489 2194 3558 comprimit.
2228 3486 2480 3556 Superbis
2510 3487 2657 3542 enim
2697 3485 2958 3540 Dominus
3006 3485 3202 3538 resistit
3232 3484 3299 3538 ³⁸.
3327 3484 3435 3538 Alii

1857 3591 2037 3635 autem
2067 3581 2324 3634 latentem
2351 3579 2602 3633 virtutem
2633 3587 2686 3632 et
2715 3577 3089 3632 fortitudinem
3116 3575 3432 3641 ostendunt,

1859 3682 1918 3726 ut
1951 3686 2070 3725 eam
2110 3680 2446 3740 spectatores
2486 3670 2789 3723 imitentur.
2823 3666 3022 3721 Nullus
3056 3667 3203 3722 enim
3251 3683 3438 3722 περησ-

1857 3763 1938 3818 dit
1972 3763 2238 3816 lucernam
2259 3801 2273 3825 ,
2328 3771 2376 3814 et
2405 3760 2552 3829 partit
2584 3776 2702 3813 eam
2753 3759 2935 3812 subter
2965 3758 3200 3811 modium
3240 3767 3333 3810 aut
3361 3757 3438 3811 le-

1859 3863 2021 3919 ctum,
2048 3853 2138 3908 sed
2160 3869 2316 3923 super
2352 3851 2731 3906 candelabrum
2753 3867 2772 3906 :
2803 3863 2860 3906 ut
2883 3852 3057 3905 luceat
3084 3851 3322 3904 omnibus
3347 3851 3436 3921 qui

1859 3956 1982 4000 sunt
2009 3946 2060 3998 in
2089 3945 2262 4007 domo,
2293 3942 2472 4013 inquit
2508 3940 2774 3997 Dominus
2798 3941 2875 3995 "z
2909 3940 3065 4010 quasi
3097 3939 3274 3994 dicat:
3303 3937 3438 3995 Pro-

1859 4049 1980 4108 pter
2013 4037 2117 4092 hoc
2149 4038 2322 4092 instar
2346 4034 2484 4090 facis
2507 4034 2730 4091 accendi
2763 4033 2960 4088 Jobum
2984 4073 3000 4099 ,
3035 4041 3090 4087 et
3114 4042 3266 4086 extra
3299 4031 3436 4086 civi-

1864 4139 2026 4186 tatem
2055 4144 2218 4199 super
2250 4128 2642 4183 candelabrum
2669 4136 3007 4182 stercoreum
3046 4125 3226 4195 posui,
3265 4133 3323 4178 ut
3352 4124 3438 4178 lu-

1861 4230 1982 4278 ceat
2023 4220 2283 4276 omnibus
2327 4219 2380 4273 in
2413 4220 2548 4274 orbe
2587 4226 2879 4273 terrarum.
2909 4216 3028 4270 Alia
3062 4215 3298 4285 denique
3342 4229 3435 4269 ca-

1863 4315 2083 4385 stigatio
2109 4322 2211 4380 est,
2249 4313 2303 4367 in
2331 4313 2648 4367 universum
2673 4326 2703 4365 a
2737 4309 2846 4364 Deo
2875 4309 3053 4365 deseri
3091 4319 3316 4380 propter
3346 4324 3439 4364 ex-

1868 4417 2095 4464 tremam
2120 4406 2416 4478 nequitiam
2436 4414 2487 4459 et
2506 4403 2934 4474 improbitatem,
2951 4405 3037 4459 cui
3063 4404 3198 4458 nihil
3217 4404 3439 4459 omnino

1860 4502 2152 4558 admistum
2187 4509 2271 4556 est
2299 4499 2467 4556 boni:
2496 4498 2642 4570 quod
2666 4509 2720 4553 et
2744 4497 3036 4564 Pharaoni,
3067 4507 3121 4553 et
3148 4496 3440 4553 Nabucho-

1860 4592 2142 4655 donosori,
2174 4597 2229 4644 et
2249 4587 2404 4644 Iuda:
2438 4590 2688 4660 contigit,
2711 4599 2772 4643 ut
2802 4590 2855 4642 in
2897 4589 3125 4644 exitium
3161 4589 3439 4643 traderen-

1861 4695 1951 4739 tur
2016 4693 2237 4754 propter
2312 4682 2768 4738 inemendabilem
2846 4682 3131 4736 malitiam.
3192 4681 3438 4736 Avertam

1861 4777 2004 4830 enim
2033 4777 2098 4830 ab
2137 4777 2266 4847 ipsis
2300 4775 2490 4846 faciem
2527 4791 2696 4829 meum
2719 4815 2734 4842 ,
2774 4783 2824 4829 et
2862 4775 3134 4829 ostendam
3157 4774 3282 4845 quid
3319 4791 3437 4829 cum

1861 4869 1990 4937 ipsis
2033 4868 2272 4938 futurum
2321 4868 2391 4920 sit
2443 4867 2498 4920 in
2551 4867 2850 4920 novissimis
2879 4905 2894 4930 ,
2944 4866 3123 4934 inquit
3153 4865 3296 4922 Deus
3340 4883 3438 4937 per

138 4959 347 5014 λαντα
369 4999 386 5024 ,
421 4959 517 5013 καὶ⁸
541 4960 642 5030 τῆς
671 4956 953 5030 παροινίας
981 4956 1289 5028 ὲκνήψαντα
1319 4955 1417 5008 οὐκ
1460 4952 1761 5007 ἀπωθεῖται

137 5055 174 5107 ὁ
223 5051 529 5116 ἀπωσθεὶς
574 5051 706 5114 Θεὸς
732 5068 745 5082 ο
783 5050 919 5105 ἀλλά
965 5050 1126 5105 πάλιν
1165 5049 1313 5120 αὑτῷ
1341 5047 1439 5119 τὴν
1483 5045 1761 5117 βασιλείαν

134 5143 486 5206 ἀπέδωκεν,
513 5140 788 5212 ἁλουργίδι
817 5139 1115 5212 φαιδρύνας
1141 5140 1236 5194 καὶ
1263 5138 1578 5210 διαδήματι.

1860 4961 2100 5031 linguam
2133 4959 2296 5014 Mosis
2322 4961 2390 5013 ὀ.
2427 4957 2817 5014 Verumtamen
2842 4957 3437 5014 Nabuchodonosorem

1862 5067 1958 5122 per
1989 5050 2333 5121 disciplinam
2385 5051 2686 5106 cautiorem
2719 5049 2990 5104 redditum
3013 5089 3030 5114 ,
3075 5059 3130 5106 et
3163 5066 3232 5106 ex
3265 5060 3440 5106 lemu-

1860 5145 2026 5201 lentia
2069 5145 2312 5200 sobrium
2361 5143 2566 5198 factum
2598 5156 2707 5196 non
2741 5141 2919 5211 rejicit
2950 5143 3044 5213 qui
3094 5143 3334 5215 rejectus
3369 5143 3437 5196 ab

1862 5239 1980 5309 ipso
2009 5248 2157 5305 erat,
2198 5236 2372 5292 Deus:
2427 5236 2520 5292 sed
2560 5250 2754 5290 rursus
2783 5235 2860 5290 illi
2894 5251 3119 5305 regnum
3176 5237 3434 5301 restituit,

1863 5347 2103 5403 purpura
2134 5331 2448 5387 exhilarans
2487 5329 2666 5400 ipsum
2701 5337 2755 5382 et
2785 5315 3120 5385 diademate.

745 5424 994 5478 ΠΕΥΣΙΣ
1021 5424 1195 5478 PKB’.

2271 5420 2782 5478 INTERROGATIO
2823 5420 3032 5476 (ἶΧΧΙ-Ι.

215 5517 437 5582 Πόσας
456 5517 668 5590 ἡμέρας
694 5517 963 5590 διέτριψεν
988 5519 1016 5570 6
1052 5514 1223 5588 Ἀδὰμ
1243 5519 1301 5571 ὲν
1323 5517 1402 5590 τῷ
1420 5517 1752 5590 παραδείσῳς

1932 5517 2075 5585 Quot
2106 5517 2221 5572 dies
2252 5516 2305 5571 in
2336 5515 2593 5587 paradiso
2626 5516 2807 5586 exegit
2837 5515 3080 5568 Adamus
3101 5515 3126 5566 ?
3154 5511 3433 5583 Siquidem

119 5610 366 5681 ἐπειδὴ
396 5609 583 5664 πολλοὶ
609 5609 718 5664 τῶν
743 5611 1092 5682 ιστορούντων
1115 5612 1182 5665 τὰ
1207 5612 1327 5664 κατ’
1359 5609 1544 5675 αὑτὸν,
1575 5611 1622 5665 οἱ
1654 5612 1752 5682 μὲν

1863 5609 2016 5667 multi
2049 5612 2141 5682 qui
2173 5611 2292 5680 ejus
2315 5619 2465 5677 gesta
2493 5609 2774 5664 memoriae
2801 5606 3060 5677 produnt,
3090 5607 3288 5676 partim
3316 5610 3438 5678 qui-

117 5703 431 5776 λέγουσιν
457 5743 473 5770 ,
501 5702 562 5770 ἓξ
594 5703 804 5776 ἡμέρας
831 5721 845 5735 ο
867 5703 948 5758 διὸ
965 5744 980 5771 ,
1005 5705 1138 5774 φησὶ
1162 5745 1177 5771 ,
1210 5703 1342 5776 ἕκτῃ
1385 5703 1568 5774 ἡμέρᾳ
1595 5699 1752 5768 ἦλθεν

1866 5705 1988 5762 dem
2023 5701 2244 5759 tradunt
2267 5703 2382 5759 dies
2403 5717 2536 5762 sex:
2569 5702 2830 5773 ideoque,
2865 5709 2926 5755 ut
2953 5701 3143 5767 aiunt,
3171 5710 3324 5758 sexto
3349 5701 3438 5757 die

215 5809 278 5842 ³³
323 5807 443 5867 lsa.
482 5827 542 5875 ι,
577 5811 666 5873 13,
705 5809 792 5866 ll».
865 5809 909 5842 “
947 5810 1052 5868 lsa.
1095 5827 1206 5876 xw,
1240 5812 1328 5868 15.
1368 5811 1457 5865 Η.
1521 5811 1563 5843 ¹⁵
1596 5809 1699 5866 Joh
1733 5827 1746 5865 ι

1860 5851 1874 5864 .
1949 5813 1993 5843 ¹⁶
2025 5809 2125 5865 Joh
2162 5826 2202 5876 ι,
2235 5809 2324 5866 2i.
2406 5811 2447 5844 ¹⁷
2488 5808 2634 5866 Psal.
2659 5823 2810 5879 nm,
2855 5804 2934 5864 10.
3020 5806 3066 5840 ¹⁸
3098 5805 3215 5865 Jac.
3258 5824 3330 5872 tv,
3367 5805 3432 5870 6;

115 5879 146 5938 ι
197 5880 352 5939 Pet.
397 5897 459 5953 ν,
513 5881 570 5940 5.
650 5881 692 5916 ¹⁹
729 5881 920 5939 Matth.
981 5897 1030 5950 v,
1077 5881 1159 5937 15.
1239 5883 1284 5916 ¹⁰
1322 5881 1478 5937 Deut.
1522 5894 1690 5949 xxxn,
1726 5883 1752 5935 Ξ

1873 5898 1983 5938 sec.
2027 5880 2188 5938 LXX.
