4048 6222
517 342 655 396 1011

514 457 663 512 venit
697 454 974 510 Servator.
999 452 1107 508 Alii
1134 467 1261 508 vero
1291 468 1386 508 sex
1421 460 1632 508 tantum
1663 453 1854 507 dicunt
1893 451 2075 515 horas;

517 546 749 618 ideoque
798 555 950 602 sexta
1001 545 1133 599 hora
1171 545 1467 601 cruciﬁxus
1497 544 1772 598 Servator.
1819 542 1924 596 Alii
1953 557 2089 611 qua-

520 639 769 710 draginta
800 639 916 693 dies
947 645 1234 703 asserunt,
1271 651 1411 707 quos
1441 636 1496 690 in
1529 635 1783 705 paradiso
1812 634 2090 689 habitave-

521 731 613 793 rit,
644 738 698 784 et
719 729 773 782 in
804 728 1011 783 deliciis
1040 728 1238 797 egerit,
1275 728 1415 781 unde
1445 736 1662 796 propter
1700 724 2090 795 transgressio-

522 836 647 875 nem
680 820 938 889 expulsus
969 820 1077 874 sit:
1112 835 1250 889 quos
1278 819 1434 873 aiunt
1466 820 1715 874 retulisse
1732 817 2010 873 Christum
2038 825 2091 873 et

521 927 926 980 compensasse,
956 926 1065 978 quo
1088 920 1327 980 tempore
1361 925 1455 981 per
1480 909 1834 980 quadraginta
1854 908 1972 964 dies
1996 923 2093 961 ne-

524 1019 631 1073 que
657 1004 892 1058 comedit
923 1019 1100 1072 neque
1127 1003 1284 1069 bibit,
1308 1003 1363 1057 in
1396 1003 1610 1058 deserto
1635 1018 1666 1057 a
1699 1002 1918 1059 diabolo
1949 1001 2094 1056 velut

526 1098 690 1152 homo
719 1105 976 1153 tentatus.

1142 1188 1445 1256 Responsio.

597 1280 753 1347 Quod
779 1280 1139 1352 quadraginta
1158 1281 1367 1336 dierum
1399 1291 1611 1350 tempus
1643 1280 1862 1343 attinet,
1890 1279 1939 1334 id
1968 1294 2096 1334 vero

526 1384 581 1431 et
630 1375 747 1444 ipse
794 1373 907 1443 jam
956 1381 1119 1428 antea
1157 1373 1398 1437 tradidi,
1445 1387 1509 1428 ac
1541 1373 1758 1427 videtur
1786 1372 1919 1425 mihi
1950 1370 2097 1425 haud

529 1466 779 1522 absimile
811 1481 941 1521 vero
973 1480 1115 1521 esse.
1138 1463 1272 1519 Nam
1311 1465 1414 1519 hoc
1454 1464 1679 1519 imitans
1716 1478 1873 1518 sacer
1910 1462 2098 1516 Eccle-

530 1560 624 1616 sia:
652 1568 849 1615 nostra:
874 1567 1081 1621 coetus,
1118 1558 1287 1613 semel
1323 1572 1421 1627 per
1453 1565 1625 1612 totum
1650 1556 1776 1610 anni
1810 1555 2096 1619 ambitum,

530 1667 656 1707 cum
687 1652 1014 1707 abstinentia
1041 1649 1386 1705 severissima
1415 1656 1524 1701 tam
1553 1647 1799 1701 ciborum
1826 1659 1991 1714 quam
2019 1659 2102 1697 re-

530 1760 653 1799 rum
682 1743 913 1812 jejunat,
942 1741 1222 1810 pristinam
1255 1740 1490 1809 paradisi
1516 1738 1767 1808 patriam,
1797 1747 1847 1791 et
1878 1736 2097 1791 deside.

530 1835 755 1890 rabiletu
791 1833 936 1889 illius
985 1834 1185 1887 victum
1217 1831 1487 1886 desiderio
1539 1832 1778 1885 maximo
1819 1839 2097 1900 expetens.

529 1928 801 1983 Nimirum
856 1926 1096 1981 vicissim
1158 1926 1370 1980 cunctis
1428 1924 1590 1994 primi
1644 1925 1886 1994 parentis
1925 1925 2100 1980 nostri

532 2018 730 2075 debitis
768 2015 1021 2072 Christus
1051 2030 1112 2070 se
1162 2014 1415 2083 subjecit.
1471 2013 1608 2069 Cum
1659 2014 1749 2069 ille
1795 2014 1940 2069 dicto
1991 2030 2101 2068 non

532 2110 695 2167 fuerit
718 2108 982 2175 audiens,
1015 2107 1254 2162 vicissim
1292 2108 1379 2162 hic
1420 2106 1626 2161 obediit
1662 2121 1836 2176 usque
1868 2106 1937 2160 ad
1972 2121 2102 2160 cru-

533 2218 650 2260 cem
683 2212 738 2257 et
781 2209 1030 2256 mortem.
1065 2200 1158 2254 Ille
1209 2208 1446 2254 tentatus
1480 2215 1575 2269 per
1620 2197 1816 2265 Evam,
1864 2213 1987 2253 cum
2013 2197 2101 2251 illa

529 2297 645 2366 jam
676 2312 706 2350 a
740 2302 1004 2350 tentatore
1033 2302 1287 2362 superata
1315 2302 1481 2356 esset,
1517 2291 1757 2363 gustavit
1783 2290 1849 2345 de
1872 2291 2055 2345 vetitis
2086 2308 2101 2344 :

537 2389 624 2444 hic
655 2395 892 2443 tentatus
919 2387 1128 2456 jejunat
1148 2426 1164 2453 ,
1193 2400 1556 2454 compensans
1577 2382 1937 2453 quadraginta
1971 2398 2104 2437 exa-

535 2492 653 2537 ctos
685 2481 738 2535 in
773 2479 1026 2549 paradiso
1060 2479 1177 2533 dies
1209 2494 1238 2531 a
1290 2477 1468 2546 primo
1492 2484 1716 2546 parente
1744 2483 1936 2530 nostro
1956 2472 2105 2528 Ada-

536 2588 662 2639 mo,
707 2582 759 2626 et
805 2586 901 2642 pro
926 2570 1140 2624 deliciis
1171 2568 1237 2624 ad
1268 2568 1507 2638 inopiam
1558 2583 1658 2621 nos
1698 2565 1963 2620 excitans.
2014 2565 2108 2620 Ille

535 2666 672 2722 deus
694 2665 809 2720 ﬁeri
838 2665 1046 2728 volens,
1090 2661 1387 2717 frustratus
1421 2676 1516 2729 spe
1540 2675 1638 2715 sua
1663 2701 1677 2724 ,
1706 2660 1869 2714 etiam
1903 2658 1953 2712 id
1983 2672 2105 2711 mu~

541 2770 685 2817 tatus
718 2759 904 2815 amisit
933 2757 1079 2828 quod
1108 2757 1261 2827 prius
1287 2764 1399 2811 erat
1426 2797 1441 2821 ,
1475 2769 1537 2808 ex
1583 2753 1873 2808 immortali
1904 2760 2111 2805 morta-

540 2853 610 2908 lis
637 2851 834 2915 factus,
870 2860 924 2905 et
947 2866 1011 2904 ex
1038 2849 1196 2904 beato
1224 2848 1552 2903 damnatus:
1587 2845 1677 2900 hic
1708 2859 1805 2913 pro
1840 2844 1931 2898 illo
1963 2858 2111 2896 mor-

540 2946 665 3001 talis
691 2946 749 3000 ﬁt
770 2985 784 3009 ,
816 2959 1043 2999 manens
1074 2943 1215 2998 Deus
1236 2982 1250 3006 ,
1302 2942 1509 2995 ratione
1542 2949 1749 2993 natura:
1794 2953 1899 2991 non
1940 2944 2113 2990 muta-

541 3045 649 3102 tus,
681 3053 856 3107 neque
889 3038 1063 3090 factus
1113 3035 1252 3088 alius
1288 3033 1496 3086 ratione
1541 3029 1859 3084 divinitatis.
1912 3027 2003 3081 Ille
2043 3042 2110 3081 ex

541 3130 794 3201 paradiso
818 3130 872 3182 in
897 3129 1041 3182 hunc
1065 3138 1434 3179 :erumnosum
1459 3122 1898 3190 laboriosumque
1925 3120 2104 3176 locum

541 3223 800 3292 expulsus
830 3230 941 3276 est:
977 3221 1065 3273 hic
1098 3218 1217 3287 ejus
1267 3231 1433 3272 causa
1482 3215 1549 3270 de
1600 3215 1754 3270 caelis
1792 3212 2109 3277 adveniens,

544 3315 690 3370 illius
715 3312 944 3368 assumit
974 3311 1165 3375 vitam,
1191 3323 1290 3378 pro
1320 3308 1441 3363 luce
1466 3308 1744 3362 inaccessa
1768 3306 2111 3360 tenebrosam

545 3407 687 3462 hanc
716 3413 768 3459 et
802 3405 1092 3459 obscuram
1137 3400 1450 3472 speluncam
1490 3398 1777 3454 habitans:
1808 3397 1928 3453 vice
1955 3396 2114 3450 intel-

546 3498 803 3554 lectilium
831 3507 884 3552 et
914 3496 1124 3549 ratione
1155 3493 1505 3564 praeditorum
1537 3490 1882 3553 animalium,
1912 3487 2119 3543 anima-

547 3595 693 3650 libus
747 3592 958 3646 ratione
1010 3589 1322 3645 carentibus
1361 3584 1768 3642 circumdatus:
1811 3583 1933 3638 loco
1968 3590 2123 3652 pote-

550 3697 753 3743 statum
786 3680 1030 3739 omnium
1064 3698 1092 3736 a
1134 3681 1333 3751 quibus
1355 3678 1692 3747 gestabatur,
1733 3676 1785 3729 in
1815 3674 1959 3729 ulnis
1991 3689 2115 3727 san-

550 3791 651 3835 ctae
678 3778 896 3848 quidem
949 3774 1194 3829 mulieris
1224 3782 1278 3826 et
1324 3772 1481 3841 cujus
1520 3771 1719 3824 intacta
1754 3777 2119 3838 perpetuaque

549 3869 835 3939 virginitas
854 3874 1021 3928 esset,
1040 3864 1346 3919 communis
1368 3872 1549 3917 tamen
1580 3862 1864 3916 nobiscum
1892 3869 2116 3925 natura},

551 3969 837 4032 portatus:
872 3974 968 4027 pro
1000 3955 1259 4025 angelicis
1293 3954 1512 4024 hymnis
1539 3962 1593 4006 et
1631 3951 1890 4015 canticis,
1923 3950 2120 4019 petitus

554 4051 847 4108 calumniis
876 4090 890 4111 ,
946 4049 1101 4117 quasi
1136 4047 1463 4101 dmmonium
1514 4044 1762 4106 haberet,
1808 4051 1862 4095 et
1892 4057 1982 4109 per
2007 4040 2121 4095 dae-

553 4144 862 4215 moniorum
892 4140 1189 4210 principem
1218 4136 1483 4191 ύιυῐηοιιὶυ
1511 4134 1749 4204 ejiceret,
1781 4142 1833 4187 et
1864 4132 2121 4202 populum

555 4237 873 4295 seduceret;
910 4229 1242 4300 caeteroquin
1278 4243 1309 4281 a
1367 4227 1550 4297 pueris
1597 4224 1943 4280 Hebraeorum
1985 4225 2125 4280 cele-

555 4328 769 4389 brutus,
799 4322 1183 4380 clamantibus:
1215 4319 1528 4374 Benedictus
1554 4319 1644 4388 qui
1683 4318 1814 4372 venit
1839 4318 1893 4370 in
1920 4319 2124 4369 nomine

558 4418 771 4472 Domini
797 4418 862 4468 ²¹.
899 4414 1005 4469 Pro
1027 4416 1147 4469 loco
1178 4411 1424 4483 virginis,
1470 4411 1727 4464 nimirum
1762 4407 1902 4475 Eva},
1936 4424 2124 4478 perpe-

559 4520 710 4566 tuam
736 4509 999 4580 virginem
1041 4514 1287 4561 sanctam
1329 4516 1557 4559 matrem
1606 4518 1761 4557 suam
1794 4502 2077 4556 suscitavit
2110 4521 2123 4556 :

560 4618 661 4675 pro
689 4603 835 4658 illius
866 4614 1047 4670 paena,
1072 4598 1199 4652 huic
1228 4596 1457 4651 salutem
1491 4610 1582 4664 per
1608 4593 1884 4664 proprium
1910 4607 2127 4647 servum

563 4694 877 4751 Gabrielum
899 4692 1070 4757 misit,
1102 4691 1156 4744 in
1190 4689 1291 4743 hac
1319 4704 1522 4743 sanans
1550 4702 1672 4756 qua:
1694 4687 1785 4739 illa
1806 4685 2124 4755 deliquerat.

561 4787 669 4842 Pro
702 4787 849 4856 ligno
884 4779 1335 4852 transgressionis
1371 4779 1575 4848 lignum
1626 4775 2044 4831 resurrectionis
2074 4772 2130 4828 in

563 4875 743 4931 medio
766 4886 940 4940 terrae,
988 4872 1276 4926 salutarem
1317 4883 1537 4924 crucem
1573 4882 1726 4922 suam
1767 4866 1902 4921 ﬁxit.
1930 4863 2132 4931 Quem—

565 4968 860 5023 admodum
911 4966 1088 5036 inquit
1120 4964 1208 5019 ille
1238 4961 1544 5017 carminum
1583 4960 1894 5014 divinorum
1942 4965 2133 5012 auctor

566 5058 830 5113 Davides:
866 5056 1003 5111 Deus
1031 5067 1205 5110 noster
1236 5056 1324 5125 qui
1372 5063 1445 5106 est
1494 5062 1615 5106 ante
1640 5050 1837 5106 saecula
1861 5089 1875 5114 ,
1909 5048 2133 5103 salutem

569 5160 814 5220 operatus
844 5151 995 5204 estin
1027 5149 1195 5202 medio
1224 5158 1375 5201 terra:
1403 5149 1467 5202 “.
1501 5145 1607 5199 Pro
1646 5159 1754 5198 non
1790 5144 1881 5197 illo
1915 5142 2133 5213 quidem

572 5240 892 5298 naturaliter
912 5281 927 5305 ,
959 5241 1053 5294 sed
1084 5255 1177 5308 per
1204 5239 1694 5310 transgressionem
1748 5234 1961 5291 letifero
1989 5233 2133 5298 cibo,

570 5347 821 5393 naturam
856 5349 1010 5390 suam
1039 5332 1274 5387 divinam
1315 5341 1515 5386 nostra:
1551 5330 1745 5383 uniens
1767 5368 1784 5393 ,
1820 5329 1975 5383 cibus
2005 5326 2139 5380 vivi-

572 5431 709 5486 ﬁcus
744 5428 921 5483 medio
979 5426 1032 5480 in
1083 5439 1207 5480 aere
1252 5424 1494 5493 pendens
1544 5422 1797 5477 omnibus
1827 5420 2139 5491 propositus

575 5533 695 5588 est,
725 5530 780 5577 et
811 5521 882 5577 ab
916 5518 1175 5575 omnibus
1224 5516 1518 5586 percipitur
1542 5555 1557 5577 ,
1610 5516 1727 5586 ipse
1784 5512 2140 5568 nihilominus

1568 332 1626 387 S.
1659 329 1965 387 CAESAR“
2002 329 2331 389 GREGOBII
2370 332 2672 391 FRATRIS

3624 334 3768 392 1012

2187 451 2218 501 6
2241 453 2451 526 Σωτήρ.
2497 455 2678 510 ’Ἄλλοι
2702 455 2759 510 δὲ
2787 455 3035 524 λέγουσιν
3076 452 3136 518 ἓξ
3164 454 3320 525 μόνον
3346 453 3493 525 ὥρας
3512 470 3527 484 ·
3556 453 3637 507 διζ
3670 454 3767 508 καὶ

2192 543 2325 617 ἕκτῃ
2360 543 2478 617 ὥρᾳ
2505 546 2823 618 ἐσταυρώθη
2850 548 2880 600 6
2903 548 3111 617 Σωτήρ.
3147 546 3359 617 Ἑτεροι
3389 547 3443 598 δὲ
3491 546 3768 616 τεσσαρά-

2193 652 2356 690 κοντα
2379 636 2626 706 λέγουσιν
2659 636 2869 709 ἠμέρας
2893 636 3296 707 ὲνδιαιτηθὲντα
3321 635 3399 706 τῷ
3423 634 3765 706 παραδείσῳ,

2193 726 2288 780 καὶ
2330 728 2737 799 ἐντρυφήσαντα
2759 769 2774 794 ,
2808 729 3106 798 ἐξωσθῆναι
3165 730 3231 799 τῇ
3284 726 3597 798 παραϐάσει
3623 743 3639 758 ·
3673 725 3769 791 ἃς,

2195 820 2358 889 φησὶν
2382 858 2397 883 ,
2455 818 2788 889 ἀντεισάγων
2830 820 2859 872 ὁ
2914 820 3146 891 Χριστὸς
3188 818 3283 872 καὶ
3315 816 3625 886 ἀντισηκῶν
3666 816 3773 869 οὐκ

2194 912 2434 982 ἔφαγεν,
2478 911 2598 964 οὐδὲ
2646 912 2830 973 ἔπιεν,
2887 912 3294 982 τεσσαράκοντα
3334 908 3543 979 ἡμέρας
3595 908 3654 958 ἐν
3700 909 3769 978 τῇ

2196 1006 2387 1076 ἐρήμῳ
2417 1004 2522 1059 ὑπὸ
2549 1004 2643 1058 τοῦ
2677 1004 2921 1058 διαϐόλου
2946 1002 3337 1074 πειραζόμενος
3361 1001 3435 1065 ὡς
3457 999 3771 1071 ἄνθρωπος.

2804 1181 3163 1250 Ἀπόκρισις.

2268 1275 2468 1330 Τοῦτον
2511 1275 2609 1345 μὲν
2636 1275 2735 1346 τῆς
2780 1271 3221 1344 τεσσαρακοστῆς
3256 1270 3347 1323 τὸν
3382 1270 3581 1340 τρόπον
3611 1266 3779 1337 κάγὼ

2198 1367 2300 1438 ήδη
2328 1366 2572 1437 προὲφην
2591 1382 2606 1396 ο
2640 1364 2734 1417 καὶ
2783 1363 2843 1417 ού
2890 1363 3036 1416 δοκεῖ
3081 1379 3169 1433 μοι
3202 1360 3429 1424 ἀπεικὸς
3479 1360 3773 1430 ὑπάρχειν.

2199 1458 2382 1512 Ταῦτα
2427 1458 2535 1530 γὰρ
2582 1456 2818 1528 ἑπομένη
2852 1457 2886 1525 ἡ
2926 1454 3044 1507 Θεία
3090 1454 3191 1524 τῆς
3239 1451 3561 1522 Ἐκκλησίας
3611 1448 3777 1522 ἡμῶν

2198 1552 2487 1622 ὁμήγυρις,
2535 1547 2683 1613 ἅπαξ
2724 1548 2813 1601 διὰ
2852 1549 3033 1616 πάσης
3064 1543 3160 1599 τοῦ
3203 1542 3445 1597 ἐνιαυτοῦ
3480 1542 3578 1611 τῆς
3610 1558 3777 1611 περι-

2198 1644 2318 1697 όδου
2351 1644 2449 1696 σὺν
2474 1641 2806 1712 σφοδροτάτῃ
2832 1640 3011 1709 ἀποχῇ
3047 1636 3350 1709 βρωμάτων
3379 1634 3473 1687 καὶ
3509 1632 3779 1703 πραγμά-

2204 1752 2311 1789 των
2332 1733 2599 1806 νηστεύει,
2613 1734 2711 1803 τὴν
2727 1731 2955 1803 ἀρχαίαν
2978 1729 3071 1783 τοῦ
3095 1727 3418 1800 παραδείσου
3440 1722 3782 1795 ἐπιζητοῦσα

2208 1827 2474 1899 πατρίδα,
2528 1826 2621 1879 καὶ
2668 1824 2767 1895 τὴν
2813 1824 2929 1876 ἐκεῖ
2969 1820 3317 1892 ίμειρομένην
3350 1818 3577 1871 δίαιταν.
3624 1812 3784 1867 Ἀνθ-

2202 1919 2376 1990 υπέϐη
2410 1919 2518 1989 γὰρ
2549 1920 2683 1971 πᾶσι
2719 1919 2829 1979 τοῖς
2856 1913 2947 1968 τοῦ
2974 1912 3315 1985 προπάτορος
3338 1912 3371 1980 ἡ
3381 1907 3496 1978 μῶν
3524 1907 3781 1977 ὀφλήμα-

2203 2030 2287 2065 σιν
2318 2010 2626 2082 ὁΧριστός.
2692 2008 2929 2061 Ἐκείνου
2971 2006 3078 2076 γὰρ
3123 2001 3565 2075 παρακούσαντος
3590 2040 3606 2064 ,
3648 1995 3786 2051 ἀνθ-

2204 2100 2461 2155 υπακούει
2492 2092 2648 2162 οὗτος
2679 2097 2840 2169 μέχρι
2881 2092 3112 2164 σταυροῦ
3142 2094 3233 2147 καὶ
3257 2091 3506 2144 θανάτου.
3542 2090 3786 2152 Ἐκεῖνος

2203 2193 2592 2266 πειραζόμενος
2614 2189 2704 2243 διὰ
2745 2190 2846 2260 τῆς
2878 2187 3021 2251 Elia;
3056 2186 3156 2258 ῆδη
3184 2185 3498 2256 ἡττημένης
3531 2181 3612 2253 τῷ
3655 2196 3785 2266 πει-

2205 2264 2419 2361 ράζοντι
2444 2327 2458 2351 ,
2509 2284 2617 2337 τῶν
2673 2283 3136 2353 ἀπηγορευμένων
3185 2276 3529 2345 ἀπεγεύσατο
3553 2290 3568 2304 ·
3624 2264 3786 2335 οὗτος

2205 2378 2616 2449 πειραζόμενος,
2647 2372 2899 2444 νηστεύει
2931 2367 3405 2440 ἀντιπρυτανεύ,ων
3437 2366 3536 2427 τὰς
3582 2366 3641 2417 ὲν
3676 2379 3785 2414 πα-

2208 2470 2439 2544 ραδείσῳ
2464 2467 2871 2539 τεσσαράκοντα
2897 2463 3108 2536 ἡμέρας
3130 2460 3223 2514 τοῦ
3251 2458 3596 2531 προπάτορος
3624 2453 3787 2525 ἡμῶν

2219 2563 2423 2635 Ἀδὰμ,
2471 2560 2800 2630 ἀντεγείρων
2825 2560 2892 2629 τῇ
2936 2556 3115 2627 τρυφῇ
3144 2554 3244 2625 τὴν
3293 2551 3532 2604 ἔνδειαν·
3582 2548 3786 2609 ἐκεῖνος

2202 2657 2326 2725 θεὸς
2367 2654 2619 2727 γενέσθαι
2656 2651 2934 2724 βουληθεὶς
2970 2650 3027 2703 δὲ
3053 2647 3201 2719 (88),
3228 2646 3324 2700 καὶ
3351 2646 3491 2715 ὅπερ
3514 2638 3604 2714 ἦν,
3628 2638 3790 2710 ὲτρά·

2209 2769 2287 2822 πη
2315 2792 2329 2815 ,
2364 2750 2424 2815 ἐξ
2461 2746 2729 2803 ἁθανάτου
2765 2744 2957 2816 θνητὸς
2989 2742 3313 2813 γενόμενος,
3365 2739 3461 2791 καὶ
3506 2737 3573 2788 ὲκ
3608 2733 3788 2803 μάκα-

2212 2860 2304 2918 ρος
2333 2842 2687 2911 κατάκριτος’
2721 2833 2872 2901 οὗτος
2904 2836 3042 2907 ὑπὲρ
3074 2832 3281 2887 ἐκείνου
3324 2828 3517 2901 βροτὸς
3555 2825 3788 2896 γίνεται,

2215 2917 2390 3008 μένων
2429 2934 2590 2997 Θεὸς,
2621 2931 2696 3003 μὴ
2725 2931 2955 3001 τραπεὶς
2991 2927 3088 2999 τὴν
3139 2924 3302 2993 φύσιν
3327 2962 3343 2988 ,
3376 2921 3452 2992 μὴ
3479 2917 3792 2979 ἀλλοιωθεὶς

2211 3029 2309 3101 τὴν
2342 3028 2586 3099 θεότητα.
2638 3024 2874 3086 Ἐκεῖνος
2903 3022 2967 3074 ὲκ
2992 3017 3318 3089 παραδείσου
3351 3017 3433 3077 είς
3542 3008 3793 3081 ἐμπαθὲς

2214 3099 2307 3176 καὶ
2357 3120 2613 3174 ἐπίπονον
2661 3115 2820 3170 τοῦτο
2869 3111 3141 3182 ἑξοικίσθη
3194 3108 3421 3180 χωρίον’
3454 3099 3608 3166 οὗτος
3647 3104 3800 3174 ὑπὲρ

2214 3214 2423 3270 ἐκείνου
2451 3211 2509 3278 ἐξ
2529 3207 2773 3282 οὐρανῶν
2803 3203 3183 3275 ὲπιφοιτήσας,
3208 3200 3297 3254 τὸν
3317 3196 3519 3251 ἐκείνου
3544 3194 3801 3265 ἀναλαμ-

2215 3304 2435 3358 ϐάνεται
2488 3301 2599 3372 βίον
2621 3342 2635 3367 ,
2676 3297 2796 3353 ἀντὶ
2854 3294 3031 3365 φωτὸς
3084 3292 3178 3347 τοῦ
3230 3288 3510 3362 ἀπροσίτου
3552 3285 3617 3338 τὸ
3656 3301 3798 3338 σκο-

2213 3397 2385 3452 τεινὸν
2411 3395 2505 3449 καὶ
2533 3390 2771 3463 ἀφεγγὲς
2809 3390 3002 3460 ἄντρον
3034 3386 3198 3441 οἰκῶν
3223 3402 3237 3415 ·
3273 3384 3397 3438 ἀντὶ
3428 3380 3533 3434 τῶν
3574 3378 3800 3449 νοερῶν

2216 3490 2309 3543 καὶ
2339 3486 2569 3557 λογικῶν
2600 3483 2773 3548 ζώων,
2803 3480 2961 3546 ζώοις
2991 3479 3207 3547 ἀλόγοις
3234 3475 3598 3544 κυκλούμενος
3620 3488 3635 3501 ’
3673 3471 3796 3526 ἀντὶ

2217 3579 2406 3636 πασῶν
2431 3574 2707 3650 φερουσῶν
2730 3573 3033 3642 δυνάμεων,
3060 3569 3325 3638 ἀγκάλαις
3351 3565 3607 3636 γυναικὸς
3631 3562 3792 3630 ἀγίας

2221 3676 2339 3747 μὲν,
2371 3673 2637 3744 ἀχράντου
2669 3670 2763 3723 καὶ
2790 3666 3095 3729 ἀείπαιδος,
3146 3662 3255 3739 τῆς.
3293 3661 3351 3713 δὲ
3400 3659 3589 3727 κοινῆς
3636 3654 3791 3725 ἡμῶν

2219 3746 2466 3838 φύσεως,
2529 3762 2826 3833 φερόμενος
2852 3776 2864 3789 ·
2921 3759 3041 3812 ἀντὶ
3098 3751 3404 3824 ἀγγελικῶν
3463 3750 3643 3821 ὓμνων
3695 3746 3795 3799 καὶ

2219 3861 2372 3932 ᾠδῶν
2393 3898 2407 3922 ,
2436 3855 2939 3926 συκοφαντούμενος
2982 3849 3253 3920 δαιμόνιον
3294 3844 3440 3913 ἔχειν
3467 3883 3482 3908 ,
3515 3843 3611 3894 κα)⁸
3638 3842 3694 3893 ὲν
3720 3837 3803 3909 τῷ

2220 3956 2441 4026 ἄρχοντι
2472 3950 2760 4021 δαιμονίων
2791 3945 3073 4000 ἐκϐάλλειν
3117 3942 3185 3995 τά
3216 3937 3469 4010 δαιμόνια
3494 3976 3510 3999 ,
3542 3935 3637 4026 καί
3665 3932 3801 3984 πλα-

2220 4024 2317 4117 νᾷν
2380 4044 2505 4106 τοὺς
2553 4041 2742 4111 ὅχλους
2773 4055 2787 4069 ⁸
2841 4037 3025 4090 παισὶν
3072 4030 3339 4103 Ἑϐραίων
3394 4024 3803 4096 ἀνυμνούμενος

2225 4136 2500 4208 βοώντων,
2556 4129 2972 4200 Εὐλογημένος
3005 4130 3037 4181 ὁ
3075 4124 3396 4194 ἐρχόμενος
3438 4119 3511 4173 ἐν
3556 4118 3806 4208 ὀνόματι

2222 4227 2465 4296 Κιφίου.
2497 4224 2642 4277 Ἀντὶ
2667 4220 2933 4292 παρθένου
2959 4217 3057 4288 τῆς
3074 4213 3214 4277 Εὔας
3236 4209 3495 4267 ἀείπαιδα
3514 4208 3618 4279 τὴν
3644 4207 3805 4275 ἁγίαν

2225 4318 2389 4375 αὑτοῦ
2443 4316 2653 4388 μητέρα
2681 4313 3002 4384 ἀντήγειρεν
3024 4326 3038 4340 ’
3067 4306 3190 4361 ἀντὶ
3234 4303 3326 4357 τοῦ
3378 4302 3599 4373 ἐκείνης
3632 4303 3809 4353 ἐπιτι-

2236 4412 2378 4482 μίου,
2400 4407 2572 4479 ταύτῃ
2594 4407 2674 4471 τὸ,
2693 4404 2890 4473 Χαῖρε,
2912 4401 2999 4454 διὰ
3020 4396 3112 4451 τοῦ
3136 4396 3335 4449 οἰκείου
3355 4392 3544 4446 δούλου
3566 4389 3809 4463 Γαὸριὴλ

2233 4502 2582 4564 ἀπέστειλεν,
2625 4501 2682 4552 ὲν
2709 4496 2881 4569 ταύτῃ
2916 4492 2986 4546 τὰ
3028 4490 3241 4560 ἐκείνης
3291 4485 3637 4556 ἀκούμενος·
3690 4483 3811 4536 ἀντὶ

2235 4597 2393 4664 ξύλου
2443 4592 2802 4664 παραϐάσεως
2822 4628 2835 4653 ,
2880 4586 3032 4652 ξύλον
3067 4580 3408 4641 ἀναστάσεως
3434 4581 3493 4630 ὲν
3530 4578 3683 4647 μὲσῳ
3707 4575 3805 4644 τῆς

2235 4690 2379 4760 γῆς,
2405 4688 2496 4741 τὸν
2542 4685 2807 4753 σωτήριον
2857 4676 3050 4732 ἑαυτοῦ
3097 4673 3326 4744 σταυρὸν
3366 4667 3552 4740 ἔπηξε,
3616 4666 3811 4728 Καθὼς

2236 4755 2399 4853 φησιν
2440 4776 2604 4831 Δαθὶδ
2626 4777 2655 4827 6
2682 4772 2787 4827 τῶν
2815 4771 2974 4824 θείων
3007 4765 3239 4839 μελῳδός
3265 4781 3278 4793 ·
3325 4764 3380 4815 Ὁ
3417 4761 3489 4815 δὲ
3521 4760 3638 4827 πρὸ
3676 4755 3816 4811 alib-

2236 4850 2359 4928 κων
2384 4872 2529 4936 Θεὸς
2563 4867 2732 4939 ἡμῶν
2752 4862 3067 4934 εἰργάσατο
3086 4859 3385 4928 σωτηρίαν
3410 4856 3481 4908 ἐν
3508 4853 3680 4924 μέσῳ
3701 4850 3818 4919 τῆς

2237 4966 2384 5038 γῆς’
2413 4964 2532 5018 ἀντὶ
2551 4962 2650 5030 ¹τῆς
2691 4959 2750 5012 οὐ
2779 4957 2938 5027 φύσει
2981 4953 3117 5008 ἀλλά
3145 4949 3394 5021 παρακοῇ
3432 4943 3814 5015 θανατηφόρου

2239 5034 2436 5127 ἐδωδῆς
2455 5095 2471 5121 ,
2496 5053 2593 5122 τὴν
2620 5048 2810 5104 ἑαυτοῦ
2845 5047 2994 5100 θείαν
3026 5043 3185 5115 φύσιν
3210 5044 3276 5112 τῇ
3303 5037 3551 5109 ἡμετέρᾳ
3581 5034 3817 5097 ἐνώσας,

2240 5147 2521 5216 ζωηφὸρος
2544 5142 2712 5212 ἐδωδὴ
2743 5140 3025 5211 πρόκειται
3050 5136 3191 5190 κατά
3230 5134 3319 5186 τὸν
3366 5132 3505 5203 ἀέρα
3533 5130 3644 5183 ὑπὸ
3678 5128 3817 5182 πάν-

2242 5256 2349 5292 των
2385 5234 2738 5307 μετεχόμενος
2762 5274 2776 5297 ,
2822 5231 2916 5285 καὶ
2971 5229 3145 5299 μένων
3187 5229 3216 5279 ό
3251 5224 3408 5286 αὐτὸς
3456 5222 3698 5293 ἄληκτος
3720 5259 3738 5283 ,
3790 5220 3820 5272 ό

2246 5329 2386 5401 ὑπὲρ
2411 5327 2518 5381 τῶν
2541 5323 2882 5395 κατακρίτων
2908 5318 3255 5390 κατακριθεὶς
3282 5314 3563 5380 ἑκουσίως,
3585 5312 3666 5375 ὡς
3688 5309 3821 5371 Θεὸς

2246 5420 2340 5473 καὶ
2371 5417 2558 5489 βροτὸς
2581 5417 2609 5468 ὁ
2636 5415 2816 5479 αὐτός.
2842 5414 3051 5482 Ὥσπερ
3091 5406 3185 5464 οὖν
3217 5408 3309 5462 καὶ
3341 5406 3501 5478 χολὴν
3528 5402 3819 5476 ὲψωμίσθη

2247 5512 2340 5565 καὶ
2386 5508 2497 5573 ὄξει
2550 5507 2768 5580 ἄρδεται
2795 5547 2812 5573 ,
2858 5505 2997 5575 ὑπὲρ
3027 5503 3128 5573 τῆς
3179 5500 3272 5555 τοῦ
3333 5497 3506 5567 Ἄδάμ

613 5638 658 5671 ³⁸
701 5635 1007 5699 Matth.xxt,
1059 5631 1126 5697 9;
1180 5629 1348 5685 Marc.
1411 5643 1487 5695 χι,
1542 5628 1646 5693 10;
1695 5625 1853 5681 Joan.
1907 5640 1960 5688 κ,
2018 5625 2106 5680 13.

2215 5628 2226 5659 ⁵
2276 5625 2422 5682 Psal.
2452 5637 2645 5688 Lm",
2673 5619 2761 5674 12.

654 5750 1186 5835 (88),1)εεειμιιιίἮιίι1
1243 5746 1543 5817 l‘orsanque
1600 5744 1926 5815 legendum:
2057 5743 2111 5815 βο

2215 5745 2370 5815 ιθεὶς,
2416 5739 2703 5812 ἀποτυχὼν
2733 5737 2788 5792 δὲ
2837 5736 2933 5806 τῆς
2967 5731 3214 5796 ἐλπίδος,
3256 5729 3361 5783 nisi
3411 5725 3576 5781 aliter
3635 5725 3819 5778 loculi

584 5820 850 5886 resarcire
874 5822 1027 5877 velis.
1067 5820 1219 5874 Eutr.
