4048 6222
298 327 443 385 1013

296 441 629 516 θεανδρικῶς
657 444 945 514 άποτιννὺς
966 449 1129 504 αὐτοῦ
1154 445 1221 506 τὰ
1248 452 1539 526 ὀφλήματα
1555 471 1568 485 ·
1604 457 1745 512 οὕτω
1780 475 1868 529 μοι

295 533 447 588 δοκεῖ
474 536 570 591 καὶ
607 537 707 601 τὰς
730 540 1137 611 τεσσαράκοντα
1175 543 1314 615 ὑπὲρ
1346 545 1613 601 τοσούτων
1646 549 1869 619 ἀντιση-

300 625 525 681 κοῦσθαι
562 629 774 702 ἡμέρας
799 647 815 659 ·
838 631 949 701 ἐγὼ
972 633 1029 687 δὲ
1060 638 1161 707 τῆς
1188 636 1409 692 ἐκείνων
1432 639 1617 704 ἑξάδος
1645 642 1739 694 καὶ
1770 642 1870 713 τῆς

299 717 441 787 ἐμῆς
471 722 904 793 τετταρακοστῆς
928 762 945 788 ,
982 724 1071 777 τὸν
1100 726 1165 781 ἐκ
1203 745 1365 783 τινων
1390 732 1491 785 οὐκ
1527 732 1754 804 ἀσήμων
1775 749 1870 803 γε·

300 809 504 879 ρόντων
558 812 637 874 είς
680 814 830 883 ἡμᾶς
859 814 1282 889 διαφοιτῆσαντα
1327 822 1453 893 περὶ
1493 823 1682 876 τούτου
1715 823 1871 892 λόγον

301 902 503 973 μᾶλλον
527 903 878 976 ἀποδέχομαι,
919 909 984 962 ὲκ
1020 909 1127 963 τῶν
1164 911 1258 965 τοῦ
1310 913 1515 986 ὑψηλοῦ
1553 916 1870 972 Ἀποστόλου

298 995 562 1065 ῥημάτων
591 994 993 1070 βεϐαιούμενον,
1016 1001 1107 1056 τὸν
1140 1002 1360 1059 πλείονα
1388 1006 1578 1079 χρόνον
1602 1010 1660 1061 ὲν
1694 1026 1871 1079 παρα-

294 1085 460 1159 δείσῳ
511 1090 797 1163 μακαρίως
841 1091 1003 1164 ζῆσαι
1050 1094 1141 1149 τὸν
1184 1098 1505 1172 προπάτορα
1548 1101 1724 1173 ήμῶν.
1777 1099 1872 1156 Ἐκ

298 1178 591 1250 προσώπου
621 1183 729 1254 γάρ
767 1184 932 1239 αὐτοῦ
970 1187 999 1239 ὁ
1048 1185 1190 1251 θεῖος
1233 1189 1549 1256 Ἀπόστολος
1579 1193 1871 1267 διαρρήδην

298 1269 418 1341 βοᾷ,
465 1272 611 1344 Ἐγὼ
638 1274 707 1328 δὲ
740 1275 887 1338 ἕξων
914 1278 1092 1349 χωρὶς
1122 1282 1312 1352 νόμου
1349 1284 1513 1340 ποτέ.
1541 1286 1655 1340 οὐκ
1680 1287 1786 1358 ἄρα
1814 1287 1871 1340 δὲ

294 1363 510 1430 Παῦλος
540 1369 857 1442 προϋπῆρχε
881 1370 974 1425 τοῦ
1005 1371 1190 1445 νόμου,
1216 1375 1246 1428 ὁ
1272 1374 1498 1447 ἔσχατος
1527 1377 1744 1432 πάντων
1764 1379 1872 1433 τῶν

293 1456 392 1510 τοῦ
420 1457 582 1529 νόμου
611 1462 899 1533 φιτητῶν,
921 1464 1029 1520 οὐδ’
1050 1460 1118 1522 αὖ
1145 1466 1305 1523 πάλιν
1328 1471 1497 1541 χωρὶς
1524 1469 1715 1523 τούτου
1741 1471 1870 1524 ποτὲ

295 1549 463 1622 νόμου
492 1546 613 1624 ἦνῆ
645 1553 881 1623 ἐγένετο.
917 1559 1028 1613 Καὶ
1054 1559 1164 1633 γὰρ
1208 1562 1269 1616 τὸ
1297 1562 1626 1632 Εὑαγγέλιον
1665 1563 1871 1635 κηρύτ-

292 1656 404 1693 των
432 1640 530 1704 τὰς
553 1642 783 1713 νομικὰς
816 1649 1119 1720 μαρτυρίας
1140 1650 1314 1724 πάντη
1343 1653 1727 1725 παρατίθησιν,
1757 1651 1870 1705 ἀλλ’

293 1732 361 1786 ὲκ
392 1733 682 1805 προσώπου
707 1736 800 1790 τοῦ
846 1739 1015 1811 Ἀδάμ
1040 1741 1441 1815 ἀποδυρόμενος
1469 1745 1693 1808 εἰκότως
1714 1786 1728 1809 ,
1766 1762 1869 1817 φη-

294 1825 412 1890 σὶν,
460 1825 606 1910 Ἐγὼ
633 1826 702 1881 δὲ
725 1827 870 1890 ἔζων
894 1834 1075 1902 χωρίς
1104 1836 1293 1905 νόμου
1324 1837 1488 1891 ποτέ.
1524 1838 1864 1910 Σαφέστερον

291 1916 352 1970 δὲ
380 1904 617 1991 παριστᾷ
645 1920 710 1974 ἐκ
739 1922 1029 1994 προσώπου
1051 1925 1141 1980 τοῦ
1168 1904 1338 1999 Ἇδὰμ
1358 1928 1531 1983 ταῦτα
1555 1904 1692 2001 βοῶν
1711 1947 1725 1961 ο
1752 1904 1866 1983 λευ-

292 2009 474 2064 καίνει
498 2011 561 2064 τὸ
584 2011 782 2084 νόημα,
810 2016 910 2071 οὐκ
932 2017 1011 2072 ἔτι
1040 2019 1202 2091 νόμον
1231 2020 1346 2074 ἀλλ’
1375 2022 1593 2096 ἐντολὴν
1619 2024 1863 2095 φάσκων,

290 2099 396 2172 τὴν
413 2099 656 2157 δοθεῖσαν
678 2102 758 2175 τῷ
798 2105 967 2176 ’Δδὰμ
985 2106 1224 2179 δηλονότι
1245 2123 1262 2140 ⁸
1301 2111 1636 2181 Ἐλθούσης
1662 2112 1731 2166 δὲ
1757 2113 1869 2181 τῆς

288 2188 552 2257 ἐντολῆς
571 2232 587 2256 ,
621 2191 819 2246 ὡσανεὶ
866 2193 1111 2269 δοθείσης
1133 2239 1147 2261 ,
1176 2200 1215 2267 ἡ
1258 2199 1513 2271 ἁμαρτία
1542 2200 1865 2272 ἀνέζησενο

288 2279 410 2352 ἐγὼ
431 2280 501 2336 δὲ
522 2282 845 2351 ἀπέθανον,
878 2288 1030 2359 φησὶ,
1058 2292 1123 2361 τῇ
1158 2290 1245 2344 διὰ
1282 2294 1566 2366 παρακοῆς
1596 2294 1869 2349 ὲκπτώσει

287 2373 393 2443 τῆς
418 2375 696 2447 μακαρίας
722 2378 894 2450 ζωῆςο
924 2380 1000 2445 ὡς
1043 2381 1199 2453 δῆλον
1239 2383 1506 2457 ὑπάρχειν
1525 2424 1541 2449 ,
1568 2385 1644 2459 μὴ
1671 2387 1870 2442 αὐτίκα

288 2464 392 2519 τοῦ
420 2467 671 2535 γενέσθαι
710 2471 803 2524 τὸν
846 2472 1014 2544 Ἀδὰμ
1034 2515 1047 2538 ,
1088 2474 1304 2547 δοθῆναι
1332 2477 1431 2549 τὴν
1468 2478 1709 2552 ἐντολὴν,
1732 2479 1869 2535 ἀλλὰ

292 2558 440 2628 μετά
468 2576 586 2613 τινα
614 2561 822 2632 χρόνον,
853 2564 1106 2636 ἀόριστον
1141 2567 1218 2623 δέ.

1720 336 2066 399 DIALOGUS.
2102 340 2192 397 Ill.

3391 341 3529 399 10H

1973 467 2209 513 aeternus
2243 472 2489 512 manens.
2523 455 2629 512 Pro
2672 457 2942 513 damnatis
2973 458 3261 514 damnatus
3309 468 3392 514 est
3437 473 3534 516 sua

1971 534 2197 618 sponte,
2224 532 2483 619 tanquam
2516 548 2658 603 Deus
2702 557 2757 604 et
2783 549 2925 604 idem
2958 549 3138 603 homo.
3172 547 3536 614 Quemadmo-

1970 640 2097 694 dum
2153 642 2317 712 igitur
2359 642 2481 697 felle
2530 652 2718 711 pastus
2777 650 2934 698 aceto
2987 642 3228 713 rigatur,
3275 641 3395 710 ejus
3428 640 3534 694 cibi

1970 744 2132 785 causa
2183 746 2343 800 quem
2402 731 2646 787 Adamns
2695 741 3047 804 sumpserat,
3088 732 3217 786 dum
3271 731 3438 786 homo
3480 731 3534 785 in

1970 822 2149 876 divina
2183 831 2373 879 natura
2401 824 2547 879 illius
2571 824 2747 879 debita
2770 825 3056 895 dependit:
3088 825 3160 879 ita
3189 824 3321 877 mihi
3346 824 3535 877 viden-

1970 924 2059 968 tur
2094 926 2148 969 et
2177 917 2230 970 hi
2260 917 2619 988 quadraginta
2655 917 2772 973 dies
2817 934 2917 988 pro
2952 917 3171 972 totidem
3207 916 3397 971 diebus
3443 931 3536 970 rc-

1971 1007 2151 1076 pendi.
2186 1006 2289 1062 Sed
2324 1017 2499 1063 tatnen
2556 1024 2655 1080 pro
2704 1009 2918 1063 illorum
2965 1024 3192 1064 numero
3216 1010 3432 1063 senario
3481 1016 3536 1064 et

1971 1112 2093 1151 meo
2122 1099 2572 1169 quadragenario,
2600 1099 2893 1170 profectam
2925 1100 2989 1154 ad
3018 1115 3119 1154 nos
3152 1116 3179 1152 a
3208 1099 3531 1168 quibusdam

1971 1191 2111 1244 haud
2140 1192 2390 1247 obscuris
2417 1192 2639 1248 senibus
2660 1192 2728 1247 de
2763 1194 2866 1247 hoc
2895 1193 3185 1252 rationem.
3214 1193 3371 1262 cujus
3411 1191 3535 1245 fun-

1971 1282 2502 1353 damentnm,eximii
2539 1285 2781 1355 Apostoli
2817 1286 2995 1340 verbis
3026 1284 3254 1350 nititur,
3292 1283 3535 1353 recipere

1972 1374 2153 1442 malo;
2189 1375 2335 1445 quod
2371 1375 2629 1431 nimirum
2686 1376 2931 1446 longiore
2964 1374 3223 1447 temporis
3271 1375 3446 1445 spatio
3478 1375 3531 1429 in

1970 1466 2227 1535 paradiso
2255 1467 2412 1523 beate
2441 1468 2651 1537 primus
2689 1468 2777 1522 ille
2827 1483 3024 1537 parens
3080 1476 3264 1521 noster
3312 1466 3528 1521 vixerit.

1970 1560 2106 1616 Nam
2143 1562 2197 1616 in
2229 1562 2349 1632 ejus
2380 1579 2614 1632 persona
2658 1562 2818 1617 divus
2848 1562 3139 1632 Apostolus
3181 1570 3363 1634 aperte
3417 1559 3533 1615 cla-

1970 1666 2086 1711 mat
2125 1677 2139 1711 :
2181 1656 2299 1727 Ego.
2324 1674 2441 1711 vero
2477 1658 2709 1711 vivebam
2763 1657 2954 1725 absque
2991 1654 3100 1723 lege
3149 1653 3435 1722 aliquando
3462 1652 3530 1707 ".

1971 1748 2089 1803 Non
2116 1749 2217 1803 l’nit
2245 1749 2433 1819 utique
2453 1748 2657 1802 Paulus
2686 1758 2812 1803 ante
2837 1748 3026 1817 legem,
3047 1746 3138 1814 qui
3164 1744 3266 1798 fuit
3289 1744 3533 1797 omnium

1972 1840 2364 1911 discipulorum
2417 1839 2550 1910 legis
2611 1847 2939 1908 postremus.
3005 1836 3187 1906 Neque
3246 1836 3371 1888 item
3440 1834 3538 1888 ali-

1968 1932 2187 2002 quando
2218 1932 2425 2002 absque
2458 1931 2560 1985 hac
2596 1942 2710 1985 erat
2750 1940 2844 1983 aut
2878 1930 2995 1982 fuit.
3023 1928 3159 1981 Nam
3191 1937 3244 1982 et
3295 1924 3538 1996 Evange-

1964 2025 2100 2079 linm
2132 2025 2433 2095 praedicans
2463 2024 2655 2095 legalia
2689 2024 2997 2079 testimonia
3032 2022 3235 2091 ultique
3272 2020 3532 2074 adducit:

1973 2117 2232 2171 nimirum
2290 2116 2343 2170 in
2392 2116 2585 2171 Adami
2637 2131 2868 2186 persona
2929 2116 3121 2170 merito
3159 2113 3534 2185 conqueritur,

1970 2210 2190 2264 dicens:
2232 2207 2347 2279 Ego
2400 2224 2517 2262 vero
2565 2208 2791 2262 vivebam
2847 2209 3039 2278 absque
3076 2208 3184 2278 lege
3229 2206 3536 2278 aliquando.

1973 2297 2317 2354 Manifestius
2383 2310 2562 2354 autem
2627 2297 2869 2354 declarat
2917 2298 3031 2354 haec
3087 2298 3140 2352 in
3196 2311 3425 2367 persona
3480 2309 3541 2351 se

1972 2389 2169 2444 Adami
2197 2388 2441 2460 proferre
2461 2428 2476 2452 ,
2507 2404 2630 2444 cum
2658 2390 2725 2443 ad
2759 2389 3140 2444 illustrandum
3192 2387 3387 2440 horum
3419 2399 3539 2438 ver-

1973 2479 2167 2535 borum
2202 2481 2529 2535 intellectum
2555 2519 2570 2545 ,
2624 2495 2731 2535 non
2773 2480 3007 2550 amplius
3056 2477 3181 2534 inde
3213 2478 3415 2547 legem,
3442 2475 3538 2530 sed

1971 2579 2298 2643 praeceptum
2330 2582 2489 2627 vocat
2528 2571 2676 2653 quod
2730 2571 2943 2626 Adamo
2988 2570 3173 2625 datum
3229 2578 3382 2634 erat,
3422 2567 3539 2621 haec

290 2666 491 2722 nempe
513 2654 809 2726 subjiciens
840 2674 854 2712 :
892 2658 1138 2715 Veniente
1158 2678 1284 2718 vero
1302 2664 1553 2719 mandato
1576 2663 1755 2736 (quasi
1781 2664 1947 2733 dicat,
1984 2666 2161 2738 dato),
2185 2675 2455 2736 peccatum
2476 2667 2665 2721 revixit
2689 2682 2709 2731 ,'
2744 2681 2835 2737 ego
2865 2673 3040 2721 autem
3072 2672 3307 2717 mortuus
3331 2678 3448 2717 sum
3465 2663 3535 2726 ’⁸,

287 2745 546 2803 videlicet
575 2765 673 2821 per
691 2752 1114 2810 inobedientiam
1145 2757 1447 2814 exeidendo
1475 2759 1634 2815 beata
1658 2760 1789 2816 vita.
1814 2759 1892 2817 De
1923 2778 2033 2832 quo
2052 2762 2166 2832 jam
2201 2762 2549 2833 perspicuum
2577 2771 2678 2828 est,
2721 2775 2828 2815 non
2870 2775 2999 2815 mox
3029 2768 3191 2830 atque
3219 2757 3393 2813 factus
3424 2763 3541 2812 erat

291 2841 562 2905 Adamus.
597 2857 927 2918 praeceptum
959 2849 1147 2905 datum
1173 2852 1366 2919 fuisse,
1397 2854 1493 2910 sed
1522 2863 1646 2925 post
1666 2855 1886 2927 aliquod
1918 2866 2153 2928 tempus,
2184 2857 2326 2928 quod
2350 2866 2531 2912 tamen
2556 2855 2780 2912 minime
2803 2855 3081 2912 deﬁnitum
3114 2854 3398 2908 habemus.

375 2939 834 3023 Ωξιωβεᾳιιιιηηιν,
859 2961 1021 3023 usqtte
1037 2948 1112 3023 ad
1131 2950 1505 3019 interrogantis
1530 2967 1767 3020 personae
1787 2952 1964 3018 verba,
1993 2970 2094 3007 non
2112 2953 2334 3009 Cwsarii
2359 2953 2604 3016 sunt,sed
2621 2951 2860 3023 Gregorii
2877 2949 3126 3023 Nysseni,
3149 2950 3377 3023 amici_et
3406 2964 3541 3003 eoa:-

301 3018 450 3096 ιαηςξ
480 3018 585 3096 θῆρε
604 3029 623 3066 -'
655 3018 854 3096 inserta
884 3019 1007 3096 huic
1027 3018 1163 3096 libro
1188 3037 1281 3096 per
1304 3018 1555 3096 aliquem,
1586 3024 1674 3096 qui
1709 3039 1820 3096 sna!
1845 3026 2111 3078 memoria
2135 3025 2402 3079 consulere
2426 3024 2672 3096 vellet.et
2696 3018 2801 3076 uno
2823 3018 2949 3096 loco
2975 3020 3541 3096 duorum‘scriptoram

299 3082 671 3167 explicationes
695 3087 903 3167 ξαίνει-ε.
927 3082 1371 3167 Depreltendimue
1385 3082 1701 3167 _'comim'_ilia
1721 3093 1960 3167 deinceps
1973 3111 2189 3167 quoque
2210 3110 2503 3167 occurrere,
2524 3093 2612 3167 ubi
2638 3093 2860 3167 Magnis
2883 3091 3036 3155 locis,
3053 3082 3394 3167 geminatae
3412 3091 3542 3167 sint,

298 3154 670 3237 indicabimus.
700 3154 833 3213 Sunt
875 3154 1050 3214 autem
1079 3160 1190 3216 haec
1227 3161 1489 3233 descripta
1527 3181 1555 3219 e
1592 3164 1729 3219 libro
1754 3154 2010 3235 Nysseni,
2040 3154 2130 3237 qui
2156 3177 2233 3221 est
2258 3165 2332 3220 De
2362 3154 2599 3219 hominis
2632 3161 2869 3234 opiﬁcio,
2896 3154 3133 3232 οαρέῐθ,
3162 3158 3252 3225 20,
3283 3160 3372 3214 sed
3406 3159 3543 3212 mul-

296 3238 415 3284 tum
442 3228 668 3282 variant.

384 3319 449 3377 Ἥ
477 3318 687 3374 δοθεῖσα
728 3320 915 3392 ἐντολὴ
959 3322 1017 3375 ὲν
1045 3322 1361 3394 παραδείσῳ
1404 3322 1484 3394 τῷ
1516 3324 1688 3397 Ἀδάμ
1719 3325 1872 3399 παρὰ

294 3410 395 3465 τοῦ
419 3411 575 3476 Θεοῦ,
602 3412 731 3485 περὶ
756 3412 857 3482 τῆς
879 3414 942 3467 ὲκ
964 3412 1060 3467 τοῦ
1087 3412 1285 3481 παντὸς
1309 3412 1464 3478 ξύλου
1497 3416 1879 3488 μεταλήψεως,

297 3505 400 3559 καὶ
432 3506 531 3578 τῆς
551 3505 760 3577 ἀποχῆς
783 3505 877 3560 τοῦ
907 3505 1062 3572 ξύλου
1085 3505 1179 3560 τοῦ
1207 3508 1657 3579 ἀπηγορευμένου
1678 3524 1692 3539 ο
1722 3506 1877 3562 τοῦτό

296 3599 422 3652 ἐστι
471 3597 532 3652 τὸ
582 3597 734 3664 ξύλον
768 3599 830 3653 τὸ
882 3598 1272 3671 περιληπτικὸν
1317 3599 1517 3663 παντὸς
1547 3598 1751 3668 ἀγαθοῦ
1774 3638 1790 3665 ,
1834 3593 1879 3670 ᾧ

298 3687 479 3759 ὄνομά
503 3689 619 3741 ἐστι
649 3687 709 3741 τὸ
734 3690 861 3743 πᾶν.
895 3688 1035 3744 Αὐτό
1086 3691 1203 3743 ἐστι
1250 3689 1313 3743 τὸ
1351 3688 1518 3752 ὅντως
1554 3686 1614 3742 ὃν
1653 3686 1876 3757 ἀγαθὸν,

298 3779 437 3850 περὶ
485 3771 545 3833 οῦ
575 3780 737 3833 Δαεὶδ
782 3778 962 3849 λέγει,
997 3779 1470 3850 Κατατρύςρησον
1502 3778 1608 3833 τοῦ
1634 3778 1878 3848 Κυρίου·

300 3869 560 3941 Σολομὼν
592 3870 650 3924 δὲ
680 3870 776 3942 τὴν
792 3870 1015 3941 Σοφίαν,
1042 3870 1163 3945 ἥτις
1192 3873 1339 3926 ἐστὶν
1374 3873 1404 3925 ὁ
1428 3870 1652 3944 Κύριος,
1690 3870 1881 3936 ξύλον

303 3961 461 4032 ζωῆς
496 3962 792 4033 ὀνομάζων.
839 3962 1048 4018 Οὐκοῦν
1081 3963 1276 4019 ταύτόν
1314 3965 1462 4017 ἐστιν
1498 3963 1559 4016 τὸ
1598 3961 1699 4034 τῆς
1735 3961 1881 4032 ζωῆς

304 4048 468 4114 ξύλον
489 4049 566 4120 τῷ
590 4050 713 4107 πᾶν
744 4050 954 4118 ξύλον,
978 4043 1039 4105 οῦ
1070 4051 1167 4123 τὴν
1199 4051 1401 4123 βρῶσιν
1432 4052 1461 4105 ό
1499 4051 1630 4115 Θεὸς
1654 4052 1882 4123 προτρέ-

306 4159 494 4197 πεται.
540 4143 882 4217 Ἀντιδιαιρεῖ
908 4145 964 4198 δὲ
991 4144 1163 4215 τούτῳ
1207 4144 1269 4198 τὸ
1312 4144 1496 4217 ἕτερον
1525 4142 1678 4210 ξύλον
1702 4184 1717 4208 ,
1754 4139 1815 4199 οῦ
1847 4144 1880 4216 ἡ

307 4234 516 4308 βρῶσις
543 4237 643 4290 οὐκ
684 4238 990 4303 ίδιαζόντως
1026 4237 1193 4292 καλοῦ
1241 4238 1275 4311 ῆ
1320 4236 1493 4294 κακοῦ
1519 4278 1534 4304 ,
1569 4236 1705 4291 ἀλλὰ
1748 4237 1883 4309 σύμ-

308 4347 508 4401 μικτος
531 4347 546 4361 ·
583 4330 651 4402 ἢν
675 4330 871 4385 κωλύει
909 4331 1004 4402 μὲν
1030 4331 1271 4404 άρχηγδς
1302 4332 1401 4404 τῆς
1425 4326 1571 4402 ζωῆς
1592 4370 1607 4396 ,
1645 4330 1884 4402 συμϐου-

303 4421 458 4475 λεύει
486 4422 543 4476 δὲ
581 4423 609 4475 ό
663 4422 816 4493 ὄφις,
861 4423 946 4477 ἵνα
996 4423 1073 4494 τῷ
1125 4424 1337 4496 θανάτῳ
1373 4424 1756 4497 κατασκευάσῃ
1787 4422 1885 4495 τὴν

307 4513 536 4568 εἴσοδον.
566 4513 947 4586 Συμμέμικται
975 4514 1030 4568 δὲ
1059 4515 1147 4570 διά
1178 4516 1286 4569 τῶν
1323 4516 1578 4571 ἐναντίων
1611 4517 1641 4569 ό
1675 4513 1888 4586 καρπὸς

305 4605 409 4659 τοῦ
456 4606 903 4677 ἀπηγορευμένου
938 4604 1095 4673 ξύλου
1134 4592 1274 4659 κατὰ
1311 4603 1502 4659 τοῦτον
1545 4604 1636 4660 τὸν
1686 4603 1843 4672 λόγον
1865 4617 1881 4632 ⁸

305 4700 399 4753 ὅτι
424 4698 487 4751 οὐ
522 4698 723 4769 γυμνὸν
768 4699 1053 4771 πρόκειται
1097 4698 1158 4751 τὸ
1209 4699 1378 4753 κακὸν
1414 4682 1566 4754 ’κατὰ
1612 4698 1710 4771 τὴν
1745 4697 1880 4752 ἰδίαν

308 4792 480 4863 φύσιν
519 4792 871 4863 φαινόμενον-
905 4787 941 4865 ἦ
980 4792 1087 4865 γὰρ
1117 4792 1397 4864 ἄπρακτος
1443 4792 1510 4848 ἂν
1545 4787 1613 4864 ἦν
1650 4793 1683 4862 ἡ
1715 4789 1887 4844 κακία

312 4883 511 4957 μηδενὶ
550 4886 900 4956 κεχρωσμένη
930 4883 1080 4956 καλῷ
1125 4884 1202 4956 τῷ
1234 4884 1579 4956 ἐφελκομένῳ
1618 4878 1713 4932 τὸν
1747 4883 1886 4936 άπα-

307 4973 556 5045 τὼμενον
594 4975 728 5045 πρὸς
770 4976 1062 5048 ἐπιθυμίαν
1108 4976 1295 5031 αὑτοῦ.
1331 4975 1446 5029 Νῦν
1477 4975 1535 5028 δὲ
1582 4972 1883 5043 σύμμικτός

310 5070 468 5124 ιστιν
494 5069 552 5121 ἐν
577 5068 655 5140 τῷ
690 5066 839 5140 βάθει
862 5070 952 5124 τὸν
1001 5068 1381 5142 κεκρυμμένον
1411 5066 1629 5138 ὄλεθρον
1665 5064 1881 5137 ἔχουσα,

312 5164 378 5217 ιν
403 5162 461 5215 δὲ
484 5164 550 5233 τῇ
584 5161 725 5215 κατὰ
761 5161 822 5215 τὸ
852 5162 1173 5232 φαινόμενον
1198 5159 1382 5234 ἀπάτῃ
1409 5153 1573 5211 καλοῦ
1604 5174 1726 5210 τινα
1748 5172 1884 5225 φαν-

311 5252 512 5306 τασίαν
538 5251 1023 5324 παραδεικνύουσα.
1051 5249 1207 5305 Οὕτω
1234 5249 1303 5303 τά
1334 5247 1705 5321 ἁμαρτήματα
1735 5246 1889 5314 ἐγκε-

314 5344 644 5418 κρυμμένην
676 5343 866 5415 ἔχοντα
895 5344 993 5415 τὴν
1018 5341 1331 5415 διαφθορὰν,
1355 5342 1546 5415 αἱρετά
1565 5342 1677 5402 τοῖς
1699 5339 1884 5392 ἀνεπι-

318 5437 579 5501 σκέπτοις
640 5437 886 5506 γίνεται,
936 5439 1049 5491 ἀντ’
1102 5435 1305 5506 ἀγαθοῦ
1372 5435 1760 5499 σπουδάζουσιν
1826 5432 1886 5497 ἐξ

314 5531 539 5603 ἀπάτης
562 5571 578 5597 ,
607 5531 702 5584 καὶ
728 5531 820 5585 ἐπὶ
847 5529 906 5584 τὸ
933 5528 1092 5583 καλὸν
1125 5530 1174 5584 oi
1222 5526 1405 5581 πολλοὶ
1441 5528 1499 5580 ἐν
1539 5525 1618 5597 τῷ
1668 5525 1765 5589 τὰς
1801 5525 1886 5577 αί-

321 5624 547 5696 «et;qu
593 5622 950 5698 εὐφραίνοντα
986 5625 1283 5704 ’κρίνουσι,
1312 5617 1529 5690 καὶτῆς
1570 5617 1883 5689 ὁμωνύμου,

2050 3328 2219 3383 Porro
2256 3326 2442 3382 datum
2497 3324 2628 3380 illud
2662 3324 2870 3380 Adamo
2919 3331 3250 3395 praeceptum
3292 3323 3345 3377 in
3380 3338 3541 3393 para-

1974 3419 2094 3475 diso
2116 3418 2397 3483 divinitus,
2433 3416 2716 3487 spectabat
2747 3414 3063 3471 iruitionem
3089 3414 3268 3469 omnis
3308 3415 3462 3484 ligni,
3491 3422 3546 3469 et

1975 3511 2357 3568 abstinentiam
2392 3524 2422 3563 a
2457 3509 2601 3578 ligno
2627 3507 2814 3564 vetito.
2846 3506 2961 3562 Hoc
3002 3506 3133 3561 illud
3178 3516 3262 3562 est
3312 3507 3540 3575 lignum,

1977 3602 2123 3674 quod
2152 3599 2531 3670 complectitur
2567 3612 2731 3653 omne
2761 3598 2961 3652 bonum
2987 3639 3003 3664 ,
3053 3598 3140 3652 cui
3195 3613 3389 3651 nomen
3439 3606 3543 3663 est,

1976 3705 2156 3746 omne.
2191 3689 2306 3745 Hoc
2334 3691 2592 3745 nimirum
2635 3689 2768 3744 illud
2804 3705 2927 3745 vere
2954 3689 3157 3743 bonum
3187 3696 3303 3753 est,
3337 3689 3404 3742 de
3435 3705 3559 3759 quo

1976 3780 2205 3837 Davides
2262 3779 2476 3850 inquit:
2514 3777 2789 3835 Oblectare
2841 3778 3141 3833 inDomino
3173 3780 3240 3831 ”.
3288 3777 3355 3832 Et
3387 3778 3547 3833 Solo-

1977 3887 2106 3928 mon
2129 3913 2143 3935 ,
2177 3871 2512 3941 Sapientiam
2540 3912 2555 3936 ,
2586 3885 2708 3940 qum
2736 3878 2821 3926 est
2847 3863 3112 3924 Dominus
3135 3909 3150 3935 ,
3181 3869 3381 3940 lignum
3426 3873 3546 3924 vita:

1980 3965 2304 4022 nominat".
2344 3963 2574 4018 Proinde
2606 3964 2746 4017 idem
2773 3972 2859 4019 est
2890 3977 3014 4017 cum
3056 3962 3203 4032 ligno
3239 3962 3359 4015 vitae
3388 3960 3559 4026 illud,

1984 4052 2149 4110 Omne
2174 4053 2369 4123 lignum
2396 4052 2465 4116 ’⁷,
2498 4053 2563 4106 ad
2592 4051 2748 4122 cujus
2779 4051 3097 4106 fruitioncm
3126 4050 3268 4106 Deus
3292 4051 3547 4106 exhorta-

1979 4157 2090 4203 tur.
2110 4146 2188 4200 Ex
2218 4145 2467 4217 opposito
2484 4160 2616 4202 vero
2635 4144 2896 4201 discernit
2916 4144 2984 4198 ab
3011 4143 3114 4198 hoc
3142 4143 3283 4197 aliud
3317 4144 3551 4214 lignum,

1982 4238 2139 4307 cujus
2190 4237 2374 4292 l‘rnitio
2402 4253 2535 4292 ‘non
2567 4247 2650 4293 est
2703 4236 2921 4307 proprie
2960 4235 3085 4290 boni
3140 4236 3219 4290 vel
3271 4220 3421 4302 mali,
3450 4235 3553 4290 sed.

1982 4331 2305 4386 commista:
2354 4345 2519 4401 quam
2552 4328 2803 4401 prohibet
2838 4328 3058 4399 quidem
3105 4328 3357 4398 princeps
3401 4327 3544 4394 vitae,

1984 4422 2174 4477 suadet
2202 4437 2330 4478 vero
2359 4437 2584 4492 serpens
2627 4429 2687 4475 ut
2727 4422 2884 4475 morti
2912 4420 3116 4474 aditum
3157 4430 3325 4491 paret.
3354 4419 3548 4476 Mistus

1984 4524 2069 4570 est
2104 4523 2286 4570 autem
2320 4529 2416 4585 per
2451 4513 2724 4569 contraria
2775 4514 2986 4569 fructus
3044 4513 3183 4584 ligni
3229 4512 3411 4575 vetiti,
3444 4512 3551 4568 hac

1983 4608 2218 4668 ratione,
2252 4606 2396 4676 quod
2439 4622 2543 4659 non
2580 4608 2725 4662 nude
2769 4606 2929 4661 nobis
2957 4606 3292 4676 propositum
3319 4615 3400 4659 est
3428 4619 3548 4658 ma-

1987 4698 2099 4753 lum
2132 4696 2430 4753 secundum
2461 4695 2735 4766 propriam
2788 4704 3035 4750 naturam
3082 4707 3382 4763 apparens;
3424 4707 3546 4745 nam

1987 4792 2143 4846 irrita
2168 4790 2309 4846 foret
2342 4791 2587 4855 malitia,
2621 4789 2772 4843 nullo
2801 4788 3038 4843 colorata
3071 4786 3242 4851 bono,
3270 4783 3413 4853 quod
3444 4783 3548 4836 ho-

1986 4884 2190 4939 minem
2221 4883 2502 4951 deceptum
2531 4880 2600 4935 ad
2628 4878 3121 4949 concupiscentiam
3145 4876 3229 4931 sui
3254 4875 3545 4946 pelliceret.

1988 4975 2147 5031 Nunc
2172 4983 2352 5028 antem
2384 4974 2545 5029 mista
2576 4982 2686 5039 est,
2717 4973 2771 5027 in
2797 4970 2966 5025 fundo
3006 4970 3214 5024 habens
3264 4968 3553 5023 abscondi-

1987 5076 2097 5121 tam
2136 5066 2427 5135 pcrniciem
2452 5106 2466 5131 ,
2501 5064 2554 5118 in
2587 5071 2880 5133 apparente
2933 5074 3061 5116 vero
3103 5068 3256 5130 parte
3311 5058 3549 5129 speciem

1985 5155 2278 5228 quamdam
2310 5155 2437 5210 boni
2468 5161 2770 5211 ostentans.
2800 5151 2876 5207 ita
2902 5162 3122 5223 peccata
3156 5150 3428 5207 occultum
3476 5149 3552 5202 in-

1986 5249 2209 5303 teritum
2265 5248 2405 5302 intra
2433 5261 2491 5301 se
2534 5244 2818 5309 habentia,
2859 5245 3092 5300 incautis
3142 5252 3360 5313 accepta
3391 5241 3549 5305 tiunt,

1989 5338 2235 5395 studiose
2261 5345 2520 5407 usurpata
2552 5351 2651 5407 pro
2673 5337 2814 5392 bono
2838 5352 2902 5390 ex
2935 5336 3250 5406 deceptione
3274 5350 3289 5387 :
3336 5343 3388 5388 et
3411 5333 3553 5386 inter

1990 5431 2133 5489 bona
2174 5428 2325 5485 multi
2358 5443 2479 5500 qua:
2524 5442 2719 5483 sensus
2745 5428 3082 5491 exhilarant,
3116 5426 3384 5481 referunt:
3425 5437 3553 5493 pro-

1990 5532 2110 5593 pter
2132 5524 2571 5579 communionem
2596 5520 2850 5583 nominis,
2884 5529 2997 5574 tum
3024 5520 3144 5588 ejus
3167 5516 3306 5588 quod
3338 5531 3396 5571 rc
3424 5531 3552 5569 vera

1993 5616 2195 5672 bonum
2225 5622 2339 5681 est,
2370 5622 2484 5670 tum
2532 5611 2677 5685 quod
2731 5612 2933 5666 bonum
2978 5625 3099 5665 esse
3150 5618 3387 5679 putatur.
3415 5606 3548 5675 Qua~

399 5766 444 5798 ²³
486 5762 641 5819 Rern.
682 5776 780 5826 vn,
813 5761 870 5817 9.
942 5760 986 5792 “
1026 5756 1154 5814 ibid.
1189 5760 1244 5823 9,
1287 5757 1372 5813 ιο.
1448 5757 1495 5791 ⁸⁵
1532 5754 1676 5812 Psal.
1732 5770 1873 5812 xxxv

1977 5753 2024 5811 ι.
2102 5754 2147 5787 ²⁶
2185 5749 2350 5811 Prov.
2390 5767 2473 5819 nt,
2521 5750 2607 5808 l8.
2688 5751 2731 5783 "
2771 5748 2905 5806 Gen.
2949 5764 3009 5815 ιι,
3049 5747 3134 5804 lli.
