4048 6222
591 302 730 361 1015

591 429 811 494 propter
834 428 942 475 tam
975 420 1042 475 ad
1076 422 1276 476 malum
1301 438 1464 493 quam
1498 423 1565 479 ad
1610 424 1814 480 bonum
1853 425 1997 481 facta
2024 442 2156 482 con-

591 512 945 582 cupiscentia.
998 511 1126 567 boni
1177 522 1231 567 et
1283 514 1409 568 mali
1455 515 1692 585 cegnitio
1743 516 2023 571 nominata
2053 528 2154 572 est.

592 603 777 672 Neque
799 602 1044 657 absolute
1076 604 1274 658 malum
1301 604 1519 670 dicitur,
1551 622 1615 661 eo
1659 607 1803 677 quod
1835 608 1977 662 bono
2006 624 2161 663 orna-

593 703 705 749 tum
735 695 823 758 sit,
858 710 1034 765 neque
1066 710 1200 764 pure
1224 696 1530 762 bonum,eo
1558 699 1701 767 quod
1730 699 1925 753 subtus
1954 701 2156 755 malum

594 786 663 839 sit
692 787 1091 841 absconditum.
1120 785 1253 840 Nam
1288 789 1432 857 quod
1472 804 1595 843 vere
1634 790 1833 844 bonum
1881 800 1998 856 est,
2028 792 2156 845 sini-

592 878 710 945 plex
742 886 859 941 est;
899 879 1099 931 malum
1128 889 1330 945 autem,
1360 880 1570 933 varium
1594 920 1609 944 ,
1653 882 1781 935 dum
1818 883 1963 935 aliud
1995 894 2157 951 atque

591 967 735 1020 aliud
767 977 981 1035 putatur
1002 1008 1017 1032 ,
1050 977 1101 1021 et
1132 985 1223 1037 per
1252 970 1637 1037 experientiam
1676 972 1820 1025 aliud
1852 974 2154 1042 depreltem

592 1058 755 1110 ditur.
793 1057 1079 1127 Propterea
1128 1060 1367 1113 ostendit
1414 1077 1637 1131 serpens
1683 1079 1907 1132 pravum
1949 1064 2155 1134 peccati

591 1149 824 1204 fructum
856 1188 871 1212 ,
910 1166 1015 1203 non
1062 1160 1367 1205 monstrato
1401 1152 1684 1209 manifeste
1734 1156 1911 1220 malo,
1953 1158 2094 1211 sicut
2124 1172 2155 1210 a

592 1254 782 1297 natura
832 1245 1084 1299 habebat.
1138 1248 1290 1301 Alias
1336 1250 1482 1303 enim
1533 1252 1695 1307 homo
1745 1254 1978 1308 evidenti
2014 1254 2155 1309 malo

590 1336 850 1403 deceptus
892 1352 997 1391 non
1053 1337 1263 1394 fuisset.
1319 1338 1502 1410 Itaque
1551 1358 1673 1396 cum
1728 1360 1819 1413 per
1866 1345 2153 1414 quamdam

592 1429 826 1497 speciem
862 1428 913 1483 id
952 1430 1097 1498 quod
1156 1432 1470 1499 apparebat,
1506 1434 1784 1503 splendide
1817 1444 2153 1503 exornasset,

591 1519 731 1589 apud
765 1535 927 1590 quam
960 1520 1119 1576 ﬁdem
1153 1525 1346 1577 mereri
1382 1534 1568 1594 posset
1608 1526 1820 1579 mulieri
1852 1544 1909 1581 se
1936 1528 2154 1597 conspi-

590 1610 839 1663 ciendum
884 1613 1103 1680 prmbet.
1142 1612 1211 1666 Et
1261 1614 1430 1679 vidit,
1480 1616 1657 1685 inquit
1698 1617 1913 1683 Moses,
1969 1621 2155 1673 mulier

588 1703 725 1771 quod
776 1703 963 1755 bonum
1018 1716 1149 1759 esset
1182 1706 1381 1775 lignum
1426 1708 1479 1760 in
1532 1709 1705 1761 cibum
1738 1710 1802 1762 “.
1843 1708 1975 1763 Cum
2028 1726 2153 1765 vero

588 1797 941 1851 manducatio
976 1799 1064 1852 illa
1088 1801 1281 1853 mortis
1310 1798 1381 1853 sit
1424 1809 1598 1854 mater
1640 1799 1777 1854 facta
1806 1841 1820 1865 ,
1855 1801 1933 1855 sic
1955 1810 2038 1855 est
2063 1817 2156 1855 co-

589 1890 757 1959 gnitio
792 1892 917 1944 boni
943 1901 995 1945 et
1029 1892 1157 1946 mali
1186 1892 1394 1963 lignum
1426 1892 1555 1947 illud
1590 1894 1935 1948 nominatum
1964 1934 1978 1958 ,
2008 1893 2153 1963 quod

590 1999 686 2053 per
724 1984 919 2037 malam
951 1984 1287 2039 letiferorum
1336 1986 1785 2055 compositionem
1838 1986 2155 2054 adjuncttmi

589 2075 697 2129 mel
728 2076 948 2137 habuit,
985 2077 1110 2145 quia
1164 2086 1436 2146 quatenus
1462 2077 1679 2145 quidem
1712 2076 1950 2129 suaviter
1997 2075 2159 2129 allicit

589 2181 831 2229 sensum,
850 2167 1049 2220 bonum
1065 2183 1186 2222 esse
1202 2169 1412 2222 videtur
1429 2185 1442 2233 ;
1458 2176 1510 2221 at
1523 2176 1789 2236 quatenus
1808 2166 1980 2235 perdit
1996 2181 2023 2218 a
2036 2180 2043 2215 ι
2056 2168 2157 2219 tin-

590 2270 801 2330 gentem
828 2274 890 2313 ac
911 2258 1201 2319 fruentem,
1222 2275 1445 2328 prorsus
1464 2270 1793 2327 pOSIremum
1822 2260 1878 2311 lit
1903 2258 2127 2312 malum.

973 2347 1491 2403 INTERROGATIO
1546 2347 1780 2402 CXXIII.

654 2446 965 2511 Peccatum,
986 2447 1349 2502 inobedientia
1375 2447 1661 2516 omnisque
1687 2446 1957 2501 vitiositas
1982 2446 2158 2499 nomi-

586 2548 770 2595 natur.
799 2537 939 2592 Ante
970 2536 1239 2592 Adamum
1284 2546 1463 2591 autem
1507 2537 1690 2605 nullus
1719 2536 2002 2591 hominum
2033 2552 2158 2606 pec-

587 2631 756 2692 cavit;
794 2644 969 2697 neque
1002 2629 1145 2683 enim
1198 2637 1335 2684 erat.
1380 2628 1426 2681 Λ
1474 2643 1710 2697 quonam
1752 2627 1915 2697 igitur
1966 2641 2159 2697 perpe-

589 2729 789 2775 tratum
840 2723 1035 2790 prius,
1069 2730 1185 2774 erat
1240 2730 1545 2784 mortuum,
1595 2730 1644 2773 et
1700 2721 1885 2774 revixit
1930 2721 2157 2773 veniente

588 2812 839 2866 mandato
874 2813 956 2865 ἠ
986 2828 1110 2866 nam
1142 2813 1374 2867 duorum
1412 2812 1626 2866 illorum
1665 2812 2031 2867 necessarium
2054 2812 2158 2865 erit

588 2918 849 2976 sequatur
884 2906 1153 2969 alterum;
1190 2913 1283 2958 aut
1321 2914 1559 2959 statuere
1590 2914 1639 2959 te
1675 2904 1878 2973 peccati
1904 2912 2156 2957 naturam

587 2997 879 3066 quamdam
923 3012 1079 3059 esse;
1126 3005 1221 3050 aut
1255 3006 1624 3066 perpetratum
1661 2998 1849 3065 ipsum
1886 2994 2053 3050 fuisse
2090 2995 2158 3049 ab

588 3089 772 3157 aliquo
794 3096 919 3142 ante
952 3088 1241 3141 Adamum.

1196 3172 1507 3239 Responsio.

658 3255 839 3324 Apage
866 3269 990 3308 eum
1020 3253 1257 3309 dictione
1300 3266 1508 3309 natura:
1539 3254 1829 3309 malorum.
1870 3255 2154 3309 Peccatum

587 3348 721 3402 mihi
782 3349 993 3403 videtur
1030 3363 1151 3403 esse
1201 3348 1379 3403 omnis
1427 3350 1691 3403 adversus
1723 3348 1975 3402 virtutem
2018 3348 2156 3401 resi-

588 3442 764 3497 stendi
793 3452 1020 3497 conatus
1070 3451 1123 3495 et
1150 3442 1528 3510 repugnantia.
1573 3439 1626 3493 Id
1656 3450 1835 3495 autem
1886 3441 2009 3495 dico
2043 3441 2159 3495 dia-

588 3533 770 3587 bolum
800 3549 939 3597 essc,
972 3547 1077 3585 non
1120 3541 1333 3594 natura,
1370 3530 1461 3585 sed
1487 3531 1769 3584 voluntate
1803 3530 1867 3583 ad
1918 3531 2155 3586 deterius

586 3641 931 3681 conversum.
976 3624 1107 3677 Nam
1163 3625 1230 3677 ab
1281 3638 1346 3677 eo
1402 3622 1547 3693 quod
1601 3623 1966 3677 calumniatur
2012 3624 2155 3693 apud

586 3718 757 3773 Deum
824 3718 1136 3787 angelorum
1202 3716 1443 3777 choros,
1520 3716 1864 3769 convenienti
1936 3716 2157 3769 nomine

586 3819 815 3865 vocatus
878 3820 960 3865 est
1016 3809 1305 3892 diabolus»,
1356 3823 1479 3862 cum
1520 3808 1672 3876 prius
1723 3816 1868 3861 esset
1932 3808 2155 3875 angelus

586 3906 859 3974 princeps.
896 3903 973 3956 Ex
1010 3902 1445 3956 ultramundanis
1478 3910 1656 3955 autem
1692 3901 1825 3953 locis
1853 3900 2157 3968 praecipita-

590 4006 677 4050 tus
699 4037 713 4059 ,
750 4012 809 4049 re
842 3996 954 4065 ipsa
975 3994 1065 4049 Dei
1097 3994 1200 4048 fuit
1229 3994 1511 4057 inimicus,
1540 3992 1780 4045 nondum
1809 3991 1986 4045 adhuc
2015 3991 2156 4045 facto

589 4091 693 4143 hoc
714 4088 1025 4158 aspectabili
1050 4088 1271 4149 mundo,
1291 4102 1525 4155 cumque
1545 4085 1780 4139 nendum
1807 4094 1949 4137 esset
1968 4086 2151 4149 homo,

589 4182 679 4251 qui
720 4191 903 4252 postea
934 4181 1001 4235 ab
1048 4180 1165 4251 ipso
1199 4179 1460 4235 seductus
1490 4188 1593 4232 est.
1627 4177 1919 4245 Postquam
1972 4184 2151 4230 autem

590 4278 754 4331 homo
793 4274 1045 4328 conditus
1080 4281 1196 4337 est,
1236 4286 1361 4325 mox
1406 4272 1569 4323 Deum
1603 4270 1743 4337 apud
1775 4268 2039 4321 Adamum
2065 4283 2155 4321 ea-

589 4368 847 4425 lumniari
897 4367 1097 4435 etrapit,
1138 4364 1353 4419 invidia:
1409 4363 1613 4417 crimen
1656 4360 1757 4430 ipsi
1814 4359 2149 4429 impingens;

587 4464 902 4531 Adamoque
930 4460 1157 4525 relicto,
1189 4459 1423 4527 primum
1471 4468 1729 4525 tanquam
1772 4453 2145 4515 infirmiorem,

588 4556 755 4613 Evam
792 4554 1101 4625 aggreditur
1126 4595 1140 4617 ,
1172 4560 1226 4606 et
1278 4550 1488 4620 inquit:
1525 4548 1664 4614 Quid
1706 4556 1781 4600 est
1829 4544 1966 4617 quod
2018 4544 2153 4597 dixit

588 4649 761 4702 Deus:
804 4644 886 4699 Ne
909 4643 1237 4697 comederitis
1262 4642 1324 4694 de
1345 4640 1485 4691 omni
1517 4640 1656 4707 ligno
1679 4636 1917 4704 paradisi
1942 4634 2027 4687 ‘°?
2064 4633 2153 4689 Si-

588 4741 825 4794 mulatas
864 4737 1020 4791 aﬂ'ert
1074 4734 1403 4805 quiestiones
1454 4731 1542 4784 ille
1582 4728 1802 4799 pestifer
1832 4771 1845 4793 ,
1884 4736 1942 4779 ut
1991 4742 2055 4780 ex
2092 4740 2155 4779 ea

588 4833 842 4895 disceret,
876 4830 1055 4901 qualis
1100 4843 1161 4883 ea
1190 4825 1325 4880 foret
1368 4824 1551 4887 arbor,
1586 4822 1742 4889 cujus
1774 4819 1952 4873 cibum
1982 4818 2157 4886 probi-

590 4923 796 4976 buisset
827 4921 1111 4975 Dominus.
1156 4916 1339 4986 Neque
1372 4915 1515 4971 enim
1551 4912 1783 4977 sciebat,
1824 4912 1889 4965 de
1912 4926 2147 4980 quanam

591 5016 871 5079 arborum,
907 5030 972 5067 ac
1003 5013 1158 5082 cujus
1192 5010 1361 5081 gratia
1412 5016 1737 5077 przeceptum
1768 5004 1953 5059 datum
1988 5010 2151 5057 esset.

590 5106 687 5160 Illa
722 5118 851 5159 vero
876 5103 1276 5172 simplicissima
1298 5144 1313 5166 ,
1345 5108 1399 5154 et
1426 5098 1654 5153 antehac
1698 5110 1889 5149 natura
1935 5094 2156 5147 minime

590 5198 676 5254 vel
704 5196 891 5250 vitiata
929 5195 1013 5247 vel
1074 5194 1369 5247 adulterata
1402 5230 1415 5253 ,
1450 5190 1711 5259 quidnam
1766 5187 1855 5239 ille
1888 5193 2157 5255 spectaret

592 5292 870 5364 ignorans.
903 5284 1112 5341 letalem
1158 5284 1258 5338 sibi
1291 5285 1500 5353 plagam
1537 5281 1735 5343 infert;
1768 5278 1944 5347 inquit
1973 5278 2153 5330 enim:

592 5383 669 5438 De
708 5380 874 5434 omnis
905 5377 1111 5447 quidem
1146 5374 1273 5444 ligni
1323 5375 1375 5425 in
1414 5373 1664 5440 paradiso
1701 5372 1874 5439 {ructu
1926 5368 2157 5421 comedi-

594 5494 732 5543 mus,
764 5476 826 5528 de
858 5474 999 5543 ligno
1034 5480 1209 5524 autem
1236 5468 1288 5520 in
1322 5467 1491 5519 medio
1531 5464 1766 5535 paradisi
1792 5480 1892 5517 non
1927 5460 2157 5514 comedi-

594 5585 708 5620 mus
741 5568 808 5621 ".
837 5566 975 5620 Tum
1025 5565 1113 5619 ille
1142 5561 1309 5617 Deum
1342 5559 1618 5621 incusans,
1660 5560 1767 5612 ait:
1803 5555 1963 5611 Novit
1995 5554 2154 5615 Deus,

1649 304 1706 361 S.
1748 306 2048 363 CAESARI!
2082 307 2409 364 GRECORII
2452 308 2751 365 FRATRIS

3656 318 3762 374 1016

2260 428 2353 482 τοῦ
2376 446 2435 481 τε
2466 429 2617 491 δντος
2648 429 2741 482 καὶ
2766 425 2859 480 τοῦ
2897 426 3178 490 δοκοῦντος
3218 427 3399 483 καλοῦ.
3426 428 3608 485 Τοὺτου
3633 434 3760 504 χάριν

2262 521 2295 590 ἡ
2326 518 2459 589 πρὸς
2478 520 2538 571 τὸ
2559 518 2724 571 κακὸν
2747 518 2822 580 ὼς
2850 517 2982 588 πρὸς
3019 516 3079 569 τὸ
3116 516 3311 584 ἀγαθὸν
3348 518 3591 588 γινομένη
3619 520 3766 576 ἐπιθυ-

2264 608 2381 678 μία,
2414 608 2578 661 καλοῦ
2608 608 2699 661 καὶ
2732 606 2899 660 κακοῦ
2946 605 3143 675 γνῶσις
3176 606 3459 676 ὠνομάσθη
3479 649 3492 671 ,
3528 607 3638 662 οὔτε
3663 612 3766 665 ἁπο-

2260 696 2431 760 λὺτως
2460 697 2648 760 κακὸν,
2682 697 2813 750 διότι
2846 696 3221 767 περιήνθισται
3253 696 3328 767 τῷ
3362 696 3525 768 καλῷ,
3555 699 3663 751 οὑτε
3699 718 3772 753 κα-

2260 788 2440 859 θαρῶς
2470 790 2691 858 ἀγαθὸν,
2719 789 2849 842 διότι
2880 789 3286 859 ὑποκέκρυπται
3312 790 3372 841 τὸ
3410 790 3585 843 κακόν.
3604 791 3667 842 Τὸ
3689 793 3771 863 γὰρ

2257 882 2425 944 ὅντως
2458 881 2658 950 ἀγαθὸν
2679 924 2693 948 ,
2734 881 2936 935 ἁπλοῦν
2971 883 3084 934 ἐστι
3106 923 3119 946 ,
3152 882 3211 934 τὸ
3240 882 3293 934 δὲ
3327 883 3517 944 κακὸν,
3552 884 3771 949 ποικίλον,

2258 972 2384 1024 ἄλλο
2414 972 2762 1043 νομιζόμενον
2786 1013 2799 1037 ,
2845 975 2937 1025 καὶ
2970 974 3156 1042 ἕτερον
3188 973 3275 1025 διὰ
3326 974 3423 1043 τῆς
3472 975 3650 1044 πείρας
3680 977 3775 1027 ἁνα-

2259 1064 2602 1133 φαινόμενον.
2634 1064 2731 1117 Διά
2766 1064 2921 1118 τοῦτο
2954 1066 3327 1135 προδείκνυσιν
3369 1067 3396 1117 ὁ
3440 1065 3555 1134 δφις
3590 1066 3670 1117 τὸν
3708 1083 3775 1119 πο-

2257 1155 2418 1226 νηρὸν
2439 1157 2536 1225 τῆς
2575 1156 2845 1226 ἁμαρτίας
2879 1156 3110 1228 καρπὸν,
3145 1158 3245 1225 οὑχ
3272 1157 3348 1220 ὡς
3381 1152 3491 1226 εἶχε
3524 1157 3711 1225 φύσεως
3730 1157 3776 1209 τὸ

2256 1248 2422 1301 κακὸν
2456 1248 2518 1300 ὲκ
2549 1248 2639 1300 τοῦ
2672 1247 2979 1319 προφανοῦς
3005 1248 3286 1312 ὑποδείξας
3307 1264 3319 1276 ·
3365 1249 3422 1299 οὑ
3452 1247 3553 1318 γὰρ
3588 1249 3645 1300 ἂν
3668 1251 3779 1317 ﬁxa.-

2256 1340 2389 1410 τήθη
2420 1340 2447 1391 ὁ
2471 1339 2750 1410 ἄνθρωπος
2780 1340 2857 1409 τῷ
2891 1340 3140 1411 προδήλῳ
3174 1340 3349 1409 κακῷ.
3386 1342 3539 1394 Ἀλλά
3567 1342 3645 1394 διά
3666 1360 3777 1405 τινος

2255 1433 2402 1504 ὧρας
2450 1434 2508 1486 τὸ
2548 1433 2868 1503 φαινόμενον
2905 1433 3202 1501 ἀγλαΐσας,
3260 1432 3482 1496 πιθανὸς
3534 1434 3685 1504 ἐφάνη
3726 1436 3775 1503 τῇ

2256 1522 2493 1593 γυναικί.
2512 1520 2769 1589 Καὶεῖδε,
2818 1525 3001 1596 φησὶν,
3034 1526 3070 1592 ἡ
3103 1524 3257 1593 γυνὴ
3294 1526 3382 1577 ὅτι
3411 1525 3590 1578 καλὸν
3618 1525 3674 1577 τὸ
3696 1525 3777 1586 εὐ-

2254 1618 2369 1667 lor
2401 1616 2486 1679 εις
2510 1614 2764 1681 βρῶσιν.
2798 1614 2863 1667 Εἰ
2893 1613 2949 1666 δὲ
2982 1612 3181 1684 βρῶσις
3215 1614 3398 1684 ἐκείνη
3423 1654 3438 1678 ,
3470 1612 3678 1666 Θανάτου
3705 1615 3777 1681 μή·

2260 1722 2365 1777 τηρ
2392 1706 2636 1774 ἐγένετο·
2666 1706 2806 1758 οὑτω
2838 1706 3075 1775 γνωστὸν
3107 1705 3273 1758 καλοῦ
3320 1707 3414 1759 καὶ
3458 1704 3619 1759 κακοῦ
3641 1705 3691 1757 τὸ
3718 1704 3778 1768 ξύ-

2260 1796 2349 1850 λον
2385 1798 2673 1869 ὠνομάσθη
2700 1799 2875 1851 ὲκεῖνο
2897 1840 2912 1863 ,
2958 1798 3018 1850 τὸ
3048 1798 3185 1851 κατὰ
3218 1799 3318 1869 τὴν
3352 1799 3456 1851 τῶν
3483 1798 3774 1868 δηλητηρίων

2260 1889 2456 1959 κάκην,
2508 1892 2606 1959 τὴν
2640 1890 3081 1962 παραρτηθεῖσαν
3126 1891 3202 1963 τῷ
3235 1892 3441 1961 μέλιτι·
3485 1892 3510 1944 δ
3554 1890 3673 1943 καθὸ
3702 1889 3775 1959 μὲν

2259 1981 2534 2049 γλυκαίνει
2557 1983 2654 2053 τὴν
2692 1983 2942 2053 αἴσθησιν
2993 1984 3155 2038 καλὸν
3189 1981 3331 2038 εἶναι
3391 1985 3561 2047 δοκεῖ,
3591 1983 3704 2037 καθὸ
3732 1982 3776 2036 δὲ

2261 2072 2469 2145 φθείρει
2502 2076 2591 2126 τὸν
2626 2076 3039 2146 προσαψάμενον
3068 2115 3084 2141 ,
3128 2077 3302 2130 κακὸν
3356 2076 3548 2141 παντὸς
3593 2076 3774 2146 ἔσχατον

2258 2182 2485 2232 γινεται.

2810 2373 3056 2425 ΠΕΥΣΙΣ
3105 2374 3283 2427 ΡΚΓ.

2340 2463 2608 2534 Ἀμαρτία
2637 2465 2668 2534 ή
2705 2465 2953 2535 παρακοὴ
2990 2466 3084 2517 καὶ
3114 2467 3268 2519 πᾶσα
3298 2464 3459 2519 κακία
3483 2462 3770 2535 ὀνομάζεται,

2258 2556 2363 2627 πρὸ
2390 2556 2446 2608 δὲ
2498 2556 2589 2608 τοῦ
2632 2556 2800 2625 Ἀδὰμ
2830 2556 3007 2619 οὐδεὶς
3048 2557 3355 2627 ἀνθρώπων
3390 2560 3645 2627 ἥμαρτενσ
3678 2552 3771 2608 οὔτε

2260 2656 2366 2724 γὰρ
2387 2650 2473 2724 ἦν.
2514 2651 2648 2704 Ὑπὸ
2671 2651 2814 2713 τίνος
2838 2642 2929 2703 οῦν
2958 2648 3268 2720 πραχθεῖσα
3300 2648 3600 2717 προϋπῆρχε
3623 2642 3770 2713 νεκρά.

2260 2746 2355 2801 καὶ
2378 2742 2667 2811 ἀνέζὴσεν
2689 2742 2989 2809 ἐλθούσης
3015 2739 3123 2807 τῆς
3150 2740 3449 2807 ἐντολῆς;
3475 2738 3573 2790 τῶν
3594 2737 3672 2789 δύο
3689 2734 3771 2802 γὰρ

2260 2838 2319 2891 τὸ
2348 2838 2553 2907 ἕτερον,
2585 2835 2617 2905 ἢ
2648 2835 2807 2903 φύσιν
2847 2834 3200 2887 ὑποτίθεσθαι
3247 2832 3506 2904 ἁμαρτίας
3534 2829 3770 2899 ὑπάρχειν,

2260 2930 2293 3001 ἢ
2330 2928 2664 3001 πραχθείσαν
2690 2926 2859 2997 αὑτὴν
2889 2926 2993 2979 ὑπό
3018 2943 3160 2988 τινος
3191 2927 3305 2997 πρὸ
3326 2924 3415 2977 τοῦ
3449 2923 3616 2990 Ἀδάμ.

2866 3164 3245 3231 Ἀπόκρισις.

2333 3256 2545 3323 ’Ἄπαγε
2574 3255 2735 3325 φύσιν
2764 3256 2941 3322 λέγειν
2972 3255 3078 3307 τῶν
3108 3255 3309 3309 κακῶν
3339 3273 3349 3286 ·
3375 3251 3579 3325 ἁμαρτία
3616 3248 3665 3300 δέ
3690 3262 3769 3316 μοι

2255 3349 2402 3401 δοκεῖ
2430 3350 2576 3401 πᾶσα
2612 3348 2704 3400 τοῦ
2740 3347 3043 3419 κρείττονος
3068 3349 3387 3413 ἀντίστασις
3411 3346 3490 3400 καὶ
3516 3336 3766 3408 ἀντιπαρά-

2256 3440 2426 3503 ταξις.
2462 3438 2679 3509 Ταύτην
2730 3438 2785 3491 δέ
2823 3455 2963 3507 φημι
3004 3438 3286 3508 ὑπάρχειν
3322 3440 3405 3492 τὸν
3448 3431 3685 3493 διάϐολον,
3718 3423 3768 3477 οῦ

2258 3533 2437 3601 φύσει,
2478 3533 2611 3586 ἀλλὰ
2670 3533 2986 3602 προαιρέσει
3041 3533 3133 3585 ἐπὶ
3200 3535 3264 3588 τὸ
3309 3536 3477 3605 χεῖρον
3524 3522 3765 3598 τραπέντα.

2270 3627 2363 3679 Ἐκ
2407 3626 2514 3697 γὰρ
2554 3624 2646 3677 τοῦ
2685 3625 2986 3679 διαϐάλλειν
3025 3624 3143 3695 Θεῷ
3202 3628 3302 3691 τὰς
3345 3625 3445 3679 τῶν
3472 3619 3679 3689 ἀγγέλων
3701 3628 3765 3682 χι)⁴

2257 3719 2406 3789 ρεὶας
2431 3758 2444 3781 ,
2478 3718 2810 3789 φερωνύμως
2832 3718 3033 3789 ἐκλήθη
3068 3719 3356 3783 διάϐολος,
3409 3716 3636 3785 ὑπάρχων
3670 3709 3762 3777 ἀρχ·

2255 3812 2502 3880 ἅγγελος.
2546 3812 2664 3864 Τῶν
2690 3812 2745 3864 δὲ
2776 3812 3159 3883 ὑπερκοσμίων
3197 3810 3574 3885 καταρραγεὶς,
3603 3802 3766 3871 ὖτῆρλε

2254 3907 2321 3974 τῇ
2350 3903 2544 3975 πράξει
2569 3904 2794 3975 ἐχθρὸς,
2834 3905 2998 3974 μήπω
3022 3906 3326 3974 γενομένου
3356 3903 3445 3957 τοῦ
3478 3896 3647 3972 ὁρατοῦ
3679 3890 3769 3945 τού·

2253 4012 2348 4047 του
2402 3996 2627 4065 κόσμου,
2669 3996 2801 4066 μηδὲ
2832 3995 3167 4066 ὑπάρχοντος
3211 3998 3305 4051 τοῦ
3347 3994 3469 4066 παρ’
3510 3987 3651 4045 αὑτοῦ
3693 3985 3771 4036 ὑπ-

2255 4088 2509 4157 αχθέντος
2537 4089 2844 4159 ἀνθρώπου.
2880 4090 3181 4160 Γενομένου
3209 4092 3265 4143 δὲ
3294 4087 3444 4152 αὖθις
3463 4072 3768 4141 διαδάλλειτῴ

2270 4178 2437 4247 ’Λδὰμ
2461 4178 2551 4229 τὸν
2579 4179 2710 4231 Θεὸν
2738 4220 2752 4244 ,
2798 4178 3097 4249 βασκανίας
3142 4180 3301 4251 αὑτῷ
3354 4172 3671 4245 καταληρὼι
3700 4162 3770 4218 vi

2254 4270 2411 4337 ἀφεὶς
2438 4270 2527 4322 τὸν
2574 4270 2759 4341 Ἀδὰμ,
2793 4272 3005 4341 πρῶτον
3032 4271 3402 4345 ἀσθενεστέρα
3426 4274 3485 4341 τῇ
3514 4266 3616 4336 Εὕα
3640 4273 3768 4331 προσ·

2257 4364 2493 4433 έρχεται,
2528 4365 2621 4417 καί
2656 4383 2813 4435 φησι,
2849 4366 2911 4419 Tl
2937 4366 3025 4419 ὅτι
3074 4362 3253 4419 εἶπεν
3277 4370 3309 4419 ό
3341 4365 3480 4431 Θεὸς
3502 4362 3578 4431 μὴ
3606 4348 3768 4427 φαγεῖν

2255 4455 2373 4509 ἀπὸ
2408 4456 2631 4523 παντὸς
2667 4457 2857 4520 ξύλου
2898 4457 3004 4511 τοῦ
3034 4458 3109 4509 ἐν
3133 4453 3214 4525 τῷ
3239 4456 3604 4525 παραδείσῳ;
3640 4448 3768 4515 Εἰρωι

2255 4547 2409 4611 νικας
2435 4548 2491 4600 δὲ
2523 4550 2787 4619 προσάγει
2810 4548 2907 4612 τὰς
2934 4546 3155 4612 πεύσεις
3189 4552 3218 4602 6
3252 4548 3546 4617 ἀλιτήριος,
3577 4542 3650 4593 ἵνα
3670 4529 3763 4599 παρ’

2254 4638 2470 4709 ἐκείνης
2522 4640 2781 4711 παιδευθῇ
2838 4643 2987 4693 ποῖον
3041 4641 3103 4693 τὸ
3129 4642 3331 4710 φυτὸν,
3387 4634 3445 4692 οὑ
3482 4639 3571 4707 τὴν
3612 4628 3764 4703 βρῶσιν

2256 4733 2525 4786 ἐκώλυσεν
2555 4735 2582 4786 ὁ
2608 4732 2827 4803 Κύριος.
2859 4735 2931 4786 Οὑ
2958 4735 3066 4806 γάρ
3091 4735 3362 4804 ἠπίστατο
3389 4734 3490 4786 τίνι
3510 4730 3605 4782 τῶν
3629 4717 3765 4793 φυτῶν

2255 4823 2287 4893 ἦ
2323 4824 2465 4888 τίνος
2499 4824 2658 4895 χάριν
2693 4824 2932 4895 ήὲντολὴ
2960 4828 3285 4899 ἐπήρτηται.
3321 4828 3381 4878 Ἠ
3404 4826 3457 4877 δὲ
3478 4812 3763 4877 ἁπλουστάτη

2260 4918 2353 4969 καὶ
2390 4916 2523 4981 τέως
2554 4917 2837 4983 ἀνόθευτος
2861 4918 3020 4987 φύσις
3045 4918 3314 4985 ἀγνοοῦσα
3344 4918 3402 4970 τὸ
3438 4910 3762 4978 σκοπούμενον,

2259 5012 2478 5081 καιρίαν
2539 5013 2704 5081 ἑαυτῇ
2762 5012 2975 5081 πληγὴν
3034 5012 3236 5065 δίδωσι.
3295 5012 3431 5081 Φησὶ
3486 5007 3619 5075 γὰρ,
3660 4988 3765 5049 Ἀπὸ

2258 5105 2482 5169 παντὸς
2520 5104 2635 5172 μὲν
2692 5104 2801 5173 γὰρ
2837 5104 3029 5169 ξύλου
3082 5104 3187 5156 τοῦ
3238 5104 3306 5155 ἐν
3363 5100 3439 5165 τῷ
3486 5089 3763 5164 παιῃδείσφ

2253 5195 2476 5264 βρώσει
2508 5196 2771 5265 φάγεσθε
2790 5236 2804 5260 ,
2835 5195 2951 5248 ἀπὸ
2987 5194 3053 5248 δὲ
3080 5194 3186 5248 τοῦ
3221 5196 3409 5259 ξύλου
3440 5191 3536 5244 τοῦ
3564 5180 3761 5251 ἐνμέσῳ

2263 5288 2368 5340 τοῦ
2396 5286 2762 5355 παραδείσου
2787 5287 2859 5338 οὐ
2883 5284 3162 5354 φάγεσθε.
3206 5286 3263 5336 '0
3291 5284 3344 5337 δέ
3371 5298 3495 5351 φησι
3521 5268 3760 5355 διαϐαλλιιξν

2262 5378 2352 5431 τὸν
2381 5350 2532 5440 Θεὸν,
2568 5373 2746 5430 Εἷδεν
2794 5379 2825 5429 ὁ
2878 5350 3020 5441 ὀεδς
3043 5417 3056 5441 ,
3108 5376 3195 5428 ὅτι
3225 5370 3264 5445 ᾖ
3292 5374 3342 5427 δ’
3491 5368 3654 5438 ἡμέρᾳ
3677 5350 3759 5426 φά⁶

2262 5472 2441 5537 γεσθε
2478 5468 2578 5520 ἀπ’
2606 5469 2811 5531 αὑτοῦ,
2836 5467 3317 5538 διανοιγήσονται
3340 5463 3496 5534 ὑμῶν
3517 5462 3564 5512 οἱ
3592 5446 3760 5538 ὀρθαεῙξ

2257 5532 2382 5631 {eo},
2419 5560 2516 5614 καὶ
2542 5562 2756 5617 ἔσεσθε
2796 5562 2875 5627 ὡς
2904 5532 3049 5627 θεοὶ,
3086 5532 3475 5630 ννὼσκάτες
3500 5548 3663 5607 καλὸν
3688 5532 3755 5631 κέ¹¹

599 5662 732 5730 quod
775 5677 1077 5731 quocunque
1121 5658 1205 5712 die
1257 5672 1321 5711 ex
1354 5672 1413 5710 eo
1457 5654 1823 5717 camederitis,
1866 5651 2154 5719 aperientur

2258 5628 2549 5720 πονηρὸν,
2577 5654 2669 5707 καὶ
2696 5654 2781 5707 διά
2820 5653 2976 5708 τοῦτο
3001 5628 3290 5707 ἐκώλυσεν.
3322 5648 3495 5703 Πείθει
3520 5640 3665 5699 οὕτως
3686 5628 3755 5698 τὴν

666 5793 710 5826 ’⁸
743 5789 877 5849 Gen.
923 5808 1006 5859 ιιι,
1044 5791 1097 5847 6.
1176 5792 1221 5824 ²⁶
1260 5789 1537 5852 Rom.vu,
1574 5786 1625 5840 9.
1704 5785 1747 5815 ³ο
1787 5782 1920 5837 Gen.
1962 5797 2043 5845 ιιι,
2083 5782 2131 5835 1.

2209 5779 2252 5809 ³⁸
2287 5776 2413 5831 ibid.
2455 5770 2510 5834 9-.
