4048 6222
286 279 432 336 1017

284 395 547 454 τάλαιναν
579 393 790 450 έδεσθαι
809 392 902 450 τοῦ
933 394 1398 469 ἀπηγορευμένον,
1434 398 1526 457 καὶ
1557 399 1622 454 δι’
1645 400 1860 473 ἐκείνης

281 487 563 562 χειροῦται
589 485 682 540 τὸν
715 486 881 558 ἄνδρα
899 527 913 552 ,
942 485 1299 559 ὀρεγομένους
1329 488 1597 559 θεότητος.
1632 490 1858 562 Γυμνώ-

286 599 392 646 σας
447 580 626 634 τοίνυν
679 579 874 642 αὐτοὺς
926 579 1020 633 καὶ
1063 573 1139 635 ὧν
1179 581 1387 652 εἴχοντο
1433 581 1730 646 ἀθανασίας
1764 584 1859 638 καὶ

285 670 599 743 ἀφθαρσίας
631 669 724 723 καὶ
755 669 1154 740 μακαριότητος
1178 711 1192 734 ,
1241 671 1471 743 ἀνέζησε
1504 675 1571 744 τῇ
1603 673 1799 745 πράξει
1831 674 1861 726 6

289 763 543 838 μισόθεος
595 763 689 816 καὶ
735 762 1179 835 ἀνθρωποκτόνος
1203 781 1216 792 ·
1254 765 1347 818 καὶ
1395 762 1550 828 αὖθις
1587 765 1862 820 διαϐάλλει

286 857 411 928 Θεῷ
442 857 533 910 τὸν
565 855 847 926 ἄνθρωπον
881 855 1220 927 παραϐάντα.
1254 857 1457 929 Γράφει
1490 857 1547 910 δὲ
1589 857 1796 928 Μωσῆς
1834 858 1863 909 6

287 949 528 1020 θεόπτης
573 948 667 1001 καὶ
721 947 861 1010 θεῖος
918 947 1250 1018 νομοθέτης,
1300 948 1402 1018 τῆς
1458 948 1710 1018 διαϐολῆς
1766 948 1864 1000 αὐ-

286 1041 386 1098 τοῦ
433 1040 502 1094 τὰ
535 1041 790 1111 ῥήματα⁶
851 1042 908 1093 ἐν
939 1033 983 1108 ᾧ
1021 1040 1084 1111 δὴ
1141 1040 1502 1112 ἐκτραγῳδῶν
1535 1040 1625 1094 τὸν
1669 1039 1862 1093 δόλιον.

285 1134 432 1206 Φησὶ
476 1133 606 1202 γοῦν
639 1131 939 1186 διαϐάλλων
988 1131 1107 1203 Θεῷ
1161 1131 1252 1185 τὸν
1306 1133 1476 1204 Ἀδὰμ
1508 1135 1536 1187 6
1575 1131 1818 1196 διάϐολος
1848 1148 1863 1167 ο

286 1228 403 1283 Kal
432 1226 657 1295 ἐφαπεν
683 1223 909 1287 Ἰακὼϐ,
960 1225 1058 1279 καί
1109 1225 1478 1292 ἐνεπλήσθη,
1515 1225 1614 1278 καί
1645 1224 1867 1280 ἀπελά-

289 1331 505 1373 κτισεν
557 1315 590 1368 ό
641 1313 1045 1384 ἡγαπημένος.
1101 1314 1427 1384 Ἐλιπάνθη
1482 1315 1630 1387 γὰρ,
1681 1315 1864 1386 φησὶν,

285 1407 626 1476 ἐπαχύνθη,
656 1405 1024 1473 sumere",
1068 1404 1165 1458 καί
1201 1405 1556 1475 ἐγκατέλιπε
1592 1406 1736 1460 Θεὸν
1761 1405 1869 1458 τὸν

288 1500 636 1569 ποιήσαντα
659 1497 864 1563 αὑτὸν,
893 1497 991 1552 καί
1013 1497 1247 1567 ἀπέστη
1274 1501 1392 1554 ἀπὸ
1425 1499 1574 1554 Θεοῦ
1599 1499 1869 1577 σωτῆρος

287 1593 504 1650 αὐτοῦ.
543 1591 716 1647 Τοῦτο
763 1592 872 1665 γὰρ
927 1593 1021 1647 καὶ
1076 1591 1156 1663 τῷ
1199 1590 1392 1646 Ἰακὼϐ
1442 1590 1736 1662 ἐποίησεν,
1789 1590 1870 1654 είς

288 1683 635 1760 κρεωϐορίαν
660 1684 757 1738 καὶ
785 1684 1069 1756 παροινίαν
1101 1685 1262 1738 αὑτὸν
1295 1683 1618 1749 ἐκκυλίσας,
1654 1678 1754 1737 εἷθ’
1787 1680 1872 1735 οὖα

287 1795 406 1842 τως
454 1778 534 1842 είς
584 1775 1022 1847 εἰδωλολατρείαν
1081 1777 1276 1841 αὐτοὺς
1336 1775 1683 1848 καταρῤάξας
1748 1773 1870 1829 καθ’

287 1864 375 1926 ὧν
403 1869 607 1940 Μωσῆς
638 1869 727 1922 τὸν
772 1868 935 1923 Λευῖν
967 1867 1256 1933 ἐξοπλίσας
1280 1907 1296 1933 ,
1337 1869 1662 1941 εἰκοσιτρεῖς
1693 1867 1868 1940 χιλιά-

288 1961 396 2026 δας
419 1959 513 2014 τοῦ
551 1959 743 2014 Ἰακὼϐ
781 1963 837 2015 ἐν
872 1961 974 2032 μιᾷ
1006 1961 1191 2033 ἡμέρᾳ
1249 1962 1307 2015 ἐν
1354 1963 1422 2033 τῇ
1463 1961 1656 2033 ἐρήμῳ
1714 1960 1870 2032 δίκην

291 2055 494 2128 χόρτου
532 2053 808 2127 ἐδρέψατο.
858 2052 996 2106 Ἀλλ’
1028 2053 1178 2123 ὅμως
1236 2053 1265 2105 ὀ
1318 2052 1699 2124 φιλάνθρωπος
1738 2051 1871 2116 Θεὸς

291 2146 587 2220 ἀτρέπτως
643 2145 786 2200 κατὰ
832 2145 924 2199 τὸν
982 2143 1337 2216 διαϐληθέντα
1389 2144 1677 2216 γενόμενος
1699 2183 1714 2210 ,
1767 2143 1871 2197 ἐπ-

291 2239 586 2309 εφοίτησεν
623 2239 756 2310 ἡμῖν
787 2236 878 2292 τὸν
940 2237 1196 2309 πολέμιον
1251 2222 1636 2309 χειρώσασθαι.
1675 2237 1732 2290 ἐν
1773 2235 1875 2307 θέᾳ.

290 2331 396 2386 τοῦ
450 2329 820 2402 ἀπατηθέντος
878 2327 1096 2399 ἀληθῶς
1150 2328 1440 2400 γενόμενος
1467 2368 1482 2392 ,
1529 2329 1618 2382 ἵνα
1673 2327 1748 2400 μὴ
1798 2325 1874 2398 δῷ

294 2423 534 2495 φάσκειν
587 2422 680 2476 τὸν
729 2419 986 2492 Ἐχθρὺν,
1035 2421 1116 2474 ὅτι
1148 2421 1369 2491 Βροτοῖς
1402 2420 1720 2491 πολεμήσας
1770 2418 1875 2472 ὑπὸ

293 2510 398 2566 τοῦ
453 2509 590 2564 Θεοῦ
649 2510 890 2581 ἧττημαι
917 2548 932 2574 ,
983 2509 1145 2572 αὐτὸς
1203 2507 1394 2581 βροτὸς
1432 2509 1638 2578 γίνεται
1699 2509 1876 2580 μένων

295 2604 473 2670 Θεὸς,
508 2603 604 2656 καὶ
655 2604 780 2674 ἥκει
830 2601 1082 2674 πολεμῶν
1115 2601 1257 2673 ὑπὲρ
1302 2601 1530 2674 βροτῶν.
1565 2602 1739 2673 Ὅπερ
1771 2600 1879 2672 πρὸ

296 2693 675 2752 πεντακοσίων
702 2692 838 2747 ἐτῶν
872 2693 974 2764 ήδη
1009 2694 1038 2746 6
1083 2692 1192 2746 τῶν
1243 2692 1401 2747 θείων
1434 2693 1666 2764 μελῳδὸς
1715 2692 1880 2746 Δαϐὶδ

301 2789 740 2863 προεφήτευσεν
775 2785 1201 2856 Εὐλογημένος
1236 2786 1345 2858 γὰρ
1369 2828 1385 2852 ,
1422 2787 1618 2858 φησιν,
1649 2790 1680 2840 ό
1708 2785 1879 2855 ἐρχό-

297 2900 488 2954 μενος
511 2882 580 2937 ὲν
605 2880 848 2951 ὀνόματι
878 2881 1121 2948 Κυρίου.
1156 2880 1252 2944 Τίς
1283 2874 1437 2944 οὗτος
1459 2921 1473 2946 ,
1507 2873 1552 2934 ὧ
1584 2879 1838 2932 θεσπέσιε
1863 2893 1879 2943 ;

309 2975 459 3042 Θεὸς
487 2977 730 3044 Κύριος,
762 2971 1181 3041 καὶέπέεοανεν
1200 2971 1364 3041 ἡμῖν.
1393 2973 1504 3025 Καὶ
1553 2973 1695 3035 τίνος
1725 2972 1883 3043 χάριν

307 3071 341 3124 6
389 3068 519 3132 Θεὸς
552 3067 740 3139 βροτὸς
785 3067 1030 3138 γίνεται,
1085 3059 1130 3121 ὦ
1179 3065 1380 3132 Δαϐίδ;
1426 3063 1532 3116 Τοῦ
1585 3061 1884 3116 καταλῦσαι

307 3161 527 3234 ἐχθρὸν,
560 3161 746 3232 φησιν,
783 3160 879 3214 καὶ
911 3157 1201 3229 ἐκδικητὴν
1241 3156 1332 3210 τὸν
1364 3154 1628 3210 διάϐολον.
1659 3152 1887 3208 Διαϐάλ-

305 3255 389 3309 λει
421 3254 533 3327 γάρ
555 3253 674 3326 Θεῷ
699 3252 771 3306 τὰ
800 3253 997 3316 πάντα,
1035 3251 1133 3305 καὶ
1161 3250 1342 3312 ἄλλοις
1373 3251 1600 3312 ἐκεῖνον,
1633 3248 1728 3301 καὶ
1757 3247 1883 3300 ἐκα-

305 3348 490 3420 τέροις
513 3346 613 3419 τὴν
638 3346 920 3418 ἐκδίκησιν
951 3342 1285 3398 ὑποτίθεται.
1314 3342 1495 3413 Ὅπερ
1527 3341 1618 3394 ἐπὶ
1641 3339 1734 3393 τοῦ
1768 3338 1888 3393 ’ῐὼϐ

307 3441 408 3497 καὶ
431 3439 529 3495 τοῦ
558 3438 693 3494 Θεοῦ
717 3437 1050 3510 άμφικάκως
1072 3438 1233 3490 ποιεῖ·
1259 3434 1379 3505 Θεῷ
1402 3434 1502 3505 μὲν
1527 3434 1770 3504 φάσκων,
1789 3430 1887 3500 Μὴ

308 3534 540 3604 δωρεὰν
585 3533 824 3587 σέϐεται
868 3530 994 3586 ³1ὼὸ
1034 3528 1145 3583 τὸν
1183 3527 1368 3591 Θεὸν,
1411 3525 1445 3596 ἢ
1500 3527 1557 3578 ἐν
1605 3522 1891 3594 περιουσίᾳ

311 3627 485 3699 πολλῇ
519 3625 900 3696 θωπευόμενος
929 3623 1023 3678 καὶ
1055 3620 1307 3693 τρυφῶν;
1340 3617 1430 3689 Τῷ
1457 3617 1515 3671 δὲ
1556 3615 1675 3669 Ἱώϐ
1705 3631 1889 3686 φησιν,

311 3720 442 3789 Πῦρ
466 3718 694 3773 ἔπεσεν
749 3718 815 3772 ἐκ
844 3716 951 3771 τοῦ
991 3713 1250 3783 οὐρανοῦ
1274 3751 1290 3775 ,
1319 3710 1418 3766 καί
1451 3707 1728 3763 κατέδετό
1777 3723 1893 3762 σου

313 3811 535 3868 πάντα.
566 3810 678 3864 Καὶ
726 3805 883 3873 αὖθίς
933 3824 1067 3878 φησι
1110 3804 1189 3876 τῷ
1238 3802 1394 3874 Θεῷ,
1447 3804 1529 3857 Οὐ
1575 3799 1702 3871 μὴν
1734 3798 1896 3854 ἀλλὰ

313 3905 686 3961 ἀπόστειλον
714 3901 830 3971 τὴν
859 3899 1027 3972 χεῖρά
1051 3915 1191 3963 σου,
1231 3897 1330 3950 καὶ
1365 3894 1516 3964 ἅψαι
1551 3892 1668 3947 τῶν
1699 3890 1897 3946 ὀστῶν

315 3998 510 4054 αὑτοῦ
539 3997 635 4051 καί
663 3995 782 4050 τῶν
809 3992 1055 4064 σαρκῶν
1085 3989 1273 4046 αὑτοῦ
1292 4006 1305 4020 ·
1335 3989 1429 4042 καὶ
1457 3983 1614 4050 αὖθις
1643 3985 1722 4057 τῷ
1754 3983 1894 4049 Ἰὼϐ,

315 4090 408 4146 διὰ
426 4089 530 4159 τῆς
557 4087 805 4160 συμϐίου,
822 4087 970 4152 Ἕως
995 4085 1139 4138 πότε
1162 4081 1652 4150 διακαρτερήσας
1674 4079 1899 4148 αἴθριος

317 4181 420 4238 ἐπι
447 4180 559 4251 τῆς
588 4180 877 4249 κοπρίας;
906 4177 1042 4232 ἀλλ’
1072 4175 1201 4230 εἰπέ
1226 4193 1280 4230 τι
1293 4173 1460 4244 ῥῆμα
1488 4172 1638 4242 πρὸς
1661 4173 1897 4241 Κύριον,

318 4275 420 4334 καί
443 4275 714 4340 τελεύτα,
741 4272 841 4326 καί
868 4267 1356 4339 ἀπαλλάττει(89)
1375 4266 1493 4321 τῶν
1516 4263 1902 4334 συνεχόντων

317 4367 560 4424 δεινῶν.
591 4365 790 4420 Τοῦτον
817 4358 909 4418 οὖν
931 4362 1122 4434 ἐχθρὸν
1143 4362 1236 4416 καὶ
1257 4358 1545 4430 ἐκδικητὴν
1574 4356 1850 4428 καθαιρῶν
1875 4357 1904 4410 6

321 4463 530 4533 Κύριος
551 4462 618 4530 τῇ
647 4457 934 4529 θεανδρικῇ
959 4455 1124 4510 αὐτοῦ
1148 4455 1509 4525 ἐπιφοιτήσει,
1536 4452 1722 4522 φησίν·
1755 4449 1903 4506 Ἰδοὺ

321 4556 556 4612 δέδωκα
591 4551 734 4623 ὑμῖν
769 4549 1061 4616 ἐξουσίαν
1103 4544 1314 4600 πατεῖν
1349 4543 1548 4598 ἐπάνω
1577 4542 1769 4612 ὄφεων
1805 4542 1903 4596 καί

324 4647 636 4717 σκορπίων
659 4644 755 4698 καί
773 4642 871 4698 ἐπί
888 4641 1094 4698 πᾶσαν
1114 4639 1230 4708 τὴν
1255 4637 1511 4707 δύναμιν
1532 4635 1640 4690 τοῦ
1667 4635 1904 4703 ἐχθροῦ.

1664 287 2014 346 DIALOGUS
2049 289 2139 347 III.

3392 286 3528 344 IOIS

1967 405 2106 460 oculi
2136 405 2324 474 vestri,
2362 413 2414 462 et
2463 406 2610 461 eritis
2648 412 2902 476 tanquam
2939 401 3050 468 dii,
3088 401 3311 457 scientes
3346 402 3536 458 bonum

1963 505 2014 550 et
2043 495 2319 564 malum”,
2343 495 2572 568 ideoque
2599 495 2898 566 prohibuit.
2928 492 3044 549 Hoc
3071 493 3233 548 modo
3250 494 3540 563 persuadet

1965 588 2217 653 miserm,
2252 599 2314 645 ut
2341 590 2484 660 quod
2523 590 2750 646 vetitum
2786 596 2904 645 erat
2964 587 3308 649 comederet,
3347 594 3401 642 et
3450 602 3543 655 per

1962 678 2109 732 illam
2140 679 2285 749 capit
2332 681 2545 736 virum:
2580 689 2923 751 appetentem
2957 687 3253 748 utrumque
3281 677 3542 732 divinita-

1963 775 2093 830 tem.
2131 766 2429 840 Postquam
2461 771 2628 841 igitur
2658 770 2912 840 spoliavit
2948 771 3096 840 ipsos
3121 769 3284 824 etiam
3318 769 3387 824 iis
3423 784 3544 838 quae

1963 862 2252 926 habebant,
2284 864 2540 919 nimirum
2571 864 3006 926 immortalitate,
3028 861 3546 930 iucorruptibilitate

1963 962 2017 1008 et
2054 954 2436 1011 beatitudine:
2487 972 2548 1010 re
2585 956 2704 1026 ipsa
2758 955 3035 1011 reviviscit
3079 953 3253 1009 hostis
3305 953 3395 1008 ille
3449 952 3546 1008 Dei

1964 1056 2018 1102 et
2059 1046 2364 1111 homicida;
2415 1062 2656 1116 moxque
2698 1048 2839 1117 apud
2889 1046 3079 1110 Deum,
3139 1043 3412 1099 hominem
3449 1041 3546 1113 qui

1969 1147 2342 1207 transgressus
2389 1148 2526 1204 erat,
2573 1148 2816 1195 accusat.
2847 1137 3083 1208 Exponit
3133 1144 3312 1191 autem
3345 1134 3545 1198 Moses,

1968 1231 2058 1285 ille
2109 1231 2202 1286 Dei
2251 1241 2525 1301 spectator
2568 1240 2622 1286 et
2674 1231 2949 1303 legislator
2992 1229 3230 1293 divinus,
3283 1227 3399 1297 ipsa
3451 1241 3546 1280 ca-

1966 1322 2189 1377 lumnia:
2217 1322 2422 1377 diaboli
2472 1323 2656 1387 verba,
2693 1321 3099 1377 fraudulentum
3152 1319 3305 1373 illum
3345 1317 3548 1387 tragice

1968 1411 2306 1468 describens.
2353 1410 2449 1467 His
2496 1413 2640 1466 enim
2674 1412 2923 1467 diabolus
2958 1411 3099 1480 apud
3149 1409 3327 1480 ipsum
3365 1406 3548 1462 verbis

1967 1504 2234 1559 Adamum
2273 1519 2459 1560 coram
2503 1503 2614 1560 Deo
2648 1504 2909 1559 incusans
2959 1503 3130 1557 utitur
3173 1519 3184 1556 :
3219 1498 3288 1553 Et
3323 1497 3551 1553 comedit

1969 1596 2223 1660 Iacobus,
2263 1607 2312 1651 et
2355 1606 2632 1651 saturatas
2662 1606 2758 1659 est,
2806 1607 2853 1650 et
2897 1594 3253 1649 recalcitravit
3300 1591 3550 1652 dilectus.

1972 1683 2344 1757 Impinguatus
2375 1687 2519 1741 enim
2543 1696 2642 1752 est,
2670 1687 2865 1756 inquit,
2897 1698 2945 1740 et
2979 1687 3310 1739 incrassatus
3337 1691 3436 1745 est,
3465 1681 3553 1736 di-

1972 1777 2172 1832 latatus
2200 1787 2298 1843 est,
2329 1789 2378 1833 et
2415 1779 2697 1849 dereliquit
2734 1778 2897 1831 Deum
2939 1777 3261 1832 conditorem
3290 1789 3466 1836 suum,
3504 1779 3555 1826 et

1974 1871 2188 1925 recessit
2225 1887 2258 1924 a
2288 1869 2397 1925 Deo
2441 1880 2709 1925 servatore
2740 1886 2835 1924 suo
2862 1869 2928 1924 ³³.
2967 1868 3080 1925 Hoc
3111 1867 3258 1925 enim
3286 1876 3339 1922 et
3368 1863 3558 1920 Jacobi

1972 1963 2206 2034 posteris
2241 1961 2392 2029 fecit,
2427 1979 2551 2019 cum
2581 1978 2679 2018 eos
2722 1964 2788 2018 ad
2818 1963 3158 2018 saturitatem
3187 1960 3372 2017 carnis
3399 1966 3454 2014 et
3473 1958 3557 2012 vi-

1973 2057 2270 2113 nolentiam
2291 2057 2552 2124 ﬂexisset,
2581 2073 2645 2112 ac
2665 2055 2860 2112 deinde
2889 2056 2955 2111 ad
2975 2055 3338 2111 idololatriam
3367 2050 3564 2123 praeci-

1975 2149 2204 2219 pitasset
2235 2169 2247 2204 :
2281 2150 2350 2206 de
2373 2150 2576 2222 quibus
2606 2148 2808 2213 Moses,
2855 2163 2979 2204 cum
3013 2155 3279 2203 armasset
3319 2144 3558 2206 Levitas,

1974 2240 2170 2313 viginti
2199 2241 2304 2298 tria
2348 2242 2519 2297 millia
2555 2239 2928 2298 Jacobitarum
2976 2254 3086 2294 uno
3125 2239 3212 2294 die
3252 2238 3308 2292 in
3347 2235 3568 2292 deserto

1977 2337 2243 2408 graminis
2296 2337 2477 2393 instar
2540 2336 2857 2391 demessuit.
2908 2332 3278 2388 Nihilominus
3333 2327 3562 2383 humani

1979 2430 2196 2500 generis
2225 2439 2440 2484 amator
2468 2428 2635 2495 Deus,
2663 2442 2790 2497 erga
2812 2441 2938 2480 eum
2975 2426 3067 2494 qui
3097 2430 3388 2480 accusatus
3417 2425 3561 2483 erat,

1980 2522 2409 2591 haudquaquam
2445 2527 2713 2582 mutatus,
2747 2519 2814 2573 ad
2843 2532 2944 2572 nos
2985 2517 3128 2571 venit
3153 2524 3213 2570 ut
3235 2515 3446 2569 hostem
3471 2526 3568 2567 ca-

1981 2623 2154 2686 peret,
2187 2615 2242 2668 in
2266 2613 2386 2684 ejus
2425 2611 2602 2668 forma
2629 2611 2725 2682 qui
2755 2611 3016 2680 deceptus
3047 2616 3188 2674 erat,
3223 2621 3347 2660 vere
3380 2613 3565 2658 natus.

1983 2708 2159 2778 Atque
2194 2720 2262 2761 ne
2289 2704 2434 2762 hosti
2464 2703 2811 2759 occasionem
2842 2701 3000 2757 daret
3030 2698 3268 2761 dicendi,
3311 2694 3568 2752 Mortales

1985 2812 2307 2869 oppugnans
2331 2812 2363 2852 a
2389 2795 2502 2851 Deo
2537 2803 2828 2864 superatus
2856 2809 2977 2850 sum
3007 2811 3022 2850 :
3057 2793 3174 2862 ipse
3209 2789 3457 2844 mortalis
3486 2787 3569 2854 fit,

1986 2904 2217 2946 manens
2245 2887 2414 2953 Deus,
2449 2897 2503 2942 et
2533 2889 2682 2942 venit
2710 2894 2774 2941 ut
2822 2899 2921 2955 pro
2959 2882 3284 2939 mortalibus
3327 2878 3573 2936 homini—

1987 2983 2092 3038 bus
2134 2988 2359 3052 pugnet.
2407 2977 2464 3032 Id
2511 2979 2658 3048 quod
2697 2977 2810 3048 jam
2859 2985 2986 3031 ante
3032 2975 3361 3046 quingentos
3396 2983 3573 3025 annos

1989 3073 2319 3145 praedixerat
2348 3080 2503 3126 vates
2535 3070 2626 3125 ille
2657 3069 3081 3138 divinorumque
3122 3065 3429 3120 carminum
3472 3076 3574 3115 au-

1993 3175 2109 3222 ctor
2137 3163 2409 3218 Davides:
2447 3160 2763 3215 Benedictus
2790 3161 2962 3226 enim,
2995 3155 3195 3228 inquit,
3235 3154 3324 3226 qui
3355 3152 3490 3208 venit
3519 3151 3574 3205 in

1991 3257 2200 3310 nomine
2242 3255 2461 3309 Domini
2492 3253 2557 3307 “.
2590 3251 2858 3318 Quisnam
2898 3261 2983 3306 est
3011 3250 3122 3312 ille,
3155 3258 3308 3303 vates
3353 3244 3578 3300 divine?

1990 3349 2250 3404 Dominus
2278 3346 2440 3407 Deus.
2469 3353 2520 3400 et
2555 3345 2804 3416 apparuit
2830 3344 2982 3398 nobis
3009 3342 3077 3397 ³⁸.
3110 3343 3183 3396 At
3204 3339 3366 3410 cuius
3403 3334 3577 3409 gratia

1991 3441 2136 3496 Deus
2188 3439 2437 3494 mortalis
2470 3437 2552 3503 ﬁt,
2601 3437 2677 3491 mi
2709 3435 2984 3490 Davides?
3035 3433 3118 3487 Ad
3157 3431 3576 3493 destruendum,

1991 3534 2192 3604 inquit,
2243 3531 2532 3587 inimicum
2586 3539 2644 3586 et
2675 3536 2987 3586 exactorem
3027 3524 3328 3580 diabolum.
3376 3520 3578 3576 Crimi-

1995 3635 2158 3684 natur
2188 3624 2335 3681 enim
2367 3625 2510 3695 apud
2544 3623 2714 3678 Deum
2747 3620 2954 3684 omnia,
2983 3626 3036 3672 et
3057 3614 3200 3686 apud
3231 3615 3368 3670 alios
3398 3614 3577 3676 illum,

1994 3727 2049 3775 et
2077 3717 2324 3788 utrisque
2369 3716 2634 3771 ultionem
2670 3710 2931 3783 suggerit.
2965 3706 3022 3764 Id
3061 3705 3212 3778 quod
3239 3714 3294 3762 et
3323 3719 3453 3774 erga
3482 3701 3579 3758 ,ιο-

1994 3813 2149 3878 bum,
2186 3818 2242 3866 et
2285 3824 2414 3881 erga
2446 3809 2618 3864 Deum
2668 3806 2926 3874 utrinque
2974 3799 3251 3856 malitiose
3301 3796 3451 3852 facit.
3497 3794 3580 3848 Ad

1997 3903 2167 3960 Deum
2183 3902 2401 3974 quidem
2423 3901 2643 3957 dicens:
2667 3897 2717 3952 Ν
2724 3912 2810 3950 um
2827 3895 2995 3965 gratis
3012 3891 3183 3948 colit]
3188 3890 3316 3945 obus
3329 3887 3496 3942 Deum
3511 3885 3580 3951 ³⁸,

1999 4005 2098 4051 aut
2115 3995 2170 4050 in
2192 3994 2361 4049 multa
2379 3992 2700 4048 facultatum
2721 3986 3068 4062 possessione
3085 3984 3295 4040 fovetur
3314 3989 3476 4050 atque
3490 3977 3584 4032 de-

1999 4085 2253 4141 liciatur?
2269 4083 2351 4139 Ad
2377 4081 2573 4139 Jobum
2595 4089 2775 4136 autem
2801 4077 2980 4148 inquit
3003 4095 3016 4130 :
3039 4074 3187 4146 Ignis
3212 4073 3276 4125 de
3297 4068 3423 4124 coelo
3440 4066 3584 4121 deci-

2000 4178 2099 4243 dit,
2135 4188 2185 4232 et
2206 4175 2500 4246 absumpsit
2539 4189 2717 4228 omnes
2744 4169 3023 4241 facultates
3051 4175 3168 4220 tuas
3188 4163 3252 4219 ³⁷.
3275 4161 3586 4228 Iterumque

2002 4271 2180 4343 inquit
2215 4269 2282 4324 ad
2310 4267 2481 4324 Deum
2508 4285 2522 4322 :
2564 4265 2686 4320 Non
2719 4273 2923 4318 tantum
2949 4261 3066 4323 hoc,
3093 4257 3182 4312 sed
3209 4257 3356 4310 mitte
3371 4267 3588 4307 manum

2006 4374 2172 4425 tuam,
2206 4369 2254 4416 et
2284 4370 2437 4430 tange
2470 4374 2592 4414 ossa
2621 4357 2737 4427 ejus
2761 4364 2810 4409 et
2835 4369 3020 4408 carnes
3050 4350 3163 4420 ejus
3185 4347 3250 4400 ⁸⁸.
3290 4346 3356 4400 Et
3387 4345 3588 4400 iterum

2006 4455 2071 4508 ad
2099 4453 2295 4509 Johum
2321 4467 2417 4523 per
2443 4450 2567 4506 vitae
2596 4455 2910 4504 consortem
2941 4464 2954 4498 :
2994 4441 3248 4510 Quandiu
3292 4451 3590 4508 persevera-

2009 4545 2088 4599 bis
2128 4545 2222 4599 sub
2260 4544 2350 4598 dio
2379 4544 2434 4598 in
2474 4541 2741 4597 stercore?
2771 4539 2896 4607 quin
2927 4537 3012 4590 die
3045 4533 3254 4588 verbum
3280 4527 3495 4600 aliquod
3519 4525 3590 4580 ad

2014 4635 2324 4700 Dominum,
2349 4643 2398 4689 et
2424 4648 2646 4699 morere,
2679 4642 2736 4685 ut
2771 4629 3007 4685 libereris
3037 4645 3070 4681 a
3101 4624 3258 4679 malis
3280 4637 3398 4694 qua:
3431 4630 3478 4674 te
3499 4618 3592 4672 de-

324 4745 495 4800 tinent
518 4741 584 4795 ".
617 4738 774 4795 Hunc
803 4737 965 4809 igitur
989 4734 1268 4791 inimicum
1295 4741 1349 4788 et
1378 4739 1686 4788 exactorem
1719 4728 1912 4784 tollens
1939 4728 2203 4786 Dominus
2237 4745 2334 4802 per
2359 4727 2664 4784 divinitatis
2693 4725 2750 4779 in
2780 4738 2998 4779 carnem
3028 4719 3340 4780 adventum,
3367 4711 3544 4784 inquit
3570 4725 3588 4766 :

325 4835 468 4892 Ecce
488 4834 610 4890 dedi
632 4833 774 4889 vobis
795 4808 1106 4902 potestatem
1135 4827 1380 4881 catcandi
1409 4840 1564 4896 super
1593 4831 1858 4893 serpentes
1889 4833 1942 4879 et
1971 4825 2298 4895 scorpiones,
2326 4831 2376 4878 et
2409 4837 2568 4895 super
2597 4834 2800 4875 omnem
2828 4822 3138 4887 potestatem
3163 4808 3368 4864 inimici
3397 4808 3466 4860 ⁸ο.

888 4922 1138 4976 ΠΕΥΣΙΣ
1174 4921 1345 4974 ΡΚΔ⁹.

399 5020 517 5076 Καὶ
539 5022 587 5074 εἰ
617 5017 834 5072 καθεῖλε
861 5015 952 5071 τὸν
994 5012 1187 5085 ἐχθρὸν
1218 5013 1246 5064 6
1273 5009 1496 5081 Κύριος,
1523 5008 1608 5072 τίς
1638 5008 1770 5079 ἡμῖν
1809 5024 1908 5061 πο-

2407 4905 2926 4970 INTERROGATIO
2962 4901 3198 4962 CXXIV.

2085 5005 2241 5073 Quod
2291 5003 2338 5060 si
2396 5002 2620 5059 sustulit
2655 5000 2937 5054 inimicum
2992 4995 3280 5056 Dominus,
3323 4989 3448 5062 quis
3496 4999 3595 5046 no-

328 5116 491 5186 λεμεῖ
517 5112 790 5173 ἑκάστοις,
821 5108 916 5162 καὶ
941 5104 1266 5178 πειρασμοῖς
1295 5101 1579 5173 ἀδοκήτοις
1602 5099 1698 5153 καὶ¹
1729 5099 1880 5171 ἁμαρ

2015 5108 2188 5156 strum
2225 5097 2524 5168 quemlibet
2553 5102 2850 5165 oppugnat.
2882 5103 2934 5146 et
2967 5086 3362 5146 tentationibus
3388 5085 3594 5155 impro‘

329 5207 399 5279 τή
408 5222 543 5278 μασι
576 5201 889 5275 περιϐάλλει
907 5217 922 5267 ;

959 5289 1312 5356 Ἀπόκρισις.

420 5390 585 5444 Ἀλλά
630 5388 724 5443 καὶ
751 5382 861 5450 οἷός
891 5401 950 5438 τε
984 5382 1059 5436 ὢν
1094 5379 1328 5449 παντελῆ
1396 5377 1560 5430 αὐτοῦ
1605 5371 1914 5445 ἀφανισμὸν

337 5483 435 5538 καὶ
464 5480 745 5553 ἀναίρεσιν
783 5473 1132 5548 ποιήσασθαι,
1173 5471 1274 5525 οὐκ
1299 5467 1596 5539 ἠϐουλήθη,
1626 5465 1713 5519 διὰ
1737 5465 1799 5519 τὸ
1834 5465 1908 5537 μὴ

2014 5190 2151 5246 visis
2189 5199 2350 5260 atque
2380 5189 2621 5261 peccatis
2655 5183 2926 5239 involvit?

2648 5277 2954 5348 Responsio.

2083 5375 2249 5446 Atqui
2275 5376 2397 5430 licet
2431 5372 2573 5428 Deus
2609 5369 2981 5426 omnimodam
3017 5368 3137 5438 ejus
3173 5361 3595 5422 exstinctionem

2014 5476 2176 5540 atque
2218 5465 2578 5522 sublationem
2612 5461 2790 5518 facere
2821 5468 3026 5534 posset,
3063 5458 3236 5512 noluit
3268 5456 3370 5510 hoc
3411 5463 3596 5508 tamen

416 5602 461 5634 ³⁸
494 5599 629 5656 Gen.
659 5615 739 5662 Ill,
779 5597 831 5652 5.
905 5595 951 5626 ³³
988 5593 1143 5648 Dent.
1182 5587 1427 5662 xxx_,‘l5.
1479 5586 1522 5618 ³⁵
1559 5585 1706 5642 Psal.
1740 5600 1880 5641 cxvu

1987 5583 2040 5640 6.
2117 5587 2161 5619 ³⁵
2195 5585 2328 5643 ibid.
2362 5583 2452 5639 27.
2493 5581 2538 5614 ⁸⁸
2575 5579 2676 5636 Job
2716 5593 2756 5644 1,
2797 5579 2850 5634 9.
2933 5577 2976 5608 ³⁷
3014 5573 3146 5630 ibid.
3191 5570 3276 5626 16.
3318 5569 3364 5602 ³⁸
3400 5567 3593 5632 John.

342 5673 400 5734 ι.
430 5671 485 5727 5.
550 5672 594 5704 ⁸⁸
633 5658 766 5726 ibid.
800 5669 854 5723 9.
931 5663 977 5696 ⁸⁸
1017 5663 1152 5719 Luc.
1183 5677 1236 5725 x,
1275 5658 1361 5714 19.

416 5762 530 5831 (89l
586 5766 694 5816 Καὶ
736 5757 1119 5831 ἀπαλλάττει.
1183 5752 1294 5808 Sic.
1350 5753 1430 5831 ᾼῐι
1477 5747 1899 5831 rescribendum

346 5818 730 5890 ἀπαλλάττουῖ
782 5832 1050 5888 Οωιρῐυιιι
1101 5825 1216 5881 haec
1266 5823 1430 5879 verba
1477 5821 1530 5876 in
1567 5818 1756 5877 Bibliis
1801 5833 1910 5873 non

2007 5752 2243 5802 exstant.
2283 5737 2419 5796 LXX
2462 5739 2701 5793 habent:
2738 5776 2752 5788 .
2779 5775 2792 5788 .
2818 5775 2832 5788 .
2905 5732 3018 5789 ἀλλ’
3057 5727 3209 5786 εἶπόν
3249 5746 3299 5784 τι
3330 5727 3480 5800 ῥῆμα
3521 5724 3602 5786 είς

2019 5817 2244 5885 Κύριον,
2283 5814 2376 5869 καὶ
2402 5810 2648 5867 τελεύτα.
2687 5805 2846 5863 Enn.
