4048 6222
488 372 623 426 1019

482 496 552 534 ne
590 496 689 537 nos
728 484 1042 539 inhonorati
1077 486 1515 557 relinqueremur
1548 486 1602 540 in
1637 487 1821 542 futura
1849 487 2051 557 sempi—

482 582 637 628 terna
668 577 801 642 vita,
834 581 879 633 si
921 596 1029 634 non
1067 592 1211 636 esset
1250 583 1449 651 aliquis
1490 584 1645 637 nobis
1676 585 1763 636 hic
1801 584 2057 637 adversa-

1556 372 1615 426 S.
1650 368 1948 425 CAESARI]
1989 365 2316 449 CREGORI}
2349 364 2647 423 FRATRIS

2155 481 2488 552 ἀγεράστους
2542 480 2688 550 ἡμᾶς
2737 474 3160 545 καταλειφθῆναι
3223 472 3283 525 ἐν
3333 473 3400 542 τῇ
3465 470 3744 541 μελλούσῃ

2157 574 2312 644 ἀϊδίῳ
2345 571 2477 643 ζωῇ,
2523 572 2597 643 μὴ
2631 571 2781 633 ὄντος
2813 569 2943 639 ἡμῖν
2976 564 3209 620 ἐνταῦθά
3240 581 3385 627 τινος
3416 564 3743 624 ἀντιπάλου,

3602 358 3743 414 10ὶο

485 664 621 731 rius,
676 668 938 726 adversus
983 688 1143 741 quem
1188 674 1529 730 decertantes
1575 676 1723 729 velut
1774 676 1828 728 in
1881 675 2059 730 stadio

2184 663 2293 734 πρὸς
2325 662 2383 715 ὃν
2411 660 2843 731 ἀγωνιζομένους
2872 659 3033 710 οἱονεὶ
3071 658 3128 709 ἐν
3169 655 3365 724 σταδίῳ
3390 657 3454 724 τῇ
3488 653 3747 725 παρούσῃ

486 760 777 824 praesentis-
830 762 974 825 vitae,
1027 766 1485 821 remunerationis
1539 775 1781 835 tempore
1828 780 2060 820 coronas

491 866 934 921 assequeremur.
969 856 1236 913 l’ercusso
1269 869 1447 912 autem
1484 858 1657 927 capite
1682 858 1955 921 draconis,
1984 868 2063 911 to-

490 952 606 995 tum
641 946 734 1013 qui
766 954 887 1014 post
919 946 1093 1016 ipsum
1131 950 1363 1003 trahitur
1396 950 1716 1003 comitatum
1760 949 1867 1003 leto
1894 948 2061 1013 dedit,

492 1035 681 1089 saltem
726 1039 924 1108 exiguo
975 1042 1209 1109 quodam
1268 1042 1321 1095 in
1369 1043 1488 1111 ipso
1539 1050 1689 1095 motu
1743 1040 1953 1107 relicto,
1998 1040 2065 1093 ad

492 1127 811 1182 exercitium
850 1140 1096 1185 nostrum
1146 1142 1307 1202 atque
1345 1132 1563 1186 virtutis
1614 1131 2064 1186 declarationem.

493 1215 796 1286 Aliquoties
833 1221 977 1273 enim
1027 1232 1079 1275 et
1114 1237 1217 1276 nos
1257 1237 1518 1291 percusso
1558 1222 1830 1291 serpentis
1869 1224 2066 1293 capite,

496 1319 835 1377 arrepentem
870 1321 1103 1366 tractum
1140 1314 1388 1383 corporis
1418 1314 1603 1383 pueris
1648 1312 1952 1368 feriendum
1982 1331 2070 1369 re-

494 1400 817 1470 linquimus,
850 1404 1013 1457 simul
1060 1405 1208 1471 ipsos
1250 1414 1307 1459 nt
1344 1405 1577 1461 audaces
1605 1415 1655 1460 et
1702 1406 1962 1460 adversus
1994 1406 2067 1460 fe-

498 1505 587 1545 ras
624 1491 831 1547 alacres
870 1493 999 1558 sint,
1044 1492 1545 1549 condocefacimus.
1594 1492 1779 1562 Neque
1810 1492 1953 1547 enim
1990 1491 2069 1547 vel

499 1581 759 1637 adversus
779 1599 975 1652 porcos
997 1593 1312 1652 potestatem
1331 1585 1604 1639 daemones
1636 1586 1853 1647 habent,
1879 1600 2071 1654 quem-

500 1669 795 1722 admodum
847 1686 999 1724 sacra
1042 1670 1317 1740 Evangelii
1360 1672 1628 1741 scriptura
1668 1674 1826 1727 docet
1849 1674 1913 1727 “.
1940 1672 2073 1728 Nam

501 1769 631 1813 ante
658 1761 896 1814 divinam
929 1763 1133 1816 Christi
1168 1764 1605 1832 permissionem.
1650 1782 1756 1819 non
1790 1777 1917 1820 mmt
1950 1766 2069 1821 ausi

501 1861 724 1922 tangere
755 1870 968 1923 gregem
1005 1870 1293 1923 porcorum
1331 1855 1776 1926 Gergesinorum.
1803 1856 2071 1912 Permittit

500 1956 681 1997 autem
742 1947 872 2015 ipsis
914 1946 1180 2002 Dominus
1229 1963 1335 2001 non
1388 1958 1445 2001 ut
1502 1965 1608 2001 una
1663 1964 1786 2002 cum
1833 1950 2077 2005 subulcis

500 2036 916 2107 submergerent
956 2056 1193 2109 gregem,
1241 2040 1333 2095 sed
1371 2050 1428 2095 ut
1468 2042 1534 2095 iis
1564 2042 1808 2106 omissis,
1841 2058 1951 2112 quo
1986 2059 2079 2098 ca-

501 2143 722 2197 pessere
750 2130 932 2201 fugam
959 2143 1202 2201 possent,
1240 2133 1294 2186 in
1322 2135 1479 2188 bruta
1509 2136 1894 2205 egrederentur
1928 2154 1942 2190 :
1968 2136 2080 2191 evi-

501 2221 693 2275 denter
742 2239 842 2278 nos
884 2226 1112 2290 docens,
1168 2228 1310 2297 quod
1353 2228 1459 2281 nisi
1503 2244 1597 2297 per
1627 2228 1802 2298 ipsius
1839 2227 2079 2283 divinam

501 2321 558 2367 et
594 2316 779 2369 omnia
814 2317 1264 2387 complectentem
1298 2328 1619 2389 potestatem
1653 2319 2078 2384 custodirentur,

503 2404 587 2460 vel
609 2408 986 2474 consimiliter,
1017 2412 1100 2465 vel
1147 2412 1310 2467 etiam
1361 2412 1539 2483 pejus,
1576 2428 1742 2482 quam
1787 2428 1913 2485 erga
1950 2430 2081 2485 por-

500 2511 621 2564 cos,
651 2514 781 2570 erga
820 2516 921 2557 nos
948 2502 1128 2557 aﬂ‘ecti
1159 2504 1434 2559 daemones
1466 2507 1667 2570 forent,
1693 2506 1789 2577 qui
1822 2504 1878 2561 in
1921 2506 2085 2578 hujus

499 2587 626 2644 vita:
656 2590 792 2644 mari
820 2592 1126 2661 periculose
1152 2595 1496 2663 navigamus.

909 2684 1428 2744 iNTERROGATIO
1467 2687 1678 2746 CXXV.

573 2773 707 2829 Cum
732 2789 917 2833 nosset
934 2778 1097 2842 Deus,
1123 2783 1267 2851 quod
1288 2781 1529 2839 Adamus
1555 2795 1883 2853 prameptum
1908 2792 2088 2843 trans-

503 2884 796 2939 gressurus
843 2883 1008 2939 esset,
1058 2891 1155 2929 cur
1208 2876 1339 2930 illud
1398 2878 1446 2932 ei
1494 2878 1675 2933 dedit?
1718 2880 1801 2933 vel
1850 2880 2087 2951 denique

503 2978 677 3032 quare
715 2973 1179 3036 transgressorem
1221 2969 1500 3025 damnavit
1536 2972 1749 3027 morte?

1137 3058 1444 3128 Responsio.

576 3146 739 3216 Atqui
766 3148 870 3201 nisi
903 3159 1253 3218 prreceptum,
1286 3152 1433 3205 velut
1464 3154 1746 3223 prmmium
1769 3157 2087 3213 certaminis

506 3248 562 3292 et
607 3239 767 3293 lucta:
800 3240 1105 3307 statuisset,
1154 3258 1217 3296 ac
1257 3244 1596 3312 permisisset
1644 3246 1697 3300 in
1742 3248 1951 3302 arbitrii
2002 3249 2086 3304 sui

509 3340 780 3401 potestate
813 3333 1213 3399 adversarium,
1247 3351 1349 3389 non
1380 3349 1754 3403 coronaretur,
1785 3355 1962 3410 neque
1993 3341 2089 3395 de»

507 3426 895 3494 prtedicaretur
922 3426 1115 3481 vietor.
1146 3429 1299 3493 Quod
1336 3429 1378 3483 si
1404 3446 1509 3483 non
1544 3433 1857 3486 mandasset
1891 3448 2089 3502 praece-

510 3516 585 3587 pti
625 3516 1087 3583 observationem,
1122 3530 1175 3573 et
1220 3528 1450 3575 mortem
1488 3525 1937 3591 transgressionis
1974 3542 2091 3595 poe-

511 3624 638 3662 nam
669 3624 775 3663 non
814 3611 1054 3665 minatus
1087 3612 1299 3679 fuisset,
1338 3614 1528 3667 merito
1560 3615 1611 3668 in
1645 3631 1769 3669 eum
1794 3617 1887 3687 qui
1921 3619 2087 3687 legem

509 3703 715 3772 posuit,
749 3702 963 3771 culpam
1002 3704 1305 3759 retulisses.
1355 3705 1411 3758 Si
1446 3722 1575 3760 vero
1608 3717 1728 3777 post
1777 3710 2090 3763 mandatum

512 3796 699 3864 lapsus
728 3804 828 3859 est,
871 3804 922 3849 et
954 3796 1150 3850 cecidit
1182 3796 1359 3852 factus
1397 3798 1736 3867 inobediens,
1777 3809 2090 3870 superatum

513 3905 736 3953 accusa,
770 3906 876 3943 non
913 3906 1037 3943 cum
1074 3891 1164 3960 qui
1195 3901 1469 3945 certamen
1500 3895 1801 3963 proposuit.
1837 3894 1965 3950 Item
2004 3914 2086 3952 se-

512 3983 748 4036 cundum
786 3983 945 4035 aliam
980 3984 1245 4037 rationem
1276 4002 1288 4035 :
1327 3986 1793 4050 Quemadmodum
1821 3988 2089 4045 Adamum

510 4076 990 4147 praecognoscebat
1018 4085 1515 4146 transgressurum,
1558 4080 1809 4135 similiter
1841 4086 2092 4151 pratscie—

510 4169 605 4226 bat
635 4178 883 4239 posteros
908 4169 1028 4238 ejus
1056 4170 1403 4238 praestatione
1438 4183 1830 4240 przecepturum
1859 4174 1928 4227 ab
1974 4175 2094 4243 ipso

512 4265 660 4317 velut
682 4263 917 4317 victores
944 4262 1365 4331 deprzedicatum
1396 4274 1447 4316 et
1474 4276 1795 4319 coronatum
1824 4266 1921 4332 iri;
1957 4268 2095 4324 alios

514 4355 734 4425 quidem
780 4364 1023 4423 tempore
1068 4355 1217 4424 pacis
1255 4370 1351 4425 per
1395 4356 1818 4413 declarationem
1854 4362 2095 4430 probata:

512 4464 636 4504 cum
669 4449 867 4502 virtute
904 4446 1050 4508 vitze.
1084 4447 1221 4501 alios
1250 4456 1431 4501 autem
1467 4457 1707 4519 tempore
1748 4454 2090 4521 persecutio-

512 4557 643 4596 num
674 4557 767 4611 per
798 4541 1256 4611 perseverantiam
1284 4556 1380 4609 pro
1402 4541 1519 4610 ipso
1544 4559 1717 4613 usque
1740 4546 1806 4599 ad
1832 4558 2082 4602 mortem.

512 4632 1000 4703 Praecognoscebat
1029 4632 1175 4687 enim
1214 4633 1442 4688 Abelum
1471 4636 1681 4703 justum
1730 4637 1868 4703 fore,
1901 4641 2091 4695 simili-

512 4735 597 4781 ter
628 4735 682 4780 et
713 4724 978 4787 Sethum;
1027 4723 1310 4778 Enochum
1343 4725 1806 4794 transferendum,
1843 4746 1910 4783 ne
1941 4732 2091 4788 vide-

513 4829 598 4877 ret
629 4830 895 4884 mortem;
938 4817 1108 4871 Noam
1158 4817 1368 4887 justum
1407 4817 1683 4887 futurum;
1715 4820 2087 4880 Abrahamum

512 4913 754 4967 radicem
808 4912 928 4967 ﬁdei
968 4910 1106 4976 fore,
1145 4927 1209 4966 ac
1250 4920 1455 4981 patrem
1498 4914 1788 4968 multarum
1825 4917 2085 4987 gentium.

512 5000 780 5056 Przelerea
815 5004 960 5071 quod
988 5002 1206 5057 lsaacus
1237 5018 1427 5058 servus
1460 5018 1594 5058 suus
1626 5014 1884 5063 strenuus
1917 5009 2091 5065 decla-

512 5093 720 5151 randus
753 5105 919 5155 esset,
955 5097 1302 5164 pra‘sciebat;
1331 5096 1475 5165 quod
1508 5094 1745 5154 Jacobus
1774 5099 1951 5169 ipsum
1987 5117 2094 5157 ve-

514 5188 597 5243 lut
636 5187 911 5239 hominem
948 5186 1002 5239 in
1053 5188 1196 5241 lucta
1242 5197 1603 5257 superaturos
1649 5201 1817 5256 esset,
1851 5201 1905 5247 et
1946 5194 2095 5264 quod

516 5291 737 5350 torpore
786 5278 1067 5334 soluturus
1096 5291 1243 5335 esset
1290 5282 1459 5335 latum
1510 5298 1736 5337 nervum
1787 5294 1929 5339 tacto
1976 5287 2095 5356 ejus

514 5370 755 5437 femore;
804 5368 947 5439 quod
997 5378 1214 5437 propter
1271 5373 1689 5440 temperantiam
1746 5374 1799 5428 in
1844 5376 2093 5430 custodia

513 5478 847 5533 carcereque
874 5460 1147 5531 Iosephus
1180 5461 1524 5521 habitaturus
1546 5475 1723 5531 esset;
1753 5468 1899 5536 quod
1933 5467 2091 5523 factis

515 5558 631 5613 suis
652 5572 881 5627 regnum
913 5556 1238 5611 obtenturus
1264 5574 1277 5622 ;
1320 5560 1464 5626 quod
1494 5559 1560 5613 ad
1597 5559 1905 5615 ducendum
1935 5576 2093 5616 exer-

515 5651 685 5706 citum
727 5659 781 5706 ct
831 5649 1108 5705 ferendam
1152 5650 1322 5721 legem
1373 5650 1551 5707 Moses
1604 5652 1833 5707 idoneus
1874 5652 2091 5711 futurus

517 5751 697 5808 esset;
744 5743 890 5810 quod
920 5741 1078 5797 Jesus
1108 5741 1255 5798 Nave
1300 5744 1443 5800 ﬁlius
1479 5744 1717 5802 hostium
1755 5754 1954 5816 tropaea
2000 5763 2091 5804 ca-

622 5855 638 5886 ¹
678 5851 870 5911 Matth.
913 5869 1034 5919 vm,
1070 5853 1159 5921 50,
1202 5853 1291 5908 '52.

2161 755 2306 825 ζωῇ.
2358 755 2414 805 ἐν
2457 757 2521 823 τῇ
2578 752 2799 822 ἀμείψει
2858 749 3059 819 ταύτης
3110 747 3388 815 στεφάνων
3438 747 3746 813 ἐπιτυχεῖν.

2162 844 2374 917 Ιίλήξας
2422 845 2477 897 δέ
2518 844 2617 915 τὴν
2668 840 2908 912 κεφαλὴν
2961 838 3056 892 τοῦ
3106 838 3429 909 δράκοντος,
3483 835 3608 888 ὅλον
3658 836 3750 886 τὸν

2164 935 2521 1006 ξυνεπόμενον
2582 935 2741 988 ὁλκὸν
2801 931 3271 1002 συναπενέκρωσε,
3328 928 3580 999 ἀμυδρὰν
3628 944 3753 978 τινα

2164 1029 2374 1099 κίνησιν
2409 1030 2464 1080 ἐν
2511 1025 2659 1096 αύτῷ
2693 1023 3049 1093 καταλείψας,
3086 1022 3223 1093 πρὸς
3252 1021 3560 1091 γυμνασίαν
3591 1018 3752 1087 ἡμῶν

2165 1123 2260 1175 καὶ
2291 1121 2493 1193 ἀρετῆς
2531 1119 2808 1184 ἐπίδειξιν.
2853 1117 3123 1180 Πολλάκις
3152 1115 3261 1185 γὰρ
3308 1114 3404 1167 καὶ
3446 1114 3613 1182 ἡμεῖς
3652 1113 3755 1182 τὴν

2166 1214 2405 1284 κεφαλὴν
2443 1212 2537 1266 τοῦ
2566 1213 2741 1281 ὄφεως
2772 1211 3093 1282 πλήξαντες,
3133 1208 3224 1262 τὸν
3257 1208 3565 1278 ἐφέρποντα
3593 1204 3758 1257 ὁλκὸν

2166 1308 2279 1369 τοῖς
2323 1306 2480 1357 παισὶ
2531 1304 2712 1357 παίειν
2770 1302 3158 1373 ἐπιτρέπομεν,
3205 1300 3321 1370 ἅμα
3374 1298 3598 1368 θαρρεῖν
3657 1298 3758 1349 καὶ

2171 1397 2516 1467 θηρολεκτεῖν
2582 1397 2777 1458 αὐτοὺς
2832 1394 3199 1457 παιδεύοντες.
3250 1392 3388 1446 Οὔτε
3439 1391 3549 1461 γὰρ
3611 1389 3759 1443 συῶν

2170 1487 2499 1552 ἐξουσιάζειν
2532 1489 2580 1539 οἱ
2615 1487 2890 1556 δαίμονες,
2921 1483 3103 1547 καθὼς
3135 1486 3168 1555 ή
3216 1483 3335 1536 θεία
3378 1481 3487 1534 τῶν
3520 1480 3761 1547 εὐαγγε-

2172 1577 2336 1631 λικῶν
2373 1577 2619 1631 παιδεύει
2660 1577 2869 1646 Πυκτή.
2903 1575 3017 1647 Πρὸ
3057 1575 3165 1646 γὰρ
3200 1574 3300 1644 τῆς
3330 1572 3480 1635 θείας
3512 1567 3761 1640 Χριστοῦ

2177 1672 2597 1743 συγχωρήσεως,
2638 1671 2738 1723 οὐκ
2762 1669 3068 1739 ἐτόλμησαν
3111 1667 3319 1737 ψαῦσαι
3349 1666 3448 1737 τῆς
3486 1665 3596 1717 τῶν
3626 1664 3765 1734 Γερ-

2176 1765 2405 1835 γεσινῶν
2448 1764 2649 1833 ἀγέλης
2681 1762 2842 1815 συῶν.
2893 1761 3205 1831 Ἐπιτρέπει
3237 1760 3294 1812 δὲ
3339 1759 3523 1821 αὐτοῖς
3554 1758 3583 1809 6
3643 1755 3760 1811 Κύ-

2183 1875 2316 1929 ριος,
2353 1857 2452 1926 οὐχ
2479 1856 2593 1927 ἅμα
2628 1854 2733 1908 τῶν
2765 1852 3079 1925 συοφορϐῶν
3109 1851 3381 1905 ποντῶσαι
3408 1850 3506 1920 τὴν
3530 1847 3769 1918 ἀγέλην,

2178 1948 2292 2001 ἀλλ’
2345 1949 2585 2010 ἐκείνους
2629 1948 2786 1999 ἐᾶσαι
2840 1944 3069 2015 δρασμῷ
3116 1942 3450 2014 χρήσασθαι,
3511 1940 3656 1993 κατά
3703 1940 3770 1993 δὲ

2176 2041 2285 2095 τῶν
2325 2040 2534 2109 ἀλόγων
2570 2038 2851 2109 χωρῆσαν
2902 2034 3146 2107 ἐναργῶς
3172 2034 3443 2087 παιδεύων
3483 2033 3655 2103 ἡμᾶς,
3684 2030 3767 2093 ὡς

2180 2132 2228 2183 εί
2260 2130 2335 2203 μὴ
2369 2132 2434 2200 τῇ
2470 2128 2591 2200 θείᾳ
2614 2126 2776 2181 αὑτοῦ
2807 2126 2901 2179 καὶ
2932 2127 3251 2196 περιεκτικῇ
3282 2124 3500 2177 πάντων
3530 2120 3769 2190 δυνάμει

2180 2222 2613 2295 ἐφρουρούμεθα,
2650 2218 3045 2292 παραπλησίως
3075 2219 3107 2289 ἢ
3144 2218 3236 2271 καὶ
3269 2217 3437 2287 χείρω
3463 2213 3574 2267 τῶν
3619 2211 3771 2266 συῶν

2180 2319 2228 2370 οἱ
2259 2317 2508 2387 δαίμονες
2532 2313 2819 2369 διετίθεντο
2848 2313 2993 2384 ἡμᾶς
3019 2309 3472 2381 ναυτιλλομένους
3503 2307 3540 2379 ή
3567 2306 3778 2361 θαλατ-

2180 2424 2457 2472 τευοντας.

2737 2708 2987 2762 ΠΕΥΣΙΣ
3025 2708 3198 2762 PKE'.

2255 2790 2541 2852 Γινώσκων
2572 2799 2599 2853 6
2632 2797 2763 2863 Θεὸς
2796 2801 2876 2853 ὅτι
2926 2799 3109 2871 μέλλει
3146 2798 3503 2871 παραϐαίνειν
3541 2800 3645 2870 τὴν
3680 2800 3769 2854 ἐν-

2185 2890 2344 2961 τολὴν
2376 2893 2402 2944 6
2448 2891 2638 2962 Ἀδὰμ,
2676 2892 2816 2946 διατί
2865 2893 3013 2963 αὐτῷ
3054 2893 3251 2946 ἔδωκεν
3288 2892 3475 2963 αὐτὴν,
3525 2893 3558 2962 ἢ
3607 2892 3772 2947 πάλιν

2187 2984 2511 3056 παραϐάντα
2538 2986 2677 3040 διατί
2715 2986 2928 3057 θανάτῳ
2962 2987 3318 3059 κατέκρινενς

2802 3082 3154 3150 Ἀπόκρισις.

2270 3170 2408 3222 Ἀλλ’
2443 3172 2492 3223 εί
2546 3169 2621 3241 μὴ
2654 3170 2879 3242 ἔστησεν
2921 3167 3031 3225 οἷον
3076 3172 3326 3243 βραϐεῖον
3359 3171 3448 3225 καὶ
3476 3170 3774 3243 πάλαισμα

2186 3261 2285 3333 τήν
2327 3262 2568 3334 ἐντολὴν,
2600 3266 2693 3316 καὶ
2738 3266 2918 3318 εἴασεν
2950 3265 3295 3330 αὐτεξούσιον
3320 3264 3405 3317 τὸν
3443 3264 3779 3330 ἀνταγωνι-

2190 3354 2341 3425 στήν,
2384 3355 2483 3410 οὐκ
2530 3357 2909 3425 ἐστεφανοῦτο,
2958 3358 3078 3411 οὐδὲ
3130 3356 3540 3428 ἀνεκηρύττετο.
3592 3356 3656 3408 Εἰ
3704 3356 3779 3410 δὲ

2189 3446 2286 3498 καὶ
2340 3445 2415 3517 μὴ
2470 3448 2824 3519 παρεγγύησε
2872 3448 3247 3518 φυλάξασθαι,
3298 3448 3390 3501 καὶ
3440 3446 3675 3500 θάνατον
3702 3451 3777 3519 τῇ

2190 3539 2500 3610 παραϐάσει
2553 3542 2880 3613 ἠπείλησεν,
2922 3542 3147 3605 εἰκότως
3195 3541 3332 3612 ᾐτιῶ
3386 3542 3475 3594 τὸν
3522 3541 3770 3611 θέμενον.

2193 3630 2346 3683 Εἰδέ
2388 3632 2524 3703 μετά
2563 3632 2658 3704 τὴν
2712 3633 3049 3705 παρεγγυὴν,
3101 3632 3330 3687 ὤλισθεν
3368 3634 3462 3687 καὶ
3514 3633 3769 3685 πέπτωκε

2192 3726 2566 3796 παρακούσας,
2597 3726 2691 3780 τοῦ
2733 3727 3045 3797 ἡττωμένου
3086 3726 3403 3796 κατηγόρει,
3450 3726 3546 3779 καὶ
3577 3726 3648 3795 μὴ
3675 3722 3777 3777 τοῦ

2192 3818 2419 3887 θεμένου
2450 3819 2538 3872 τὸν
2560 3818 2765 3887 ἀγῶνα.
2810 3819 3047 3890 Ἑτέρως
3073 3836 3133 3871 τε
3156 3818 3232 3884 δὲ,
3263 3818 3453 3889 ὥσπερ
3475 3819 3570 3871 τὸν
3605 3818 3775 3888 Ἀδὰμ

2192 3910 2596 3982 προεγίνωσκεν
2641 3911 3115 3981 παραϐησόμενον,
3159 3910 3361 3981 ὁμοίως
3401 3912 3781 3983 προηπίστατο

2192 3999 2317 4059 τοὺς
2374 3999 2629 4065 ἐκγόνους
2679 3999 2841 4052 αὑτοῦ
2891 4004 2955 4072 τῇ
3012 4000 3343 4071 κατορθώσει
3389 4001 3497 4054 τῶν
3554 4001 3780 4055 ἐντολῶν

2194 4086 2687 4159 ἀνακηρύττεσθαι,
2720 4091 2814 4143 καὶ
2848 4090 3237 4159 στεφανοῦσθαι
3277 4093 3407 4159 παρ’
3433 4091 3599 4144 αὐτοῦ
3617 4108 3631 4120 ’
3656 4092 3781 4153 τοὺς

2198 4180 2296 4251 μὲν
2322 4182 2380 4233 ἐν
2406 4185 2615 4253 καιροῖς
2643 4183 2864 4254 εἰρήνης
2896 4183 2961 4235 δι’
2997 4182 3306 4246 ἐπιδείξεως
3335 4182 3597 4251 ἐναρέτου
3641 4182 3777 4252 βίου,

2192 4273 2317 4336 τοὺς
2341 4274 2397 4326 δέ
2431 4278 2487 4327 ἐν
2520 4274 2695 4346 καιρῷ
2727 4276 3003 4346 διωγμῶν,
3027 4276 3113 4328 διὰ
3136 4276 3234 4346 τῆς
3257 4276 3394 4346 ύπέρ
3426 4276 3597 4329 αὐτοῦ
3623 4276 3780 4346 μέχρι

2195 4365 2424 4420 θανάτου
2456 4370 2777 4433 ἐνστάσεως.
2811 4369 3192 4439 Προεγίνωσκε
3232 4368 3338 4439 γὰρ
3370 4370 3463 4421 τὸν
3510 4370 3683 4422 Ἀϐελ
3709 4369 3785 4422 δι-

2195 4458 2505 4525 καιοῦσθαι,
2533 4462 2623 4517 τὸν
2645 4463 2752 4533 Σὴθ
2784 4464 3005 4533 ὁμοίως,
3032 4463 3124 4516 τὸν
3161 4461 3330 4530 Ἑνὼχ
3368 4463 3629 4531 μετατίθε
3641 4463 3781 4525 σθαι,

2198 4552 2277 4623 μὴ
2336 4553 2463 4606 ἰδεῖν
2514 4553 2765 4619 θάνατον,
2816 4555 2907 4608 τὸν
2962 4555 3087 4608 Νῶε
3138 4553 3638 4624 δικαιωθήσεσθαι,
3691 4554 3781 4617 τὸν

2208 4646 2457 4716 Ἀϐραὰμ
2508 4647 2664 4715 ῥίζαν
2704 4648 2805 4719 τῆς
2850 4649 3089 4714 πίστεως
3117 4649 3381 4719 γίνεσθαι,
3428 4650 3524 4703 καὶ
3570 4651 3784 4721 πατέρα

2194 4738 2406 4792 πολλῶν
2454 4739 2641 4794 ἐθνῶν.
2677 4742 2798 4795 Ὅτι
2858 4743 3042 4797 Ἰσαὰκ
3082 4742 3266 4807 δοῦλος
3313 4742 3479 4796 αὐτοῦ
3526 4744 3784 4814 ἐνάρετος

2194 4830 2664 4903 ἀναδειχθήσεται,
2697 4835 3098 4904 προεγίνωσκεν
3120 4852 3134 4864 ’
3176 4836 3256 4887 δτι
3300 4834 3496 4888 Ἰακὼϐ
3527 4836 3695 4888 αὐτὸν
3727 4837 3785 4890 ἐν

2193 4927 2260 4995 τῇ
2302 4924 2445 4998 πάλῃ
2486 4926 2752 4997 κρατήσει
2786 4927 2861 4989 ὡς
2897 4925 3107 4997 βροτὸν,
3143 4928 3237 4979 καὶ
3273 4928 3525 4997 ναρκήσῃ
3567 4926 3785 4997 ἁψαμέ-

2195 5033 2285 5069 νου
2312 5016 2408 5070 τοῦ
2441 5017 2617 5089 μηροῦ
2648 5019 2709 5071 τὸ
2750 5018 3136 5090 πλατύνευρονυ
3188 5020 3267 5072 ὃτι
3310 5019 3507 5089 Ίωὴφ
3542 5019 3632 5072 διὰ
3681 5036 3785 5072 σω-

2196 5109 2469 5181 φροσύνην
2502 5111 2741 5183 φρουρὰν
2768 5112 3000 5183 οἰκήσει,
3032 5113 3113 5164 ὃτι
3150 5111 3236 5163 διά
3261 5112 3368 5163 τῶν
3406 5110 3589 5181 ἔργων
3631 5112 3785 5181 βασι-

2192 5200 2343 5265 λείας
2394 5205 2695 5275 κρατήσειο
2742 5206 2823 5258 ὅτι
2870 5204 3076 5272 Μωσῆς
3122 5203 3259 5272 πρὸς
3308 5203 3648 5275 στρατηγίαν
3691 5205 3788 5257 καὶ

2194 5290 2514 5361 νομοθεσίαν
2548 5294 2852 5364 ἐπιτήδειος
2886 5294 3172 5363 φυήσεται·
3204 5292 3285 5343 ὅτι
3314 5293 3342 5343 6
3376 5290 3590 5360 Ἰησοῦς
3631 5292 3663 5342 6
3690 5288 3782 5342 τοῦ

2194 5383 2351 5455 Ναυῆ
2395 5385 2668 5456 πολεμίων
2710 5385 3034 5456 χειρώσεται
3077 5384 3331 5455 τρόπαια,
3377 5382 3473 5434 καὶ
3516 5380 3783 5435 δουλώσει

2197 5474 2565 5541 Γαϐαωνίτας,
2594 5477 2675 5531 δτι
2720 5477 2882 5530 Δαϐλδ
2911 5478 3198 5547 πρόμαχον
3230 5472 3564 5542 ἀλλοφύλων,
3614 5474 3784 5527 κατάο

2199 5584 2438 5638 φρακτον
2482 5570 2744 5641 κνημίδας
2781 5570 2876 5624 καὶ
2903 5569 3137 5641 κορύνην
3166 5565 3486 5637 γιγαντικὴν
3530 5565 3781 5636 περικειο

2203 5675 2382 5728 μενον,
2405 5662 2605 5715 ἀσπίδα
2632 5662 2727 5715 καὶ
2751 5662 2878 5733 δόρυ
2909 5662 3120 5732 ἔχοντα,
3150 5660 3244 5713 καὶ
3272 5658 3392 5712 ὅλον
3413 5658 3781 5728 σιδηράμφιον

2201 5753 2545 5826 ὑπάρχοντα,
2598 5758 2696 5829 μιᾷ
2749 5755 3098 5828 σφενδονήσει
3142 5751 3291 5808 λίθου
3328 5752 3407 5816 εἰς
3436 5750 3540 5822 γῆν
3571 5753 3779 5827 καταρ-
