4048 6222
310 305 453 367 ιςηι

1676 307 2022 401 οιλιοουε
2094 309 2183 367 Ill.

3402 305 3541 364 1022

314 426 494 528 ράξει,
522 423 630 503 ,καὶ
663 423 802 528 μετά
838 424 1010 528 βραέὐ
1049 425 1375 496 βασιλεύσει,
1408 428 1503 481 καὶ
1535 426 1707 481 πολλὰ
1755 426 1883 497 περὶ

2042 442 2202 493 ,ιιι-ιιε,
2235 434 2291 481 et
2314 426 2368 481 in
2402 426 2715 484 servitutem
2748 425 3067 482 reducturus
3095 429 3238 478 esset
3271 420 3544 477 Gabaoni-

310 516 486 622 αὐτού
511 515 893 624 προφητεύσει.
927 517 1356 589 Προεγίνωσκεν.
1386 518 1719 581 ἀποστόλων,
1753 533 1884 588 προ-

2044 535 2104 585 s;
2149 518 2296 589 quod
2344 517 2574 576 Davides
2611 525 3071 589 propugnatorem
3120 512 3545 582 alienigenarum

2143 616 2154 624 .
2281 608 2372 624 ,οιο
2413 608 2468 624 ιο.
2641 617 2652 624 .
2754 609 2822 624 ..Α
2870 606 3102 624 μοΑ---ι--
3138 600 3521 624 ,Ξ-Α--.ν.,1ιιι.....

314 609 531 682 φητῶν,
565 607 877 691 μαρτύρων,
906 609 1258 674 διδασκάλων,
1300 610 1402 664 καὶ
1417 608 1525 664 τῶν
1554 608 1756 663 λοιπῶν
1787 607 1886 679 τῆς

2042 616 2253 663 rnatum
2278 608 2575 673 tibialibus,
2605 617 2659 663 et
2686 609 2835 678 galea
2861 606 3107 676 gigantea
3132 600 3548 664 circumdatum,

327 702 660 773 Ἐκκλησίας
694 700 753 765 ἐξ
788 701 992 754 ἐκείνου
1024 702 1335 772 βλαστάνειν
1372 701 1556 757 θίασον
1578 717 1594 732 ·
1639 700 1732 754 καὶ
1766 715 1890 752 συν·

313 793 509 847 ελόντα
530 791 716 860 φάναι,
744 792 844 844 οὐκ
867 791 971 845 ἔδει
996 795 1060 864 τῇ
1092 790 1185 845 τοῦ
1216 792 1333 856 ἑνὸς
1360 791 1581 862 εὐηθείᾳ
1604 791 1699 845 καὶ⁸
1715 791 1891 861 τροπῇ

1986 708 2207 777 scutum
2238 708 2293 753 et
2322 700 2535 755 hastam
2585 699 2893 758 habentem,
2937 705 3110 749 totum
3156 691 3397 760 undique
3440 688 3550 743 fer-

1988 806 2165 857 reum,
2193 789 2343 860 jactu
2379 790 2573 859 lapidis
2602 789 2765 843 unico
2803 802 2869 842 ex
2905 784 3072 840 funda
3115 784 3169 836 in
3202 791 3400 835 terram
3430 792 3554 847 pro-

317 878 949 985 n§6t3~dmx12taeﬁvat
999 882 1062 936 τὸ
1111 883 1342 946 στάδιον,
1380 882 1474 934 καὶ
1511 882 1637 944 τοὺς
1677 878 1893 948 ἀγῶνας

2042 893 2290 946 .raturus,
2325 892 2379 938 et
2407 883 2568 953 paulo
2591 889 2715 952 post
2742 888 3085 950 regnaturus,
3113 883 3167 929 et
3200 871 3371 926 multa
3400 869 3466 922 de
3497 881 3558 922 se

2069 973 2104 985 _.
2146 973 2156 984 υ
2241 981 2250 985 -
2547 979 2559 985 -
2629 968 2668 985 n
2792 984 2803 985 γ
2899 965 3103 985 -___L-.
3167 958 3532 985 ---ηιΛΙΛ-ηηι

319 972 641 1043 σϐεσθῆναι,
671 973 768 1027 καὶ
791 975 889 1044 τὴν
907 974 1159 1046 ἀνδρείαν
1182 974 1470 1046 κρυϐῆναι,
1487 974 1582 1026 καὶ
1612 973 1799 1042 ἀργεῖν
1826 969 1895 1023 τὰ

2042 973 2393 1028 ιιίοἱιιιιιιιιιιε
2421 979 2586 1026 esset.
2629 965 3129 1038 Praecognoscebat,
3166 958 3557 1031 apostolorum.

319 1064 557 1121 ἔπαθλα.

1998 1059 2413 1128 prophetarum,
2450 1066 2775 1128 martyrum,
2807 1055 3092 1110 doctorum
3133 1056 3563 1114 cteterorumque

320 1160 398 1215 ad
422 1159 719 1215 Ecclesium
774 1160 1161 1230 pertinentium
1197 1176 1261 1216 ex
1310 1160 1402 1215 illo
1455 1159 1887 1229 germinaturum
1929 1167 2149 1208 sacrum
2192 1160 2428 1218 coetum;
2477 1161 2549 1216 et,
2606 1159 2666 1204 ut
2702 1148 2935 1204 breviter
2973 1144 3155 1200 omnia
3191 1142 3391 1206 dicam,
3434 1151 3545 1191 non

323 1251 617 1321 oportebat
653 1260 874 1321 propter
912 1252 1077 1307 unius
1122 1251 1392 1321 ignaviam
1439 1227 1493 1304 et
1536 1247 1895 1304 defectionem
1945 1242 2202 1298 omnibus
2232 1242 2412 1298 claudi
2453 1240 2712 1305 stadium,
2753 1248 2808 1294 et
2836 1236 3042 1292 aboleri
3073 1231 3396 1294 certamina,
3419 1227 3550 1283 forti
3572 1261 3593 1293 ει

323 1345 687 1417 tudinemque
711 1346 993 1412 occultari,
1016 1356 1067 1400 et
1091 1345 1334 1401 victoriae
1359 1358 1576 1400 cessare
1602 1341 1843 1413 prtemia.

876 1436 1122 1491 ΠΕΥΣΙΣ
1161 1438 1350 1504 Ριςσι.

407 1529 531 1593 Πῶς
561 1529 735 1598 λέγων
753 1531 782 1582 ὁ
800 1528 1010 1600 Σωτὴρ,
1045 1529 1125 1581 ὅτι
1153 1528 1379 1596 ’Ὠσπερ
1410 1529 1442 1581 ό
1466 1524 1669 1593 Πατὴρ
1692 1522 1903 1593 ἐγείρει

327 1621 481 1687 τοὺς
500 1618 754 1688 νεκροὺς
790 1620 887 1673 καὶ
914 1617 1193 1683 ζωοποιεῖ,
1229 1618 1415 1683 οὕτως
1453 1616 1549 1670 καὶ
1576 1617 1608 1669 ό
1645 1613 1776 1678 nec
1800 1610 1906 1676 οὓς

264 1794 273 1801 ³
330 1713 500 1770 θέλει
545 1708 827 1775 ζωοποιεῖ,
879 1709 1049 1763 ἐλθὼν
1094 1709 1188 1762 ἐπὶ
1225 1708 1474 1779 Λαζάρου
1520 1707 1621 1760 οὐκ
1656 1702 1908 1772 αὐθεντίᾳ

330 1802 548 1874 ἐγείρει
596 1801 778 1865 αὐτὸν,
825 1800 960 1854 ἀλλὰ
988 1798 1293 1868 παρακαλεῖ
1319 1798 1410 1852 τὸν
1444 1797 1681 1868 Πατέρα,
1710 1793 1907 1862 λέγων,

332 1895 555 1961 Πάτερ,
597 1891 861 1957 δόξασόν
898 1907 1013 1945 σου
1041 1888 1151 1944 τὸν
1187 1889 1328 1943 Υίόν
1352 1904 1366 1919 ³
1411 1888 1505 1942 καὶ
1535 1885 1709 1949 οὕτως
1746 1884 1913 1953 φωνεῖ

335 1987 410 2039 ἐκ
435 1981 642 2052 νεκρῶν
678 1982 769 2035 τὸν
798 1980 1078 2051 Λάζαρον;

954 2070 1307 2136 Ἀπόκρισις.

419 2164 585 2219 Οὐδὲν
636 2161 837 2216 τούτων
884 2162 983 2232 τῆς
1041 2160 1291 2227 ἐξουσίας
1338 2158 1374 2231 ἢ
1423 2156 1712 2220 αὐθεντίας
1756 2153 1916 2209 αὐτὸν

340 2259 680 2331 ἀφαιρεῖται.
714 2254 851 2325 Φησὶ
885 2256 1014 2325 γὰρ,
1052 2252 1155 2307 Διὰ
1197 2251 1304 2306 τὸν
1328 2246 1678 2320 παρεστῶτα
1708 2247 1916 2317 ὄχλον,

343 2346 519 2406 εἶπον
558 2347 661 2400 ἵνα
694 2340 1087 2398 πιστεύσωσι.
1137 2342 1202 2393 Τί
1249 2341 1294 2394 δ’
1329 2341 1523 2408 ἐπάγει
1570 2335 1747 2405 αὖθις,
1789 2337 1923 2390 Ἵνα

348 2441 456 2497 καὶ
485 2443 517 2494 ό
556 2439 686 2504 Υἱός
717 2452 834 2491 σου
859 2432 1092 2503 δοξάσῃ
1139 2447 1249 2496 σε;
1281 2427 1410 2502 'Ap‘
1440 2426 1533 2484 οὖν
1574 2431 1731 2500 δόξης
1773 2427 1923 2499 παρὰ

346 2531 451 2587 τοῦ
477 2530 607 2585 Υἱοῦ
635 2528 945 2600 προσδεῖται
974 2528 1003 2580 ὁ
1034 2525 1260 2597 Πατήρ;
1288 2521 1572 2594 Οὐδαμῶς,
1601 2520 1716 2575 ἀλλ’
1745 2518 1926 2585 ἐδόξα-

350 2643 449 2683 σεν
477 2624 506 2677 ὁ
534 2622 723 2693 Πατὴρ
750 2621 843 2674 τὸν
894 2618 1045 2682 Υἱδν,
1086 2616 1178 2670 καὶ
1207 2618 1236 2669 ὁ
1264 2615 1391 2680 Υἱὸς
1415 2615 1507 2669 τὸν
1538 2613 1789 2684 Πατέραο
1821 2628 1925 2681 φα-

352 2715 640 2788 νεροῦντες
669 2714 801 2784 ἡμῖν
826 2710 887 2765 τὸ
926 2708 1134 2764 ἑαυτῶν
1164 2707 1482 2780 ὁμόγνωμον
1511 2705 1605 2759 καὶ
1643 2702 1920 2775 ὁμόδοξον.

355 2810 490 2874 Πῶς
541 2808 598 2862 δὲ
637 2807 732 2860 καὶ
770 2804 863 2858 ἐπὶ
904 2802 1012 2856 τῶν
1063 2799 1322 2872 μειζόνων
1371 2796 1644 2852 αὐθεντῶν
1679 2796 1856 2868 πάντη
1899 2796 1930 2850 ὁ

358 2901 513 2965 Υἱὸς,
551 2897 645 2951 ἐπὶ
688 2896 798 2951 τῶν
835 2893 1128 2949 ἐλαττόνων
1166 2890 1267 2962 τῆς
1309 2890 1583 2963 πατρικῆς
1628 2889 1817 2953 δεῖται,
1855 2888 1932 2952 ὡς

366 2995 496 3067 φὴς,
520 2989 818 3063 ἐπιτροπῆς
848 2986 883 3058 ἢ
919 2984 1200 3058 βοηθείας;
1231 2980 1488 3047 Κολάζων
1512 2981 1622 3051 γὰρ
1646 2980 1740 3034 καὶ
1773 2980 1933 3051 εὐερ.

367 3081 560 3154 γετῶν,
590 3077 826 3151 οὐδαμοῦ
867 3076 959 3131 τὸν
1004 3075 1223 3146 Πατέρα
1265 3072 1631 3127 ἐπικαλεῖται·
1672 3069 1850 3125 Δεῦτε
1878 3072 1935 3126 οἱ

362 3173 757 3246 εὐλογημένοι
810 3170 918 3226 τοῦ
970 3170 1200 3238 Πατρός
1238 3186 1357 3238 μου
1372 3208 1388 3230 ,
1442 3164 1935 3235 κληρονομήσατε

366 3270 487 3339 τὴν
528 3263 973 3337 ἡτοιμασμένην
1017 3260 1161 3332 ὑμῖν
1184 3258 1512 3326 ,ϐασιλείαν
1542 3257 1661 3313 ἀπὸ
1694 3257 1938 3311 καταϐοο

366 3359 492 3429 ,ιῆς
524 3356 773 3425 κόσμου.
805 3352 951 3423 Πρὸς
1000 3348 1135 3404 δὲτὸ
1170 3348 1355 3420 ἕτερον
1398 3348 1580 3419 μέρος,
1609 3345 1940 3416 Πορεύεσθε

368 3451 475 3507 ἀπ’
501 3447 667 3519 ἐμοῦ,
700 3448 753 3501 oi
792 3441 1204 3512 κατηραμένοι,
1233 3441 1320 3503 εὶς
1350 3439 1414 3492 τὸ
1444 3438 1563 3506 πῦρ
1591 3436 1657 3491 τὸ
1681 3437 1938 3490 αἰώνιον.

372 3543 467 3615 Τῷ
518 3537 810 3609 παραλύτῳ
862 3535 1047 3605 φησιν,
1118 3531 1409 3600 Ἐγερθεὶς
1466 3523 1615 3598 ἆρόν
1664 3544 1778 3583 σου
1838 3526 1945 3582 τὸν

374 3634 731 3705 κράὸὄατον,
772 3628 871 3683 καὶ
915 3627 1105 3695 ὕπαγε
1147 3626 1235 3689 εὶς
1272 3622 1381 3677 τόν
1408 3618 1576 3676 οἶκόν
1605 3635 1741 3676 σου.
1796 3618 1946 3673 Ἐτέ-

382 3724 521 3800 ρωθι
548 3721 731 3783 πάλιν,
763 3717 866 3773 Σοὶ
910 3716 1085 3785 λέγω,
1112 3713 1419 3775 νεανίσκε,
1447 3712 1715 3783 ἐγέρθητι
1757 3711 1827 3765 ἐκ
1849 3727 1949 3773 νε-

607 3811 877 3874 Ὠσαύτως
895 3812 961 3881 τῇ
984 3808 1214 3879 θυγατρὶ
1246 3805 1342 3858 τοῦ
1380 3805 1825 3877 ἀρχισυναγώγου
1855 3801 1950 3855 θα-

381 3907 553 3981 νούσῃ
577 3905 729 3976 φησι,
777 3902 847 3956 Τὸ
872 3899 1175 3970 κοράσιον,
1208 3897 1535 3966 ἀνάστηθν
1563 3895 1641 3967 τῷ
1676 3895 1732 3948 δὲ
1768 3892 1952 3964 λεπρῷ

384 3998 498 4054 ἀπὸ
539 3994 781 4065 κορυφῆς
837 3992 997 4064 μέχρι
1040 3989 1215 4042 ποδῶν
1259 3987 1665 4059 καθηλκωμένῳ
1711 3984 1953 4049 ἐκτείνας

386 4091 490 4160 τὴν
547 4089 722 4157 χεῖρα,
759 4084 913 4153 φησι,
967 4082 1148 4143 Θέλω,
1193 4081 1615 4147 καθαρίσθητι·
1666 4080 1759 4132 καί
1804 4073 1955 4141 αὖθις

387 4182 453 4236 τὸ
478 4178 648 4240 πάθος
683 4172 1001 4247 δραπετεύει
1029 4169 1360 4239 φυγαδευθὲν
1396 4167 1473 4239 τῷ
1500 4168 1628 4239 θείῳ
1669 4167 1953 4239 θελήματι.

404 4268 703 4341 Ἐπιτιμῶν
718 4267 776 4321 δέ
794 4282 947 4336 φησι,
972 4264 1076 4320 Σοὶ
1100 4262 1273 4334 λέγω,
1295 4260 1376 4328 τῷ
1393 4261 1637 4331 πονηρῷ
1654 4260 1954 4331 δαιμονίῳ,

393 4365 607 4429 ἔξελθε
652 4361 753 4415 ἀπ’
808 4355 1017 4412 αὐτοῦ.
1066 4354 1430 4409 Καταστέλλει
1495 4354 1657 4408 πάλιν
1706 4352 1960 4423 ἐπιτιμίῳ

396 4452 808 4527 κορυφουμένην
853 4448 953 4519 τὴν
1000 4446 1265 4500 ἄϐυσσονο
1319 4446 1645 4519 αὐτάνδρους
1686 4445 1743 4499 δὲ
1781 4445 1961 4507 πόλεις

398 4543 763 4615 κατακρινῶν,
788 4541 902 4611 μετ’
919 4538 1161 4604 ἐξουσίας
1182 4537 1362 4607 φησὶν,
1385 4538 1530 4590 Οὐαί
1550 4554 1667 4601 σοι,
1685 4534 1959 4605 Χωραζίν,

400 4639 539 4694 οὐαί
572 4654 691 4700 σοι,
725 4631 1051 4704 Βηθσαιδιῑ,
1082 4630 1182 4684 καὶ
1214 4628 1317 4690 σὺ.
1344 4628 1753 4699 Καπερναοὺμ,
1780 4631 1817 4697 ὴ
1854 4628 1964 4695 ἕως

401 4726 664 4798 οὐρανοῦ
696 4725 1022 4795 ὑψωθεῖσα,
1052 4721 1162 4787 ἕως
1191 4719 1339 4788 ᾅδου
1371 4720 1698 4789 καταϐήσῃ.
1721 4720 1830 4773 Καὶ
1867 4719 1966 4790 τὴν

404 4818 641 4876 παλαιὰν
670 4815 945 4886 καθαιρῶν
978 4812 1350 4884 Ἰερουσαλὴμ,
1374 4811 1556 4882 φησιν,
1579 4812 1661 4865 Οὐ
1679 4810 1765 4880 μὴ
1787 4811 1965 4882 μείνῃ

406 4916 580 4979 ,λίθος
608 4911 705 4966 ἐπὶ
740 4910 913 4964 λίθον
937 4909 1030 4961 ἐπ’
1055 4906 1229 4975 αὐτῇ,
1259 4907 1395 4976 ὅπερ
1422 4903 1707 4975 γενόμενον
1734 4904 1967 4975 ὁρῶμεν.

409 5004 538 5069 Πῶς
565 4998 657 5057 οὖν
679 5001 775 5069 ἐπὶ
796 4998 999 5053 τούτων
1027 4997 1135 5052 τῶν
1176 4996 1436 5067 μειζόνων
1460 4994 1705 5067 μηδαμοῦ
1732 4994 1824 5047 τὸν
1856 4994 1971 5048 Πα-

410 5097 548 5168 τέρα
607 5091 1089 5161 ἐπικαλεσάμενος,
1138 5088 1172 5157 ἢ
1220 5089 1317 5159 τῆς
1363 5086 1489 5156 παρ’
1543 5085 1748 5139 ἐκείνου
1794 5084 1975 5156 ἰσχύος

411 5166 687 5260 δεόμενος,
728 5182 831 5238 ὐπὸ
856 5182 963 5235 τῶν
995 5180 1290 5234 ἐλαττόνων
1324 5177 1588 5250 πατρόθεν
1618 5166 1732 5240 τὰς
1757 5177 1977 5248 εὐεργεο

417 5282 541 5344 σίας
572 5277 943 5348 δανειζόμενος
972 5273 1096 5336 τιύς
1128 5273 1435 5343 κάμνοντας
1470 5268 1719 5331 ἀκέεταις
1766 5269 1979 5337 Ἄπαγε

417 5368 536 5435 οὖν,
568 5369 883 5437 ἀξιάγαστε,
913 5367 1011 5437 τῆς
1040 5362 1294 5432 τοιαύτης
1330 5361 1459 5432 περὶ
1489 5357 1721 5429 Χριστοῦ
1755 5358 1978 5422 ἐννοίας.

2018 1480 2021 1481 ,
2392 1417 2592 1474 INTER
2602 1413 2900 1472 ROGATIO
2937 1411 3168 1466 CXXVI.

2079 1514 2180 1581 Qui
2216 1513 2273 1567 ﬁt
2301 1520 2362 1565 ut
2392 1525 2515 1564 cum
2547 1508 2693 1563 dicat
2737 1505 3014 1566 Senator,
3056 1500 3201 1571 quod
3235 1496 3573 1569 quemadmo-

2010 1608 2133 1660 dum
2155 1605 2319 1660 Pater
2342 1602 2536 1657 excitat
2582 1608 2812 1652 mortuos
2842 1607 2891 1651 et
2923 1594 3172 1664 viviﬁcat,
3209 1592 3282 1645 sic
3304 1601 3352 1644 et
3395 1586 3568 1642 Filius

2011 1713 2141 1768 quos
2168 1695 2275 1749 vult
2306 1694 2535 1763 vivi/icat
2559 1693 2638 1758 u;
2675 1690 2739 1743 ad
2774 1688 3038 1743 Lazarum
3069 1684 3315 1747 veniens,
3343 1696 3453 1734 non
3481 1695 3575 1734 ex-

2014 1793 2143 1848 citet
2170 1791 2347 1858 ipsum
2381 1792 2647 1856 potestate
2681 1781 2924 1852 propria,
2965 1777 3061 1833 sed
3094 1776 3309 1831 invocet
3334 1771 3573 1835 Patrem,

2015 1884 2239 1939 dicens:
2278 1881 2456 1943 Pater,
2496 1875 2739 1947 glori/ica
2772 1871 2977 1926 Filium
3008 1878 3155 1923 tuum
3175 1867 3243 1931 ⁸³,
3274 1866 3459 1935 sicque
3490 1878 3580 1918 re-

2016 1983 2171 2032 vocet
2197 1989 2264 2030 ex
2297 1969 2531 2026 mortuis
2559 1964 2869 2020 Lazarum?

2640 2054 2947 2125 Responsio.

2085 2155 2230 2211 Nihil
2259 2155 2457 2209 horum
2486 2149 2595 2222 ipsi
2623 2146 2922 2219 quidquam
2951 2138 3238 2212 potestatis
3278 2136 3359 2192 vel
3394 2143 3586 2189 aucto-

2017 2250 2194 2307 ritatis
2233 2246 2444 2303 adimit.
2486 2241 2667 2313 inquit
2692 2239 2842 2295 enim
2877 2255 2892 2292 :
2925 2235 3152 2305 Propter
3180 2239 3444 2285 astantem
3477 2236 3591 2281 tur-

2021 2345 2141 2398 bam
2188 2340 2326 2403 dixi,
2359 2346 2418 2391 ut
2451 2335 2668 2390 credant
2695 2331 2761 2385 “.
2792 2328 2934 2396 Quid
2961 2340 3088 2381 vero
3120 2337 3314 2379 rursus
3361 2317 3593 2387 subiun-

2021 2431 2123 2504 git,
2157 2428 2224 2484 Ut
2248 2438 2299 2484 et
2328 2426 2503 2481 Filius
2534 2435 2582 2478 te
2631 2421 2932 2493 gloriﬁcet?
2961 2413 3217 2484 Nunquid
3252 2411 3419 2482 igitur
3451 2405 3592 2461 indi-

2022 2493 2117 2593 get
2140 2518 2336 2590 gloria,
2378 2528 2543 2586 quam
2586 2518 2956 2578 consequatur
2998 2519 3030 2559 a
3064 2502 3221 2566 Filio,
3259 2498 3456 2554 Pater?
3485 2493 3596 2551 Ne-

2023 2587 2320 2683 quaquam.
2354 2603 2461 2660 Sed
2504 2599 2827 2675 gloriﬁcavit
2871 2596 3029 2651 Pater
3057 2593 3276 2654 Filium,
3325 2597 3383 2645 et
3423 2587 3596 2643 Filius

2026 2702 2264 2764 Patrem,
2308 2694 2726 2753 manifestantes
2774 2688 2934 2747 nobis
2982 2700 3144 2743 suum
3178 2695 3507 2740 consensum
3542 2688 3599 2735 et

2026 2794 2392 2867 aequalitatem
2428 2787 2632 2860 gloria.
2680 2780 2968 2850 Quomodo
3014 2793 3141 2834 vero
3192 2775 3248 2830 in
3298 2772 3599 2843 majoribus

2028 2862 2257 2960 prorsus
2302 2879 2627 2937 auctoritate
2680 2889 2780 2929 sua
2813 2871 3023 2926 faciens
3073 2867 3254 2925 omnia
3301 2864 3494 2929 Filius,
3543 2862 3599 2915 in

2031 2951 2339 3036 minoribus
2366 2980 2592 3042 paterna
2631 2965 2857 3035 indiget,
2895 2972 2957 3018 ut
2984 2961 3090 3025 ais,
3124 2957 3489 3029 permissione
3516 2951 3605 3006 vel

2035 3068 2281 3129 auxilio?
2304 3066 2546 3122 Puniens
2572 3059 2717 3115 enim
2748 3065 2804 3112 et
2833 3052 3181 3110 benefaciens
3208 3063 3477 3117 nusquam
3501 3044 3608 3100 Pa-

2041 3175 2180 3223 trem
2211 3163 2447 3217 invocat.
2494 3153 2657 3218 Nam,
2701 3147 2898 3211 Venite,
2936 3144 3133 3215 inquit,
3185 3139 3439 3195 benedicti
3494 3136 3608 3189 Pa-

2040 3261 2139 3315 tris
2168 3254 2291 3321 mei,
2318 3248 2579 3322 possidete
2606 3250 2853 3314 paratum
2879 3236 3025 3293 vobis
3056 3248 3271 3304 regnum
3302 3229 3421 3284 inde
3449 3241 3611 3297 usque

2041 3350 2105 3405 ab
2136 3348 2300 3420 jactis
2343 3340 2699 3415 fundamentis
2739 3335 2923 3389 mundi
2947 3332 3016 3386 “.
3048 3329 3130 3384 Ad
3165 3328 3392 3382 alteram
3427 3330 3611 3377 autem

2042 3418 2277 3514 partem,
2308 3434 2571 3491 Discedite
2600 3448 2634 3485 a
2680 3446 2783 3497 me,
2813 3424 3105 3485 maledicti,
3148 3421 3200 3473 in
3244 3418 3413 3489 ignem
3458 3422 3615 3468 teter.

2045 3504 2255 3587 num“.
2299 3525 2381 3581 Ad
2416 3521 2775 3594 paralyticum
2824 3515 3036 3585 inquit;
3085 3509 3271 3578 Surge,
3316 3504 3437 3560 tolle
3466 3513 3613 3557 tuum

2046 3621 2382 3694 grabbatum,
2410 3625 2460 3670 et
2493 3613 2580 3667 abi
2602 3612 2659 3665 in
2688 3612 2903 3663 domum
2938 3615 3084 3659 tuam
3106 3601 3174 3653 "".
3204 3597 3347 3653 Alibi
3377 3608 3569 3649 rursus
3595 3611 3611 3647 :

2052 3686 2170 3769 'Tibi
2192 3712 2330 3777 dico,
2373 3707 2693 3768 adolescens,
2725 3715 2878 3770 surge
2902 3711 2966 3751 ea:
3000 3693 3224 3748 mortuis
3245 3690 3312 3742 ⁸⁸.
3349 3686 3616 3743 Similiter

2050 3814 2104 3861 et
2127 3801 2251 3857 tiliae.
2272 3774 2538 3869 principis
2567 3804 2857 3862 synagoga;
2879 3784 3149 3842 defuncta:
3171 3780 3380 3851 inquit:
3404 3774 3613 3835 Puella,

2052 3909 2205 3965 surge
2226 3866 2291 3944 δ’.
2317 3888 2555 3959 Leproso
2576 3894 2758 3939 autem
2781 3896 2811 3936 a
2834 3879 3037 3935 vertice
3063 3875 3128 3930 ad
3153 3872 3313 3944 pedes
3338 3883 3511 3938 usque
3533 3866 3616 3920 ul-

2053 3958 2271 4044 ceribus
2299 3983 2478 4055 pleno,
2510 3985 2730 4033 extenta
2757 3988 2946 4036 manu,
2984 3967 3137 4032 Volo,
3161 3964 3357 4034 inquit,
3393 3958 3618 4014 mundus

2053 4088 2165 4136 esto
2185 4079 2231 4112 "
2268 4049 2400 4132 {ubi
2430 4069 2636 4127 recedit
2674 4065 2919 4127 morbus,
2949 4061 3130 4117 divina
3160 4057 3436 4112 voluntate
3467 4049 3621 4118 luga-

2056 4181 2162 4228 tus.
2192 4169 2332 4225 Cum
2361 4162 2729 4234 increpatione
2758 4160 2884 4213 item
2911 4152 3090 4223 inquit
3118 4169 3131 4205 :
3164 4147 3279 4203 Tibi
3303 4146 3445 4209 dico,
3481 4141 3618 4195 malo

2058 4261 2307 4326 dwmoni,
2348 4258 2432 4313 exi
2481 4233 2544 4309 ab
2586 4253 2730 4307 eo".
2770 4246 3001 4303 Cohibet
3040 4241 3204 4298 etiam
3251 4233 3621 4305 increpatione

2060 4354 2322 4413 tumidam
2349 4352 2628 4422 abyssum.
2654 4343 2722 4398 Et
2741 4356 2864 4399 cum
2885 4339 3019 4394 viris
3042 4335 3206 4390 urbes
3229 4330 3620 4390 condemnans,

2063 4460 2186 4501 cum
2225 4418 2491 4513 potestate
2525 4436 2744 4507 inquit:
2780 4431 2868 4487 Va:
2907 4430 3023 4494 tibi,
3074 4423 3359 4486 Chorazin,
3400 4437 3476 4474 va:
3507 4418 3622 4483 tibi,

2066 4509 2393 4595 Betltsaida;
2441 4540 2492 4586 et
2537 4539 2614 4596 tu,
2667 4526 3023 4597 Capernaum,
3065 4534 3182 4591 qut:
3220 4532 3272 4570 es
3322 4514 3379 4573 in
3438 4509 3625 4564 calum

2066 4644 2229 4700 usque
2274 4623 2535 4688 exaltata,
2590 4635 2751 4691 usque
2804 4617 2873 4670 ad
2905 4614 3100 4684 inferos
3138 4607 3414 4664 descendes
3438 4604 3502 4656 ".
3561 4598 3627 4652 Et

2068 4693 2306 4775 veterem
2330 4714 2523 4770 tollens
2539 4709 2991 4780 Hierosolymam,
3019 4701 3195 4772 inquit
3217 4719 3231 4754 :
3254 4696 3304 4751 Ν
3311 4713 3377 4750 οη
3399 4693 3627 4749 manebit

2070 4813 2126 4866 in
2142 4826 2203 4865 ea
2226 4809 2363 4878 lapis
2389 4821 2544 4875 super
2564 4802 2737 4873 lapide
2754 4799 2821 4853 ".
2854 4797 2911 4852 ld
2935 4796 3080 4867 quod
3110 4792 3308 4847 factum
3334 4787 3627 4863 cernimus:

2072 4901 2356 4972 Quomodo
2383 4898 2547 4969 igitur
2586 4896 2639 4948 in
2682 4890 2983 4962 majoribus
3016 4885 3139 4942 istis
3172 4896 3440 4953 nusquam
3476 4879 3631 4933 invo-

2076 5005 2197 5052 cato
2227 4991 2404 5056 Patre,
2455 4999 2545 5044 aut
2596 4985 2843 5054 indigens
2889 4980 2957 5037 ab
2992 4980 3111 5049 ipso
3157 4977 3369 5034 collatis
3395 4972 3629 5038 viribus,

2078 5088 2131 5141 in
2173 5083 2473 5139 minoribus
2518 5096 2550 5134 a
2591 5076 2752 5131 Patre
2801 5072 3059 5128 beneﬁcia
3098 5069 3257 5141 quasi
3301 5074 3491 5121 mutuo
3532 5078 3629 5117 su-

2082 5191 2256 5238 mens,
2289 5172 2533 5229 medetur
2564 5148 2972 5223 laborantibus?
3007 5162 3165 5217 Absit
3194 5161 3357 5231 igitur
3385 5154 3572 5228 procul
3598 5166 3631 5206 a

2082 5275 2157 5327 te.
2219 5280 2253 5318 ο
2304 5258 2734 5334 praeclarissime,
2784 5255 2908 5310 talis
2950 5252 3017 5308 de
3066 5250 3284 5307 Christo
3334 5243 3629 5316 cogitatio!

2084 5355 2204 5411 Non
2233 5355 2377 5409 enim
2408 5350 2704 5405 secundum
2738 5344 3009 5401 delectum
3053 5337 3392 5395 auctoritatis
3425 5341 3519 5386 aut
3551 5345 3640 5384 ro-

421 5422 642 5534 Οὐ
666 5422 790 5515 καθ’
823 5422 1111 5530 ὑστέριισιν
1144 5422 1429 5517 αὐθεντίας
1465 5453 1499 5523 ἢ
1541 5422 1734 5524 ρώμης
1782 5451 1839 5504 ἐν
1872 5469 1942 5504 τις

2087 5449 2237 5506 boris
2290 5446 2344 5501 in
2393 5441 2720 5515 quibusdam
2764 5438 2900 5494 locis
2947 5436 3160 5490 Patrem
3195 5426 3509 5496 alloquitur,
3546 5422 3644 5479 sed

497 5622 544 5652 δ’
585 5618 741 5676 Joan.
781 5634 836 5680 ν,
874 5616 963 5670 Si.
1035 5614 1081 5646 "
1117 5611 1273 5667 Joan.
1309 5627 1385 5674 xl,
1422 5610 1511 5666 41.
1585 5610 1631 5642 ⁸⁸
1666 5608 1821 5664 Joan.
1863 5623 1941 5675 ιι,
1979 5606 2069 5680 42.

2141 5606 2187 5637 ιε
2225 5600 2411 5657 Matth.
2447 5616 2575 5662 xxv,
2608 5596 2696 5652 st.
2774 5593 2822 5625 δι
2860 5586 3103 5662 ibid._£l.
3178 5583 3220 5616 ιτ
3260 5580 3644 5662 ygtttt:_t;,c.

526 5650 543 5652 ‘
585 5650 741 5676 dua".
786 5650 836 5680 ν,
879 5650 963 5670 ἀοι.
1117 5650 1273 5667 uua".
1309 5650 1385 5674 al,
1422 5650 1511 5666 τι.
1666 5650 1821 5664 -νυ-..ε
1865 5650 1941 5675 ω,

428 5689 477 5722 ⁸⁸
518 5690 650 5744 Luc.
689 5705 785 5755 vn,
826 5687 913 5740 14.
986 5685 1031 5718 δ’
1069 5685 1202 5738 Luc.
1234 5698 1363 5755 vni,
1404 5682 1458 5736 5.
1532 5682 1579 5713 ³ο
1621 5680 1808 5735 Matth.
1848 5694 1942 5733 vut

2099 5650 2415 5740 διανοῇ,ἶί
2443 5650 2631 5738 Luc.
2662 5662 2823 5730 v.15.
2897 5662 2940 5695 ἰ
2981 5657 3145 5713 Marc.
3183 5667 3224 5719 ι,
3262 5652 3352 5706 25.
3425 5653 3473 5684 ⁸²
3511 5650 3644 5705 Luc.

432 5776 491 5828 ι,
521 5762 608 5824 15,
650 5760 736 5815 15.
772 5752 779 5755 ⁷
810 5758 859 5792 ⁸³
898 5756 1029 5812 Luc.
1073 5770 1188 5820 XIX,
1222 5752 1308 5806 44.
