4048 6222
480 332 618 389 1023

478 448 680 521 ubique
712 448 761 507 is
788 450 839 506 ei
872 451 1186 523 propositus
1213 469 1412 527 scapus
1443 465 1549 527 est,
1585 468 1646 514 ιιι
1669 459 1737 515 ad
1770 460 2045 517 humilita-

478 552 586 596 tem
611 556 713 598 nos
742 543 999 608 instruat,
1029 553 1082 600 et
1104 548 1373 619 superbize
1396 548 1593 605 fastum
1626 551 1786 607 nobis
1814 552 2051 610 adimat:

480 646 648 705 utque
669 636 830 693 nobis
848 637 1000 692 nullo
1019 641 1177 695 modo
1196 642 1600 711 permittamus,
1625 652 1684 698 ut
1705 660 1827 714 quae
1848 645 2056 715 agenda

478 736 626 793 sunt,
682 738 808 785 ante
859 730 1033 801 ipsius
1062 731 1288 789 ductum
1338 736 1681 801 inchoemus,
1733 738 1827 793 sed
1875 738 2057 794 omnis

479 828 587 872 tam
627 822 900 876 sermonis
928 838 1092 893 quam
1128 826 1361 881 actionis
1388 829 1456 883 ab
1491 828 1609 898 ipso
1640 829 1936 899 primordia
1973 845 2060 887 ca-

477 925 711 978 piamus.

858 1001 1376 1060 INTERROGATIO
1415 1006 1674 1064 CXXVII.

548 1092 837 1158 Quomodo
873 1112 1002 1150 vero
1033 1098 1165 1152 dicit
1185 1099 1503 1167 Apostolus,
1534 1100 1712 1169 ipsum
1746 1100 1893 1156 Patri
1926 1102 2060 1158 sub-

481 1185 800 1254 jiciendum,
853 1198 913 1242 ut
972 1190 1168 1259 majori
1223 1192 1510 1247 videlicet?
1554 1192 1689 1249 Nam
1743 1196 1833 1267 qui
1860 1196 2058 1263 omnia,

482 1278 680 1346 inquit,
730 1282 947 1350 subjecit
997 1285 1067 1349 ei,
1115 1293 1238 1339 tunc
1265 1294 1313 1339 et
1342 1287 1452 1356 ipse
1500 1288 1810 1357 subjiciatur
1841 1288 1944 1353 illi,
1970 1290 2060 1359 qui

481 1373 584 1441 ipsi
614 1375 793 1428 omnia
825 1376 1045 1443 subjecit
1070 1374 1136 1430 ⁵⁵.
1165 1376 1452 1442 Quomodo
1485 1379 1649 1450 igitur
1675 1390 1852 1450 potest
1878 1396 2063 1450 aequa-

481 1464 548 1519 lis
591 1480 715 1521 esse
747 1464 919 1533 Patri,
960 1483 1085 1523 cum
1132 1478 1349 1525 constet
1387 1471 1653 1527 minorem
1705 1472 1901 1544 subjici
1945 1488 2064 1528 ma-

481 1554 628 1625 jori?

1115 1646 1425 1717 Responsio.

550 1735 647 1790 Ille
688 1736 806 1806 ipse
852 1737 1010 1793 nobis
1060 1739 1298 1795 eximius
1345 1750 1401 1796 et
1423 1741 1644 1798 divinus
1676 1758 1857 1814 praeco
1900 1743 2066 1815 inspi-

482 1826 707 1881 ciendus
740 1836 845 1893 est,
883 1830 977 1899 qui
1024 1830 1128 1884 hoc
1158 1830 1276 1886 loco
1315 1833 1491 1904 magis
1517 1835 1812 1890 carnaliter
1841 1835 2065 1891 disserit

482 1916 550 1969 ad
584 1916 852 1983 rudiores,
876 1935 977 1974 nec
1010 1920 1190 1976 adhuc
1232 1922 1429 1977 animae
1457 1924 1711 1979 sensibus
1737 1926 2064 1980 exercitatos

482 2008 550 2061 ad
593 2008 1038 2078 dijudicationem
1076 2014 1460 2069 sublimiorum
1508 2016 1899 2071 doctrinarum.
1932 2016 2057 2083 Qui-

482 2117 683 2169 cunque
714 2102 769 2154 in
802 2100 1073 2157 Christum
1106 2107 1366 2175 baptizati
1392 2108 1541 2175 estis,
1565 2109 1764 2179 inquit,
1793 2108 2066 2164 Christum

482 2195 823 2249 iveduistis".
863 2195 1074 2262 Quibus
1112 2199 1167 2253 in
1205 2200 1386 2255 verbis
1417 2201 1852 2257 ecclesiasticum
1904 2202 2067 2257 intel~

484 2285 603 2355 ligit
630 2297 856 2352 cretum,
885 2291 978 2358 qui
1007 2291 1285 2347 Christum
1315 2302 1510 2363 gestat.
1534 2292 1670 2349 Cum
1701 2306 1881 2349 autem
1907 2295 2066 2351 modo

484 2377 847 2446 subjiciantur
876 2381 926 2435 ei
950 2397 1044 2451 per
1072 2382 1231 2437 ﬁdem
1272 2394 1482 2455 gentes,
1524 2387 1769 2441 nondum
1798 2387 2065 2458 integra—ii

482 2483 607 2525 esse
635 2470 1028 2540 subjectionem
1062 2473 1319 2531 Ecclesia}
1352 2478 1594 2546 gentium
1627 2478 1884 2535 admittit.
1925 2477 2067 2535 Nec-

483 2560 613 2615 dum
645 2563 788 2617 cnim
827 2565 1115 2634 plenitudo
1157 2569 1401 2639 gentium
1439 2570 1686 2641 ingressa
1719 2581 1824 2637 est,
1857 2580 1916 2626 ut
1954 2573 2070 2643 ipse

484 2653 563 2708 ait
622 2652 922 2724 Apostolus
945 2659 992 2690 ⁸⁸
1025 2675 1040 2712 :
1078 2660 1171 2715 sed
1202 2660 1450 2731 quotidie
1495 2670 1719 2717 sanctus
1754 2662 1845 2717 ille
1891 2673 2068 2719 cattus

485 2747 807 2804 accessione
863 2751 1202 2807 credentium
1252 2754 1648 2823 subjectionem
1696 2755 1911 2826 recipit,
1958 2748 2067 2810 non

487 2840 646 2895 aliter
692 2858 757 2899 ac
790 2844 836 2899 si
879 2844 1135 2901 Christus
1166 2846 1284 2916 ipse
1331 2848 1581 2917 recipiat.
1616 2846 1846 2913 Quando
1887 2858 2068 2903 autem

486 2930 771 3000 plenitudo
800 2935 1041 3004 gentium
1075 2936 1321 3007 ingressa
1348 2937 1533 3005 fuerit,
1568 2948 1622 2994 et
1652 2939 1955 2994 absolutam
1987 2941 2071 2994 in-

488 3031 808 3094 tegramque
831 3024 1229 3095 subjectionem
1262 3029 1517 3083 habuerit
1549 3028 1814 3094 Ecclesia,
1847 3039 2072 3100 quaeest

489 3113 740 3171 Christus
764 3115 1066 3169 secundum
1096 3131 1341 3180 carnem,
1366 3124 1495 3172 tunc
1518 3126 1573 3171 et
1598 3118 1713 3187 ipse
1740 3126 1885 3174 totus
1910 3135 2068 3174 εχει-ο

490 3204 635 3258 citus
699 3204 1020 3273 subjicietur
1067 3206 1147 3272 ei,
1208 3207 1301 3277 qui
1357 3207 1592 3277 subjecit
1643 3210 1745 3278 ipsi
1784 3211 2067 3281 (nimirum

489 3294 706 3349 Christo
740 3296 1041 3350 secundum
1091 3296 1335 3370 carnem)
1402 3300 1607 3353 omnia.
1640 3299 1823 3370 Itaque
1851 3317 1948 3371 per
1985 3302 2073 3357 di-

489 3398 637 3443 ctum
676 3388 780 3442 hoc
805 3389 950 3458 quod
997 3390 1219 3459 scripsit
1262 3391 1327 3445 ad
1378 3392 1647 3457 rudiores,
1694 3408 1803 3448 non
1851 3409 2069 3450 omnem

489 3481 691 3535 revelat
737 3480 909 3550 ipsius
936 3480 1139 3536 Christi
1188 3483 1422 3553 propria:
1458 3484 1740 3554 potestatis
1770 3487 2072 3543 auctorita-

491 3581 599 3627 tem
640 3581 693 3628 et
719 3573 1082 3637 divinitatem,
1129 3589 1251 3644 qua:
1300 3575 1431 3629 nihil
1477 3577 1587 3647 agit
1619 3587 1809 3633 contra
1836 3578 2069 3635 Patrem.

492 3665 720 3733 Quando
774 3682 903 3722 vero
958 3667 1100 3738 apud
1160 3683 1257 3724 eos
1310 3669 1532 3725 disserit
1575 3671 1671 3741 qui
1720 3670 2072 3742 perfectiores

493 3768 622 3816 sunt
659 3760 1038 3833 intelligentia,
1071 3762 1230 3831 quasi
1262 3762 1576 3818 solidiorem
1602 3764 1896 3834 quemdam
1929 3780 2072 3835 prae-

492 3861 576 3908 ter
620 3853 855 3909 lacteum
891 3862 941 3911 et
993 3854 1255 3925 puerilem
1291 3855 1504 3923 cibum,
1535 3870 1647 3926 quo
1687 3857 1950 3912 lactentes
1988 3857 2074 3911 in-

489 3944 669 4002 fantes
715 3946 987 4013 cibantur,
1034 3948 1296 4017 apponit;
1331 3956 1385 4003 et
1423 3963 1454 4003 a
1500 3948 1664 4004 rebus
1709 3949 2072 4005 divinioribus

494 4038 898 4095 institutionem
930 4047 1250 4107 contexens,
1299 4039 1561 4110 paulatim
1595 4040 1787 4095 adimit
1828 4040 2073 4095 auctori-

490 4131 622 4188 tatis
665 4129 1063 4202 potestatisque
1099 4130 1304 4186 Christi
1344 4130 1669 4195 velamenta,
1715 4140 1771 4186 et
1809 4132 2070 4201 aequalem

492 4225 685 4293 gloria,
709 4224 975 4295 aqualem
999 4224 1265 4295 potentia,
1294 4224 1639 4294 liberumque
1664 4238 1890 4294 prorsus
1918 4239 1983 4279 ex
2013 4239 2074 4281 se

492 4320 661 4374 Deum
683 4334 806 4375 esse
835 4319 1015 4389 ipsum
1044 4318 1405 4382 demonstrat,
1437 4317 1742 4373 luculenter
1769 4318 2015 4373 clamans
2040 4338 2052 4372 :

494 4412 872 4480 Exspectamus
904 4410 1107 4464 Filium
1141 4410 1255 4478 ejus
1292 4426 1319 4464 e
1346 4410 1511 4477 cmlis,
1544 4410 1634 4480 qui
1668 4410 2071 4480 transformabit

493 4522 679 4576 corpus
708 4506 1025 4558 humilitatis
1068 4512 1284 4569 nostra,
1329 4514 1385 4556 ut
1426 4504 1522 4573 ﬁat
1556 4504 1823 4571 conforme
1864 4504 2071 4572 corpori

492 4598 674 4669 gloria:
712 4614 843 4661 sure,
896 4613 987 4666 per
1016 4596 1301 4665 efﬁcaciam
1336 4598 1609 4665 potestatis
1641 4600 1776 4665 ejus,
1812 4605 1869 4650 ut
1907 4598 2072 4667 possit

491 4699 541 4744 et
569 4690 678 4759 ipse
706 4689 965 4758 subjicere
989 4687 1091 4741 sibi
1120 4686 1297 4740 omnia
1317 4687 1383 4740 ⁵⁷.
1421 4685 1479 4740 ΕΙ
1514 4687 1641 4741 alibi
1670 4687 1846 4757 inquit
1874 4705 1885 4741 :
1924 4686 2069 4752 Quo-

493 4784 642 4836 uiam
672 4782 809 4837 Deus
835 4793 949 4836 erat
982 4782 1037 4836 in
1066 4781 1299 4846 Christo,
1336 4780 1586 4834 mundum
1618 4780 1719 4835 sibi
1755 4780 1859 4850 ipsi
1893 4796 2075 4834 recou-

494 4874 773 4927 cilians".
811 4872 950 4929 Ecce
998 4872 1265 4928 ambobus
1317 4872 1438 4927 istis
1479 4872 1532 4925 in
1582 4872 1738 4937 locis,
1774 4873 1919 4942 quod
1967 4872 2071 4928 sibi

492 4966 597 5035 ipsi
650 4966 923 5036 subjiciat,
984 4966 1274 5021 indicatur.
1333 4964 1629 5036 Segregato
1682 4964 1843 5034 igitur
1878 4973 2072 5020 temet-

494 5060 673 5128 ipsum
705 5074 732 5111 a
766 5060 857 5113 tali
888 5060 1183 5126 dementia,
1216 5075 1343 5116 cum
1374 5069 1546 5114 semet
1577 5058 1816 5114 declaret
1845 5059 2075 5128 Aposto-

496 5152 603 5215 lus,
637 5166 738 5206 nec
772 5152 953 5206 omnia
1005 5154 1186 5207 tradat
1216 5153 1406 5208 eodem
1446 5151 1672 5222 scripto,
1721 5151 1815 5207 sed
1849 5165 1946 5221 pro
1993 5166 2076 5206 ra-

498 5243 646 5297 tione
676 5240 1110 5312 uniuscujusque
1134 5244 1359 5311 scribat,
1394 5252 1450 5299 et
1479 5242 1639 5312 quasi
1666 5257 1830 5299 manu
1859 5242 1926 5297 ad
1952 5256 2075 5312 per-

495 5332 783 5390 fectionem
814 5331 968 5385 ducat
981 5371 994 5384 .

864 5422 930 5477 IN
940 5419 1382 5480 TERROGATIO
1422 5422 1699 5481 CXXVIII.

567 5519 705 5575 Cum
748 5518 910 5591 igitur
956 5516 1100 5574 Deus
1141 5521 1211 5574 sit
1238 5518 1488 5576 Christus
1536 5529 1591 5574 et
1639 5518 1864 5590 aequalis
1897 5517 2066 5589 Patri,

498 5627 598 5668 cur
632 5612 719 5666 hic
747 5614 861 5681 ipse
886 5611 1181 5681 Apostolus
1217 5612 1429 5666 Patrem
1470 5612 1689 5681 quidem
1726 5611 1914 5667 scribit
1947 5627 2069 5667 esse

500 5703 695 5770 Deum,
743 5702 937 5757 Filium
982 5716 1167 5763 autem
1220 5703 1547 5759 Dominum?
1586 5701 1697 5759 Nec
1725 5718 1918 5773 parum
1962 5703 2069 5759 huc

1554 336 1610 393 S.
1660 338 1957 396 CAESARI]
2017 339 2345 400 GREGORII
2386 343 2685 401 FRATRIS

3597 350 3741 407 ιῡαι

2156 462 2341 526 τόποις
2375 463 2455 533 τῷ
2472 464 2644 536 Πατρὶ
2672 463 3119 536 προσδιαλέγεται
3138 480 3154 496 ·
3185 462 3323 518 ἀλλὰ
3362 464 3563 530 σκοπὸς
3588 467 3740 537 αὐτῷ

2157 558 2331 628 πάντη
2358 560 2428 612 τὰ
2453 559 2949 630 ταπεινοφροσύνης
2986 559 3271 613 παιδεῦσαι
3302 562 3469 629 ἡμᾶς,
3507 562 3603 614 καὶ
3639 564 3743 632 τὴν

2157 652 2464 725 κορὺφωσιν
2511 653 2609 723 τῆς
2643 653 3017 723 ὑπερηφανίας
3063 654 3361 725 ἀποτρίψαι
3408 654 3587 725 ἡμῶν,
3647 657 3742 710 καὶ

2161 743 2426 814 μηδαμῶς
2478 744 2693 805 ἑαυτοῖς
2739 744 3055 813 ἐπιτρέπειν
3091 745 3161 797 τὰ
3203 745 3450 816 πρακτέα
3498 746 3609 817 πρὸ
3644 747 3743 817 τῆς

2158 834 2321 891 αὑτοῦ
2354 834 2729 906 καθηγήσεως,
2796 834 2933 888 ἀλλὰ
2969 834 3169 899 παντὸς
3206 835 3364 904 λόγου
3395 838 3490 890 καὶ
3524 837 3742 909 δράμα-

2157 942 2250 990 τος
2278 924 2440 980 αὑτὸν
2477 924 2744 977 ποιεῖσθαι
2774 924 3083 994 προοίμιον.

2713 1016 2964 1069 ΠΕΥΣΙΣ
3001 1016 3173 1068 PKZ'.

2233 1109 2342 1164 Kal.
2390 1108 2505 1173 πῶς
2538 1110 2567 1163 6
2612 1108 2931 1171 ’Λπόστολος
2976 1106 3416 1178 ὑποταγήσεσθαι
3460 1107 3629 1161 αὑτὸν
3667 1106 3748 1179 τῷ

2162 1200 2339 1271 Πατρί
2375 1200 2544 1269 λέγει,
2576 1198 2817 1271 δηλονότι
2856 1198 2932 1261 ὡς
2979 1196 3220 1268 μείζονις
3252 1197 3438 1250 Ὅταν
3472 1196 3604 1267 γὰρ,
3641 1214 3748 1265 φη-

2163 1294 2267 1357 σίν,
2319 1291 2591 1361 ὑποταγῇ
2645 1290 2805 1357 αὐτῷ
2859 1290 2929 1345 τὰ
2971 1289 3186 1356 πάντα,
3233 1290 3364 1341 τότε
3414 1288 3517 1341 καὶ
3560 1289 3751 1355 αὐτὲς

2161 1380 2607 1449 ὑποταγήσεται
2651 1379 2730 1445 τῷ
2780 1379 3149 1443 ὑποτάξαντι
3187 1378 3348 1443 αὐτῷ
3402 1379 3474 1432 τὰ
3522 1376 3747 1433 πάντα.

2163 1470 2289 1534 Πῶς
2322 1467 2414 1524 οὖν
2445 1470 2667 1525 δύναται
2698 1470 2881 1541 ὅμοιος
2921 1470 3192 1541 ὑπάρχειν
3217 1468 3295 1540 τῷ
3336 1469 3546 1541 Πατρί;
3585 1470 3749 1543 δῆλον

2164 1563 2293 1633 γὰρ,
2323 1564 2405 1617 ὅτι
2432 1561 2673 1616 ἐλάσσων
2698 1561 2775 1633 τῷ
2812 1561 3019 1631 μείζονι
3050 1562 3435 1615 ὑποτάσσεται.

2779 1654 3144 1722 Ἀπόκρισις.

2235 1746 2407 1800 Αὑτὸν
2448 1748 2653 1801 ἐκεῖνον
2678 1744 2866 1817 ἀθρεῖν
2892 1745 2973 1799 δεῖ
2998 1744 3088 1798 τὸν
3135 1745 3336 1815 ὑψηλὸν
3368 1746 3555 1817 ίεροκή
3566 1763 3712 1817 ρυκα
3731 1763 3749 1777 ·

2166 1838 2399 1893 ἐνταῦθα
2430 1838 2530 1909 μὲν
2572 1838 3009 1910 σαρκωδέστερον
3039 1837 3417 1907 διαλεγόμενον
3460 1837 3602 1909 πρὸς
3624 1839 3755 1901 τοὺς

2166 1932 2552 2003 νηπιωτέρους,
2598 1934 2691 1986 καὶ
2721 1933 2889 2003 μήπω
2920 1934 3403 2004 γεγυμνασμένους
3438 1932 3507 1987 τά
3540 1932 3757 2003 ψυχικὰ

2167 2022 2493 2095 αἰσθητήρια
2546 2024 2681 2096 πρὸς
2721 2024 2990 2095 διάκρισιν
3043 2023 3388 2097 ὑψηλοτέρων
3440 2024 3752 2095 δογμάτων.

2169 2113 2343 2170 ’Ὅσοι
2391 2116 2500 2189 γὰρ
2551 2120 2638 2184 εἰς
2686 2118 2947 2186 Χριστὸν
2976 2118 3393 2185 ἐϐαπτίσθητε,
3426 2118 3580 2189 φησὶ,
3612 2121 3754 2186 Χρι-

2168 2206 2322 2261 στὸν
2357 2208 2728 2264 ἐνεδύσασθε
2747 2226 2761 2240 δ
2819 2210 3013 2274 οἵτινες
3044 2212 3073 2264 6
3100 2210 3555 2280 ἐκκλησιαστικὸς
3581 2211 3758 2282 ὑπάρ-

2168 2318 2254 2371 χει
2285 2301 2471 2372 ὄμιλος
2516 2302 2750 2374 Χριστὸν
2781 2303 2986 2374 φορῶν.
3034 2303 3149 2357 Νῦν
3195 2304 3251 2356 δὲ
3291 2304 3758 2375 ὑποτασσομένων

2170 2391 2318 2462 αὑτῷ
2348 2394 2405 2445 ἐν
2442 2394 2508 2463 τῇ
2542 2393 2721 2446 πίστει
2751 2393 2941 2457 ἐθνῶν,
2971 2388 3081 2447 οἷον
3115 2394 3173 2447 οὑ
3218 2393 3455 2465 παντελῆ
3489 2394 3586 2466 τὴν
3622 2396 3755 2448 ὑπο.

2169 2482 2341 2553 ταγὴν
2382 2483 2491 2535 τῶν
2529 2482 2697 2535 ἐθνῶν
2729 2483 3020 2554 δεξάμενος
3055 2485 3155 2554 τῆς
3198 2484 3543 2552 Ἐκκλησίας.
3586 2484 3755 2538 Οὔπω

2170 2574 2280 2647 γὰρ
2311 2576 2373 2629 τὸ
2401 2575 2674 2648 πλήρωμα
2693 2576 2801 2629 τῶν
2836 2576 3005 2629 ἐθνῶν
3040 2576 3274 2647 εἰσῆλθε,
3313 2576 3495 2639 καθώς
3523 2595 3689 2647 φησιν
3723 2580 3755 2631 6

2183 2664 2504 2731 Ἀπόστολος
2536 2669 2717 2731 αὑτός.
2779 2669 2920 2722 Ἀλλ’
2969 2670 3203 2738 ἑκάστης
3245 2670 3455 2741 ἡμέρας
3499 2673 3528 2723 ὁ
3568 2670 3754 2735 θίασος

2170 2761 2237 2829 τῇ
2287 2760 2569 2831 προσθήκῃ
2602 2759 2712 2813 τῶν
2743 2761 3107 2814 πιστευόντων
3155 2760 3254 2831 τὴν
3288 2761 3569 2833 ὑποταγὴν
3603 2760 3757 2831 δέχε-

2170 2864 2284 2911 ται,
2326 2847 2528 2901 ὡσανεὶ
2550 2848 2783 2919 Χριστὸς
2822 2851 2850 2903 6
2872 2849 3177 2920 δεχόμενος.
3221 2850 3389 2903 Ὅταν
3420 2850 3477 2903 δὲ
3522 2850 3581 2904 τὸ
3606 2851 3757 2921 πλή-

2177 2954 2336 3008 ρωμα
2374 2938 2482 2990 τῶν
2512 2938 2680 2992 ἐθνῶν
2724 2939 2961 3010 εἰσέλθῃ,
2993 2941 3088 2993 καὶ
3120 2940 3359 3011 παντελῆ
3405 2940 3501 2994 καὶ
3551 2940 3758 2995 ἀνυπό-

2172 3030 2387 3084 λειπτον
2414 3032 2565 3103 σχοίη
2596 3032 2694 3103 τὴν
2728 3033 3008 3104 ὑποταγὴν
3040 3035 3073 3103 ὴ
3116 3033 3431 3103 Ἐκκλησία,
3474 3033 3599 3102 ἥτις
3638 3034 3760 3087 ἐστὶ

2174 3124 2408 3194 Χριστὸς
2459 3125 2602 3178 κατὰ
2652 3126 2848 3197 σάρκα,
2899 3126 3017 3177 τότε
3066 3125 3161 3179 καὶ
3216 3125 3352 3196 αὑτὴ
3400 3126 3755 3196 πανστρατιᾷ

2176 3217 2579 3287 ὑποταγήσεται
2634 3216 2713 3288 τῷ
2784 3215 3109 3281 ὑποτάξαντι
3160 3218 3294 3289 αὑτῇ
3322 3217 3537 3285 (ὡσανεί
3596 3218 3758 3289 αὐτῷ

2172 3308 2392 3379 Χριστῷ
2433 3308 2572 3362 κατὰ
2609 3309 2808 3381 σάρκα)
2843 3310 2911 3363 τά
2956 3310 3152 3363 πάντα.
3188 3310 3274 3380 Τῷ
3301 3304 3389 3361 οὖν
3430 3308 3569 3378 πρὸς
3618 3309 3760 3373 τοὺς

2172 3403 2541 3473 νηπιωτέρους
2568 3403 2875 3473 γράμματι,
2911 3403 2971 3456 οὑ
3005 3405 3187 3456 πᾶσαν
3217 3400 3540 3455 ἐκκαλύπτει
3579 3401 3757 3455 αὑτοῦ

2174 3495 2409 3566 Χριστοῦ
2438 3494 2534 3567 τὴν
2565 3495 2849 3548 αὑθεντίαν
2873 3497 2967 3548 καὶ
3006 3495 3254 3567 θεότητα,
3276 3494 3369 3548 τοῦ
3404 3493 3478 3566 μὴ
3508 3493 3758 3547 ἀντίθεον

2173 3585 2334 3639 αὑτὸν
2362 3584 2661 3657 οἰηθῆναιῆ
2684 3585 3114 3655 ἀντιπράττοντα
3141 3584 3219 3656 τῷ
3244 3586 3442 3657 Πατρί.
3487 3585 3753 3657 Ὀπηνῐκα

2172 3676 2231 3731 δὲ
2263 3677 2400 3749 πρὸς
2438 3674 2801 3746 τελειοτέρους
2840 3675 2936 3747 τὴν
2987 3675 3237 3747 αἴσθησιν
3269 3674 3601 3744 διαλέγεται,
3642 3671 3748 3728 οἷον

2175 3770 2536 3842 στερροτέραν
2581 3766 2732 3837 παρὰ
2760 3767 2859 3831 τὴν
2890 3766 3210 3838 γαλακτώδη
3258 3766 3351 3821 xa‘t
3395 3767 3598 3837 νηπίαν
3632 3782 3753 3837 τρο-

2174 3862 2279 3933 φὴν
2308 3860 2638 3933 παρατίθησι
2687 3862 2791 3923 τοῖς
2841 3860 3151 3922 ὑποτίτθοις
3184 3860 3291 3914 ἀπὸ
3323 3859 3435 3914 τῶν
3465 3859 3757 3931 θειοτέρων

2172 3954 2272 4025 τὴν
2322 3953 2625 4024 καθήγησιν
2670 3950 3052 4024 ἐριθοὺμενος,
3103 3952 3288 4024 ἡρέμα
3337 3952 3615 4006 συνέλκων
3659 3951 3758 4021 τῆς

2172 4045 2455 4108 αὑθεντίας
2496 4043 2730 4117 Χριστοῦ
2762 4045 2833 4097 τά
2877 4044 3376 4115 παραπετάσματα,
3410 4045 3507 4097 καὶ
3538 4042 3757 4113 ίσοκλεῆ

2170 4154 2230 4190 τε
2251 4138 2343 4190 καὶ
2367 4134 2634 4207 ίσοσθενῆ,
2660 4133 3001 4199 αὐτεξούσιον
3028 4136 3193 4190 αὑτὸν
3223 4135 3353 4189 Θεὸν
3381 4135 3757 4201 ἀποδείκνυσι,

2171 4230 2464 4301 διαρρήδην
2494 4227 2653 4299 βοῶν,
2713 4226 3102 4297 Ἁναμένομεν
3132 4228 3239 4281 τὸν
3285 4227 3425 4282 flor
3462 4228 3654 4282 αὑτοῦ
3690 4228 3759 4280 ἐκ

2172 4323 2292 4375 τῶν
2325 4318 2616 4391 οὐρανῶν,
2661 4319 2728 4386 ὃς
2763 4322 3277 4390 μετασχηματίσει
3328 4320 3393 4374 τὸ
3428 4320 3603 4391 σῶμα
3651 4320 3761 4390 τῆς

2172 4410 2584 4476 ταπεινώσεως
2622 4411 2810 4480 ἡμῶν,
2847 4412 2934 4477 εὶς
2962 4409 3029 4463 τὸ
3081 4411 3353 4479 γενέσθαι
3398 4412 3762 4482 σύμμορφον

2150 4503 2256 4571 ’τῷ
2280 4504 2504 4573 σώματι
2542 4502 2654 4572 τῆς
2679 4502 2865 4572 δόξης
2894 4503 3100 4568 αὑτοῦ,
3136 4503 3285 4557 κατὰ
3307 4502 3423 4569 τὴν
3448 4503 3760 4574 ἐνέργειαν

2176 4597 2284 4651 τοῦ
2326 4596 2584 4665 κράτους
2629 4597 2836 4662 αὑτοῦ,
2900 4596 3007 4650 τοῦ
3063 4595 3357 4652 δύνασθαι
3413 4598 3609 4651 αὐτὸν
3659 4599 3759 4651 καί

2177 4688 2469 4754 ὑποτάξαι
2518 4688 2710 4755 ἐαυτῷ
2751 4688 2825 4743 τὰ
2876 4688 3091 4745 πάντα.
3138 4690 3246 4742 Καὶ
3286 4688 3513 4760 ἑτέρωθί
3552 4708 3757 4761 φησιν·

2190 4782 2287 4848 Ὡς
2330 4781 2418 4835 ὅτι
2465 4784 2498 4835 ὁ
2552 4781 2695 4847 Θεὸς
2746 4775 2827 4851 ἦν
2871 4780 2942 4834 ἑν
2989 4780 3241 4850 Χριστῷ,
3301 4782 3540 4849 κόσμον
3565 4780 3761 4847 ἐαυτῷ

2176 4874 2641 4929 καταλλάσσων.
2697 4872 2824 4926 Ἰδοὺ
2868 4874 3034 4944 ἄμφω
3072 4874 3181 4935 τοῖς
3225 4872 3445 4943 χωρίοις
3480 4872 3545 4926 τὸ
3579 4873 3763 4945 ἐαυτῷ

2176 4966 2497 5022 ὑποτάττειν
2528 4966 2829 5039 πρόκειται.
2859 4960 3023 5037 Εἷργε
3064 4961 3156 5020 οὖν
3201 4964 3395 5018 σαυτὸν
3422 4965 3525 5035 τῆς
3567 4967 3763 5035 νηπιό-

2174 5076 2356 5129 τητος,
2402 5058 2591 5112 ἑαυτὸν
2630 5057 3023 5129 ἐρμηνεὺοντος
3057 5057 3148 5111 τοῦ
3191 5056 3538 5125 Ἀποστόλου,
3581 5059 3646 5112 οὑ
3684 5056 3760 5129 τῷ

2177 5151 2276 5222 ἴσῳ
2302 5151 2357 5204 δὲ
2378 5151 2664 5222 γράμματι
2692 5151 2867 5205 πάντα
2892 5148 3323 5215 ἐκπαιδεὺοντος,
3354 5148 3491 5202 ἀλλὰ
3522 5154 3763 5221 προσφό-

2179 5260 2288 5314 ρως
2344 5242 2560 5313 ἑκάστῳ
2618 5241 3058 5309 ἐπιστέλλοντος,
3116 5242 3210 5295 καὶ
3260 5241 3423 5294 οἱονεὶ
3482 5259 3761 5312 χειραγωρ

2175 5334 2397 5404 γοῦντος
2422 5334 2560 5405 πρὸς
2585 5334 2878 5387 τελείωσιν.

2715 5427 2965 5483 ΠΕΥΣΙΣ
3015 5423 3200 5481 ΡΚΗ’.

2246 5519 2309 5571 Εἰ
2338 5512 2429 5572 οὖν
2455 5518 2585 5583 Θεὸς
2609 5519 2639 5573 6
2678 5519 2931 5592 Χριστὸς,
2972 5520 3065 5573 καὶ
3096 5516 3209 5584 ἴσος
3236 5518 3313 5589 τῷ
3345 5518 3544 5589 Πατρὶ,
3585 5517 3679 5571 διὰ
3706 5516 3758 5572 τί

2176 5607 2335 5672 αὑτὸς
2371 5602 2523 5674 οὗτος
2570 5610 2599 5661 6
2656 5608 2998 5673 Ἀπόστολος,
3029 5608 3122 5662 τὸν
3165 5609 3263 5680 μὲν
3293 5607 3516 5679 Πατέρα
3554 5608 3757 5680 γράφει

2176 5700 2327 5766 Θεὸν,
2376 5700 2467 5755 τὸν
2507 5700 2563 5754 δέ
2582 5700 2706 5756 Υῐὸν
2740 5700 2978 5774 Κύριον;
3023 5701 3098 5755 Οὑ
3141 5699 3352 5773 μικρῶς
3385 5698 3443 5754 δέ
3485 5717 3583 5771 μοι
3632 5715 3753 5753 συν-

572 5844 620 5877 ’δ
653 5840 673 5897 ι
711 5841 836 5899 Cor.
877 5858 966 5911 xv,
1003 5841 1094 5910 27,
1134 5843 1225 5899 9.8.
1304 5844 1347 5876 "
1386 5840 1561 5900 Galat.
1603 5856 1686 5911 ιιι,
1725 5842 1817 5897 27.
1893 5840 1939 5875 ⁵⁸
1976 5841 2067 5898 Ro:

2178 5857 2256 5909 xu,
2292 5838 2381 5897 es.
2457 5838 2502 5870 ιτ
2544 5824 2772 5909 Philipp.
2817 5852 2902 5910 ιιι,
2937 5838 3030 5908 eo,
3068 5836 3158 5896 at.
3232 5839 3279 5871 η
3315 5837 3355 5893 ιι
3394 5837 3527 5894 Cor.
3572 5852 3624 5907 ν,
3658 5837 3747 5914 ις,
