4048 6222
299 281 444 341 1025

298 395 519 472 ηγορῶν
567 394 746 464 φαίνει
796 395 988 466 λέγων,
1033 396 1163 452 ὀτι
1215 397 1362 465 Θεὸς
1406 394 1487 470 ἦν
1531 398 1596 454 ἐν
1625 399 1878 468 Χριστῷ,

293 490 534 560 κόσμον
559 487 748 552 ἐαυτῷ
777 488 1220 544 καταλλάσσων
1237 506 1252 522 ο
1287 490 1385 562 οὐχ
1423 493 1452 544 6
1476 491 1728 562 Χριστὸς,
1763 491 1880 546 ἀλλ’

300 586 332 637 6
352 580 584 637 ἐνοικῶν
615 579 766 652 αὐτῷ
797 579 947 645 Θεός.

919 675 1277 744 Ἀπόκρισις.

371 765 562 835 Πάσης
605 765 906 838 ὑπέρτερον
951 766 1233 839 δυνάμεως
1261 769 1354 823 καὶ
1401 767 1741 840 κυριότητος,
1776 769 1881 821 ίσο-

296 857 433 929 κλεῆ
466 858 594 911 ὄντα
617 857 695 929 τῷ
734 859 854 930 Θεῷ
879 859 974 913 καὶ
1029 861 1208 932 Πατρὶ
1241 860 1414 931 ἔγωγέ
1442 878 1583 933 φημι
1624 860 1715 914 τὸν
1750 859 1884 913 Θεὸν

297 948 556 1021 Χριστόν.
612 951 744 1005 Οὐδὲ
785 951 894 1023 γὰρ
931 952 992 1004 τὸ
1037 951 1238 1024 Κύριον
1283 953 1532 1026 εἰρῆσθαι
1571 951 1732 1006 αὑτὸν
1773 951 1884 1005 ὑπὸ

295 1041 396 1094 τοῦ
425 1042 630 1113 ὑψηλοῦ
665 1044 1010 1111 Ἀποστόλου,
1038 1046 1354 1118 ἀφαιρεῖται
1386 1046 1548 1101 αὑτὸν
1568 1047 1668 1116 τῆς
1697 1044 1885 1116 θεότη-

295 1151 412 1199 τος.
447 1135 569 1189 Οὐδ’
594 1130 662 1189 αὖ
693 1136 856 1191 πάλιν
883 1137 945 1191 τὸ
974 1140 1139 1206 Θεὸς,
1175 1141 1233 1193 ἐν
1253 1138 1474 1212 Χριστῷ
1507 1136 1715 1192 ἐνοικού
1725 1154 1883 1209 μενον

294 1227 463 1280 αὐτὸν
488 1226 756 1281 δείκνυσιν
777 1245 791 1258 ·
827 1227 904 1293 ὥς
933 1247 997 1300 γε
1036 1231 1095 1296 ἐξ
1129 1231 1292 1286 αὑτοῦ
1317 1230 1506 1286 τούτου
1534 1232 1629 1284 καὶ
1655 1229 1748 1284 τοῦ
1776 1228 1882 1300 πρὸ

295 1315 470 1371 αὑτοῦ
527 1317 735 1388 ὑψηλοῦ
801 1320 1026 1374 Ἡσαΐου
1072 1322 1459 1394 παιδευόμεθα.
1524 1324 1582 1377 '0
1636 1321 1735 1394 μὲν
1775 1319 1885 1392 γὰρ

292 1406 470 1460 πάλαι
514 1406 877 1479 προφητεύων
915 1413 1044 1483 περὶ
1087 1411 1325 1484 Χριστοῦ
1357 1430 1511 1484 φησι,
1545 1413 1657 1466 Καὶ
1687 1413 1741 1466 οι
1778 1413 1884 1464 Σε-

303 1499 462 1569 ὄωῒμ
492 1497 710 1568 ἄνδρες
733 1502 960 1569 ὑψηλοὶ
977 1502 1075 1556 ἐπὶ
1102 1502 1177 1557 σὲ
1203 1503 1612 1571 διαϐήσονται,
1639 1500 1740 1556 καί
1769 1499 1884 1555 σοῦ

289 1590 546 1646 ἔσονται
593 1589 823 1659 δοῦλοι,
859 1593 957 1647 καὶ
997 1595 1191 1649 ὀπίσω
1223 1613 1338 1650 σου
1371 1594 1884 1664 ἀκολουθήσουσι,

292 1681 609 1752 δεδεμένοι
636 1684 1030 1753 χειροπέδαις,
1063 1685 1153 1740 ὅτι
1177 1687 1246 1741 ἐν
1282 1687 1380 1741 σοί
1407 1687 1551 1753 Θεός
1584 1687 1734 1740 ἐστι.
1776 1684 1888 1738 Καὶ

291 1775 543 1847 ὀναιρῶν
587 1775 686 1847 τὴν
717 1777 858 1831 κατὰ
894 1778 952 1831 σὲ
991 1779 1284 1851 ἐνοίκησιν,
1319 1774 1472 1843 αὖθις
1519 1778 1736 1848 ἐπάγει,
1768 1777 1878 1832 Kal.

293 1870 450 1936 Θεὸς
479 1871 589 1925 οὐκ
617 1871 750 1926 ἐστι
778 1872 946 1942 πλὴν
983 1873 1100 1928 σοῦ
1118 1890 1130 1902 ’
1165 1873 1246 1928 σὺ
1273 1873 1385 1944 γὰρ
1429 1871 1487 1929 εἷ
1516 1872 1659 1940 Θεὸς
1690 1871 1880 1942 ἡμῶν,

293 1962 404 2016 καὶ
426 1965 537 2017 οὐκ
560 1964 824 2036 ᾐδειμεν,
853 1969 886 2020 ό
915 1966 1060 2034 Θεὸς
1086 1966 1194 2021 τοῦ
1233 1967 1480 2036 Ἰσραὴλ
1511 1964 1728 2034 σωτήρ.
1773 1963 1884 2017 Καὶ

299 2057 466 2111 πάλιν
496 2058 525 2110 6
557 2057 717 2121 αὐτὸς
750 2058 1037 2130 προφήτης
1082 2057 1380 2129 ἧδειίέτῶν
1423 2075 1579 2130 φησι,
1637 2055 1885 2111 Παιδίον

290 2148 593 2222 ἐγεννήθη
620 2149 786 2219 ἡμῖν,
811 2151 909 2204 καὶ
937 2150 1204 2205 καλεῖται
1227 2151 1293 2205 τὸ
1319 2151 1505 2222 ὄνομα
1531 2151 1716 2206 αὑτοῦ
1740 2149 1884 2218 Θεὸς

297 2241 579 2310 ἰσχυρὸς,
613 2241 1042 2308 ἐξουσιαστής.
1096 2241 1153 2297 '0
1193 2243 1250 2296 δέ
1282 2243 1484 2314 ὑψηλὸς
1516 2243 1611 2315 τὴν
1648 2243 1884 2298 διάνοιαν

294 2331 518 2397 Παῦλός
555 2351 710 2406 φησι,
760 2335 1016 2403 Χριστὸς
1047 2336 1132 2390 ὢν
1163 2336 1263 2389 ἐπὶ
1304 2335 1545 2390 πάντων
1579 2337 1742 2404 θεὸς,
1782 2339 1882 2392 εὐι-

294 2426 562 2496 λογητὸς
600 2429 688 2494 είς
723 2426 862 2494 τοὺς
906 2426 1147 2495 αἰῶνας,
1187 2428 1368 2498 ἀμήν.
1417 2429 1490 2482 Τὸ
1526 2429 1603 2494 δὲ,
1649 2431 1880 2498 Κύριος,

300 2515 633 2590 ἱεροψάλτης
670 2518 911 2572 δείκνυσι
954 2519 1139 2584 Δαὸὶδ,
1197 2521 1272 2591 μὴ
1320 2519 1424 2585 ἔξω
1469 2521 1735 2592 ὑπάρχειν
1785 2521 1884 2592 τῆς

297 2609 574 2682 θεότητος.
625 2612 736 2682 Τὴν
777 2611 886 2683 γὰρ
930 2611 1249 2684 θεανδρικὴν
1278 2611 1371 2665 τοῦ
1417 2610 1551 2665 Θεοῦ
1592 2613 1684 2664 καὶ
1709 2610 1882 2679 Λόγου

295 2702 570 2772 ἒνσαρκον
601 2702 944 2773 ἐπιφοίτησιν
992 2701 1354 2774 προμελῳδῶν
1393 2719 1576 2772 φησιν,
1611 2702 1882 2769 Εὐλογη-

293 2791 486 2864 μένος
515 2796 549 2848 ὸ
583 2792 905 2863 ἐρχόμενος
931 2793 1003 2847 ἐν
1041 2794 1284 2862 ὀνόματι
1317 2793 1560 2862 Κυρίου,
1597 2791 1739 2858 Θεὸς
1765 2793 1883 2846 Κύ-

295 2899 453 2951 ριος,
520 2882 616 2935 καὶ
673 2881 975 2951 ἐπέφανεν
1006 2882 1170 2953 ἡμῖν.
1216 2884 1397 2954 Πάντη
1451 2883 1508 2934 δὲ
1556 2885 1620 2955 τῇ
1674 2882 1886 2953 Παλαιᾷ

304 2977 495 3045 Πυκτῇ
532 2975 623 3027 τὸν
666 2975 887 3040 Πατέρα
935 2973 1138 3044 Κύριον
1184 2975 1231 3027 oi
1283 2973 1560 3026 θεσπέσιοι
1607 2971 1885 3045 προφῆται

308 3083 508 3138 φασιν·
562 3067 790 3130 Ἡσαΐας
849 3066 947 3138 μὲν
998 3066 1219 3137 ὑψηλὸς,
1267 3065 1411 3120 Τάδε
1460 3064 1620 3135 λέγει
1670 3067 1885 3134 Κύριος

305 3160 566 3215 Σαϐαὼθ.
621 3159 894 3232 Ἱερεμίας
926 3159 983 3212 δὲ
1010 3161 1038 3213 6
1082 3159 1483 3226 πολυκίνδυνος,
1541 3157 1684 3213 Τάδε
1722 3158 1886 3228 λέγει

300 3255 520 3321 Κύριος
549 3251 992 3320 παντοκράτωρ.
1042 3251 1299 3324 ἰεζεκιὴλ
1332 3252 1388 3305 δέ
1425 3251 1454 3303 6
1478 3251 1584 3304 τῶν
1607 3250 1888 3322 Χερουϐὶμ

303 3345 613 3417 ἐξηγητὴς,
672 3343 822 3397 Τάδε
866 3343 1027 3414 λέγει
1068 3345 1280 3413 Κύριος
1344 3343 1610 3398 Ἀδωνατ.
1665 3341 1886 3415 Κύριος,

300 3439 507 3510 ὁμοίως
527 3438 620 3490 καὶ
649 3436 844 3508 Δανιὴλ
871 3437 963 3490 καὶ
993 3436 1042 3488 οἱ
1071 3435 1246 3489 λοιποὶ
1275 3438 1382 3488 τῶν
1409 3435 1722 3508 προφητῶν.
1756 3435 1887 3488 Οὐδὲ

303 3531 415 3602 γάρ
436 3527 650 3592 Παῦλος
676 3528 919 3598 φάσκων,
960 3521 1066 3594 Εἷς
1099 3527 1242 3594 Θεὸς
1276 3530 1308 3581 ό
1329 3527 1555 3596 Πατὴρ,
1587 3526 1690 3592 ἔξω
1728 3526 1888 3580 αὑτὸν

301 3620 404 3691 τῆς
437 3619 758 3691 κυριότητος
792 3618 1024 3689 τίθησιν,
1063 3616 1096 3688 ἢ
1133 3617 1296 3671 πάλιν
1333 3615 1524 3685 λέγων,
1557 3611 1644 3682 εἷς
1673 3617 1889 3684 Κύριος

318 3710 565 3778 Ἰησοῦς
584 3709 860 3779 Χριστὸς,
885 3709 989 3775 ἔξω
1010 3707 1170 3762 αὐτὸν
1197 3708 1299 3779 τῆς
1329 3709 1577 3778 θεότητος
1596 3707 1886 3764 δείκνυσιν.

306 3797 513 3857 Ούδάῦ
534 3801 693 3856 πάλιν
722 3802 998 3874 θεηγορῶν
1023 3801 1050 3852 ὁ
1067 3801 1214 3867 Υἱδς,
1243 3800 1374 3857 Ἐπὶ
1397 3799 1471 3870 τῇ
1499 3800 1683 3869 πέτρᾳ
1700 3803 1887 3871 ταύτῃ

303 3895 685 3964 οἰκοδομήσω
721 3912 841 3964 μου
888 3893 1001 3962 τὴν
1066 3892 1463 3962 Ἐκκλησίαν,
1514 3893 1740 3966 ἄμοιρον
1791 3893 1889 3965 τῆς

319 3987 649 4058 Ἐκκλησίας
688 3987 780 4040 τὸν
812 3987 1036 4058 Πατέρα
1074 3985 1368 4044 δείκνυσιν.
1421 3986 1625 4041 Πάντα
1670 3986 1779 4060 γὰρ
1817 3987 1890 4042 τὰ

305 4079 444 4150 ἐμὰ,
475 4079 631 4151 φησὶ,
663 4077 745 4133 σά
779 4079 932 4143 ἐστι,
965 4078 1167 4150 Πάτερ,
1197 4079 1296 4134 καὶ
1325 4077 1395 4133 τὰ
1421 4079 1504 4134 σὰ
1541 4079 1672 4150 ἐμά.
1706 4080 1890 4153 Πάντη

304 4172 368 4224 δὲ
400 4173 468 4242 τῇ
503 4169 623 4242 θείᾳ
663 4171 847 4242 Πυκτῇ
892 4169 955 4222 τὸ
999 4170 1142 4237 Θεὸς
1187 4172 1279 4225 καὶ
1314 4171 1375 4224 τὸ
1419 4172 1627 4242 Κύριος
1661 4173 1887 4244 ἥνωται.

308 4262 358 4318 Τ
360 4261 680 4333 αυτὼνυμον
706 4261 762 4315 δέ
801 4262 895 4316 καὶ
917 4262 1229 4329 ταυτόδοξον
1259 4263 1523 4336 ὑπάρχειν
1550 4264 1646 4319 καὶ
1665 4265 1727 4318 τὸ
1747 4264 1890 4320 θεῖον

307 4355 408 4409 καὶ
456 4355 722 4423 πανάγιον
768 4352 1026 4426 Πνεῦμα,
1077 4357 1169 4410 καὶ
1211 4355 1306 4410 τοῦ
1356 4357 1502 4428 ἱεροῦ
1565 4357 1888 4412 Ἀποστόλου

309 4446 684 4517 παιδευόμεθα
749 4447 1184 4513 ἐπιστέλλοντος·
1263 4449 1326 4504 '0
1387 4451 1494 4526 γὰρ
1554 4451 1772 4520 Κύριος
1820 4450 1888 4506 τὸ

309 4537 553 4608 πνεῦμὰ
604 4539 756 4593 ἐστι.
790 4540 913 4604 Τοῖς
957 4536 1048 4594 οῦν
1095 4540 1400 4608 ὸξυωποῦσι
1433 4542 1561 4616 περὶ
1601 4543 1700 4615 τὴν
1735 4543 1887 4598 θείαν

308 4631 562 4700 Γραφὴν,
601 4631 664 4684 ού
719 4629 857 4697 δόξει
925 4631 1053 4684 ποτὲ
1103 4631 1390 4702 διαφωνεῖν
1445 4633 1479 4705 ἢ
1526 4633 1884 4706 διαμάχεσθαι

318 4724 485 4794 αὐτῇ,
526 4723 621 4777 νῦν
685 4723 783 4794 μὲν
829 4723 898 4777 τὰ
958 4723 1356 4796 θειότερα,-νῦν
1384 4725 1440 4778 δέ
1481 4726 1576 4798 τὴν
1620 4727 1888 4795 συγκατά-

310 4815 477 4868 6ασιν
535 4815 871 4886 κηρύττουσι]
934 4817 1069 4888 πρὸς
1135 4817 1233 4890 τὴν
1297 4817 1536 4872 διάνοιαν
1575 4819 1668 4873 τοῦ
1746 4821 1888 4894 ὑπη-

310 4905 445 4959 κόου
478 4906 856 4978 άρμοττομένη
876 4922 890 4935 ·
927 4907 1087 4960 οἱονεὶ
1127 4907 1434 4976 φιλότεκνος
1464 4911 1646 4983 μήτηρ
1697 4913 1889 4967 καταλ-

310 4995 494 5068 λήλως
555 4998 682 5060 τοὺς
764 4997 958 5062 παῖδας
1016 4999 1386 5070 ἐκτρέφουσα,
1457 5004 1585 5066 τοὺς
1629 5004 1729 5074 μὲν
1801 5005 1882 5060 ἑτι

312 5088 560 5152 ἁπαλοὺς
586 5089 695 5143 τῶν
735 5089 1057 5158 ὑποτίτθων,
1087 5092 1245 5146 οἱονεῖ⁴
1264 5093 1404 5162 γάλα
1428 5095 1740 5164 ποτίζουσα,
1763 5101 1889 5166 τοὺς

311 5179 373 5234 δὶ
418 5182 842 5254 ἐκφοιτήσαντας
891 5183 993 5252 τῆς
1032 5186 1229 5255 νηπίας
1272 5189 1678 5255 καταστάσεως,
1717 5191 1889 5265 λαχά-

313 5287 430 5334 νοις
455 5271 886 5346 ὑπεκτρέφουσα,
906 5277 1020 5339 τοῖς
1053 5275 1109 5329 δὲ
1139 5278 1488 5353 τελειοτέροις
1514 5282 1680 5354 ἄρτον
1724 5286 1888 5357 κομί-

317 5363 508 5428 ζουσα.
554 5365 698 5436 Πρὸς
735 5365 844 5438 γὰρ
864 5367 1206 5440 ἀμφοτέρους
1239 5374 1401 5443 φησὶν
1424 5376 1453 5428 ό
1478 5373 1687 5448 ὑψηλὸς
1728 5379 1892 5433 Ἀπό-

319 5456 528 5526 στολος,
552 5457 724 5515 Γάλα
754 5457 910 5531 ὑμᾶς
934 5460 1204 5530 ἐπότισα,
1235 5465 1334 5519 καὶ
1371 5467 1444 5520 οὐ
1467 5467 1699 5540 βρῷμα,
1728 5472 1892 5528 οὔπω

1681 279 2023 340 DIALOGUS
2057 284 2142 340 ΙΙΙ.

3421 286 3561 346 1028

1987 403 2122 460 mihi
2174 403 2352 460 facere
2400 403 2635 470 videtur,
2686 402 2828 472 quod
2877 403 3053 473 inquit
3084 422 3096 458 :
3124 402 3387 470 Quoniam
3421 404 3562 460 Deus

1981 507 2095 552 erat
2126 497 2180 551 in
2213 495 2446 560 Christo,
2479 497 2735 552 mundum
2781 495 3134 550 reconcilians
3164 495 3288 550 sibi.
3320 495 3438 551 Non
3476 497 3563 552 la-

1983 589 2159 646 ciebat
2191 590 2297 646 hoc
2339 589 2617 656 Christus,
2667 590 2758 644 sed
2797 589 3112 644 inhabitans
3147 588 3201 641 in
3235 587 3356 657 ipso
3392 587 3560 645 Deus.

2619 681 2924 751 Responsio.

2054 771 2323 844 Equidem
2369 774 2458 830 aio
2491 773 2769 830 Christum
2821 789 2938 828 esse
2965 773 3135 827 Deum
3180 787 3344 841 supra
3377 786 3566 826 omnes

1984 877 2284 937 potestates
2309 877 2361 923 et
2385 868 2721 931 dominatus,
2760 867 3020 936 arqualem
3047 865 3218 937 gloria
3246 864 3356 920 Deo
3382 874 3435 919 et
3465 863 3566 918 Pa-

1987 961 2076 1014 tri.
2104 958 2292 1031 Neque
2321 960 2464 1014 enim
2499 967 2784 1030 propterea
2813 959 2956 1028 quod
2991 957 3256 1013 Dominus
3286 972 3316 1011 a
3347 956 3568 1012 sublimi

1985 1053 2161 1108 dictus
2191 1053 2261 1108 sit
2302 1052 2587 1122 Apostolo,
2621 1051 2876 1106 divinitas
2924 1051 3026 1120 ipsi
3065 1050 3342 1105 adimitur.
3381 1047 3568 1119 Neque

1985 1143 2112 1198 item
2146 1119 2884 1213 alterumillud,Deus,aDeo
2902 1119 3260 1212 fuisseipsum
3292 1119 3590 1195 inbabita-i

1986 1242 2099 1289 tum
2127 1234 2331 1290 indicat
2368 1251 2381 1288 :
2413 1233 2871 1304 quemadmodum
2901 1248 2997 1302 per
3031 1233 3178 1287 hunc
3210 1232 3386 1301 ipsum
3414 1232 3565 1301 Apo-

1986 1325 2210 1389 stolum,
2258 1334 2422 1394 prout
2466 1341 2532 1380 ex
2565 1327 2668 1380 hoc
2717 1324 2857 1394 ipso,
2896 1332 2950 1378 et
2998 1338 3093 1393 per
3138 1333 3294 1378 aetate
3328 1323 3565 1393 priorem

1987 1417 2107 1488 ipso
2138 1418 2428 1474 sublimem
2462 1417 2657 1473 lsaiam
2709 1417 2988 1472 docemur.
3032 1413 3166 1469 Nam
3219 1415 3308 1470 hic
3334 1416 3462 1468 olim
3498 1415 3567 1469 de

1985 1509 2204 1566 Christo
2233 1510 2554 1575 vaticinans,
2583 1509 2792 1580 inquit:
2815 1506 2884 1561 Et
2913 1509 3012 1562 viri
3039 1506 3251 1562 Seboim
3282 1507 3463 1562 eximii
3495 1505 3564 1560 ad

1989 1611 2035 1655 te
2063 1600 2385 1665 transibunt,
2414 1609 2463 1654 et
2497 1609 2650 1654 erunt
2687 1600 2821 1654 servi
2853 1600 2953 1665 tui,
2982 1607 3033 1652 et
3058 1607 3174 1668 post
3207 1606 3254 1652 te
3283 1606 3567 1667 sequentur

1988 1696 2148 1749 vincti
2193 1695 2437 1760 manicis,
2479 1695 2732 1763 quoniam
2761 1695 2816 1748 in
2849 1701 2897 1747 te
2940 1690 3080 1746 Deus
3116 1700 3191 1745 est
3218 1690 3285 1743 δ’.
3317 1689 3570 1744 Tollens-

1987 1799 2092 1855 que
2134 1799 2252 1838 eam
2288 1783 2356 1838 de
2401 1799 2508 1854 qua
2555 1795 2610 1838 tu
2659 1784 2793 1838 dicis
2840 1783 3317 1848 inbabitationem,
3369 1795 3565 1835 rursus

1985 1875 2266 1946 subiungit
2295 1893 2308 1931 :
2338 1874 2407 1928 Et
2453 1891 2556 1928 non
2585 1885 2663 1929 est
2705 1874 2848 1929 Deus
2888 1885 3082 1945 prteter
3131 1884 3178 1929 te
3203 1891 3221 1928 :
3254 1885 3310 1928 tu
3349 1875 3488 1928 enim
3513 1889 3567 1927 es

1985 1967 2127 2021 Deus
2185 1980 2382 2032 noster,
2437 1979 2482 2022 et
2536 1967 2917 2035 nesciebamus,
2968 1967 3109 2022 Deus
3159 1967 3332 2022 Israel
3387 1966 3568 2022 salua-

1987 2069 2070 2114 tor
2091 2060 2153 2112 ⁸ο.
2193 2059 2258 2113 Ει
2291 2075 2486 2116 rursus
2508 2061 2651 2116 idem
2683 2069 2835 2116 vates
2870 2071 3114 2116 ante.....
3150 2076 3328 2115 annos
3352 2059 3565 2129 inquit:

1985 2152 2129 2208 Puer
2178 2163 2334 2207 natus
2369 2163 2445 2208 est
2493 2154 2644 2209 nobis
2677 2162 2727 2208 et
2763 2154 2934 2224 ﬁlius,
2977 2165 3025 2208 et
3061 2151 3336 2208 vocabitur
3382 2167 3567 2206 nomen

1985 2245 2099 2315 ejus
2167 2243 2308 2300 Deus
2373 2245 2568 2314 fortis,
2619 2244 3031 2300 Dominator‘”.
3095 2242 3327 2299 Sublimi
3384 2250 3569 2298 autem

1985 2345 2167 2392 mente
2212 2337 2474 2407 praeditus
2533 2336 2737 2392 Paulus
2782 2337 2980 2407 inquit,
3039 2334 3284 2390 Christus
3346 2336 3437 2405 qui
3488 2341 3568 2387 est

1985 2443 2142 2497 super
2184 2428 2364 2481 omnia
2415 2427 2551 2482 Deus
2591 2427 2891 2480 benedictus
2939 2427 2992 2479 in
3045 2425 3264 2488 stecula,
3317 2426 3480 2476 Amen
3499 2423 3567 2475 ⁸³.

1983 2514 2118 2571 lllud
2161 2527 2340 2572 autem
2368 2519 2512 2587 quod
2548 2516 2814 2571 Dominus
2849 2515 3068 2581 dicitur,
3112 2515 3318 2570 Psaltes
3351 2513 3570 2568 divinus

1985 2608 2215 2664 Davides
2237 2610 2496 2673 ostendit,
2545 2625 2656 2663 non
2691 2617 2843 2663 extra
2893 2608 3232 2662 divinitatem
3263 2620 3413 2672 esse;
3441 2619 3569 2658 nam

1987 2700 2264 2770 conjuncti
2293 2715 2418 2756 cum
2454 2699 2568 2756 Deo
2604 2700 2870 2763 hominis,
2905 2698 2996 2753 Dei
3037 2707 3092 2754 et
3117 2695 3281 2752 Verbi
3318 2696 3373 2750 in
3405 2708 3572 2750 carne

1986 2792 2283 2848 adventum
2327 2793 2381 2846 in
2423 2793 2538 2848 suis
2593 2791 2894 2863 praedicens
2932 2791 3296 2852 carminibus.
3343 2788 3566 2858 inquit:

1987 2883 2300 2940 Benedictus
2326 2885 2414 2954 qui
2447 2884 2582 2938 venit
2620 2885 2671 2937 in
2705 2885 2916 2936 nomine
2949 2883 3182 2945 Domini,
3217 2881 3357 2935 Deus
3384 2879 3571 2934 Domi-

1988 2993 2109 3042 nus,
2160 2986 2209 3031 et
2257 2977 2509 3047 apparuit
2555 2976 2705 3030 nobis
2726 2974 2793 3030 ”.
2855 2973 3057 3045 Utique
3100 2983 3280 3029 autem
3322 2974 3376 3027 in
3426 2972 3574 3027 Scri-

1990 3079 2154 3140 ptura
2175 3069 2359 3126 Veteri
2389 3068 2606 3124 Patrem
2630 3067 2924 3122 Dominum
2961 3068 3240 3138 prophetas
3273 3067 3440 3119 divini
3476 3082 3574 3120 vo-

1991 3168 2140 3216 cant.
2173 3160 2364 3216 Esaias
2397 3159 2617 3231 quidem
2652 3159 2743 3214 ille
2770 3158 3002 3214 eximius
3032 3172 3156 3211 cum
3187 3156 3295 3210 ait:
3324 3153 3457 3209 Ἠωο
3486 3155 3575 3208 ιιι-

1989 3254 2062 3307 cit
2093 3252 2351 3306 Dominus
2379 3253 2602 3307 sabaotlt
2625 3250 2693 3305 °‘.
2723 3249 3028 3305 Hieremias
3063 3231 3194 3302 vero
3225 3246 3396 3300 multa
3447 3261 3574 3316 per-

1987 3361 2206 3416 pessus,
2227 3344 2356 3402 Htec
2378 3347 2506 3400 dicit
2538 3345 2791 3399 Dominus
2815 3345 3142 3411 omnipotens
3161 3339 3228 3394 ⁸⁵.
3255 3338 3576 3396 Ezecltielus

1989 3450 2173 3497 autem
2219 3450 2508 3496 enarrator
2561 3438 2652 3493 ille
2701 3437 3031 3494 cherubim:
3129 3431 3261 3488 Haec
3311 3433 3442 3486 dicit
3472 3431 3577 3485 Do-

1990 3535 2166 3588 minus
2208 3532 2504 3588 Adonai“.
2563 3529 2826 3584 Similiter
2872 3539 2927 3583 et
2969 3525 3252 3591 Danielus,
3304 3535 3358 3581 et
3389 3527 3573 3581 caeteri

1991 3636 2163 3681 vates.
2207 3624 2394 3694 Neque
2438 3622 2581 3678 enim
2615 3621 2819 3677 Paulus
2863 3636 2989 3677 cum
3045 3619 3244 3688 inquit,
3302 3616 3446 3671 Unus
3494 3624 3574 3670 est

1993 3715 2132 3771 Deus
2179 3713 2344 3768 Pater
2367 3715 2432 3782 ⁸⁷,
2484 3714 2662 3781 ipsum
2709 3723 2862 3766 extra
2907 3709 3340 3764 dominationem
3396 3708 3572 3776 ponit,

1991 3805 2077 3861 vel
2109 3806 2227 3860 vice
2279 3818 2455 3869 versa,
2484 3817 2607 3856 cum
2654 3802 2867 3872 inquit:
2907 3799 3053 3855 Unus
3110 3798 3365 3851 Dominus
3415 3795 3574 3850 Jesus

1993 3897 2239 3956 Christus
2259 3896 2325 3964 “,
2360 3896 2537 3966 ipsum
2569 3903 2720 3950 extra
2747 3893 3087 3948 divinitatem
3121 3903 3244 3945 esse
3282 3885 3572 3958 signiﬁcat.

1991 3992 2181 4062 Neque
2226 3991 2356 4047 item
2411 4004 2536 4046 cum
2593 3988 2708 4057 ipse
2754 3986 2926 4041 Filius
2980 3977 3575 4048 coneionatur:Super

1992 4087 2127 4141 hanc
2152 4093 2352 4156 petram
2377 4083 2655 4150 aediﬁcabo
2685 4078 2978 4133 Ecclesiam
3009 4092 3177 4131 meam
3199 4076 3266 4140 ",
3292 4081 3572 4142 expertem

1993 4177 2252 4235 Ecclesiae
2298 4175 2513 4230 Patrem
2556 4171 2835 4230 ostendit:
2867 4169 3060 4225 Omnia
3108 4170 3253 4222 enim
3306 4183 3440 4227 mea,
3488 4164 3576 4217 in-

1995 4270 2136 4342 quit,
2165 4278 2257 4322 tua
2289 4276 2433 4331 sunt,
2465 4265 2647 4330 Pater,
2686 4273 2735 4318 et
2770 4273 2858 4316 tua
2893 4277 3008 4314 mea
3053 4268 3175 4313 sunt
3199 4258 3264 4311 7°.
3302 4255 3571 4310 Nimirum

1997 4362 2201 4432 ubique
2229 4360 2400 4416 sacris
2433 4361 2486 4414 in
2523 4356 2742 4412 Litteris
2769 4355 2884 4410 haec
2917 4354 3027 4409 duo
3058 4351 3343 4418 vocabula,
3375 4363 3574 4419 nempe

1997 4455 2140 4510 Deus
2173 4462 2227 4509 et
2258 4451 2515 4506 Dominus
2535 4449 2720 4519 juncta
2752 4454 2900 4504 sunt.
2940 4445 3196 4516 Ejusdem
3228 4458 3356 4498 vero
3401 4441 3577 4495 nomi-

1995 4551 2081 4606 nis
2104 4547 2348 4617 ejusdem
2385 4544 2572 4616 gloria:
2605 4551 2659 4598 et
2682 4542 2928 4597 divinum
2963 4550 3126 4609 atque
3155 4543 3570 4592 sacrosanctum

1997 4634 2262 4707 Spiritum
2314 4647 2438 4688 esse
2491 4647 2560 4686 ex
2618 4631 2742 4685 divo
2795 4629 3059 4685 discimus
3102 4623 3577 4696 Apostolo,~scri-

1997 4730 2159 4785 bente
2200 4727 2255 4781 in
2289 4727 2406 4781 hzec
2450 4725 2613 4781 verba
2647 4742 2660 4779 :
2694 4723 2951 4777 Dominus
2993 4720 3211 4790 spiritus
3264 4727 3340 4771 est
3363 4716 3428 4770 ".
3463 4713 3576 4769 lllis

1996 4821 2166 4893 igitur
2211 4819 2307 4890 qui
2371 4817 2571 4872 divinis
2633 4816 2686 4871 in
2746 4813 2964 4869 Litteris
3018 4810 3359 4883 perspicaces
3411 4815 3576 4873 sunt,

1996 4929 2280 4986 nunquam
2334 4927 2414 4967 ea:
2444 4910 2773 4966 videbuntur
2811 4923 2841 4961 a
2892 4921 2951 4962 se
2991 4903 3302 4969 dissentire,
3352 4900 3434 4956 vel
3470 4897 3576 4954 sibi

1993 5019 2336 5075 repugnare;
2370 5016 2496 5055 cum
2533 5014 2680 5052 nunc
2707 4996 2925 5065 quidem
2965 4993 3253 5056 diviniora,
3292 5005 3437 5044 nunc
3476 5004 3575 5042 au-

1993 5107 2100 5154 tem
2162 5093 2458 5149 humiliora
2506 5090 2894 5160 przedicantes,
2949 5084 3216 5140 auditoris
3274 5079 3574 5137 intellectui

1998 5205 2118 5246 sese
2157 5183 2599 5249 accommodant,
2643 5180 2809 5236 veluti
2856 5179 3153 5234 liberorum
3212 5175 3340 5231 facit
3383 5187 3573 5229 amans

2000 5291 2193 5348 mater,
2249 5279 2608 5336 conveniente
2653 5272 2888 5346 quadam
2942 5272 3156 5327 ratione
3201 5269 3404 5325 liberos
3441 5265 3576 5318 edu-

1999 5389 2152 5441 cans,
2200 5387 2326 5444 qua:
2358 5370 2494 5425 alios
2535 5365 2753 5438 quidem
2800 5365 2981 5420 adhuc
3026 5373 3260 5423 teneros,
3309 5359 3454 5412 velut
3488 5355 3575 5407 in-

2001 5468 2180 5525 fantes
2222 5467 2368 5522 lacte
2413 5469 2599 5534 potat;
2649 5473 2743 5516 eos
2783 5473 2915 5514 vero
2947 5456 3041 5526 qui
3087 5450 3328 5508 infantiae
3374 5455 3572 5502 statum

392 5653 440 5733 ’ξ
475 5659 582 5718 lsa.
619 5661 853 5728 sun“.
912 5663 958 5695 ⁵⁸
998 5662 1242 5733 ίιιὶιι.15;
1316 5661 1358 5695 ⁹¹
1399 5661 1503 5733 '53-
1544 5680 1620 5731 ιι,
1661 5667 1713 5723 6·
1790 5673 1834 5704 ⁶²
1870 5670 1885 5726 ί

1989 5687 2024 5727 I.
2066 5686 2144 5733 ιτ.
2184 5669 2237 5725 5.
2312 5665 2362 5699 ⁸³
2387 5663 2532 5720 Psal.
2559 5663 2842 5729 cxvn,27.
2885 5659 3100 5733 d‘flsa.
3128 5649 3578 5733 v,ﬂ9_s_ec..LXX.

320 5729 611 5810 fallacem:
651 5724 826 5797 nim,
861 5733 1068 5810 “sec.
1094 5731 1271 5810 pax;
1339 5733 1389 5764 “
1428 5724 1624 5810 Eze_c_hL
1661 5755 1757 5810 xu,
1791 5724 2232 5800 εειέεέζιχχζ
2274 5741 2316 5774 ⁸⁷
2360 5737 2381 5792 1
2420 5736 2544 5794 Co'r.
2588 5724 2798 5802 vm,'9.
2875 5731 2922 5765 ⁸⁸
2959 5729 3092 5786 ibid.
3171 5726 3216 5760 "
3256 5724 3578 5789 Maltinus,

323 5799 415 5858 l8.
491 5803 537 5836 "
573 5801 730 5860 Joan.
771 5818 902 5874 xm,
931 5802 1018 5860 10.
1094 5804 1139 5878 7⁸
1174 5804 1195 5860 l
1231 5802 1360 5860 Cor.
1399 5819 1486 5874 ut,
1517 5805 1602 5860 l7.
