4048 6222
501 276 635 334 1027
1370 330 1378 334 ι
1576 271 1633 329 S.
1674 268 1973 329 CAESAR"
2006 268 2070 325 Gl

2174 266 2334 324 iORll
2373 263 2669 320 FRATRIS
3598 252 3748 313 τοτε

493 390 699 462 egressi
734 398 883 455 sunt,
913 389 1153 446 oleribus
1176 391 1368 456 nutrit,
1402 388 1927 459 periectioribusQue
1962 402 2060 457 pa-

2174 387 2277 457 γὰρ
2305 384 2628 454 ἠδύνασθε·
2657 381 2791 435 ἀλλ’
2832 379 2976 435 οὐδὲ
3002 378 3092 434 ἔτι
3124 377 3552 435 νῦνδύνὰσθε.
3590 376 3749 449 Πρὸς

496 498 625 539 nem
659 483 921 553 porrigit;
955 498 1080 537 nam
1115 482 1183 536 ad
1211 492 1471 552 utrosque
1500 482 1678 553 inquit
1709 482 1945 536 eximius
1973 478 2065 534 ille

2174 476 2223 529 δὲ
2254 474 2469 545 ἑτέρους
2507 471 2941 536 ἀποτεινόμενος,
2974 471 3047 524 "0
3078 469 3147 524 δὲ
3176 467 3751 537 ωθενύν,’Μχαω

496 576 788 646 Apostolus
830 575 1034 630 :Laete
1079 577 1255 645 potavi
1311 593 1436 637 vos,
1480 593 1583 629 non
1627 577 1787 639 cibo;
1832 574 2063 628 nondum

2174 566 2374 632 ἐσθίει,
2406 565 2539 635 φησί
2560 582 2572 594 ·
2614 563 2683 617 τὰ
2717 563 2896 633 μέσως
2937 562 3227 633 νοημάτων
3257 562 3484 631 έχοντα.
3521 561 3597 630 μὴ
3632 554 3755 622 οἷός

493 669 629 721 enim
663 668 758 720 hoc
787 669 919 720 vesci
952 672 1230 735 poteratis,
1264 670 1369 722 imo
1410 685 1471 722 ne
1507 685 1646 721 nunc
1672 668 1883 739 quidem
1918 676 2064 735 pote-

2174 676 2225 712 τε
2276 657 2349 711 ὢν
2390 658 2538 728 ἄρτῳ
2581 655 2878 726 τρέφεσθαι
2928 656 3068 708 κατὰ
3105 655 3232 717 τοὺς
3274 653 3373 724 ήδη
3417 655 3485 724 τῇ
3523 651 3752 722 παιδείᾳ

494 762 593 817 stis
611 762 680 813 τ’.
717 761 793 814 Ad
822 761 957 815 alios
993 770 1170 814 autem
1203 776 1508 816 sermonem
1534 762 1772 832 dirigens
1799 778 1811 814 :
1843 758 1949 825 Qui
1978 759 2063 812 in-

2174 748 2427 810 τελείους,
2475 745 2563 799 διὰ
2608 745 2667 798 τὸ
2702 743 2905 798 ἁπλοῦν
2942 744 3023 798 ἔτι
3048 746 3147 815 τῆς
3174 744 3411 807 διανοίας
3446 743 3544 796 καὶ
3570 743 3751 814 ἀστή-

495 851 681 920 ﬁrmus
719 861 815 915 est,
849 851 1076 907 oleribus
1121 855 1431 920 vescitur",
1484 854 1694 924 inquit;
1745 869 1866 923 quae
1901 849 2066 907 veluti
2175 858 2377 917 ρικτον·

497 945 673 998 media
715 945 975 1013 quadam,
1015 946 1161 1017 quod
1209 947 1402 1001 attinet
1449 946 1829 1017 cogitationes,
1866 946 2081 999 ratione
2135 936 2323 993 aﬂ‘ecta
2357 939 2504 991 sunt,
2551 945 2673 985 cum
2715 930 2839 984 talis
2881 943 3021 999 pane
3062 928 3209 983 vesci
3260 935 3513 997 nequeat.
3548 942 3755 998 quem-

497 1037 784 1093 admodum
816 1040 850 1093 ii
874 1040 967 1110 qui
986 1041 1094 1105 jam
1123 1042 1345 1111 perfecti
1376 1047 1503 1098 su'nt
1537 1042 1897 1106 institutione,
1926 1047 2147 1110 propter
2173 1041 2421 1085 tenerum
2450 1033 2504 1079 θῐ
2530 1024 2803 1078 inﬁrmum
2830 1023 3007 1077 ωηιιιθ
3034 1020 3384 1075 ίηιείίθειυῐη·

883 1153 1402 1212 INTERROGATIO
1439 1157 1675 1212 CXXIX.

564 1242 851 1310 Quomodo
877 1263 1005 1301 vero
1040 1249 1287 1304 terminis
1337 1251 1630 1319 suhjiciens
1660 1249 1951 1320 Apostolus
1979 1262 2064 1303 re-

496 1351 659 1405 gnum
691 1337 913 1403 Christi,
950 1340 1159 1407 scribit,
1187 1339 1401 1410 Oportet
1430 1344 1601 1409 ipsum
1637 1357 1854 1410 regnare
1878 1355 2064 1409 usque-

493 1427 619 1480 dum
650 1431 883 1496 pasuerit
924 1432 1164 1486 inimicos
1200 1435 1314 1502 ejus
1338 1434 1431 1486 sub
1464 1434 1619 1502 pedes
1651 1434 1766 1502 ejus
1797 1433 1879 1485 7‘?
1908 1432 2062 1497 Quod

496 1516 716 1585 quidem
768 1520 932 1589 aliqui
985 1522 1343 1591 interpretati,
1378 1521 1736 1588 tradiderunt,
1764 1521 1908 1592 quod
1944 1529 2065 1591 post

496 1606 663 1676 hujus
721 1612 907 1663 muniti
970 1611 1154 1676 linem,
1217 1622 1574 1681 praetereunte
1629 1629 1798 1684 regno
1838 1612 2060 1675 Christi,

495 1698 723 1769 ipsoque
759 1702 809 1753 in
842 1697 1058 1755 Patrem
1107 1703 1387 1768 redeunte,
1435 1704 1652 1760 futurus
1688 1706 1760 1758 sit
1804 1706 2062 1759 omniain

494 1790 736 1845 omnibus
764 1790 925 1857 Deus,
960 1792 1101 1847 sicut
1134 1792 1306 1863 inquit
1341 1794 1632 1863 Apostolus
1657 1794 1724 1850 ⁷⁵.

1124 1975 1433 2046 Responsio.

564 2065 692 2122 Illos
723 2066 857 2121 mihi
896 2066 1111 2121 videtur
1152 2067 1439 2138 deplorare
1485 2063 1787 2121 Hieremias
1830 2064 2015 2119 dicens
2051 2081 2065 2119 :

496 2162 628 2229 Quis
656 2162 806 2215 dabit
828 2176 1021 2231 aquam
1040 2161 1203 2230 capiti
1246 2176 1378 2225 meo,
1421 2168 1474 2214 et
1514 2159 1682 2214 oculis
1706 2159 1835 2212 meis
1869 2158 2067 2227 fontem

493 2250 875 2322 lacrymarum,
916 2259 965 2305 et
1010 2251 1194 2321 lugebo
1238 2260 1386 2304 nocte
1426 2260 1476 2304 et
1521 2250 1607 2304 die
1645 2250 1943 2303 vulneratos
1975 2264 2070 2317 po-

491 2342 607 2413 puli
639 2344 739 2396 mei
776 2340 871 2394 ἐἴ
910 2342 1002 2411 qui
1056 2342 1373 2397 clauserunt
1414 2356 1601 2405 aures,
1666 2340 1863 2394 nullam
1900 2339 2068 2393 divini

494 2434 766 2489 sermonis
815 2432 1082 2488 rationem
1130 2433 1412 2500 habentes,
1458 2432 1552 2504 qui
1596 2441 1784 2502 aperte
1823 2432 2066 2488 clamat:

495 2523 674 2578 Filius
730 2535 903 2579 manet
929 2525 983 2579 in
1007 2534 1257 2579 internum
1287 2525 1354 2585 'Z.
1389 2524 1780 2579 AdversaLitur
1815 2524 1894 2579 eis
1918 2539 2072 2578 acer-

495 2617 598 2673 bus
640 2617 923 2673 dementia:
970 2619 1237 2674 refutator
1282 2617 1559 2685 Danielus,
1598 2619 1680 2673 vir
1717 2617 2071 2689 exoptatissi-

494 2727 641 2778 mus,
671 2711 857 2767 dicens
891 2730 905 2767 :
942 2710 1352 2783 Contemplabar
1386 2714 1440 2767 in
1465 2714 1661 2767 visione
1695 2722 1978 2776 nocturna,
2019 2724 2068 2765 et

494 2819 612 2858 ecce
640 2804 694 2857 in
726 2803 947 2858 nubibus
969 2806 1084 2859 caeli
1109 2805 1243 2859 velut
1275 2802 1453 2859 Filius
1480 2806 1710 2859 hominis
1738 2806 1970 2860 veniebat
2000 2806 2066 2860 ⁷³.

498 2893 566 2949 Et
590 2896 752 2966 paulo
782 2906 903 2966 post
936 2897 1111 2966 inquit
1140 2915 1153 2951 :
1186 2896 1433 2952 Potestas
1466 2897 1581 2967 ejus
1606 2908 1837 2967 potestas
1872 2906 2071 2952 «eterna

490 2999 596 3051 est,
627 3005 745 3058 qum
778 3005 879 3041 non
923 2988 1238 3057 prwteribit,
1267 2998 1317 3042 et
1344 3006 1558 3059 regnum
1604 2989 1718 3059 ejus
1760 3007 1863 3045 non
1906 2991 2071 3044 inter-

496 3078 596 3132 ibit
621 3079 689 3131 ".
735 3077 998 3133 Similiter
1036 3087 1091 3132 et
1120 3077 1352 3133 Davides
1396 3079 1707 3134 divinorum
1755 3088 1945 3135 auctor
1978 3080 2068 3136 ille

497 3169 803 3224 carminum
851 3188 867 3223 :
924 3168 1165 3224 Thronus
1219 3178 1361 3236 tuus,
1424 3185 1454 3222 o
1511 3168 1670 3236 Deus,
1720 3171 1777 3225 in
1816 3170 2070 3225 sa'rulum

496 3264 731 3321 swculi:
777 3264 926 3332 virga
975 3264 1332 3332 rectitudinis,
1385 3265 1533 3336 virga
1585 3266 1731 3335 regni
1774 3267 1849 3319 tui
1889 3265 1956 3319 “.
2007 3263 2073 3322 Et

496 3367 621 3428 post
652 3356 753 3411 alia
788 3374 800 3407 :
833 3356 910 3409 Ab
936 3356 1091 3409 initio
1126 3365 1205 3419 tu,
1251 3355 1491 3424 Domine,
1516 3367 1711 3411 terram
1738 3356 1999 3426 fundasti,
2022 3364 2073 3411 et

499 3465 657 3518 Opera
696 3464 949 3503 manuum
982 3456 1197 3503 tuarum
1218 3459 1340 3504 sunt
1367 3449 1502 3505 creti.
1541 3447 1656 3515 Ipsi
1681 3450 1987 3516 interibunt,
2016 3459 2073 3503 tu

501 3551 678 3595 autem
718 3557 1013 3610 permanes,
1065 3552 1115 3596 et
1164 3558 1218 3597 es
1254 3541 1416 3608 idem,
1470 3551 1521 3596 et
1568 3543 1695 3597 anni
1747 3544 1823 3596 tui
1854 3558 1957 3596 non
1983 3542 2075 3598 de-

500 3636 679 3708 ﬁcient
708 3637 776 3689 ⁸⁸.
812 3634 943 3703 Quae
977 3635 1044 3691 de
1092 3634 1323 3691 Domino
1368 3650 1647 3705 exponens
1690 3635 1942 3691 sublimis
1985 3635 2075 3692 ille

503 3728 855 3800 intelligentia
890 3726 1113 3793 Paulus,
1144 3727 1322 3798 ipsum
1351 3727 1554 3797 ubique
1580 3728 1768 3784 scribit
1803 3728 2073 3799 Opiﬁcem,

501 3830 557 3875 et
593 3835 794 3890 regem,
835 3828 890 3875 et
934 3817 1103 3874 Deum
1138 3829 1264 3874 ante
1293 3820 1494 3874 saecula
1520 3830 1574 3875 et
1603 3820 1657 3875 in
1688 3822 1905 3877 smcula.
1931 3819 2077 3876 Prae-

502 3923 647 3969 terea
683 3911 860 3969 Moses
904 3910 998 3966 Dei
1035 3921 1305 3982 spectator
1340 3922 1394 3967 et
1435 3913 1710 3983 legislator
1749 3913 1967 3969 divinus
2019 3915 2073 3969 in

504 4006 610 4060 line
650 4003 862 4061 Cantici
909 4004 1093 4060 Mariae
1143 4005 1333 4060 scribit
1382 4023 1396 4059 :
1451 4004 1704 4059 Doniinus
1751 4022 1974 4073 regnans
2019 4007 2076 4059 in

505 4096 755 4153 sa'culum
788 4108 837 4152 et
862 4097 1113 4153 sarculum
1140 4097 1207 4152 ⁸¹.
1253 4096 1531 4153 Christum
1564 4098 1797 4168 denique
1819 4099 1931 4169 jam
1964 4098 2073 4154 Do-

503 4195 710 4251 minum
739 4210 859 4250 esse
896 4196 1232 4265 proﬁtemur.
1282 4193 1359 4249 Ne
1412 4193 1575 4264 igitur
1617 4209 1681 4247 ex
1722 4208 1787 4248 eo
1811 4193 1955 4263 quod
1989 4194 2076 4250 hic

504 4285 703 4339 dicitur
736 4303 749 4339 :
788 4284 1087 4356 Usquedum
1132 4297 1188 4339 et
1239 4301 1530 4356 usquequo,
1573 4285 1864 4354 aliquando
1914 4283 2071 4339 finem

504 4377 817 4433 habiturum
850 4395 1073 4450 regnum
1118 4378 1316 4434 Christi
1358 4388 1649 4448 nugentur,
1696 4377 1838 4433 male
1868 4378 2070 4433 intelli-

506 4480 694 4539 gentes
717 4486 837 4540 quae
861 4471 995 4525 bene
1022 4480 1150 4525 sunt
1178 4470 1342 4524 dicta.
1370 4468 1506 4524 Nam
1551 4485 1618 4523 ex
1666 4470 1784 4540 ipsa
1825 4469 2070 4540 Apostoli

504 4579 637 4619 voce
680 4564 1019 4634 redarguitur
1060 4563 1299 4633 ipsorum
1345 4564 1578 4618 vanitas.
1639 4562 1889 4632 Regnavit
1923 4562 2071 4618 enim

506 4672 645 4710 mors
678 4657 740 4709 ab
763 4654 965 4709 Adamn
988 4652 1057 4707 ad
1083 4651 1283 4707 Mosem
1306 4667 1491 4721 usque,
1519 4652 1696 4722 inquit
1716 4652 1782 4707 ⁸³.
1812 4650 1950 4705 Νιιηι
1974 4652 2073 4722 igi-

509 4757 598 4803 tur
627 4749 693 4803 ad
728 4748 878 4802 illum
909 4761 1080 4816 usque
1121 4754 1335 4801 tantum
1368 4744 1631 4814 regnavit,
1663 4752 1758 4798 aut
1781 4744 1942 4797 etiam
1975 4743 2075 4797 ul—

506 4839 629 4893 tra?
651 4837 919 4893 Nimirum
949 4838 1002 4891 in
1030 4836 1231 4890 multas
1261 4834 1350 4889 illa
1381 4834 1759 4903 generationes
1788 4832 2075 4902 imperium

508 4943 666 4982 suum
698 4928 982 4982 extendit:
1016 4940 1180 4996 quam
1221 4923 1456 4994 denique
1503 4938 1720 4978 omnem
1752 4922 2074 4978 rationalem

507 5026 719 5073 aetatem
752 5019 1150 5087 pervadentem,
1181 5018 1434 5073 Christus
1468 5015 1684 5081 evertit,
1717 5016 1978 5071 adversus
2009 5015 2075 5069 il-

509 5110 617 5164 lant
652 5111 846 5164 robore
884 5111 1142 5166 mortales
1169 5110 1535 5171 circumdans,
1577 5108 1693 5178 ipse
1739 5108 1897 5162 morti
1923 5121 2072 5162 mors

515 5206 709 5261 factus.
743 5202 808 5257 Et
833 5204 960 5274 quia
1006 5204 1072 5258 de
1110 5204 1255 5259 Mose
1304 5200 1590 5274 magniﬁce
1637 5200 1944 5256 sentiebant
1971 5197 2073 5254 Ju-

509 5300 632 5362 daei,
659 5313 767 5369 prae
791 5296 882 5349 illo
903 5304 1128 5350 caeteros
1146 5301 1574 5357 contemnentes,
1596 5292 1885 5362 ipsumque
1910 5286 2070 5344 deum

506 5408 625 5446 esse
655 5398 926 5461 putantes,
958 5385 1102 5458 quod
1135 5401 1201 5439 ne
1236 5385 1546 5454 sepulcrum
1589 5383 1810 5454 quidem
1837 5381 1957 5451 ejus
1983 5381 2069 5434 in-

505 5485 753 5538 Veniatur
798 5496 971 5552 usque
1019 5479 1074 5535 in
1116 5477 1437 5533 hodiernum
1470 5476 1637 5540 diem,
1679 5472 1933 5546 quodque
1962 5486 2071 5527 una

2728 1139 2975 1193 ΠΕΥΣΙΣ
3012 1137 3185 1192 PKO'.

2238 1237 2348 1291 Kal
2383 1234 2501 1297 πῶς
2531 1234 2679 1302 ὅροις
2728 1228 3016 1283 ὑποϐαλὼν
3046 1231 3076 1281 6
3124 1227 3445 1291 Ἀπὸστολος
3469 1228 3571 1299 τὴν
3606 1229 3754 1301 Χρι-

2171 1329 2296 1383 στοῦ
2331 1324 2627 1400 βασιλείαν,
2657 1324 2881 1394 γράφει,
2914 1320 3013 1375 Δεῖ
3039 1322 3150 1396 γὰρ
3171 1318 3358 1374 αὑτὸν
3381 1320 3753 1384 ,βασιλεύειν

2169 1423 2343 1491 ἄχρις
2389 1416 2457 1476 οὗ
2511 1419 2587 1473 ἂν
2626 1415 2701 1485 θῇ
2743 1416 2884 1482 τοὺς
2925 1415 3174 1484 ἐχθροὺς
3225 1412 3412 1470 αὐτοῦ
3448 1414 3566 1469 ὑπὸ
3604 1416 3756 1481 τοὺς

2170 1513 2358 1578 πόδας
2388 1510 2617 1574 avrai};
2655 1509 2835 1579 Ὅπερ
2872 1509 2920 1561 οἱ
2966 1506 3403 1579 ὲρμηνεύσαντες
3444 1507 3749 1573 ἐξέδωκαν,

2170 1612 2252 1665 ὅτι
2301 1608 2439 1680 μετᾶ
2472 1607 2531 1659 τὸ
2564 1606 2714 1667 τέλος
2745 1604 2839 1658 τοῦ
2871 1604 3079 1676 κόσμου
3112 1604 3303 1657 τούτου
3338 1603 3752 1676 περαιουμένης

2168 1706 2268 1776 τῆς
2323 1702 2598 1775 βασιλείας
2650 1699 2909 1773 Χριστοῦ,
2947 1700 3109 1754 αὑτοῦ
3151 1700 3208 1753 δὲ
3254 1702 3331 1764 είς
3381 1701 3472 1753 τὸν
3522 1701 3753 1769 Πατέρα

2168 1795 2511 1857 ἀναλύοντας,
2541 1794 2691 1845 ἔσται
2734 1789 2806 1843 τὰ
2818 1786 3014 1841 πάντα
3027 1787 3297 1845 emam
3314 1791 3346 1844 ὸ
3360 1794 3529 1863 Θεὸς,
3561 1789 3756 1855 καθὼς

2168 1887 2314 1956 λέγει
2343 1890 2371 1941 6
2416 1888 2469 1939 Ἀ
2480 1884 2755 1948 πόστολος.

2768 1976 3134 2043 Ἀπόκρισις,

2252 2071 2523 2135 Ἑκείνους
2563 2070 2709 2124 δοκεῖ
2760 2087 2850 2141 μοι
2890 2069 3158 2141 Ἱερεμίας
3199 2067 3603 2139 ἀποδυρόμενος
3646 2069 3757 2138 φά-

2171 2179 2342 2227 σκειν,
2386 2162 2480 2227 Τίς
2510 2161 2690 2214 δώσει
2725 2159 2800 2229 τῇ
2850 2156 3087 2229 κεφαλῇ
3105 2176 3227 2228 μου
3270 2157 3452 2226 ὕδωρ,
3487 2159 3588 2212 καὶ
3624 2158 3760 2224 τοῖς

2170 2255 2495 2325 ὀφθαλμοῖς
2522 2273 2640 2324 μου
2680 2252 2885 2323 πηγὴν
2927 2251 3235 2320 δακρύων,
3270 2250 3367 2304 καὶ
3404 2252 3758 2321 κλαύσομαι

2170 2347 2395 2417 ἡμέρας
2427 2346 2523 2400 καὶ
2551 2345 2771 2411 νυκτὸς
2798 2344 2937 2410 τοὺς
2969 2328 3594 2412 τετραυματισμένους
3641 2343 3758 2398 τοῦ

2169 2439 2323 2495 λαοῦ
2346 2457 2466 2510 μου
2493 2455 2513 2504 ;
2550 2440 2675 2503 τοὺς
2716 2437 2995 2509 μύσαντας
3024 2438 3092 2491 τὰ
3124 2430 3259 2501 ὦτα,
3298 2437 3393 2490 καὶ
3425 2436 3633 2507 μηδένα
3660 2436 3757 2491 λό-

2170 2547 2266 2601 γον
2293 2532 2393 2602 τῆς
2426 2529 2719 2599 θεηγορίας
2764 2528 3142 2599 ποιουμένους,
3175 2525 3477 2598 διαρρήδην
3511 2525 3751 2597 βοώσης,

2183 2622 2247 2675 '0
2293 2621 2426 2686 Υἱὸς
2465 2621 2635 2691 μένει
2670 2622 2758 2686 είς
2803 2619 2908 2672 τὸν
2939 2617 3145 2674 αιῶνα.
3198 2619 3759 2691 Ἀντικαταστήσεται

2170 2715 2353 2778 αὐτοῖς
2386 2714 2580 2785 πικρὸς
2601 2714 2699 2785 τῆς
2736 2711 3023 2785 παροινίας
3061 2712 3284 2781 ἐλεγχος
3313 2711 3515 2784 Δανιὴλ
3545 2715 3574 2767 6
3608 2713 3756 2785 ἀνὴρ

2168 2807 2278 2862 τῶν
2334 2806 2658 2877 ἐπιθυμιῶν,
2711 2807 2956 2876 φάσκων,
3018 2803 3341 2873 Ἐθεώρουν
3380 2805 3452 2858 ἐν
3504 2805 3760 2875 ὁράματι

2169 2900 2281 2970 τῆς
2334 2898 2594 2965 νυκτὸς,
2654 2897 2751 2952 καὶ
2809 2896 2934 2952 ἰδοὺ
2997 2896 3093 2951 ἐπὶ
3148 2894 3269 2950 τῶν
3313 2895 3591 2967 νεφελῶν
3647 2898 3757 2953 τοῦ

2172 2991 2434 3061 οὐρανοῦ
2509 2990 2589 3056 ὠς
2643 2988 2778 3056 Υἱὸς
2842 2987 3161 3057 ἀνθρώπου
3236 2990 3582 3059 ἐρχόμενος.
3644 2990 3761 3045 Καὶ

2177 3084 2316 3157 μετὰ
2362 3082 2569 3157 βραχέα
2612 3082 2796 3152 φησὶν,
2857 3079 2927 3137 Ἦ
2969 3081 3225 3145 ἐξουσία
3261 3081 3447 3137 αὑτοῦ
3495 3081 3761 3146 ἐξουσία

2172 3176 2430 3243 αἰώνιος,
2471 3176 2601 3245 ἣτις
2647 3177 2722 3231 οὐ
2757 3176 3216 3244 παρελεύσεται,
3254 3176 3349 3229 καὶ
3378 3176 3413 3244 ἠ
3454 3176 3762 3239 ,βασιλεία

2172 3268 2360 3325 αὑτοῦ
2408 3270 2481 3323 οὐ
2534 3266 3028 3339 διαφθαρήσεται.
3095 3266 3326 3338 Ὁμοίως
3367 3265 3529 3318 Δαὸὶδ
3565 3269 3595 3319 ὁ
3632 3267 3758 3322 τῶν

2178 3359 2339 3414 θείων
2374 3360 2629 3432 μελῳδὸς,
2690 3360 2752 3414 '0
2784 3359 2996 3428 θρόνος
3050 3374 3190 3424 σου,
3236 3361 3269 3413 ό
3314 3356 3475 3424 Θεὸς,
3505 3359 3591 3421 si;
3638 3358 3758 3412 τὸν

2173 3449 2359 3505 αἰῶνα
2408 3452 2515 3507 τοῦ
2546 3450 2761 3518 αἰῶνος
2783 3494 2797 3517 ,
2821 3450 3046 3520 ῥάϐδος
3096 3452 3417 3518 εὐθύτητος
3459 3451 3498 3519 ἡ
3528 3449 3763 3520 ῥάϐδος

2172 3541 2284 3611 τῆς
2300 3542 2624 3607 ,βασιλείας
2646 3559 2784 3596 σου.
2810 3541 2919 3595 Καὶ
2947 3541 3063 3613 μεθ’
3090 3542 3270 3613 ἓτερα’
3304 3540 3622 3613 Καταρχὰς
3654 3545 3756 3608 σὺ,

2173 3636 2369 3703 Κύριε,
2397 3634 2511 3703 τὴν
2528 3634 2646 3705 γῆν
2669 3634 3092 3704 ἐθεμελίωσας,
3116 3634 3213 3688 καὶ
3234 3634 3381 3704 ἔργα
3402 3634 3524 3689 τῶν
3549 3636 3756 3705 χειρῶν

2175 3740 2290 3781 σου
2318 3725 2477 3781 εἰσιν
2509 3728 2564 3781 οι
2597 3727 2862 3795 οὐρανοῦ
2917 3726 3087 3781 αὐτοὶ
3131 3727 3530 3790 ἀπολοῦνται,
3574 3728 3652 3782 σὺ
3686 3725 3753 3781 δὲ

2184 3818 2503 3889 διαμένεις,
2546 3819 2644 3873 καί
2688 3823 2721 3874 ὁ
2766 3819 2974 3884 αὐτὸς,
3032 3820 3133 3873 καὶ
3184 3819 3257 3873 τὰ
3306 3820 3411 3888 ἐτη
3473 3837 3594 3875 σου
3649 3822 3760 3874 οὐκ

2175 3911 2593 3981 ἐκλείψουσιν.
2661 3912 2842 3983 "Amp
2899 3914 2980 3977 είς
3028 3913 3120 3966 τὸν
3166 3912 3372 3984 Κύριον
3430 3912 3759 3985 ἑρμηνεύων

2185 4004 2397 4067 Παῦλος
2441 4005 2469 4058 ὁ
2503 4004 2706 4074 ὑψηλὶς
2750 4003 2846 4076 τὴν
2886 4003 3149 4071 διάνοιαν,
3194 4005 3370 4077 πάντη
3425 4004 3760 4059 ἐπιστέλλων

2176 4095 2529 4167 δημιουργὸν,
2566 4097 2661 4148 καὶ
2707 4094 2934 4165 βασιλέα
2969 4096 3064 4149 καὶ
3097 4094 3230 4148 θεὸν
3262 4096 3369 4166 πρὸ
3408 4095 3632 4149 αἰώνων
3664 4095 3762 4150 καὶ

2176 4188 2262 4240 ἐπ’
2294 4186 2485 4241 αἰῶνα.
2520 4187 2628 4240 Καὶ
2660 4187 2739 4239 ἔτι
2777 4186 2950 4241 ταῦτα
2981 4188 3036 4241 δὲ
3077 4189 3284 4259 Μωσῆς
3331 4189 3360 4241 6
3405 4188 3645 4259 θεόπτης
3667 4200 3763 4244 και

2178 4278 2322 4343 θεῖος
2352 4278 2644 4351 νομοθέτης
2669 4280 2725 4333 ἐν
2759 4278 2836 4349 τῷ
2861 4278 3006 4332 τέλει
3036 4279 3138 4350 τῆς
3170 4280 3319 4352 ᾠδῆς
3361 4281 3591 4352 Μαρίας
3624 4282 3764 4354 γρά-

2178 4388 2289 4442 φει,
2320 4372 2535 4440 Κύριος
2550 4372 2903 4435 ,βασιλεύων
2944 4371 3062 4426 τῶν
3092 4372 3325 4426 αἰώνων
3353 4374 3452 4427 καί
3481 4376 3592 4428 ἐπ’
3631 4373 3764 4429 αἰώ-

2175 4480 2318 4518 νων.
2358 4465 2469 4518 Kal
2498 4464 2602 4533 ἔτι,
2636 4464 2841 4535 Κύριος
2867 4464 2923 4519 δὲ
2949 4467 2977 4518 ὁ
3014 4465 3271 4537 Χριστὸς,
3312 4466 3407 4519 καὶ
3436 4470 3575 4539 παρ’
3604 4468 3761 4540 ἡμῶν

2177 4555 2278 4627 ἥδη
2312 4556 2674 4627 ὁμολογεῖται.
2716 4557 2809 4629 Μὴ
2850 4553 2942 4612 οῦν
2979 4559 3044 4612 ἐκ
3091 4558 3189 4612 τοῦ
3239 4558 3413 4628 ἄχρις
3460 4555 3562 4623 οὗ,
3607 4562 3760 4625 τέλος

2177 4646 2317 4712 ἕξειν
2346 4647 2475 4701 ποτὲ
2506 4649 2607 4720 τὴν
2640 4647 2875 4719 Χριστοῦ
2915 4647 3218 4719 βασιλείαν,
3273 4648 3617 4721 ληρείτωσαν
3660 4669 3760 4705 κα-

2178 4739 2290 4803 κῶς
2313 4738 2559 4804 νοοῦντες
2585 4741 2651 4794 τὰ
2683 4740 2864 4805 καλῶς
2891 4740 3236 4811 πεφασμένα.
3277 4742 3370 4794 Ἐκ
3402 4742 3510 4813 γὰρ
3541 4743 3642 4810 τῆς
3667 4744 3764 4797 αύ-

2173 4830 2274 4902 τῆς
2324 4830 2419 4884 τοῦ
2481 4831 2804 4885 Ἀποστόλου
2859 4832 3046 4904 φωνῆς
3091 4832 3430 4903 διελέγχεται
3484 4834 3676 4888 αὐτῶν
3726 4836 3761 4905 ἡ

2172 4922 2556 4978 είκαιοϐουλία.
2623 4924 3020 4979 Ἐϐασίλευσε
3072 4923 3184 4995 γὰρ
3234 4926 3268 4976 ὁ
3328 4923 3591 4991 θάνατος
3642 4924 3761 4980 ἀπὸ

2187 5011 2367 5082 ’Δδὰμ
2414 5012 2596 5083 μέχρι
2650 5015 2932 5080 Μωσέως,
2988 5014 3174 5085 φησίν.
3227 5009 3353 5085 Ἆρ’
3407 5010 3504 5069 οῦν
3566 5015 3763 5088 μέχρις

2180 5105 2391 5158 ἐκείνου
2445 5105 2815 5171 ἐϐασίλευσεν,
2860 5105 2894 5177 ἢ
2943 5107 3038 5161 καὶ
3076 5107 3372 5172 ὲπέκεινα;
3405 5108 3504 5172 Εἰς
3560 5109 3763 5173 πολλὰς

2180 5196 2377 5266 γενεὰς
2411 5198 2658 5261 ἐκτείνας
2706 5197 2771 5250 τὸ
2812 5199 3047 5269 κράτος·
3101 5198 3161 5252 δν
3200 5198 3288 5252 διὰ
3323 5200 3500 5270 πάσης
3532 5200 3761 5273 λογικῆς

2180 5287 2393 5361 ἡλικίας
2422 5289 2611 5342 θέοντα
2637 5288 2875 5361 Χριστὸς
2909 5289 3233 5343 ὑπεσκέλισε
3252 5332 3267 5356 ,
3294 5292 3357 5347 τὸ
3379 5290 3507 5346 κατ’
3550 5291 3759 5345 ἐκείνου

2178 5382 2379 5454 κράτος
2412 5382 2636 5455 βροτοὺς
2688 5384 2998 5455 ἀναδήσας,
3031 5383 3194 5447 αὐτὸς
3238 5382 3319 5455 τῷ
3356 5383 3580 5455 θανάτῳ
3609 5384 3761 5455 γενό-

2181 5490 2339 5545 μενος
2374 5474 2601 5538 θάνατος
2619 5491 2633 5505 ο
2667 5475 2794 5539 τοὺς
2820 5474 2963 5545 μέγα
2989 5491 3042 5528 τι
3079 5475 3173 5528 ἐπὶ
3198 5475 3391 5529 Musaei
3418 5473 3761 5546 φρονοῦντας

575 5644 668 5696 "l
710 5644 834 5697 (Zur.
871 5660 953 5709 ιιι,
982 5643 1036 5700 2.
1113 5644 1158 5677 ⁷³
1197 5641 1354 5696 Rom.
1410 5655 1522 5710 xw,
1562 5637 1656 5710 2._
1693 5638 1743 5710 ’ξ
1774 5636 1793 5690 ι
1821 5634 1948 5691 Cor.
1990 5648 2081 5710 ιδ,
2262 5633 2333 5710 _"
2370 5631 2506 5710 ibid.
2532 5633 2649 5710 ἓξ..
2785 5630 3116 5710 tierent“,
3149 5633 3202 5688 1.
3269 5632 3313 5663 "
3331 5629 3492 5710 ίιριιιι.
3524 5630 3754 5710 Vtt_t,__3_§.

1104 5714 1152 5747 "
1192 5715 1320 5770 ibid.
1360 5712 1447 5767 M.
1506 5705 1593 5743 ’⁸⁸
1627 5706 1769 5763 Psal.
1816 5721 1962 5770 mv,
2007 5705 2058 5759 'l.

507 5713 552 5746 ’⁸
593 5713 724 5767 Dan.
779 5729 875 5775 vn,
918 5715 1004 5772 i3.

501 5781 552 5818 ⁸³
585 5784 740 5843 ltum.
772 5800 826 5853 ν,
867 5784 951 5839 14.

2167 5703 2214 5735 ἰ
2262 5702 2402 5763 Psal.
2463 5719 2536 5772 Cl,
2581 5701 2776 5761 26-28.
2879 5704 2926 5737 ⁸³
2966 5701 3141 5762 Exod.
3190 5718 3283 5772 xv,
3324 5701 3393 5760 i8
3431 5716 3550 5759 sec.
3591 5698 3756 5759 ω.
