4048 6222
272 208 521 266 1629ι

283 320 582 385 Ἰουδαίους
609 318 705 375 καὶ
730 317 1158 384 ἐξουθενοῦντας,
1190 317 1285 372 καὶ
1313 315 1447 370 Θεὸν
1470 313 1633 370 αὑτὸν
1661 312 1841 383 ὑπάρ-

267 430 400 489 χειν
423 413 723 486 οἰομένους,
743 410 831 466 διὰ
848 410 909 465 τὸ
939 411 1076 483 μηδὲ
1103 410 1273 481 τάφον
1303 408 1470 462 αὑτοῦ
1493 404 1850 479 εὑρίσκεσθαι

270 505 445 579 μέχρι
470 508 733 575 τήμερον,
762 503 855 556 καὶ
879 503 1009 557 ὅταν
1058 502 1177 574 ἅμα
1212 499 1395 555 Ἠλίου
1431 498 1527 553 τοῦ
1568 497 1849 568 προφήτου

269 594 372 649 ἰπὶ
387 595 486 666 τῆς
496 593 807 666 ἀκρωρείας
822 592 1069 663 παρέστη
1086 589 1306 663 Χριστῷ
1325 587 1808 662 μεταμορφωθέντι
1833 604 1852 622 ο

1667 168 2012 261 oratorius
2048 197 2141 255 ut.

3382 196 3522 255 1M0

1950 327 2074 367 cum
2125 308 2241 365 Elia
2293 311 2558 384 propheta
2612 311 2668 366 in
2717 308 3003 367 cacumine
3048 306 3249 363 montis
3275 308 3508 364 astiterit

1953 403 2172 459 Christo
2205 406 2615 470 transformata,
2647 404 2721 460 ita
2749 411 2811 459 ut
2843 402 2948 474 ipsi
2979 409 3174 473 putent
3195 415 3319 456 eum
3345 401 3523 456 adhuc

1954 497 2134 552 vivere
2162 504 2217 551 et
2253 497 2309 551 in
2338 513 2524 564 carne,
2550 497 3003 569 quemadmodum
3035 504 3089 551 et
3117 494 3312 561 Eliam,
3342 503 3525 550 trans-

1953 588 2122 643 latum
2155 607 2171 646 :
2210 590 2405 645 borum
2433 588 2766 645 inﬂationem
2799 589 3127 646 contrahens
3149 596 3529 657 tumoremque

270 684 420 741 ὥστε
448 687 545 757 μὲν
591 685 767 740 δοκεῖν
812 685 1009 748 αὐτοὺς
1048 684 1129 737 ἔτι
1170 684 1269 755 ζῇν
1303 681 1466 736 αὑτὸν
1507 677 1604 734 ἶσα
1667 675 1850 733 Ἠλίου

1972 696 2107 737 rana:
2135 681 2203 737 de
2231 681 2337 737 hoc
2368 682 2483 738 viro
2527 683 2821 753 opinionis,
2858 682 3142 738 mortalem
3174 681 3413 737 ostendit
3445 681 3530 750 ip-

274 775 644 849 μετατεθέντα
691 778 748 829 ὲν
784 774 945 846 σαρκί
968 791 985 807 ο
1026 774 1399 827 καταστέλλων
1436 771 1616 826 αὐτῶν
1647 771 1708 824 τὸ
1753 770 1855 839 φύ-

264 886 461 941 σημα,
528 868 625 922 καὶ
671 868 771 939 τὴν
821 866 1131 939 φλεγμονὴν
1175 867 1278 937 τῆς
1324 865 1537 928 εἰκαίας
1583 864 1715 936 περὶ
1758 863 1853 916 τὸν

262 960 449 1033 ἄνδρα
481 960 641 1031 δόξης
665 1002 681 1025 ,
703 958 895 1029 θνητὸν
927 958 1248 1021 ἀποδεικνὺς
1277 958 1460 1020 αὑτὸν,
1494 956 1591 1010 καὶ
1617 955 1717 1025 τῆς
1756 954 1855 1007 αὐ-

269 1054 379 1124 τῆς
413 1055 546 1125 ἡμῖν
590 1051 807 1121 φύσεως
827 1092 842 1114 ,
872 1050 1034 1104 οἱονεὶ
1073 1049 1533 1105 δακτυλοδεικτιῖω
1566 1050 1731 1104 αὑτὸν
1759 1049 1854 1103 καὶ

270 1146 526 1216 φάσκων,
576 1143 783 1214 Θνητὸς
822 1142 1085 1214 ὑπάρχων
1128 1142 1306 1198 ἔθανε
1336 1140 1583 1213 Μωσῆς,
1616 1142 1669 1197 τί
1713 1160 1855 1213 κομ-

269 1238 504 1303 πάζετε.
534 1230 579 1290 ὧ
614 1236 856 1289 Ἰουδαῖοι
879 1251 894 1300 ;
930 1236 1025 1289 καὶ
1048 1235 1209 1290 πάλιν
1242 1237 1270 1288 6
1297 1237 1460 1300 αὑτός
1483 1255 1622 1307 φησι
1648 1237 1855 1306 διελέγ-

267 1348 391 1402 χων
424 1328 619 1391 αὑτοὺς
641 1369 655 1389 ,
683 1326 871 1397 Μέχρι
895 1327 1007 1397 γὰρ
1038 1326 1324 1398 σήμερον,
1355 1329 1538 1397 ἡνίκα
1571 1327 1857 1400 ἀναγινώ-

268 1437 487 1476 σκεται
508 1418 761 1487 Μωσῆς,
794 1418 1073 1489 κάλυμμα
1090 1418 1189 1472 ἐπὶ
1212 1418 1327 1485 τὴν
1360 1419 1614 1487 καρδίαν
1657 1418 1857 1473 αὐτῶν

272 1512 488 1567 κεῖται.
534 1506 659 1583 Ἆρ’
698 1506 791 1565 οὖν
828 1511 989 1582 μέχρι
1022 1510 1237 1565 Παύλου
1275 1509 1435 1579 μόνον
1482 1509 1516 1581 ἦ
1559 1509 1659 1563 καὶ
1693 1508 1855 1580 μέχρι

277 1604 598 1667 συντελείας
655 1603 830 1667 αὐτῆς
908 1602 1148 1656 Ἰουδαῖοι
1220 1600 1627 1670 τυφλώττουσι;
1684 1599 1853 1655 Πάλιν

270 1700 323 1754 δ’
364 1700 396 1752 6
454 1697 619 1761 αὐτὸς
666 1694 997 1750 ἐπιστέλλων
1057 1692 1370 1765 Κορινθίοις
1434 1693 1636 1765 φησίν·
1690 1694 1855 1763 Ἄχρι

280 1789 394 1844 καὶ
443 1786 615 1857 ὑμῶν
676 1784 1029 1854 ἐφθάσαμεν
1079 1783 1150 1837 ἐν
1200 1782 1280 1849 τῷ
1347 1784 1692 1853 Εὑαγγελίφ
1750 1781 1857 1837 τοῦ

273 1880 565 1953 Χριστοῦ.
616 1873 744 1950 Ἀρ*
790 1876 851 1932 ού
900 1878 1061 1950 μέχρι
1115 1876 1380 1948 Κορίνθου
1428 1875 1631 1948 μόνης,
1678 1876 1711 1947 ἢ
1761 1876 1858 1930 καὶ

278 1975 399 2030 ἀπὸ
441 1974 538 2044 τῆς
589 1970 726 2043 ἑῴας
777 1969 940 2041 μέχρι
983 1968 1091 2022 τῶν
1126 1968 1397 2040 ἑσπερίων
1440 1966 1671 2038 ἔφθασεν
1716 1966 1862 2021 ὠκυ-

272 2066 468 2121 ποδῶν
488 2063 672 2133 κύκλῳ
690 2063 752 2118 τὸ
790 2061 1100 2133 Ἰλλυρικὸν,
1129 2063 1224 2115 καὶ
1272 2060 1465 2133 μέχρις
1507 2060 1681 2131 αὐτῆς
1722 2057 1859 2112 Ῥώ-

282 2176 400 2231 μης
430 2155 712 2211 καταντῶν
747 2155 1045 2226 ἐκήρυττε;
1086 2154 1196 2207 Καὶ
1241 2154 1403 2209 πάλιν
1425 2154 1456 2205 6
1487 2153 1651 2217 αὑτός
1690 2170 1823 2224 φησι
1842 2169 1858 2186 ⁸

277 2248 791 2321 Παρακαλοῦντες
833 2245 1089 2313 ἑαυτοὺς
1119 2247 1260 2301 καθ’
1290 2245 1561 2316 ἑκάστην
1606 2245 1859 2315 ἡμέραν,

274 2344 464 2413 ἄχρις
503 2336 576 2398 οὗ
605 2341 671 2395 τὸ
710 2338 978 2408 σήμερον
1011 2337 1300 2393 καλεῖται.
1358 2336 1519 2392 Ἀλλὰ
1560 2340 1656 2392 καὶ
1703 2335 1863 2394 Δαὸὶδ

279 2435 553 2506 προεῖπεν
593 2434 623 2486 6
660 2430 982 2494 θεσπέσιος,
1034 2429 1306 2499 Σήμερον
1350 2428 1459 2483 ἐὰν
1507 2428 1618 2497 τῆς
1657 2432 1861 2500 φωνῆς

278 2524 478 2582 αὐτοῦ
520 2524 843 2589 ἀκούσητε,
879 2521 976 2575 τοῦ
1003 2520 1139 2575 Θεοῦ
1166 2521 1440 2591 δηλονότι,
1463 2520 1549 2591 μὴ
1589 2524 1863 2591 σκληρύ-

278 2634 433 2686 νητε
461 2615 568 2682 τὰς
599 2615 845 2684 καρδίας
863 2612 1031 2684 ὑμῶν
1053 2613 1133 2679 ὡς
1155 2612 1225 2667 ἐν
1256 2610 1337 2678 τῷ
1362 2613 1862 2685 παραπικρασμῷ,

283 2709 441 2765 κατὰ
480 2707 597 2777 τὴν
644 2705 873 2776 ἡμέραν
911 2705 1019 2760 τοῦ
1065 2703 1398 2773 πειρασμοῦ
1434 2704 1507 2758 ἐν
1546 2703 1623 2775 τῇ
1648 2705 1862 2775 ἐρήμῳ.

280 2802 471 2874 ὶιὲχρι
502 2803 615 2864 τοῖς
662 2796 757 2853 οὖν
790 2797 955 2853 Δαὸὶδ
1003 2796 1183 2865 μόνοις
1224 2797 1499 2867 ἀναγκαία
1528 2792 1639 2869 ἆρα
1684 2800 1718 2869 ἠ
1765 2798 1871 2868 τῆς

284 2895 447 2958 θείας
496 2893 677 2963 φωνῆς
718 2891 978 2962 ὑπακοῆς
1032 2889 1097 2942 Ὢ
1136 2889 1237 2960 τῆς
1282 2888 1572 2960 παροινίας
1601 2888 1710 2945 τῶν
1742 2888 1867 2961 είκῆ

286 2984 481 3054 σοφῶν
496 2987 510 3038 ἓ
528 2985 679 3038 αὐτοὶ
697 2984 796 3055 μὲν
810 2980 1047 3055 Χριστοῦ
1064 2981 1401 3054 ὑπάρχοντες
1413 2982 1872 3055 δημιουργήματα

298 3076 444 3150 μετὰ
484 3076 573 3131 τὸν
619 3075 893 3130 ἐνεστῶτα
937 3073 1109 3129 αίῶνα
1158 3073 1425 3146 ἄφθαρτοι
1467 3075 1563 3130 καὶ
1608 3074 1868 3131 ἀθάνατοι

288 3170 643 3242 ἀνιστάμενοι
671 3168 760 3223 διὰ
785 3166 988 3232 παντὸς
1017 3168 1290 3239 μένωμεν,
1320 3167 1483 3233 αὐτὸς
1509 3168 1565 3222 δὲ
1586 3165 1696 3241 ἆρα
1723 3170 1752 3223 6
1775 3167 1870 3223 τοῦ

285 3264 500 3328 παντὸς
528 3263 877 3337 ἀρχιτέκτων
900 3264 994 3318 καὶ
1023 3261 1308 3335 πρύτανις,
1343 3263 1422 3326 είς
1463 3262 1686 3334 Πατέρα
1715 3261 1873 3315 παλι-

290 3357 566 3426 νοστήσας
604 3355 706 3409 οὐκ
738 3353 925 3421 tonat;
961 3353 1086 3418 Πῶς
1114 3353 1169 3407 δὲ
1198 3355 1294 3408 καὶ
1333 3352 1639 3425 βασιλεύειν
1688 3352 1875 3418 άῖδίως

296 3446 399 3500 καὶ
420 3445 714 3509 άθανάτως
742 3446 840 3500 σὺν
871 3444 1022 3516 αὐτῷ
1051 3443 1261 3517 βροτοῖς
1288 3444 1704 3514 ἐπαγγέλλεται,
1735 3444 1877 3499 αὐτὰ

306 3540 524 3594 ἐκείνου
554 3538 992 3611 ἀφαιρουμένου,
1041 3539 1138 3592 καὶ
1180 3536 1414 3609 πέρασιν
1462 3540 1562 3609 τὴν
1600 3535 1877 3607 βασιλείαν

294 3629 644 3702 ἀποθεμένου
675 3671 691 3696 ,
722 3628 866 3685 κατὰ
895 3628 1024 3693 τοὺς
1049 3628 1485 3701 ματαιόφρονας;
1523 3628 1664 3682 Ἀλλ’
1698 3627 1878 3697 ἄπαγε

290 3726 400 3795 τῆς
430 3724 662 3788 ἀτοπίας
683 3764 697 3785 ,
733 3722 891 3791 ἀξιῶ.
934 3718 1172 3791 Ἐλέγξει
1198 3723 1309 3795 γὰρ
1351 3722 1546 3787 αὐτοὺς
1582 3723 1641 3775 ὲν
1687 3723 1786 3794 μὲν
1810 3723 1877 3794 τῇ

298 3816 524 3888 Παλαιᾷ
554 3814 716 3870 Δαϐὶδ
743 3816 995 3887 περὶτῆς
1019 3814 1257 3888 Χριστοῦ
1290 3814 1544 3886 μελῳδῶν
1582 3814 1879 3886 βασιλείας,

314 3907 1022 3980 Ἐξομολογησάσθιικτάν
1046 3922 1166 3969 σοι,
1203 3908 1397 3976 Κύριε,
1424 3906 1621 3962 πάντα
1646 3907 1718 3961 τὰ
1739 3906 1884 3976 ἔργα

326 4015 451 4055 σου
475 4016 489 4030 ’
531 3999 692 4072 ἔργον
719 4000 776 4054 δὲ
806 3998 1042 4072 Χριστοῦ
1073 3998 1143 4052 τὰ
1173 3999 1485 4070 σύμπαντα,
1519 3996 1699 4062 καθώς
1720 4014 1883 4069 φησιν

302 4092 337 4145 ὁ
371 4091 576 4163 ὑψηλὸς
621 4092 890 4164 Ἰωάννης,
928 4092 1010 4144 ὅτι
1051 4092 1154 4144 Ἐν
1184 4089 1343 4160 ἀρχῇ
1370 4086 1451 4161 ἦν
1473 4093 1506 4144 ό
1539 4095 1747 4160 Λόγος,
1784 4089 1883 4144 καί

300 4182 344 4234 ὀ
373 4182 565 4249 Λόγος
603 4176 683 4251 ἦν
708 4181 857 4249 πρὸς
886 4180 993 4234 τὸν
1022 4181 1189 4241 Θεὸν,
1222 4179 1319 4232 καί
1351 4178 1494 4246 Θεὸς
1515 4173 1593 4250 ἦν
1616 4181 1649 4234 ό
1672 4178 1883 4249 Λόγος,

307 4273 413 4328 καὶ
439 4276 474 4328 ό
494 4273 683 4343 Λόγος
702 4272 859 4342 σὰρξ
881 4272 1138 4342 ἐγένετο,
1162 4271 1261 4327 καί
1289 4271 1887 4343 ἐσκήνωσενὲνήμῖν

309 4364 571 4434 Χριστός
592 4381 609 4396 -
658 4364 753 4417 καὶ
780 4365 863 4418 ὅτι
900 4363 1107 4419 Πάντα
1145 4363 1221 4418 δι’
1254 4364 1440 4420 αὑτοῦ
1478 4363 1734 4436 ἐγένετο.
1776 4365 1887 4420 Καὶ

310 4456 483 4512 πάλιν
515 4455 714 4517 Δαϐὶδ,
777 4455 840 4511 Ἡ
875 4455 1166 4520 ,Βασιλεία
1208 4470 1348 4516 σου,
1400 4457 1554 4529 φησι,
1599 4457 1892 4522 ,βασιλεία

310 4548 563 4604 πάντων
604 4546 723 4602 τῶν
761 4548 1010 4613 αἰώνων,
1069 4548 1167 4604 καί
1214 4550 1253 4617 ἡ
1295 4547 1615 4603 δεσποτεία
1659 4564 1778 4604 σου
1825 4548 1896 4603 ἐν

314 4640 491 4709 πάσῃ
520 4638 694 4709 γενεᾷ
718 4639 815 4694 καὶ
840 4638 1032 4711 γενεᾷ.
1052 4641 1124 4693 Συ
1132 4638 1364 4710 μφὼνως
1381 4640 1439 4694 δὲ
1455 4641 1697 4713 Γαόριὴλ
1720 4640 1896 4713 τούτῳ

321 4735 355 4788 6
389 4733 490 4803 τῆς
533 4731 843 4803 ἀπεράντου
882 4730 1159 4803 βασιλείας
1198 4730 1436 4801 Χριστοῦ
1468 4732 1713 4796 διάκονος
1742 4731 1892 4805 διαρ-

320 4821 493 4896 ρήδην
518 4820 615 4893 βοᾷ
634 4859 649 4885 ,
683 4821 796 4875 Kal
817 4822 1180 4886 βασιλεύσει
1204 4822 1303 4877 ἐπὶ
1329 4823 1436 4877 τὸν
1480 4819 1649 4878 οἷκον
1688 4822 1898 4879 Ἰακὼϐ

318 4919 411 4984 εις
442 4914 587 4982 τοὺς
626 4915 864 4983 αἰῶνας,
908 4918 1004 4972 καὶ
1052 4917 1162 4986 τῆς
1185 4918 1510 4985 βασιλείας
1552 4918 1736 4973 αὐτοῦ
1780 4919 1894 4972 οὐκ

317 5007 496 5062 ἔσται
526 5006 721 5073 τέλος.
749 5008 825 5060 Οὑ
848 5007 1052 5079 χρόνων
1072 5009 1249 5063 τοίνυν
1278 5008 1698 5082 περιοριστικῶν
1718 5010 1893 5083 ὑπάρ-

321 5114 409 5169 χει
440 5097 502 5151 τὸ
523 5098 790 5164 εἰωθότως
821 5100 1089 5172 πολλαχοῦ
1111 5102 1212 5172 τῆς
1244 5102 1396 5167 θείας
1422 5103 1734 5175 πεφρᾶσοαι
1755 5105 1899 5177 Γρα.

324 5193 455 5263 γῆς.
488 5193 549 5245 τὸ
587 5192 740 5264 ιγὰρῖ
771 5195 943 5263 ἄγρας
966 5191 1060 5258 οὖν
1096 5194 1128 5266 ἢ
1158 5194 1433 5264 τήμερον·
1469 5196 1626 5269 Παρὰ
1648 5196 1757 5269 γὰρ
1784 5196 1901 5268 Θεῷ

323 5283 628 5354 άνέσπερος
659 5285 753 5339 καὶ
787 5285 885 5355 μία
911 5285 1094 5355 ἡμέρα
1126 5286 1234 5348 πᾶς
1271 5286 1299 5337 ὁ
1330 5284 1485 5338 αἰών.
1526 5284 1758 5356 Ὁμοίως
1803 5287 1902 5340 καὶ

328 5374 536 5438 πάσαις
582 5378 701 5437 ταῖς
743 5379 957 5449 νοεραῖς
996 5377 1090 5430 καὶ
1120 5375 1368 5445 λογικαῖς
1410 5375 1727 5448 δυνάμεσιν,
1772 5378 1900 5432 ἐπεὶ

326 5466 607 5538 ἁδιάδοχον
635 5470 791 5523 νυκτὶ
821 5468 883 5523 τὸ
910 5470 1279 5543 ὑπερκόσμιον
1302 5469 1436 5541 φῶς.

404 5642 453 5673 ⁸⁸
494 5642 649 5701 Deut.
691 5661 879 5711 uxtv,
910 5645 965 5701 ι’..
1040 5647 1086 5681 ⁸⁸
1122 5648 1159 5702 li
1195 5649 1322 5705 Cor.
1357 5665 1437 5708 ut.
1470 5650 1556 5705 15.

334 5725 518 5772 csuv.
572 5715 659 5774 10.
731 5716 780 5750 ’⁸
816 5715 977 5775 Joan.
1016 5734 1054 5787 I,
1107 5720 1159 5774 i.

1955 788 2077 829 sum
2105 786 2159 828 ct
2184 774 2427 844 ejusdem
2459 776 2745 831 nobiscum
2790 784 3018 841 naturre,
3051 774 3208 844 quasi
3237 774 3407 845 digito
3432 773 3529 829 de-

1956 871 2270 919 monstrans
2300 878 2447 927 eum,
2495 871 2549 918 et
2595 864 2823 920 dicens:
2859 862 3104 919 Mortuus
3137 872 3215 917 est
3261 861 3435 919 Moses
3459 861 3529 931 “,

1956 955 2051 1025 qui
2086 956 2335 1011 mortalis
2357 968 2495 1020 erat,
2530 957 2662 1027 quid
2696 956 3029 1029 gloriamini,
3072 971 3105 1011 ο
3146 954 3358 1010 Judaei?
3384 953 3533 1010 Rur-

1958 1061 2164 1115 susque
2189 1047 2331 1102 idem
2360 1048 2885 1119 inquitredarguens
2907 1049 3057 1118 ipsos
3086 1066 3100 1102 :
3134 1046 3196 1101 In
3217 1047 3533 1101 hodiernum

1956 1155 2118 1210 usque
2168 1138 2327 1204 diem,
2355 1144 2563 1207 quando
2605 1141 2796 1212 legitur
2843 1139 3035 1206 Moses,
3078 1141 3247 1195 velum
3295 1141 3533 1208 ipsorum

1957 1233 2103 1286 cordi
2135 1233 2439 1302 impositum
2479 1242 2556 1287 est
2591 1234 2659 1288 ⁸⁸.
2703 1232 2843 1288 Num
2895 1233 3060 1303 igitur
3086 1249 3259 1303 usque
3294 1232 3359 1287 ad
3394 1241 3541 1287 teme

1958 1340 2089 1391 pora
2122 1322 2275 1379 Pauli
2312 1334 2545 1389 tantum,
2574 1341 2641 1379 an
2683 1325 2748 1379 ad
2795 1327 2967 1394 ipsam
3000 1323 3529 1380 consummationem

1962 1432 2133 1486 usque
2165 1416 2336 1472 Judaei
2367 1418 2696 1473 czecutiunt?
2726 1417 2935 1472 Rursus
2958 1417 3096 1471 idem
3124 1417 3189 1471 ad
3217 1417 3533 1473 Corinthios

1960 1508 2225 1574 scribens,
2257 1510 2429 1579 inquit
2476 1527 2490 1563 :
2542 1508 2721 1563 Etiam
2771 1525 2933 1578 usque
2985 1510 3053 1563 ad
3085 1526 3172 1563 vos
3204 1511 3536 1580 pervenimus

1963 1616 2081 1653 cum
2118 1599 2398 1671 Evangelia
2424 1601 2626 1656 Christi
2668 1601 2734 1655 “.
2781 1600 2920 1655 Num
2975 1602 3140 1670 igitur
3178 1609 3389 1656 tantum
3426 1601 3535 1657 Co-

1962 1693 2206 1748 rinthum
2239 1709 2434 1764 usque,
2479 1710 2548 1749 an
2592 1695 2660 1749 ab
2688 1696 3048 1753 orientalibus
3075 1697 3141 1751 ad
3172 1697 3537 1752 occidentales

1961 1801 2136 1858 usque
2170 1788 2436 1857 pervenit,
2465 1788 2746 1858 velocique
2787 1805 2949 1845 cursu
2992 1790 3322 1846 circumiens
3368 1788 3541 1862 Illyri-

1961 1893 2106 1943 cum,
2139 1878 2368 1935 Romam
2410 1896 2586 1950 usque
2615 1882 2828 1938 delatus
2865 1883 3214 1953 praedicavit?
3247 1881 3313 1938 Et
3342 1886 3537 1938 iterum

1962 1970 2103 2026 idem
2152 1971 2330 2043 inquit
2378 1991 2395 2029 :
2449 1972 2805 2030 Exhortantes
2862 1992 2951 2029 vos
3018 1977 3238 2031 invicem
3280 1977 3538 2049 quotidie,

1961 2063 2139 2133 quoad
2168 2063 2454 2119 hodiernus
2484 2063 2596 2120 dies
2623 2076 2841 2120 vocatur
2869 2066 2935 2119 ⁸⁷.
2964 2065 3020 2122 Id
3045 2066 3189 2137 quod
3215 2078 3373 2123 antea
3404 2084 3543 2138 que-

1962 2167 2071 2222 que
2113 2163 2264 2210 vates
2310 2156 2527 2211 divinus
2560 2155 2792 2214 Davides
2847 2139 3147 2229 protulerat
3196 2178 3210 2215 :
3268 2160 3443 2215 Hodie
3493 2162 3542 2216 si

1963 2259 2136 2298 uocem
2162 2245 2275 2316 ejus
2300 2249 2629 2315 audiveritis,
2666 2267 2862 2322 nempe
2880 2251 2994 2320 Dei,
3015 2271 3077 2308 ne
3102 2254 3361 2310 iuduretis
3381 2256 3541 2310 corda

1963 2349 2137 2392 vestra
2168 2341 2306 2393 sicut
2342 2342 2396 2418 in
2442 2343 2861 2408 exacerbatione,
2907 2346 2963 2398 in
3001 2346 3088 2400 die
3128 2342 3434 2401 tentationis
3485 2348 3541 2401 in

1963 2430 2166 2484 deserto
2211 2431 2275 2486 ⁸⁸.
2333 2430 2471 2486 Num
2510 2434 2677 2502 igitur
2720 2436 2828 2489 illis
2880 2445 3124 2502 tantum,
3176 2438 3269 2505 qui
3320 2437 3543 2494 fuerunt

1966 2518 2034 2572 ad
2076 2529 2318 2589 tempora
2376 2520 2617 2589 Davidis,
2663 2526 2970 2580 necessaria
3015 2525 3119 2581 fuit
3163 2528 3359 2583 divinae
3393 2528 3542 2585 vocis

1966 2610 2317 2665 obcdientia?
2348 2610 2393 2667 Ο
2435 2613 2705 2668 dementia
2754 2630 3021 2671 vanorum
3058 2619 3396 2688 sapientum!
3430 2619 3543 2676 Nos

1965 2703 2182 2773 quidem
2235 2705 2328 2774 qui
2388 2704 2559 2775 ipsius
2613 2706 2814 2762 Christi
2873 2724 3066 2765 sumus
3117 2711 3354 2782 Opiﬁcia,
3421 2723 3546 2784 post

1967 2808 2204 2862 praesens
2233 2792 2499 2850 saeculunl‘
2526 2796 2969 2869 incorruptibiles
3015 2812 3068 2856 et
3103 2803 3438 2862 immortales
3461 2823 3547 2862 re-

1969 2894 2275 2956 surgentes,
2333 2903 2549 2960 semper
2596 2884 2915 2958 manemus;
2983 2893 3098 2964 ipse
3137 2906 3317 2951 autem
3377 2900 3546 2955 totius

1976 2976 2352 3035 universitatis
2382 2981 2713 3038 architectus
2746 2993 2801 3038 et
2842 2984 3193 3054 gubernator,
3238 2988 3294 3042 in
3329 2987 3547 3046 Patrem

1968 3081 2249 3135 reversus,
2285 3084 2395 3124 non
2427 3071 2663 3141 amplius
2686 3073 2832 3129 erit?
2862 3072 3147 3149 Quomodo
3172 3092 3301 3133 vero
3318 3094 3548 3151 regnum

1970 3158 2075 3230 ipsi
2103 3170 2367 3217 aeternum
2400 3171 2455 3218 et
2490 3164 2797 3221 immortale
2830 3165 2972 3221 inter
2999 3168 3248 3225 homines
3276 3173 3553 3240 promitti-

1972 3259 2083 3319 tur,
2111 3252 2158 3308 si
2183 3253 2401 3323 quidem
2434 3254 2540 3311 hoc
2582 3256 2869 3327 spoliatur,
2922 3272 2987 3313 ac
3029 3270 3150 3330 post
3183 3270 3360 3318 certos
3383 3279 3552 3333 quos-

1971 3344 2097 3399 dam
2129 3346 2394 3415 temporis
2419 3348 2685 3404 terminos
2728 3349 2778 3404 id
2807 3349 3062 3421 deponet,
3092 3355 3551 3422 quemadmodum

1975 3431 2229 3494 homines
2257 3438 2332 3493 illi
2363 3454 2502 3495 vana
2548 3450 2730 3496 mente
2769 3444 2977 3512 praediti
3022 3444 3245 3501 volunt?
3299 3446 3403 3504 Sed
3439 3465 3470 3504 a
3501 3460 3557 3507 te

1978 3530 2196 3599 procul,
2239 3529 2486 3597 obsecro,
2522 3529 2667 3586 absit
2704 3532 2830 3588 talis
2873 3532 3206 3593 absurditas.
3246 3535 3556 3610 Redarguet

1978 3621 2123 3675 enim
2152 3622 2300 3691 ipsos
2322 3623 2376 3676 in
2394 3623 2570 3678 Veteri
2605 3625 2825 3695 quidem
2855 3627 3197 3684 Testamento
3230 3629 3462 3690 Davides
3486 3633 3556 3691 de

1980 3712 2183 3769 Christi
2231 3730 2399 3785 regno
2437 3731 2684 3772 canens:
2728 3716 3095 3788 Conﬁteantur
3141 3724 3259 3792 tibi,
3311 3724 3553 3796 Domine,

1983 3807 2166 3860 omnia
2193 3822 2351 3877 opera
2374 3817 2467 3862 tua
2493 3808 2560 3862 δ’.
2586 3806 2733 3878 Opus
2759 3819 2937 3865 autem
2968 3811 3165 3869 Christi
3194 3825 3322 3870 sunt
3350 3816 3403 3872 in
3431 3817 3556 3873 uni-

1982 3914 2201 3955 versum
2238 3900 2444 3967 omnia,
2475 3903 2936 3971 quemadmodum
2972 3905 3148 3977 inquit
3182 3909 3433 3966 sublimis
3468 3911 3560 3969 ille

1983 3990 2222 4049 Joannes
2247 4013 2261 4049 :
2292 3993 2360 4049 In
2380 3979 2641 4066 principio
2673 4006 2788 4050 erat
2831 3995 3078 4062 Verbum,
3108 4009 3157 4055 et
3192 4000 3416 4056 Verbum
3441 4013 3559 4059 erat

1985 4088 2125 4152 apud
2157 4086 2345 4156 Deum,
2380 4097 2430 4143 et
2479 4088 2622 4145 Deus
2655 4100 2768 4146 erat
2815 4090 3039 4147 Verbum
3068 4094 3114 4126 ’°
3158 4113 3171 4151 :
3209 4096 3300 4167 qui
3336 4097 3559 4167 quidem

1987 4202 2112 4241 caro
2154 4186 2356 4257 factum
2409 4199 2506 4256 est,
2537 4200 2589 4245 et
2615 4191 2871 4248 habitauit
2903 4195 2956 4249 in
3001 4194 3153 4249 nobis
3201 4193 3447 4250 Christus
3484 4194 3556 4251 ".

1989 4278 2134 4336 Idem
2167 4301 2181 4337 :
2220 4281 2414 4337 Omnia
2458 4300 2551 4353 per
2592 4285 2763 4353 ipsum
2807 4287 2953 4355 facta
3003 4297 3127 4343 sunt
3170 4290 3238 4343 θ’.
3278 4288 3343 4344 Et
3369 4303 3563 4344 rursus

1989 4372 2222 4430 Davides
2248 4376 2428 4447 inquit
2460 4395 2475 4433 :
2502 4377 2738 4450 Regnum
2782 4391 2929 4435 tuum
2952 4399 3166 4453 regnum
3197 4384 3433 4437 omnium
3458 4398 3564 4436 sa:-

1990 4467 2250 4534 culorum,
2291 4478 2339 4523 et
2371 4468 2665 4525 dominium
2695 4481 2842 4527 tuum
2873 4474 3034 4529 durat
3080 4475 3134 4529 in
3178 4490 3382 4529 omnem
3410 4489 3563 4544 gene-

1990 4560 2250 4615 rationem
2275 4571 2325 4616 et
2370 4565 2756 4633 generationem
2789 4566 2858 4620 ".
2902 4565 3037 4623 Cum
3079 4568 3183 4624 hoc
3224 4576 3400 4622 autem
3429 4580 3562 4621 con-

1992 4650 2232 4705 sentiens
2282 4649 2565 4709 Gabrielus
2612 4653 2759 4710 illius
2814 4669 3093 4725 nunquam
3144 4656 3362 4711 Iiniendi
3407 4656 3564 4727 regni

1995 4740 2199 4798 Christi
2230 4743 2479 4800 minister
2522 4745 2725 4801 diserte
2773 4746 2971 4802 clamat
3004 4767 3017 4802 :
3050 4747 3117 4802 Et
3144 4749 3382 4820 regnabit
3409 4764 3566 4820 super

1997 4834 2210 4889 domum
2235 4835 2402 4892 Iacob
2429 4839 2486 4891 in
2502 4838 2718 4901 stecula,
2738 4850 2789 4893 et
2809 4842 2951 4910 regni
2973 4843 3086 4911 ejus
3115 4859 3216 4898 non
3236 4846 3336 4899 erit
3359 4846 3483 4915 ﬁnis
3496 4844 3566 4899 ".

1998 4924 2115 4982 Non
2162 4928 2326 4995 igitur
2384 4939 2684 4999 temporum
2743 4933 3223 4988 determinatorttm
3266 4950 3371 5003 est,
3422 4936 3567 5008 quod

1998 5029 2260 5077 consueto
2319 5037 2472 5077 more
2526 5024 2713 5079 multis
2768 5026 2820 5079 in
2871 5025 3004 5081 locis
3058 5042 3227 5082 sacra:
3276 5031 3570 5101 Scriptura:

1998 5112 2200 5168 dictum
2229 5122 2331 5178 est,
2361 5131 2542 5178 usque,
2570 5117 2751 5181 donec,
2776 5123 2831 5171 et
2849 5117 3023 5173 hodie.
3048 5121 3203 5189 Apud
3228 5120 3397 5177 Deum
3424 5124 3569 5178 enim

1998 5219 2222 5274 vespere
2273 5221 2467 5262 carens
2517 5215 2572 5262 et
2621 5208 2816 5262 unicus
2848 5210 2963 5267 dies
3003 5220 3087 5268 est
3135 5222 3245 5269 tota
3275 5215 3569 5270 aeternitas.

2001 5293 2264 5350 Similiter
2299 5306 2353 5350 et
2395 5297 2651 5353 omnibus
2693 5298 3091 5359 intellectilibus
3122 5318 3185 5358 ac
3214 5301 3573 5358 rationalibus

1999 5385 2106 5440 illis
2134 5386 2517 5455 potestatibus,
2551 5387 2809 5456 quoniam
2845 5403 2877 5443 a
2922 5390 3071 5445 nulla
3113 5400 3374 5461 sequente
3414 5398 3574 5446 nocte

1993 5476 2427 5533 ultramundaua
2458 5478 2550 5533 lux
2576 5478 2863 5550 excipitur.

1670 5648 1716 5726 ξ’
1823 5649 1871 5726 _C

1996 5668 2067 5726 ι.Δ
2093 5652 2178 5726 υ.
2255 5654 2299 5686 ⁸⁷
2339 5651 2607 5723 Hebrum,
2639 5654 2724 5710 l3.
2764 5654 2846 5726 7"
2884 5654 3025 5713 Psal.
3057 5669 3199 5726 χειν,
3221 5655 3277 5713 8.
3345 5655 3393 5693 ⁸⁹
3428 5655 3577 5716 Psal.

1233 5721 1276 5755 "
1317 5722 1451 5778 ibid.
1495 5722 1580 5778 Μ.
1658 5720 1858 5785 "ibid.
1894 5722 1948 5779 5.

2026 5722 2073 5757 ’³
2110 5722 2255 5786 Psal.
2291 5739 2471 5796 cxuv,
2511 5722 2600 5786 15.
2677 5727 2724 5763 "
2757 5725 2890 5788 Luc.
2931 5743 2970 5800 ι,
3008 5727 3098 5811 55.
