4048 6222
519 253 652 311 1031

927 368 1443 427 INTERROGATIO
1474 370 1691 427 CXXX.

606 479 769 548 Atqui
798 479 844 532 si
871 484 1019 540 Patri
1039 484 1265 555 aequalis
1296 494 1401 551 est,
1427 486 1704 557 quomodo
1730 486 1911 556 inquit
1949 486 2090 556 ipse.

522 568 675 624 Nihil
705 582 870 639 potest
900 572 1079 631 Filius
1126 578 1302 644 facere
1352 595 1385 631 a
1433 588 1592 633 semet
1638 580 1774 649 ipso,
1819 578 1922 632 nisi
1963 576 2103 645 quod

520 660 707 716 uiderit
740 664 1021 729 facientem
1046 665 1262 721 Patrem
1280 669 1325 700 “
1349 669 1373 722 ?

1158 776 1474 848 Responsio.

591 886 848 956 Ejusdem
884 889 1175 947 dementia:
1216 900 1320 957 est,
1369 892 1437 945 ad
1497 893 1643 947 hunc
1696 892 1917 947 modum
1974 910 2105 965 erga

520 979 612 1033 Dei
668 980 865 1035 Filium
933 984 1277 1054 unigenitum
1338 985 1592 1039 affectum
1657 1001 1799 1041 esse.
1834 984 2106 1055 Sequetur

520 1072 667 1124 enim
736 1074 961 1126 omnino
1011 1074 1286 1141 duplicem
1349 1075 1695 1129 statuendam
1757 1092 1881 1130 esse
1947 1092 2105 1130 crea-

522 1162 754 1225 tionem;
788 1163 949 1215 aliam
979 1163 1198 1232 quidem
1229 1163 1409 1219 Patris
1446 1165 1559 1235 jam
1594 1165 1912 1235 perfectam,
1943 1167 2104 1220 aliam

519 1268 648 1307 vero
679 1252 801 1307 Filii
843 1271 967 1324 qua:
1005 1257 1188 1310 adhuc
1221 1256 1558 1326 perﬁciatur,
1591 1268 1643 1311 et
1672 1258 1936 1325 paulatim
1980 1272 2106 1328 pro-

517 1346 820 1416 grediatur,
856 1362 922 1400 ac
976 1347 1043 1401 ad
1092 1348 1455 1403 imitationem
1527 1349 1827 1404 creationis
1868 1359 2107 1419 paternae

520 1440 743 1492 condat.
778 1437 1083 1495 Ostendant
1109 1441 1276 1511 igitur
1302 1441 1461 1496 nobis
1498 1442 1718 1496 Arianae
1756 1442 1985 1496 insania:
2012 1459 2102 1497 se-

520 1538 761 1586 ctatores
786 1532 925 1587 duos
958 1534 1103 1588 soles
1132 1543 1186 1587 et
1214 1533 1353 1587 duas
1379 1535 1527 1589 faces
1555 1534 1796 1599 lunares,
1826 1544 1880 1588 et
1909 1536 2111 1589 discer-

518 1636 652 1675 nant
686 1624 843 1679 nobis
870 1626 1099 1693 quinam
1134 1624 1215 1679 sol
1244 1622 1425 1678 Patris
1449 1629 1544 1689 sit,
1578 1634 1674 1679 aut
1704 1626 1799 1695 qui
1830 1626 1903 1681 sit
1940 1625 2105 1691 Filii;

516 1731 638 1785 quae
679 1718 749 1770 sit
778 1718 911 1770 luna
935 1716 1140 1782 Patris,
1183 1735 1305 1787 quae
1346 1717 1494 1773 Filii.
1533 1717 1801 1773 Similiter
1839 1730 2020 1773 autem
2053 1732 2108 1775 et

516 1808 582 1861 de
616 1816 758 1861 terra
790 1818 844 1863 et
873 1809 1011 1862 mari
1056 1810 1252 1864 merito
1303 1810 1595 1880 quaesiero.
1640 1808 1927 1876 Quomodo
1974 1811 2101 1865 item

514 1913 642 1952 vera
674 1899 819 1953 dicet
845 1900 990 1955 (ilius
1026 1901 1118 1955 ille
1170 1900 1400 1956 tonitrui
1441 1900 1706 1968 Joannes,
1762 1903 1857 1972 qui
1905 1903 2104 1957 doctri-

530 2006 656 2043 nam
687 1991 754 2045 de
784 1988 964 2045 Verbo
998 1992 1285 2047 incarnato
1315 2008 1380 2045 ex
1408 1993 1581 2063 ipsius
1609 1995 1733 2049 sinu
1762 2010 1858 2064 per
1889 1994 2103 2050 deriva-

515 2078 719 2132 tionem
751 2078 957 2144 hausit,
993 2090 1049 2133 et
1084 2081 1242 2149 quasi
1280 2080 1503 2136 divinus
1532 2083 1675 2136 calix
1724 2082 1985 2153 impletus
2032 2098 2101 2138 ex

514 2170 739 2240 perenni
795 2171 968 2236 fonte,
1034 2172 1257 2226 verbum
1309 2174 1467 2236 illud,
1526 2173 1722 2229 Omnia
1776 2192 1870 2244 per
1929 2176 2101 2245 ipsum

516 2268 660 2337 facta
699 2278 822 2322 sunt
851 2268 921 2333 ",
979 2274 1034 2323 in
1089 2284 1311 2323 onmem
1374 2270 1477 2324 soli
1531 2270 1835 2339 subjectam
1899 2283 2101 2329 terram

515 2363 676 2431 pluit,
727 2362 887 2431 quasi
952 2364 1136 2416 dicere
1197 2362 1358 2415 vellet
1410 2363 1477 2415 ad
1552 2364 1767 2416 nullum
1821 2367 2101 2433 exemplar

517 2462 610 2505 aut
641 2455 1003 2508 simulacrum
1027 2455 1417 2523 respicientem
1439 2453 1639 2509 Filium
1669 2460 1855 2509 omnia
1885 2455 2102 2511 facere?

515 2546 585 2597 At
610 2562 793 2615 quem,
819 2547 1071 2613 obsecro,
1104 2546 1350 2601 Filium?
1380 2545 1487 2612 Qui
1515 2555 1719 2603 nostra:
1743 2557 1954 2602 natura:
1981 2550 2103 2602 uni-

514 2646 606 2693 tus
638 2648 721 2694 est
752 2641 806 2693 in
840 2648 995 2694 utero
1022 2650 1298 2710 perpetua:
1324 2640 1560 2710 virginis
1592 2640 1796 2704 Mariae,
1849 2641 2099 2711 adeoque

522 2731 840 2802 unigenitus
872 2734 964 2787 ille
1008 2732 1102 2787 Dei
1133 2732 1307 2788 Filius
1336 2735 1539 2788 missus
1588 2747 1615 2786 a
1663 2731 1845 2798 Patre,
1873 2735 1968 2803 qui
2001 2750 2099 2787 na-

514 2834 763 2880 sceretur
792 2840 823 2880 e
862 2825 1113 2890 muliere,
1150 2825 1617 2895 quemadmodum
1644 2826 1862 2881 divinus
1886 2827 1975 2881 ille
1997 2828 2101 2882 do-

518 2927 605 2974 cet
634 2919 953 2989 Apostolus.
988 2918 1091 2975 Ubi
1125 2920 1315 2990 igitur,
1344 2929 1440 2973 aut
1469 2918 1693 2989 quando
1735 2929 2103 2990 conspexerat

515 3011 736 3067 Patrem
777 3014 1153 3078 incarnatum,
1178 3022 1233 3067 et
1289 3023 1503 3078 natum,
1548 3022 1603 3067 et
1649 3013 2000 3077 crucifixum,
2049 3021 2104 3069 et

515 3106 812 3174 sepultum,
847 3112 901 3157 et
927 3119 993 3158 ex
1029 3112 1205 3157 morte
1230 3105 1642 3167 resuscitatum,
1678 3113 1737 3157 ut
1768 3103 1884 3158 btet:
1924 3104 2101 3174 ipsius

514 3197 765 3267 exemplo
800 3197 1032 3266 ageret?
1061 3194 1161 3250 Ubi
1196 3211 1326 3250 vero
1350 3198 1575 3253 Patrem
1622 3197 1876 3261 audiens,
1914 3198 2103 3253 consi-

516 3289 725 3343 niiliter
760 3289 976 3358 inquit:
1004 3288 1333 3343 Poteslalem
1364 3289 1529 3342 habeo
1580 3290 1803 3359 ponendi
1868 3291 2104 3345 animam

516 3399 708 3446 meam,
731 3391 778 3434 et
813 3396 998 3433 rursus
1026 3380 1271 3433 sumendi
1309 3396 1428 3433 eam
1444 3379 1487 3410 ⁹⁷
1522 3380 1545 3433 ?
1570 3379 1725 3447 Item,
1751 3379 1893 3445 Quia
1922 3382 2102 3437 nullus

515 3474 702 3527 adimit
723 3490 838 3527 eam
869 3471 1015 3535 milii,
1045 3472 1134 3525 sed
1164 3490 1254 3543 ego
1292 3489 1428 3541 pono
1482 3489 1600 3525 eam
1646 3489 1711 3526 ex
1753 3490 1830 3528 me
1874 3476 1987 3545 ipso
2013 3476 2105 3529 9°?

518 3567 619 3624 Ubi
653 3583 777 3621 vero
814 3566 1026 3620 Patrem
1064 3568 1353 3636 conspexit
1375 3566 1629 3635 jumento
1675 3576 1918 3635 vectum,
1950 3579 2004 3623 et
2036 3570 2104 3623 ad

518 3663 662 3718 illius
720 3662 1078 3716 imitationem
1139 3660 1581 3731 Hierosolymam
1650 3662 1806 3716 asino
1861 3662 2104 3718 insidens

516 3756 707 3808 venit?
740 3752 805 3808 Ut
866 3753 1183 3809 summatim
1228 3752 1434 3815 dicam,
1487 3753 1557 3807 ad
1605 3754 1746 3807 nihil
1798 3754 2101 3824 respiciens

516 3846 708 3914 Filius,
738 3863 800 3900 ea
832 3862 954 3916 quae
983 3845 1126 3900 dicta
1183 3854 1313 3900 sunt
1358 3846 1539 3900 facere
1581 3846 1779 3901 solitus
1828 3845 1951 3901 fuit.
2006 3845 2105 3903 Ne-

516 3954 623 4009 que
650 3940 793 3993 enim
823 3938 1091 3990 Adamum
1126 3935 1394 3999 formans,
1455 3946 1509 3988 et
1567 3951 1636 3990 ex
1672 3937 1762 3991 illo
1798 3938 1962 3991 Evam
2014 3936 2100 3991 fa-

516 4036 685 4097 ciens,
730 4033 897 4086 alium
948 4032 1259 4102 quempiam
1303 4032 1536 4087 rationis
1570 4033 1918 4103 participem,
1981 4050 2101 4089 ma-

518 4128 730 4182 sculum
767 4135 860 4179 aut
912 4124 1206 4190 feminam,
1247 4141 1276 4180 a
1312 4124 1472 4180 Patre
1525 4126 1685 4181 condi
1741 4126 1978 4191 viderat,
2032 4129 2101 4183 ad

515 4234 677 4288 quem
711 4232 871 4272 suum
910 4216 1242 4282 fabricaret;
1289 4219 1380 4269 sed
1417 4231 1542 4270 cum
1590 4225 1735 4271 esset
1774 4217 1957 4286 opifex
2004 4233 2101 4288 per

516 4328 595 4374 se,
650 4315 892 4380 adeoque
938 4311 1252 4365 liberrimus
1303 4311 1673 4366 universitatis
1726 4313 1890 4383 hujus
1930 4312 2098 4379 Deus,

515 4414 641 4457 ante
673 4404 1106 4457 incarnationem
1142 4414 1196 4457 et
1225 4413 1349 4472 post
1377 4405 1523 4458 illam
1562 4405 1726 4471 idem,
1761 4406 1854 4475 qui
1888 4415 1942 4460 et
1964 4408 2101 4464 velle

516 4498 693 4554 facere
710 4500 892 4553 omnia
928 4507 1155 4568 poterat,
1189 4515 1254 4551 ne
1281 4498 1458 4568 ipsum
1489 4499 1577 4552 Dei
1603 4500 1975 4556 adversarium
2000 4500 2093 4557 Pa-

514 4594 681 4646 trisve
722 4606 1100 4661 oppressorem
1144 4591 1567 4655 arbitrarentur,
1619 4592 1709 4659 qui
1751 4608 1879 4663 erga
1914 4594 2093 4663 ipsum

515 4683 830 4747 excutiunt,
878 4681 1057 4750 inquit
1120 4699 1133 4735 :
1188 4680 1339 4734 Nihil
1386 4692 1555 4750 potest
1608 4683 1780 4750 facere
1834 4683 2011 4738 Filius
2064 4704 2098 4741 a

513 4794 568 4830 se
622 4778 757 4846 ipso,
802 4778 903 4829 nisi
932 4776 1071 4845 quod
1100 4774 1236 4829 videt
1267 4774 1484 4829 Patrem
1512 4776 1870 4845 facientem”.
1920 4777 2097 4834 Simul

512 4876 567 4919 et
603 4866 668 4919 de
711 4880 897 4920 amore
932 4864 1245 4934 parentibus
1289 4864 1469 4918 debito
1519 4880 1617 4919 nos
1652 4867 2094 4924 commonefacit.

915 4955 1432 5013 INTERROGATIO
1457 4956 1691 5012 CXXXI.

584 5048 868 5114 Quomodo
897 5059 1077 5103 autem
1104 5048 1309 5104 Jacolio
1345 5060 1396 5103 et
1433 5048 1650 5114 Joanni,
1690 5049 1932 5106 Zebedaei
1968 5051 2093 5109 filiis

516 5158 829 5199 conse~suni
860 5160 981 5197 cum
1025 5144 1141 5212 ipso
1188 5145 1512 5214 petentibus,
1566 5144 1771 5213 inquit:
1825 5144 2015 5200 Sedere
2060 5164 2093 5200 a

516 5236 702 5287 deum
723 5242 769 5284 et
802 5250 831 5284 α
862 5234 1100 5295 sinistra,
1151 5251 1253 5287 non
1281 5246 1354 5287 est
1391 5251 1560 5288 meum
1589 5236 1737 5301 dare,
1784 5238 1874 5291 sed
1901 5239 2087 5309 quibus

514 5335 760 5397 paratum
789 5336 863 5377 est
890 5341 921 5376 a
940 5323 1100 5377 Patre
1126 5326 1308 5379 meo“!
1340 5326 1518 5392 Quare
1546 5344 1651 5382 non
1682 5339 1940 5399 tanquam
1972 5346 2091 5400 pro-

514 5422 627 5493 pria
649 5420 906 5490 praeditus
923 5417 1262 5484 auctoritate,
1296 5418 1463 5473 dixit:
1495 5420 1702 5485 Quibus
1724 5423 1938 5491 paravi;
1973 5431 2090 5485 aut,

520 5511 728 5577 Quibus
747 5514 990 5579 voluero;
1051 5510 1146 5567 sed
1192 5511 1257 5565 ad
1300 5509 1513 5567 Patrem
1561 5512 1710 5581 ipsos
1752 5514 1994 5585 relegat?
2034 5513 2090 5570 ιιι

514 5614 694 5658 autem
727 5622 833 5662 non
872 5615 955 5661 est
980 5604 1212 5675 alicujus
1247 5604 1413 5660 libere
1436 5607 1662 5676 agentis.

593 5776 638 5812 "
670 5775 828 5834 Joan.
870 5798 919 5846 v,
962 5781 1050 5837 i9.
1125 5782 1172 5814 ”
1209 5778 1365 5836 Joan.
1406 5796 1447 5847 ι,
1488 5780 1540 5837 5.

1560 258 1617 313 s.
1660 255 1965 315 exesam:
2002 232 2334 312 caecoau
2376 255 2678 311 ramus
3655 253 3807 312 ωδε

2806 369 3051 422 ΠΕΥΣΙΣ
3088 369 3213 421 PA'.

2280 486 2389 539 Καὶ
2412 487 2461 539 εί
2487 484 2580 538 τοῦ
2630 484 2845 557 Πατρὸς
2872 480 2990 548 ἶσος
3010 525 3025 546 ,
3058 484 3177 547 πῶς
3213 482 3375 545 αὐτὸς
3398 482 3574 552 λέγει,
3607 482 3803 538 Οὐδὲν

2205 577 2455 631 δύναται
2478 580 2510 631 ὁ
2547 577 2678 642 Υἱὸς
2698 576 2892 630 ποιεῖν
2910 576 3011 645 ἀφ’
3035 576 3274 641 ἑαυτοῦ,
3300 577 3406 631 ἐὰν
3427 578 3574 645 μήτι
3589 576 3800 647 ,βλέπῃ

2204 669 2312 723 τὸν
2332 668 2565 738 Πατέρα
2594 670 2920 732 ποιοῦντας

2823 781 3193 849 Ἀπόκρισις.

2278 892 2467 964 Πάσης
2478 894 2664 956 ἀνοίας
2675 893 2735 945 τὸ
2756 892 2926 955 οὕτως
2953 910 3019 945 πε
3028 893 3081 963 pi.
3092 892 3183 946 τὸν
3194 893 3328 946 Θεοῦ
3348 895 3521 947 Παῖδα
3536 896 3805 967 μονογενῆ

2206 984 2339 1038 Θεὸν
2362 984 2928 1055 διακεῖσθαι.Ἕψεται
2948 985 3056 1056 γὰρ
3078 985 3245 1049 ὅντως
3266 986 3445 1057 διττὴν
3462 988 3680 1042 οἴεσθαι
3702 991 3810 1042 τεὶ-

2209 1094 2307 1129 σαν
2327 1078 2427 1147 τὴν
2456 1078 2653 1140 κτίσιν,
2674 1078 2772 1147 τὴν
2796 1076 2892 1146 μὲν
2912 1075 3000 1128 τοῦ
3032 1075 3240 1142 Πατρὸς
3254 1075 3351 1146 ἤδη
3364 1077 3805 1152 ἀπηρτισμένην,

2206 1168 2305 1241 τὴν
2322 1170 2377 1222 δὲ
2401 1170 2493 1223 τοῦ
2516 1170 2644 1223 Υἱοῦ
2669 1170 2748 1223 ἔτι
2779 1170 3089 1241 δρωμένην,
3109 1168 3203 1221 καὶ
3224 1167 3364 1221 κατὰ
3390 1168 3559 1238 μέρος
3580 1170 3808 1235 εἰσαγο-

2212 1259 2402 1330 μένην,
2437 1259 2578 1313 κατὰ
2622 1260 2855 1331 μίμησιν
2892 1261 2993 1331 τῆς
3038 1257 3301 1329 πατρῴας
3330 1260 3801 1329 τεκταινομένην.

2208 1351 2550 1416 Δειξάτωσαν
2587 1353 2766 1406 τοίνυν
2814 1354 2945 1423 ἡμῖν
2989 1353 3039 1404 οἱ
3076 1351 3174 1421 τῆς
3226 1350 3438 1419 Ἀρείου
3474 1352 3677 1421 μανίας
3712 1351 3807 1403 δύο

2210 1443 2394 1514 ήλίους
2422 1445 2519 1498 καὶ
2565 1443 2658 1497 δύο
2694 1444 2964 1513 φαίνακας
2990 1483 3005 1507 ,
3036 1443 3131 1495 καὶ
3176 1443 3623 1514 διακρινάτωσαν
3666 1445 3805 1513 ἡμῖν

2211 1540 2363 1600 ποῖος
2389 1540 2417 1590 6
2456 1537 2548 1590 τοῦ
2594 1536 2841 1608 Πατρὸς,
2870 1535 2955 1599 τίς
2983 1535 3028 1589 δ’
3059 1537 3087 1588 6
3120 1534 3213 1588 τοῦ
3261 1533 3392 1588 Υίοῦ
3418 1553 3430 1565 ·
3467 1537 3563 1588 καὶ
3596 1538 3733 1590 ποία
3767 1539 3800 1607 ή

2210 1629 2305 1682 τοῦ
2342 1629 2553 1700 Πατρὸς
2592 1630 2769 1700 μήνη,
2801 1629 2887 1691 τίς
2917 1628 2973 1680 δὲ
3009 1628 3042 1698 ή
3078 1626 3173 1679 τοῦ
3211 1627 3429 1689 Παιδός.
3478 1627 3721 1697 Ὁμοίως
3748 1628 3806 1681 δὲ

2214 1724 2311 1777 καὶ
2345 1724 2475 1793 περὶ
2506 1722 2607 1793 τῆς
2636 1721 2833 1793 χέρσου
2862 1722 2955 1775 καὶ
2996 1721 3099 1791 τῆς
3128 1720 3406 1791 θαλάσσης
3434 1720 3667 1784 εἰκότως
3698 1722 3802 1791 ζη-

2209 1818 2380 1887 τήσω.
2430 1815 2553 1879 Πῶς
2598 1814 2655 1867 δὲ
2708 1816 2797 1868 καὶ
2843 1812 3135 1885 ἀληθεύσει
3177 1814 3205 1865 ὁ
3256 1813 3356 1883 τῆς
3402 1813 3641 1883 βροντῆς
3690 1814 3807 1877 υἱὸς

2221 1908 2492 1976 Ἰωάννης,
2524 1909 2551 1959 ὁ
2584 1906 2675 1959 τὸν
2718 1905 2875 1974 λόγον
2919 1907 3047 1975 περὶ
3086 1905 3179 1958 τοῦ
3212 1904 3387 1972 Λόγου
3418 1904 3805 1977 σαρκωθέντος

2208 2004 2273 2073 τῇ
2314 2002 2429 2053 ἐκεῖ
2464 2002 2528 2053 ἐκ
2570 1998 2680 2053 τῶν
2715 1998 2930 2052 κόλπων
2982 1996 3150 2052 αὑτοῦ
3204 1997 3542 2068 μετακλήσει
3584 1999 3804 2068 ἀρυσάο

2214 2110 2393 2165 μενος,
2428 2093 2522 2146 καὶ
2548 2092 2710 2144 οἱονεὶ
2735 2090 2877 2153 θεῖος
2915 2090 3129 2161 κρατὴρ
3161 2089 3268 2142 ἀπὸ
3314 2091 3528 2160 κρήνης
3570 2090 3801 2144 ἁεννάου

2212 2164 2540 2254 πληρωθεὶς,
2569 2181 2661 2234 καὶ
2689 2180 2769 2247 τὸ,
2797 2178 3000 2233 Πάντα
3025 2178 3099 2232 δι’
3126 2180 3315 2234 αὐτοῦ
3336 2179 3601 2249 ἐγένετο,
3640 2180 3803 2251 ἑξομο

2211 2270 2405 2340 ὁρίσας
2452 2272 2517 2339 τῇ
2566 2269 2655 2337 ὑφ’
2703 2268 2878 2339 ήλίῳ·
2925 2268 3001 2332 ὡς
3051 2269 3189 2340 πρὸς
3237 2268 3442 2339 μηδένα
3484 2270 3803 2340 ἀρχέτυπόν

2208 2380 2328 2416 τινα
2367 2362 2399 2431 ἢ
2451 2360 2803 2432 παράδειγμα
2834 2362 3047 2433 ὁρῶντα
3092 2362 3181 2415 τὸν
3222 2362 3352 2416 Υἱὸν
3406 2364 3588 2417 πάντα
3624 2366 3797 2437 δρᾷνς

2212 2453 2309 2516 Τίς
2358 2453 2415 2506 δὲ
2452 2451 2596 2524 ἇρα;
2651 2452 2708 2505 ’0
2758 2455 2823 2524 τῇ
2863 2454 3109 2524 ἡμετέρᾳ
3145 2452 3304 2522 φύσει
3358 2453 3583 2518 ἐνωθεὶς
3631 2457 3687 2509 ὲν
3735 2460 3800 2528 τῇ

2211 2544 2368 2615 νηδύϊ
2394 2543 2495 2613 τῆς
2524 2544 2851 2608 ’Δείπαιδος,
2880 2546 2912 2615 ἢ
2937 2547 3153 2608 πάντως
3175 2549 3202 2599 ὁ
3234 2547 3530 2618 μονογενὴς
3553 2548 3650 2601 τοῦ
3667 2549 3799 2602 Θεοῦ

2212 2637 2349 2700 Παῖς
2371 2680 2387 2704 ,
2422 2637 2750 2700 ἀποσταλεὶς
2797 2638 2902 2690 ὑπὸ
2942 2638 3035 2690 τοῦ
3078 2640 3289 2709 Πατρὸς
3325 2641 3661 2711 γεννηθῆναι
3692 2643 3799 2695 ὑπὸ

2212 2726 2465 2797 γυναικὸς
2486 2769 2500 2793 ,
2532 2726 2713 2786 καθὼς
2745 2730 2773 2780 ὁ
2804 2727 2946 2791 θεῖος
2995 2729 3238 2781 παιδεύει
3294 2731 3641 2795 Ἀπόστολος.
3687 2733 3798 2786 Ποῦ

2209 2814 2303 2872 οῦν
2340 2820 2372 2890 ἢ
2408 2819 2539 2873 πότε
2588 2819 2835 2891 ἀθρήσας
2880 2820 2971 2872 τὸν
3025 2822 3243 2892 Πατέρα
3295 2824 3655 2894 σαρκωθέντα
3706 2826 3798 2878 καὶ

2208 2911 2486 2981 τεχθέντα,
2527 2911 2621 2964 καὶ
2668 2912 3071 2981 σταυρωθέντα,
3108 2915 3202 2967 καὶ
3232 2916 3493 2982 ταφέντα,
3527 2918 3624 2969 καὶ
3662 2919 3796 2972 ἀνα·

2211 3004 2411 3057 στάντα
2432 3003 2553 3056 κατ’
2584 3004 2767 3056 ἐκεῖνα
2791 3003 3154 3074 διεπράξατο;
3188 3006 3299 3060 Ποῦ
3344 3006 3402 3060 δὲ
3422 3009 3514 3061 τοῦ
3538 3009 3583 3062 Γ
3579 3014 3798 3081 εννήτο-

2211 3112 2304 3167 ρος
2352 3095 2558 3149 ἐπαΐων
2612 3096 3011 3167 παραπλησίως
3058 3100 3261 3170 φησὶν,
3312 3100 3640 3163 Ἐξουσίαν
3679 3104 3799 3171 ἔχω

2208 3183 2393 3236 θεῖναι
2417 3184 2532 3253 τὴν
2563 3186 2776 3256 ψυχήν
2799 3206 2942 3258 μου,
2985 3190 3084 3243 καὶ
3123 3191 3313 3245 πάλιν
3329 3192 3535 3245 λαϐεῖν
3554 3194 3800 3261 αὐτήν;

2206 3283 2301 3333 καὶ
2332 3280 2415 3334 ὃτι
2454 3282 2662 3348 Οὐδεὶς
2703 3284 2855 3351 αἴρει
2896 3284 3093 3355 αὐτὴν
3138 3286 3240 3340 ἀπ’
3276 3285 3438 3355 ἐμοῦ,
3481 3287 3638 3339 ἀλλ’
3674 3289 3801 3357 ἐγὼ

2204 3375 2401 3444 τίθημι
2446 3377 2642 3444 αὐτὴν
2693 3376 2794 3446 ἀφ’
2850 3378 3110 3445 ἐαυτοῦ;
3162 3380 3270 3434 Ποῦ
3314 3378 3369 3431 δὲ
3415 3378 3505 3431 τὸν
3555 3380 3799 3452 Πατέρα

2204 3466 2452 3539 ἀθρήσας
2502 3470 2781 3542 ὑποζυγίῳ
2820 3471 3211 3544 ὲποχούμενον,
3249 3473 3368 3525 κατ’
3421 3474 3657 3535 ἐκεῖνον,
3711 3476 3796 3536 εἰς

2214 3561 2573 3633 Ἰερουσαλὴμ
2622 3564 2728 3635 δνῳ
2758 3565 3123 3636 καθεζόμενος
3160 3564 3299 3637 ﬁxa;
3338 3566 3447 3619 Kal.
3488 3567 3789 3638 συλλήϐδην

2204 3656 2398 3719 εἰπεῖν,
2435 3656 2569 3728 πρὸς
2600 3656 2751 3709 οὐδὲν
2785 3658 3010 3727 ἀφορῶν
3044 3660 3093 3717 ὀί
3115 3659 3241 3722 Υἱὸς
3288 3658 3356 3712 τὰ
3396 3658 3628 3730 ρηθέντα
3654 3658 3788 3726 δρᾷν

2204 3747 2417 3802 εἴωθεν.
2445 3747 2582 3802 Οὔτε
2610 3750 2717 3820 γὰρ
2742 3751 2835 3805 τὸν
2876 3752 3047 3824 Ἀδὰμ
3073 3752 3345 3817 πλάττων,
3376 3755 3474 3805 καὶ
3497 3753 3558 3817 ἐξ
3575 3750 3786 3805 ἐκείνου

2204 3839 2301 3911 τὴν
2328 3839 2471 3893 Εὕαν
2500 3841 2871 3913 δημιουργῶν,
2912 3844 3099 3915 ἕτερον
3131 3844 3349 3913 λογικὸν
3383 3845 3554 3915 ἄρσεν
3580 3844 3613 3915 ἢ
3655 3842 3787 3914 θῆλυ

2204 3932 2310 3986 ὑπὸ
2336 3934 2429 3986 τοῦ
2462 3934 2675 4005 Πατρὸς
2703 3935 2924 4004 γεγονὸς
2949 3936 3115 4007 ἐώρα,
3150 3940 3288 4009 πρὸς
3312 3939 3491 3989 ἐκεῖνο
3511 3936 3573 3989 τὸ
3594 3938 3791 3990 οἰκεῖον

2202 4025 2689 4096 ἀποτεχνούμενοςο
2706 4026 2819 4079 ἀλλ’
2852 4028 3114 4099 αὐθέντης
3134 4031 3396 4101 ὑπάρχων
3424 4028 3789 4101 δημιουργὸς,

2203 4122 2297 4176 καὶ
2340 4121 2685 4186 αὑτεξούσιος
2730 4123 2839 4176 τῶν
2887 4122 3025 4175 ὅλων
3055 4124 3217 4187 Θεὸς,
3268 4125 3375 4195 πρὸ
3415 4123 3789 4195 σαρκώσεως,

2202 4220 2297 4273 καὶ
2336 4218 2450 4289 μετ’
2498 4218 2715 4287 ἐκείνην
2767 4219 2795 4269 ὁ
2842 4218 3007 4281 αὐτὸς
3057 4217 3384 4290 βουληθῆναι
3427 4220 3613 4272 πάντα
3654 4218 3790 4290 δρᾷν

2200 4305 2313 4373 οἷός
2342 4327 2401 4361 τε
2430 4309 2524 4362 ὧν.
2559 4311 2677 4363 Ἵνα
2708 4306 2803 4363 οὖν
2850 4311 2925 4381 μὴ
2958 4310 3201 4365 ἀντίθεον
3233 4312 3395 4364 αὑτὸν
3428 4313 3461 4383 ἢ
3518 4313 3789 4385 πατρολύ-

2204 4420 2311 4475 μαν
2351 4403 2605 4475 οίηοῶσιν
2634 4409 2682 4459 οἰ
2723 4406 2857 4477 πρὸς
2891 4404 3055 4457 αὑτὸν
3086 4405 3494 4474 ἁμϐλύττοντες
3519 4446 3535 4469 ,
3591 4407 3784 4478 φησίν·

2196 4495 2389 4549 Οὐδὲν
2432 4495 2681 4551 δύναται
2730 4501 2762 4552 ό
2814 4495 2947 4563 Υἱὸς
2976 4496 3170 4550 ποιεῖν
3208 4498 3310 4565 ἀφ’
3356 4497 3587 4553 ἑαυτοῦ
3614 4542 3630 4564 ,
3682 4500 3791 4555 ἐὰν

2197 4586 2343 4658 μήτι
2374 4589 2580 4657 ,ϐλέπῃ
2634 4588 2741 4643 τὸν
2783 4591 3015 4658 Πατέρα
3048 4590 3361 4644 ποιοῦντα·
3406 4591 3530 4661 ἅμα
3572 4594 3634 4646 δὲ
3689 4595 3781 4649 καὶ

2201 4680 2593 4753 φιλοπατορίαν
2628 4685 2775 4755 ἡμᾶς
2812 4684 3102 4739 παιδεύων.

2759 4967 3006 5021 ΠΕΥΣΙΣ
3042 4968 3208 5023 PAA'.

2266 5060 2379 5114 Καὶ
2406 5057 2521 5121 πῶς
2556 5058 2798 5129 Ἰακώϐῳ
2825 5060 2919 5112 καὶ
2951 5062 3174 5136 Ἰωάννῃ
3200 5064 3312 5124 τοῖς
3328 5062 3470 5127 υἱοῖς
3497 5065 3785 5120 Ζεϐεδαίου

2197 5149 2593 5221 συγκαοεδρίαν
2627 5149 2840 5205 αἰτοῦσι
2871 5168 3041 5222 φησι,
3080 5153 3150 5207 Τὸ
3180 5154 3423 5206 καθίσαι
3456 5155 3529 5208 ἐκ
3569 5155 3784 5220 δεξιῶν

2191 5259 2309 5310 μου
2345 5242 2442 5295 καὶ
2497 5241 2566 5307 ἐξ
2604 5244 2945 5313 εὐωνύμων,
2990 5246 3101 5299 οὐκ
3129 5246 3305 5298 ἐστιν
3331 5246 3484 5315 ἐμὸν
3532 5248 3780 5312 δοῦναι.

2196 5331 2334 5385 ἀλλ’
2368 5328 2459 5398 οἷς
2497 5334 2853 5403 ἡτοίμασται
2884 5334 3004 5389 ὑπὸ
3032 5334 3139 5389 τοῦ
3182 5338 3415 5405 Πατρός
3442 5357 3593 5407 μου.
3638 5339 3781 5394 Διατί

2202 5424 2277 5493 μὴ
2305 5423 2379 5487 ὡς
2405 5424 2667 5495 αὐθέντης
2705 5421 2880 5493 εἶπεν,
2913 5421 3007 5491 Οἷς
3028 5428 3320 5499 ήτοίμασα,
3344 5430 3377 5499 ἢ
3407 5426 3508 5495 Οἷς
3536 5434 3777 5504 Θελήσως

2198 5514 2312 5568 ἀλλ’
2360 5516 2450 5570 ἐπὶ
2486 5516 2578 5571 τὸν
2610 5518 2832 5591 Πατέρα
2869 5519 3064 5585 αὐτοὺς
3087 5521 3488 5591 datatim/ato;
3524 5526 3701 5580 Τοῦτο
3732 5521 3780 5574 δδ

2198 5604 2298 5659 οὐκ
2328 5604 2474 5661 ἔστιν
2508 5606 2886 5673 αὑτεξουσίου.

1616 5780 1660 5813 "
1698 5778 1857 5836 Joan.
1894 5797 1948 5850 χ,
2007 5781 2093 5841 18.

2210 5782 2371 5857 [ibit].
2449 5785 2493 5819 ⁹⁹
2518 5782 2761 5861 Ιοαηην,
2796 5785 2884 5843 19.
2956 5785 3197 5869 fMatth.
3232 5802 3324 5857 xx,
3350 5786 3454 5864 23.
