4048 6222
330 261 480 317 10⁸5

946 380 1292 449 Ἀπόκρισις.

409 471 522 543 οὐχ
566 468 643 533 ὼς
688 469 764 540 μὴ
808 466 922 534 οἷός
963 487 1024 524 τε
1065 473 1387 543 παρασχεῖν,
1444 470 1741 531 ἀπείπατο,
1796 469 1911 522 ἀλλ’

337 560 548 629 εὐλόγῳ
585 559 692 612 τινὶ
724 560 995 628 ἀποφάσει
1035 560 1386 615 καταστέλλει
1427 559 1610 615 αὐτῶν
1637 560 1736 630 τὴν
1765 559 1914 626 οἰδη-

334 666 447 715 αιν,
483 650 580 703 καὶ
615 650 715 719 τὴν
741 653 884 706 κατά
913 651 1021 705 τῶν
1066 653 1450 722 συμφοιτητῶν
1479 651 1817 722 κορύφωσιν,
1843 651 1915 704 δι’

330 743 561 797 ἐκείνων
593 746 687 797 καὶ
713 745 840 807 τοὺς
867 744 1084 808 λοιποὺς
1113 746 1482 816 σωφρονίζων,
1511 745 1607 798 καὶ
1639 745 1731 798 τὸν
1766 744 1910 814 σμύο

330 851 500 904 χον-τα
532 836 714 897 αὐτοῖς
741 836 941 889 ἄτοπον
964 835 1141 905 ἔρωτα
1176 835 1285 889 τῶν
1313 836 1595 910 πρωτείων
1629 835 1912 907 μαραίνων

331 925 413 995 τῷ
435 925 720 996 πληκτικῷ
741 927 841 995 τῆς
854 929 1199 996 ἀποφάσεως.
1217 928 1292 980 Ού
1318 927 1427 998 γάρ
1453 945 1636 999 φησιν,
1662 929 1744 981 ὅτι
1763 929 1912 998 Παρ-

333 1017 448 1087 έχει
471 1019 600 1088 ὑμῖν
629 1019 845 1082 πάντως
869 1021 896 1073 ό
917 1020 1126 1092 Πατὴρ,
1149 1020 1285 1083 ἀλλ’,
1314 1016 1415 1086 οῖς
1438 1021 1792 1088 ἡτοίμασται
1817 1037 1913 1072 πο-

331 1108 538 1166 νοῦσιν.
581 1109 895 1163 ὑπονύττων
923 1112 1119 1175 αὐτοὺς
1147 1112 1281 1181 πρὸς
1311 1113 1512 1183 ἀρετὴν
1534 1113 1630 1165 καὶ
1659 1111 1908 1182 ἀνδρίαν·

332 1199 553 1271 πρῶτον
608 1201 705 1272 τὴν
748 1201 958 1257 εὔνοιαν
1009 1203 1401 1269 ἐπιδείξασθαι,
1459 1205 1552 1258 καὶ
1591 1205 1729 1274 πρὸς
1782 1203 1910 1265 τοὺς
1950 1259 1959 1267 .

330 1289 550 1355 ἀγῶνας
579 1290 973 1355 ἀποδύσασθαι,
1002 1295 1096 1347 καὶ
1126 1293 1225 1364 τὴν
1255 1295 1395 1364 ὑπὲρ
1420 1293 1583 1347 αὑτοῦ
1613 1294 1718 1357 ἓως
1743 1293 1908 1347 θανά-ο

330 1393 430 1431 του
473 1376 724 1432 ἔνστασιν
773 1381 868 1433 καὶ
913 1381 1211 1452 ἁναίρεὰιν.
1257 1380 1426 1435 Οὔπω
1467 1383 1597 1453 γάρ,
1639 1384 1794 1453 φησί,
1839 1382 1909 1434 τά

333 1473 446 1543 ἐμὰ
472 1471 798 1544 ἐκηρύξατε.
841 1477 934 1528 καὶ
965 1475 1085 1539 πῶς
1109 1477 1209 1540 τάς
1236 1477 1418 1546 φωνάς
1445 1477 1737 1547 κηρύττειν
1764 1476 1908 1548 ἰμεί-

335 1560 517 1632 ρεσθε,
542 1561 752 1616 οὐδέπω
783 1563 1136 1635 ραπισθέντες
1163 1565 1304 1636 ὑπὲρ
1333 1565 1468 1636 ἐμοῦ
1493 1583 1508 1629 ;
1545 1565 1908 1620 Ἀποδύσασθε

329 1654 513 1706 τοίνυν
557 1652 697 1724 πρὸς
743 1655 873 1717 τοὺς
901 1654 1117 1722 ἀγῶνας
1145 1657 1202 1709 ὲν
1230 1656 1310 1726 τῷ
1354 1656 1583 1727 σταδίῳ,
1614 1657 1907 1710 κατέλθετε

330 1745 429 1797 ἐπὶ
454 1744 516 1796 τδ
549 1744 804 1814 σκάμμα.
850 1746 1281 1817 αύτομολήσατε,
1317 1747 1608 1818 ἀχείρωτοι
1651 1748 1869 1817 μείνατε
1891 1787 1906 1811 ,

332 1835 430 1890 καὶ
455 1836 571 1906 ἅμα
592 1835 673 1907 τῷ
693 1835 921 1908 λυθῆναι
941 1836 1036 1890 τοῦ
1070 1838 1337 1907 παρόντος
1357 1838 1553 1902 αίῶνος
1580 1838 1641 1891 τὸ
1660 1839 1906 1910 θέατρον,

331 1925 448 1995 ἐγὼ
501 1929 630 1997 ὑμῖν
675 1927 883 1980 ἔπαθλα
923 1929 1048 1992 τοὺς
1091 1928 1315 1999 θρόνους
1353 1926 1511 1993 αὖθις
1553 1930 1863 2002 παρέχομαι
1891 1973 1906 1997 ,

330 2017 432 2072 νῦν
463 2018 509 2070 δ’
547 2019 694 2089 ὑμᾶς
721 2019 947 2082 εἰκότως
991 2020 1355 2091 ἀποσείομαιο
1395 2021 1494 2075 τοῦ
1535 2022 1753 2091 Πατρδς
1803 2022 1907 2090 φά-

333 2126 556 2174 σκοντος
591 2111 821 2175 ἐκείνοις
851 2111 1160 2182 δωρεῖσθαι.
1196 2113 1272 2166 Οὐ
1314 2112 1424 2185 γάρ
1457 2113 1657 2185 ἑτέρως
1696 2109 1806 2168 οἷόν
1849 2132 1910 2168 τε

332 2201 490 2272 ὑμῶν
520 2202 622 2273 τὴν
647 2202 860 2274 μητέρα
886 2203 981 2256 καὶ
1009 2203 1154 2273 ὑμᾶς
1176 2204 1524 2274 διοχλοῦντας
1553 2206 1904 2278 ἀποκρούσα-

305 2295 480 2348 σθαι.
521 2295 591 2347 Ἢ
636 2293 778 2347 κατά
825 2294 950 2357 τοὺς
983 2297 1290 2366 παρασχεῖν
1332 2313 1384 2349 τι
1417 2295 1523 2367 πρὸ
1562 2295 1757 2368 καιροῦ
1793 2299 1907 2360 τοῖς

331 2385 543 2440 αἰτοῦσι
579 2385 654 2457 μὴ
689 2385 1067 2457 βουλομένους,
1101 2387 1218 2440 ἀλλ’
1251 2388 1424 2458 ἑτέρῳ
1453 2389 1560 2441 τινὶ
1586 2388 1685 2460 τὴν
1718 2389 1910 2442 αὑθεν-

331 2477 456 2528 τίαν
486 2476 754 2546 ὑπάρχειν
786 2476 1333 2547 προσωπευομένους,
1371 2478 1568 2547 μήπως
1599 2477 1906 2547 κομισάμε-

331 2584 436 2632 νοι,
472 2568 830 2639 ρᾳθυμότεροι
867 2567 1006 2639 πρὸς
1049 2568 1149 2637 τὴν
1183 2565 1396 2621 εὔνοιαν
1426 2569 1521 2620 καὶ
1554 2569 1778 2640 ἀνδρίαν
1805 2569 1903 2637 γέ-

331 2677 553 2726 νωνται,
587 2659 915 2731 ἀρκούμενοι
943 2659 1022 2730 τῷ
1053 2659 1282 2725 δοθέντι,
1331 2659 1528 2730 μηκέτι
1569 2664 1752 2714 πονεῖν
1783 2661 1906 2730 βου-

331 2756 565 2825 λόμενοι.
585 2752 744 2807 Οὕτω
762 2753 868 2823 γάρ
889 2753 984 2807 καὶ
1007 2753 1057 2806 οἱ
1083 2754 1176 2806 ἐπὶ
1202 2753 1304 2822 γῆς
1326 2752 1700 2823 βασιλεύοντες
1731 2758 1905 2807 ποιεῖν

333 2843 581 2906 εἰώθασι,
609 2841 932 2913 προεδρείας
961 2842 996 2913 ἢ
1029 2845 1364 2912 στρατηγίας
1391 2841 1542 2912 παρά
1564 2860 1725 2896 τινων
1758 2843 1904 2898 έκλι-

333 2934 696 3008 παρούμενοι·
727 2934 906 3006 κύριοι
946 2933 1045 3004 μὲν
1071 2933 1166 2986 τοῦ
1196 2932 1376 2986 δοῦναι
1411 2934 1766 3005 ὑπάρχοντες,
1797 2935 1904 3004 πρὸ

333 3023 527 3097 καιροῦ
547 3023 604 3077 δὲ
623 3024 697 3093 μὴ
731 3023 1066 3094 βουλόμενοι,
1090 3023 1278 3094 ἔτερος
1309 3022 1497 3095 ἑτέρου
1527 3023 1623 3095 τὴν
1655 3025 1905 3089 ἐξουσίαν

333 3117 736 3191 ἀποτιθέμενοι,
766 3119 832 3187 τῇ
863 3116 1168 3188 καραδοκίᾳ
1195 3118 1290 3188 τῆς
1327 3118 1598 3189 ὑπεροχῆς
1619 3119 1747 3182 τοὺς
1805 3119 1910 3172 ίκέ-

333 3229 432 3276 τας
452 3212 594 3282 ὑπὲρ
613 3211 712 3280 τῆς
743 3207 1018 3279 βασιλείας
1045 3208 1423 3280 διεγείροντες,
1452 3210 1545 3262 καὶ
1579 3209 1906 3280 ἁμιλλᾶσθαι

336 3304 532 3367 αὐτοὺς
577 3300 826 3372 ἀλλήλοις
849 3339 864 3361 ,
909 3299 1002 3352 καὶ
1055 3301 1291 3370 σφριγᾷν
1344 3300 1439 3352 καὶ
1491 3300 1906 3372 παραθήγεσθαι

335 3392 478 3447 κατά
504 3393 612 3444 τῶν
630 3389 904 3459 πολεμίων
927 3389 1452 3459 παρασκευάζοντες.
1491 3389 1724 3460 Ἑτέρως
1745 3408 1803 3443 τε
1825 3391 1904 3444 δέ·

335 3485 457 3538 lusi
509 3483 726 3535 ἐδόκουν
749 3479 908 3532 αὑτὸν
929 3477 1026 3549 τὴν
1052 3479 1144 3531 ἐπὶ
1159 3479 1260 3548 γῆς
1280 3478 1612 3548 πρόσκαιρον
1633 3478 1908 3547 βασιλείαν

337 3573 662 3645 βασιλεύειν,
702 3571 866 3641 φησὶν
904 3571 1108 3634 αὐτοῖς,
1137 3572 1260 3622 Οὐκ
1281 3570 1482 3623 οἴδατε
1511 3569 1568 3623 τι
1605 3569 1863 3623 αἰτεῖσθε
1889 3586 1903 3601 °

336 3665 572 3729 ὡσανεὶ,
632 3661 972 3731 Ἐκνήψατε,
1012 3653 1057 3713 ὧ
1099 3659 1352 3730 φοιτηταί
1394 3677 1528 3730 μου,
1569 3660 1806 3730 ἀνάϐητε
1838 3664 1906 3731 τῇ

336 3753 546 3825 διανοίᾳ
571 3754 629 3805 ἐν
645 3755 712 3823 τῇ
739 3753 843 3821 ἐμῇ
877 3749 1140 3820 βασιλεία,
1176 3749 1251 3819 μὴ
1283 3749 1409 3821 περὶ
1436 3748 1505 3801 τά
1521 3749 1907 3820 παριπτάμενα

336 3844 491 3915 δίκην
525 3839 844 3912 νυκτερινοῦ
875 3840 1158 3910 φάσματος
1179 3880 1194 3903 ,
1246 3841 1322 3910 μὴ
1348 3840 1477 3909 περὶ
1499 3839 1568 3892 τά
1595 3839 1908 3910 χαμαίζηλα

334 3931 438 4007 ἦτε
465 3933 759 4004 γεγηθότες
779 3946 794 3961 ⁶
833 3933 1040 4002 μήποτε
1079 3932 1173 3986 καὶ
1201 3930 1352 4000 παρά
1399 3930 1493 3984 τοῦ
1543 3931 1754 4004 Πατρός
1805 3950 1907 4002 μου

334 4025 627 4096 ἀκούσητε,
639 4026 752 4079 Ούκ
763 4023 907 4078 ἐστιν
921 4023 1053 4094 ἐμὸν
1067 4023 1247 4077 δοῦναι
1258 4023 1464 4087 ἁπλῶς,
1476 4023 1589 4077 ἀλλ’
1607 4025 1734 4094 ὑμῖν
1749 4025 1912 4080 ἀπαι-

335 4118 496 4189 τῆσαι
524 4117 620 4188 τὴν
641 4116 749 4170 τῶν
766 4114 988 4184 ἀγώνων
1013 4117 1106 4168 καὶ
1132 4113 1367 4186 ἱδρώτων
1391 4115 1730 4186 ἀντάμειψιν.
1745 4118 1912 4186 ’Δγα-

343 4227 442 4277 μαι
459 4207 570 4278 γὰρ
601 4206 839 4276 ὀφείλειν
862 4207 990 4276 ὑμῖν
1017 4205 1249 4270 εὐνοίας,
1279 4205 1312 4276 ἢ
1339 4206 1590 4274 ἐγκαλεῖν
1615 4207 1908 4279 ῥᾳθυμίας.

339 4300 454 4353 Ούκ
497 4299 644 4351 ἔστιν
677 4297 808 4369 ἐμὸν
850 4296 1055 4360 δοῦναι,
1097 4296 1210 4350 ἀλλ’
1256 4298 1374 4351 οὐδὲ
1407 4296 1499 4350 τοῦ
1551 4298 1763 4368 Πατρός
1805 4317 1911 4369 μου

337 4390 526 4454 ἀπλῶς
563 4391 677 4452 τοῖς
708 4387 970 4453 αἰτοῦσιν,
1011 4388 1133 4440 ἐπεὶ
1163 4387 1230 4441 ἂν
1273 4391 1453 4456 φονεῖς
1483 4389 1575 4442 καὶ
1605 4391 1784 4459 μοιχοὶ
1816 4392 1910 4444 καὶ

343 4482 453 4542 πᾶς
503 4478 777 4550 μοχθηρὸς
823 4479 916 4532 καὶ
958 4479 1253 4543 ἀκόλαστος
1308 4478 1582 4543 αἰτοῦντες
1642 4480 1733 4550 μοὶ
1782 4498 1914 4550 συγ-

340 4569 675 4624 καθίσονται.
706 4570 817 4622 Ούκ
836 4568 980 4622 ἔστιν
1001 4569 1288 4639 ἡμέτερον,
1314 4569 1406 4622 τοῦ
1436 4569 1615 4624 δοῦναι
1640 4570 1787 4642 εἰκῆ.
1821 4573 1914 4624 καὶ

341 4659 730 4729 παραχαράξαι
757 4657 819 4711 τὸ
844 4656 1074 4711 δίκαιον.
1122 4657 1498 4727 Δικαιοκρίτου
1539 4658 1647 4726 γὰρ
1679 4659 1742 4711 τὸ
1772 4661 1914 4730 πρὸς

339 4747 498 4814 ἀξίαν
522 4748 736 4818 ἑκάστῳ
759 4747 1069 4816 ἀπονέμειν,
1094 4747 1186 4799 καὶ
1219 4746 1290 4816 μὴ
1320 4746 1442 4809 τοὺς
1469 4746 1746 4817 ἰδροῦντας
1773 4765 1912 4818 παρ⁹

343 4837 492 4899 ιδεῖν,
534 4836 628 4889 καὶ
656 4836 920 4908 ῥαθύμοις
956 4837 1273 4907 παρασχεῖν.
1301 4835 1362 4886 Εἰ
1381 4835 1558 4887 τοίνυν
1577 4833 1685 4887 τῶν
1705 4835 1910 4906 θρόνων

339 4928 524 4998 ἐρᾶτε,
554 4928 678 4991 τοὺς
703 4926 919 4996 ἀγῶνας
947 4927 1048 4979 οὐκ
1077 4927 1340 4994 ἀγνοεῖτε.
1375 4925 1513 4998 πρὸς
1537 4925 1629 4988 οὓς
1665 4925 1907 4995 ὀφείλετε

340 5019 712 5074 ἀποδύσασθαι
737 5035 752 5051 ⁸
799 5018 874 5089 μὴ
910 5016 988 5088 τῷ
1014 5017 1235 5088 τρίϐωνι
1275 5016 1366 5070 καὶ
1396 5019 1463 5086 τῇ
1490 5016 1674 5088 ὑπήνῃ
1715 5016 1812 5070 καὶ
1840 5018 1906 5087 τῇ

342 5108 615 5180 βακτηρία
665 5108 845 5179 μόνοις
877 5107 1294 5178 ἑναϐρυνόμενοι
1316 5147 1331 5168 ,
1385 5105 1518 5160 ἀλλά
1555 5092 1677 5170 τοῖξ
1718 5106 1908 5168 πόνοις

338 5201 466 5262 τοὺς
499 5200 720 5271 θρόνους
763 5199 1142 5270 ἐξωνούμενοι,
1185 5199 1278 5252 καὶ
1322 5201 1382 5250 τὸ
1413 5198 1692 5268 κριτήριον
1731 5197 1909 5252 ἱλεού-

341 5309 512 5363 μενοι.

904 5472 1149 5526 ΠΕΥΣΙΣ
1187 5471 1353 5524 PAB'.

423 5563 534 5616 Kal.
566 5564 613 5615 εἰ
644 5563 719 5626 ὡς
751 5565 779 5617 ό
808 5563 995 5633 Πατὴρ
1034 5563 1330 5633 δυνάμενος
1378 5563 1472 5615 καὶ
1501 5561 1844 5628 αὑτεξούσιος
1876 5566 1905 5616 ό

418 5699 440 5728 ⁸
474 5697 659 5756 Matth.
691 5715 784 5763 xx,
819 5697 917 5752 ετ.

502 5796 581 5855 ΡΑ
603 5811 781 5856 ruet...
807 5795 925 5853 Gn.
964 5786 1322 5851 XXXVIII.

1727 259 2077 319 DIALOGUS
2111 262 2198 321 III.

3463 266 3606 322 1034

2655 379 2957 445 Responsio.

2092 467 2212 524 Non
2259 471 2414 540 quasi
2464 471 2772 540 praestando
2798 487 2906 524 non
2938 479 3103 534 esset,
3145 470 3448 542 denegavit,
3503 473 3599 528 sed

2021 560 2269 628 prudenti
2313 561 2546 630 quodam
2599 568 2859 630 praetextu
2887 562 2954 616 ad
3003 561 3324 617 modestiam
3384 577 3603 621 revocat

2021 650 2261 718 ipsorum
2281 650 2502 714 fastum,
2515 662 2567 707 et
2581 653 2845 709 adversus
2862 653 3266 724 condiscipulos
3281 654 3567 710 elationem
3582 673 3601 711 :

2020 757 2116 810 per
2141 743 2262 799 illos
2303 743 2463 800 etiam
2503 745 2742 815 reliquos
2785 747 3078 816 castigans,
3119 755 3174 801 et
3215 761 3506 802 accensum
3543 747 3598 800 in

2021 835 2152 902 ipsis
2186 836 2483 892 absurdum
2529 853 2771 892 amorem
2819 839 3091 906 primatus
3116 839 3473 907 exstinguens
3495 847 3602 893 ter-

2020 941 2144 982 rore
2173 929 2569 996 dencgationis.
2602 929 2718 985 Non
2743 929 2888 984 enim
2916 930 3080 986 dicit:
3113 930 3350 984 Omnino
3377 930 3603 1001 largitur

2019 1018 2071 1072 id
2101 1021 2251 1075 vobis
2267 1020 2451 1086 Pater,
2485 1020 2796 1091 sed,quibus
2819 1032 3068 1090 paratum
3096 1031 3172 1076 est
3196 1023 3600 1086 laborantibus,

2016 1111 2374 1166 exstimulans
2419 1111 2571 1180 ipsos
2610 1112 2674 1164 ad
2708 1114 2964 1166 virtutem
2995 1121 3049 1167 et
3081 1113 3482 1177 fortitudinem,
3539 1124 3601 1169 ut

2018 1202 2255 1270 primum
2290 1201 2724 1256 benevolentiam
2765 1202 3230 1265 demonstrarent,
3289 1205 3355 1258 ad
3419 1214 3600 1258 certa-

2019 1293 2161 1346 mina
2188 1301 2361 1347 semet
2392 1293 2756 1362 acciugerent,
2787 1308 2887 1364 pro
2916 1294 3034 1362 ipso
3066 1294 3132 1347 ad
3167 1304 3398 1349 mortem
3425 1309 3599 1364 usque

2016 1394 2333 1439 constanter
2387 1394 2816 1453 perseverarent.
2872 1383 3128 1440 Nondum
3181 1386 3348 1454 enim,
3399 1388 3596 1456 inquit,

2015 1476 2136 1532 aliis
2166 1492 2286 1532 mea
2331 1477 2694 1546 praedicastis:
2739 1487 2793 1532 et
2833 1491 2942 1545 quo
2984 1478 3198 1532 tandem
3239 1489 3397 1548 pacto
3435 1495 3597 1535 voces

2017 1568 2344 1623 annumiare
2400 1567 2748 1632 desideratis,
2795 1569 3040 1622 nondum
3087 1585 3186 1639 pro
3225 1586 3311 1624 me
3347 1571 3595 1641 colapth

2011 1660 2176 1714 caesi?
2217 1659 2448 1714 Proinde
2491 1659 2818 1729 expedimini
2865 1659 2932 1713 ad
2962 1661 3262 1715 certamina
3295 1661 3349 1715 iu
3390 1661 3590 1722 stadio.

2009 1749 2321 1806 descendite
2345 1750 2398 1803 in
2419 1750 2612 1805 theatri
2632 1765 2873 1814 caveam,
2897 1750 3106 1806 alacres
3133 1749 3385 1814 incedite,
3407 1750 3595 1806 invicti

2012 1850 2246 1907 manete,
2277 1850 2331 1895 et
2352 1842 2754 1910 quamprimum
2789 1840 3074 1909 praesentis
3101 1839 3287 1894 szeculi
3319 1839 3594 1894 theatrum

2010 1931 2249 1987 solutum
2285 1929 2468 1994 fuerit,
2517 1945 2622 1999 ego
2650 1946 2774 1986 mox
2823 1930 2978 1986 vobis
3026 1929 3116 1984 illa
3147 1929 3286 1984 solia
3333 1937 3593 2000 tanquam

2010 2028 2230 2095 praemia
2257 2024 2578 2080 certaminis
2605 2024 2824 2096 largiar.
2859 2021 3019 2078 Nunc
3051 2031 3233 2077 autem
3262 2036 3359 2077 vos
3392 2023 3593 2075 nterito

2011 2114 2219 2184 rejicio.
2264 2113 2546 2170 Dabuntur
2577 2114 2644 2169 iis
2679 2115 2883 2184 quibus
2923 2112 3083 2169 Pater
3107 2112 3355 2182 jusserit.
3404 2110 3594 2181 Neque

2008 2207 2153 2260 enim
2182 2206 2289 2260 alio
2334 2206 2496 2260 modo
2526 2215 2717 2276 vestra.
2731 2215 2904 2260 mater
2935 2214 2991 2259 et
3017 2219 3114 2258 vos
3135 2219 3260 2258 cum
3295 2204 3396 2257 hac
3415 2212 3592 2256 vestra

2011 2296 2260 2351 molestia
2314 2295 2498 2365 repelli
2541 2297 2791 2364 potestis.
2840 2295 2950 2349 Aut
2989 2295 3101 2363 agit
3139 2308 3205 2348 eo
3240 2291 3425 2356 modo,
3480 2306 3592 2362 quo

2009 2388 2185 2442 solent
2216 2387 2309 2456 qui
2331 2387 2534 2456 aliquid
2558 2395 2683 2441 ante
2711 2395 2922 2454 tempus
2955 2395 3214 2455 praestare
3243 2385 3460 2450 nolunt,
3492 2383 3590 2438 sed

2007 2477 2098 2532 alii
2125 2478 2287 2532 alicui
2317 2485 2599 2547 potestatis
2623 2477 3002 2530 auctoritatem
3044 2489 3171 2530 esse
3199 2473 3482 2534 simulant,
3521 2486 3590 2526 ne

2006 2566 2224 2636 quando
2256 2565 2577 2635 receperint,
2605 2563 2889 2634 segniores
2921 2563 2991 2616 ad
3023 2563 3358 2617 alacritatem
3387 2573 3440 2617 et
3475 2561 3590 2618 lor-

2007 2657 2293 2712 titudinem
2344 2655 2494 2720 (iant,
2540 2654 2784 2709 contenti
2809 2668 2876 2708 eo
2907 2653 3053 2722 quod
3098 2653 3285 2708 datum
3319 2663 3423 2719 est,
3476 2670 3586 2709 non

2007 2749 2240 2819 amplius
2263 2748 2512 2802 laborare
2545 2747 2808 2802 volentes.
2848 2744 2942 2800 Sic
2971 2746 3117 2801 enim
3143 2755 3196 2801 et
3220 2745 3313 2816 qui
3349 2746 3404 2800 in
3429 2749 3591 2802 terris

2012 2851 2260 2911 regnant,
2289 2838 2466 2895 facere
2494 2853 2849 2901 consuevere,
2891 2836 3111 2907 quando
3143 2837 3214 2890 ab
3257 2837 3390 2907 ipsis
3418 2837 3587 2909 aliqui
3651 2879 3654 2882 .

2012 2931 2305 3001 dignitates
2330 2928 2620 2999 praesidum
2650 2937 2706 2982 et
2735 2926 2931 2989 olIicia,
2967 2927 3047 2982 vel
3084 2927 3305 2996 imperia
3346 2929 3424 2983 rei
3447 2929 3590 2983 mili-

2016 3021 2150 3075 taris
2179 3019 2491 3090 eﬂlagitant,
2530 3020 2654 3075 licet
2694 3035 2860 3088 penes
2887 3020 3036 3088 ipsos
3069 3019 3164 3083 sit,
3219 3027 3346 3074 ante
3374 3029 3588 3089 tempus

2017 3119 2196 3165 tamen
2230 3109 2363 3164 dare
2409 3109 2678 3172 uolentes,
2712 3109 2852 3163 alius
2897 3109 2965 3162 ad
3004 3107 3173 3162 alium
3205 3106 3256 3160 id
3307 3106 3590 3176 potestatis

2015 3199 2279 3260 referunt.
2295 3199 2700 3270 exspectatione
2717 3199 2994 3269 dignitatis
3010 3198 3291 3254 ministros
3307 3211 3405 3267 pro
3423 3211 3590 3267 regno

2013 3293 2334 3358 excitantes,
2391 3299 2558 3360 utque
2617 3291 2761 3345 inter
2810 3304 2870 3345 se
2919 3299 3146 3353 certent,
3206 3298 3260 3343 et
3315 3288 3593 3343 enitantur

2013 3382 2255 3436 acriores
2281 3385 2539 3436 adversus
2567 3380 2748 3439 hostes
2770 3380 2906 3449 ﬁeri,
2919 3396 3015 3436 eos
3046 3387 3437 3449 pratparautes.
3494 3375 3590 3432 Vel

2013 3469 2178 3522 etiam
2207 3468 2313 3522 alia
2345 3469 2575 3533 ratione,
2619 3466 2744 3537 quia
2773 3467 3035 3535 putabant
3079 3466 3256 3534 ipsum
3293 3464 3589 3534 temporale

2015 3577 2240 3632 regnum
2273 3561 2326 3614 in
2346 3570 2486 3614 terra
2515 3560 3046 3622 administraturum,
3075 3557 3152 3610 ait
3181 3557 3318 3611 illis:
3358 3555 3590 3611 Nescitis

2013 3651 2140 3721 quid
2172 3652 2419 3720 petitis':
2466 3649 2627 3720 quasi
2672 3649 2819 3704 dicat
2859 3666 2873 3702 :
2917 3647 3198 3716 Evigilate,
3246 3660 3451 3716 quaeso,
3505 3645 3590 3699 di-

2015 3741 2208 3811 scipuli
2228 3742 2356 3805 mei,
2376 3739 2651 3795 ascendite
2680 3748 2862 3794 mente
2890 3738 2942 3791 in
2975 3752 3154 3791 meum
3189 3752 3448 3805 regnum;
3477 3751 3588 3790 non

2015 3850 2080 3888 ex
2112 3833 2178 3888 iis
2223 3847 2344 3903 qua:
2377 3833 2550 3886 instar
2596 3830 2848 3886 nocturni
2877 3829 3072 3899 spectri
3127 3827 3587 3892 circumvolitaut,

2017 3939 2194 3992 neque
2213 3924 2278 3978 de
2318 3922 2568 3977 sordibus
2607 3919 2756 3975 humi
2797 3918 3102 3989 iacentibus
3133 3917 3462 3986 voluptatem
3497 3931 3580 3971 ca-

2018 4019 2147 4087 pite,
2185 4031 2251 4070 ne
2283 4015 2502 4084 quando
2526 4033 2554 4068 a
2587 4012 2743 4068 Patre
2768 4026 2984 4082 quoque
3021 4025 3142 4066 meo
3167 4010 3437 4064 audiatis:
3467 4006 3586 4063 Non

2017 4116 2100 4162 est
2138 4123 2318 4163 meum
2365 4106 2682 4174 simpliciter
2720 4104 2872 4169 dare,
2929 4103 3021 4159 sed
3073 4118 3103 4156 a
3144 4102 3298 4156 vobis
3345 4101 3586 4156 vicissim

2010 4199 2226 4269 esigcre
2267 4197 2624 4252 certaminum
2667 4205 2719 4250 et
2769 4194 3030 4249 sudorum
3064 4195 3584 4262 compensationem.

2012 4289 2154 4344 Italo
2196 4288 2340 4344 enim
2379 4288 2532 4343 vobis
2569 4287 2768 4342 debere
2797 4293 3013 4356 propter
3045 4285 3359 4340 benevolam
3385 4283 3585 4338 alacri-

2014 4390 2199 4444 tatem,
2233 4395 2395 4449 quam
2439 4391 2698 4432 accusare
2737 4375 3064 4431 socordiam.
3127 4373 3246 4428 Non
3278 4384 3361 4430 est
3404 4389 3584 4428 meum

2013 4473 2165 4533 dare,
2214 4480 2271 4524 at
2311 4483 2487 4539 neque
2513 4465 2691 4521 Patris
2718 4466 2826 4521 mei
2875 4465 3194 4536 simpliciter
3243 4465 3582 4535 petentibus:

2014 4561 2278 4632 siquidem
2309 4559 2604 4622 uccisores,
2637 4567 2691 4612 et
2723 4558 2976 4623 adulteri,
3003 4566 3057 4612 et
3077 4557 3255 4627 quivis
3284 4555 3584 4626 ﬂagitiosus

2013 4665 2066 4709 et
2123 4656 2510 4723 intemperans,
2557 4651 2601 4706 si
2639 4657 2842 4720 petant,
2897 4665 3107 4704 mecum
3139 4647 3341 4704 sessuri
3378 4661 3582 4702 essent.

2014 4747 2129 4804 Non
2163 4755 2249 4802 est
2294 4754 2537 4800 nostrum
2577 4743 2708 4798 dare
2735 4751 2957 4807 temere,
3008 4750 3062 4795 et
3107 4741 3405 4809 depravare
3438 4740 3581 4808 quod

2011 4840 2218 4909 justum
2259 4846 2362 4891 est.
2418 4832 2558 4889 Jusli
2587 4833 2733 4888 enim
2763 4831 2965 4902 judicis
3009 4840 3092 4886 est
3141 4829 3436 4900 unicuique
3486 4845 3585 4900 pro

2012 4929 2274 5000 dignitate
2300 4926 2475 4981 meriti
2509 4925 2767 4989 tribuere,
2797 4939 2902 4978 non
2938 4923 3206 4993 negligere
3252 4922 3581 4983 laborantes.

2013 5035 2078 5074 ac
2109 5019 2319 5090 ignavis
2340 5017 2541 5086 aliquid
2563 5017 2765 5087 largiri.
2791 5015 3026 5070 Proinde
3051 5015 3099 5070 si
3126 5015 3352 5070 thronos
3368 5015 3583 5075 amatis.

2015 5112 2178 5166 nolite
2201 5110 2451 5180 ignorare
2466 5111 2784 5167 certamina.
2804 5108 2870 5162 ad
2889 5123 3012 5178 qua:
3028 5107 3358 5176 capessenda
3380 5107 3587 5162 debetis

2019 5201 2280 5270 expediri.
2310 5197 2496 5269 Neque
2522 5198 2682 5268 pallio
2713 5207 2946 5264 tantum,
2987 5206 3040 5252 et
3065 5197 3252 5260 barba,
3286 5197 3587 5265 baculoque

2019 5291 2272 5348 convenit
2293 5307 2390 5346 vos
2419 5291 2644 5346 delicate
2662 5288 2904 5359 gloriari,
2940 5289 3033 5346 sed
3062 5289 3586 5346 laboribusthronns

2020 5383 2288 5449 redimite,
2317 5383 2691 5454 judiciumque
2720 5379 2951 5451 placate.

2404 5467 2918 5528 INTERROGATIO
2937 5467 3197 5525 CXXXII.

2086 5564 2240 5631 Quod
2271 5564 2314 5618 si
2345 5561 2566 5632 perinde
2609 5579 2673 5616 ac
2697 5564 2879 5628 I‘ater,
2921 5573 3112 5632 potens
3140 5567 3197 5617 et
3233 5559 3320 5616 sui
3340 5569 3484 5629 jurts
3507 5565 3594 5613 est

3232 5794 3314 5852 33
