4048 6222
469 242 498 294 ‘I
514 241 618 294 035

476 358 667 421 Filius,
700 355 976 425 quomodo
1013 365 1454 419 terreturcruce,
1511 356 1835 426 Patremque
1879 366 2050 428 rogat,

474 452 695 506 dicens:
734 448 921 512 Pater,
956 449 1003 500 si
1043 448 1161 515 ﬁeri
1198 457 1387 515 potest,
1430 458 1667 502 transeat
1692 465 1736 501 -a
1777 464 1859 502 me
1891 464 2054 516 poen-

473 537 1067 593 lum'ftac’?Nimirum
1100 552 1209 591 non
1241 538 1360 606 ejus
1399 550 1482 594 est
1509 540 1601 608 qui
1630 554 1731 592 suo
1758 550 1881 609 agat
1907 540 2053 609 jure,

476 648 649 701 neque
683 639 994 698 spontanea:
1029 628 1340 691 voluntatis.
1381 630 1447 682 ad
1484 630 1649 683 alium
1673 629 1967 699 confugere
2001 632 2054 685 in

477 722 921 786 necessitatibus,
973 734 1038 775 ac
1072 719 1220 773 velut
1265 720 1546 790 indigum,
1596 722 1750 775 illius
1788 721 2052 776 auxilium

454 814 779 881 implorare.

1110 900 1416 969 Responsio.

530 995 732 1047 Letale
763 995 957 1048 volnus
988 1004 1047 1047 et
1100 993 1230 1047 hinc
1269 992 1440 1062 inlligi
1496 993 1677 1049 divina
1740 1014 1902 1052 manu
1933 1001 2054 1055 illis

462 1104 611 1143 vana
646 1098 825 1142 mente
854 1089 1094 1157 przeditis
1123 1098 1281 1156 puto,
1321 1104 1447 1142 cum
1479 1091 1727 1159 ejusdem
1771 1096 2056 1161 potestatis

458 1183 636 1239 ‘etiam
672 1198 817 1236 nunc
850 1197 974 1236 eum
999 1180 1396 1236 Patre‘Filium
1446 1198 1569 1238 esse
1621 1184 2051 1243 demonstratum

474 1276 568 1333 sit.
599 1288 699 1328 nec
738 1274 1034 1343 quidquam
1088 1288 1318 1341 prorsus
1343 1273 1480 1343 .ejus
1532 1277 1843 1330 auctoritati
1885 1279 2051 1332 adimi

474 1382 567 1430 per
596 1381 688 1419 eas
713 1380 875 1420 voces
900 1380 1021 1434 qum
1057 1366 1125 1418 ab
1156 1364 1274 1432 ipso
1322 1379 1418 1433 per
1446 1364 1847 1421 simulationem
1892 1369 2049 1424 editae

470 1467 620 1513 sunt.
653 1456 1113 1526 Quandoquidem
1146 1456 1295 1509 enim
1326 1471 1469 1523 aegre
1499 1458 2054 1525 recipiebatur'uuitte

472 1566 596 1605 cum
637 1548 746 1603 Deo
777 1547 1131 1601 humanitatis
1172 1545 1343 1613 ipsius
1386 1545 1673 1612 adventus,
1710 1556 1927 1617 propter
1967 1550 2050 1603 ni-

476 1644 638 1696 miam
667 1640 1025 1694 humilitatem
1073 1646 1128 1691 et
1157 1652 1283 1707 erga
1319 1637 1567 1692 homines
1619 1638 2048 1695 benevolentiam

473 1728 634 1790 ﬁdem
659 1748 946 1802 superans.
976 1732 1319 1801 propositum
1348 1732 1425 1785 illi
1462 1731 1565 1787 fuit
1606 1748 1717 1787 non
1753 1734 2051 1790 divinitatis

474 1827 716 1896 potentia
776 1825 1101 1895 propulsare
1160 1824 1457 1894 malignum
1491 1826 1816 1887 daemonem,
1876 1842 2053 1896 neque

474 1918 758 1987 principali
788 1924 1059 1986 potestate
1086 1924 1332 1969 evertere
1355 1916 1528 1984 ipsius
1554 1916 1748 1980 aciem,
1780 1917 1872 1971 sed
1900 1932 2053 1970 man-

464 2009 767 2065 suetudine
793 2008 980 2078 potius
1008 2016 1060 2061 et
1088 2007 1349 2061 diuturna
1385 2008 1643 2076 patientia
1687 2009 2053 2064 condemnare

476 2100 849 2156 adversarium
885 2099 1244 2153 reluctantem
1274 2114 1289 2163 ;
1326 2112 1451 2151 nam
1481 2098 1527 2153 si
1576 2099 1817 2154 venisset
1850 2115 2052 2154 usurus

470 2199 746 2262 potestate
782 2189 1039 2255 naturali,
1067 2187 1199 2241 nihil
1228 2187 1595 2242 admiratione
1623 2187 1847 2257 dignum
1873 2187 2053 2243 facere

478 2284 629 2337 visus
666 2281 883 2341 fuisset,
921 2279 965 2335 si
1011 2281 1275 2355 adversus
1308 2279 1561 2349 angelum
1596 2279 1921 2333 defectorem
1955 2279 2051 2334 de-

473 2381 740 2428 certasset
766 2371 910 2426 Deus
936 2389 949 2425 :
990 2371 1100 2424 imo
1126 2371 1409 2425 diversum
1437 2370 1618 2441 potius
1657 2371 1971 2437 accidisset,
2000 2381 2053 2426 et

475 2466 529 2519 in
558 2464 925 2534 arrogantiam
954 2463 1242 2517 extulisset
1278 2462 1587 2525 diabolum,
1617 2464 1775 2531 quasi
1811 2462 1921 2516 Deo
1954 2478 2052 2531 par

475 2556 673 2611 fuisset
714 2554 1085 2609 adversarius.
1146 2552 1342 2608 Merito
1390 2553 1560 2625 igitur
1618 2554 1856 2608 humana
1893 2563 2052 2609 utens

474 2648 802 2708 humilitate,
834 2644 1089 2714 deprimit
1122 2644 1295 2714 ipsius
1335 2645 1651 2710 elationem,
1710 2656 1765 2701 et
1808 2647 2053 2703 victorias

473 2749 743 2809 tropzeum
773 2735 933 2789 nobis
964 2734 1201 2789 asserit:
1236 2750 1361 2788 nam
1396 2735 1467 2799 si,
1499 2751 1622 2789 cum
1661 2737 1730 2788 ah
1775 2736 1930 2790 initio
1962 2754 2050 2792 se-

471 2831 673 2885 ductus
706 2826 871 2882 fuerit
924 2825 1121 2889 homo,
1174 2840 1282 2879 non
1335 2840 1433 2894 per
1466 2826 1702 2895 aliquem
1740 2827 1833 2896 qui
1885 2828 2051 2881 homo

473 2934 595 2975 esse
629 2918 924 2978 videretur,
978 2913 1193 2966 tametsi
1228 2928 1286 2966 re
1334 2914 1446 2981 ipsa
1486 2912 1627 2966 Deus
1673 2912 1831 2976 foret,
1862 2924 2049 2981 captus

462 3019 618 3065 esset
651 3011 766 3078 ipse
787 3004 1029 3059 vicissim
1067 3003 1271 3072 praedo,
1323 3002 1645 3067 pratclarum
1681 3004 1780 3057 hoc
1833 3003 2046 3057 facinus

460 3100 925 3169 ‘lrmnanogeneri
959 3098 1223 3149 tributum
1257 3108 1366 3147 non
1396 3093 1611 3148 fuisset.
1646 3092 1805 3148 Nunc
1833 3110 1957 3148 cum
1990 3095 2043 3148 in

473 3203 668 3248 natura
688 3201 801 3246 tam
843 3189 1024 3243 divina
1055 3201 1217 3256 quam
1252 3186 1491 3239 humana
1520 3186 1724 3241 factum
1755 3187 1886 3241 illud
1916 3185 2049 3240 Ver-

473 3287 601 3340 bum
635 3284 700 3337 ad
751 3296 853 3336 nos
899 3280 1140 3338 'venerit.
1194 3287 1248 3332 et
1283 3276 1337 3330 in
1394 3276 1570 3330 forma
1629 3278 1774 3347 capti
1836 3278 2047 3332 hostem

1572 239 1629 293 S.
1672 240 1969 294 CASSAIIII
2008 240 2333 297 GItEGDRII
2376 242 2677 299 FRATRIS

3606 248 3752 302 1058

2160 360 2308 422 Υἱὸς,
2334 360 2450 424 πῶς
2477 361 2723 428 φοϐεῖται
2751 361 2841 415 τὸν
2868 363 3127 433 σταυρὸν,
3156 367 3251 418 καὶ
3286 366 3467 419 δέεται
3498 364 3596 417 τοῦ
3631 365 3749 416 Πα-

2156 450 2318 519 τρὸς,
2376 450 2550 518 λέγων
2583 467 2598 482 ·
2634 449 2848 518 Πάτερ,
2892 454 2952 504 εὶ
3000 452 3283 517 δυνατὸν,
3334 457 3403 510 τὸ
3453 454 3789 527 ποτήρισνλη

2170 540 2347 594 τοῦτο
2375 541 2715 607 παρελθέτω
2728 543 2829 595 ἀπ’
2857 542 3004 611 ἐμοῦ
3020 559 3040 606 ;
3056 544 3228 599 Τοῦτο
3251 546 3307 600 δὲ
3331 548 3431 599 οὐκ
3442 545 3751 608 αὑθεπίας

2157 628 2309 681 ἐστὶν
2366 630 2486 682 οὐδὲ
2518 631 2917 701 ἑκουσιότητος.
2969 633 3033 686 τὸ
3063 636 3200 706 πρὸς
3235 637 3423 708 ἕτερον
3458 637 3749 705 καταφεύ-

2156 734 2279 782 γειν
2307 719 2367 771 ὲν
2392 724 2514 784 ταῖς
2540 721 2827 789 ἀνάγκαις.
2870 725 2965 777 καὶ
2997 725 3094 795 τῆς
3125 728 3337 780 ἐκείνου
3366 728 3581 781 δεῖσθαι
3618 728 3747 797 βοη-

2144 808 2323 872 θείας.

2766 904 3119 972 Ἀπόκρισις.
3700 948 3705 952 .

2228 988 2463 1060 Καιρίαν
2480 984 2633 1058 οἶμαι
2658 989 2873 1062 πληγὴν
2896 995 3011 1055 τοῖς
3033 993 3394 1063 ματαιὸφροσι
3430 994 3527 1047 καὶ
3554 994 3747 1047 ὲντεῧ-

2155 1078 2246 1131 θέν
2279 1080 2577 1148 ἐπάγεσθαι
2610 1080 2715 1132 ὑπὸ
2745 1082 2844 1151 τῆς
2883 1082 3035 1146 θείας
3057 1083 3259 1154 χειρὸς,
3292 1085 3602 1148 ίσοσθενοῦς
3647 1085 3750 1137 καὶ

2154 1169 2250 1223 νῦν
2278 1172 2416 1241 πρὸς
2444 1173 2538 1225 τὸν
2562 1174 2865 1243 Γεννήτορα
2902 1174 3307 1244 δεικνυομένου,
3344 1177 3437 1229 καὶ
3469 1176 3749 1246 μηδεμιᾶς

2154 1261 2419 1333 ὑπάρχειν
2456 1262 2740 1327 αὑθεντίας
2762 1264 3041 1335 ἀναίρεσιν
3074 1267 3138 1318 ὲκ
3161 1267 3271 1319 τῶν
3298 1267 3418 1320 καθ’
3451 1269 3748 1339 ὑπόκρισιν

2153 1356 2452 1425 γινομένων
2497 1355 2662 1409 αὐτοῦ
2702 1355 2931 1423 φωνῶν.’
2963 1357 3116 1410 Ἐπεὶ
3148 1356 3256 1427 γάρ
3299 1358 3745 1428 δυσπαράδεκτος

2151 1442 2219 1516 ἧν
2241 1448 2271 1516 ἡ
2295 1446 2586 1520 θεανδρικὴ
2618 1450 2781 1502 αὑτοῦ
2815 1450 3179 1519 ἐπιφοίτησις,
3216 1451 3490 1522 ὑπερὸολῇ
3522 1454 3747 1522 μετριό·

2152 1556 2314 1610 τητος
2360 1542 2454 1593 καὶ
2502 1541 2909 1612 φιλανθρωπίας
2966 1542 3341 1612 ἀπιστουμένῃ
3372 1560 3383 1571 ·
3428 1544 3631 1607 σκοπὸς
3671 1538 3744 1614 ἦν

2155 1631 2303 1701 αὐτῷ
2333 1632 2395 1685 οὐ
2444 1632 2602 1702 ῥώμη
2637 1631 2912 1702 θειότητος
2958 1632 3268 1700 ἀμύνασθαι
3313 1633 3405 1685 τὸν
3436 1634 3741 1705 ἀλάστορα,

2153 1720 2253 1773 οὐκ
2303 1721 2719 1785 ἐξουσιαστικῶς
2772 1720 3024 1773 καθελεῖν
3077 1721 3243 1774 αὐτοῦ
3294 1722 3396 1791 τὴν
3436 1723 3742 1792 φάλαγγα·

2155 1812 2423 1881 πραότητι
2467 1811 2524 1863 δὲ
2578 1812 2777 1882 μᾶλλον
2826 1812 2923 1865 καὶ
2978 1811 3331 1883 μακροθυμίᾳ
3370 1816 3743 1885 ³κατακρίνειν

2152 1903 2244 1956 τὸν
2299 1903 2611 1956 ἀντίπαλον.
2646 1903 2707 1955 Et
2737 1903 2846 1971 γὰρ
2878 1904 2944 1973 τῇ
3001 1907 3203 1975 φυσικῇ
3248 1905 3396 1975 ίσχύῖ
3450 1907 3745 1975 χρώμενος

2151 1988 2321 2064 ἧκεν,
2358 1994 2535 2058 ἔδοξεν
2594 1994 2661 2047 ἂν
2698 1996 2868 2065 μηδὲν
2915 1994 3349 2063 άξιοθαύμαστον
3400 1997 3567 2067 δρᾷν,
3606 1998 3744 2061 Θεὸς

2154 2085 2291 2153 πρὸς
2328 2086 2559 2153 ἄγγελον
2604 2086 2918 2157 ἀποστάτην
2948 2086 3370 2158 ἀγωνιζόμενος.
3406 2090 3479 2142 Τὸ
3502 2091 3547 2144 6‘
3579 2093 3742 2144 ἐνανο

2149 2178 2283 2241 τίον,
2310 2178 2516 2248 ὲπῆρεν
2546 2177 2612 2230 ἂν
2645 2177 2846 2248 μᾶλλον
2870 2178 2959 2231 τὸν
2978 2178 3224 2233 διάϐολον
3244 2182 3323 2245 είς
3351 2182 3629 2245 ἀπόνοιαν,
3662 2182 3745 2246 ὡς

2149 2271 2556 2340 ἀνταγωνιστὴν
2607 2270 2726 2341 Θεῷ
2772 2272 3197 2341 γινωσκόμενον.
3254 2273 3492 2336 Εἰκότως
3543 2271 3639 2328 οὖν
3667 2279 3741 2346 τῇ

2155 2359 2362 2431 βροτῶν
2395 2359 2675 2431 χρώμενος
2710 2362 2958 2433 εὐτελείᾳ
2982 2362 3235 2435 καθαιρεί
3266 2364 3431 2418 αὑτοῦ
3462 2367 3522 2419 τὸ
3564 2367 3745 2439 φρύα-

2152 2470 2289 2522 γμα.
2326 2453 2422 2505 καὶ
2465 2453 2563 2523 τῆς
2608 2452 2762 2524 νίκης
2793 2454 2856 2505 τὸ
2890 2456 3152 2525 τρόπαιον
3190 2458 3322 2527 ἡμῖν
3349 2462 3647 2528 περιποιεῖ.
3674 2460 3742 2512 Et

2152 2546 2262 2613 γὰρ
2304 2543 2591 2615 ἀνθρώπου
2627 2546 2750 2597 κατ’
2775 2545 2954 2615 ἀρχὰς
2985 2547 3341 2618 ὑπαχθέντος,
3383 2550 3458 2619 μὴ
3509 2550 3599 2603 διὰ
3642 2550 3742 2603 τοῦ

2151 2635 2315 2687 αὐτοῦ
2338 2635 2638 2706 ὁρωμένου,
2669 2636 2804 2689 Θεοῦ
2832 2637 2889 2689 δὲ
2916 2638 3229 2708 νοουμένου,
3252 2640 3527 2713 ἐχειρώθη
3548 2644 3578 2695 6
3605 2660 3737 2715 πορο

2153 2728 2324 2797 θήσας
2343 2766 2359 2789 ,
2404 2726 2581 2791 ἔδοξεν
2623 2728 2690 2780 ἂν
2741 2728 3154 2800 ἀλλοτριοῢσθαι
3196 2733 3231 2803 ἡ
3241 2732 3358 2801 μῶν
3405 2733 3499 2785 τοῦ
3550 2735 3745 2801 γένους

2151 2820 2212 2871 τὸ
2244 2818 2591 2889 κατόρθωμα.
2638 2819 2939 2892 Θεανδρικῇ
2989 2822 3047 2875 δὲ
3092 2822 3249 2891 φύσει
3296 2825 3325 2876 6
3372 2824 3527 2892 ἅγιος
3568 2826 3744 2894 Λόγος

2156 2912 2538 2980 ὲπιφοιτήσας,
2561 2912 2655 2964 καὶ
2682 2911 2803 2981 ἅψει
2831 2912 2924 2965 τοῦ
2948 2914 3165 2977 ἁλόντος
3192 2916 3435 2985 ἡττήσας
3460 2917 3551 2969 τὸν
3580 2918 3746 2971 πολέ-

2159 3018 2278 3070 μιον
2298 3040 2314 3063 ,
2359 3002 2421 3054 τὸ
2454 3004 2574 3055 κατ’
2608 3003 2817 3056 ἐκείνου
2872 3006 3072 3076 κράτος
3100 3009 3253 3076 ἡμῖν,
3295 3007 3389 3060 ἅτε
3436 3007 3570 3072 Θεὸς
3599 3027 3749 3080 παρ-

2155 3094 2672 3165 έσχετο,θεηγορῶν,
2704 3097 2858 3151 Ἰδοὺ
2890 3098 3117 3153 δέδωκα
3152 3101 3295 3170 ὑμῖν
3316 3102 3604 3165 ἐξουσίαν
3627 3121 3747 3156 πα-

2155 3184 2281 3238 τεῖν
2321 3186 2524 3239 ἐπάνω
2564 3186 2758 3256 ὄφεων
2785 3194 2884 3242 καὶ
2914 3193 3242 3259 σκορπίων,
3280 3192 3373 3246 καὶ
3393 3194 3487 3245 ἐπὶ
3522 3193 3748 3248 πᾶσαν

2156 3276 2272 3344 τὴν
2295 3277 2553 3347 δύναμιν
2583 3278 2691 3334 τοῦ
2718 3280 2955 3349 ἐχθροῦ.

473 3383 651 3451 ipsum
688 3377 891 3447 ceperit
922 3388 937 3427 ι
965 3384 1229 3443 tanquam
1262 3372 1404 3426 Deus
1438 3373 1729 3439 imperium
1785 3374 1945 3427 nobis
1998 3374 2052 3426 in
2090 3372 2267 3443 ipsum
2299 3373 2467 3441 dedit,
2499 3374 2762 3430 divinitus
2814 3376 2905 3431 illa
2960 3377 3122 3432 verba
3150 3379 3543 3448 pronuntians:
3601 3381 3746 3438 Ecca

472 3477 595 3532 dedi
634 3476 773 3531 vobis
822 3480 1135 3541 potestatem
1186 3468 1430 3522 ca‘lcandt’
1464 3484 1619 3537 super
1663 3480 1923 3538 serpentes
1956 3479 2005 3523 et
2035 3471 2355 3538 scorpiones,
2383 3479 2433 3523 et
2454 3485 2611 3539 super
2633 3487 2837 3524 omnem
2855 3481 3167 3541 potestatem
3206 3474 3465 3528 inimici".

848 3580 1360 3640 INTERROGATIO
1390 3582 1671 3638 CXXXIII.

542 3681 794 3749 Quisest
824 3678 1011 3750 igitur,
1046 3676 1137 3745 qui
1168 3674 1463 3729 crucifixus
1517 3683 1620 3736 est,
1676 3674 1787 3727 imo
1825 3675 1915 3743 qui
1956 3675 2051 3727 de.-

474 3783 749 3846 preeatur,
786 3778 840 3823 et
870 3767 1093 3836 inquit:
1132 3764 1316 3832 Pater,
1348 3766 1394 3818 si
1418 3765 1548 3834 ﬁeri
1582 3773 1778 3835 potest,
1816 3756 2050 3818 transeat

476 3884 509 3920 a
549 3881 626 3917 me
650 3861 893 3932 poculum
922 3862 1018 3912 hoc
1038 3858 1096 3909 ’ἲ

1103 3948 1407 4017 Responsio.

550 4047 657 4101 Nec
691 4045 854 4108 Deus,
893 4058 992 4097 nec
1016 4042 1181 4095 homo
1212 4055 1483 4093 seorsum.
1512 4037 1699 4094 Nudus
1718 4040 1863 4093 enim
1887 4040 2051 4093 homo

472 4155 579 4195 nos
626 4150 845 4192 servare
877 4148 984 4187 non
1024 4131 1311 4203 potuisset,
1348 4130 1488 4183 Deus
1552 4144 1680 4183 vero
1730 4131 1908 4183 nudus
1942 4130 2051 4198 pati

476 4226 681 4296 nequit.
716 4221 1081 4289 Quamobrem
1137 4218 1264 4274 fecit
1319 4219 1423 4271 hoc
1480 4233 1622 4272 unus
1658 4233 1723 4271 ex
1759 4218 2048 4281 ambobus,

475 4334 574 4389 per
602 4328 930 4371 concursum
958 4319 1013 4365 et
1042 4311 1298 4364 unionem
1336 4318 1657 4362 naturarum
1699 4323 1763 4361 ex
1791 4317 2047 4377 perpetua

478 4407 702 4479 Virgine
728 4415 888 4459 natus
911 4402 1000 4456 ille
1028 4399 1390 4455 Homo-Deus.
1413 4402 1503 4468 qui
1532 4400 1887 4453 nihilominus
1905 4399 2049 4468 quod

467 4508 616 4565 erat,
654 4494 907 4552 servavit.
938 4493 1080 4547 Idem
1113 4490 1276 4553 Deus,
1322 4490 1462 4543 idem
1515 4490 1703 4552 homo,
1740 4498 1929 4541 neutra
1964 4504 2051 4541 se.

471 4600 665 4663 parata
706 4596 923 4647 natura,
952 4598 1171 4638 crucem
1239 4581 1577 4634 conscendit.
1645 4581 1878 4647 Ideoque
1916 4578 2051 4633 alias

478 4683 695 4751 quidem
729 4678 941 4743 divino,
976 4674 1112 4728 alias
1143 4689 1272 4726 vero
1302 4672 1544 4725 humano
1581 4686 1731 4723 more
1779 4670 2008 4737 loquens
2032 4707 2049 4733 ,

477 4769 867 4826 convenienter
886 4780 945 4819 se
969 4760 1202 4832 tempori
1229 4760 1624 4814 accommodat.
1653 4757 1808 4811 Nunc
1832 4757 2053 4826 quidem

482 4863 638 4917 liosze
667 4876 725 4913 se
775 4856 1071 4912 extollente
1133 4868 1228 4924 per
1260 4854 1421 4907 verba
1478 4860 1531 4905 et
1569 4852 1724 4920 signa
1773 4848 1940 4903 Deum
1995 4866 2055 4905 se

484 4948 745 5017 subjectis
776 4947 1041 5011 declarat,
1087 4958 1282 4997 rursus
1332 4957 1459 4996 vero
1494 4942 1611 5011 ipso
1658 4940 1956 4995 accedente
2001 4949 2056 4995 et

481 5038 745 5095 attentius
801 5036 1148 5104 inspiciente,
1211 5050 1339 5087 num
1372 5048 1501 5086 vere
1561 5031 1705 5086 Deus
1759 5041 1926 5107 esset,
1961 5033 2052 5102 qui

483 5131 827 5200 aliquatenus
860 5142 982 5180 esse
1016 5125 1329 5194 apparebat,
1366 5133 1609 5178 et........
1645 5124 1710 5176 ad
1744 5122 2052 5176 certamina

481 5232 536 5278 et
566 5221 787 5279 Iuctam,
820 5231 1015 5268 rursus
1048 5216 1294 5269 mortalia
1343 5231 1457 5284 prae
1522 5231 1580 5268 te
1634 5213 1759 5277 fert.
1810 5230 1880 5268 ne
1916 5214 2057 5268 forte

482 5322 856 5384 expavescens
887 5305 1237 5358 adversarius
1272 5307 1542 5376 refugeret
1585 5320 1756 5375 usque
1806 5306 1871 5357 ad
1926 5320 2053 5358 cru-

483 5424 599 5463 cem
663 5411 716 5459 et
769 5410 999 5455 mortem
1062 5398 1238 5467 ipsum
1294 5413 1650 5469 oppugnare:
1699 5397 1752 5451 in
1807 5412 1917 5467 quo
1948 5411 2057 5450 uno

485 5507 597 5551 tota
624 5491 916 5548 Homo-Dei
951 5488 1178 5544 victoria
1215 5488 1316 5543 sita
1356 5496 1493 5543 erat.

2714 3589 2965 3642 ΠΕΥΣΙΣ
3006 3590 3175 3644 PAF'.

2228 3680 2324 3743 Τίς
2349 3676 2442 3733 οὖν
2467 3681 2609 3732 ἐστιν
2629 3682 2656 3733 6
2681 3680 3105 3750 σταυρούμενος,
3138 3681 3337 3751 μᾶλλον
3363 3682 3419 3735 δὲ
3441 3685 3742 3754 παραιτού-

2160 3786 2339 3838 μενος,
2377 3770 2468 3822 xui.
2500 3769 2691 3837 λέγων,
2731 3768 2941 3837 Πάτερ,
2983 3772 3035 3822 εὶ
3075 3769 3367 3837 δυνατὸν,
3400 3776 3744 3841 παρελθέτω

2153 3860 2257 3913 ἀπ’
2280 3860 2425 3930 ἐμοῦ
2462 3860 2527 3913 τὸ
2568 3860 2857 3925 ποτήριον
2899 3860 3113 3924 τοῦτο;

2778 3952 2826 4004 Ἀ
2836 3951 3139 4019 πόχρισις.

2227 4041 2527 4114 Οὐθέτερος
2560 4041 2680 4095 καθ’
2706 4044 2917 4096 ἑαυτόν.
2964 4042 3164 4113 Βροτὸς
3202 4043 3311 4115 γὰρ
3351 4043 3509 4114 ψιλὸς
3547 4046 3747 4112 σώζειν

2151 4133 2249 4203 οὐχ
2293 4129 2404 4197 οἷός
2431 4151 2491 4186 τε
2519 4148 2533 4161 ⁸
2568 4134 2700 4198 Θεὸς
2746 4135 2802 4187 δὲ
2835 4135 3039 4205 γυμνὸς
3085 4136 3315 4205 πάσχειν
3358 4138 3419 4190 οὐ
3473 4138 3740 4206 πέφυκεν.

2161 4224 2302 4275 Ἀλλ’
2331 4218 2411 4287 εἷς
2460 4223 2519 4288 ὲξ
2547 4226 2749 4295 ἀμφοῖν
2778 4228 2845 4296 τῇ
2880 4227 3081 4296 συνόδῳ
3132 4229 3223 4280 καὶ⁵
3254 4227 3445 4283 ἐνώσει
3494 4230 3608 4283 τῶν
3639 4231 3744 4299 φύ-

2156 4331 2312 4377 σεων,
2354 4316 2382 4367 ὁ
2419 4316 2481 4367 ὲκ
2507 4316 2604 4385 τῆς
2638 4317 2938 4381 ’Δείπαιδος
2970 4318 3180 4388 τεχθεὶς
3216 4318 3492 4391 θέανδρος,
3524 4322 3741 4392 ἁλώδη-

2153 4424 2243 4459 τον
2269 4406 2435 4477 αὐτὴν
2470 4406 2825 4479 διατηρήσας,
2851 4412 2879 4463 6
2907 4410 3067 4474 αὐτὸς
3092 4412 3245 4475 Θεὸς.
3280 4413 3310 4463 6
3334 4413 3499 4476 αὐτὸς
3527 4414 3741 4486 βροτὸς,

2154 4494 2266 4547 οὗθ’
2298 4496 2489 4565 ἐτέρας
2539 4497 2930 4569 ἀποκριθείσης
2980 4499 3192 4567 φύσεως
3218 4501 3308 4553 τὸν
3345 4502 3585 4572 σταυρὸν
3611 4505 3743 4556 ἀνα-

2159 4585 2458 4646 ϐαίνοντος.
2480 4585 2569 4638 Διὸ
2593 4586 2670 4657 πὴ
2695 4587 2795 4658 μὲν
2818 4588 2994 4652 θείως,
3022 4590 3095 4658 πὴ
3119 4589 3175 4642 δὲ
3211 4590 3571 4661 ἀνθρωπίνως
3603 4594 3743 4665 φράο

2151 4676 2259 4741 ζων
2312 4676 2659 4753 καταλλήλως
2708 4676 2790 4747 τῷ
2840 4677 3019 4749 καιρῷ
3066 4680 3419 4749 ἀρμόττεται.
3470 4683 3591 4736 Νῦν
3642 4686 3741 4754 μὲν

2149 4767 2243 4820 τοῦ
2275 4767 2467 4838 ὲχθροῦ
2506 4767 2993 4847 μετεωριζομένου,
3028 4769 3115 4823 διὰ
3140 4771 3247 4823 τῶν
3290 4772 3465 4840 λόγων
3500 4777 3595 4827 καὶ
3641 4793 3741 4847 ση-

2154 4855 2322 4923 μείων
2372 4854 2503 4908 Θεὸν
2544 4854 2735 4908 ἑαυτὸν
2781 4846 3130 4908 ἀποδείκνυσι
3182 4859 3317 4928 πρὸς
3356 4860 3416 4912 τὸ
3456 4862 3735 4932 ὑπήκοον

2153 4946 2313 4998 πάλιν
2352 4945 2409 4997 δὲ
2450 4944 2615 4998 αὐτοῦ
2671 4948 3078 5013 ὲπιφοιτοῦντος
3113 4950 3206 5002 κα).
3252 4951 3659 5016 ενα-ξενίζοντος
3693 4955 3739 5007 εί

2153 5035 2367 5105 ἀληθῶς
2387 5035 2525 5098 Θεὸς
2549 5036 2781 5105 ὑπάρχει
2810 5038 2838 5088 6
2870 5038 3184 5107 ὑποφαίνων
3211 5040 3305 5093 καὶ
3327 5080 3338 5091 .
3367 5082 3376 5093 .
3400 5079 3412 5091 .
3439 5080 3451 5093 .
3477 5079 3492 5091 .
3516 5082 3529 5094 .
3555 5084 3567 5094 .
3604 5044 3739 5112 πρὸς

2151 5129 2277 5190 τοὺς
2316 5126 2533 5194 ἀγῶνας
2572 5127 2668 5179 καὶ
2696 5127 2757 5179 τὸ
2783 5129 3034 5199 σκάμμα,
3058 5126 3217 5192 αὖθις
3257 5130 3325 5181 τὰ
3365 5130 3577 5201 βροτῶν
3607 5135 3740 5186 ὑπο-

2154 5218 2435 5289 κρίνεται,
2475 5220 2669 5289 μήπως
2709 5220 2918 5287 πτήξας
2961 5222 2988 5272 6
3038 5220 3103 5272 δι’
3148 5222 3399 5284 ἐναντίας
3456 5224 3742 5295 ἀποδράῖῃ

2159 5309 2319 5378 μέχρι
2360 5307 2591 5378 σταυροῦ
2627 5308 2719 5361 καὶ
2769 5307 3001 5363 θανάτου
3044 5310 3523 5377 καταγωνίσασθαι
3556 5330 3571 5344 .
3609 5306 3733 5381 ut},

2155 5397 2216 5449 τὸ
2253 5399 2360 5450 πᾶν
2390 5398 2488 5467 τῆς
2523 5396 2849 5467 θεανδρικῆς
2879 5398 3035 5469 νίκης
3063 5399 3287 5472 ἢρτητο.

555 5672 580 5705 ⁸
606 5670 794 5727 Matth.
828 5690 970 5738 xxvi,
1005 5676 1089 5737 ες),
1169 5677 1188 5705 ⁸
1221 5674 1347 5728 Luc.
1387 5691 1437 5734 κ,
1466 5674 1547 5727 Il).
1628 5673 1648 5703 ⁸
1682 5668 1870 5724 Matth.
1913 5682 2057 5731 xxvi,
2096 5668 2180 5722 59.
