4048 6222
294 285 326 344 Ι
335 287 441 343 037

870 400 1116 454 ΠΕΥΣΙΣ
1154 400 1318 454 ΡΛΔ’.

375 510 486 564 Καὶ
523 476 667 565 δισῖτι
703 510 874 566 ἐλθὼν
913 514 988 583 μὴ
1029 515 1092 566 ὲκ
1139 511 1232 566 τοῦ
1281 508 1516 581 φανεροῦ
1561 504 1879 576 ἐσταυρώθη

299 600 527 673 θαρρῶν
577 604 643 672 τῇ
685 601 879 655 ἑαυτοῦ
916 602 1061 672 ίσχύῖ
1098 620 1111 632 ·
1141 603 1274 656 ἀλλὰ
1320 601 1450 654 ποτὲ
1492 599 1592 669 μὲν
1647 594 1883 664 πτωχὸς,

303 694 438 746 ποτὲ
464 692 520 745 δὲ
566 693 788 763 φαιδρὸς
837 693 1136 762 διαγίνεται
1160 711 1175 758 ;
1201 692 1286 746 διὰ
1316 692 1367 744 τί
1397 691 1491 744 καὶ
1524 687 1729 741 δειλίαν
1753 687 1888 738 ὑπο-

303 781 556 852 κρίνεται
577 782 711 846 Θεὸς
745 781 820 835 ὢν
859 799 874 848 ς
1715 769 1722 774 ’

919 895 1282 964 Ἀπόκρισις.

375 1007 529 1060 Ἐπεὶ
547 1006 655 1059 οὐδ’
705 1006 900 1076 ἐχθρὸς
927 1007 1179 1078 φανερῶς
1198 1009 1311 1067 τοῖς
1333 1006 1705 1076 προπάτορσιν
1731 1006 1764 1074 ἡ
1773 1001 1890 1074 μῶν

305 1101 364 1151 ὲν
399 1098 715 1169 παραδείσῳ
745 1096 999 1168 ἔψαυσεν,
1032 1098 1156 1151 ἐπεὶ
1191 1097 1257 1152 ἂν
1277 1096 1611 1167 ἐφυλάξαντο
1640 1094 1741 1166 τὴν
1767 1095 1892 1148 ὑπο-

309 1189 521 1261 σποράν
549 1189 645 1242 καὶ
693 1189 784 1242 τὸν
816 1189 1026 1243 ὄλισθον
1054 1207 1067 1220 ο
1099 1189 1194 1242 νῦν
1231 1187 1288 1241 δὲ
1334 1187 1567 1256 κρύπτει
1599 1187 1696 1255 μὲν
1728 1187 1786 1238 ἐν
1815 1183 1892 1255 τῷ

308 1280 432 1345 ὄφει
464 1278 562 1349 τὴν
585 1278 766 1346 φύσιν,
793 1279 1018 1342 ὲνωθεὶς
1051 1277 1220 1348 αὐτῷ,
1256 1277 1348 1331 καί
1375 1294 1508 1346 φησι
1537 1279 1603 1346 τῇ
1633 1275 1888 1346 ταλαίνῃ·

310 1361 394 1442 ⁷ῌ
407 1369 458 1421 δ’
481 1368 558 1422 ἂν
580 1367 767 1437 ἡμέρᾳ
786 1367 1050 1436 φάγεσθε
1079 1368 1186 1422 τοῦ
1218 1367 1730 1437 ἀπηγορευμένον,
1755 1366 1893 1420 ἐσε-

310 1465 424 1515 σθε
468 1461 550 1526 ὠς
603 1461 746 1514 θεοί.
795 1459 897 1514 Καὶ
937 1459 1210 1514 συνελόντι
1239 1459 1437 1529 φάναι,
1475 1459 1564 1512 διὰ
1607 1458 1716 1511 τῶν
1745 1458 1893 1528 ἑξῆς,

310 1551 544 1623 δολερῶς
589 1551 687 1621 τῆς
724 1550 999 1620 μακαρίας
1042 1551 1242 1613 αὐτοὺς
1289 1551 1545 1620 ἀπήγαγε
1581 1549 1745 1620 ζωῆς.
1775 1550 1898 1620 Ῥή-

315 1660 452 1714 μασι
481 1643 662 1696 τοίνυν
688 1642 924 1712 δολεροῖς
951 1644 1258 1712 ἀπατήσας,
1293 1643 1500 1711 ῥήμασι
1530 1641 1731 1703 θεῖκοῖς
1755 1643 1897 1708 ἡπα-

311 1737 453 1806 τὴθη
481 1737 508 1786 6
533 1735 762 1800 δείλαιος
803 1733 1016 1806 ἐχθρός.
1053 1734 1128 1788 υύ
1173 1733 1355 1786 τοίνυν
1395 1735 1511 1787 ἐκεῖ
1555 1734 1678 1802 ὄφις
1711 1732 1902 1802 ψιλὸς,

313 1828 437 1881 οὒδὲ
469 1826 713 1889 διάϐολος
759 1825 988 1896 γυμνὸς,
1035 1825 1158 1878 οὐδὲ
1202 1823 1438 1877 ἐνταῦθα
1490 1823 1680 1893 βροτὸς
1724 1823 1901 1894 ψιλὸς,

313 1919 437 1973 οὐδὲ
471 1919 603 1980 Θεὸς
640 1918 868 1987 γυμνός.
904 1916 1025 1970 Οὐδ’
1065 1912 1131 1970 αὖ
1173 1915 1336 1970 πάλιν
1386 1915 1558 1986 δειλιᾷ
1582 1960 1597 1980 ,
1629 1915 1762 1968 ἀλλὰ
1805 1932 1903 1968 σα-

317 2011 436 2080 φῶς
467 2008 584 2061 λύει
616 2007 710 2060 τοῦ
753 2007 940 2078 μωροῦ
971 2006 1032 2060 τὸ
1080 2007 1340 2076 σόφισμα.
1380 2005 1569 2078 Ἀθρει
1615 2005 1680 2074 δὴ
1713 2001 1804 2059 οὖν
1843 2005 1905 2058 τὸ

317 2101 639 2170 αὐθαίρετον
665 2099 758 2151 καὶ
787 2097 1068 2169 ῥωμαλέον
1092 2097 1192 2167 τῆς
1218 2097 1339 2150 καθ’
1359 2097 1646 2167 ὑπόκρισιν
1678 2094 1901 2159 δειλίας.

319 2194 487 2246 Ὅταν
519 2189 669 2261 αὐτῷ
693 2189 924 2262 ἐπῆλθον
949 2191 998 2242 οἱ
1027 2188 1394 2261 συλλήπτορες
1429 2188 1693 2252 Ἰουδαῖοι,
1719 2188 1906 2260 πηρώ-

320 2301 422 2347 σας
462 2282 659 2346 αὐτοὺς
690 2282 858 2352 φησί’
890 2281 1030 2335 Τίνα
1066 2279 1321 2348 (meite;
1349 2280 1470 2332 Τῶν
1506 2280 1564 2332 δὲ
1609 2281 1907 2351 εἰρηκότων

331 2375 544 2447 Ἰησοῦν
573 2376 784 2445 ζητεῖν,
809 2369 965 2437 αὗθις
999 2373 1239 2428 δείκνυσι
1269 2373 1328 2426 τὸ
1370 2373 1642 2434 ἑκούσιον,
1679 2373 1772 2426 καὶ
1803 2389 1907 2441 φη-

322 2470 410 2522 σὶν
435 2470 637 2532 αὐτοῖς,
679 2466 835 2522 Ἰδοὺ
879 2465 995 2536 ἐγώ
1025 2468 1164 2536 ειμι,
1201 2465 1296 2520 καὶ
1335 2465 1528 2518 θᾶττον
1560 2464 1753 2518 ἕπεται
1796 2467 1908 2527 τοῖς

323 2563 566 2632 ζητοῦσι.
609 2561 707 2625 Τίς
741 2556 834 2614 οῦν
888 2556 1074 2630 εἶργεν
1110 2559 1273 2612 αὐτὸν
1312 2558 1602 2628 διαπτῆναι
1650 2558 1776 2620 τοὺς
1807 2555 1908 2625 γῦ-

327 2670 468 2718 παςς
491 2652 576 2716 τίς
608 2650 845 2704 ἐκώλυεν
875 2649 1198 2721 ὲκφοιτῆσαι
1235 2649 1346 2703 τῶν
1384 2649 1772 2720 πηρωθέντων,
1807 2651 1912 2718 φά-

326 2761 547 2807 σκοντα,
591 2743 918 2807 Ἐξουσίαν
957 2743 1076 2812 ἔχω
1123 2742 1312 2798 θεῖναι
1360 2741 1478 2809 τὴν
1529 2738 1745 2808 ψυχήν·
1765 2759 1909 2810 μου,

325 2836 426 2890 καὶ
452 2833 641 2888 πάλιν
667 2832 876 2887 λαϐεῖν
899 2833 1127 2898 antur;
1158 2833 1282 2895 Πῶς
1323 2833 1381 2886 δὲ
1426 2832 1518 2885 καὶ
1547 2831 1740 2902 Πέτρῳ
1773 2831 1912 2901 πλη-

327 2927 533 2988 κτικῶς
561 2927 948 2997 ὲπιτιμήσαντι
977 2925 1126 2996 αὐτῷ
1150 2923 1594 2995 ἀποκαλούμενος
1618 2927 1710 2977 τὸν
1748 2940 1914 2977 σταυ-

332 3021 425 3090 ρὸν
479 3017 630 3088 αὐτῷ
680 3017 1098 3088 άπευχόμενον;
1146 3017 1287 3087 Φησὶ
1338 3017 1448 3086 γὰρ
1495 3014 1574 3086 τῷ
1621 3013 1914 3085 ἀγαπητῷ

331 3111 354 3126 “’
369 3113 561 3177 furare
585 3110 776 3162 ὀπίσω
785 3125 928 3178 μου,
945 3106 1202 3168 Σατανᾶ,
1220 3107 1312 3162 ὅτι
1337 3110 1410 3162 οὐ
1439 3106 1682 3175 φρονεῖς
1709 3105 1783 3159 τὰ
1810 3105 1916 3160 τοῦ

333 3201 503 3263 Θεοῦ,
531 3200 693 3255 ἀλλὰ
729 3201 800 3253 τὰ
829 3197 946 3252 τῶν
976 3199 1319 3267 ἀνθρώπων.
1356 3195 1590 3261 Ὠσανεὶ,
1620 3197 1799 3251 Ἕπου
1829 3213 1918 3266 μοι

333 3294 426 3346 καὶ
475 3293 549 3364 μὴ
603 3291 859 3362 προπήδα
911 3290 1124 3358 ἀγνοῶν
1180 3289 1280 3361 τὴν
1317 3290 1668 3358 οἰκονομίαν,
1705 3289 1800 3341 καὶ
1847 3288 1916 3357 τῇ

331 3385 453 3454 (ψει
504 3384 602 3448 τῆς
633 3382 833 3452 σαρκὸς
877 3380 1304 3453 περικλῶμενος.
1337 3380 1460 3444 Πῶς
1485 3381 1594 3450 γὰρ
1623 3379 1787 3432 δείσω
1825 3377 1921 3431 θά·

333 3493 492 3530 νατον
536 3477 570 3544 ἡ
621 3475 887 3537 ἀθάνατος
938 3473 1091 3542 {rei};
1133 3473 1257 3534 Πῶς
1315 3471 1486 3534 πάθος
1540 3471 1850 3539 ἀπεύξομαι
1891 3471 1921 3522 6

333 3567 506 3638 λυτὴρ
543 3566 651 3619 τῶν
688 3564 956 3630 παθῶν;ὁ
982 3565 1094 3636 ἁφῇ
1128 3563 1310 3636 χειρὸς
1338 3563 1570 3632 τυφλοὺς
1607 3562 1920 3631 ἰασάμενος,

335 3661 364 3711 6
400 3662 606 3731 ῥήματι
655 3656 797 3727 ψιλῷ
844 3657 1215 3728 παρειμένους
1267 3653 1563 3720 σθενώσας,
1593 3655 1688 3708 καὶ
1735 3654 1923 3723 φέρειν

334 3755 464 3814 τοὺς
503 3750 768 3820 φέροντας
815 3749 1116 3818 σκίμποδας
1163 3748 1413 3818 ποιήσας,
1449 3749 1478 3800 6
1503 3747 1712 3817 κρήνας
1754 3744 1924 3814 αἱμά-

336 3861 448 3896 των
504 3841 832 3913 κρασπέδοις
868 3838 1107 3911 ξηράνας
1131 3879 1147 3904 ,
1182 3841 1276 3893 καὶ
1331 3839 1568 3910 λεπροὺς
1611 3837 1711 3908 τὴν
1743 3835 1927 3906 λώϐην

337 3935 620 3997 ἀποδύσας
644 3976 658 3998 ,
688 3937 718 3988 6
750 3933 1020 4002 λεγεῶνας
1081 3932 1352 4002 δαιμόνων
1392 3930 1776 4002 προστάγματι
1831 3945 1929 3997 φυ-

338 4027 612 4096 γαδεύσας
634 4067 648 4090 ,
682 4028 712 4080 6
751 4025 850 4096 τὴν
891 4025 1126 4078 ἄϐυσσον
1182 4024 1340 4094 δίκην
1383 4017 1581 4094 χέρσου
1620 4024 1870 4092 πατήσας
1910 4036 1925 4082 ;

341 4122 372 4173 6
409 4121 621 4189 σιωπᾷν
672 4117 842 4188 αὐτὴν
878 4117 974 4171 καὶ
1023 4114 1321 4186 φιμοῦσθαι
1359 4113 1775 4186 κορυφουμένην
1835 4112 1930 4164 καὶ

343 4209 724 4280 ἀραττομένην
744 4209 1000 4278 ποιήσας,
1023 4209 1050 4260 6
1068 4209 1181 4270 τοῖς
1207 4204 1480 4275 πνεύμασι
1501 4204 1600 4274 τὴν
1624 4206 1780 4275 χεῖρα
1799 4205 1935 4274 πρὸς

345 4295 585 4367 ἠρεμίαν
630 4296 905 4358 ἐκτείνας,
933 4295 1000 4347 δι’
1034 4287 1109 4347 ὧν
1136 4293 1234 4365 τὴν
1269 4293 1474 4365 οῐδησιν
1521 4294 1615 4347 καὶ
1648 4293 1739 4347 τὸν
1773 4293 1935 4347 σάλον

346 4389 646 4458 ὑπέμενον·
675 4390 703 4440 6
743 4387 905 4441 πέντε
951 4389 1135 4457 ἄρτοις
1175 4386 1645 4461 πεντακισχιλίους
1667 4386 1747 4448 είς
1774 4386 1935 4455 κόρον

349 4473 781 4544 ἑστιασάμενος,
817 4475 913 4528 καὶ
966 4479 1078 4538 τοῖς
1121 4473 1331 4527 ἐκεῖθεν
1385 4474 1660 4544 λειψάνοις
1708 4475 1936 4530 δεκαδύο

347 4565 650 4636 πληρώσας
696 4565 948 4634 κοφίνους
981 4581 996 4594 ’
1026 4566 1056 4617 6
1094 4562 1345 4634 Λάζαρον
1381 4564 1757 4636 τετραήμερον
1801 4567 1931 4619 ὀδω-

346 4660 499 4719 δότα.
533 4658 670 4727 πρὸς
697 4658 1028 4722 παλινζωῖαν
1049 4657 1114 4709 ἐκ
1145 4656 1318 4724 τάφου
1346 4654 1625 4727 άλώϐητον
1655 4659 1928 4727 φωνήσας’

348 4754 381 4805 6
406 4750 516 4804 τῶν
538 4749 677 4802 ὅλων
697 4747 1028 4818 δημιουργὸς
1065 4744 1160 4798 καὶ
1183 4745 1335 4810 Θεὸς,
1370 4744 1482 4816 ζωὴ
1518 4747 1610 4800 καὶ
1637 4747 1933 4809 ἀνάστασις

351 4841 517 4904 αὐτὸς
553 4842 832 4910 ὑπάρχων.
881 4838 1275 4909 Ὑποκρίνομαι
1306 4837 1425 4901 δέος
1468 4836 1562 4890 καὶ
1605 4837 1936 4906 μετριότητα

351 4934 423 5001 τῇ
477 4929 758 5000 παραϐολῇ
794 4928 894 4998 τῆς
949 4927 1185 4999 σαρκὸς,
1215 4927 1476 4998 θηρεῦσαι
1526 4927 1616 4979 τὸν
1669 4925 1936 4998 δράκοντα

357 5021 702 5092 βουλόμενος,
735 5019 828 5074 τὸν
852 5019 943 5072 ὑπ’
971 5017 1107 5088 ἐμοῦ
1137 5019 1237 5090 μὲν
1270 5018 1695 5089 ὲμπαιζόμενον,
1729 5018 1940 5090 βροτοῖς

354 5112 415 5166 δι
459 5112 800 5181 ὲμπαίξοντα
837 5111 1102 5166 διάόολον.
1150 5109 1360 5173 ’Δλιεὺς
1391 5109 1500 5180 γὰρ
1534 5109 1795 5181 ὑπάρχων
1845 5111 1942 5165 καὶ

359 5201 658 5272 ἄγκιστρον
703 5202 938 5272 ἐμαυτὸν
973 5200 1191 5272 καθῆκα
1220 5202 1278 5254 ἐν
1315 5200 1394 5271 τῷ
1436 5199 1583 5271 βυθῷ
1612 5192 1764 5256 τοῦδε
1799 5201 1939 5273 βίου,

363 5290 720 5362 περιθέμενος
771 5291 1030 5362 σκώληκα
1077 5292 1176 5363 τὴν
1215 5291 1448 5345 ἀλοῦσαν
1487 5291 1691 5363 βροτῶν
1735 5295 1938 5364 σάρκα,

365 5382 524 5444 αὐτὸς
555 5382 644 5450 ὑφ’
680 5382 874 5436 ἑαυτοῦ
908 5384 1027 5436 κατ’
1072 5382 1312 5446 ἐκείνους
1339 5381 1623 5453 ἀτρέπτως
1653 5384 1946 5455 γενόμενος

376 5473 549 5546 ’Δδάμ
573 5490 587 5504 ⁸
617 5476 712 5529 καὶ
732 5475 806 5538 ὡς
839 5476 1023 5538 ἁλιεὺς
1049 5475 1146 5530 νῦν
1182 5475 1280 5546 μὲν
1317 5475 1627 5532 ύποσαίνων
1656 5479 1750 5533 καὶ
1781 5478 1944 5548 ὑφέλ-

365 5581 475 5619 κων
505 5567 564 5618 ἐν
585 5565 662 5637 τῷ
689 5565 836 5637 βυθῷ
868 5565 1152 5636 δεδομένον
1179 5565 1241 5618 τὸ
1284 5567 1602 5636 ᾶγκριστον,
1629 5568 1724 5623 νῦν
1750 5569 1795 5623 δ’
1817 5571 1946 5630 ἤρε-

442 5740 465 5773 ⁶
494 5743 630 5799 Gen.
665 5757 747 5807 tu,
804 5743 857 5798 5.

1650 271 2000 334 DlAl.OGUS
2059 273 2144 331 Ill.

3427 274 3453 329 1
3465 272 3568 327 £158

2349 391 2868 448 INTERROGATIO
2911 390 3199 446 CXXXIV.

2064 502 2130 558 Et
2162 519 2332 573 quare
2383 505 2610 560 veniens
2651 520 2758 559 non
2809 503 3096 560 manifeste
3131 503 3429 558 crucifixus
3461 512 3569 567 est,

1995 595 2234 650 conlisus
2272 611 2370 649 sua
2403 595 2577 664 ipsius
2610 595 2947 659 fortitudine,
2983 594 3077 648 sed
3114 593 3414 664 aliquando
3445 597 3570 662 qui.-

1951 749 1955 753 ι
1995 688 2118 740 dem
2157 687 2334 757 inops,
2362 689 2656 757 aliquando
2684 705 2812 742 vero
2840 688 3162 758 splendidus
3213 687 3341 741 est?
3392 685 3575 752 Quare

1997 778 2124 831 item
2152 776 2502 834 formidinem
2534 795 2644 850 [πω
2672 796 2731 836 se
2758 782 2883 846 fert,
2913 797 3036 835 cum
3072 780 3214 834 Deus
3245 779 3434 834 esset?

2639 895 2944 966 Responsio.

2068 1007 2337 1074 Quoniam
2381 1024 2556 1078 neque
2591 1010 2706 1078 ipse
2739 1008 2995 1063 inimicus
3027 1007 3316 1063 manifeste
3349 1007 3562 1074 primos

1999 1108 2261 1168 parentes
2295 1109 2515 1154 nostros
2563 1101 2617 1152 in
2653 1100 2910 1169 paradiso
2963 1114 3258 1169 aggressus
3317 1107 3439 1160 est,
3484 1097 3580 1167 qui

2000 1192 2335 1260 cwteroquin
2376 1205 2406 1244 a
2447 1191 2837 1260 depravatione
2872 1207 2939 1246 ac
2967 1192 3125 1262 lapsu
3150 1192 3253 1246 sibi
3275 1191 3577 1253 cavissent,

2002 1282 2096 1335 sed
2134 1282 2450 1335 occultabat
2478 1282 2530 1334 in
2567 1283 2841 1350 serpentis
2872 1284 3056 1352 specie
3113 1299 3266 1339 suam
3298 1293 3576 1342 naturam.

2003 1371 2082 1424 illi
2115 1372 2340 1436 unitus;
2375 1382 2426 1426 et
2457 1373 2673 1427 dicebat
2701 1374 2766 1427 ad
2806 1373 3061 1429 miseram
3099 1393 3111 1428 :
3151 1375 3472 1444 Quocunque
3495 1373 3582 1426 a‘ie

2005 1455 2340 1511 comederitis
2369 1458 2433 1512 de
2488 1460 2673 1513 arbore
2703 1462 2889 1521 vetita.
2929 1463 3078 1516 eritis
3138 1472 3389 1530 tauquam
3433 1463 3509 1517 dii
3537 1461 3580 1513 ⁸.

2007 1546 2092 1610 Et,
2124 1557 2184 1601 ut
2216 1548 2456 1602 breviter
2483 1551 2666 1604 omnia
2693 1551 2962 1620 proferam
2996 1567 3121 1620 qua:
3149 1554 3222 1606 ibi
3251 1562 3578 1622 sequuntur,

2007 1637 2197 1693 dolose
2229 1638 2379 1706 ipsos
2412 1639 2482 1694 ab
2512 1641 2603 1695 illa
2634 1641 2793 1696 beata
2819 1643 2927 1696 vita
2960 1643 3201 1703 seduxit.
3233 1646 3464 1712 proinde
3487 1647 3580 1712 qui

2005 1729 2187 1785 verbis
2221 1730 2428 1784 dolosis
2468 1731 2702 1800 decepit,
2758 1735 2936 1790 verbis
2964 1734 3163 1789 divinis
3196 1735 3456 1804 deceptus
3502 1748 3588 1791 est

2006 1818 2196 1874 infelix
2228 1820 2423 1875 hostis.
2455 1819 2573 1876 Non
2605 1823 2769 1892 igitur
2800 1825 2911 1879 illic
2956 1825 3138 1900 nudus
3168 1835 3286 1880 erat
3316 1842 3542 1896 serpens
3569 1869 3586 1892 ,

2006 1928 2185 1982 neque
2213 1913 2466 1969 diabolus
2495 1916 2676 1972 nudus
2704 1935 2719 1982 ;
2757 1933 2937 1987 neque
2994 1918 3086 1974 hie
3141 1919 3308 1975 homo
3363 1922 3543 1977 nudus
3569 1965 3586 1987 ,

2007 2018 2108 2059 nec
2140 2002 2283 2060 Deus
2311 2005 2511 2060 nudus.
2538 2004 2649 2062 Nec
2679 2007 2808 2062 item
2871 2007 3264 2066 formidolosus
3317 2025 3423 2080 εει,
3493 2017 3590 2068 sed

2008 2103 2198 2162 aperte
2236 2095 2391 2149 stulti
2434 2097 2620 2151 dolum
2663 2098 2911 2154 inutilem
2961 2101 3156 2156 reddit.
3195 2102 3329 2159 Vide
3357 2105 3492 2160 mihi
3525 2107 3589 2160 li-

2009 2185 2276 2242 bertatem
2308 2197 2362 2242 et
2387 2189 2558 2244 robur
2593 2191 2810 2246 timoris
2855 2207 3016 2262 quem
3070 2202 3182 2264 prae
3240 2211 3316 2252 se
3353 2197 3581 2261 ferebat,

2009 2294 2132 2333 cum
2165 2280 2346 2349 ipsum
2375 2281 2700 2338 invaderent
2750 2299 2877 2344 eum
2912 2288 3362 2357 comprehensuri
3392 2289 3588 2347 Judaei.

2011 2366 2146 2422 Nam
2186 2371 2436 2428 etcitate
2465 2387 2762 2442 percussos
2795 2374 3098 2446 interrogat
3127 2396 3141 2432 :
3172 2377 3339 2442 Quem
3390 2383 3590 2450 qua-ri-

2013 2459 2082 2511 tis
2103 2459 2120 2488 ⁷
2147 2459 2170 2511 ?
2198 2458 2277 2513 llli
2308 2476 2438 2516 vero
2466 2473 2760 2534 postquam
2796 2465 3064 2522 dixissent
3094 2484 3154 2523 se
3216 2468 3405 2524 Jesum
3437 2486 3590 2540 quaa-

2013 2564 2155 2613 rere,
2197 2566 2392 2607 rursus
2432 2555 2674 2610 ostendit
2732 2557 2866 2626 ipsis
2917 2568 3278 2628 spontaneam
3339 2564 3595 2620 volunta-

2015 2653 2146 2705 tem,
2173 2654 2226 2699 et
2265 2646 2378 2700 ait:
2423 2645 2560 2702 Ecce
2595 2664 2689 2718 ego
2721 2666 2840 2704 sum
2862 2651 2903 2704 ⁸.
2949 2654 3126 2722 Atque
3167 2653 3456 2712 confestim
3503 2674 3595 2712 sc-

2015 2736 2203 2806 qnitur
2236 2752 2296 2791 se
2322 2746 2653 2807 quaerentes.
2677 2739 2814 2806 Quis
2844 2741 3108 2814 impedire
3146 2747 3415 2814 potuisset
3452 2766 3597 2817 quo-

2018 2828 2202 2884 minus
2232 2829 2514 2886 celeritate
2548 2833 2802 2887 avolandi
2831 2846 3115 2904 superaret
3145 2839 3394 2897 vulturcs
3419 2841 3444 2897 ἳ
3471 2844 3600 2912 quis

2017 2917 2396 2987 prohibuisset
2423 2923 2722 2991 quominus
2752 2924 3023 2981 eludendo
3075 2941 3373 2987 excmcatos
3399 2935 3599 2988 evade-

2017 3019 2122 3073 ret,
2155 3011 2249 3080 qui
2283 3011 2352 3066 de
2407 3027 2468 3067 se
2505 3013 2728 3068 aiebat:
2785 3015 3113 3072 Potestatem
3159 3021 3322 3074 habeo
3376 3027 3601 3091 ponendi

2020 3100 2260 3153 animam
2290 3117 2481 3167 meam,
2508 3112 2560 3156 et
2589 3118 2776 3157 rursus
2813 3108 3058 3161 sumendi
3087 3125 3204 3162 eam
3226 3112 3287 3164 ’ἵ
3315 3110 3602 3177 Quomodo

2020 3205 2150 3247 vero
2196 3202 2251 3247 et
2280 3192 2442 3248 Petro
2491 3209 2551 3250 sc
2602 3194 2917 3266 obiurganti
2979 3200 3046 3253 ad
3089 3201 3333 3256 animum
3384 3217 3604 3261 revocat

2021 3299 2242 3341 crucem
2271 3301 2302 3340 a
2338 3301 2398 3341 se
2423 3287 2650 3357 expeti?
2683 3287 2864 3358 lnquit
2892 3291 3037 3345 enim
3061 3295 3128 3346 ad
3156 3311 3280 3349 eum
3307 3301 3604 3368 caeteroqui

2021 3375 2280 3431 dilectum
2307 3390 2322 3429 :
2352 3376 2455 3430 Abi
2483 3389 2598 3446 post
2628 3395 2729 3445 me,
2769 3380 2994 3448 Satana,
3021 3387 3273 3453 quoniam
3302 3405 3408 3443 mm
3456 3393 3603 3461 sapis

2021 3483 2084 3521 ea
2148 3484 2267 3536 quae
2337 3468 2436 3523 Dei
2491 3481 2663 3534 sunt,
2725 3473 2815 3526 sed
2871 3490 2988 3544 quae
3041 3489 3164 3530 sunt
3239 3481 3507 3537 hominum
3538 3485 3610 3552 “..

2023 3555 2194 3622 Quasi
2261 3559 2450 3623 dicat,
2529 3559 2771 3629 Sequere
2832 3579 2958 3626 me,
3043 3575 3097 3620 et
3165 3569 3270 3622 noli
3359 3573 3606 3638 resilire,

2026 3648 2282 3718 ignorans
2350 3652 2857 3723 dispensationem,
2935 3671 3001 3726 sp
3025 3659 3117 3712 cie
3185 3661 3370 3716 carnis
3447 3664 3606 3719 dece-

2030 3751 2180 3810 ptus.
2211 3741 2499 3808 Quomodo
2529 3745 2674 3798 enim
2702 3747 3008 3801 formidabo
3042 3760 3294 3813 mortem.
3335 3755 3427 3823 qui
3483 3773 3604 3810 sum

2027 3831 2176 3886 aliud
2202 3832 2339 3886 nihil
2377 3847 2542 3902 quam
2577 3834 2686 3887 vita
2730 3834 3102 3891 immortalis?
3145 3836 3431 3904 Quomodo
3482 3860 3609 3912 pas-

2029 3923 2241 3980 sionem
2273 3925 2630 3993 deprecabor,
2670 3926 2762 3995 qui
2795 3942 2824 3980 a
2877 3929 3232 3996 passiouibus
3287 3933 3480 3998 libero,
3510 3938 3610 4007 qui

2032 4024 2177 4070 tactu
2211 4029 2408 4071 manus
2439 4016 2629 4070 sanavi
2662 4031 2860 4083 caecos,
2885 4019 2979 4087 qui
3004 4021 3149 4074 nudo
3184 4023 3350 4079 verbo
3395 4025 3610 4082 firmavi

2033 4107 2404 4178 paralyticos,
2455 4116 2508 4162 et
2566 4107 2668 4163 feci
2726 4118 2786 4164 ut
2834 4109 3040 4166 ferrent
3095 4114 3358 4182 grabbata
3409 4120 3610 4185 quibus

2032 4206 2191 4252 antea
2225 4197 2600 4268 gestabantur,
2634 4201 2729 4269 qui
2761 4200 2939 4256 fontes
2990 4205 3316 4274 sanguinum
3381 4209 3612 4266 fimbriis

2034 4288 2257 4351 siccavi,
2283 4299 2337 4343 et
2371 4305 2400 4344 a
2434 4289 2667 4360 leprosis
2697 4293 2965 4346 maculam
3006 4295 3262 4364 abstersi,
3296 4301 3391 4368 qui
3440 4302 3614 4372 legio-

2034 4391 2134 4432 nes
2172 4377 2488 4432 daemouum
2548 4381 2806 4434 mandato
2864 4381 3069 4453 fugavi,
3123 4385 3383 4458 abyssum
3441 4392 3616 4448 ins-:3;-

2038 4477 2198 4523 terra:
2223 4471 2456 4536 calcari,
2484 4469 2774 4542 ipsamque
2806 4474 3069 4529 tumidam
3119 4485 3174 4533 et
3201 4479 3399 4535 elatam
3456 4483 3618 4539 silere

2040 4574 2106 4615 ac
2140 4559 2522 4616 obmutescere
2578 4561 2702 4627 feci,
2749 4565 2843 4634 qui
2897 4567 2965 4620 ad
3018 4577 3211 4626 ventos
3262 4585 3483 4627 manum
3517 4589 3618 4644 pro

2041 4651 2438 4722 tranquillitate
2472 4653 2713 4716 extendi,
2739 4669 2836 4723 per
2860 4670 3003 4724 quos
3036 4656 3200 4712 etiam
3243 4658 3439 4716 ﬂuctus
3488 4677 3618 4731 pro-

2041 4740 2346 4809 cellamque
2383 4742 2725 4798 sustinebam
2757 4747 2886 4814 ;qui
2918 4746 3161 4818 quinque
3190 4749 3422 4817 panibus
3451 4753 3618 4823 quin-

2043 4844 2151 4898 que
2177 4832 2346 4885 millia
2380 4831 2448 4886 ad
2482 4834 2788 4889 satietatem
2851 4837 3050 4904 cibavi,
3085 4850 3139 4894 et
3191 4841 3317 4896 inde
3372 4845 3618 4914 reliquiis

2028 4922 2272 4993 sublatis
2304 4924 2591 4978 duodecim
2619 4926 2886 4996 cophinos
2909 4928 3128 4999 implevi
3155 4949 3170 4998 ;
3206 4933 3298 5002 qui
3327 4932 3618 5000 Lazarum,
3691 4960 3693 4962 ·

2046 5013 2238 5068 diebus
2263 5025 2499 5084 quatuor
2524 5015 2804 5084 fetentem,
2833 5021 2900 5073 ad
2936 5022 3371 5080 reviviscendum
3401 5043 3465 5081 ex
3505 5046 3622 5082 mo-

2047 5114 2310 5158 numento
2350 5105 2538 5158 vocavi
2593 5105 2865 5172 illaesum;
2899 5109 2994 5179 qui
3045 5111 3291 5168 omnium
3334 5116 3515 5186 opifex
3567 5127 3623 5172 et

2049 5196 2212 5260 Deus,
2247 5195 2353 5250 vita
2393 5204 2448 5250 et
2482 5199 2813 5254 resurrectio
2835 5215 2980 5259 sum.
3003 5199 3123 5258 Prae
3150 5219 3238 5259 me
3272 5204 3389 5262 fero
3416 5217 3620 5264 metum

2048 5297 2102 5342 et
2135 5286 2502 5342 humilitatem
2524 5327 2540 5352 ,
2570 5302 2666 5358 per
2689 5289 3140 5349 assimilationem
3186 5297 3369 5351 carnis
3405 5307 3624 5366 captare

2054 5383 2242 5437 volens
2272 5381 2591 5447 draconem,
2637 5393 2694 5438 et
2715 5399 2745 5438 a
2774 5399 2862 5440 me
2889 5387 3109 5457 quidem
3139 5388 3381 5452 illusum,
3416 5402 3625 5446 morta-

2055 5476 2197 5530 libus
2227 5487 2408 5531 autem
2468 5475 2783 5532 illudentem
2814 5479 3111 5535 diabolum.
3173 5477 3420 5534 Piscator
3475 5483 3623 5540 enim

2055 5583 2180 5624 cum
2218 5568 2344 5631 sint,
2379 5566 2544 5622 etiam
2576 5569 2822 5632 hamum,
2859 5584 3053 5638 nempe
3099 5569 3366 5639 iueipsum
3427 5574 3622 5635 demisi

934 5743 1318 5812 ’Joan.xvnl,
1348 5745 1400 5800 4.
1478 5745 1500 5778 ⁸
1531 5744 1666 5802 ibid.
1711 5745 1765 5801 5.
1841 5745 2050 5804 'Joan.
2095 5766 2150 5816 x,
2186 5749 2269 5803 l8.
2351 5749 2394 5779 '°
2449 5748 2616 5804 Marc.
2659 5765 2774 5814 vni,
2827 5750 2915 5800 55.
