4048 6222
480 260 619 315 1089

476 383 532 436 in
561 381 892 453 profundum
934 384 1100 453 hujus
1140 384 1284 447 vita,
1318 382 1691 438 circumdatus
1723 382 1889 437 veluti
1929 396 2051 435 ver-

477 486 584 535 me,
616 482 894 541 assumpta
926 473 1239 527 mortalium
1263 487 1449 538 carne,
1486 471 1603 541 ipse
1628 486 1726 540 per
1780 470 2050 539 meipsum

474 564 781 619 consimilis
816 564 990 632 ipsis,
1041 565 1178 618 citra
1228 563 1586 618 mutationem
1643 570 1821 617 tamen
1871 561 2050 615 factus

472 652 740 708 Adamus.
778 653 843 706 Et
873 655 1015 708 velut
1062 656 1323 723 piscator,
1374 670 1519 710 nunc
1571 656 1791 725 quidem
1852 654 2050 709 blande

472 744 700 801 demitto
726 755 779 798 et
811 745 1074 800 subtraho
1125 748 1179 801 in
1237 746 1509 818 profundo
1538 748 1723 802 datum
1781 747 1999 801 hamum
2029 764 2045 812 ;

471 850 619 887 nunc
655 851 782 889 vero
834 838 1079 904 quietum
1139 847 1317 904 teneo,
1370 839 1842 909 appropinquante
1898 840 2047 907 pisce

472 924 745 979 homicida
780 943 940 996 quem
998 929 1252 992 observo,
1298 946 1367 983 ne
1398 945 1505 998 qua
1538 930 1760 983 territus
1813 930 2041 984 resiliat.

469 1014 811 1086 Quapmpter
841 1028 893 1072 et
914 1034 1009 1088 per
1036 1036 1253 1074 servum
1290 1035 1470 1075 meum
1497 1020 1753 1075 Davidem
1779 1021 1999 1091 inquam
2025 1040 2039 1075 :

467 1102 580 1172 Ego
607 1120 724 1157 vero
752 1122 867 1157 sum
902 1109 1111 1171 vermis,
1152 1120 1199 1162 et
1233 1124 1335 1161 non
1392 1110 1544 1161 homo
1574 1109 1637 1163 ".
1670 1110 2039 1176 Quemadmo-

466 1196 597 1249 dum
634 1197 781 1250 enim
817 1198 906 1251 ille
930 1214 997 1252 ex
1024 1208 1166 1253 terra
1193 1200 1406 1270 absque
1442 1201 1623 1270 aliqua
1658 1202 2044 1271 conjunctione

467 1300 685 1339 carnem
722 1287 939 1355 accipit,
973 1297 1027 1342 et
1056 1288 1108 1341 in
1149 1288 1314 1342 vitam
1350 1289 1702 1358 producitur:
1741 1289 2043 1342 consimili-

466 1383 550 1429 ter
584 1383 636 1427 et
667 1391 768 1444 ego
796 1390 861 1430 ex
891 1392 953 1430 ea
986 1391 1109 1446 qua:
1140 1392 1358 1447 semper
1387 1388 1471 1431 est
1498 1378 1653 1445 virgo
1701 1378 1907 1446 absque
1942 1379 2039 1432 ali-

462 1483 572 1536 qua
600 1468 983 1523 commistione
1014 1479 1070 1523 et
1103 1470 1492 1539 conjunctione
1521 1469 1647 1533 viri,
1680 1470 1994 1526 incarnatus
2020 1511 2035 1537 ,

466 1560 789 1614 naturaliter
817 1559 994 1614 factus
1024 1576 1145 1615 sum
1179 1560 1365 1619 homo,
1406 1575 1635 1615 manens
1690 1559 1852 1615 Deus.
1890 1560 2039 1627 Qua-

464 1656 683 1717 propter
720 1649 793 1703 ait
818 1651 982 1703 multa
1016 1651 1256 1718 pericula
1296 1666 1589 1720 perpessus
1628 1651 1717 1706 ille
1748 1662 1897 1706 vates
1947 1650 2039 1705 Je-

462 1740 664 1793 remias
696 1779 713 1803 ,
769 1738 963 1793 videns
1029 1740 1347 1810 prophetica
1398 1741 1606 1796 visione
1658 1741 2034 1811 decipiendum

461 1828 832 1897 deceptorem,
868 1838 922 1883 et
950 1831 1108 1899 quasi
1138 1830 1395 1907 deriden's
1446 1832 1618 1901 ipsius
1674 1832 1948 1887 fremitum
1980 1842 2038 1886 et

461 1919 870 1988 arrogantiam,
933 1931 1059 1973 ante
1114 1934 1290 1977 annos
1334 1906 1673 1993 quingentos
1713 1932 1767 1977 et
1822 1923 2036 1993 longius

459 2008 653 2073 etiam,
687 2008 755 2062 de
787 2024 911 2063 me:
946 2008 1120 2063 Homo
1152 2020 1251 2072 est,
1284 2020 1333 2065 et
1362 2014 1479 2082 quis
1511 2015 1774 2083 cognoscit
1800 2030 1918 2067 sum
1950 2012 2037 2066 “7

459 2096 615 2164 quasi
646 2096 813 2159 dicat,
858 2098 1003 2167 quod
1028 2099 1121 2167 qui
1155 2098 1297 2154 Deus
1322 2110 1424 2165 est,
1449 2115 1543 2169 per
1570 2102 2031 2171 dispensationem

457 2199 683 2256 propter
714 2204 816 2243 nos
846 2190 1012 2244 homo
1040 2190 1218 2246 factus
1241 2191 1334 2257 sit,
1368 2194 1643 2260 sapienter
1668 2192 1925 2246 deludere
1976 2192 2030 2244 in

457 2280 667 2335 malitia
703 2282 1005 2350 sapientem
1043 2283 1253 2347 volens,
1286 2283 1520 2353 implens
1567 2283 1905 2352 prophetiam
1939 2298 2032 2353 ge-

1520 260 1583 315 s.
1622 220 1923 316 cassa"
1960 254 2292 316 casconn
2334 252 2634 307 FnA'rnts

3597 258 3746 315 ιωο

2160 395 2280 447 μον,
2296 376 2605 445 ἐγγίζοντος
2627 376 2721 429 τοῦ
2749 376 3121 447 σκοπουμένου
3142 375 3322 447 ἰχθύος
3341 376 3742 448 ἀνθρωποκτόο

2154 484 2268 533 νου,
2301 469 2496 538 μήπως
2519 467 2702 531 δείσας
2728 468 3080 541 άποπηδήσῃ.
3110 468 3201 521 Διὸ
3236 468 3330 521 καί
3360 485 3505 539 φημι
3529 469 3622 523 διὰ
3640 469 3740 523 τοῦ

2154 559 2339 623 παιδός
2388 575 2487 629 μου
2530 558 2713 620 Δαϐἰδ.
2768 560 2921 628 Ἐγὼ
2953 559 3020 612 δέ
3063 562 3179 629 είμι
3200 558 3447 626 σκώληξ
3491 562 3591 614 καί
3624 565 3741 614 οὐκ

2149 654 2476 722 ἄνθρωπος.
2505 654 2717 725 Ὠσπερ
2764 657 2872 726 γὰρ
2904 656 3111 717 ἐκεῖνος
3158 656 3224 707 ὲκ
3267 654 3369 725 τῆς
3410 656 3513 725 γῆς
3561 657 3739 725 χωρίς

2146 742 2653 813 τινος⁶συμπλοκῆς
2681 743 2976 815 σαρκοῦται
3029 745 3123 797 καί
3152 745 3520 813 ζωογονεῖται.
3555 763 3740 816 παρα-

2152 833 2397 904 πλησίως
2431 834 2585 903 κάγὼ
2612 838 2675 889 ὲκ
2704 836 3121 906 τῆςἈείπαιδος
3148 837 3318 907 χωρὶς
3354 837 3550 907 μίξεὼς
3588 851 3738 901 τινος

2145 925 2241 977 καὶ
2271 926 2590 997 συμπλοκῆς
2615 926 2809 997 ἀνδρὸς
2846 927 3169 998 σαρκωθείς,
3215 928 3502 997 αὐτοφυῶς
3528 930 3736 996 γέγονα

2147 1017 2337 1087 βροτὸς
2370 1019 2545 1089 μένων
2573 1019 2725 1083 Θεός.
2758 1020 2847 1073 Διό
2890 1038 3052 1091 φησιν
3095 1020 3364 1091 Ἱερεμίας
3387 1022 3415 1073 6
3438 1021 3547 1073 τῶν
3597 1037 3736 1091 προ-

2143 1110 2331 1179 φητῶν
2359 1111 2761 1174 πολυκίνδυνος,
2800 1111 2944 1183 ὀρῶν
2978 1112 3299 1183 προφητικῷ
3339 1112 3545 1182 ὄμματι
3593 1113 3736 1164 άπα-

2140 1203 2335 1256 τᾶσθαι
2365 1204 2581 1273 μέλλειν
2608 1204 2699 1257 τὸν
2728 1204 3039 1268 ἀπατεῶνα,
3076 1205 3238 1256 οἰονεί
3267 1203 3438 1271 γελῶν
3478 1202 3645 1256 αὐτοῦ
3665 1204 3735 1256 τὸ

2141 1296 2408 1367 φρύαγμα
2437 1297 2531 1350 καί
2564 1298 2660 1369 τὴν
2683 1299 2868 1352 ἄνοιαν
2894 1339 2909 1362 ,
2943 1298 3049 1369 πρὸ
3081 1297 3448 1351 πεντακοσίων
3472 1295 3610 1348 ἐτῶν
3630 1296 3733 1349 καὶ

2139 1384 2270 1446 ἄνω,
2313 1387 2477 1455 φησὶν
2531 1386 2660 1457 περὶ
2706 1387 2873 1456 ἐμοῦο
2910 1388 3245 1454 Ἄνθρωπός
3288 1385 3437 1447 ἐστι,
3476 1384 3576 1438 καὶ
3633 1386 3732 1451 τις

2137 1474 2425 1544 γνώσεται
2455 1479 2673 1541 αὐτόν;
2699 1479 2774 1539 ὼς
2816 1479 3012 1543 εἰπεῖν,
3042 1480 3126 1531 ὅτι
3158 1477 3291 1540 Θεός
3324 1478 3493 1539 ἐστιν,
3518 1478 3729 1530 οἰκονο-

2142 1566 2316 1635 μικῶς
2346 1566 2414 1619 δι’
2447 1569 2595 1637 ἡμᾶς
2638 1568 2967 1638 γενόμενος,
3008 1567 3186 1636 σοφῶς
3227 1569 3476 1638 μωρᾶναι
3518 1568 3612 1620 τὸν
3664 1570 3729 1620 ἐν

2139 1655 2307 1726 κακίᾳ
2345 1655 2506 1723 σοφὸν
2544 1656 3009 1727 προαιρούμενος,
3050 1654 3274 1725 πληρῶν
3318 1653 3413 1707 τοῦ
3468 1653 3725 1721 γενναίου

2152 1741 2272 1795 Ἰὼϐ
2305 1743 2403 1812 τὴν
2425 1743 2780 1813 προφητείαν,
2822 1744 3155 1812 φάσκουσαν,
3192 1741 3392 1807 Ἀξεις
3419 1740 3727 1810 δράκοντα

2137 1833 2208 1886 ἐν
2236 1834 2555 1902 ἀγκίστρῳ.
2572 1834 2681 1887 Καὶ
2706 1834 2866 1887 πάλιν
2900 1834 2929 1885 6
2962 1833 3142 1897 αὐτὸς,
3190 1834 3294 1887 Ἐν
3320 1830 3400 1897 τῷ
3421 1831 3586 1897 τόπῳ
3609 1829 3725 1896 τῆς

2138 1924 2414 1979 ἀϐύσσου
2441 1924 2901 1992 περιεπάτησας,
2920 1925 2995 1978 τὰ
3024 1925 3383 1993 καταχθόνια
3408 1922 3721 1992 περιθέων,

2136 2012 2233 2066 καὶ
2289 2016 2416 2076 τοὺς
2473 2016 2591 2068 ἐκεῖ
2640 2014 3023 2084 αἰχμαλώτους
3078 2014 3397 2085 ἐλευθερῶν·
3430 2016 3524 2067 καὶ
3553 2014 3723 2067 πάλιν

2136 2106 2166 2157 6
2194 2104 2355 2167 αὐτός
2381 2121 2565 2174 φησιν,
2608 2105 3047 2175 Ἁνοιγήσονται
3087 2103 3155 2157 δέ
3202 2121 3299 2159 σοι
3336 2107 3499 2173 φόϐῳ
3528 2106 3722 2158 πύλαι

2138 2195 2400 2249 θανάτου
2428 2212 2442 2225 ο
2494 2197 2755 2265 πυλωροὶ
2815 2196 2884 2249 δὲ
2930 2195 3078 2263 ᾅδου
3131 2196 3359 2261 ἰδόντες
3404 2195 3480 2249 σὲ
3534 2197 3721 2262 eam.

2140 2284 2274 2347 ξαν.

455 2375 637 2429 nerosi
665 2373 784 2429 Jobi
811 2376 1041 2430 dicentis
1071 2397 1083 2431 :
1118 2376 1285 2430 Duces
1310 2376 1565 2431 dracones
1606 2374 1845 2432 hamo".
1877 2375 2019 2431 Idem
2084 2394 2279 2434 rursus
2336 2382 2445 2436 ait:
2482 2380 2709 2437 Semitas
2760 2383 2938 2452 abyssi
2997 2382 3395 2453 perambutnsti,
3444 2382 3720 2434 subterra-

448 2482 551 2519 nea
579 2481 888 2534 percurrens
912 2467 977 2530 “,
1012 2477 1064 2522 et
1095 2468 1203 2522 illic
1230 2476 1421 2537 captos
1458 2468 1717 2523 liberans.
1752 2465 1817 2519 Et
1847 2467 2041 2521 iterum
2074 2468 2215 2525 idem
2248 2471 2465 2543 inquit:
2526 2474 2841 2541 Aperientur
2872 2474 2965 2528 tibi
3014 2486 3211 2529 terrore
3262 2487 3429 2543 parte
3490 2476 3673 2527 mortis
3697 2491 3720 2527 :

450 2562 707 2625 ianitores
739 2560 932 2628 inferni
972 2569 1020 2614 te
1047 2562 1275 2615 videntes
1305 2562 1679 2615 inhorruerunt
1700 2562 1763 2615 ".

832 2648 1349 2707 INTERROGATIO
1398 2651 1660 2707 CXXXV.

520 2736 666 2793 Num
702 2740 873 2809 igitur
923 2740 1207 2796 illusorem
1260 2742 1404 2798 dicis
1451 2744 1757 2809 Christum,
1800 2754 1857 2799 et
1885 2743 2031 2813 quod

452 2828 583 2883 dolo
608 2831 954 2899 superaverit
978 2832 1307 2887 diabolum?

1088 2923 1393 2989 Responsio.

524 3011 673 3066 Nihil
705 3012 759 3067 id
786 3020 984 3081 praeter
1000 3012 1285 3067 decorum.
1310 3012 1593 3083 Siquidem
1639 3022 1691 3067 et
1732 3013 1849 3083 ipse
1873 3023 2029 3069 ante-

447 3118 620 3173 quam
657 3103 845 3157 unitus
872 3103 1081 3156 homini
1113 3103 1257 3159 Deus
1281 3114 1449 3169 esset,
1483 3114 1816 3172 conspectus
1845 3105 1915 3158 ab
1943 3105 2029 3157 in-

450 3203 692 3264 terprete
715 3209 898 3247 rerum
929 3193 1239 3249 divinarum
1272 3194 1446 3259 Muse,
1493 3195 1672 3266 inquit
1704 3213 1718 3249 :
1765 3196 1920 3250 Vides
1972 3198 2027 3250 in

449 3298 611 3351 quam
641 3284 822 3337 multis
847 3284 1104 3338 itluserim
1149 3285 1417 3356 Egyptiis
1436 3288 1519 3341 “T
1562 3286 1823 3343 Similiter
1852 3288 2029 3343 illudit

444 3375 777 3436 incarnatus
805 3376 1104 3431 intellectili
1136 3376 1413 3433 Pharaoni
1469 3395 1593 3435 cum
1627 3390 1742 3435 toto
1783 3381 2025 3436 exercitu

432 3480 552 3543 suo
583 3465 1036 3537 Egyptiacorum
1073 3470 1406 3535 daemonum,
1456 3472 1803 3529 invisibiliter
1837 3474 2026 3544 ﬂagel-

450 3560 563 3613 lato
596 3570 649 3615 et
684 3560 974 3616 submerso
1011 3562 1151 3632 ipso.
1176 3578 1272 3633 per
1300 3562 1352 3617 id
1371 3564 1515 3635 quod
1544 3566 1740 3636 inquit,
1772 3564 1953 3628 Pater,
1980 3569 2026 3621 si

449 3650 564 3717 fieri
600 3660 788 3718 potest,
831 3660 1065 3705 transeat
1100 3669 1132 3705 a
1168 3669 1249 3707 me
1283 3656 1529 3721 poculum
1554 3656 1729 3709 hoc".
1777 3653 1822 3710 0
1854 3670 2019 3726 pocu-

449 3744 560 3796 lum
595 3742 841 3798 diabolos
878 3744 1201 3809 vulnerans,
1227 3744 1507 3801 demonas
1543 3746 1758 3816 fugans,
1802 3758 2024 3816 peccata

448 3834 739 3897 ventilans,
767 3845 1086 3903 peccatores
1118 3837 1370 3907 expians,
1414 3848 1675 3892 mternam
1711 3839 1877 3892 vitam
1902 3853 2025 3906 ope-

448 3926 611 3979 rans!
663 3923 839 3979 Homo
882 3926 1048 3995 igitur
1111 3928 1290 3997 reipsa
1340 3927 1479 3983 Dens
1540 3928 1775 3983 Verbum
1822 3928 2020 3995 factus,

447 4013 860 4068 immutabiliter
918 4016 1102 4069 omnia
1146 4032 1271 4070 cum
1312 4017 1538 4071 veritate
1574 4026 1897 4087 prosecutus
1936 4028 2023 4073 est

445 4102 709 4166 humana,
752 4114 963 4173 excepto
997 4107 1286 4172 peccato".
1332 4106 1422 4162 Sic
1461 4116 1700 4177 tempore
1749 4109 2022 4177 passionis

440 4196 765 4265 deprecatur
796 4197 1071 4265 poculum.
1116 4214 1223 4251 non
1266 4208 1513 4253 metuens
1536 4199 1587 4252 id
1623 4200 1767 4267 quod
1793 4199 1906 4268 jam
1924 4214 2023 4253 an-

444 4294 533 4340 tea
559 4287 825 4351 voluerat,
878 4288 973 4342 sed
1030 4304 1128 4341 nos
1169 4289 1469 4355 instruens,
1524 4290 1577 4343 in
1631 4290 1872 4357 pericula
1908 4306 2015 4344 non

448 4377 795 4432 insiliendum
827 4393 970 4441 esse,
1004 4380 1097 4433 scd
1126 4379 1473 4435 adventantia
1499 4379 1713 4435 fortiter
1748 4396 1812 4435 ac
1846 4380 2018 4434 virili-

449 4476 529 4519 ter
555 4482 677 4521 esse
704 4468 1046 4537 excipienda.
1087 4468 1208 4522 Ideo
1232 4485 1449 4524 crucem
1486 4485 1579 4539 per
1608 4470 2015 4543 meditationem

445 4558 767 4610 aestimatam
826 4567 976 4611 certo
1020 4558 1252 4612 consilio
1297 4559 1693 4627 deprecabatur
1754 4560 2013 4630 quidem;

445 4648 745 4702 exhibitam
790 4663 917 4701 vero
942 4663 1105 4718 super
1134 4649 1391 4703 humeros
1417 4658 1675 4718 tanquam
1707 4649 1879 4703 victor
1908 4650 2016 4703 tol-

447 4740 584 4801 lens,
636 4741 749 4796 ibat
782 4750 994 4809 sponte,
1048 4743 1102 4795 in
1133 4756 1197 4795 ea
1250 4741 1417 4796 clavis
1474 4741 1791 4811 alligendus.
1840 4742 2015 4795 Simul

443 4843 625 4901 autem
658 4833 913 4886 omnibus
943 4832 1247 4886 acclamare
1277 4833 1553 4893 convenit,
1601 4847 1723 4900 qua:
1750 4850 1779 4885 a
1816 4831 2015 4887 Davide

442 4918 629 4972 divino
650 4920 933 4974 decantata
969 4929 1096 4975 sunt
1128 4938 1143 4975 :
1186 4919 1359 4984 Quam
1389 4920 1541 4973 valde
1576 4921 1858 4990 magniﬁca
1895 4929 2015 4973 sunt

442 5023 600 5072 opera
638 5018 749 5073 tua,
791 5008 1013 5064 Domine
1031 5012 1051 5064 .'
1106 5011 1285 5064 omnia
1341 5014 1395 5064 in
1445 5014 1706 5079 sapientia
1756 5012 2014 5081 fecisti”.

439 5096 714 5151 Similiter
744 5100 1135 5169 magniloquus
1165 5110 1219 5156 et
1243 5101 1477 5155 eximius
1506 5102 1593 5154 ille
1617 5103 1912 5171 Apostolus
1943 5100 2019 5154 di-

440 5198 587 5244 serte
649 5188 887 5244 clamat:
939 5190 985 5245 0
1036 5194 1448 5261 profunditatem
1476 5193 1777 5247 divitiarum
1819 5206 1867 5247 et
1924 5211 2017 5248 sa-

440 5281 655 5349 pientia:
682 5291 731 5335 et
765 5281 1075 5350 cognitionis
1104 5283 1198 5335 Dei
1222 5285 1242 5335 !
1269 5287 1438 5351 Quam
1462 5285 1825 5338 inscrutabilia
1867 5286 2021 5354 judi-

443 5376 525 5426 cia
566 5382 688 5427 sunt
727 5375 865 5441 ejus,
912 5382 962 5425 et
999 5374 1492 5442 impervestigabiles
1530 5376 1641 5443 ejus
1686 5376 1820 5429 vim!
1884 5376 2015 5440 Quis

439 5465 577 5517 enim
601 5467 835 5534 cognovit
859 5475 1080 5519 mentem
1122 5464 1331 5519 Domini
1359 5469 1383 5522 ?
1438 5476 1529 5520 aut
1555 5468 1670 5535 quis
1695 5467 1796 5534 fuit
1822 5469 1869 5520 ei
1891 5484 2014 5519 con-

516 5570 555 5600 “
604 5566 751 5623 Psal.
795 5586 905 5629 ur.
942 5570 993 5624 7.
1074 5572 1115 5604 ¹²
1147 5568 1257 5626 Jer.
1299 5588 1430 5635 xvn,
1488 5573 1541 5629 9.
1596 5588 1707 5629 sec.
1742 5572 1905 5627 LXX.

444 5635 603 5689 LXX.
684 5640 727 5669 “
778 5639 879 5689 Joh
947 5657 1171 5689 xxxvnr
1210 5644 1295 5689 17-
1336 5660 1443 5689 se"-
1485 5642 1643 5689 LXX.
1726 5644 1767 5674 “
1805 5646 1905 5689 Exn

436 5704 531 5760 ιδ.
612 5706 654 5737 ¹⁹
677 5706 819 5764 Psal.
849 5723 957 5771 scr,
988 5712 1041 5764 6.

684 5640 727 5707 8⁸
778 5639 879 5692 Joh
947 5657 1175 5705 xxxvm,
1210 5644 1296 5706 l7,
1336 5660 1444 5697 sec.
1485 5642 1643 5697 LXX.
1726 5644 1767 5674 “
1804 5643 1973 5697 Exod.
2010 5660 2063 5705 Χ,
2099 5645 2153 5707 9,
2217 5660 2329 5698 sec.
2363 5642 2520 5697 LXX.

2693 2652 2942 2704 ΠΕΥΣΙΣ
2977 2652 3147 2705 PAE'.

2207 2745 2272 2797 Τί
2303 2740 2395 2797 οὖν
2441 2744 2755 2814 ἐμπαίκτην
2800 2743 2983 2812 λέγεις
3027 2744 3119 2798 τὸν
3158 2742 3415 2812 Χριστὸν,
3445 2744 3540 2796 καὶ
3580 2743 3720 2814 δόλῳ

2133 2836 2443 2906 ἡττήσαντα
2467 2835 2557 2888 τὸν
2589 2834 2833 2889 διάϐολον
2857 2850 2871 2898 ;

2743 2926 3097 2993 Ἀπόκρισις.

2203 3017 2367 3070 Οὐδὲν
2393 3015 2641 3080 ἀπεικός.
2664 3018 2774 3070 Καὶ
2806 3016 2914 3086 γὰρ
2947 3016 3110 3077 αὐτὸς
3142 3014 3249 3085 πρὸ
3270 3014 3369 3084 τῆς
3389 3012 3717 3085 Θεανδρικῆς

2130 3104 2306 3175 ὅψεως
2357 3104 2545 3173 ὀφθεὶς
2596 3106 2675 3176 τῷ
2725 3107 3019 3179 ἱεροφάντῃ
3068 3106 3277 3167 Μωσεῖ,
3326 3106 3491 3175 φησὶν
3534 3105 3712 3175 αὐτῷ,

2141 3195 2306 3264 Ὁρᾷς
2330 3197 2493 3250 πόσα
2518 3197 2851 3266 ἐμπέπαικα
2875 3197 3000 3262 τοῖς
3026 3198 3361 3264 Αἰγυπτίοις
3370 3212 3392 3257 ;
3432 3194 3717 3257 Ὡσαύτως

2129 3287 2390 3357 ἐμπαίζει
2432 3288 2733 3357 σαρκωθείς
2776 3288 2866 3341 τὸν
2910 3288 3098 3355 νοητὸν
3131 3285 3323 3359 Φαραὼ
3361 3288 3713 3356 πανστρατιᾷ

2128 3376 2236 3430 τῶν
2267 3376 2433 3431 αὐτοῦ
2482 3379 2797 3447 Αἰγυπτίων
2834 3378 3126 3449 δαιμόνων,
3157 3379 3398 3449 ἀοράτως
3432 3376 3709 3446 μαστίξας

2128 3470 2223 3522 καὶ
2255 3468 2537 3532 ποντώσας
2557 3470 2740 3533 αὐτὸν,
2766 3469 2853 3522 διὰ
2880 3469 2972 3523 τοῦ
3002 3469 3254 3537 φάσκειν,
3290 3468 3501 3535 Πάτερ,
3527 3470 3581 3521 εἰ
3608 3468 3713 3522 δυ-

2127 3560 2331 3623 νατὸν,
2362 3559 2703 3628 παρελθέτω
2752 3559 2816 3613 τό
2864 3559 3151 3627 ποτήριον
3190 3559 3367 3612 τοῦτο
3408 3559 3511 3612 ἀπ’
3537 3559 3705 3628 ἐμοῦ.

2132 3652 2197 3703 Ὢ
2222 3654 2478 3722 ποτήριον
2505 3651 2755 3705 διαϐόλου
2789 3654 3113 3723 τρωτήριον,
3145 3651 3415 3720 δαιμόνων
3439 3650 3708 3721 φυγαδευ-

2123 3741 2335 3811 τήριον,
2369 3740 2655 3811 ἁμαρτιῶν
2699 3740 3079 3812 λικμητήριον,
3113 3740 3452 3811 ἁμαρτωλῶν
3498 3741 3707 3810 ἱλαστή-

2127 3846 2263 3900 ριον,
2308 3829 2451 3901 ζωῆς
2481 3830 2700 3883 αἰωνίου
2732 3832 3121 3901 ἐργαστήριονί
3160 3829 3482 3900 Ἀνθρωπος
3526 3833 3709 3883 τοίνυν

2126 3923 2267 3975 κατὰ
2306 3921 2562 3991 ἀλήθειαν
2594 3923 2623 3974 6
2665 3922 2798 3984 Θεὸς
2833 3922 3004 3989 Λόγος
3041 3922 3348 3991 γενόμενος,
3392 3921 3706 3992 ἀτρέπτως,

2125 4012 2304 4066 πάντα
2343 4013 2439 4065 σὺν
2468 4012 2697 4083 ἀληθεία
2746 4013 2815 4065 τὰ
2864 4012 3070 4082 βροτῶν
3112 4006 3378 4082 διεξῆλθε,
3414 4014 3557 4084 πλὴν
3606 4014 3708 4083 τῆς

2124 4105 2340 4158 ἀνοσίου
2370 4105 2568 4169 κακίας
2593 4122 2605 4134 ·
2639 4103 2814 4167 οὕτως
2844 4106 2937 4157 καί⁸
2965 4106 3022 4157 ἐν
3049 4103 3127 4174 τῷ
3152 4104 3247 4156 τοῦ
3287 4103 3496 4167 πάθους
3527 4106 3709 4176 καιρῷ

2123 4198 2471 4266 παραιτεῖται
2512 4195 2573 4247 τὸ
2605 4197 2883 4265 ποτήριον,
2910 4196 2972 4247 οὐ
3002 4192 3252 4255 δεδοικὼς
3290 4195 3427 4265 ὅπερ
3453 4194 3709 4248 ἐϐούλετο

2123 4287 2247 4358 ῆδη,
2273 4287 2408 4340 ἀλλὰ
2428 4286 2716 4351 παιδεύων,
2750 4288 2824 4357 μὴ
2850 4286 2959 4338 δεῖν
2984 4289 3096 4348 τοῖς
3120 4282 3382 4348 κινδύνοις
3406 4288 3703 4356 ἐπιπηδᾷν,

2129 4376 2451 4439 ἐπελθόντας
2480 4378 2537 4430 δὲ
2566 4376 2847 4446 καρτερῶς
2878 4377 2970 4428 καὶ
3000 4375 3260 4446 ἀνδρείως
3304 4374 3579 4443 δέχεσθαι.
3612 4376 3707 4428 Aio

2126 4465 2498 4537 μελετώμενον
2559 4466 2659 4535 μὲν
2709 4466 2800 4517 τὸν
2856 4466 3088 4535 σταυρὸν
3144 4463 3501 4532 οἰκονομικῶς
3560 4482 3704 4535 παρ-

2118 4561 2321 4631 ῃτεῖτο,
2343 4557 2719 4627 ἁποφανθέντα
2741 4556 2796 4608 δὲ
2814 4557 2900 4607 ἐπ’
2927 4555 3089 4625 ὤμων
3107 4555 3182 4617 ὡς
3204 4554 3499 4624 νικηφόρος
3521 4554 3704 4607 λαϐὼν

2118 4650 2430 4721 ηὐτομόλει,
2471 4649 2556 4701 ἐπ’
2602 4648 2749 4717 αὐτῷ
2799 4645 3161 4717 καθηλοῦσθαι
3209 4645 3548 4715 αὐθαιρέτως
3581 4662 3709 4713 φοι-υ

2119 4742 2251 4794 τῶν.
2296 4740 2583 4811 ’Δρμόττει
2612 4739 2668 4791 δὲ
2698 4740 2861 4791 πᾶσιν
2882 4736 3015 4808 ὁμοῦ
3054 4736 3350 4805 ἀναϐοῆσαι
3374 4735 3442 4788 τά
3469 4736 3576 4787 ὑπὸ
3604 4734 3705 4788 τοῦ

2122 4833 2405 4886 θεσπεσίου
2436 4830 2600 4885 eam
2632 4828 3011 4899 μελῳδούμενα
3030 4844 3044 4857 ο
3090 4828 3186 4893 Ὠς
3216 4828 3597 4895 emam-en
3626 4826 3700 4878 τὰ

2120 4924 2264 4992 ἔργα
2280 4938 2418 4988 σου,
2438 4921 2647 4988 Κύριεῖ
2675 4919 2869 4972 πάντα
2893 4919 2963 4971 ἐν
2980 4918 3168 4987 σοφίᾳ
3191 4918 3505 4982 ἐποίησας.
3538 4919 3698 4972 Ἀνα-

2120 5014 2313 5083 φωνῶν
2347 5016 2375 5067 6
2403 5012 2604 5083 ὑψηλὸς
2648 5008 2967 5071 ’Δπόστολος
2990 5007 3284 5078 διαρρήδην
3318 5006 3418 5077 βοᾷ
3436 5024 3450 5036 ·
3486 5004 3555 5063 Ὠ
3578 5009 3697 5072 βά-

2119 5110 2223 5170 θος
2256 5104 2522 5158 πλούτου
2550 5102 2647 5156 καί
2687 5100 2908 5169 σοφίας
2942 5096 3039 5151 καί
3066 5094 3342 5165 γνώσεως
3381 5098 3533 5151 Θεοῦ
3558 5116 3572 5129 ι
3619 5102 3689 5163 ὡς

2117 5196 2555 5262 ἁνεξερεύνητα
2592 5195 2663 5247 τὰ
2697 5193 2947 5259 κρίματα
2986 5188 3193 5250 αὐτοῦ,
3220 5189 3314 5242 καί
3351 5189 3699 5257 ἀνεξιχνία-

2118 5303 2249 5341 στοι
2282 5290 2340 5339 at
2373 5285 2497 5339 ὀδοί
2533 5284 2753 5338 αὑτοῦ]
2788 5284 2880 5347 Τίς
2920 5280 3029 5350 pop
3056 5280 3206 5348 ἔγνω
3250 5282 3403 5333 γοῦν
3428 5282 3691 5348 κυρίους

2121 5378 2159 5443 ἢ
2206 5378 2298 5441 τίς
2342 5378 2689 5446 σύμϐουλος
2727 5373 2912 5428 αὐτοῦ
2958 5371 3228 5441 ἐπέκεινα
3259 5371 3305 5423 ὦ
3339 5371 3440 5440 τῆς
3483 5373 3692 5435 ἀνοίας,

2110 5467 2170 5527 pi
2207 5469 2481 5522 θεσπέσιοι
2510 5467 2828 5540 ἀποροῦσιν,
2866 5464 2914 5517 οἰ
2942 5462 3197 5531 τυχόντες
3230 5462 3482 5530 ζητοῦσιν
3511 5482 3521 5494 ο
3562 5480 3691 5517 σιω-

1985 5575 2028 5605 ¹³
2084 5572 2187 5628 Job
2242 5590 2331 5633 ιι..
2388 5574 2622 5628 20.ερ‹’.
2677 5556 2835 5625 LXX.
2916 5571 2958 5601 “
2998 5565 3103 5619 Job
3161 5582 3384 5629 surtu,
3431 5567 3521 5624 l6.
3577 5582 3689 5620 ser.

2606 5644 2645 5674 ⁸⁷
2703 5642 2893 5695 Matth.
2959 5649 3107 5697 xxw,
3150 5637 3238 5690 29.
3319 5640 3361 5669 “
3423 5637 3559 5690 lleb.
3616 5652 3692 5703 tv,
