4048 6222
306 338 444 398 ιοιι

304 448 504 506 deum
536 442 717 500 τοίνυν
747 446 899 500 πᾶσα
936 445 1239 516 φιλονεικία
1269 446 1365 502 καὶ
1407 445 1683 519 λογισμῶν
1732 447 1887 517 κίνη-

304 551 431 603 σις⁸
482 533 664 607 χαίρει
710 536 822 609 γὰρ
864 537 925 591 τὺ
968 538 1127 591 Θεῐον
1173 538 1317 610 ἁπλῇ
1366 540 1436 611 τῇ
1479 537 1661 595 πίστει
1710 537 1886 611 τιμώ-

306 644 492 702 μενον.

857 803 1108 857 uersis
1144 804 1329 871 pAq'.

379 895 605 952 Πάντων
631 894 811 958 καλῶς
837 893 1314 965 διευκρινηθέντων
1340 894 1493 965 ἡμῖν,
1518 893 1754 965 δεόμεθα
1782 893 1887 949 λοι-

304 986 411 1042 πὸν
436 986 505 1040 τὰ
530 986 628 1057 τῆς
649 984 927 1056 ἡμετέρας
955 983 1170 1052 φύσεως
1206 982 1419 1053 μαθεῖν.
1447 984 1557 1039 Kal
1586 985 1615 1038 ὁ
1649 985 1750 1055 μὲν
1777 988 1883 1038 Δα-

304 1078 397 1131 δὶδ
427 1076 718 1148 σμικρύνει
750 1074 846 1130 καὶ
873 1074 1134 1139 εύτελίζει
1164 1074 1256 1128 τὸν
1293 1074 1596 1146 ἄνθρωπον,
1619 1075 1792 1145 λέγων
1824 1077 1884 1129 ὲν

305 1168 389 1240 τῷ
430 1168 604 1239 ὀγδόῳ
642 1165 844 1237 ψαλμῷ
865 1182 880 1196 ·
913 1166 1111 1233 Κύριε,
1145 1166 1204 1219 τί
1226 1165 1396 1219 ἐστιν
1436 1165 1763 1233 ἄνθρωπος,
1793 1167 1884 1222 ὅτι

294 1259 619 1330 μιμνήσκῃ
631 1258 819 1313 αὐτοῦ
842 1276 863 1325 ;
884 1259 974 1313 Ἐν
990 1257 1047 1311 δὲ
1058 1257 1137 1329 τῷ
1150 1258 1461 1329 τριακοστῷ
1478 1258 1647 1329 ὀγδόῳ
1661 1258 1881 1330 ψαλμῷ,

299 1347 481 1416 Πλὴν
534 1345 785 1417 μάταιος
835 1345 958 1412 πᾶς
1000 1346 1328 1416 ἅνθρωπος.
1373 1346 1463 1400 Ἐν
1514 1347 1572 1401 δὲ
1626 1346 1705 1417 τῷ
1758 1354 1883 1418 ρμγ¹

298 1437 525 1513 ψαλμῷ,
566 1437 758 1507 Κύριε,
785 1437 845 1491 τι
884 1437 1057 1492 ἐστιν
1072 1436 1402 1505 ἄνθρωπος,
1442 1436 1534 1493 ὅτι
1571 1438 1884 1507 ἐγνώσθης

300 1529 485 1597 αὐτῷ,
526 1530 564 1595 ἣ
594 1530 724 1597 υίὸς
742 1528 1076 1598 ἀνθρώπου,
1119 1528 1212 1584 ὅτι
1244 1529 1450 1600 λογίζῃ
1490 1532 1708 1594 αὐτόν-ς
1745 1531 1884 1585 Ἂν-

300 1624 537 1689 θρωπος
566 1620 909 1690 ματαιότητι
934 1619 1219 1689 ὡμοιώθη,
1253 1621 1437 1693 φησίν.
1477 1622 1535 1676 ’0
1559 1622 1617 1676 δὲ
1644 1622 1759 1686 υἱὸς
1786 1622 1884 1676 αῦ-

299 1709 399 1765 τοῦ
428 1709 679 1782 Σολομὼν
721 1709 1014 1781 μεγαλύνει
1041 1709 1135 1764 τὸν
1165 1710 1474 1783 ἄνθρωπον,
1503 1711 1598 1767 καὶ
1630 1712 1880 1783 σεμνύνει

299 1802 511 1870 λέγων’
540 1801 703 1871 Μέγα
739 1802 1050 1870 ἅνθρωπος
1080 1801 1181 1856 καί
1207 1802 1421 1871 τίμιον.
1454 1803 1517 1857 Εἰ
1547 1798 1642 1857 οὖν
1671 1802 1750 1873 τῷ
1770 1819 1881 1856 πα-

296 1890 396 1962 τρὶ
429 1888 662 1962 ὑπάρχει
691 1889 1041 1961 ἀσύμφωνος,
1079 1890 1200 1955 πῶς
1229 1892 1282 1945 oi
1315 1888 1491 1946 λοιποὶ
1527 1893 1638 1947 τῶν
1667 1909 1881 1964 προφη-

298 1980 415 2037 τῶν
446 1980 896 2054 συμφωνήσουσιν
913 1996 929 2048 ;

874 2249 879 2253 ’
921 2256 1285 2328 Ἀπόκρισις.

373 2349 541 2404 οὐδὲν
556 2350 760 2405 τούτων
777 2344 890 2404 οἷόν
921 2366 979 2404 τε
1009 2350 1181 2418 δεῖξαι
1200 2350 1508 2423 ἀσύμφωνα
1535 2351 1606 2408 τὰ
1632 2352 1742 2408 τῶν
1768 2353 1880 2409 θεο-

299 2438 523 2508 φάντων
552 2440 791 2510 ῥήματα.
820 2437 1136 2509 φιλομαθῶς
1165 2438 1619 2511 ἀδολεσχούμενα,
1641 2443 1736 2496 καὶ
1773 2441 1879 2509 ἔξω

299 2532 536 2603 παχείας
557 2531 768 2604 διαίτης
799 2531 1078 2603 νηφόντως
1120 2529 1492 2603 θεωρούμενα.
1524 2532 1731 2604 Πρᾶξις
1768 2533 1877 2607 γὰρ

300 2623 535 2698 θεωρίας
564 2622 837 2687 ἑπίόασις.
877 2620 938 2678 ’0
974 2623 1076 2694 μὲν
1102 2621 1290 2676 τοίνυν
1308 2610 1419 2693 τὴν
1445 2621 1608 2691 φύσιν
1641 2623 1818 2695 ἡμῶν,
1846 2626 1871 2679 ὁ

296 2714 356 2770 δὲ
380 2715 482 2786 τὴν
501 2714 668 2787 τιμὴν
691 2715 1040 2786 παρίστησιν,
1065 2713 1131 2785 ἢν
1158 2713 1308 2785 παρά
1327 2712 1421 2767 τοῦ
1450 2713 1582 2768 Θεοῦ
1608 2713 1717 2769 τῶν
1740 2715 1878 2770 ὅλων

298 2806 623 2879 εἰλήφαμεν,
657 2805 810 2876 παρά
839 2806 1021 2859 πᾶσαν
1048 2802 1147 2877 τὴν
1174 2803 1351 2858 κτίσιν
1391 2802 1564 2868 θείαις
1601 2806 1760 2877 χερσὶ
1785 2823 1879 2876 γε·

298 2898 537 2970 νόμενοι.
602 2894 945 2961 Ἀναπτύξας
998 2894 1062 2949 τὸ
1112 2893 1330 2967 πρῶτον
1392 2894 1636 2960 Μωσέως
1686 2895 1878 2967 τεῦχος

298 2990 540 3060 ικάτερα
581 2986 919 3059 παιδευθήσῃ
937 3000 954 3017 ⁸
984 2986 1068 3041 ὅτι
1095 2984 1255 3040 ἔλασε
1294 2984 1424 3057 χοῦν
1448 2985 1558 3039 ἀπὸ
1590 2987 1689 3058 τῆς
1719 2986 1824 3058 γῆς
1847 2989 1878 3041 ὀ

298 3078 451 3145 Θεὸς,
475 3077 570 3131 zeal
605 3076 807 3132 ἔπλασε
835 3077 928 3130 τὸν
965 3075 1271 3148 ἄνθρωπον,
1311 3075 1406 3129 καὶ
1444 3075 1774 3150 ἐνεφύσησεν
1797 3080 1878 3142 είς

295 3169 361 3224 ce
408 3168 697 3240 πρόσωπον
739 3168 906 3222 αὐτοῦ
955 3167 1126 3238 πνοὴν
1172 3165 1339 3237 ζωῆς.
1390 3166 1477 3221 Ἐν
1511 3166 1611 3238 τῷ,
1658 3171 1878 3225 Ἔλασε

296 3260 398 3315 καὶ
434 3259 689 3325 ἔπλασε,
729 3258 797 3312 τὰ
822 3258 922 3329 τῆς
968 3257 1135 3328 τιμῆς
1165 3257 1526 3326 γινώσκεταν
1573 3258 1661 3313 ἐπ’
1701 3261 1881 3315 οὐδενὶ

295 3349 408 3405 τῶν
443 3348 678 3404 κτιστῶν
707 3347 890 3420 ῥηθὲν,
923 3348 1062 3421 πλὴν
1100 3349 1193 3403 ἐπὶ
1229 3348 1394 3418 μόνου
1425 3348 1521 3402 τοῦ
1548 3348 1838 3420 ἀνθρώπου
1858 3368 1873 3383 ο

294 3443 357 3498 ἰν
382 3442 444 3496 δὲ
472 3438 553 3512 τῷ
586 3440 847 3513 ληφθέντι
877 3439 962 3511 χοῖ
991 3440 1101 3495 ἀπὸ
1126 3439 1228 3511 τῆς
1263 3438 1390 3510 γῆς.
1434 3439 1497 3492 τὸ
1527 3440 1744 3505 εὐτελὲς
1776 3442 1877 3514 τῆς

292 3532 514 3604 φύσεως
538 3531 695 3603 ἡμῶν
725 3530 1115 3602 παιδευόμεθα,
1140 3530 1223 3583 ὅτι
1249 3530 1323 3600 γῆ
1347 3528 1444 3584 καὶ
1473 3528 1604 3600 χοῦς
1633 3530 1877 3605 ὑπάρχο-

293 3641 423 3696 μεν,
459 3622 531 3677 τὰ
561 3621 786 3694 μηδενὸς
811 3620 959 3686 ἀξια,
985 3621 1081 3674 καὶ
1106 3620 1412 3674 εὐδιάλυτα.

1697 331 2045 390 οιΑιοουε
2081 334 2185 391 Ill.

3428 324 3577 380 RW}

1986 447 2229 502 siliarius
2250 444 2342 501 "l
2369 443 2417 498 0
2442 441 2806 499 dementiam!
2841 439 3029 496 Sancti
3055 438 3335 519 limitant,
3376 424 3564 507 vulg..-

1991 552 2080 595 res
2106 546 2325 594 movent
2347 534 2701 606 quaestiones.
2748 528 2985 587 Proinde
3017 528 3353 587 conticescat
3384 528 3565 582 omnis

1985 627 2284 690 contentio.
2310 636 2365 683 et
2387 635 2569 682 motus
2599 622 3019 694 cogitationum.
3050 618 3265 675 Gaudet
3294 616 3440 672 enim
3471 616 3554 674 di-

1987 719 2175 775 vinum
2205 717 2339 774 illud
2375 717 2611 775 Numen.
2643 731 2706 771 se
2736 712 2972 784 simplici
3002 712 3107 766 ﬁde
3126 709 3413 767 honorari.

2351 803 2872 863 INTERROGATIO
2912 800 3200 859 CXXXVI.

2053 898 2509 969 Quandoquidem
2541 899 2659 955 haec
2688 896 2871 953 omnia
2911 895 3173 966 praeclare
3219 908 3284 949 ac
3329 889 3577 947 dilucide

1983 991 2144 1048 nobis
2185 991 2517 1063 explicuisti,
2552 991 2698 1062 quod
2744 988 3018 1059 reliquum
3066 995 3172 1051 est,
3215 976 3469 1054 cupimus
3501 997 3533 1037 e

1983 1096 2107 1152 qua
2143 1083 2211 1136 ad
2259 1089 2507 1137 nostram
2562 1089 2817 1136 naturam
2865 1077 3162 1149 pertinent,
3203 1075 3439 1130 discere.
3487 1075 3567 1126 Ac

1985 1171 2216 1228 Davides
2250 1171 2470 1242 quidem
2509 1181 2772 1227 extenuat
2811 1185 2877 1225 ac
2921 1166 3207 1238 vilipendit
3259 1163 3561 1226 hominem,

1982 1263 2170 1318 dicens
2199 1263 2253 1318 in
2283 1270 2477 1318 octavo
2526 1262 2781 1334 psalmo:
2821 1259 3065 1324 Domine,
3114 1256 3240 1327 quid
3286 1266 3361 1309 est
3386 1254 3571 1320 homo,

1981 1355 2119 1424 quod
2149 1370 2348 1408 memor
2368 1370 2423 1408 es
2458 1353 2681 1422 ejus"?
2732 1351 2951 1408 Psalmo
2982 1363 3113 1404 vero
3150 1346 3428 1402 tricesimo
3476 1357 3568 1398 oe-

1984 1454 2148 1499 lavo:
2212 1443 2581 1499 Verumtamen
2630 1444 2836 1500 vanitas
2880 1451 2958 1496 est
2998 1440 3168 1494 omnis
3215 1437 3449 1491 homo".
3496 1432 3564 1488 Et

1985 1536 2197 1606 psalmo
2262 1538 2563 1592 centesimo
2611 1534 3030 1606 quadragesimo
3073 1530 3237 1586 tertio
3272 1547 3287 1583 :
3320 1526 3559 1587 Domine,

1984 1627 2112 1696 quid
2148 1641 2227 1681 est
2272 1627 2449 1690 homo,
2488 1630 2628 1697 quod
2661 1627 2713 1681 ei
2746 1636 2900 1680 notus
2942 1625 3114 1694 fastus
3156 1639 3232 1686 es,
3279 1630 3371 1674 aut
3416 1618 3563 1687 ﬁlius

1982 1717 2209 1771 hominis
2246 1718 2384 1787 quod
2413 1730 2622 1785 reputas
2642 1733 2760 1771 eum
2780 1718 2805 1771 ?
2828 1715 3001 1771 Home
3030 1710 3457 1769 vanitatisimilis
3478 1711 3565 1778 [a-

1980 1821 2099 1864 ctus
2118 1818 2195 1863 est
2217 1849 2235 1876 ,
2254 1808 2506 1878 inquit“.
2524 1807 2696 1863 Filius
2711 1816 2890 1863 autem
2905 1808 3026 1876 ejus
3043 1804 3326 1867 Salomon,
3353 1801 3577 1872 magni-7

1980 1900 2082 1957 fice
2096 1900 2422 1971 depraedicat
2436 1911 2491 1956 et
2514 1900 2834 1955 cohonestat
2860 1898 3156 1960 hominem,
3174 1896 3364 1952 dicens
3391 1911 3406 1949 :
3439 1892 3566 1949 lfa-

1976 2004 2136 2060 gmun
2162 1989 2415 2060 quiddam
2442 1999 2494 2043 et
2519 1990 2808 2059 pretiosum
2838 1996 2918 2043 est
2951 1987 3105 2041 homo
3120 1986 3186 2039 “.
3237 1982 3297 2039 Si
3328 1983 3494 2055 igitur
3532 1999 3564 2036 a

1978 2093 2135 2154 patre
2197 2084 2472 2149 dissentit,
2536 2084 2821 2155 quomodo
2876 2080 3230 2141 consentient
3282 2087 3434 2135 vates
3479 2092 3570 2134 re-

1980 2174 2151 2246 liqui?

2104 2272 2109 2275 ‘
2613 2264 2924 2336 Responsio.

2050 2354 2199 2413 Nihil
2229 2357 2427 2413 horum
2469 2357 2707 2428 probare
2750 2366 2953 2429 potest,
3001 2356 3148 2411 inter
3173 2368 3237 2410 se
3274 2352 3571 2408 dissonare

1980 2447 2267 2502 hominum
2309 2445 2660 2503 fatidicorum
2714 2446 2902 2510 verba,
2946 2445 2994 2501 si
3039 2443 3260 2515 quidem
3314 2440 3567 2497 studiose

1979 2539 2311 2603 examinata,
2332 2546 2389 2605 et
2417 2540 2598 2593 minus
2634 2537 2827 2608 pingui
2856 2534 3066 2606 judicio
3093 2531 3275 2591 sobrie
3305 2530 3563 2587 conside-

1979 2634 2099 2681 rata
2133 2624 2360 2681 fuerint.
2398 2625 2557 2682 Actio
2598 2625 2746 2681 enim
2787 2624 2858 2680 ed
2892 2622 3409 2694 contemplationem
3437 2618 3559 2690 qui-

1978 2718 2105 2772 dem
2136 2717 2284 2774 velut
2311 2731 2577 2774 ascensus
2601 2727 2705 2773 est.
2736 2715 2974 2772 Proinde
3012 2715 3154 2771 alius
3183 2712 3404 2784 quidem
3442 2727 3547 2767 na-
3668 2752 3675 2758 .

1978 2816 2158 2863 turam
2190 2815 2458 2872 nostram,
2489 2804 2632 2862 alius
2653 2819 2786 2862 vero
2823 2804 3145 2875 dignitatem
3187 2802 3560 2866 demonstrat,

1977 2911 2145 2969 quam
2176 2910 2207 2951 a
2241 2895 2356 2952 Deo
2387 2896 2775 2952 universorum
2811 2904 3063 2952 creatore
3102 2893 3419 2964 accepimus
3448 2907 3563 2962 pra:

1978 2988 2129 3044 omni
2171 2996 2451 3052 creatura,
2517 2986 2726 3043 divinis
2776 2986 3033 3043 manibus
3078 2983 3230 3041 facti.
3293 2982 3564 3040 Revoluto

1978 3081 2163 3151 primo
2189 3077 2468 3135 volumine
2499 3076 2692 3144 Hosis,
2714 3086 3012 3147 utrumque
3045 3076 3228 3132 disces
3261 3093 3277 3130 :
3300 3075 3445 3145 quod
3469 3090 3565 3132 aco

1979 3170 2188 3242 ceperit
2216 3170 2497 3242 pulverem
2523 3170 2593 3227 de
2622 3181 2767 3226 terra
2808 3168 2976 3233 Deus.
3031 3181 3089 3226 et
3113 3168 3434 3225 formaverit
3463 3166 3566 3222 lio-

1981 3263 2209 3330 minem,
2230 3272 2289 3319 et
2309 3262 2659 3333 inspiraverit
2680 3262 2736 3318 in
2775 3260 2974 3319 faciem
3011 3261 3134 3332 ejus
3178 3259 3367 3316 ﬂatum
3414 3260 3561 3314 vitm.

1980 3351 2059 3408 Es
2080 3368 2148 3410 eo
2176 3354 2326 3423 quod
2355 3353 2558 3409 dicitur
2585 3371 2600 3408 :
2631 3353 2845 3423 Accepit
2869 3362 2919 3408 et
2946 3351 3281 3421 formarit",
3329 3365 3456 3419 quae
3490 3348 3562 3405 ad

1979 3446 2300 3516 dignitatem
2355 3446 2634 3516 pertinent
2681 3452 3114 3514 cognoscuntur,
3173 3458 3297 3497 cum
3344 3440 3452 3495 lzoc
3496 3442 3567 3497 de

1983 3536 2131 3593 nulla
2191 3545 2574 3591 creaturarum
2620 3532 2828 3588 dictum
2883 3532 2975 3594 sit,
3039 3530 3144 3585 nisi
3195 3530 3266 3586 de
3297 3530 3417 3586 solo
3466 3530 3565 3585 lio-

1983 3626 2155 3681 mine.
2186 3624 2267 3680 Ex
2296 3641 2364 3681 eo
2393 3636 2599 3690 autem,
2652 3625 2801 3694 quod
2838 3631 3103 3693 acceptus
3145 3632 3233 3677 est
3280 3621 3459 3690 pulvis
3495 3621 3564 3675 de

293 3724 464 3780 terra,
511 3711 772 3781 vilitatem
817 3725 1022 3767 nostra:
1060 3720 1270 3769 natura:
1310 3709 1595 3777 discimus,
1630 3711 1777 3779 quod
1820 3721 1964 3768 terra
1991 3725 2048 3770 et
2074 3716 2252 3786 pulvis
2303 3730 2520 3782 sumus,
2573 3730 2699 3785 quae
2756 3715 2965 3770 nullius
3018 3713 3283 3769 momenti
3315 3721 3464 3777 sunt,
3509 3719 3567 3767 et

291 3800 457 3860 facile
480 3801 778 3859 intereunt.

854 3911 1104 3967 ΠΕΥΣΙΣ
1131 3911 1301 3966 ΡΛΖ’.

363 4001 497 4067 Πῶς
525 3996 623 4058 οὖν
678 4002 821 4074 μέγα
874 4002 971 4055 καὶ
1005 4001 1187 4071 τίμιον
1215 3999 1528 4072 ἄνθρωπος,
1564 4002 1614 4056 εί
1655 4004 1873 4077 εὐτελὴς

288 4094 534 4165 ὑπάρχει
568 4093 666 4148 καὶ
707 4092 1037 4160 εὐδιάλυτος,
1081 4089 1301 4163 μυρίοις
1337 4090 1538 4147 πάθεσι
1568 4095 1664 4150 καὶ
1703 4096 1877 4166 ἀνάγ-

288 4199 425 4248 καις
464 4182 856 4248 ὑποκείμενου

906 4294 1266 4366 Ἀπόκρισις.

373 4386 539 4442 me
571 4386 686 4458 (90)
714 4386 853 4459 πρὸς
876 4387 977 4460 τὴν
1006 4388 1169 4457 φύσιν
1198 4390 1380 4464 ἀφόρα
1408 4391 1600 4463 μόνην,
1635 4389 1874 4445 σύναπτε

289 4476 352 4531 δὲ
373 4476 547 4549 ταύτῃ
574 4476 671 4530 καὶ
697 4474 797 4548 τὴν
818 4478 1006 4548 τιμήν.
1034 4477 1111 4530 Τὸ
1133 4477 1243 4550 γάρ
1267 4479 1577 4535 εὐδιάλυτον
1609 4479 1703 4534 καὶ
1730 4477 1878 4534 ὠκύ·

297 4583 467 4638 μορον
495 4570 562 4639 τῇ
607 4566 768 4638 φύσει
807 4568 1100 4639 ἀπένεμον,
1144 4568 1283 4640 μετά
1322 4571 1422 4643 τὴν
1451 4571 1727 4643 ἐκτροπὴν
1775 4570 1878 4641 τῆς

292 4658 463 4713 πάλαι
506 4660 784 4730 μακαρίας
806 4661 865 4714 ἐν
898 4660 1212 4733 παραδείσῳ
1240 4660 1515 4734 διαγωγῆς
1538 4664 1672 4734 ἡμῖν
1700 4664 1879 4717 ἔπεισέ

292 4750 607 4821 φρήσαντα,
637 4751 730 4806 διὰ
760 4752 861 4823 τῆς
894 4752 1280 4823 παραϐάσεως.
1314 4753 1469 4809 Μετὰ
1496 4753 1606 4824 γὰρ
1638 4753 1738 4825 τὴν
1760 4753 1880 4808 ὁλε-

292 4841 456 4911 θρὶαν
484 4843 707 4916 ἐδωδὴν,
745 4846 844 4914 τῆς
874 4846 1203 4914 ἀποφάσεως
1244 4848 1273 4900 ὁ
1309 4845 1477 4908 τάλας
1506 4847 1713 4917 ἀκήκοε
1735 4860 1751 4875 ⁶
1783 4844 1877 4916 Γῆ

290 4929 368 4998 εἴ,
395 4934 495 4987 καί
527 4937 616 5001 εις
639 4934 759 5006 γῆν
781 4935 1113 5007 ἀπελεύσῃ,
1146 4937 1225 5008 τῷ
1252 4934 1433 5007 ἐχθρῷ
1466 4936 1665 5005 μᾶλλον
1691 4936 1727 5008 ἢ
1754 4936 1878 5009 Θεῷ

291 5025 636 5090 ὑπακούσας.

836 5136 1085 5191 ΠΕΥΣῙΣ
1120 5138 1296 5192 ΡΛΗ’.

365 5223 436 5277 Τί
470 5223 624 5295 δηλοῖ
649 5225 680 5280 6
728 5225 893 5279 Δασὶδ
936 5226 1113 5295 λέγων
1152 5227 1231 5298 τῷ
1262 5226 1382 5298 Θεῷ
1401 5242 1415 5258 ο
1442 5229 1513 5282 Al
1542 5227 1736 5297 χεῖρές
1761 5244 1879 5284 σου

292 5314 598 5381 ἐποίησάν
621 5332 720 5386 με,
744 5316 841 5371 καί
867 5316 1151 5373 ἕπλασάν
1170 5334 1286 5388 an;
1311 5314 1460 5391 'Apa
1488 5318 1675 5390 ἕτερόν
1698 5337 1751 5374 τι
1782 5337 1882 5390 ση-

298 5403 486 5475 μαίνει
515 5404 613 5476 τήν
642 5406 860 5471 πλάσιν,
883 5409 979 5462 καὶ
998 5407 1128 5462 ἄλλο
1150 5408 1250 5479 τὴν
1277 5409 1525 5481 ποίησινς
1566 5407 1662 5463 Ἐκ
1686 5410 1745 5465 δὲ
1762 5410 1878 5464 τού-

371 5560 439 5629 98
460 5560 621 5618 nom.
659 5580 737 5627 xz,
765 5565 859 5629 ss.
884 5565 975 5621 δι.
1051 5565 1096 5597 ιι
1123 5562 1264 5620 Psal.
1289 5580 1409 5626 vui,
1440 5565 1491 5619 ες.

2338 3911 2860 3970 INTERROGATIO
2895 3910 3207 3970 CXXXVII.

2055 4005 2345 4074 Quomodo
2372 4004 2542 4076 igitur
2567 4018 2827 4075 magnum
2861 4012 2918 4060 et
2954 4004 3259 4074 pretiosum
3298 4000 3561 4072 quiddam

1979 4106 2065 4155 est
2091 4097 2281 4165 homo,
2307 4097 2355 4152 si
2394 4096 2523 4153 vilis
2555 4104 2642 4151 est
2671 4104 2728 4149 et
2756 4092 2919 4149 facile
2945 4093 3289 4157 dissolvitur,
3334 4091 3571 4148 inﬁnitis

1979 4172 2484 4259 perturbationibus
2511 4194 2568 4240 et
2584 4182 3007 4240 necessitatibus
3043 4180 3320 4236 obnoxius
3338 4179 3368 4232 ?’

2632 4295 2937 4365 Responsio.

2056 4391 2194 4446 Cum
2229 4389 2297 4446 ad
2327 4399 2581 4445 naturam
2615 4387 2847 4457 respicis
2878 4385 3083 4447 solam,
3138 4381 3409 4452 coniunge
3435 4393 3563 4434 cum

1982 4480 2089 4536 hac
2139 4489 2195 4535 et
2244 4479 2595 4551 dignitatem.
2630 4475 2768 4532 Nam
2791 4477 3057 4531 vilitatem
3089 4483 3144 4529 et
3183 4475 3343 4527 breve
3384 4469 3558 4525 fatum

1983 4582 2195 4626 naturae
2237 4569 2328 4625 illa
2373 4568 2709 4636 tribuerunt,
2730 4583 2881 4639 ~qute
2928 4575 3051 4637 post
3087 4562 3563 4632 degenerationem

1986 4676 2019 4718 α
2055 4661 2287 4733 pristina
2315 4660 2586 4731 beateque
2616 4661 2672 4714 in
2703 4659 2961 4731 paradiso
2989 4656 3410 4714 conversatione
3459 4664 3563 4705 nos

1986 4752 2309 4807 invaserunt
2344 4766 2438 4823 per
2466 4750 2987 4822 transgressionem.
3040 4747 3185 4800 Nam
3232 4751 3356 4812 post
3407 4740 3557 4794 illam

1985 4842 2351 4911 perniciosam
2425 4840 2929 4904 manducationem,
2970 4839 3110 4890 hanc
3159 4846 3346 4887 vocem
3396 4829 3564 4884 miser

1979 4933 2071 4989 ille
2107 4934 2350 4989 audivit:
2386 4931 2554 4988 Terra
2594 4949 2675 4995 es,
2702 4940 2753 4985 et
2787 4931 2844 4984 in
2877 4938 3074 4983 terram
3130 4925 3326 4979 redibis
3348 4923 3417 4988 “,
3464 4921 3564 4976 ob-

1980 5026 2223 5083 edientia
2250 5024 2474 5081 inimico
2504 5025 2689 5096 potius
2718 5037 2883 5094 quam
2919 5021 3028 5074 Deo
3055 5017 3315 5088 pratstita.

2335 5130 2853 5192 INTERROGATIO
2883 5126 3213 5187 CXXXVIII.
3294 5178 3299 5183 .

2054 5225 2195 5293 Quid
2250 5225 2434 5280 innuit
2479 5224 2738 5289 Davides,
2772 5223 2964 5279 dicens
3005 5222 3073 5277 ad
3119 5220 3288 5275 Deum
3320 5235 3336 5273 :
3365 5216 3561 5270 Menas

1982 5328 2091 5374 tua:
2111 5317 2346 5387 fecerunt
2383 5332 2464 5370 me
2492 5324 2542 5371 et
2567 5315 2929 5385 formaverunt
2972 5329 3055 5369 me
3091 5312 3182 5366 ”?
3226 5309 3367 5365 Num
3411 5307 3557 5361 aliud

1985 5407 2258 5479 signiﬁcat
2313 5421 2408 5477 per
2443 5404 2849 5473 formationem,
2895 5415 2952 5462 et
3000 5404 3149 5460 aliud
3188 5415 3285 5472 per
3325 5396 3558 5453 faciendi

1571 5568 1616 5598 "
1650 5565 1790 5621 Psal.
1829 5581 1879 5619 τι

1985 5581 2059 5626 m.
2090 5566 2145 5620 6.
2227 5567 2274 5599 "
2301 5564 2446 5622 Psal.
2471 5577 2674 5630 estin,
2698 5562 2755 5630 3,
2784 5560 2839 5617 ι.
2920 5558 2966 5591 ⁸⁵
2998 5556 3159 5613 Prov.
3211 5571 3309 5622 xx,
3363 5554 3419 5619 6,
3443 5566 3557 5611 sec.

298 5627 467 5687 LXX.
545 5636 591 5666 "
639 5635 778 5692 Gen.
808 5627 873 5701 tt,
926 5634 981 5689 7.
1025 5634 1072 5665 ³⁸
1104 5634 1241 5691 Gen.
1281 5651 1363 5701 Ill,
1396 5636 1484 5690 i9.
1558 5636 1601 5670 ’⁷
1643 5633 1790 5692 Psal.
1825 5650 2014 5698 cxvm,
2052 5636 2141 5694 75.

374 5790 492 5865 (90)
530 5792 735 5852 una.
769 5792 998 5853 Videtur
1020 5793 1305 5870 legendum
1328 5794 1442 5851 ἀλλ’
1468 5795 1551 5850 οὐ.
1576 5793 1639 5851 Et
1663 5789 1889 5865 proinde
1919 5793 2271 5855 reformanda
2296 5792 2499 5854 versio.
