  <div class='ocr_page' id='page_1' title='image "/cluster/home/n/w/nwhite01/storage/ocr_20150623/38/hvd.32044069550002/529.png"; bbox 0 0 4048 6222; ppageno 0'>
   <div class='ocr_carea' id='block_1_1' title="bbox 458 368 598 451">
    <p class='ocr_par' dir='ltr' id='par_1_1' title="bbox 458 368 598 451">
     <span class='ocr_line' id='line_1_1' title="bbox 458 368 598 451; baseline 0 -28"><span class='ocrx_word' id='word_1_1' title='bbox 458 368 598 451; x_wconf 62' lang='lat' dir='ltr'><strong>tot;</strong></span> 
     </span>
    </p>
   </div>
   <div class='ocr_carea' id='block_1_2' title="bbox 455 480 2032 549">
    <p class='ocr_par' dir='ltr' id='par_1_2' title="bbox 455 480 2032 549">
     <span class='ocr_line' id='line_1_2' title="bbox 455 480 2032 549; baseline -0.003 -14"><span class='ocrx_word' id='word_1_2' title='bbox 455 480 832 539; x_wconf 74' lang='lat' dir='ltr'><strong>verbum?Ex</strong></span> <span class='ocrx_word' id='word_1_3' title='bbox 861 494 927 533; x_wconf 88' lang='lat' dir='ltr'><strong>eo</strong></span> <span class='ocrx_word' id='word_1_4' title='bbox 971 489 1150 533; x_wconf 86' lang='lat' dir='ltr'><strong>autem</strong></span> <span class='ocrx_word' id='word_1_5' title='bbox 1199 480 1432 549; x_wconf 84' lang='lat' dir='ltr'><strong>duplicis</strong></span> <span class='ocrx_word' id='word_1_6' title='bbox 1484 494 1607 533; x_wconf 87' lang='lat' dir='ltr'><strong>csse</strong></span> <span class='ocrx_word' id='word_1_7' title='bbox 1662 490 1871 533; x_wconf 74' lang='lat' dir='ltr'><strong>natum:</strong></span> <span class='ocrx_word' id='word_1_8' title='bbox 1932 494 2032 532; x_wconf 58' lang='lat' dir='ltr'><strong>nos</strong></span> 
     </span>
    </p>
   </div>
   <div class='ocr_carea' id='block_1_3' title="bbox 455 569 2031 644">
    <p class='ocr_par' dir='ltr' id='par_1_3' title="bbox 455 569 2031 644">
     <span class='ocr_line' id='line_1_3' title="bbox 455 569 2031 644; baseline -0.003 -17"><span class='ocrx_word' id='word_1_9' title='bbox 455 573 904 644; x_wconf 78' lang='lat' dir='ltr'><strong>intelligerentus.</strong></span> <span class='ocrx_word' id='word_1_10' title='bbox 932 570 1131 637; x_wconf 80' lang='lat' dir='ltr'><strong>Quales</strong></span> <span class='ocrx_word' id='word_1_11' title='bbox 1162 569 1290 624; x_wconf 97' lang='lat' dir='ltr'><strong>item</strong></span> <span class='ocrx_word' id='word_1_12' title='bbox 1327 585 1523 626; x_wconf 90' lang='lat' dir='ltr'><strong>manus</strong></span> <span class='ocrx_word' id='word_1_13' title='bbox 1554 569 1798 625; x_wconf 75' lang='lat' dir='ltr'><strong>dicenda:</strong></span> <span class='ocrx_word' id='word_1_14' title='bbox 1828 580 1956 625; x_wconf 83' lang='lat' dir='ltr'><strong>sunt</strong></span> <span class='ocrx_word' id='word_1_15' title='bbox 1978 569 2031 623; x_wconf 93' lang='lat' dir='ltr'><strong>in</strong></span> 
     </span>
    </p>
   </div>
   <div class='ocr_carea' id='block_1_4' title="bbox 453 659 613 714">
    <p class='ocr_par' dir='ltr' id='par_1_4' title="bbox 453 659 613 714">
     <span class='ocr_line' id='line_1_4' title="bbox 453 659 613 714; baseline -0.013 -1"><span class='ocrx_word' id='word_1_16' title='bbox 453 659 566 714; x_wconf 86' lang='lat' dir='ltr'><strong>Deo</strong></span> <span class='ocrx_word' id='word_1_17' title='bbox 589 659 613 711; x_wconf 65' lang='grc' dir='ltr'><strong>ἲ</strong></span> 
     </span>
    </p>
   </div>
   <div class='ocr_carea' id='block_1_5' title="bbox 1095 748 1396 818">
    <p class='ocr_par' dir='ltr' id='par_1_5' title="bbox 1095 748 1396 818">
     <span class='ocr_line' id='line_1_5' title="bbox 1095 748 1396 818; baseline -0.007 -16"><span class='ocrx_word' id='word_1_18' title='bbox 1095 748 1396 818; x_wconf 81' lang='lat' dir='ltr'><strong>Responsio.</strong></span> 
     </span>
    </p>
   </div>
   <div class='ocr_carea' id='block_1_6' title="bbox 529 839 2038 896">
    <p class='ocr_par' dir='ltr' id='par_1_6' title="bbox 529 839 2038 896">
     <span class='ocr_line' id='line_1_6' title="bbox 529 839 2038 896; baseline -0.003 -2"><span class='ocrx_word' id='word_1_19' title='bbox 529 840 784 896; x_wconf 81' lang='lat' dir='ltr'><strong>Faciendi</strong></span> <span class='ocrx_word' id='word_1_20' title='bbox 830 842 1054 895; x_wconf 83' lang='lat' dir='ltr'><strong>verbum</strong></span> <span class='ocrx_word' id='word_1_21' title='bbox 1090 842 1157 894; x_wconf 90' lang='lat' dir='ltr'><strong>de</strong></span> <span class='ocrx_word' id='word_1_22' title='bbox 1192 841 1373 895; x_wconf 88' lang='lat' dir='ltr'><strong>anima</strong></span> <span class='ocrx_word' id='word_1_23' title='bbox 1423 840 1555 893; x_wconf 81' lang='lat' dir='ltr'><strong>mihi</strong></span> <span class='ocrx_word' id='word_1_24' title='bbox 1593 841 1804 893; x_wconf 79' lang='lat' dir='ltr'><strong>videtur</strong></span> <span class='ocrx_word' id='word_1_25' title='bbox 1843 839 2038 891; x_wconf 83' lang='lat' dir='ltr'><strong>intelli-</strong></span> 
     </span>
    </p>
   </div>
   <div class='ocr_carea' id='block_1_7' title="bbox 455 931 2036 1002">
    <p class='ocr_par' dir='ltr' id='par_1_7' title="bbox 455 931 2036 1002">
     <span class='ocr_line' id='line_1_7' title="bbox 455 931 2036 1002; baseline -0.001 -17"><span class='ocrx_word' id='word_1_26' title='bbox 455 934 689 1002; x_wconf 82' lang='lat' dir='ltr'><strong>gendum</strong></span> <span class='ocrx_word' id='word_1_27' title='bbox 723 950 734 985; x_wconf 95' lang='lat'>:</span> <span class='ocrx_word' id='word_1_28' title='bbox 780 931 1125 985; x_wconf 79' lang='lat' dir='ltr'><strong>formationis</strong></span> <span class='ocrx_word' id='word_1_29' title='bbox 1164 943 1364 996; x_wconf 85' lang='lat' dir='ltr'><strong>autem,</strong></span> <span class='ocrx_word' id='word_1_30' title='bbox 1399 932 1465 985; x_wconf 87' lang='lat' dir='ltr'><strong>de</strong></span> <span class='ocrx_word' id='word_1_31' title='bbox 1506 932 1791 999; x_wconf 86' lang='lat' dir='ltr'><strong>multiplici</strong></span> <span class='ocrx_word' id='word_1_32' title='bbox 1820 932 2036 984; x_wconf 84' lang='lat' dir='ltr'><strong>lietinne</strong></span> 
     </span>
    </p>
   </div>
   <div class='ocr_carea' id='block_1_8' title="bbox 457 1022 2038 1093">
    <p class='ocr_par' dir='ltr' id='par_1_8' title="bbox 457 1022 2038 1093">
     <span class='ocr_line' id='line_1_8' title="bbox 457 1022 2038 1093; baseline -0.001 -17"><span class='ocrx_word' id='word_1_33' title='bbox 457 1023 726 1093; x_wconf 85' lang='lat' dir='ltr'><strong>corporis.</strong></span> <span class='ocrx_word' id='word_1_34' title='bbox 758 1023 952 1078; x_wconf 81' lang='lat' dir='ltr'><strong>Manus</strong></span> <span class='ocrx_word' id='word_1_35' title='bbox 983 1039 1112 1077; x_wconf 82' lang='lat' dir='ltr'><strong>vero</strong></span> <span class='ocrx_word' id='word_1_36' title='bbox 1143 1023 1232 1077; x_wconf 91' lang='lat' dir='ltr'><strong>Dei</strong></span> <span class='ocrx_word' id='word_1_37' title='bbox 1258 1034 1312 1077; x_wconf 82' lang='lat' dir='ltr'><strong>et</strong></span> <span class='ocrx_word' id='word_1_38' title='bbox 1351 1024 1545 1088; x_wconf 83' lang='lat' dir='ltr'><strong>Patris,</strong></span> <span class='ocrx_word' id='word_1_39' title='bbox 1583 1023 1779 1077; x_wconf 83' lang='lat' dir='ltr'><strong>Filium</strong></span> <span class='ocrx_word' id='word_1_40' title='bbox 1819 1032 1873 1077; x_wconf 91' lang='lat' dir='ltr'><strong>et</strong></span> <span class='ocrx_word' id='word_1_41' title='bbox 1923 1022 2038 1091; x_wconf 89' lang='lat' dir='ltr'><strong>Spi-</strong></span> 
     </span>
    </p>
   </div>
   <div class='ocr_carea' id='block_1_9' title="bbox 457 1116 2040 1187">
    <p class='ocr_par' dir='ltr' id='par_1_9' title="bbox 457 1116 2040 1187">
     <span class='ocr_line' id='line_1_9' title="bbox 457 1116 2040 1187; baseline -0.001 -18"><span class='ocrx_word' id='word_1_42' title='bbox 457 1116 623 1169; x_wconf 84' lang='lat' dir='ltr'><strong>ritum</strong></span> <span class='ocrx_word' id='word_1_43' title='bbox 654 1116 797 1177; x_wconf 86' lang='lat' dir='ltr'><strong>dico,</strong></span> <span class='ocrx_word' id='word_1_44' title='bbox 830 1117 895 1169; x_wconf 86' lang='lat' dir='ltr'><strong>ad</strong></span> <span class='ocrx_word' id='word_1_45' title='bbox 920 1132 1059 1185; x_wconf 90' lang='lat' dir='ltr'><strong>quos</strong></span> <span class='ocrx_word' id='word_1_46' title='bbox 1085 1118 1249 1171; x_wconf 86' lang='lat' dir='ltr'><strong>etiam</strong></span> <span class='ocrx_word' id='word_1_47' title='bbox 1294 1118 1467 1187; x_wconf 91' lang='lat' dir='ltr'><strong>inquit</strong></span> <span class='ocrx_word' id='word_1_48' title='bbox 1499 1137 1511 1171; x_wconf 88' lang='lat'><strong>:</strong></span> <span class='ocrx_word' id='word_1_49' title='bbox 1542 1116 1831 1170; x_wconf 79' lang='lat' dir='ltr'><strong>Faciamus</strong></span> <span class='ocrx_word' id='word_1_50' title='bbox 1874 1117 2040 1169; x_wconf 80' lang='lat' dir='ltr'><strong>Itami-</strong></span> 
     </span>
    </p>
   </div>
   <div class='ocr_carea' id='block_1_10' title="bbox 458 1207 2035 1283">
    <p class='ocr_par' dir='ltr' id='par_1_10' title="bbox 458 1207 2035 1283">
     <span class='ocr_line' id='line_1_10' title="bbox 458 1207 2035 1283; baseline 0 -23"><span class='ocrx_word' id='word_1_51' title='bbox 458 1224 575 1260; x_wconf 81' lang='lat' dir='ltr'><strong>nem</strong></span> <span class='ocrx_word' id='word_1_52' title='bbox 607 1209 892 1260; x_wconf 75' lang='lat' dir='ltr'><strong>secundant</strong></span> <span class='ocrx_word' id='word_1_53' title='bbox 920 1210 1198 1278; x_wconf 77' lang='lat' dir='ltr'><strong>imaginem</strong></span> <span class='ocrx_word' id='word_1_54' title='bbox 1238 1219 1286 1263; x_wconf 88' lang='lat' dir='ltr'><strong>et</strong></span> <span class='ocrx_word' id='word_1_55' title='bbox 1304 1210 1702 1283; x_wconf 84' lang='lat' dir='ltr'><strong>similitudinem</strong></span> <span class='ocrx_word' id='word_1_56' title='bbox 1721 1218 1953 1261; x_wconf 64' lang='lat' dir='ltr'><strong>nostram</strong></span> <span class='ocrx_word' id='word_1_57' title='bbox 1972 1207 2035 1260; x_wconf 75' lang='lat'><strong>&quot;.</strong></span> 
     </span>
    </p>
   </div>
   <div class='ocr_carea' id='block_1_11' title="bbox 459 1298 2043 1370">
    <p class='ocr_par' dir='ltr' id='par_1_11' title="bbox 459 1298 2043 1370">
     <span class='ocr_line' id='line_1_11' title="bbox 459 1298 2043 1370; baseline 0.003 -19"><span class='ocrx_word' id='word_1_58' title='bbox 459 1298 827 1364; x_wconf 79' lang='lat' dir='ltr'><strong>Quantumvis</strong></span> <span class='ocrx_word' id='word_1_59' title='bbox 881 1315 1009 1354; x_wconf 81' lang='lat' dir='ltr'><strong>vero</strong></span> <span class='ocrx_word' id='word_1_60' title='bbox 1081 1302 1227 1355; x_wconf 90' lang='lat' dir='ltr'><strong>dicat</strong></span> <span class='ocrx_word' id='word_1_61' title='bbox 1283 1301 1535 1363; x_wconf 87' lang='lat' dir='ltr'><strong>historia,</strong></span> <span class='ocrx_word' id='word_1_62' title='bbox 1580 1300 1723 1370; x_wconf 89' lang='lat' dir='ltr'><strong>quod</strong></span> <span class='ocrx_word' id='word_1_63' title='bbox 1774 1302 2043 1369; x_wconf 85' lang='lat' dir='ltr'><strong>acceperit</strong></span> 
     </span>
    </p>
   </div>
   <div class='ocr_carea' id='block_1_12' title="bbox 461 1386 2038 1459">
    <p class='ocr_par' dir='ltr' id='par_1_12' title="bbox 461 1386 2038 1459">
     <span class='ocr_line' id='line_1_12' title="bbox 461 1386 2038 1459; baseline 0.002 -21"><span class='ocrx_word' id='word_1_64' title='bbox 461 1386 608 1441; x_wconf 85' lang='lat' dir='ltr'><strong>Deus</strong></span> <span class='ocrx_word' id='word_1_65' title='bbox 632 1388 907 1456; x_wconf 84' lang='lat' dir='ltr'><strong>pulverem</strong></span> <span class='ocrx_word' id='word_1_66' title='bbox 943 1389 1009 1442; x_wconf 86' lang='lat' dir='ltr'><strong>de</strong></span> <span class='ocrx_word' id='word_1_67' title='bbox 1056 1396 1222 1452; x_wconf 87' lang='lat' dir='ltr'><strong>terra,</strong></span> <span class='ocrx_word' id='word_1_68' title='bbox 1257 1387 1685 1459; x_wconf 79' lang='lat' dir='ltr'><strong>formaveritque</strong></span> <span class='ocrx_word' id='word_1_69' title='bbox 1740 1389 2038 1452; x_wconf 87' lang='lat' dir='ltr'><strong>hominem,</strong></span> 
     </span>
    </p>
   </div>
   <div class='ocr_carea' id='block_1_13' title="bbox 460 1477 2043 1545">
    <p class='ocr_par' dir='ltr' id='par_1_13' title="bbox 460 1477 2043 1545">
     <span class='ocr_line' id='line_1_13' title="bbox 460 1477 2043 1545; baseline 0.001 -17"><span class='ocrx_word' id='word_1_70' title='bbox 460 1484 646 1529; x_wconf 84' lang='lat' dir='ltr'><strong>tamen</strong></span> <span class='ocrx_word' id='word_1_71' title='bbox 680 1491 744 1529; x_wconf 78' lang='lat' dir='ltr'><strong>ex</strong></span> <span class='ocrx_word' id='word_1_72' title='bbox 782 1486 1004 1545; x_wconf 88' lang='lat' dir='ltr'><strong>aspectu</strong></span> <span class='ocrx_word' id='word_1_73' title='bbox 1054 1486 1108 1530; x_wconf 90' lang='lat' dir='ltr'><strong>et</strong></span> <span class='ocrx_word' id='word_1_74' title='bbox 1142 1477 1382 1545; x_wconf 90' lang='lat' dir='ltr'><strong>ipsarum</strong></span> <span class='ocrx_word' id='word_1_75' title='bbox 1419 1492 1601 1531; x_wconf 90' lang='lat' dir='ltr'><strong>rerum</strong></span> <span class='ocrx_word' id='word_1_76' title='bbox 1639 1477 2043 1531; x_wconf 89' lang='lat' dir='ltr'><strong>consuetudine</strong></span> 
     </span>
    </p>
   </div>
   <div class='ocr_carea' id='block_1_14' title="bbox 460 1562 2040 1633">
    <p class='ocr_par' dir='ltr' id='par_1_14' title="bbox 460 1562 2040 1633">
     <span class='ocr_line' id='line_1_14' title="bbox 460 1562 2040 1633; baseline 0 -16"><span class='ocrx_word' id='word_1_77' title='bbox 460 1562 754 1617; x_wconf 82' lang='lat' dir='ltr'><strong>denotatur</strong></span> <span class='ocrx_word' id='word_1_78' title='bbox 783 1574 837 1618; x_wconf 91' lang='lat' dir='ltr'><strong>et</strong></span> <span class='ocrx_word' id='word_1_79' title='bbox 860 1564 992 1617; x_wconf 91' lang='lat' dir='ltr'><strong>illud</strong></span> <span class='ocrx_word' id='word_1_80' title='bbox 1025 1564 1171 1633; x_wconf 87' lang='lat' dir='ltr'><strong>quod</strong></span> <span class='ocrx_word' id='word_1_81' title='bbox 1202 1565 1305 1619; x_wconf 89' lang='lat' dir='ltr'><strong>sub</strong></span> <span class='ocrx_word' id='word_1_82' title='bbox 1330 1565 1520 1620; x_wconf 89' lang='lat' dir='ltr'><strong>oculos</strong></span> <span class='ocrx_word' id='word_1_83' title='bbox 1567 1581 1674 1619; x_wconf 93' lang='lat' dir='ltr'><strong>non</strong></span> <span class='ocrx_word' id='word_1_84' title='bbox 1706 1564 1881 1630; x_wconf 88' lang='lat' dir='ltr'><strong>cadit;</strong></span> <span class='ocrx_word' id='word_1_85' title='bbox 1916 1580 2040 1618; x_wconf 91' lang='lat' dir='ltr'><strong>nam</strong></span> 
     </span>
    </p>
   </div>
   <div class='ocr_carea' id='block_1_15' title="bbox 462 1654 2043 1724">
    <p class='ocr_par' dir='ltr' id='par_1_15' title="bbox 462 1654 2043 1724">
     <span class='ocr_line' id='line_1_15' title="bbox 462 1654 2043 1724; baseline 0.002 -18"><span class='ocrx_word' id='word_1_86' title='bbox 462 1654 759 1709; x_wconf 81' lang='lat' dir='ltr'><strong>voluntatis</strong></span> <span class='ocrx_word' id='word_1_87' title='bbox 802 1655 916 1708; x_wconf 68' lang='lat' dir='ltr'><strong>hazc</strong></span> <span class='ocrx_word' id='word_1_88' title='bbox 944 1655 1192 1723; x_wconf 85' lang='lat' dir='ltr'><strong>operatio</strong></span> <span class='ocrx_word' id='word_1_89' title='bbox 1236 1670 1463 1724; x_wconf 85' lang='lat' dir='ltr'><strong>prorsus</strong></span> <span class='ocrx_word' id='word_1_90' title='bbox 1486 1664 1592 1717; x_wconf 88' lang='lat' dir='ltr'><strong>est,</strong></span> <span class='ocrx_word' id='word_1_91' title='bbox 1628 1669 1734 1708; x_wconf 91' lang='lat' dir='ltr'><strong>non</strong></span> <span class='ocrx_word' id='word_1_92' title='bbox 1774 1669 2043 1709; x_wconf 87' lang='lat' dir='ltr'><strong>manuum</strong></span> 
     </span>
    </p>
   </div>
   <div class='ocr_carea' id='block_1_16' title="bbox 464 1742 2040 1815">
    <p class='ocr_par' dir='ltr' id='par_1_16' title="bbox 464 1742 2040 1815">
     <span class='ocr_line' id='line_1_16' title="bbox 464 1742 2040 1815; baseline -0.001 -18"><span class='ocrx_word' id='word_1_93' title='bbox 464 1743 742 1798; x_wconf 69' lang='lat' dir='ltr'><strong>formatio.</strong></span> <span class='ocrx_word' id='word_1_94' title='bbox 782 1742 1172 1798; x_wconf 79' lang='lat' dir='ltr'><strong>Verumtamen</strong></span> <span class='ocrx_word' id='word_1_95' title='bbox 1203 1761 1463 1799; x_wconf 90' lang='lat' dir='ltr'><strong>manuum</strong></span> <span class='ocrx_word' id='word_1_96' title='bbox 1517 1744 1830 1815; x_wconf 81' lang='lat' dir='ltr'><strong>ﬁgmentum</strong></span> <span class='ocrx_word' id='word_1_97' title='bbox 1864 1745 1929 1798; x_wconf 87' lang='lat' dir='ltr'><strong>ad</strong></span> <span class='ocrx_word' id='word_1_98' title='bbox 1955 1744 2040 1796; x_wconf 86' lang='lat' dir='ltr'><strong>di—</strong></span> 
     </span>
    </p>
   </div>
   <div class='ocr_carea' id='block_1_17' title="bbox 464 1834 2040 1910">
    <p class='ocr_par' dir='ltr' id='par_1_17' title="bbox 464 1834 2040 1910">
     <span class='ocr_line' id='line_1_17' title="bbox 464 1834 2040 1910; baseline 0.001 -24"><span class='ocrx_word' id='word_1_99' title='bbox 464 1834 722 1903; x_wconf 79' lang='lat' dir='ltr'><strong>gnitatem</strong></span> <span class='ocrx_word' id='word_1_100' title='bbox 757 1842 966 1890; x_wconf 47' lang='lat' dir='ltr'><strong>naturae</strong></span> <span class='ocrx_word' id='word_1_101' title='bbox 995 1836 1204 1890; x_wconf 87' lang='lat' dir='ltr'><strong>dictum</strong></span> <span class='ocrx_word' id='word_1_102' title='bbox 1236 1844 1338 1890; x_wconf 88' lang='lat' dir='ltr'><strong>est.</strong></span> <span class='ocrx_word' id='word_1_103' title='bbox 1388 1836 1839 1910; x_wconf 83' lang='lat' dir='ltr'><strong>Quandoquidem</strong></span> <span class='ocrx_word' id='word_1_104' title='bbox 1871 1844 1923 1889; x_wconf 91' lang='lat' dir='ltr'><strong>et</strong></span> <span class='ocrx_word' id='word_1_105' title='bbox 1966 1834 2040 1897; x_wconf 86' lang='lat' dir='ltr'><strong>id,</strong></span> 
     </span>
    </p>
   </div>
   <div class='ocr_carea' id='block_1_18' title="bbox 466 1926 2044 1998">
    <p class='ocr_par' dir='ltr' id='par_1_18' title="bbox 466 1926 2044 1998">
     <span class='ocr_line' id='line_1_18' title="bbox 466 1926 2044 1998; baseline 0.002 -22"><span class='ocrx_word' id='word_1_106' title='bbox 466 1926 614 1993; x_wconf 78' lang='lat' dir='ltr'><strong>q&#39;uod</strong></span> <span class='ocrx_word' id='word_1_107' title='bbox 646 1926 824 1982; x_wconf 80' lang='lat' dir='ltr'><strong>factus</strong></span> <span class='ocrx_word' id='word_1_108' title='bbox 853 1927 920 1981; x_wconf 92' lang='lat' dir='ltr'><strong>ad</strong></span> <span class='ocrx_word' id='word_1_109' title='bbox 949 1928 1239 1998; x_wconf 79' lang='lat' dir='ltr'><strong>imaginem</strong></span> <span class='ocrx_word' id='word_1_110' title='bbox 1273 1928 1365 1983; x_wconf 86' lang='lat' dir='ltr'><strong>Dei</strong></span> <span class='ocrx_word' id='word_1_111' title='bbox 1407 1929 1629 1989; x_wconf 90' lang='lat' dir='ltr'><strong>dicitur,</strong></span> <span class='ocrx_word' id='word_1_112' title='bbox 1674 1944 1779 1982; x_wconf 91' lang='lat' dir='ltr'><strong>non</strong></span> <span class='ocrx_word' id='word_1_113' title='bbox 1818 1928 1883 1981; x_wconf 86' lang='lat' dir='ltr'><strong>ad</strong></span> <span class='ocrx_word' id='word_1_114' title='bbox 1924 1927 2044 1979; x_wconf 77' lang='lat' dir='ltr'><strong>iuti-</strong></span> 
     </span>
    </p>
   </div>
   <div class='ocr_carea' id='block_1_19' title="bbox 466 2018 2045 2090">
    <p class='ocr_par' dir='ltr' id='par_1_19' title="bbox 466 2018 2045 2090">
     <span class='ocr_line' id='line_1_19' title="bbox 466 2018 2045 2090; baseline -0.001 -19"><span class='ocrx_word' id='word_1_115' title='bbox 466 2020 728 2074; x_wconf 86' lang='lat' dir='ltr'><strong>tationem</strong></span> <span class='ocrx_word' id='word_1_116' title='bbox 783 2029 993 2074; x_wconf 74' lang='lat' dir='ltr'><strong>natura:</strong></span> <span class='ocrx_word' id='word_1_117' title='bbox 1062 2020 1263 2090; x_wconf 88' lang='lat' dir='ltr'><strong>(neque</strong></span> <span class='ocrx_word' id='word_1_118' title='bbox 1304 2021 1448 2074; x_wconf 91' lang='lat' dir='ltr'><strong>enim</strong></span> <span class='ocrx_word' id='word_1_119' title='bbox 1504 2020 1796 2090; x_wconf 76' lang='lat' dir='ltr'><strong>quisquam</strong></span> <span class='ocrx_word' id='word_1_120' title='bbox 1861 2018 2045 2087; x_wconf 90' lang='lat' dir='ltr'><strong>eloqui</strong></span> 
     </span>
    </p>
   </div>
   <div class='ocr_carea' id='block_1_20' title="bbox 468 2109 2048 2180">
    <p class='ocr_par' dir='ltr' id='par_1_20' title="bbox 468 2109 2048 2180">
     <span class='ocr_line' id='line_1_20' title="bbox 468 2109 2048 2180; baseline 0.001 -19"><span class='ocrx_word' id='word_1_121' title='bbox 468 2120 652 2177; x_wconf 79' lang='lat' dir='ltr'><strong>queat,</strong></span> <span class='ocrx_word' id='word_1_122' title='bbox 705 2120 970 2180; x_wconf 90' lang='lat' dir='ltr'><strong>quantum</strong></span> <span class='ocrx_word' id='word_1_123' title='bbox 1026 2112 1098 2165; x_wconf 88' lang='lat' dir='ltr'><strong>sit</strong></span> <span class='ocrx_word' id='word_1_124' title='bbox 1143 2111 1567 2180; x_wconf 68' lang='lat' dir='ltr'><strong>discrepantim),</strong></span> <span class='ocrx_word' id='word_1_125' title='bbox 1630 2112 1724 2165; x_wconf 89' lang='lat' dir='ltr'><strong>sed</strong></span> <span class='ocrx_word' id='word_1_126' title='bbox 1774 2109 1843 2164; x_wconf 89' lang='lat' dir='ltr'><strong>ad</strong></span> <span class='ocrx_word' id='word_1_127' title='bbox 1891 2121 2048 2164; x_wconf 88' lang='lat' dir='ltr'><strong>notas</strong></span> 
     </span>
    </p>
   </div>
   <div class='ocr_carea' id='block_1_21' title="bbox 470 2199 1636 2269">
    <p class='ocr_par' dir='ltr' id='par_1_21' title="bbox 470 2199 1636 2269">
     <span class='ocr_line' id='line_1_21' title="bbox 470 2199 1636 2269; baseline 0.003 -18"><span class='ocrx_word' id='word_1_128' title='bbox 470 2199 809 2269; x_wconf 86' lang='lat' dir='ltr'><strong>principatus</strong></span> <span class='ocrx_word' id='word_1_129' title='bbox 831 2208 885 2253; x_wconf 90' lang='lat' dir='ltr'><strong>et</strong></span> <span class='ocrx_word' id='word_1_130' title='bbox 914 2199 1187 2254; x_wconf 76' lang='lat' dir='ltr'><strong>libertatis</strong></span> <span class='ocrx_word' id='word_1_131' title='bbox 1230 2200 1419 2253; x_wconf 83' lang='lat' dir='ltr'><strong>referri</strong></span> <span class='ocrx_word' id='word_1_132' title='bbox 1457 2201 1636 2254; x_wconf 82' lang='lat' dir='ltr'><strong>debet.</strong></span> 
     </span>
    </p>
   </div>
   <div class='ocr_carea' id='block_1_22' title="bbox 824 2285 1695 2342">
    <p class='ocr_par' dir='ltr' id='par_1_22' title="bbox 824 2285 1695 2342">
     <span class='ocr_line' id='line_1_22' title="bbox 824 2285 1695 2342; baseline 0.002 -2"><span class='ocrx_word' id='word_1_133' title='bbox 824 2286 1348 2342; x_wconf 79' lang='lat' dir='ltr'><strong>INTERROGATIO</strong></span> <span class='ocrx_word' id='word_1_134' title='bbox 1406 2285 1695 2342; x_wconf 76' lang='lat' dir='ltr'><strong>CXXXIX.</strong></span> 
     </span>
    </p>
   </div>
   <div class='ocr_carea' id='block_1_23' title="bbox 538 2377 2053 2451">
    <p class='ocr_par' dir='ltr' id='par_1_23' title="bbox 538 2377 2053 2451">
     <span class='ocr_line' id='line_1_23' title="bbox 538 2377 2053 2451; baseline -0.001 -18"><span class='ocrx_word' id='word_1_135' title='bbox 538 2379 681 2446; x_wconf 82' lang='lat' dir='ltr'><strong>Quid</strong></span> <span class='ocrx_word' id='word_1_136' title='bbox 705 2380 907 2451; x_wconf 79' lang='lat' dir='ltr'><strong>igitur?</strong></span> <span class='ocrx_word' id='word_1_137' title='bbox 958 2397 1089 2435; x_wconf 92' lang='lat' dir='ltr'><strong>num</strong></span> <span class='ocrx_word' id='word_1_138' title='bbox 1124 2381 1366 2435; x_wconf 90' lang='lat' dir='ltr'><strong>membra</strong></span> <span class='ocrx_word' id='word_1_139' title='bbox 1406 2380 1663 2434; x_wconf 83' lang='lat' dir='ltr'><strong>attribuis</strong></span> <span class='ocrx_word' id='word_1_140' title='bbox 1698 2377 1920 2432; x_wconf 83' lang='lat' dir='ltr'><strong>Numini</strong></span> <span class='ocrx_word' id='word_1_141' title='bbox 1972 2392 2053 2432; x_wconf 84' lang='lat' dir='ltr'><strong>se-</strong></span> 
     </span>
    </p>
   </div>
   <div class='ocr_carea' id='block_1_24' title="bbox 460 2469 2052 2541">
    <p class='ocr_par' dir='ltr' id='par_1_24' title="bbox 460 2469 2052 2541">
     <span class='ocr_line' id='line_1_24' title="bbox 460 2469 2052 2541; baseline -0.002 -16"><span class='ocrx_word' id='word_1_142' title='bbox 460 2472 712 2525; x_wconf 72' lang='lat' dir='ltr'><strong>cundum</strong></span> <span class='ocrx_word' id='word_1_143' title='bbox 768 2481 1010 2526; x_wconf 90' lang='lat' dir='ltr'><strong>nostram</strong></span> <span class='ocrx_word' id='word_1_144' title='bbox 1062 2473 1380 2541; x_wconf 78' lang='lat' dir='ltr'><strong>imaginem,</strong></span> <span class='ocrx_word' id='word_1_145' title='bbox 1431 2485 1592 2524; x_wconf 88' lang='lat' dir='ltr'><strong>aures</strong></span> <span class='ocrx_word' id='word_1_146' title='bbox 1643 2479 1696 2524; x_wconf 94' lang='lat' dir='ltr'><strong>et</strong></span> <span class='ocrx_word' id='word_1_147' title='bbox 1745 2469 1967 2523; x_wconf 86' lang='lat' dir='ltr'><strong>brachia</strong></span> <span class='ocrx_word' id='word_1_148' title='bbox 1997 2478 2052 2523; x_wconf 90' lang='lat' dir='ltr'><strong>et</strong></span> 
     </span>
    </p>
   </div>
   <div class='ocr_carea' id='block_1_25' title="bbox 464 2560 1490 2631">
    <p class='ocr_par' dir='ltr' id='par_1_25' title="bbox 464 2560 1490 2631">
     <span class='ocr_line' id='line_1_25' title="bbox 464 2560 1490 2631; baseline -0.003 -16"><span class='ocrx_word' id='word_1_149' title='bbox 464 2575 635 2615; x_wconf 70' lang='lat' dir='ltr'><strong>crura</strong></span> <span class='ocrx_word' id='word_1_150' title='bbox 665 2561 843 2631; x_wconf 85' lang='lat' dir='ltr'><strong>ipsum</strong></span> <span class='ocrx_word' id='word_1_151' title='bbox 882 2561 1083 2616; x_wconf 90' lang='lat' dir='ltr'><strong>habere</strong></span> <span class='ocrx_word' id='word_1_152' title='bbox 1126 2560 1490 2630; x_wconf 77' lang='lat' dir='ltr'><strong>signiﬁcans?</strong></span> 
     </span>
    </p>
   </div>
   <div class='ocr_carea' id='block_1_26' title="bbox 434 2636 1416 2720">
    <p class='ocr_par' dir='ltr' id='par_1_26' title="bbox 1105 2651 1416 2720">
     <span class='ocr_line' id='line_1_26' title="bbox 1105 2651 1416 2720; baseline -0.003 -16"><span class='ocrx_word' id='word_1_153' title='bbox 1105 2651 1416 2720; x_wconf 77' lang='lat' dir='ltr'><strong>Responsio.</strong></span> 
     </span>
    </p>
   </div>
   <div class='ocr_carea' id='block_1_27' title="bbox 551 2742 2060 2815">
    <p class='ocr_par' dir='ltr' id='par_1_27' title="bbox 551 2742 2060 2815">
     <span class='ocr_line' id='line_1_27' title="bbox 551 2742 2060 2815; baseline -0.002 -18"><span class='ocrx_word' id='word_1_154' title='bbox 551 2744 839 2799; x_wconf 88' lang='lat' dir='ltr'><strong>Paululum</strong></span> <span class='ocrx_word' id='word_1_155' title='bbox 875 2744 1030 2799; x_wconf 90' lang='lat' dir='ltr'><strong>inhis</strong></span> <span class='ocrx_word' id='word_1_156' title='bbox 1065 2754 1467 2815; x_wconf 84' lang='lat' dir='ltr'><strong>consequenter</strong></span> <span class='ocrx_word' id='word_1_157' title='bbox 1494 2753 1548 2798; x_wconf 91' lang='lat' dir='ltr'><strong>et</strong></span> <span class='ocrx_word' id='word_1_158' title='bbox 1574 2742 1765 2798; x_wconf 88' lang='lat' dir='ltr'><strong>ordine</strong></span> <span class='ocrx_word' id='word_1_159' title='bbox 1786 2754 2060 2812; x_wconf 78' lang='lat' dir='ltr'><strong>exponen-</strong></span> 
     </span>
    </p>
   </div>
   <div class='ocr_carea' id='block_1_28' title="bbox 475 2831 2057 2903">
    <p class='ocr_par' dir='ltr' id='par_1_28' title="bbox 475 2831 2057 2903">
     <span class='ocr_line' id='line_1_28' title="bbox 475 2831 2057 2903; baseline -0.003 -14"><span class='ocrx_word' id='word_1_160' title='bbox 475 2834 561 2891; x_wconf 86' lang='lat' dir='ltr'><strong>dis</strong></span> <span class='ocrx_word' id='word_1_161' title='bbox 599 2843 686 2890; x_wconf 88' lang='lat' dir='ltr'><strong>est</strong></span> <span class='ocrx_word' id='word_1_162' title='bbox 727 2835 1155 2900; x_wconf 90' lang='lat' dir='ltr'><strong>immorandum,</strong></span> <span class='ocrx_word' id='word_1_163' title='bbox 1198 2850 1267 2890; x_wconf 92' lang='lat' dir='ltr'><strong>ne</strong></span> <span class='ocrx_word' id='word_1_164' title='bbox 1302 2834 1629 2889; x_wconf 81' lang='lat' dir='ltr'><strong>confusione</strong></span> <span class='ocrx_word' id='word_1_165' title='bbox 1664 2831 1986 2903; x_wconf 66' lang='lat' dir='ltr'><strong>quaestionis</strong></span> <span class='ocrx_word' id='word_1_166' title='bbox 2025 2845 2057 2884; x_wconf 87' lang='lat' dir='ltr'><strong>a</strong></span> 
     </span>
    </p>
   </div>
   <div class='ocr_carea' id='block_1_29' title="bbox 477 2924 2053 2985">
    <p class='ocr_par' dir='ltr' id='par_1_29' title="bbox 477 2924 2053 2985">
     <span class='ocr_line' id='line_1_29' title="bbox 477 2924 2053 2985; baseline -0.003 -5"><span class='ocrx_word' id='word_1_167' title='bbox 477 2926 745 2980; x_wconf 86' lang='lat' dir='ltr'><strong>sententia</strong></span> <span class='ocrx_word' id='word_1_168' title='bbox 785 2926 1123 2979; x_wconf 85' lang='lat' dir='ltr'><strong>aberremus.</strong></span> <span class='ocrx_word' id='word_1_169' title='bbox 1150 2926 1228 2979; x_wconf 81' lang='lat' dir='ltr'><strong>Ad</strong></span> <span class='ocrx_word' id='word_1_170' title='bbox 1256 2927 1511 2979; x_wconf 82' lang='lat' dir='ltr'><strong>verticem</strong></span> <span class='ocrx_word' id='word_1_171' title='bbox 1535 2940 1664 2977; x_wconf 83' lang='lat' dir='ltr'><strong>vero</strong></span> <span class='ocrx_word' id='word_1_172' title='bbox 1686 2924 1856 2977; x_wconf 83' lang='lat' dir='ltr'><strong>nostri</strong></span> <span class='ocrx_word' id='word_1_173' title='bbox 1878 2932 2053 2985; x_wconf 88' lang='lat' dir='ltr'><strong>ortus,</strong></span> 
     </span>
    </p>
   </div>
   <div class='ocr_carea' id='block_1_30' title="bbox 480 3012 2058 3083">
    <p class='ocr_par' dir='ltr' id='par_1_30' title="bbox 480 3012 2058 3083">
     <span class='ocr_line' id='line_1_30' title="bbox 480 3012 2058 3083; baseline -0.003 -14"><span class='ocrx_word' id='word_1_174' title='bbox 480 3031 576 3083; x_wconf 86' lang='lat' dir='ltr'><strong>per</strong></span> <span class='ocrx_word' id='word_1_175' title='bbox 613 3016 882 3069; x_wconf 87' lang='lat' dir='ltr'><strong>orationis</strong></span> <span class='ocrx_word' id='word_1_176' title='bbox 912 3016 1112 3069; x_wconf 84' lang='lat' dir='ltr'><strong>scalam</strong></span> <span class='ocrx_word' id='word_1_177' title='bbox 1144 3023 1289 3068; x_wconf 88' lang='lat' dir='ltr'><strong>recta</strong></span> <span class='ocrx_word' id='word_1_178' title='bbox 1320 3014 1772 3069; x_wconf 83' lang='lat' dir='ltr'><strong>conscendamus.</strong></span> <span class='ocrx_word' id='word_1_179' title='bbox 1805 3012 2058 3081; x_wconf 84' lang='lat' dir='ltr'><strong>Magnum</strong></span> 
     </span>
    </p>
   </div>
   <div class='ocr_carea' id='block_1_31' title="bbox 476 3106 2061 3175">
    <p class='ocr_par' dir='ltr' id='par_1_31' title="bbox 476 3106 2061 3175">
     <span class='ocr_line' id='line_1_31' title="bbox 476 3106 2061 3175; baseline -0.003 -12"><span class='ocrx_word' id='word_1_180' title='bbox 476 3120 528 3163; x_wconf 77' lang='lat' dir='ltr'><strong>et</strong></span> <span class='ocrx_word' id='word_1_181' title='bbox 552 3110 840 3175; x_wconf 78' lang='lat' dir='ltr'><strong>pretiosum</strong></span> <span class='ocrx_word' id='word_1_182' title='bbox 862 3108 1116 3175; x_wconf 80' lang='lat' dir='ltr'><strong>quiddam</strong></span> <span class='ocrx_word' id='word_1_183' title='bbox 1143 3118 1218 3159; x_wconf 75' lang='lat' dir='ltr'><strong>est</strong></span> <span class='ocrx_word' id='word_1_184' title='bbox 1239 3107 1391 3158; x_wconf 86' lang='lat' dir='ltr'><strong>homo</strong></span> <span class='ocrx_word' id='word_1_185' title='bbox 1410 3108 1477 3166; x_wconf 80' lang='lat'><strong>&quot;,</strong></span> <span class='ocrx_word' id='word_1_186' title='bbox 1495 3106 1589 3175; x_wconf 93' lang='lat' dir='ltr'><strong>qui</strong></span> <span class='ocrx_word' id='word_1_187' title='bbox 1620 3106 1816 3158; x_wconf 91' lang='lat' dir='ltr'><strong>etolim</strong></span> <span class='ocrx_word' id='word_1_188' title='bbox 1842 3113 1897 3158; x_wconf 87' lang='lat' dir='ltr'><strong>et</strong></span> <span class='ocrx_word' id='word_1_189' title='bbox 1916 3120 2061 3159; x_wconf 90' lang='lat' dir='ltr'><strong>nunc</strong></span> 
     </span>
    </p>
   </div>
   <div class='ocr_carea' id='block_1_32' title="bbox 480 3198 2063 3266">
    <p class='ocr_par' dir='ltr' id='par_1_32' title="bbox 480 3198 2063 3266">
     <span class='ocr_line' id='line_1_32' title="bbox 480 3198 2063 3266; baseline 0 -15"><span class='ocrx_word' id='word_1_190' title='bbox 480 3216 545 3253; x_wconf 80' lang='lat' dir='ltr'><strong>ex</strong></span> <span class='ocrx_word' id='word_1_191' title='bbox 602 3201 764 3254; x_wconf 87' lang='lat' dir='ltr'><strong>rebus</strong></span> <span class='ocrx_word' id='word_1_192' title='bbox 811 3199 1010 3252; x_wconf 79' lang='lat' dir='ltr'><strong>vilibus</strong></span> <span class='ocrx_word' id='word_1_193' title='bbox 1067 3198 1227 3251; x_wconf 86' lang='lat' dir='ltr'><strong>habet</strong></span> <span class='ocrx_word' id='word_1_194' title='bbox 1270 3206 1472 3252; x_wconf 90' lang='lat' dir='ltr'><strong>ortum.</strong></span> <span class='ocrx_word' id='word_1_195' title='bbox 1510 3200 1646 3251; x_wconf 74' lang='lat' dir='ltr'><strong>Cum</strong></span> <span class='ocrx_word' id='word_1_196' title='bbox 1693 3198 1839 3253; x_wconf 79' lang='lat' dir='ltr'><strong>enim</strong></span> <span class='ocrx_word' id='word_1_197' title='bbox 1887 3198 2063 3266; x_wconf 85' lang='lat' dir='ltr'><strong>possit</strong></span> 
     </span>
    </p>
   </div>
   <div class='ocr_carea' id='block_1_33' title="bbox 486 3288 2060 3357">
    <p class='ocr_par' dir='ltr' id='par_1_33' title="bbox 486 3288 2060 3357">
     <span class='ocr_line' id='line_1_33' title="bbox 486 3288 2060 3357; baseline -0.001 -14"><span class='ocrx_word' id='word_1_198' title='bbox 486 3292 625 3345; x_wconf 83' lang='lat' dir='ltr'><strong>Deus</strong></span> <span class='ocrx_word' id='word_1_199' title='bbox 662 3305 726 3345; x_wconf 79' lang='lat' dir='ltr'><strong>ex</strong></span> <span class='ocrx_word' id='word_1_200' title='bbox 758 3305 863 3344; x_wconf 65' lang='lat' dir='ltr'><strong>iere</strong></span> <span class='ocrx_word' id='word_1_201' title='bbox 890 3290 974 3344; x_wconf 90' lang='lat' dir='ltr'><strong>vel</strong></span> <span class='ocrx_word' id='word_1_202' title='bbox 1015 3288 1160 3343; x_wconf 80' lang='lat' dir='ltr'><strong>ferro</strong></span> <span class='ocrx_word' id='word_1_203' title='bbox 1192 3290 1277 3343; x_wconf 86' lang='lat' dir='ltr'><strong>vel</strong></span> <span class='ocrx_word' id='word_1_204' title='bbox 1316 3289 1605 3343; x_wconf 88' lang='lat' dir='ltr'><strong>adamante</strong></span> <span class='ocrx_word' id='word_1_205' title='bbox 1636 3290 1717 3342; x_wconf 88' lang='lat' dir='ltr'><strong>vel</strong></span> <span class='ocrx_word' id='word_1_206' title='bbox 1767 3289 1946 3357; x_wconf 82' lang='lat' dir='ltr'><strong>lapide</strong></span> <span class='ocrx_word' id='word_1_207' title='bbox 1978 3288 2060 3342; x_wconf 77' lang='lat' dir='ltr'><strong>fa-</strong></span> 
     </span>
    </p>
   </div>
   <div class='ocr_carea' id='block_1_34' title="bbox 483 3379 2065 3449">
    <p class='ocr_par' dir='ltr' id='par_1_34' title="bbox 483 3379 2065 3449">
     <span class='ocr_line' id='line_1_34' title="bbox 483 3379 2065 3449; baseline 0.001 -17"><span class='ocrx_word' id='word_1_208' title='bbox 483 3396 606 3435; x_wconf 75' lang='lat' dir='ltr'><strong>cere</strong></span> <span class='ocrx_word' id='word_1_209' title='bbox 635 3380 933 3443; x_wconf 88' lang='lat' dir='ltr'><strong>hominem,</strong></span> <span class='ocrx_word' id='word_1_210' title='bbox 971 3395 1039 3434; x_wconf 68' lang='lat' dir='ltr'><strong>ex</strong></span> <span class='ocrx_word' id='word_1_211' title='bbox 1085 3380 1306 3449; x_wconf 89' lang='lat' dir='ltr'><strong>pulvere</strong></span> <span class='ocrx_word' id='word_1_212' title='bbox 1338 3380 1520 3449; x_wconf 83' lang='lat' dir='ltr'><strong>potius</strong></span> <span class='ocrx_word' id='word_1_213' title='bbox 1554 3380 1731 3448; x_wconf 88' lang='lat' dir='ltr'><strong>ipsum</strong></span> <span class='ocrx_word' id='word_1_214' title='bbox 1779 3379 2065 3433; x_wconf 77' lang='lat' dir='ltr'><strong>fabricavit</strong></span> 
     </span>
    </p>
   </div>
   <div class='ocr_carea' id='block_1_35' title="bbox 485 3470 2066 3536">
    <p class='ocr_par' dir='ltr' id='par_1_35' title="bbox 485 3470 2066 3536">
     <span class='ocr_line' id='line_1_35' title="bbox 485 3470 2066 3536; baseline 0.004 -17"><span class='ocrx_word' id='word_1_215' title='bbox 485 3474 639 3536; x_wconf 79' lang='lat' dir='ltr'><strong>nlim,</strong></span> <span class='ocrx_word' id='word_1_216' title='bbox 677 3471 840 3527; x_wconf 89' lang='lat' dir='ltr'><strong>hodie</strong></span> <span class='ocrx_word' id='word_1_217' title='bbox 876 3486 1003 3526; x_wconf 89' lang='lat' dir='ltr'><strong>vero</strong></span> <span class='ocrx_word' id='word_1_218' title='bbox 1033 3488 1098 3527; x_wconf 79' lang='lat' dir='ltr'><strong>ex</strong></span> <span class='ocrx_word' id='word_1_219' title='bbox 1128 3472 1277 3526; x_wconf 87' lang='lat' dir='ltr'><strong>tenui</strong></span> <span class='ocrx_word' id='word_1_220' title='bbox 1312 3487 1376 3526; x_wconf 91' lang='lat' dir='ltr'><strong>ac</strong></span> <span class='ocrx_word' id='word_1_221' title='bbox 1404 3471 1553 3525; x_wconf 78' lang='lat' dir='ltr'><strong>ﬂuxo</strong></span> <span class='ocrx_word' id='word_1_222' title='bbox 1586 3480 1957 3527; x_wconf 79' lang='lat' dir='ltr'><strong>excremento.</strong></span> <span class='ocrx_word' id='word_1_223' title='bbox 1989 3470 2066 3525; x_wconf 88' lang='lat' dir='ltr'><strong>De</strong></span> 
     </span>
    </p>
   </div>
   <div class='ocr_carea' id='block_1_36' title="bbox 490 3561 2063 3631">
    <p class='ocr_par' dir='ltr' id='par_1_36' title="bbox 490 3561 2063 3631">
     <span class='ocr_line' id='line_1_36' title="bbox 490 3561 2063 3631; baseline 0 -16"><span class='ocrx_word' id='word_1_224' title='bbox 490 3564 573 3618; x_wconf 87' lang='lat' dir='ltr'><strong>his</strong></span> <span class='ocrx_word' id='word_1_225' title='bbox 602 3561 893 3618; x_wconf 68' lang='lat' dir='ltr'><strong>manifesta</strong></span> <span class='ocrx_word' id='word_1_226' title='bbox 922 3572 1003 3617; x_wconf 89' lang='lat' dir='ltr'><strong>est</strong></span> <span class='ocrx_word' id='word_1_227' title='bbox 1040 3562 1611 3631; x_wconf 64' lang='lat' dir='ltr'><strong>incomprehensibilis</strong></span> <span class='ocrx_word' id='word_1_228' title='bbox 1648 3572 1702 3616; x_wconf 86' lang='lat' dir='ltr'><strong>et</strong></span> <span class='ocrx_word' id='word_1_229' title='bbox 1728 3562 2063 3616; x_wconf 87' lang='lat' dir='ltr'><strong>intellectum</strong></span> 
     </span>
    </p>
   </div>
   <div class='ocr_carea' id='block_1_37' title="bbox 488 3650 2071 3724">
    <p class='ocr_par' dir='ltr' id='par_1_37' title="bbox 488 3650 2071 3724">
     <span class='ocr_line' id='line_1_37' title="bbox 488 3650 2071 3724; baseline -0.003 -15"><span class='ocrx_word' id='word_1_230' title='bbox 488 3670 757 3724; x_wconf 79' lang='lat' dir='ltr'><strong>superans</strong></span> <span class='ocrx_word' id='word_1_231' title='bbox 778 3654 1069 3709; x_wconf 81' lang='lat' dir='ltr'><strong>eﬂicacitas</strong></span> <span class='ocrx_word' id='word_1_232' title='bbox 1101 3654 1379 3721; x_wconf 66' lang='lat' dir='ltr'><strong>sapientiae</strong></span> <span class='ocrx_word' id='word_1_233' title='bbox 1412 3652 1605 3721; x_wconf 87' lang='lat' dir='ltr'><strong>ipsius.</strong></span> <span class='ocrx_word' id='word_1_234' title='bbox 1633 3650 1821 3722; x_wconf 88' lang='lat' dir='ltr'><strong>Neque</strong></span> <span class='ocrx_word' id='word_1_235' title='bbox 1842 3652 2071 3707; x_wconf 78' lang='lat' dir='ltr'><strong>subsan-</strong></span> 
     </span>
    </p>
   </div>
   <div class='ocr_carea' id='block_1_38' title="bbox 489 3741 2068 3805">
    <p class='ocr_par' dir='ltr' id='par_1_38' title="bbox 489 3741 2068 3805">
     <span class='ocr_line' id='line_1_38' title="bbox 489 3741 2068 3805; baseline -0.003 -5"><span class='ocrx_word' id='word_1_236' title='bbox 489 3756 584 3800; x_wconf 82' lang='lat' dir='ltr'><strong>m-t</strong></span> <span class='ocrx_word' id='word_1_237' title='bbox 623 3754 719 3799; x_wconf 90' lang='lat' dir='ltr'><strong>aut</strong></span> <span class='ocrx_word' id='word_1_238' title='bbox 756 3745 1001 3800; x_wconf 78' lang='lat' dir='ltr'><strong>derideat</strong></span> <span class='ocrx_word' id='word_1_239' title='bbox 1046 3759 1134 3798; x_wconf 92' lang='lat' dir='ltr'><strong>me</strong></span> <span class='ocrx_word' id='word_1_240' title='bbox 1167 3753 1362 3799; x_wconf 65' lang='lat' dir='ltr'><strong>vestrae</strong></span> <span class='ocrx_word' id='word_1_241' title='bbox 1391 3744 1676 3798; x_wconf 87' lang='lat' dir='ltr'><strong>charitatis</strong></span> <span class='ocrx_word' id='word_1_242' title='bbox 1721 3758 1976 3805; x_wconf 88' lang='lat' dir='ltr'><strong>acumen.</strong></span> <span class='ocrx_word' id='word_1_243' title='bbox 2021 3741 2068 3796; x_wconf 92' lang='lat' dir='ltr'><strong>si</strong></span> 
     </span>
    </p>
   </div>
   <div class='ocr_carea' id='block_1_39' title="bbox 488 3834 2072 3907">
    <p class='ocr_par' dir='ltr' id='par_1_39' title="bbox 488 3834 2072 3907">
     <span class='ocr_line' id='line_1_39' title="bbox 488 3834 2072 3907; baseline -0.003 -16"><span class='ocrx_word' id='word_1_244' title='bbox 488 3839 783 3893; x_wconf 72' lang='lat' dir='ltr'><strong>exactior-is</strong></span> <span class='ocrx_word' id='word_1_245' title='bbox 815 3837 1146 3907; x_wconf 81' lang='lat' dir='ltr'><strong>cognitionis</strong></span> <span class='ocrx_word' id='word_1_246' title='bbox 1174 3837 1345 3906; x_wconf 79' lang='lat' dir='ltr'><strong>gratia</strong></span> <span class='ocrx_word' id='word_1_247' title='bbox 1374 3850 1646 3891; x_wconf 88' lang='lat' dir='ltr'><strong>summam</strong></span> <span class='ocrx_word' id='word_1_248' title='bbox 1668 3836 1915 3889; x_wconf 82' lang='lat' dir='ltr'><strong>oratione</strong></span> <span class='ocrx_word' id='word_1_249' title='bbox 1944 3834 2072 3887; x_wconf 89' lang='lat' dir='ltr'><strong>atti-</strong></span> 
     </span>
    </p>
   </div>
   <div class='ocr_carea' id='block_1_40' title="bbox 491 3925 2070 4000">
    <p class='ocr_par' dir='ltr' id='par_1_40' title="bbox 491 3925 2070 4000">
     <span class='ocr_line' id='line_1_40' title="bbox 491 3925 2070 4000; baseline -0.004 -16"><span class='ocrx_word' id='word_1_250' title='bbox 491 3945 621 4000; x_wconf 77' lang='lat' dir='ltr'><strong>gero</strong></span> <span class='ocrx_word' id='word_1_251' title='bbox 668 3929 1013 3998; x_wconf 71' lang='lat' dir='ltr'><strong>superficiem</strong></span> <span class='ocrx_word' id='word_1_252' title='bbox 1069 3929 1405 3983; x_wconf 86' lang='lat' dir='ltr'><strong>naturalium</strong></span> <span class='ocrx_word' id='word_1_253' title='bbox 1452 3927 1839 3998; x_wconf 84' lang='lat' dir='ltr'><strong>mysteriorum</strong></span> <span class='ocrx_word' id='word_1_254' title='bbox 1894 3925 2070 3981; x_wconf 87' lang='lat' dir='ltr'><strong>nostri</strong></span> 
     </span>
    </p>
   </div>
   <div class='ocr_carea' id='block_1_41' title="bbox 492 4018 2072 4091">
    <p class='ocr_par' dir='ltr' id='par_1_41' title="bbox 492 4018 2072 4091">
     <span class='ocr_line' id='line_1_41' title="bbox 492 4018 2072 4091; baseline -0.001 -18"><span class='ocrx_word' id='word_1_255' title='bbox 492 4032 665 4077; x_wconf 81' lang='lat' dir='ltr'><strong>ortus.</strong></span> <span class='ocrx_word' id='word_1_256' title='bbox 708 4022 895 4091; x_wconf 78' lang='lat' dir='ltr'><strong>Neque</strong></span> <span class='ocrx_word' id='word_1_257' title='bbox 922 4021 1065 4075; x_wconf 74' lang='lat' dir='ltr'><strong>enim</strong></span> <span class='ocrx_word' id='word_1_258' title='bbox 1094 4020 1276 4074; x_wconf 86' lang='lat' dir='ltr'><strong>divina</strong></span> <span class='ocrx_word' id='word_1_259' title='bbox 1306 4019 1629 4089; x_wconf 79' lang='lat' dir='ltr'><strong>dedignatur</strong></span> <span class='ocrx_word' id='word_1_260' title='bbox 1659 4018 1941 4087; x_wconf 89' lang='lat' dir='ltr'><strong>Scriptura</strong></span> <span class='ocrx_word' id='word_1_261' title='bbox 1972 4018 2072 4071; x_wconf 81' lang='lat' dir='ltr'><strong>ho-</strong></span> 
     </span>
    </p>
   </div>
   <div class='ocr_carea' id='block_1_42' title="bbox 492 4106 2070 4180">
    <p class='ocr_par' dir='ltr' id='par_1_42' title="bbox 492 4106 2070 4180">
     <span class='ocr_line' id='line_1_42' title="bbox 492 4106 2070 4180; baseline -0.004 -12"><span class='ocrx_word' id='word_1_262' title='bbox 492 4129 616 4169; x_wconf 86' lang='lat' dir='ltr'><strong>rum</strong></span> <span class='ocrx_word' id='word_1_263' title='bbox 661 4113 1001 4176; x_wconf 85' lang='lat' dir='ltr'><strong>meminisse,</strong></span> <span class='ocrx_word' id='word_1_264' title='bbox 1050 4127 1173 4167; x_wconf 92' lang='lat' dir='ltr'><strong>cum</strong></span> <span class='ocrx_word' id='word_1_265' title='bbox 1217 4111 1461 4180; x_wconf 89' lang='lat' dir='ltr'><strong>loquitur</strong></span> <span class='ocrx_word' id='word_1_266' title='bbox 1493 4111 1559 4164; x_wconf 92' lang='lat' dir='ltr'><strong>de</strong></span> <span class='ocrx_word' id='word_1_267' title='bbox 1600 4109 1709 4163; x_wconf 80' lang='lat' dir='ltr'><strong>tilio</strong></span> <span class='ocrx_word' id='word_1_268' title='bbox 1754 4106 1909 4163; x_wconf 67' lang='lat' dir='ltr'><strong>Juda:</strong></span> <span class='ocrx_word' id='word_1_269' title='bbox 1946 4122 2070 4162; x_wconf 90' lang='lat' dir='ltr'><strong>cum</strong></span> 
     </span>
    </p>
   </div>
   <div class='ocr_carea' id='block_1_43' title="bbox 495 4202 2076 4269">
    <p class='ocr_par' dir='ltr' id='par_1_43' title="bbox 495 4202 2076 4269">
     <span class='ocr_line' id='line_1_43' title="bbox 495 4202 2076 4269; baseline -0.004 -9"><span class='ocrx_word' id='word_1_270' title='bbox 495 4207 768 4260; x_wconf 77' lang='lat' dir='ltr'><strong>Thamare</strong></span> <span class='ocrx_word' id='word_1_271' title='bbox 800 4205 1125 4259; x_wconf 90' lang='lat' dir='ltr'><strong>dormiente.</strong></span> <span class='ocrx_word' id='word_1_272' title='bbox 1158 4202 1426 4257; x_wconf 66' lang='lat' dir='ltr'><strong>Praeterea</strong></span> <span class='ocrx_word' id='word_1_273' title='bbox 1457 4202 1524 4257; x_wconf 92' lang='lat' dir='ltr'><strong>de</strong></span> <span class='ocrx_word' id='word_1_274' title='bbox 1557 4202 1847 4256; x_wconf 84' lang='lat' dir='ltr'><strong>mulierum</strong></span> <span class='ocrx_word' id='word_1_275' title='bbox 1879 4216 2076 4269; x_wconf 77' lang='lat' dir='ltr'><strong>purga-</strong></span> 
     </span>
    </p>
   </div>
   <div class='ocr_carea' id='block_1_44' title="bbox 496 4293 2073 4365">
    <p class='ocr_par' dir='ltr' id='par_1_44' title="bbox 496 4293 2073 4365">
     <span class='ocr_line' id='line_1_44' title="bbox 496 4293 2073 4365; baseline -0.005 -13"><span class='ocrx_word' id='word_1_276' title='bbox 496 4298 760 4363; x_wconf 86' lang='lat' dir='ltr'><strong>tionibus,</strong></span> <span class='ocrx_word' id='word_1_277' title='bbox 787 4298 854 4352; x_wconf 90' lang='lat' dir='ltr'><strong>de</strong></span> <span class='ocrx_word' id='word_1_278' title='bbox 880 4296 1106 4352; x_wconf 87' lang='lat' dir='ltr'><strong>seminis</strong></span> <span class='ocrx_word' id='word_1_279' title='bbox 1134 4296 1339 4350; x_wconf 77' lang='lat' dir='ltr'><strong>ﬂuxum</strong></span> <span class='ocrx_word' id='word_1_280' title='bbox 1376 4296 1734 4365; x_wconf 89' lang='lat' dir='ltr'><strong>patiente.....</strong></span> <span class='ocrx_word' id='word_1_281' title='bbox 1772 4293 2073 4357; x_wconf 75' lang='lat' dir='ltr'><strong>sedentem,</strong></span> 
     </span>
    </p>
   </div>
   <div class='ocr_carea' id='block_1_45' title="bbox 496 4386 2076 4459">
    <p class='ocr_par' dir='ltr' id='par_1_45' title="bbox 496 4386 2076 4459">
     <span class='ocr_line' id='line_1_45' title="bbox 496 4386 2076 4459; baseline -0.006 -10"><span class='ocrx_word' id='word_1_282' title='bbox 496 4395 566 4449; x_wconf 91' lang='lat' dir='ltr'><strong>de</strong></span> <span class='ocrx_word' id='word_1_283' title='bbox 596 4406 795 4447; x_wconf 89' lang='lat' dir='ltr'><strong>novam</strong></span> <span class='ocrx_word' id='word_1_284' title='bbox 838 4400 893 4446; x_wconf 89' lang='lat' dir='ltr'><strong>et</strong></span> <span class='ocrx_word' id='word_1_285' title='bbox 924 4390 1210 4459; x_wconf 78' lang='lat' dir='ltr'><strong>conjugem</strong></span> <span class='ocrx_word' id='word_1_286' title='bbox 1259 4396 1542 4458; x_wconf 75' lang='lat' dir='ltr'><strong>purgante.</strong></span> <span class='ocrx_word' id='word_1_287' title='bbox 1590 4387 1694 4442; x_wconf 87' lang='lat' dir='ltr'><strong>Sed</strong></span> <span class='ocrx_word' id='word_1_288' title='bbox 1743 4395 1799 4441; x_wconf 90' lang='lat' dir='ltr'><strong>et</strong></span> <span class='ocrx_word' id='word_1_289' title='bbox 1841 4386 2076 4440; x_wconf 77' lang='lat' dir='ltr'><strong>eximius</strong></span> 
     </span>
    </p>
   </div>
   <div class='ocr_carea' id='block_1_46' title="bbox 499 4476 2079 4550">
    <p class='ocr_par' dir='ltr' id='par_1_46' title="bbox 499 4476 2079 4550">
     <span class='ocr_line' id='line_1_46' title="bbox 499 4476 2079 4550; baseline -0.004 -16"><span class='ocrx_word' id='word_1_290' title='bbox 499 4480 797 4550; x_wconf 80' lang='lat' dir='ltr'><strong>Apostolus</strong></span> <span class='ocrx_word' id='word_1_291' title='bbox 848 4478 1127 4533; x_wconf 88' lang='lat' dir='ltr'><strong>masculos</strong></span> <span class='ocrx_word' id='word_1_292' title='bbox 1175 4477 1647 4546; x_wconf 89' lang='lat' dir='ltr'><strong>corrumpentium</strong></span> <span class='ocrx_word' id='word_1_293' title='bbox 1702 4476 1969 4535; x_wconf 87' lang='lat' dir='ltr'><strong>virorum.</strong></span> <span class='ocrx_word' id='word_1_294' title='bbox 2024 4484 2079 4528; x_wconf 90' lang='lat' dir='ltr'><strong>et</strong></span> 
     </span>
    </p>
   </div>
   <div class='ocr_carea' id='block_1_47' title="bbox 499 4566 2072 4636">
    <p class='ocr_par' dir='ltr' id='par_1_47' title="bbox 499 4566 2072 4636">
     <span class='ocr_line' id='line_1_47' title="bbox 499 4566 2072 4636; baseline -0.003 -13"><span class='ocrx_word' id='word_1_295' title='bbox 499 4569 866 4625; x_wconf 85' lang='lat' dir='ltr'><strong>masculorum</strong></span> <span class='ocrx_word' id='word_1_296' title='bbox 894 4583 1043 4621; x_wconf 91' lang='lat' dir='ltr'><strong>more</strong></span> <span class='ocrx_word' id='word_1_297' title='bbox 1070 4583 1189 4621; x_wconf 85' lang='lat' dir='ltr'><strong>sese</strong></span> <span class='ocrx_word' id='word_1_298' title='bbox 1213 4566 1625 4636; x_wconf 85' lang='lat' dir='ltr'><strong>depereuntium</strong></span> <span class='ocrx_word' id='word_1_299' title='bbox 1652 4567 1941 4620; x_wconf 89' lang='lat' dir='ltr'><strong>mulierum</strong></span> <span class='ocrx_word' id='word_1_300' title='bbox 1967 4580 2072 4619; x_wconf 86' lang='lat' dir='ltr'><strong>me-</strong></span> 
     </span>
    </p>
   </div>
   <div class='ocr_carea' id='block_1_48' title="bbox 500 4658 2076 4729">
    <p class='ocr_par' dir='ltr' id='par_1_48' title="bbox 500 4658 2076 4729">
     <span class='ocr_line' id='line_1_48' title="bbox 500 4658 2076 4729; baseline -0.004 -12"><span class='ocrx_word' id='word_1_301' title='bbox 500 4663 682 4724; x_wconf 87' lang='lat' dir='ltr'><strong>minit,</strong></span> <span class='ocrx_word' id='word_1_302' title='bbox 715 4663 781 4717; x_wconf 89' lang='lat' dir='ltr'><strong>ad</strong></span> <span class='ocrx_word' id='word_1_303' title='bbox 816 4660 1092 4715; x_wconf 81' lang='lat' dir='ltr'><strong>Romanos</strong></span> <span class='ocrx_word' id='word_1_304' title='bbox 1132 4660 1379 4715; x_wconf 89' lang='lat' dir='ltr'><strong>scribens</strong></span> <span class='ocrx_word' id='word_1_305' title='bbox 1410 4660 1476 4713; x_wconf 78' lang='lat'><strong>&#39;°.</strong></span> <span class='ocrx_word' id='word_1_306' title='bbox 1509 4658 1773 4729; x_wconf 84' lang='lat' dir='ltr'><strong>Dejicitnr</strong></span> <span class='ocrx_word' id='word_1_307' title='bbox 1806 4659 1990 4727; x_wconf 83' lang='lat' dir='ltr'><strong>itaque</strong></span> <span class='ocrx_word' id='word_1_308' title='bbox 2022 4659 2076 4711; x_wconf 91' lang='lat' dir='ltr'><strong>in</strong></span> 
     </span>
    </p>
   </div>
   <div class='ocr_carea' id='block_1_49' title="bbox 502 4750 2079 4821">
    <p class='ocr_par' dir='ltr' id='par_1_49' title="bbox 502 4750 2079 4821">
     <span class='ocr_line' id='line_1_49' title="bbox 502 4750 2079 4821; baseline -0.002 -13"><span class='ocrx_word' id='word_1_309' title='bbox 502 4752 763 4808; x_wconf 76' lang='lat' dir='ltr'><strong>feminam</strong></span> <span class='ocrx_word' id='word_1_310' title='bbox 789 4770 819 4808; x_wconf 87' lang='lat' dir='ltr'><strong>a</strong></span> <span class='ocrx_word' id='word_1_311' title='bbox 848 4769 996 4806; x_wconf 65' lang='lat' dir='ltr'><strong>mare</strong></span> <span class='ocrx_word' id='word_1_312' title='bbox 1027 4752 1223 4821; x_wconf 79' lang='lat' dir='ltr'><strong>frigida</strong></span> <span class='ocrx_word' id='word_1_313' title='bbox 1255 4752 1503 4821; x_wconf 50' lang='lat' dir='ltr'><strong>quasdam</strong></span> <span class='ocrx_word' id='word_1_314' title='bbox 1534 4751 1782 4805; x_wconf 90' lang='lat' dir='ltr'><strong>humoris</strong></span> <span class='ocrx_word' id='word_1_315' title='bbox 1811 4750 2079 4817; x_wconf 90' lang='lat' dir='ltr'><strong>ebullitio,</strong></span> 
     </span>
    </p>
   </div>
   <div class='ocr_carea' id='block_1_50' title="bbox 503 4844 2082 4916">
    <p class='ocr_par' dir='ltr' id='par_1_50' title="bbox 503 4844 2082 4916">
     <span class='ocr_line' id='line_1_50' title="bbox 503 4844 2082 4916; baseline -0.003 -15"><span class='ocrx_word' id='word_1_316' title='bbox 503 4861 677 4916; x_wconf 82' lang='lat' dir='ltr'><strong>eaque</strong></span> <span class='ocrx_word' id='word_1_317' title='bbox 715 4849 1000 4901; x_wconf 86' lang='lat' dir='ltr'><strong>commista</strong></span> <span class='ocrx_word' id='word_1_318' title='bbox 1041 4861 1163 4901; x_wconf 90' lang='lat' dir='ltr'><strong>eum</strong></span> <span class='ocrx_word' id='word_1_319' title='bbox 1198 4844 1413 4911; x_wconf 87' lang='lat' dir='ltr'><strong>objceto</strong></span> <span class='ocrx_word' id='word_1_320' title='bbox 1456 4844 1686 4897; x_wconf 87' lang='lat' dir='ltr'><strong>humore</strong></span> <span class='ocrx_word' id='word_1_321' title='bbox 1718 4844 2019 4913; x_wconf 81' lang='lat' dir='ltr'><strong>sanguineo</strong></span> <span class='ocrx_word' id='word_1_322' title='bbox 2052 4858 2082 4897; x_wconf 91' lang='lat' dir='ltr'><strong>a</strong></span> 
     </span>
    </p>
   </div>
   <div class='ocr_carea' id='block_1_51' title="bbox 506 4932 2083 5006">
    <p class='ocr_par' dir='ltr' id='par_1_51' title="bbox 506 4932 2083 5006">
     <span class='ocr_line' id='line_1_51' title="bbox 506 4932 2083 5006; baseline 0.001 -20"><span class='ocrx_word' id='word_1_323' title='bbox 506 4936 736 4989; x_wconf 90' lang='lat' dir='ltr'><strong>muliere</strong></span> <span class='ocrx_word' id='word_1_324' title='bbox 764 4936 998 5002; x_wconf 91' lang='lat' dir='ltr'><strong>reddito,</strong></span> <span class='ocrx_word' id='word_1_325' title='bbox 1043 4936 1360 5006; x_wconf 83' lang='lat' dir='ltr'><strong>coagulatur</strong></span> <span class='ocrx_word' id='word_1_326' title='bbox 1388 4949 1417 4987; x_wconf 91' lang='lat' dir='ltr'><strong>a</strong></span> <span class='ocrx_word' id='word_1_327' title='bbox 1447 4932 1727 5003; x_wconf 79' lang='lat' dir='ltr'><strong>frigidiore</strong></span> <span class='ocrx_word' id='word_1_328' title='bbox 1758 4934 1859 4987; x_wconf 79' lang='lat' dir='ltr'><strong>viri</strong></span> <span class='ocrx_word' id='word_1_329' title='bbox 1892 4948 2083 4987; x_wconf 83' lang='lat' dir='ltr'><strong>excre-</strong></span> 
     </span>
    </p>
   </div>
   <div class='ocr_carea' id='block_1_52' title="bbox 508 5026 2088 5098">
    <p class='ocr_par' dir='ltr' id='par_1_52' title="bbox 508 5026 2088 5098">
     <span class='ocr_line' id='line_1_52' title="bbox 508 5026 2088 5098; baseline 0.001 -21"><span class='ocrx_word' id='word_1_330' title='bbox 508 5035 717 5089; x_wconf 90' lang='lat' dir='ltr'><strong>mento,</strong></span> <span class='ocrx_word' id='word_1_331' title='bbox 746 5028 1204 5093; x_wconf 87' lang='lat' dir='ltr'><strong>quemadmodum</strong></span> <span class='ocrx_word' id='word_1_332' title='bbox 1234 5028 1412 5098; x_wconf 91' lang='lat' dir='ltr'><strong>inquit</strong></span> <span class='ocrx_word' id='word_1_333' title='bbox 1447 5026 1863 5096; x_wconf 87' lang='lat' dir='ltr'><strong>vituperationis</strong></span> <span class='ocrx_word' id='word_1_334' title='bbox 1892 5040 2088 5095; x_wconf 78' lang='lat' dir='ltr'><strong>expers</strong></span> 
     </span>
    </p>
   </div>
   <div class='ocr_carea' id='block_1_53' title="bbox 508 5116 2088 5189">
    <p class='ocr_par' dir='ltr' id='par_1_53' title="bbox 508 5116 2088 5189">
     <span class='ocr_line' id='line_1_53' title="bbox 508 5116 2088 5189; baseline -0.003 -17"><span class='ocrx_word' id='word_1_335' title='bbox 508 5125 564 5172; x_wconf 92' lang='lat' dir='ltr'><strong>et</strong></span> <span class='ocrx_word' id='word_1_336' title='bbox 595 5131 757 5171; x_wconf 81' lang='lat' dir='ltr'><strong>verax</strong></span> <span class='ocrx_word' id='word_1_337' title='bbox 806 5116 900 5173; x_wconf 92' lang='lat' dir='ltr'><strong>Dei</strong></span> <span class='ocrx_word' id='word_1_338' title='bbox 938 5120 1254 5174; x_wconf 90' lang='lat' dir='ltr'><strong>testimonio</strong></span> <span class='ocrx_word' id='word_1_339' title='bbox 1296 5119 1598 5189; x_wconf 89' lang='lat' dir='ltr'><strong>perhibitus</strong></span> <span class='ocrx_word' id='word_1_340' title='bbox 1632 5118 1722 5173; x_wconf 89' lang='lat' dir='ltr'><strong>ille</strong></span> <span class='ocrx_word' id='word_1_341' title='bbox 1752 5116 1945 5181; x_wconf 82' lang='lat' dir='ltr'><strong>Jobus,</strong></span> <span class='ocrx_word' id='word_1_342' title='bbox 1994 5116 2088 5185; x_wconf 89' lang='lat' dir='ltr'><strong>qui</strong></span> 
     </span>
    </p>
   </div>
   <div class='ocr_carea' id='block_1_54' title="bbox 511 5207 2089 5281">
    <p class='ocr_par' dir='ltr' id='par_1_54' title="bbox 511 5207 2089 5281">
     <span class='ocr_line' id='line_1_54' title="bbox 511 5207 2089 5281; baseline -0.002 -16"><span class='ocrx_word' id='word_1_343' title='bbox 511 5211 565 5265; x_wconf 88' lang='lat' dir='ltr'><strong>in</strong></span> <span class='ocrx_word' id='word_1_344' title='bbox 597 5209 681 5265; x_wconf 85' lang='lat' dir='ltr'><strong>sui</strong></span> <span class='ocrx_word' id='word_1_345' title='bbox 720 5212 967 5279; x_wconf 81' lang='lat' dir='ltr'><strong>corporis</strong></span> <span class='ocrx_word' id='word_1_346' title='bbox 1004 5212 1224 5267; x_wconf 62' lang='lat' dir='ltr'><strong>laesione</strong></span> <span class='ocrx_word' id='word_1_347' title='bbox 1264 5213 1329 5265; x_wconf 70' lang='lat' dir='ltr'><strong>ait</strong></span> <span class='ocrx_word' id='word_1_348' title='bbox 1368 5210 1536 5265; x_wconf 88' lang='lat' dir='ltr'><strong>Deum</strong></span> <span class='ocrx_word' id='word_1_349' title='bbox 1575 5209 1858 5281; x_wconf 90' lang='lat' dir='ltr'><strong>loquitur:</strong></span> <span class='ocrx_word' id='word_1_350' title='bbox 1900 5207 2089 5262; x_wconf 83' lang='lat' dir='ltr'><strong>Nonne</strong></span> 
     </span>
    </p>
   </div>
   <div class='ocr_carea' id='block_1_55' title="bbox 511 5299 2092 5371">
    <p class='ocr_par' dir='ltr' id='par_1_55' title="bbox 511 5299 2092 5371">
     <span class='ocr_line' id='line_1_55' title="bbox 511 5299 2092 5371; baseline -0.001 -16"><span class='ocrx_word' id='word_1_351' title='bbox 511 5303 647 5356; x_wconf 77' lang='lat' dir='ltr'><strong>sicut</strong></span> <span class='ocrx_word' id='word_1_352' title='bbox 684 5299 767 5354; x_wconf 87' lang='lat' dir='ltr'><strong>lac</strong></span> <span class='ocrx_word' id='word_1_353' title='bbox 805 5317 884 5354; x_wconf 86' lang='lat' dir='ltr'><strong>me</strong></span> <span class='ocrx_word' id='word_1_354' title='bbox 923 5300 1177 5365; x_wconf 73' lang='lat' dir='ltr'><strong>mulsisti,</strong></span> <span class='ocrx_word' id='word_1_355' title='bbox 1221 5312 1269 5355; x_wconf 84' lang='lat' dir='ltr'><strong>et</strong></span> <span class='ocrx_word' id='word_1_356' title='bbox 1314 5302 1453 5357; x_wconf 83' lang='lat' dir='ltr'><strong>velut</strong></span> <span class='ocrx_word' id='word_1_357' title='bbox 1503 5319 1708 5355; x_wconf 80' lang='lat' dir='ltr'><strong>caseum</strong></span> <span class='ocrx_word' id='word_1_358' title='bbox 1754 5300 2092 5371; x_wconf 70' lang='lat' dir='ltr'><strong>coagulasti?</strong></span> 
     </span>
    </p>
   </div>
   <div class='ocr_carea' id='block_1_56' title="bbox 522 5392 2090 5459">
    <p class='ocr_par' dir='ltr' id='par_1_56' title="bbox 522 5392 2090 5459">
     <span class='ocr_line' id='line_1_56' title="bbox 522 5392 2090 5459; baseline -0.003 -12"><span class='ocrx_word' id='word_1_359' title='bbox 522 5394 660 5448; x_wconf 80' lang='lat' dir='ltr'><strong>Pelle</strong></span> <span class='ocrx_word' id='word_1_360' title='bbox 685 5404 734 5449; x_wconf 87' lang='lat' dir='ltr'><strong>et</strong></span> <span class='ocrx_word' id='word_1_361' title='bbox 758 5392 1004 5448; x_wconf 77' lang='lat' dir='ltr'><strong>carnibus</strong></span> <span class='ocrx_word' id='word_1_362' title='bbox 1046 5394 1269 5446; x_wconf 79' lang='lat' dir='ltr'><strong>induisti</strong></span> <span class='ocrx_word' id='word_1_363' title='bbox 1302 5411 1401 5459; x_wconf 88' lang='lat' dir='ltr'><strong>me,</strong></span> <span class='ocrx_word' id='word_1_364' title='bbox 1432 5395 1634 5449; x_wconf 76' lang='lat' dir='ltr'><strong>ossibus</strong></span> <span class='ocrx_word' id='word_1_365' title='bbox 1670 5404 1717 5447; x_wconf 84' lang='lat' dir='ltr'><strong>et</strong></span> <span class='ocrx_word' id='word_1_366' title='bbox 1748 5394 1917 5446; x_wconf 76' lang='lat' dir='ltr'><strong>nervis</strong></span> <span class='ocrx_word' id='word_1_367' title='bbox 1948 5408 2090 5445; x_wconf 86' lang='lat' dir='ltr'><strong>com-</strong></span> 
     </span>
    </p>
   </div>
   <div class='ocr_carea' id='block_1_57' title="bbox 515 5480 2092 5553">
    <p class='ocr_par' dir='ltr' id='par_1_57' title="bbox 515 5480 2092 5553">
     <span class='ocr_line' id='line_1_57' title="bbox 515 5480 2092 5553; baseline -0.005 -14"><span class='ocrx_word' id='word_1_368' title='bbox 515 5488 705 5552; x_wconf 73' lang='lat' dir='ltr'><strong>pedisti</strong></span> <span class='ocrx_word' id='word_1_369' title='bbox 744 5502 824 5539; x_wconf 89' lang='lat' dir='ltr'><strong>me</strong></span> <span class='ocrx_word' id='word_1_370' title='bbox 846 5499 867 5540; x_wconf 85' lang='lat'><strong>.&#39;</strong></span> <span class='ocrx_word' id='word_1_371' title='bbox 904 5487 1067 5539; x_wconf 75' lang='lat' dir='ltr'><strong>vitam</strong></span> <span class='ocrx_word' id='word_1_372' title='bbox 1101 5492 1150 5537; x_wconf 82' lang='lat' dir='ltr'><strong>et</strong></span> <span class='ocrx_word' id='word_1_373' title='bbox 1195 5484 1616 5537; x_wconf 81' lang='lat' dir='ltr'><strong>misericordiam</strong></span> <span class='ocrx_word' id='word_1_374' title='bbox 1662 5482 1953 5553; x_wconf 71' lang='lat' dir='ltr'><strong>apposuisti</strong></span> <span class='ocrx_word' id='word_1_375' title='bbox 1986 5480 2092 5533; x_wconf 86' lang='lat' dir='ltr'><strong>mi-</strong></span> 
     </span>
    </p>
   </div>
   <div class='ocr_carea' id='block_1_58' title="bbox 517 5572 2094 5644">
    <p class='ocr_par' dir='ltr' id='par_1_58' title="bbox 517 5572 2094 5644">
     <span class='ocr_line' id='line_1_58' title="bbox 517 5572 2094 5644; baseline 0 -19"><span class='ocrx_word' id='word_1_376' title='bbox 517 5577 571 5627; x_wconf 77' lang='lat' dir='ltr'><strong>hi</strong></span> <span class='ocrx_word' id='word_1_377' title='bbox 596 5575 639 5607; x_wconf 79' lang='lat'><strong>&quot;</strong></span> <span class='ocrx_word' id='word_1_378' title='bbox 660 5594 675 5639; x_wconf 88' lang='lat'><strong>;</strong></span> <span class='ocrx_word' id='word_1_379' title='bbox 700 5585 949 5630; x_wconf 85' lang='lat' dir='ltr'><strong>naturam</strong></span> <span class='ocrx_word' id='word_1_380' title='bbox 970 5575 1133 5631; x_wconf 85' lang='lat' dir='ltr'><strong>simul</strong></span> <span class='ocrx_word' id='word_1_381' title='bbox 1152 5584 1206 5630; x_wconf 89' lang='lat' dir='ltr'><strong>et</strong></span> <span class='ocrx_word' id='word_1_382' title='bbox 1223 5575 1471 5644; x_wconf 89' lang='lat' dir='ltr'><strong>proprias</strong></span> <span class='ocrx_word' id='word_1_383' title='bbox 1494 5575 1636 5629; x_wconf 86' lang='lat' dir='ltr'><strong>vires</strong></span> <span class='ocrx_word' id='word_1_384' title='bbox 1656 5575 1776 5644; x_wconf 89' lang='lat' dir='ltr'><strong>ejus</strong></span> <span class='ocrx_word' id='word_1_385' title='bbox 1794 5572 2094 5643; x_wconf 83' lang='lat' dir='ltr'><strong>propriam-</strong></span> 
     </span>
    </p>
   </div>
   <div class='ocr_carea' id='block_1_59' title="bbox 519 5664 2088 5733">
    <p class='ocr_par' dir='ltr' id='par_1_59' title="bbox 519 5664 2088 5733">
     <span class='ocr_line' id='line_1_59' title="bbox 519 5664 2088 5733; baseline -0.001 -17"><span class='ocrx_word' id='word_1_386' title='bbox 519 5682 623 5733; x_wconf 73' lang='lat' dir='ltr'><strong>que</strong></span> <span class='ocrx_word' id='word_1_387' title='bbox 651 5674 973 5733; x_wconf 86' lang='lat' dir='ltr'><strong>potestatem</strong></span> <span class='ocrx_word' id='word_1_388' title='bbox 1001 5667 1403 5721; x_wconf 82' lang='lat' dir='ltr'><strong>demonstrans.</strong></span> <span class='ocrx_word' id='word_1_389' title='bbox 1432 5664 1608 5719; x_wconf 81' lang='lat' dir='ltr'><strong>Vitam</strong></span> <span class='ocrx_word' id='word_1_390' title='bbox 1637 5676 1819 5720; x_wconf 89' lang='lat' dir='ltr'><strong>autem</strong></span> <span class='ocrx_word' id='word_1_391' title='bbox 1852 5673 1900 5718; x_wconf 88' lang='lat' dir='ltr'><strong>et</strong></span> <span class='ocrx_word' id='word_1_392' title='bbox 1930 5664 2088 5716; x_wconf 77' lang='lat' dir='ltr'><strong>miu-</strong></span> 
     </span>
    </p>
   </div>
   <div class='ocr_carea' id='block_1_60' title="bbox 1553 354 2640 418">
    <p class='ocr_par' dir='ltr' id='par_1_60' title="bbox 1553 354 2640 418">
     <span class='ocr_line' id='line_1_60' title="bbox 1553 354 2640 418; baseline -0.007 -1"><span class='ocrx_word' id='word_1_393' title='bbox 1553 364 1609 417; x_wconf 88' lang='lat' dir='ltr'><strong>S.</strong></span> <span class='ocrx_word' id='word_1_394' title='bbox 1637 358 1940 418; x_wconf 69' lang='grc' dir='ltr'><strong>(ἷΑ-ΞΞΑΙΠΙ</strong></span> <span class='ocrx_word' id='word_1_395' title='bbox 1982 358 2311 417; x_wconf 73' lang='lat' dir='ltr'><strong>GREGOBII</strong></span> <span class='ocrx_word' id='word_1_396' title='bbox 2340 354 2640 412; x_wconf 79' lang='lat' dir='ltr'><strong>FRATRIS</strong></span> 
     </span>
    </p>
   </div>
   <div class='ocr_carea' id='block_1_61' title="bbox 3571 338 3731 392">
    <p class='ocr_par' dir='ltr' id='par_1_61' title="bbox 3571 338 3731 392">
     <span class='ocr_line' id='line_1_61' title="bbox 3571 338 3731 392; baseline -0.006 0"><span class='ocrx_word' id='word_1_397' title='bbox 3571 338 3731 392; x_wconf 56' lang='lat'><strong>106$</strong></span> 
     </span>
    </p>
   </div>
   <div class='ocr_carea' id='block_1_62' title="bbox 2134 457 3721 544">
    <p class='ocr_par' dir='ltr' id='par_1_62' title="bbox 2134 457 3721 544">
     <span class='ocr_line' id='line_1_62' title="bbox 2134 457 3721 544; baseline -0.014 -14"><span class='ocrx_word' id='word_1_398' title='bbox 2134 494 2226 529; x_wconf 81' lang='grc' dir='ltr'><strong>του</strong></span> <span class='ocrx_word' id='word_1_399' title='bbox 2278 475 2485 544; x_wconf 76' lang='grc' dir='ltr'>διφυεῖς</span> <span class='ocrx_word' id='word_1_400' title='bbox 2517 470 2743 532; x_wconf 78' lang='grc' dir='ltr'>ἑαυτοὺς</span> <span class='ocrx_word' id='word_1_401' title='bbox 2792 464 3041 537; x_wconf 82' lang='grc' dir='ltr'><strong>νοοῦμεν.</strong></span> <span class='ocrx_word' id='word_1_402' title='bbox 3072 463 3238 525; x_wconf 80' lang='grc' dir='ltr'><strong>Ποίας</strong></span> <span class='ocrx_word' id='word_1_403' title='bbox 3284 460 3342 514; x_wconf 77' lang='grc' dir='ltr'>δὲ</span> <span class='ocrx_word' id='word_1_404' title='bbox 3379 460 3479 530; x_wconf 76' lang='grc' dir='ltr'>ἄρα</span> <span class='ocrx_word' id='word_1_405' title='bbox 3525 457 3721 527; x_wconf 58' lang='grc' dir='ltr'>μίτραι</span> 
     </span>
    </p>
   </div>
   <div class='ocr_carea' id='block_1_63' title="bbox 2134 560 2773 639">
    <p class='ocr_par' dir='ltr' id='par_1_63' title="bbox 2134 560 2773 639">
     <span class='ocr_line' id='line_1_63' title="bbox 2134 560 2773 639; baseline -0.011 -19"><span class='ocrx_word' id='word_1_406' title='bbox 2134 569 2242 639; x_wconf 77' lang='grc' dir='ltr'>χρὴ</span> <span class='ocrx_word' id='word_1_407' title='bbox 2270 568 2449 635; x_wconf 77' lang='grc' dir='ltr'>λέγειν</span> <span class='ocrx_word' id='word_1_408' title='bbox 2486 564 2579 617; x_wconf 73' lang='grc' dir='ltr'><strong>ἐπὶ</strong></span> <span class='ocrx_word' id='word_1_409' title='bbox 2601 560 2773 625; x_wconf 88' lang='grc' dir='ltr'>Θεοῦ;</span> 
     </span>
    </p>
   </div>
   <div class='ocr_carea' id='block_1_64' title="bbox 2754 734 3105 801">
    <p class='ocr_par' dir='ltr' id='par_1_64' title="bbox 2754 734 3105 801">
     <span class='ocr_line' id='line_1_64' title="bbox 2754 734 3105 801; baseline -0.014 -11"><span class='ocrx_word' id='word_1_410' title='bbox 2754 734 3105 801; x_wconf 76' lang='grc' dir='ltr'><strong>Ἀπόκρισις.</strong></span> 
     </span>
    </p>
   </div>
   <div class='ocr_carea' id='block_1_65' title="bbox 2208 811 3725 903">
    <p class='ocr_par' dir='ltr' id='par_1_65' title="bbox 2208 811 3725 903">
     <span class='ocr_line' id='line_1_65' title="bbox 2208 811 3725 903; baseline -0.015 -18"><span class='ocrx_word' id='word_1_411' title='bbox 2208 834 2319 903; x_wconf 80' lang='grc' dir='ltr'><strong>Τὴν</strong></span> <span class='ocrx_word' id='word_1_412' title='bbox 2352 831 2566 899; x_wconf 77' lang='grc' dir='ltr'>ποίησιν</span> <span class='ocrx_word' id='word_1_413' title='bbox 2590 829 2684 880; x_wconf 76' lang='grc' dir='ltr'><strong>ἐπὶ</strong></span> <span class='ocrx_word' id='word_1_414' title='bbox 2714 826 2813 895; x_wconf 79' lang='grc' dir='ltr'>τῆς</span> <span class='ocrx_word' id='word_1_415' title='bbox 2842 824 3022 894; x_wconf 79' lang='grc' dir='ltr'>ψυχῆς</span> <span class='ocrx_word' id='word_1_416' title='bbox 3050 839 3138 893; x_wconf 89' lang='grc' dir='ltr'><strong>μοι</strong></span> <span class='ocrx_word' id='word_1_417' title='bbox 3162 820 3308 873; x_wconf 86' lang='grc' dir='ltr'><strong>δοκεῖ</strong></span> <span class='ocrx_word' id='word_1_418' title='bbox 3334 814 3593 874; x_wconf 84' lang='grc' dir='ltr'>νοεῖσθαι,</span> <span class='ocrx_word' id='word_1_419' title='bbox 3622 811 3725 880; x_wconf 69' lang='grc' dir='ltr'>τὴν</span> 
     </span>
    </p>
   </div>
   <div class='ocr_carea' id='block_1_66' title="bbox 2135 908 3724 989">
    <p class='ocr_par' dir='ltr' id='par_1_66' title="bbox 2135 908 3724 989">
     <span class='ocr_line' id='line_1_66' title="bbox 2135 908 3724 989; baseline -0.015 -10"><span class='ocrx_word' id='word_1_420' title='bbox 2135 927 2192 979; x_wconf 85' lang='grc' dir='ltr'>δὲ</span> <span class='ocrx_word' id='word_1_421' title='bbox 2225 924 2420 978; x_wconf 80' lang='grc' dir='ltr'><strong>πλάσιν</strong></span> <span class='ocrx_word' id='word_1_422' title='bbox 2450 922 2541 974; x_wconf 75' lang='grc' dir='ltr'><strong>ἐπὶ</strong></span> <span class='ocrx_word' id='word_1_423' title='bbox 2582 920 2681 989; x_wconf 84' lang='grc' dir='ltr'>τῆς</span> <span class='ocrx_word' id='word_1_424' title='bbox 2727 917 3051 988; x_wconf 79' lang='grc' dir='ltr'><strong>σωματικῆς</strong></span> <span class='ocrx_word' id='word_1_425' title='bbox 3091 909 3483 971; x_wconf 80' lang='grc' dir='ltr'>πολυπλασίας.</span> <span class='ocrx_word' id='word_1_426' title='bbox 3512 908 3724 974; x_wconf 82' lang='grc' dir='ltr'>Χεῖρας</span> 
     </span>
    </p>
   </div>
   <div class='ocr_carea' id='block_1_67' title="bbox 2136 993 3729 1078">
    <p class='ocr_par' dir='ltr' id='par_1_67' title="bbox 2136 993 3729 1078">
     <span class='ocr_line' id='line_1_67' title="bbox 2136 993 3729 1078; baseline -0.014 -11"><span class='ocrx_word' id='word_1_427' title='bbox 2136 1015 2192 1067; x_wconf 81' lang='grc' dir='ltr'>δὲ</span> <span class='ocrx_word' id='word_1_428' title='bbox 2221 1013 2314 1066; x_wconf 84' lang='grc' dir='ltr'><strong>τοῦ</strong></span> <span class='ocrx_word' id='word_1_429' title='bbox 2366 1012 2501 1065; x_wconf 81' lang='grc' dir='ltr'>Θεοῦ</span> <span class='ocrx_word' id='word_1_430' title='bbox 2543 1010 2636 1062; x_wconf 68' lang='grc' dir='ltr'>καὶ</span> <span class='ocrx_word' id='word_1_431' title='bbox 2686 1006 2901 1078; x_wconf 84' lang='grc' dir='ltr'>Πατρὸς</span> <span class='ocrx_word' id='word_1_432' title='bbox 2950 1005 3041 1057; x_wconf 82' lang='grc' dir='ltr'>τὸν</span> <span class='ocrx_word' id='word_1_433' title='bbox 3089 1002 3217 1054; x_wconf 84' lang='grc' dir='ltr'>Υἱὸν</span> <span class='ocrx_word' id='word_1_434' title='bbox 3247 1000 3342 1053; x_wconf 71' lang='grc' dir='ltr'>καὶ</span> <span class='ocrx_word' id='word_1_435' title='bbox 3386 998 3446 1050; x_wconf 80' lang='grc' dir='ltr'>τὸ</span> <span class='ocrx_word' id='word_1_436' title='bbox 3493 993 3729 1062; x_wconf 79' lang='grc' dir='ltr'>Πνεῦμά</span> 
     </span>
    </p>
   </div>
   <div class='ocr_carea' id='block_1_68' title="bbox 2140 1087 3731 1173">
    <p class='ocr_par' dir='ltr' id='par_1_68' title="bbox 2140 1087 3731 1173">
     <span class='ocr_line' id='line_1_68' title="bbox 2140 1087 3731 1173; baseline -0.013 -18"><span class='ocrx_word' id='word_1_437' title='bbox 2140 1120 2302 1173; x_wconf 82' lang='grc' dir='ltr'>φημι,</span> <span class='ocrx_word' id='word_1_438' title='bbox 2336 1100 2471 1171; x_wconf 81' lang='grc' dir='ltr'>πρὸς</span> <span class='ocrx_word' id='word_1_439' title='bbox 2523 1098 2617 1160; x_wconf 80' lang='grc' dir='ltr'>οὓς</span> <span class='ocrx_word' id='word_1_440' title='bbox 2652 1097 2745 1150; x_wconf 88' lang='grc' dir='ltr'><strong>καί</strong></span> <span class='ocrx_word' id='word_1_441' title='bbox 2799 1111 2965 1164; x_wconf 68' lang='grc' dir='ltr'><strong>φησν</strong></span> <span class='ocrx_word' id='word_1_442' title='bbox 3013 1090 3365 1159; x_wconf 77' lang='grc' dir='ltr'><strong>Ποιήσωμεν</strong></span> <span class='ocrx_word' id='word_1_443' title='bbox 3408 1087 3731 1153; x_wconf 77' lang='grc' dir='ltr'>ἄνθρωπον</span> 
     </span>
    </p>
   </div>
   <div class='ocr_carea' id='block_1_69' title="bbox 2140 1175 3728 1255">
    <p class='ocr_par' dir='ltr' id='par_1_69' title="bbox 2140 1175 3728 1255">
     <span class='ocr_line' id='line_1_69' title="bbox 2140 1175 3728 1255; baseline -0.013 -9"><span class='ocrx_word' id='word_1_444' title='bbox 2140 1192 2267 1246; x_wconf 78' lang='grc' dir='ltr'>κατ’</span> <span class='ocrx_word' id='word_1_445' title='bbox 2298 1192 2503 1245; x_wconf 75' lang='grc' dir='ltr'>εἰκόνα</span> <span class='ocrx_word' id='word_1_446' title='bbox 2550 1187 2649 1241; x_wconf 75' lang='grc' dir='ltr'><strong>καί</strong></span> <span class='ocrx_word' id='word_1_447' title='bbox 2701 1188 2989 1255; x_wconf 79' lang='grc' dir='ltr'>ὁμοίωσιν</span> <span class='ocrx_word' id='word_1_448' title='bbox 3020 1181 3335 1251; x_wconf 67' lang='grc' dir='ltr'>ἡμετέραν.</span> <span class='ocrx_word' id='word_1_449' title='bbox 3366 1179 3429 1231; x_wconf 88' lang='grc' dir='ltr'>Εἰ</span> <span class='ocrx_word' id='word_1_450' title='bbox 3467 1177 3525 1229; x_wconf 85' lang='grc' dir='ltr'>δὲ</span> <span class='ocrx_word' id='word_1_451' title='bbox 3566 1175 3662 1228; x_wconf 84' lang='grc' dir='ltr'><strong>καί</strong></span> <span class='ocrx_word' id='word_1_452' title='bbox 3688 1176 3728 1243; x_wconf 72' lang='grc' dir='ltr'><strong>ἡ</strong></span> 
     </span>
    </p>
   </div>
   <div class='ocr_carea' id='block_1_70' title="bbox 2144 1265 3729 1353">
    <p class='ocr_par' dir='ltr' id='par_1_70' title="bbox 2144 1265 3729 1353">
     <span class='ocr_line' id='line_1_70' title="bbox 2144 1265 3729 1353; baseline -0.011 -17"><span class='ocrx_word' id='word_1_453' title='bbox 2144 1286 2351 1353; x_wconf 83' lang='grc' dir='ltr'><strong>ἱστορία</strong></span> <span class='ocrx_word' id='word_1_454' title='bbox 2399 1282 2585 1351; x_wconf 82' lang='grc' dir='ltr'>φησὶν,</span> <span class='ocrx_word' id='word_1_455' title='bbox 2614 1281 2697 1332; x_wconf 83' lang='grc' dir='ltr'>ὅτι</span> <span class='ocrx_word' id='word_1_456' title='bbox 2727 1276 2907 1331; x_wconf 81' lang='grc' dir='ltr'>λαϐὼν</span> <span class='ocrx_word' id='word_1_457' title='bbox 2940 1279 2969 1329; x_wconf 88' lang='lat'><strong>6</strong></span> <span class='ocrx_word' id='word_1_458' title='bbox 3005 1274 3136 1337; x_wconf 84' lang='grc' dir='ltr'>Θεὸς</span> <span class='ocrx_word' id='word_1_459' title='bbox 3172 1271 3299 1342; x_wconf 80' lang='grc' dir='ltr'>χοῦν</span> <span class='ocrx_word' id='word_1_460' title='bbox 3329 1269 3435 1323; x_wconf 80' lang='grc' dir='ltr'><strong>ἀπὸ</strong></span> <span class='ocrx_word' id='word_1_461' title='bbox 3463 1268 3563 1337; x_wconf 77' lang='grc' dir='ltr'>τῆς</span> <span class='ocrx_word' id='word_1_462' title='bbox 3595 1265 3729 1335; x_wconf 80' lang='grc' dir='ltr'>γῆς,</span> 
     </span>
    </p>
   </div>
   <div class='ocr_carea' id='block_1_71' title="bbox 2142 1356 3732 1445">
    <p class='ocr_par' dir='ltr' id='par_1_71' title="bbox 2142 1356 3732 1445">
     <span class='ocr_line' id='line_1_71' title="bbox 2142 1356 3732 1445; baseline -0.014 -18"><span class='ocrx_word' id='word_1_463' title='bbox 2142 1374 2343 1427; x_wconf 76' lang='grc' dir='ltr'>ἔπλασε</span> <span class='ocrx_word' id='word_1_464' title='bbox 2381 1376 2471 1426; x_wconf 58' lang='grc' dir='ltr'><strong>τὸν</strong></span> <span class='ocrx_word' id='word_1_465' title='bbox 2492 1374 2794 1445; x_wconf 78' lang='grc' dir='ltr'>ἄνθρωπον.</span> <span class='ocrx_word' id='word_1_466' title='bbox 2812 1373 2875 1420; x_wconf 55' lang='grc' dir='ltr'><strong>τῦ</strong></span> <span class='ocrx_word' id='word_1_467' title='bbox 2901 1368 3082 1420; x_wconf 51' lang='lat' dir='ltr'><strong>imissa</strong></span> <span class='ocrx_word' id='word_1_468' title='bbox 3106 1365 3201 1419; x_wconf 69' lang='grc' dir='ltr'><strong>καὶ</strong></span> <span class='ocrx_word' id='word_1_469' title='bbox 3219 1365 3283 1431; x_wconf 80' lang='grc' dir='ltr'>τῆ</span> <span class='ocrx_word' id='word_1_470' title='bbox 3326 1357 3587 1427; x_wconf 72' lang='grc' dir='ltr'>συνηθείᾳ</span> <span class='ocrx_word' id='word_1_471' title='bbox 3618 1356 3732 1407; x_wconf 78' lang='grc' dir='ltr'><strong>τῶν</strong></span> 
     </span>
    </p>
   </div>
   <div class='ocr_carea' id='block_1_72' title="bbox 2142 1444 3734 1535">
    <p class='ocr_par' dir='ltr' id='par_1_72' title="bbox 2142 1444 3734 1535">
     <span class='ocr_line' id='line_1_72' title="bbox 2142 1444 3734 1535; baseline -0.014 -19"><span class='ocrx_word' id='word_1_472' title='bbox 2142 1462 2483 1535; x_wconf 80' lang='grc' dir='ltr'>πραγμάτων</span> <span class='ocrx_word' id='word_1_473' title='bbox 2503 1458 2561 1511; x_wconf 79' lang='grc' dir='ltr'><strong>τὸ</strong></span> <span class='ocrx_word' id='word_1_474' title='bbox 2585 1444 2813 1527; x_wconf 79' lang='grc' dir='ltr'>άόρατον</span> <span class='ocrx_word' id='word_1_475' title='bbox 2835 1455 2933 1525; x_wconf 84' lang='grc' dir='ltr'>τῆς</span> <span class='ocrx_word' id='word_1_476' title='bbox 2956 1452 3236 1523; x_wconf 77' lang='grc' dir='ltr'><strong>ἐνεργείας</strong></span> <span class='ocrx_word' id='word_1_477' title='bbox 3259 1447 3577 1519; x_wconf 77' lang='grc' dir='ltr'>παραδηλοῖ.</span> <span class='ocrx_word' id='word_1_478' title='bbox 3602 1444 3734 1495; x_wconf 49' lang='lat' dir='ltr'><strong>Bon.</strong></span> 
     </span>
    </p>
   </div>
   <div class='ocr_carea' id='block_1_73' title="bbox 2142 1535 3734 1625">
    <p class='ocr_par' dir='ltr' id='par_1_73' title="bbox 2142 1535 3734 1625">
     <span class='ocr_line' id='line_1_73' title="bbox 2142 1535 3734 1625; baseline -0.014 -18"><span class='ocrx_word' id='word_1_479' title='bbox 2142 1556 2350 1625; x_wconf 75' lang='grc' dir='ltr'>λήσεως</span> <span class='ocrx_word' id='word_1_480' title='bbox 2389 1552 2497 1621; x_wconf 77' lang='grc' dir='ltr'><strong>γὰρ</strong></span> <span class='ocrx_word' id='word_1_481' title='bbox 2528 1550 2774 1620; x_wconf 78' lang='grc' dir='ltr'>ἐνέργεια</span> <span class='ocrx_word' id='word_1_482' title='bbox 2806 1548 2866 1599; x_wconf 68' lang='grc' dir='ltr'>τὸ</span> <span class='ocrx_word' id='word_1_483' title='bbox 2890 1547 3019 1605; x_wconf 77' lang='grc' dir='ltr'>πᾶν,</span> <span class='ocrx_word' id='word_1_484' title='bbox 3060 1543 3182 1612; x_wconf 81' lang='grc' dir='ltr'><strong>οὑχὶ</strong></span> <span class='ocrx_word' id='word_1_485' title='bbox 3218 1542 3273 1593; x_wconf 76' lang='grc' dir='ltr'>δὲ</span> <span class='ocrx_word' id='word_1_486' title='bbox 3306 1538 3504 1609; x_wconf 80' lang='grc' dir='ltr'>χειρῶν</span> <span class='ocrx_word' id='word_1_487' title='bbox 3530 1535 3734 1595; x_wconf 82' lang='grc' dir='ltr'>πλάσις</span> 
     </span>
    </p>
   </div>
   <div class='ocr_carea' id='block_1_74' title="bbox 2143 1629 3735 1711">
    <p class='ocr_par' dir='ltr' id='par_1_74' title="bbox 2143 1629 3735 1711">
     <span class='ocr_line' id='line_1_74' title="bbox 2143 1629 3735 1711; baseline -0.013 -13"><span class='ocrx_word' id='word_1_488' title='bbox 2143 1647 2204 1697; x_wconf 77' lang='grc' dir='ltr'>τὸ</span> <span class='ocrx_word' id='word_1_489' title='bbox 2242 1642 2691 1711; x_wconf 78' lang='grc' dir='ltr'>κατασκεύασμα.</span> <span class='ocrx_word' id='word_1_490' title='bbox 2736 1639 2880 1709; x_wconf 84' lang='grc' dir='ltr'><strong>Πλὴν</strong></span> <span class='ocrx_word' id='word_1_491' title='bbox 2928 1635 3125 1708; x_wconf 81' lang='grc' dir='ltr'>χειρῶν</span> <span class='ocrx_word' id='word_1_492' title='bbox 3165 1634 3409 1702; x_wconf 82' lang='grc' dir='ltr'>πλάσμα,</span> <span class='ocrx_word' id='word_1_493' title='bbox 3448 1632 3527 1691; x_wconf 83' lang='grc' dir='ltr'><strong>είς</strong></span> <span class='ocrx_word' id='word_1_494' title='bbox 3560 1629 3735 1697; x_wconf 70' lang='grc' dir='ltr'>τιμὴν</span> 
     </span>
    </p>
   </div>
   <div class='ocr_carea' id='block_1_75' title="bbox 2146 1720 3735 1807">
    <p class='ocr_par' dir='ltr' id='par_1_75' title="bbox 2146 1720 3735 1807">
     <span class='ocr_line' id='line_1_75' title="bbox 2146 1720 3735 1807; baseline -0.011 -19"><span class='ocrx_word' id='word_1_495' title='bbox 2146 1740 2246 1807; x_wconf 72' lang='grc' dir='ltr'>τῆς</span> <span class='ocrx_word' id='word_1_496' title='bbox 2275 1735 2492 1803; x_wconf 74' lang='grc' dir='ltr'>φύσεως</span> <span class='ocrx_word' id='word_1_497' title='bbox 2543 1731 3003 1802; x_wconf 77' lang='grc' dir='ltr'><strong>προσηγόρευται.</strong></span> <span class='ocrx_word' id='word_1_498' title='bbox 3048 1727 3201 1780; x_wconf 76' lang='grc' dir='ltr'>Ἐπεὶ</span> <span class='ocrx_word' id='word_1_499' title='bbox 3252 1726 3346 1777; x_wconf 73' lang='grc' dir='ltr'>καὶ</span> <span class='ocrx_word' id='word_1_500' title='bbox 3389 1721 3508 1775; x_wconf 80' lang='grc' dir='ltr'>κατ’</span> <span class='ocrx_word' id='word_1_501' title='bbox 3543 1720 3735 1772; x_wconf 79' lang='grc' dir='ltr'>εἰκόνα</span> 
     </span>
    </p>
   </div>
   <div class='ocr_carea' id='block_1_76' title="bbox 2146 1808 3737 1894">
    <p class='ocr_par' dir='ltr' id='par_1_76' title="bbox 2146 1808 3737 1894">
     <span class='ocr_line' id='line_1_76' title="bbox 2146 1808 3737 1894; baseline -0.013 -13"><span class='ocrx_word' id='word_1_502' title='bbox 2146 1829 2281 1879; x_wconf 85' lang='grc' dir='ltr'>Θεοῦ</span> <span class='ocrx_word' id='word_1_503' title='bbox 2311 1828 2410 1880; x_wconf 77' lang='grc' dir='ltr'>οὐκ</span> <span class='ocrx_word' id='word_1_504' title='bbox 2448 1828 2525 1888; x_wconf 82' lang='grc' dir='ltr'><strong>είς</strong></span> <span class='ocrx_word' id='word_1_505' title='bbox 2557 1825 2790 1894; x_wconf 80' lang='grc' dir='ltr'><strong>μίμησιν</strong></span> <span class='ocrx_word' id='word_1_506' title='bbox 2842 1820 3056 1890; x_wconf 75' lang='grc' dir='ltr'>φύσεως</span> <span class='ocrx_word' id='word_1_507' title='bbox 3095 1818 3235 1887; x_wconf 73' lang='grc' dir='ltr'>(οὐδὲ</span> <span class='ocrx_word' id='word_1_508' title='bbox 3283 1816 3391 1884; x_wconf 72' lang='grc' dir='ltr'><strong>γὰρ</strong></span> <span class='ocrx_word' id='word_1_509' title='bbox 3424 1813 3591 1880; x_wconf 74' lang='grc' dir='ltr'>φάναι</span> <span class='ocrx_word' id='word_1_510' title='bbox 3618 1808 3737 1863; x_wconf 67' lang='grc' dir='ltr'>οἷον</span> 
     </span>
    </p>
   </div>
   <div class='ocr_carea' id='block_1_77' title="bbox 2148 1901 3737 1987">
    <p class='ocr_par' dir='ltr' id='par_1_77' title="bbox 2148 1901 3737 1987">
     <span class='ocr_line' id='line_1_77' title="bbox 2148 1901 3737 1987; baseline -0.011 -16"><span class='ocrx_word' id='word_1_511' title='bbox 2148 1935 2206 1970; x_wconf 82' lang='grc' dir='ltr'><strong>τε</strong></span> <span class='ocrx_word' id='word_1_512' title='bbox 2232 1919 2353 1970; x_wconf 84' lang='grc' dir='ltr'>ὅσον</span> <span class='ocrx_word' id='word_1_513' title='bbox 2389 1916 2630 1987; x_wconf 73' lang='grc' dir='ltr'>ἀπᾴδει),</span> <span class='ocrx_word' id='word_1_514' title='bbox 2678 1914 2793 1968; x_wconf 79' lang='grc' dir='ltr'>ἀλλ’</span> <span class='ocrx_word' id='word_1_515' title='bbox 2831 1913 2910 1974; x_wconf 88' lang='grc' dir='ltr'><strong>είς</strong></span> <span class='ocrx_word' id='word_1_516' title='bbox 2942 1909 3268 1981; x_wconf 74' lang='grc' dir='ltr'><strong>χαρακτῆρα</strong></span> <span class='ocrx_word' id='word_1_517' title='bbox 3317 1904 3493 1976; x_wconf 81' lang='grc' dir='ltr'>ἀρχῆς</span> <span class='ocrx_word' id='word_1_518' title='bbox 3529 1919 3591 1955; x_wconf 89' lang='grc' dir='ltr'><strong>τε</strong></span> <span class='ocrx_word' id='word_1_519' title='bbox 3638 1901 3737 1954; x_wconf 68' lang='grc' dir='ltr'>καὶ</span> 
     </span>
    </p>
   </div>
   <div class='ocr_carea' id='block_1_78' title="bbox 2150 2007 2611 2078">
    <p class='ocr_par' dir='ltr' id='par_1_78' title="bbox 2150 2007 2611 2078">
     <span class='ocr_line' id='line_1_78' title="bbox 2150 2007 2611 2078; baseline -0.007 -17"><span class='ocrx_word' id='word_1_520' title='bbox 2150 2007 2611 2078; x_wconf 74' lang='grc' dir='ltr'>ἐλευθεριότητος.</span> 
     </span>
    </p>
   </div>
   <div class='ocr_carea' id='block_1_79' title="bbox 2732 2288 3171 2346">
    <p class='ocr_par' dir='ltr' id='par_1_79' title="bbox 2732 2288 3171 2346">
     <span class='ocr_line' id='line_1_79' title="bbox 2732 2288 3171 2346; baseline -0.016 0"><span class='ocrx_word' id='word_1_521' title='bbox 2732 2291 2981 2346; x_wconf 80' lang='grc' dir='ltr'><strong>ΠΕΥΣΙΣ</strong></span> <span class='ocrx_word' id='word_1_522' title='bbox 3004 2288 3171 2342; x_wconf 73' lang='grc' dir='ltr'>ΡΛΘ’.</span> 
     </span>
    </p>
   </div>
   <div class='ocr_carea' id='block_1_80' title="bbox 2222 2375 3743 2457">
    <p class='ocr_par' dir='ltr' id='par_1_80' title="bbox 2222 2375 3743 2457">
     <span class='ocr_line' id='line_1_80' title="bbox 2222 2375 3743 2457; baseline -0.01 -17"><span class='ocrx_word' id='word_1_523' title='bbox 2222 2388 2289 2440; x_wconf 84' lang='grc' dir='ltr'>Τί</span> <span class='ocrx_word' id='word_1_524' title='bbox 2316 2384 2445 2448; x_wconf 74' lang='grc' dir='ltr'>οὗνς</span> <span class='ocrx_word' id='word_1_525' title='bbox 2485 2386 2853 2457; x_wconf 80' lang='grc' dir='ltr'>μελογραφεῖς</span> <span class='ocrx_word' id='word_1_526' title='bbox 2883 2383 2945 2435; x_wconf 78' lang='grc' dir='ltr'>τὸ</span> <span class='ocrx_word' id='word_1_527' title='bbox 2981 2381 3137 2433; x_wconf 86' lang='grc' dir='ltr'>Θεῐον</span> <span class='ocrx_word' id='word_1_528' title='bbox 3166 2376 3305 2448; x_wconf 68' lang='grc' dir='ltr'>πρὸς</span> <span class='ocrx_word' id='word_1_529' title='bbox 3328 2376 3428 2445; x_wconf 81' lang='grc' dir='ltr'>τὴν</span> <span class='ocrx_word' id='word_1_530' title='bbox 3462 2375 3743 2444; x_wconf 74' lang='grc' dir='ltr'><strong>ἡμετέραν</strong></span> 
     </span>
    </p>
   </div>
   <div class='ocr_carea' id='block_1_81' title="bbox 2152 2466 3742 2550">
    <p class='ocr_par' dir='ltr' id='par_1_81' title="bbox 2152 2466 3742 2550">
     <span class='ocr_line' id='line_1_81' title="bbox 2152 2466 3742 2550; baseline -0.011 -15"><span class='ocrx_word' id='word_1_531' title='bbox 2152 2482 2334 2535; x_wconf 75' lang='grc' dir='ltr'>εἰκόνα</span> <span class='ocrx_word' id='word_1_532' title='bbox 2373 2482 2467 2534; x_wconf 78' lang='grc' dir='ltr'>καὶ</span> <span class='ocrx_word' id='word_1_533' title='bbox 2502 2480 2783 2550; x_wconf 83' lang='grc' dir='ltr'>ὁμοίωσιν,</span> <span class='ocrx_word' id='word_1_534' title='bbox 2812 2471 2927 2530; x_wconf 79' lang='grc' dir='ltr'>ὦτα</span> <span class='ocrx_word' id='word_1_535' title='bbox 2968 2476 3063 2528; x_wconf 70' lang='grc' dir='ltr'>καὶ</span> <span class='ocrx_word' id='word_1_536' title='bbox 3094 2470 3386 2543; x_wconf 70' lang='grc' dir='ltr'>βραχίονας</span> <span class='ocrx_word' id='word_1_537' title='bbox 3425 2470 3520 2521; x_wconf 75' lang='grc' dir='ltr'>καὶ</span> <span class='ocrx_word' id='word_1_538' title='bbox 3570 2466 3742 2536; x_wconf 79' lang='grc' dir='ltr'>σκέλη</span> 
     </span>
    </p>
   </div>
   <div class='ocr_carea' id='block_1_82' title="bbox 2158 2568 2732 2640">
    <p class='ocr_par' dir='ltr' id='par_1_82' title="bbox 2158 2568 2732 2640">
     <span class='ocr_line' id='line_1_82' title="bbox 2158 2568 2732 2640; baseline -0.007 -17"><span class='ocrx_word' id='word_1_539' title='bbox 2158 2570 2301 2640; x_wconf 76' lang='grc' dir='ltr'>ἔχειν</span> <span class='ocrx_word' id='word_1_540' title='bbox 2330 2570 2490 2623; x_wconf 70' lang='grc' dir='ltr'>αὑτὸν</span> <span class='ocrx_word' id='word_1_541' title='bbox 2523 2568 2700 2638; x_wconf 82' lang='grc' dir='ltr'>δηλῶν</span> <span class='ocrx_word' id='word_1_542' title='bbox 2718 2585 2732 2633; x_wconf 91' lang='grc'><strong>;</strong></span> 
     </span>
    </p>
   </div>
   <div class='ocr_carea' id='block_1_83' title="bbox 2769 2657 3133 2722">
    <p class='ocr_par' dir='ltr' id='par_1_83' title="bbox 2769 2657 3133 2722">
     <span class='ocr_line' id='line_1_83' title="bbox 2769 2657 3133 2722; baseline 0 -13"><span class='ocrx_word' id='word_1_543' title='bbox 2769 2657 3133 2722; x_wconf 78' lang='grc' dir='ltr'>’Λπόκρισις.</span> 
     </span>
    </p>
   </div>
   <div class='ocr_carea' id='block_1_84' title="bbox 2225 2738 3751 2824">
    <p class='ocr_par' dir='ltr' id='par_1_84' title="bbox 2225 2738 3751 2824">
     <span class='ocr_line' id='line_1_84' title="bbox 2225 2738 3751 2824; baseline -0.011 -19"><span class='ocrx_word' id='word_1_544' title='bbox 2225 2753 2408 2824; x_wconf 80' lang='grc' dir='ltr'>Βραχὺ</span> <span class='ocrx_word' id='word_1_545' title='bbox 2441 2753 2688 2821; x_wconf 72' lang='grc' dir='ltr'>ἐπισχεῖν</span> <span class='ocrx_word' id='word_1_546' title='bbox 2717 2749 2847 2819; x_wconf 78' lang='grc' dir='ltr'>περὶ</span> <span class='ocrx_word' id='word_1_547' title='bbox 2876 2748 3082 2801; x_wconf 75' lang='grc' dir='ltr'>τούτων</span> <span class='ocrx_word' id='word_1_548' title='bbox 3113 2749 3281 2811; x_wconf 81' lang='grc' dir='ltr'>εἰκὸς,</span> <span class='ocrx_word' id='word_1_549' title='bbox 3312 2741 3628 2802; x_wconf 56' lang='lat' dir='ltr'><strong>dmi-3:360);</strong></span> <span class='ocrx_word' id='word_1_550' title='bbox 3650 2738 3751 2790; x_wconf 76' lang='grc' dir='ltr'>καὶ</span> 
     </span>
    </p>
   </div>
   <div class='ocr_carea' id='block_1_85' title="bbox 2155 2828 3753 2911">
    <p class='ocr_par' dir='ltr' id='par_1_85' title="bbox 2155 2828 3753 2911">
     <span class='ocr_line' id='line_1_85' title="bbox 2155 2828 3753 2911; baseline -0.011 -13"><span class='ocrx_word' id='word_1_551' title='bbox 2155 2848 2274 2900; x_wconf 79' lang='grc' dir='ltr'>κατ’</span> <span class='ocrx_word' id='word_1_552' title='bbox 2310 2844 2439 2907; x_wconf 73' lang='grc' dir='ltr'>ἔπος</span> <span class='ocrx_word' id='word_1_553' title='bbox 2474 2840 2840 2911; x_wconf 76' lang='grc' dir='ltr'><strong>ἐκτιθεμένων</strong></span> <span class='ocrx_word' id='word_1_554' title='bbox 2863 2857 2875 2871; x_wconf 75' lang='grc' dir='ltr'><strong><em>ο</em></strong></span> <span class='ocrx_word' id='word_1_555' title='bbox 2914 2840 3116 2910; x_wconf 78' lang='grc' dir='ltr'>μήπως</span> <span class='ocrx_word' id='word_1_556' title='bbox 3147 2839 3213 2907; x_wconf 71' lang='grc' dir='ltr'><strong>τῇ</strong></span> <span class='ocrx_word' id='word_1_557' title='bbox 3250 2836 3451 2905; x_wconf 73' lang='grc' dir='ltr'>ἀταξία</span> <span class='ocrx_word' id='word_1_558' title='bbox 3486 2834 3583 2901; x_wconf 72' lang='grc' dir='ltr'>τῆς</span> <span class='ocrx_word' id='word_1_559' title='bbox 3612 2828 3753 2881; x_wconf 75' lang='grc' dir='ltr'>πεύ-</span> 
     </span>
    </p>
   </div>
   <div class='ocr_carea' id='block_1_86' title="bbox 2164 2922 3752 3002">
    <p class='ocr_par' dir='ltr' id='par_1_86' title="bbox 2164 2922 3752 3002">
     <span class='ocr_line' id='line_1_86' title="bbox 2164 2922 3752 3002; baseline -0.013 -13"><span class='ocrx_word' id='word_1_560' title='bbox 2164 2953 2301 2998; x_wconf 86' lang='grc' dir='ltr'>σεως</span> <span class='ocrx_word' id='word_1_561' title='bbox 2332 2930 2720 3002; x_wconf 79' lang='grc' dir='ltr'>διασφαλῶμεν</span> <span class='ocrx_word' id='word_1_562' title='bbox 2748 2931 2847 2999; x_wconf 84' lang='grc' dir='ltr'>τῆς</span> <span class='ocrx_word' id='word_1_563' title='bbox 2868 2930 3221 2998; x_wconf 74' lang='grc' dir='ltr'>ἀποφάσεως.</span> <span class='ocrx_word' id='word_1_564' title='bbox 3272 2928 3394 2978; x_wconf 74' lang='grc' dir='ltr'><strong>Ἐπὶ</strong></span> <span class='ocrx_word' id='word_1_565' title='bbox 3430 2924 3488 2976; x_wconf 78' lang='grc' dir='ltr'>δὲ</span> <span class='ocrx_word' id='word_1_566' title='bbox 3526 2922 3627 2992; x_wconf 80' lang='grc' dir='ltr'>τὴν</span> <span class='ocrx_word' id='word_1_567' title='bbox 3652 2935 3752 2981; x_wconf 77' lang='grc' dir='ltr'>κο-</span> 
     </span>
    </p>
   </div>
   <div class='ocr_carea' id='block_1_87' title="bbox 2162 3014 3757 3099">
    <p class='ocr_par' dir='ltr' id='par_1_87' title="bbox 2162 3014 3757 3099">
     <span class='ocr_line' id='line_1_87' title="bbox 2162 3014 3757 3099; baseline -0.01 -21"><span class='ocrx_word' id='word_1_568' title='bbox 2162 3026 2337 3099; x_wconf 76' lang='grc' dir='ltr'>ρυφὴν</span> <span class='ocrx_word' id='word_1_569' title='bbox 2362 3025 2459 3094; x_wconf 75' lang='grc' dir='ltr'>τῆς</span> <span class='ocrx_word' id='word_1_570' title='bbox 2496 3024 2645 3092; x_wconf 76' lang='grc' dir='ltr'>σφῶν</span> <span class='ocrx_word' id='word_1_571' title='bbox 2672 3022 2940 3090; x_wconf 77' lang='grc' dir='ltr'>γενέσεως</span> <span class='ocrx_word' id='word_1_572' title='bbox 2974 3022 3061 3073; x_wconf 78' lang='grc' dir='ltr'><strong>διὰ</strong></span> <span class='ocrx_word' id='word_1_573' title='bbox 3099 3020 3198 3089; x_wconf 81' lang='grc' dir='ltr'>τῆς</span> <span class='ocrx_word' id='word_1_574' title='bbox 3230 3018 3325 3072; x_wconf 85' lang='grc' dir='ltr'><strong>τοῦ</strong></span> <span class='ocrx_word' id='word_1_575' title='bbox 3358 3018 3519 3085; x_wconf 78' lang='grc' dir='ltr'>λόγου</span> <span class='ocrx_word' id='word_1_576' title='bbox 3551 3014 3757 3081; x_wconf 81' lang='grc' dir='ltr'>κλίμα-</span> 
     </span>
    </p>
   </div>
   <div class='ocr_carea' id='block_1_88' title="bbox 2160 3108 3753 3185">
    <p class='ocr_par' dir='ltr' id='par_1_88' title="bbox 2160 3108 3753 3185">
     <span class='ocr_line' id='line_1_88' title="bbox 2160 3108 3753 3185; baseline -0.009 -14"><span class='ocrx_word' id='word_1_577' title='bbox 2160 3135 2256 3181; x_wconf 86' lang='grc' dir='ltr'><strong>κος</strong></span> <span class='ocrx_word' id='word_1_578' title='bbox 2304 3115 2790 3185; x_wconf 75' lang='grc' dir='ltr'>εὐθυπορήσωμεν.</span> <span class='ocrx_word' id='word_1_579' title='bbox 2839 3112 3002 3179; x_wconf 78' lang='grc' dir='ltr'><strong>Μέγα</strong></span> <span class='ocrx_word' id='word_1_580' title='bbox 3031 3112 3341 3179; x_wconf 77' lang='grc' dir='ltr'>ἅνθρωπος</span> <span class='ocrx_word' id='word_1_581' title='bbox 3384 3110 3482 3161; x_wconf 76' lang='grc' dir='ltr'>καὶ</span> <span class='ocrx_word' id='word_1_582' title='bbox 3528 3108 3753 3173; x_wconf 71' lang='grc' dir='ltr'>τίμιον,</span> 
     </span>
    </p>
   </div>
   <div class='ocr_carea' id='block_1_89' title="bbox 2161 3191 3759 3272">
    <p class='ocr_par' dir='ltr' id='par_1_89' title="bbox 2161 3191 3759 3272">
     <span class='ocr_line' id='line_1_89' title="bbox 2161 3191 3759 3272; baseline -0.011 -8"><span class='ocrx_word' id='word_1_583' title='bbox 2161 3212 2189 3264; x_wconf 97' lang='lat'><strong>6</strong></span> <span class='ocrx_word' id='word_1_584' title='bbox 2216 3208 2380 3262; x_wconf 81' lang='grc' dir='ltr'>πάλαι</span> <span class='ocrx_word' id='word_1_585' title='bbox 2414 3209 2506 3260; x_wconf 71' lang='grc' dir='ltr'>καὶ</span> <span class='ocrx_word' id='word_1_586' title='bbox 2545 3207 2639 3259; x_wconf 89' lang='grc' dir='ltr'><strong>νῦν</strong></span> <span class='ocrx_word' id='word_1_587' title='bbox 2679 3204 2738 3268; x_wconf 78' lang='grc' dir='ltr'>ἐξ</span> <span class='ocrx_word' id='word_1_588' title='bbox 2766 3203 2997 3257; x_wconf 78' lang='grc' dir='ltr'>εὐτελῶν</span> <span class='ocrx_word' id='word_1_589' title='bbox 3039 3202 3177 3271; x_wconf 76' lang='grc' dir='ltr'>ἔχων</span> <span class='ocrx_word' id='word_1_590' title='bbox 3214 3203 3312 3272; x_wconf 74' lang='grc' dir='ltr'>τὴν</span> <span class='ocrx_word' id='word_1_591' title='bbox 3359 3200 3589 3267; x_wconf 78' lang='grc' dir='ltr'>γένεσιν.</span> <span class='ocrx_word' id='word_1_592' title='bbox 3620 3191 3759 3258; x_wconf 73' lang='grc' dir='ltr'><strong>οἷός</strong></span> 
     </span>
    </p>
   </div>
   <div class='ocr_carea' id='block_1_90' title="bbox 2162 3287 3757 3368">
    <p class='ocr_par' dir='ltr' id='par_1_90' title="bbox 2162 3287 3757 3368">
     <span class='ocr_line' id='line_1_90' title="bbox 2162 3287 3757 3368; baseline -0.009 -17"><span class='ocrx_word' id='word_1_593' title='bbox 2162 3315 2219 3351; x_wconf 86' lang='grc' dir='ltr'><strong>τε</strong></span> <span class='ocrx_word' id='word_1_594' title='bbox 2248 3299 2358 3368; x_wconf 78' lang='grc' dir='ltr'>γὰρ</span> <span class='ocrx_word' id='word_1_595' title='bbox 2383 3296 2458 3349; x_wconf 80' lang='grc' dir='ltr'>ὢν</span> <span class='ocrx_word' id='word_1_596' title='bbox 2480 3298 2507 3348; x_wconf 91' lang='lat'><strong>6</strong></span> <span class='ocrx_word' id='word_1_597' title='bbox 2531 3296 2663 3358; x_wconf 81' lang='grc' dir='ltr'>Θεὸς</span> <span class='ocrx_word' id='word_1_598' title='bbox 2688 3297 2751 3347; x_wconf 83' lang='grc' dir='ltr'>ἐκ</span> <span class='ocrx_word' id='word_1_599' title='bbox 2778 3291 3003 3363; x_wconf 83' lang='grc' dir='ltr'>χαλκοῦ,</span> <span class='ocrx_word' id='word_1_600' title='bbox 3027 3293 3060 3362; x_wconf 79' lang='grc' dir='ltr'>ἦ</span> <span class='ocrx_word' id='word_1_601' title='bbox 3087 3292 3325 3361; x_wconf 79' lang='grc' dir='ltr'>σιδήρου,</span> <span class='ocrx_word' id='word_1_602' title='bbox 3346 3290 3377 3358; x_wconf 78' lang='grc' dir='ltr'>ἦ</span> <span class='ocrx_word' id='word_1_603' title='bbox 3408 3287 3757 3357; x_wconf 77' lang='grc' dir='ltr'>ἀδάμαντος,</span> 
     </span>
    </p>
   </div>
   <div class='ocr_carea' id='block_1_91' title="bbox 2164 3377 3763 3461">
    <p class='ocr_par' dir='ltr' id='par_1_91' title="bbox 2164 3377 3763 3461">
     <span class='ocr_line' id='line_1_91' title="bbox 2164 3377 3763 3461; baseline -0.009 -18"><span class='ocrx_word' id='word_1_604' title='bbox 2164 3390 2371 3461; x_wconf 78' lang='grc' dir='ltr'>ἢλίθου</span> <span class='ocrx_word' id='word_1_605' title='bbox 2414 3389 2610 3459; x_wconf 82' lang='grc' dir='ltr'>δράσαι</span> <span class='ocrx_word' id='word_1_606' title='bbox 2644 3387 2853 3457; x_wconf 78' lang='grc' dir='ltr'>βροτὸν,</span> <span class='ocrx_word' id='word_1_607' title='bbox 2890 3388 2953 3437; x_wconf 80' lang='grc' dir='ltr'>ἐκ</span> <span class='ocrx_word' id='word_1_608' title='bbox 3006 3384 3131 3454; x_wconf 79' lang='grc' dir='ltr'>χοὸς</span> <span class='ocrx_word' id='word_1_609' title='bbox 3179 3382 3373 3453; x_wconf 83' lang='grc' dir='ltr'>μᾶλλον</span> <span class='ocrx_word' id='word_1_610' title='bbox 3419 3379 3582 3432; x_wconf 69' lang='grc' dir='ltr'>αὑτὸν</span> <span class='ocrx_word' id='word_1_611' title='bbox 3617 3377 3763 3447; x_wconf 68' lang='grc' dir='ltr'><strong>ἐδη-</strong></span> 
     </span>
    </p>
   </div>
   <div class='ocr_carea' id='block_1_92' title="bbox 2170 3471 3763 3552">
    <p class='ocr_par' dir='ltr' id='par_1_92' title="bbox 2170 3471 3763 3552">
     <span class='ocr_line' id='line_1_92' title="bbox 2170 3471 3763 3552; baseline -0.008 -19"><span class='ocrx_word' id='word_1_612' title='bbox 2170 3479 2471 3552; x_wconf 77' lang='grc' dir='ltr'>μιούργησε</span> <span class='ocrx_word' id='word_1_613' title='bbox 2519 3478 2706 3539; x_wconf 85' lang='grc' dir='ltr'>πάλαι,</span> <span class='ocrx_word' id='word_1_614' title='bbox 2755 3479 2994 3547; x_wconf 79' lang='grc' dir='ltr'>τήμερον</span> <span class='ocrx_word' id='word_1_615' title='bbox 3027 3475 3083 3528; x_wconf 84' lang='grc' dir='ltr'>δὲ</span> <span class='ocrx_word' id='word_1_616' title='bbox 3124 3475 3182 3541; x_wconf 76' lang='grc' dir='ltr'>ἐξ</span> <span class='ocrx_word' id='word_1_617' title='bbox 3230 3472 3606 3543; x_wconf 78' lang='grc' dir='ltr'>ἁμυδροτέρας</span> <span class='ocrx_word' id='word_1_618' title='bbox 3659 3471 3763 3523; x_wconf 68' lang='grc' dir='ltr'>καὶ</span> 
     </span>
    </p>
   </div>
   <div class='ocr_carea' id='block_1_93' title="bbox 2171 3562 3753 3645">
    <p class='ocr_par' dir='ltr' id='par_1_93' title="bbox 2171 3562 3753 3645">
     <span class='ocr_line' id='line_1_93' title="bbox 2171 3562 3753 3645; baseline -0.008 -20"><span class='ocrx_word' id='word_1_619' title='bbox 2171 3572 2338 3645; x_wconf 83' lang='grc' dir='ltr'>ρυτῆς</span> <span class='ocrx_word' id='word_1_620' title='bbox 2383 3570 2747 3641; x_wconf 80' lang='grc' dir='ltr'>ἀποκρίσεως.</span> <span class='ocrx_word' id='word_1_621' title='bbox 2794 3569 2889 3621; x_wconf 84' lang='grc' dir='ltr'>Ἐκ</span> <span class='ocrx_word' id='word_1_622' title='bbox 2938 3567 3144 3620; x_wconf 79' lang='grc' dir='ltr'>τούτων</span> <span class='ocrx_word' id='word_1_623' title='bbox 3176 3566 3333 3635; x_wconf 78' lang='grc' dir='ltr'>δῆλον</span> <span class='ocrx_word' id='word_1_624' title='bbox 3370 3565 3432 3617; x_wconf 78' lang='grc' dir='ltr'>τὸ</span> <span class='ocrx_word' id='word_1_625' title='bbox 3470 3562 3753 3631; x_wconf 67' lang='grc' dir='ltr'>ἀκαταλη-</span> 
     </span>
    </p>
   </div>
   <div class='ocr_carea' id='block_1_94' title="bbox 2169 3654 3757 3729">
    <p class='ocr_par' dir='ltr' id='par_1_94' title="bbox 2169 3654 3757 3729">
     <span class='ocr_line' id='line_1_94' title="bbox 2169 3654 3757 3729; baseline -0.006 -14"><span class='ocrx_word' id='word_1_626' title='bbox 2169 3681 2324 3726; x_wconf 87' lang='grc' dir='ltr'>πτον,</span> <span class='ocrx_word' id='word_1_627' title='bbox 2352 3662 2447 3716; x_wconf 73' lang='grc' dir='ltr'>καὶ</span> <span class='ocrx_word' id='word_1_628' title='bbox 2468 3662 2608 3729; x_wconf 80' lang='grc' dir='ltr'>ὑπὲρ</span> <span class='ocrx_word' id='word_1_629' title='bbox 2638 3659 2845 3713; x_wconf 76' lang='grc' dir='ltr'>ἔννοιαν</span> <span class='ocrx_word' id='word_1_630' title='bbox 2874 3658 2974 3727; x_wconf 82' lang='grc' dir='ltr'>τῆς</span> <span class='ocrx_word' id='word_1_631' title='bbox 3006 3657 3308 3729; x_wconf 72' lang='grc' dir='ltr'>δραπικῆς</span> <span class='ocrx_word' id='word_1_632' title='bbox 3338 3654 3507 3709; x_wconf 77' lang='grc' dir='ltr'>αὑτοῦ</span> <span class='ocrx_word' id='word_1_633' title='bbox 3536 3654 3757 3720; x_wconf 75' lang='grc' dir='ltr'>σοφίας.</span> 
     </span>
    </p>
   </div>
   <div class='ocr_carea' id='block_1_95' title="bbox 2182 3744 3764 3823">
    <p class='ocr_par' dir='ltr' id='par_1_95' title="bbox 2182 3744 3764 3823">
     <span class='ocr_line' id='line_1_95' title="bbox 2182 3744 3764 3823; baseline -0.008 -17"><span class='ocrx_word' id='word_1_634' title='bbox 2182 3754 2344 3807; x_wconf 76' lang='grc' dir='ltr'>Ἀλλὰ</span> <span class='ocrx_word' id='word_1_635' title='bbox 2382 3753 2465 3823; x_wconf 73' lang='grc' dir='ltr'>μὴ</span> <span class='ocrx_word' id='word_1_636' title='bbox 2494 3751 2819 3821; x_wconf 80' lang='grc' dir='ltr'>χλευαζέτω,</span> <span class='ocrx_word' id='word_1_637' title='bbox 2864 3749 2998 3819; x_wconf 79' lang='grc' dir='ltr'>μηδὲ</span> <span class='ocrx_word' id='word_1_638' title='bbox 3036 3748 3249 3817; x_wconf 78' lang='grc' dir='ltr'>γελάτω</span> <span class='ocrx_word' id='word_1_639' title='bbox 3298 3764 3365 3817; x_wconf 88' lang='grc' dir='ltr'><strong>με</strong></span> <span class='ocrx_word' id='word_1_640' title='bbox 3412 3747 3444 3815; x_wconf 76' lang='grc' dir='ltr'>ἡ</span> <span class='ocrx_word' id='word_1_641' title='bbox 3493 3745 3590 3814; x_wconf 79' lang='grc' dir='ltr'>τῆς</span> <span class='ocrx_word' id='word_1_642' title='bbox 3622 3744 3764 3812; x_wconf 82' lang='grc' dir='ltr'>ὑμε-</span> 
     </span>
    </p>
   </div>
   <div class='ocr_carea' id='block_1_96' title="bbox 2169 3832 3766 3916">
    <p class='ocr_par' dir='ltr' id='par_1_96' title="bbox 2169 3832 3766 3916">
     <span class='ocr_line' id='line_1_96' title="bbox 2169 3832 3766 3916; baseline -0.009 -18"><span class='ocrx_word' id='word_1_643' title='bbox 2169 3846 2334 3916; x_wconf 86' lang='grc' dir='ltr'>τέρας</span> <span class='ocrx_word' id='word_1_644' title='bbox 2359 3846 2581 3913; x_wconf 79' lang='grc' dir='ltr'><strong>ἀγάπης</strong></span> <span class='ocrx_word' id='word_1_645' title='bbox 2620 3842 2894 3911; x_wconf 84' lang='grc' dir='ltr'>ἀγχίνοια,</span> <span class='ocrx_word' id='word_1_646' title='bbox 2928 3838 3212 3909; x_wconf 73' lang='grc' dir='ltr'>ἀκριϐείας</span> <span class='ocrx_word' id='word_1_647' title='bbox 3240 3839 3403 3907; x_wconf 82' lang='grc' dir='ltr'>χάριν</span> <span class='ocrx_word' id='word_1_648' title='bbox 3447 3832 3766 3904; x_wconf 82' lang='grc' dir='ltr'>ἀκροθιγῶς</span> 
     </span>
    </p>
   </div>
   <div class='ocr_carea' id='block_1_97' title="bbox 2174 3924 3767 4005">
    <p class='ocr_par' dir='ltr' id='par_1_97' title="bbox 2174 3924 3767 4005">
     <span class='ocr_line' id='line_1_97' title="bbox 2174 3924 3767 4005; baseline -0.009 -15"><span class='ocrx_word' id='word_1_649' title='bbox 2174 3936 2480 4005; x_wconf 79' lang='grc' dir='ltr'>ἀπτόμενον</span> <span class='ocrx_word' id='word_1_650' title='bbox 2534 3933 2611 4003; x_wconf 83' lang='grc' dir='ltr'>τῷ</span> <span class='ocrx_word' id='word_1_651' title='bbox 2658 3933 2803 4001; x_wconf 78' lang='grc' dir='ltr'>λόγῳ</span> <span class='ocrx_word' id='word_1_652' title='bbox 2849 3931 2958 3983; x_wconf 85' lang='grc' dir='ltr'>τῶν</span> <span class='ocrx_word' id='word_1_653' title='bbox 3000 3928 3242 4000; x_wconf 83' lang='grc' dir='ltr'>φυσικῶς</span> <span class='ocrx_word' id='word_1_654' title='bbox 3305 3927 3621 3998; x_wconf 71' lang='grc' dir='ltr'>μυστηρίων</span> <span class='ocrx_word' id='word_1_655' title='bbox 3656 3924 3767 3991; x_wconf 67' lang='grc' dir='ltr'>τῆς</span> 
     </span>
    </p>
   </div>
   <div class='ocr_carea' id='block_1_98' title="bbox 2171 4015 3771 4100">
    <p class='ocr_par' dir='ltr' id='par_1_98' title="bbox 2171 4015 3771 4100">
     <span class='ocr_line' id='line_1_98' title="bbox 2171 4015 3771 4100; baseline -0.01 -19"><span class='ocrx_word' id='word_1_656' title='bbox 2171 4028 2449 4100; x_wconf 79' lang='grc' dir='ltr'>ἡμετέρας</span> <span class='ocrx_word' id='word_1_657' title='bbox 2474 4025 2760 4094; x_wconf 79' lang='grc' dir='ltr'>γενέσεως.</span> <span class='ocrx_word' id='word_1_658' title='bbox 2786 4022 2923 4075; x_wconf 80' lang='grc' dir='ltr'>Οῦτε</span> <span class='ocrx_word' id='word_1_659' title='bbox 2958 4022 3124 4092; x_wconf 80' lang='grc' dir='ltr'><strong>γὰρὴ</strong></span> <span class='ocrx_word' id='word_1_660' title='bbox 3162 4020 3281 4072; x_wconf 78' lang='grc' dir='ltr'>θεία</span> <span class='ocrx_word' id='word_1_661' title='bbox 3316 4017 3538 4081; x_wconf 80' lang='grc' dir='ltr'>ἀπαξιοῖ</span> <span class='ocrx_word' id='word_1_662' title='bbox 3572 4015 3771 4085; x_wconf 70' lang='grc' dir='ltr'>Γραςὴ</span> 
     </span>
    </p>
   </div>
   <div class='ocr_carea' id='block_1_99' title="bbox 2172 4108 3774 4188">
    <p class='ocr_par' dir='ltr' id='par_1_99' title="bbox 2172 4108 3774 4188">
     <span class='ocr_line' id='line_1_99' title="bbox 2172 4108 3774 4188; baseline -0.009 -16"><span class='ocrx_word' id='word_1_663' title='bbox 2172 4119 2379 4173; x_wconf 77' lang='grc' dir='ltr'>τούτων</span> <span class='ocrx_word' id='word_1_664' title='bbox 2416 4117 2728 4188; x_wconf 83' lang='grc' dir='ltr'>μεμνῆσθαι</span> <span class='ocrx_word' id='word_1_665' title='bbox 2772 4114 2865 4166; x_wconf 77' lang='grc' dir='ltr'><strong>ἐπὶ</strong></span> <span class='ocrx_word' id='word_1_666' title='bbox 2894 4111 2985 4166; x_wconf 89' lang='grc' dir='ltr'><strong>τοῦ</strong></span> <span class='ocrx_word' id='word_1_667' title='bbox 3039 4111 3228 4174; x_wconf 81' lang='grc' dir='ltr'>παιδὸς</span> <span class='ocrx_word' id='word_1_668' title='bbox 3264 4109 3438 4163; x_wconf 78' lang='grc' dir='ltr'>Ἰούδα</span> <span class='ocrx_word' id='word_1_669' title='bbox 3467 4112 3532 4177; x_wconf 79' lang='grc' dir='ltr'><strong>τῇ</strong></span> <span class='ocrx_word' id='word_1_670' title='bbox 3560 4108 3774 4178; x_wconf 83' lang='grc' dir='ltr'>Θάμαρ</span> 
     </span>
    </p>
   </div>
   <div class='ocr_carea' id='block_1_100' title="bbox 2177 4198 3773 4278">
    <p class='ocr_par' dir='ltr' id='par_1_100' title="bbox 2177 4198 3773 4278">
     <span class='ocr_line' id='line_1_100' title="bbox 2177 4198 3773 4278; baseline -0.009 -15"><span class='ocrx_word' id='word_1_671' title='bbox 2177 4207 2651 4278; x_wconf 78' lang='grc' dir='ltr'>συγκαθεύδοντος,</span> <span class='ocrx_word' id='word_1_672' title='bbox 2679 4206 2772 4259; x_wconf 77' lang='grc' dir='ltr'>καὶ</span> <span class='ocrx_word' id='word_1_673' title='bbox 2801 4205 2893 4257; x_wconf 71' lang='grc' dir='ltr'><strong>ἐπὶ</strong></span> <span class='ocrx_word' id='word_1_674' title='bbox 2916 4202 3025 4255; x_wconf 84' lang='grc' dir='ltr'>τῶν</span> <span class='ocrx_word' id='word_1_675' title='bbox 3052 4201 3292 4272; x_wconf 85' lang='grc' dir='ltr'>νομικῶν</span> <span class='ocrx_word' id='word_1_676' title='bbox 3318 4200 3635 4269; x_wconf 82' lang='grc' dir='ltr'>καθαρσίων</span> <span class='ocrx_word' id='word_1_677' title='bbox 3666 4198 3773 4250; x_wconf 77' lang='grc' dir='ltr'>τὸν</span> 
     </span>
    </p>
   </div>
   <div class='ocr_carea' id='block_1_101' title="bbox 2177 4288 3775 4371">
    <p class='ocr_par' dir='ltr' id='par_1_101' title="bbox 2177 4288 3775 4371">
     <span class='ocr_line' id='line_1_101' title="bbox 2177 4288 3775 4371; baseline -0.008 -18"><span class='ocrx_word' id='word_1_678' title='bbox 2177 4299 2452 4371; x_wconf 75' lang='grc' dir='ltr'>γονορῤυῆ</span> <span class='ocrx_word' id='word_1_679' title='bbox 2500 4336 2512 4349; x_wconf 96' lang='grc'><strong>.</strong></span> <span class='ocrx_word' id='word_1_680' title='bbox 2558 4336 2572 4349; x_wconf 93' lang='grc'><strong>.</strong></span> <span class='ocrx_word' id='word_1_681' title='bbox 2619 4337 2632 4351; x_wconf 93' lang='grc'><strong>.</strong></span> <span class='ocrx_word' id='word_1_682' title='bbox 2679 4336 2691 4349; x_wconf 92' lang='grc'><strong>.</strong></span> <span class='ocrx_word' id='word_1_683' title='bbox 2739 4336 2753 4349; x_wconf 93' lang='grc'><strong>.</strong></span> <span class='ocrx_word' id='word_1_684' title='bbox 2799 4335 2813 4349; x_wconf 93' lang='grc'><strong>.</strong></span> <span class='ocrx_word' id='word_1_685' title='bbox 2860 4334 2874 4349; x_wconf 93' lang='grc'><strong>.</strong></span> <span class='ocrx_word' id='word_1_686' title='bbox 2920 4336 2934 4348; x_wconf 93' lang='grc'><strong>.</strong></span> <span class='ocrx_word' id='word_1_687' title='bbox 2982 4332 2994 4344; x_wconf 94' lang='grc'><strong>.</strong></span> <span class='ocrx_word' id='word_1_688' title='bbox 3039 4335 3053 4348; x_wconf 95' lang='grc'><strong>.</strong></span> <span class='ocrx_word' id='word_1_689' title='bbox 3101 4333 3114 4345; x_wconf 94' lang='grc'><strong>.</strong></span> <span class='ocrx_word' id='word_1_690' title='bbox 3150 4292 3468 4360; x_wconf 79' lang='grc' dir='ltr'>καθημένην</span> <span class='ocrx_word' id='word_1_691' title='bbox 3522 4290 3622 4343; x_wconf 55' lang='grc' dir='ltr'><strong>καί⁵</strong></span> <span class='ocrx_word' id='word_1_692' title='bbox 3670 4288 3775 4357; x_wconf 78' lang='grc' dir='ltr'>τὴν</span> 
     </span>
    </p>
   </div>
   <div class='ocr_carea' id='block_1_102' title="bbox 2179 4382 3779 4462">
    <p class='ocr_par' dir='ltr' id='par_1_102' title="bbox 2179 4382 3779 4462">
     <span class='ocr_line' id='line_1_102' title="bbox 2179 4382 3779 4462; baseline -0.009 -15"><span class='ocrx_word' id='word_1_693' title='bbox 2179 4393 2424 4462; x_wconf 75' lang='grc' dir='ltr'>νεόλοχον</span> <span class='ocrx_word' id='word_1_694' title='bbox 2453 4390 2812 4460; x_wconf 81' lang='grc' dir='ltr'>καθαίρουσα.</span> <span class='ocrx_word' id='word_1_695' title='bbox 2861 4387 3022 4439; x_wconf 72' lang='grc' dir='ltr'>Ἀλλὰ</span> <span class='ocrx_word' id='word_1_696' title='bbox 3068 4386 3163 4438; x_wconf 76' lang='grc' dir='ltr'>καὶ</span> <span class='ocrx_word' id='word_1_697' title='bbox 3195 4388 3223 4437; x_wconf 88' lang='grc' dir='ltr'><strong>ὁ</strong></span> <span class='ocrx_word' id='word_1_698' title='bbox 3252 4384 3455 4453; x_wconf 68' lang='grc' dir='ltr'>ὑψηλὸς</span> <span class='ocrx_word' id='word_1_699' title='bbox 3507 4382 3779 4435; x_wconf 73' lang='grc' dir='ltr'><strong>’Δπὸστο-</strong></span> 
     </span>
    </p>
   </div>
   <div class='ocr_carea' id='block_1_103' title="bbox 2180 4474 3778 4555">
    <p class='ocr_par' dir='ltr' id='par_1_103' title="bbox 2180 4474 3778 4555">
     <span class='ocr_line' id='line_1_103' title="bbox 2180 4474 3778 4555; baseline -0.008 -18"><span class='ocrx_word' id='word_1_700' title='bbox 2180 4486 2292 4548; x_wconf 87' lang='grc' dir='ltr'>λος,</span> <span class='ocrx_word' id='word_1_701' title='bbox 2323 4482 2868 4555; x_wconf 74' lang='grc' dir='ltr'>ἀρῤενοιρθορούντων</span> <span class='ocrx_word' id='word_1_702' title='bbox 2905 4478 3137 4549; x_wconf 76' lang='grc' dir='ltr'>ἀνδρῶν,</span> <span class='ocrx_word' id='word_1_703' title='bbox 3169 4477 3263 4529; x_wconf 69' lang='grc' dir='ltr'>καὶ</span> <span class='ocrx_word' id='word_1_704' title='bbox 3282 4474 3778 4547; x_wconf 71' lang='grc' dir='ltr'>ἀρρενομανουσών</span> 
     </span>
    </p>
   </div>
   <div class='ocr_carea' id='block_1_104' title="bbox 2185 4567 3778 4642">
    <p class='ocr_par' dir='ltr' id='par_1_104' title="bbox 2185 4567 3778 4642">
     <span class='ocr_line' id='line_1_104' title="bbox 2185 4567 3778 4642; baseline -0.006 -16"><span class='ocrx_word' id='word_1_705' title='bbox 2185 4573 2482 4642; x_wconf 85' lang='grc' dir='ltr'>γυναικῶν,</span> <span class='ocrx_word' id='word_1_706' title='bbox 2523 4572 2817 4642; x_wconf 84' lang='grc' dir='ltr'>Ῥωμαίοις</span> <span class='ocrx_word' id='word_1_707' title='bbox 2867 4568 3200 4622; x_wconf 78' lang='grc' dir='ltr'>ἐπιστέλλων</span> <span class='ocrx_word' id='word_1_708' title='bbox 3250 4567 3545 4636; x_wconf 79' lang='grc' dir='ltr'>μέμνηται.</span> <span class='ocrx_word' id='word_1_709' title='bbox 3584 4568 3778 4617; x_wconf 74' lang='grc' dir='ltr'>Καταο</span> 
     </span>
    </p>
   </div>
   <div class='ocr_carea' id='block_1_105' title="bbox 2187 4657 3777 4730">
    <p class='ocr_par' dir='ltr' id='par_1_105' title="bbox 2187 4657 3777 4730">
     <span class='ocr_line' id='line_1_105' title="bbox 2187 4657 3777 4730; baseline -0.007 -13"><span class='ocrx_word' id='word_1_710' title='bbox 2187 4666 2441 4719; x_wconf 79' lang='grc' dir='ltr'>ϐάλλεται</span> <span class='ocrx_word' id='word_1_711' title='bbox 2466 4663 2645 4715; x_wconf 86' lang='grc' dir='ltr'>τοίνυν</span> <span class='ocrx_word' id='word_1_712' title='bbox 2673 4663 2765 4715; x_wconf 79' lang='grc' dir='ltr'><strong>ἐπὶ</strong></span> <span class='ocrx_word' id='word_1_713' title='bbox 2792 4662 2854 4714; x_wconf 86' lang='grc' dir='ltr'>τὸ</span> <span class='ocrx_word' id='word_1_714' title='bbox 2883 4660 3015 4730; x_wconf 82' lang='grc' dir='ltr'>θῆλυ</span> <span class='ocrx_word' id='word_1_715' title='bbox 3040 4660 3147 4712; x_wconf 71' lang='grc' dir='ltr'><strong>ὑπὸ</strong></span> <span class='ocrx_word' id='word_1_716' title='bbox 3178 4658 3272 4711; x_wconf 87' lang='grc' dir='ltr'><strong>τοῦ</strong></span> <span class='ocrx_word' id='word_1_717' title='bbox 3303 4659 3555 4728; x_wconf 74' lang='grc' dir='ltr'>ἄρρενος,</span> <span class='ocrx_word' id='word_1_718' title='bbox 3588 4657 3777 4725; x_wconf 51' lang='grc' dir='ltr'>ςυχρά</span> 
     </span>
    </p>
   </div>
   <div class='ocr_carea' id='block_1_106' title="bbox 2186 4747 3777 4825">
    <p class='ocr_par' dir='ltr' id='par_1_106' title="bbox 2186 4747 3777 4825">
     <span class='ocr_line' id='line_1_106' title="bbox 2186 4747 3777 4825; baseline -0.007 -16"><span class='ocrx_word' id='word_1_719' title='bbox 2186 4773 2270 4819; x_wconf 87' lang='grc' dir='ltr'><strong>τις</strong></span> <span class='ocrx_word' id='word_1_720' title='bbox 2291 4755 2593 4825; x_wconf 77' lang='grc' dir='ltr'>ἀπόϐρασις</span> <span class='ocrx_word' id='word_1_721' title='bbox 2617 4770 2631 4784; x_wconf 72' lang='grc' dir='ltr'><strong>ο</strong></span> <span class='ocrx_word' id='word_1_722' title='bbox 2657 4752 3029 4823; x_wconf 85' lang='grc' dir='ltr'>ἀνακραθείσα</span> <span class='ocrx_word' id='word_1_723' title='bbox 3058 4750 3113 4802; x_wconf 83' lang='grc' dir='ltr'>δὲ</span> <span class='ocrx_word' id='word_1_724' title='bbox 3141 4749 3219 4820; x_wconf 79' lang='grc' dir='ltr'>τῷ</span> <span class='ocrx_word' id='word_1_725' title='bbox 3246 4747 3777 4817; x_wconf 77' lang='grc' dir='ltr'>ἁντικαταὸληθὲντι</span> 
     </span>
    </p>
   </div>
   <div class='ocr_carea' id='block_1_107' title="bbox 2190 4840 3776 4918">
    <p class='ocr_par' dir='ltr' id='par_1_107' title="bbox 2190 4840 3776 4918">
     <span class='ocr_line' id='line_1_107' title="bbox 2190 4840 3776 4918; baseline -0.006 -18"><span class='ocrx_word' id='word_1_726' title='bbox 2190 4849 2371 4918; x_wconf 80' lang='grc' dir='ltr'>λύθρῳ</span> <span class='ocrx_word' id='word_1_727' title='bbox 2404 4847 2508 4899; x_wconf 85' lang='grc' dir='ltr'><strong>ὑπὸ</strong></span> <span class='ocrx_word' id='word_1_728' title='bbox 2531 4845 2625 4898; x_wconf 87' lang='grc' dir='ltr'><strong>τοῦ</strong></span> <span class='ocrx_word' id='word_1_729' title='bbox 2655 4845 2899 4913; x_wconf 82' lang='grc' dir='ltr'>γυναίου,</span> <span class='ocrx_word' id='word_1_730' title='bbox 2933 4844 3186 4915; x_wconf 84' lang='grc' dir='ltr'>τυροῦται</span> <span class='ocrx_word' id='word_1_731' title='bbox 3232 4842 3336 4895; x_wconf 73' lang='grc' dir='ltr'>ὑπὸ</span> <span class='ocrx_word' id='word_1_732' title='bbox 3368 4842 3467 4911; x_wconf 78' lang='grc' dir='ltr'>τῆς</span> <span class='ocrx_word' id='word_1_733' title='bbox 3499 4840 3776 4910; x_wconf 67' lang='grc' dir='ltr'>ψυχροτὲο</span> 
     </span>
    </p>
   </div>
   <div class='ocr_carea' id='block_1_108' title="bbox 2194 4932 3782 5011">
    <p class='ocr_par' dir='ltr' id='par_1_108' title="bbox 2194 4932 3782 5011">
     <span class='ocr_line' id='line_1_108' title="bbox 2194 4932 3782 5011; baseline -0.005 -20"><span class='ocrx_word' id='word_1_734' title='bbox 2194 4957 2293 5011; x_wconf 86' lang='grc' dir='ltr'><strong>ρας</strong></span> <span class='ocrx_word' id='word_1_735' title='bbox 2330 4938 2425 4991; x_wconf 90' lang='grc' dir='ltr'><strong>τοῦ</strong></span> <span class='ocrx_word' id='word_1_736' title='bbox 2474 4937 2664 5008; x_wconf 72' lang='grc' dir='ltr'>ἀνδρὸς</span> <span class='ocrx_word' id='word_1_737' title='bbox 2711 4938 3079 5008; x_wconf 81' lang='grc' dir='ltr'>ἀποκρίσεως,</span> <span class='ocrx_word' id='word_1_738' title='bbox 3128 4934 3307 4996; x_wconf 82' lang='grc' dir='ltr'>καθώς</span> <span class='ocrx_word' id='word_1_739' title='bbox 3349 4950 3517 5004; x_wconf 78' lang='grc' dir='ltr'>φησιν</span> <span class='ocrx_word' id='word_1_740' title='bbox 3566 4935 3598 4985; x_wconf 89' lang='lat'><strong>6</strong></span> <span class='ocrx_word' id='word_1_741' title='bbox 3627 4932 3782 5001; x_wconf 65' lang='grc' dir='ltr'>παρὰ</span> 
     </span>
    </p>
   </div>
   <div class='ocr_carea' id='block_1_109' title="bbox 2188 5024 3781 5100">
    <p class='ocr_par' dir='ltr' id='par_1_109' title="bbox 2188 5024 3781 5100">
     <span class='ocr_line' id='line_1_109' title="bbox 2188 5024 3781 5100; baseline -0.004 -21"><span class='ocrx_word' id='word_1_742' title='bbox 2188 5030 2325 5082; x_wconf 68' lang='grc' dir='ltr'>θεοῦ</span> <span class='ocrx_word' id='word_1_743' title='bbox 2358 5030 2645 5100; x_wconf 81' lang='grc' dir='ltr'>ἄμεμπτος</span> <span class='ocrx_word' id='word_1_744' title='bbox 2675 5030 2770 5081; x_wconf 70' lang='grc' dir='ltr'>καὶ</span> <span class='ocrx_word' id='word_1_745' title='bbox 2803 5028 3055 5099; x_wconf 77' lang='grc' dir='ltr'>ἀληθινὸς</span> <span class='ocrx_word' id='word_1_746' title='bbox 3099 5029 3364 5097; x_wconf 72' lang='grc' dir='ltr'>ὑπάρχειν</span> <span class='ocrx_word' id='word_1_747' title='bbox 3403 5024 3781 5095; x_wconf 74' lang='grc' dir='ltr'>μαρτυρηθεὶς</span> 
     </span>
    </p>
   </div>
   <div class='ocr_carea' id='block_1_110' title="bbox 2203 5115 3783 5193">
    <p class='ocr_par' dir='ltr' id='par_1_110' title="bbox 2203 5115 3783 5193">
     <span class='ocr_line' id='line_1_110' title="bbox 2203 5115 3783 5193; baseline -0.006 -18"><span class='ocrx_word' id='word_1_748' title='bbox 2203 5122 2342 5176; x_wconf 78' lang='grc' dir='ltr'><strong>Ἰὼϐ.</strong></span> <span class='ocrx_word' id='word_1_749' title='bbox 2390 5116 2556 5183; x_wconf 73' lang='grc' dir='ltr'>Οὗτος</span> <span class='ocrx_word' id='word_1_750' title='bbox 2586 5123 2643 5173; x_wconf 80' lang='grc' dir='ltr'>ὲν</span> <span class='ocrx_word' id='word_1_751' title='bbox 2670 5123 2761 5192; x_wconf 75' lang='grc' dir='ltr'><strong>τῇ·</strong></span> <span class='ocrx_word' id='word_1_752' title='bbox 2787 5120 2986 5193; x_wconf 79' lang='grc' dir='ltr'>τρώσει</span> <span class='ocrx_word' id='word_1_753' title='bbox 3032 5120 3126 5172; x_wconf 83' lang='grc' dir='ltr'><strong>τοῦ</strong></span> <span class='ocrx_word' id='word_1_754' title='bbox 3163 5119 3415 5189; x_wconf 81' lang='grc' dir='ltr'>σώματος</span> <span class='ocrx_word' id='word_1_755' title='bbox 3470 5118 3614 5185; x_wconf 79' lang='grc' dir='ltr'>πρὸς</span> <span class='ocrx_word' id='word_1_756' title='bbox 3652 5115 3783 5169; x_wconf 77' lang='grc' dir='ltr'>Θεὸν</span> 
     </span>
    </p>
   </div>
   <div class='ocr_carea' id='block_1_111' title="bbox 2191 5210 3782 5283">
    <p class='ocr_par' dir='ltr' id='par_1_111' title="bbox 2191 5210 3782 5283">
     <span class='ocr_line' id='line_1_111' title="bbox 2191 5210 3782 5283; baseline -0.004 -15"><span class='ocrx_word' id='word_1_757' title='bbox 2191 5214 2494 5282; x_wconf 67' lang='grc' dir='ltr'>διαλέγεται</span> <span class='ocrx_word' id='word_1_758' title='bbox 2518 5229 2531 5241; x_wconf 83' lang='grc'><strong><em>⁸</em></strong></span> <span class='ocrx_word' id='word_1_759' title='bbox 2588 5215 2709 5282; x_wconf 82' lang='grc' dir='ltr'><strong>Οὐχ</strong></span> <span class='ocrx_word' id='word_1_760' title='bbox 2744 5213 2823 5277; x_wconf 85' lang='grc' dir='ltr'><strong>ὡς</strong></span> <span class='ocrx_word' id='word_1_761' title='bbox 2854 5212 3007 5283; x_wconf 65' lang='grc' dir='ltr'><strong>γάλα</strong></span> <span class='ocrx_word' id='word_1_762' title='bbox 3040 5230 3117 5281; x_wconf 82' lang='grc' dir='ltr'><strong>με</strong></span> <span class='ocrx_word' id='word_1_763' title='bbox 3151 5211 3437 5279; x_wconf 66' lang='grc' dir='ltr'>ἥμελξιις,</span> <span class='ocrx_word' id='word_1_764' title='bbox 3474 5210 3782 5278; x_wconf 69' lang='grc' dir='ltr'>ἐτύριικτας</span> 
     </span>
    </p>
   </div>
   <div class='ocr_carea' id='block_1_112' title="bbox 2191 5300 3781 5373">
    <p class='ocr_par' dir='ltr' id='par_1_112' title="bbox 2191 5300 3781 5373">
     <span class='ocr_line' id='line_1_112' title="bbox 2191 5300 3781 5373; baseline -0.004 -16"><span class='ocrx_word' id='word_1_765' title='bbox 2191 5305 2258 5358; x_wconf 82' lang='grc' dir='ltr'>δέ</span> <span class='ocrx_word' id='word_1_766' title='bbox 2286 5322 2362 5373; x_wconf 84' lang='grc' dir='ltr'><strong>με</strong></span> <span class='ocrx_word' id='word_1_767' title='bbox 2414 5304 2517 5357; x_wconf 76' lang='grc' dir='ltr'><strong>ἴσα</strong></span> <span class='ocrx_word' id='word_1_768' title='bbox 2555 5302 2731 5369; x_wconf 72' lang='grc' dir='ltr'>τυρῷ,</span> <span class='ocrx_word' id='word_1_769' title='bbox 2777 5303 2961 5371; x_wconf 73' lang='grc' dir='ltr'>δέρμα</span> <span class='ocrx_word' id='word_1_770' title='bbox 2998 5303 3097 5356; x_wconf 80' lang='grc' dir='ltr'>καὶ</span> <span class='ocrx_word' id='word_1_771' title='bbox 3137 5302 3316 5369; x_wconf 81' lang='grc' dir='ltr'>κρέας</span> <span class='ocrx_word' id='word_1_772' title='bbox 3346 5300 3655 5365; x_wconf 67' lang='grc' dir='ltr'><strong>ἐνέἒυσάς</strong></span> <span class='ocrx_word' id='word_1_773' title='bbox 3684 5315 3781 5367; x_wconf 76' lang='grc' dir='ltr'><strong>με,</strong></span> 
     </span>
    </p>
   </div>
   <div class='ocr_carea' id='block_1_113' title="bbox 2195 5382 3782 5463">
    <p class='ocr_par' dir='ltr' id='par_1_113' title="bbox 2195 5382 3782 5463">
     <span class='ocr_line' id='line_1_113' title="bbox 2195 5382 3782 5463; baseline -0.004 -16"><span class='ocrx_word' id='word_1_774' title='bbox 2195 5396 2434 5460; x_wconf 77' lang='grc' dir='ltr'>ὀστέοις</span> <span class='ocrx_word' id='word_1_775' title='bbox 2462 5382 2530 5447; x_wconf 71' lang='grc' dir='ltr'>δὲ</span> <span class='ocrx_word' id='word_1_776' title='bbox 2552 5396 2647 5449; x_wconf 77' lang='grc' dir='ltr'>καὶ</span> <span class='ocrx_word' id='word_1_777' title='bbox 2672 5396 2905 5462; x_wconf 81' lang='grc' dir='ltr'>νεύροις</span> <span class='ocrx_word' id='word_1_778' title='bbox 2930 5396 3163 5463; x_wconf 54' lang='lat' dir='ltr'><strong>enim</strong></span> <span class='ocrx_word' id='word_1_779' title='bbox 3178 5412 3276 5463; x_wconf 84' lang='grc' dir='ltr'><strong>με,</strong></span> <span class='ocrx_word' id='word_1_780' title='bbox 3310 5392 3465 5458; x_wconf 60' lang='lat' dir='ltr'><strong>(wit?</strong></span> <span class='ocrx_word' id='word_1_781' title='bbox 3488 5393 3589 5445; x_wconf 79' lang='grc' dir='ltr'>καὶ</span> <span class='ocrx_word' id='word_1_782' title='bbox 3614 5393 3782 5453; x_wconf 73' lang='grc' dir='ltr'>ἔλεος</span> 
     </span>
    </p>
   </div>
   <div class='ocr_carea' id='block_1_114' title="bbox 2195 5481 3781 5555">
    <p class='ocr_par' dir='ltr' id='par_1_114' title="bbox 2195 5481 3781 5555">
     <span class='ocr_line' id='line_1_114' title="bbox 2195 5481 3781 5555; baseline -0.004 -17"><span class='ocrx_word' id='word_1_783' title='bbox 2195 5485 2335 5538; x_wconf 79' lang='grc' dir='ltr'>ἔθου</span> <span class='ocrx_word' id='word_1_784' title='bbox 2376 5485 2514 5551; x_wconf 77' lang='grc' dir='ltr'>παρ’</span> <span class='ocrx_word' id='word_1_785' title='bbox 2542 5484 2675 5552; x_wconf 82' lang='grc' dir='ltr'>ἐμοί</span> <span class='ocrx_word' id='word_1_786' title='bbox 2692 5501 2709 5549; x_wconf 89' lang='grc'><strong><em>;</em></strong></span> <span class='ocrx_word' id='word_1_787' title='bbox 2736 5484 2834 5555; x_wconf 87' lang='grc' dir='ltr'>τὴν</span> <span class='ocrx_word' id='word_1_788' title='bbox 2870 5484 3031 5552; x_wconf 80' lang='grc' dir='ltr'>φύσιν</span> <span class='ocrx_word' id='word_1_789' title='bbox 3067 5484 3182 5553; x_wconf 73' lang='grc' dir='ltr'>ἅμα</span> <span class='ocrx_word' id='word_1_790' title='bbox 3216 5484 3308 5537; x_wconf 76' lang='grc' dir='ltr'><strong>καὶ</strong></span> <span class='ocrx_word' id='word_1_791' title='bbox 3342 5484 3402 5535; x_wconf 78' lang='grc' dir='ltr'><strong>τὸ</strong></span> <span class='ocrx_word' id='word_1_792' title='bbox 3446 5481 3781 5553; x_wconf 66' lang='grc' dir='ltr'>αὐτοκρατὲς</span> 
     </span>
    </p>
   </div>
   <div class='ocr_carea' id='block_1_115' title="bbox 2198 5570 3777 5645">
    <p class='ocr_par' dir='ltr' id='par_1_115' title="bbox 2198 5570 3777 5645">
     <span class='ocr_line' id='line_1_115' title="bbox 2198 5570 3777 5645; baseline 0 -17"><span class='ocrx_word' id='word_1_793' title='bbox 2198 5576 2370 5643; x_wconf 76' lang='grc' dir='ltr'>αὐτῆς</span> <span class='ocrx_word' id='word_1_794' title='bbox 2398 5576 2493 5627; x_wconf 74' lang='grc' dir='ltr'>καὶ</span> <span class='ocrx_word' id='word_1_795' title='bbox 2543 5574 2893 5639; x_wconf 81' lang='grc' dir='ltr'>αὐτεξούσιον</span> <span class='ocrx_word' id='word_1_796' title='bbox 2938 5575 3241 5645; x_wconf 77' lang='grc' dir='ltr'>παριστῶν.</span> <span class='ocrx_word' id='word_1_797' title='bbox 3278 5574 3451 5642; x_wconf 75' lang='grc' dir='ltr'><strong>Ζωὴν</strong></span> <span class='ocrx_word' id='word_1_798' title='bbox 3503 5574 3585 5635; x_wconf 79' lang='grc' dir='ltr'>δὲ,</span> <span class='ocrx_word' id='word_1_799' title='bbox 3631 5570 3777 5642; x_wconf 70' lang='grc' dir='ltr'><strong>φησὶ.</strong></span> 
     </span>
    </p>
   </div>
   <div class='ocr_carea' id='block_1_116' title="bbox 2197 5662 3779 5734">
    <p class='ocr_par' dir='ltr' id='par_1_116' title="bbox 2197 5662 3779 5734">
     <span class='ocr_line' id='line_1_116' title="bbox 2197 5662 3779 5734; baseline -0.003 -16"><span class='ocrx_word' id='word_1_800' title='bbox 2197 5666 2295 5718; x_wconf 72' lang='grc' dir='ltr'>καὶ</span> <span class='ocrx_word' id='word_1_801' title='bbox 2326 5667 2501 5718; x_wconf 64' lang='grc' dir='ltr'>ἔλεον</span> <span class='ocrx_word' id='word_1_802' title='bbox 2546 5666 2687 5719; x_wconf 77' lang='grc' dir='ltr'>ἔθου</span> <span class='ocrx_word' id='word_1_803' title='bbox 2733 5666 2868 5733; x_wconf 67' lang='grc' dir='ltr'>παρ’</span> <span class='ocrx_word' id='word_1_804' title='bbox 2898 5665 3060 5734; x_wconf 79' lang='grc' dir='ltr'>ἐμοί·</span> <span class='ocrx_word' id='word_1_805' title='bbox 3101 5666 3321 5731; x_wconf 70' lang='grc' dir='ltr'>ὡσανεὶ,</span> <span class='ocrx_word' id='word_1_806' title='bbox 3366 5665 3455 5718; x_wconf 83' lang='grc' dir='ltr'>Ἐν</span> <span class='ocrx_word' id='word_1_807' title='bbox 3499 5665 3628 5734; x_wconf 56' lang='lat' dir='ltr'><strong>tua!</strong></span> <span class='ocrx_word' id='word_1_808' title='bbox 3666 5662 3779 5715; x_wconf 77' lang='grc' dir='ltr'>ἔθου</span> 
     </span>
    </p>
   </div>
   <div class='ocr_carea' id='block_1_117' title="bbox 592 5816 2062 5885">
    <p class='ocr_par' dir='ltr' id='par_1_117' title="bbox 592 5816 2062 5885">
     <span class='ocr_line' id='line_1_117' title="bbox 592 5816 2062 5885; baseline -0.001 -14"><span class='ocrx_word' id='word_1_809' title='bbox 592 5818 635 5849; x_wconf 87' lang='grc'><strong><em>³⁸</em></strong></span> <span class='ocrx_word' id='word_1_810' title='bbox 676 5816 806 5872; x_wconf 86' lang='lat' dir='ltr'><strong>Gen.</strong></span> <span class='ocrx_word' id='word_1_811' title='bbox 848 5835 884 5884; x_wconf 85' lang='grc' dir='ltr'><strong>ι,</strong></span> <span class='ocrx_word' id='word_1_812' title='bbox 927 5818 1014 5873; x_wconf 71' lang='lat'><strong>26.</strong></span> <span class='ocrx_word' id='word_1_813' title='bbox 1058 5822 1100 5853; x_wconf 80' lang='lat'><strong>&quot;</strong></span> <span class='ocrx_word' id='word_1_814' title='bbox 1138 5819 1299 5874; x_wconf 79' lang='lat' dir='ltr'><strong>Prov.</strong></span> <span class='ocrx_word' id='word_1_815' title='bbox 1336 5839 1425 5885; x_wconf 72' lang='lat' dir='ltr'><strong>xx,</strong></span> <span class='ocrx_word' id='word_1_816' title='bbox 1466 5822 1518 5882; x_wconf 81' lang='lat'><strong>6.</strong></span> <span class='ocrx_word' id='word_1_817' title='bbox 1556 5837 1665 5876; x_wconf 75' lang='lat' dir='ltr'><strong>ser.</strong></span> <span class='ocrx_word' id='word_1_818' title='bbox 1706 5818 1863 5873; x_wconf 74' lang='lat' dir='ltr'><strong>L.\&#39;.\&#39;.</strong></span> <span class='ocrx_word' id='word_1_819' title='bbox 1942 5818 1983 5849; x_wconf 83' lang='grc'><strong>³⁰</strong></span> <span class='ocrx_word' id='word_1_820' title='bbox 2020 5816 2062 5870; x_wconf 78' lang='lat' dir='ltr'><strong>R</strong></span> 
     </span>
    </p>
   </div>
   <div class='ocr_carea' id='block_1_118' title="bbox 2169 5816 3063 5885">
    <p class='ocr_par' dir='ltr' id='par_1_118' title="bbox 2169 5816 3063 5885">
     <span class='ocr_line' id='line_1_118' title="bbox 2169 5816 3063 5885; baseline 0 -14"><span class='ocrx_word' id='word_1_821' title='bbox 2169 5858 2177 5871; x_wconf 92' lang='lat'><strong>.</strong></span> <span class='ocrx_word' id='word_1_822' title='bbox 2215 5832 2251 5881; x_wconf 89' lang='grc' dir='ltr'><strong>ι,</strong></span> <span class='ocrx_word' id='word_1_823' title='bbox 2284 5816 2375 5885; x_wconf 76' lang='grc'><strong>26,</strong></span> <span class='ocrx_word' id='word_1_824' title='bbox 2411 5817 2503 5871; x_wconf 69' lang='lat'><strong>27.</strong></span> <span class='ocrx_word' id='word_1_825' title='bbox 2579 5819 2620 5850; x_wconf 81' lang='lat'><strong>&quot;</strong></span> <span class='ocrx_word' id='word_1_826' title='bbox 2654 5816 2757 5873; x_wconf 81' lang='lat' dir='ltr'><strong>Job</strong></span> <span class='ocrx_word' id='word_1_827' title='bbox 2789 5834 2841 5881; x_wconf 70' lang='grc' dir='ltr'>κ,</span> <span class='ocrx_word' id='word_1_828' title='bbox 2885 5817 3063 5873; x_wconf 70' lang='grc' dir='ltr'>ιο-ιε.</span> 
     </span>
    </p>
   </div>
  </div>
