4048 6222
293 385 443 441 ιοιε

288 504 391 572 ζῇν
439 502 534 555 καὶ
579 503 749 556 ἐλεεῖν
782 505 1015 575 ἐμαυτὸν
1048 507 1138 562 διὰ
1170 509 1269 580 τῆς
1295 512 1543 578 ὑπακοῆς
1584 516 1679 568 καὶ
1709 515 1875 584 φυλα-

290 596 397 661 κῆς
422 594 533 647 τῶν
567 593 676 648 σῶν
708 596 966 652 ὲντολῶνο
998 599 1031 670 ἢ
1073 600 1314 673 ἀναιρείν
1344 604 1580 674 ὲμαυτόν
1626 609 1690 677 τῇ
1733 624 1873 679 παρ⁸

288 688 450 755 ακοῇ,
486 686 583 738 καὶ
617 687 692 757 μὴ
751 687 1018 743 ἐλεεῖσθαι
1061 692 1287 757 εἰκότως
1334 695 1764 766 τιμωρούμενον,
1795 697 1873 768 τῷ

288 773 469 845 ἐχθρῷ
540 776 741 845 μᾶλλον
765 775 797 848 ἢ
826 777 905 848 τῷ
931 781 1265 852 Δημιουργῷ
1296 783 1872 858 προσθέμενον.”οπερ

287 868 318 918 6
346 866 650 937 προπάτωρ
684 867 840 939 ἡμῶν
883 869 1087 941 δράσας
1134 875 1208 946 μὴ
1258 874 1427 927 ὲλεῶν
1464 876 1674 941 ἑαυτὸν,
1710 878 1873 931 οἱονεὶ

291 954 572 1022 φάσγανον
594 957 693 1026 τὴν
723 957 972 1029 ὀλεθρίαν
1007 961 1452 1031 συμϐουλὴνκαθ⁹
1476 964 1670 1017 ἑαυτοῦ
1695 983 1873 1037 παραυ

287 1044 606 1115 δεξάμενος,
634 1050 943 1120 ἀναιρεθεὶς
971 1053 1163 1125 ἐκείνῃ
1184 1056 1277 1107 καὶ
1304 1054 1365 1120 ἐξ
1387 1056 1653 1111 ἀθανάτου
1683 1059 1873 1128 θνητὸς

286 1136 581 1206 γενόμενος
613 1139 805 1209 ᾤχετο.
832 1142 1196 1213 Συμμυόντων
1224 1146 1401 1200 τοίνυν
1430 1149 1653 1202 πάντων
1681 1148 1873 1220 αίσθη-

284 1226 496 1297 τηρίων
544 1228 638 1281 καὶ
691 1230 996 1302 αἰσθήσεων
1038 1234 1206 1304 ἄμφω
1252 1236 1360 1290 τῶν
1394 1238 1725 1309 προσώπων,
1779 1241 1872 1293 καὶ

286 1317 451 1371 οἱονεὶ
497 1320 950 1393 ἀνακιρναμένων
985 1327 1078 1379 καὶ
1112 1329 1439 1399 φυραμένων
1478 1330 1728 1402 ἀλλήλοις
1762 1331 1871 1384 τῶν

290 1410 563 1480 σωμάτων
597 1416 654 1466 ἐν
699 1417 766 1485 τῇ
817 1416 984 1486 μίξει,
1021 1420 1313 1490 ἐκμαγεῖον
1362 1422 1455 1476 τοῦ
1500 1426 1793 1495 προσώπου
1838 1427 1870 1496 ή

288 1502 606 1574 ἀπόρρητος
630 1507 903 1579 καταϐολὴ
931 1510 1157 1578 γίνεται,
1180 1512 1208 1564 ὃ
1231 1512 1446 1584 πρῶτον
1471 1515 1619 1567 δοθὲν
1643 1516 1737 1569 καὶ
1760 1517 1873 1569 tm.-

287 1594 655 1666 κρατέστερον
678 1600 897 1671 σπέρμα
920 1620 931 1631 ·
956 1600 1078 1655 ὅθεν
1094 1603 1189 1655 καὶ
1210 1605 1344 1676 πρὸς
1369 1606 1538 1676 ἀμίαν
1561 1606 1654 1660 καὶ
1681 1607 1874 1677 ὁμοίω-

291 1700 378 1736 σιν
403 1685 431 1737 ό
458 1687 745 1759 χαρακτὴρ
767 1688 1091 1745 ἑντυποῦται
1120 1694 1328 1746 ἐκείνου
1359 1697 1391 1766 ἢ
1432 1697 1655 1767 ταύτης.
1686 1698 1872 1762 Οὖτως

286 1770 385 1829 οὖν
418 1777 451 1846 ἡ
496 1777 593 1831 τοῦ
631 1779 859 1852 ἄρρενος
900 1784 1173 1857 καταϐολὴ
1203 1786 1389 1858 ψυχρά
1416 1805 1500 1851 τις
1549 1789 1871 1861 ὑπάρχουσα

287 1868 387 1918 καὶ
419 1868 714 1941 ὀστοειδὴς,
744 1873 825 1934 εἰς
869 1873 1070 1926 ὀστέων
1118 1877 1213 1929 καὶ
1247 1879 1452 1949 νεύρων
1492 1883 1867 1947 μεταποιεῖται

290 1955 505 2027 ῥώμην,
554 1963 923 2035 στερρουμένη
967 1966 1319 2036 καταλλήλως
1358 1969 1435 2040 τῷ
1477 1972 1863 2042 ἀποκρίναντιο

286 2048 351 2099 τὸ
388 2048 443 2102 δὲ
474 2052 577 2104 ὑπὸ
601 2052 695 2106 τοῦ
726 2057 948 2122 γυναίου
978 2058 1036 2110 ὲν
1064 2062 1129 2130 τῇ
1164 2062 1443 2133 συνευνείᾳ
1477 2063 1868 2133 ἀντιδιδόμενον

287 2134 427 2210 αἷμα
460 2143 661 2215 θερμὸν
692 2148 833 2201 κατά
863 2149 1025 2218 φύσιν
1058 2151 1322 2223 ὑπάρχον,
1357 2153 1498 2225 ὑπὲρ
1529 2154 1621 2207 τοῦ
1656 2153 1866 2227 ψυχροῦ

287 2233 465 2300 παγὲν
507 2237 588 2299 είς
629 2237 809 2309 σάρκα
849 2240 1190 2311 μεθίσταται.
1232 2244 1296 2296 Ἦ
1338 2245 1395 2298 δὲ
1449 2244 1585 2316 σὰρξ
1635 2244 1872 2317 ζωτικὴν

287 2341 413 2377 τινα
441 2326 673 2398 δύναμιν
706 2329 890 2385 θεόθεν
923 2335 1267 2406 ὲμπνεομένη
1318 2336 1685 2404 ζωογονεῖται.
1732 2335 1873 2406 Ἐγὼ

286 2414 401 2484 γάρ
436 2418 551 2485 ειμι
583 2422 616 2472 d
650 2418 939 2489 ’ποιήσας
960 2423 1077 2492 τὴν
1115 2424 1253 2494 γῆν,
1285 2430 1382 2481 καὶ
1426 2428 1743 2496 ἄνθρωπον
1778 2428 1871 2480 ἐπ’

286 2502 504 2571 αὐτῆς,
536 2506 634 2559 καὶ
664 2506 868 2576 διδοὺς
897 2512 1098 2581 πνοὴν
1126 2512 1275 2582 ζωῆς
1305 2514 1456 2571 πᾶσι
1482 2515 1607 2570 τοῖρ
1643 2515 1885 2570 πατοῦι

286 2607 398 2646 σιν
422 2597 637 2665 αὐτὴν,
674 2602 839 2669 φησὶν
866 2607 894 2655 6
921 2604 1072 2669 Θεός.

1682 393 2029 454 DIALOGUS
2085 396 2171 453 Ιῐῐ.

3384 378 3557 462 ’ποια

1988 519 2273 573 ι’ἰεογάέαιη
2308 520 2600 589 apposuisti
2642 522 2791 586 mihi,
2837 519 3035 590 inquit;
3079 520 3236 590 quasi
3278 520 3459 586 dicat,
3497 523 3555 578 lu

1980 625 2069 664 me
2097 610 2331 679 posuisti
2361 620 2419 663 ut
2448 611 2705 675 viverem,
2739 618 2793 665 et
2826 622 2882 665 ut
2909 610 3206 665 misererer
3235 613 3339 665 mei
3384 612 3557 681 ipsius

1980 714 2077 768 per
2106 697 2469 752 obedientiam
2503 707 2555 752 ct
2585 699 3027 754 observationem
3071 709 3292 753 tuorum
3330 701 3560 754 manda-

1982 797 2194 853 torum;
2225 800 2320 844 aut
2357 801 2416 844 ut
2449 792 2770 859 perimercm
2808 792 3075 861 meipsnm
3117 806 3213 859 per
3238 790 3551 845 inobedien-

1979 881 2134 945 tiam,
2177 896 2354 951 neque
2417 882 2851 937 misericordiam
2907 896 3293 950 consequerer,
3360 882 3558 934 nterim

1978 986 2168 1042 pinnas
2219 974 2565 1042 dependens,
2627 973 2851 1028 inimico
2917 975 3100 1043 potius
3157 988 3319 1042 quam
3376 972 3556 1041 opilici

1980 1064 2284 1119 adhaerens.
2325 1062 2381 1115 ll
2416 1064 2561 1132 quod
2587 1064 2797 1133 primus
2824 1074 3014 1118 noster
3047 1078 3246 1133 parcns
3283 1063 3428 1127 fecit,
3462 1064 3557 1132 qui

1981 1168 2087 1207 non
2118 1153 2376 1208 misertus
2404 1154 2488 1207 sui
2532 1153 2725 1222 ipsius,
2756 1154 2920 1207 veluti
2952 1154 3191 1225 gladium
3234 1154 3407 1222 ipsam
3438 1168 3560 1221 per-

1981 1244 2239 1299 ditionem
2279 1245 2665 1299 consultricem
2698 1246 2961 1300 adversus
2988 1247 3338 1315 semetipsum
3372 1260 3558 1300 susce-

1982 1336 2081 1405 pit,
2116 1336 2320 1405 illoque
2355 1336 2674 1391 interfectus
2700 1347 2805 1399 est,
2836 1347 2889 1391 et
2922 1354 2990 1391 ex
3016 1338 3314 1391 immortali
3350 1348 3556 1391 morta—

1980 1425 2046 1478 lis
2074 1424 2251 1478 factus
2297 1425 2478 1493 periit.
2525 1423 2660 1478 Cum
2697 1424 2862 1496 igitur
2890 1424 3091 1479 clausis
3140 1425 3399 1479 omnibus
3428 1440 3555 1479 sen—

1978 1532 2139 1571 suum
2170 1517 2389 1571 sedibus
2415 1524 2472 1569 et
2502 1515 2634 1584 ipsis
2666 1517 2950 1569 ambarum
2984 1531 3340 1585 personarum
3374 1516 3555 1571 sensi-

1980 1605 2100 1668 bus,
2133 1606 2404 1674 quasique
2443 1605 2866 1675 contemperatis
2902 1614 3067 1673 atque
3096 1606 3374 1674 permistis
3412 1606 3556 1659 inter

1977 1709 2036 1749 se
2061 1694 2386 1763 corporibus
2416 1694 2467 1747 in
2496 1695 2666 1757 coitu,
2700 1696 2971 1750 ineli‘abile
2996 1696 3055 1749 lit
3096 1696 3337 1759 initium,
3367 1695 3557 1750 videli-

1978 1794 2063 1840 cet
2087 1786 2247 1841 faciei
2281 1786 2581 1855 expressio.
2612 1788 2679 1841 de
2712 1800 2932 1842 excreto
2961 1788 3195 1857 primum
3238 1788 3558 1857 potioreque

1977 1879 2207 1943 semine,
2248 1879 2393 1932 unde
2436 1877 2505 1931 ad
2548 1878 2968 1932 delineationem
3016 1887 3070 1932 et
3118 1877 3554 1943 similitudinem,

1975 1970 2147 2039 figura
2187 1969 2271 2023 vel
2319 1968 2536 2022 femina:
2576 1968 2657 2021 vel
2702 1968 2802 2022 viri
2845 1968 3211 2037 exprimitur:
3255 1978 3417 2039 atque
3453 1970 3559 2025 hoc

1974 2062 2136 2117 modo
2162 2077 2288 2115 cum
2316 2062 2418 2115 viri
2441 2071 2845 2116 excrementum
2869 2060 3124 2131 frigidum
3150 2062 3558 2131 quodammodo

1974 2155 2047 2210 sit
2070 2164 2124 2208 et
2155 2168 2374 2209 osseum
2398 2191 2414 2217 ,
2447 2152 2500 2206 in
2534 2152 2745 2208 ossium
2774 2162 2830 2207 et
2862 2168 3153 2207 nervorum
3184 2161 3559 2207 commutatur

1973 2244 2160 2308 robur,
2204 2258 2307 2312 pro
2361 2241 2573 2296 ratione
2617 2241 2762 2297 illius
2816 2242 2908 2310 qui
2941 2242 3182 2295 excrevit
3230 2240 3556 2295 soliditatem

1969 2332 2194 2387 habens.
2224 2329 2380 2396 Quod
2420 2340 2665 2385 autem-a
2700 2330 2925 2384 muliere
2956 2331 3009 2384 in
3047 2330 3346 2384 concubitu
3382 2330 3554 2385 vicis-

1967 2425 2072 2479 sim
2104 2424 2371 2477 redditum
2405 2431 2512 2487 est,
2554 2437 2678 2477 cum
2704 2422 2915 2477 calidus
2959 2422 3031 2476 sit
3074 2430 3267 2474 natura
3303 2418 3549 2487 sanguis,

1969 2534 1997 2572 a
2035 2516 2232 2586 frigido
2260 2515 2689 2576 condensatnm,
2735 2514 2788 2566 in
2824 2512 3144 2581 sanguinem
3180 2510 3541 2566 convertitur.

1973 2608 2115 2662 Caro
2157 2614 2342 2661 autent
2392 2620 2486 2674 per
2532 2603 3084 2672 vitalem‘quamdam
3126 2601 3236 2656 vim
3286 2600 3566 2655 divinitus.

288 2686 639 2756 inspiratam,
664 2694 983 2751 vivificatur.
1020 2698 1131 2769 Ego
1168 2702 1310 2755 enim
1337 2719 1455 2756 sum
1495 2704 1583 2773 qui
1628 2704 1731 2773 feci
1760 2711 1978 2770 terram,
2007 2712 2056 2756 et
2082 2700 2346 2755 hominem
2384 2714 2449 2753 ea:
2494 2715 2578 2761 ea,
2623 2700 2813 2768 quique
2838 2697 2931 2750 dat
2959 2698 3147 2765 ﬂatum
3172 2697 3293 2750 vita:
3313 2694 3553 2748 omnibus

288 2780 382 2847 qui
414 2780 688 2837 ambulant
710 2786 765 2838 in
789 2804 872 2854 ea,
902 2788 1078 2859 inquit
1125 2790 1267 2847 Deus
1295 2792 1359 2846 ³³.

361 2894 513 2949 Alter
544 2897 626 2950 ltic
654 2900 800 2953 locus
824 2911 902 2955 est
929 2920 995 2958 ea:
1023 2907 1089 2959 iis
1116 2921 1340 2975 quorum
1368 2908 1531 2975 paulo
1566 2917 1689 2961 ante
1716 2908 2032 2961 mentionem
2059 2901 2181 2972 feci.
2218 2896 2365 2952 Nam
2392 2894 2605 2963 adjecta
2636 2893 2799 2962 fuisse
2826 2891 3059 2945 arbitror
3096 2891 3206 2944 hac
3242 2890 3307 2943 ab
3350 2890 3551 2959 aliquo,

288 2990 381 3057 qui
418 3007 538 3043 cum
564 2990 787 3048 Cwsarii
817 3001 1076 3053 sententia
1111 3000 1451 3070 oonjunctam
1483 3004 1662 3056 eodem
1692 3002 1803 3056 loco
1834 2998 2273 3074 philosophorum
2299 2992 2465 3046 etiam
2487 2997 2790 3042 exterarum
2814 2987 3112 3056 opinionem
3139 2988 3202 3040 de
3241 2986 3555 3055 formatione

289 3084 520 3140 hominis
558 3087 749 3143 habere
778 3092 949 3146 vellet.

770 3206 962 3275 Λόγος
991 3204 1059 3258 ἐκ
1097 3202 1216 3258 τῶν
1250 3205 1389 3271 ἔξω.

370 3289 438 3341 Ἥ
466 3288 629 3358 φύσις
654 3292 1002 3345 ὲνυπόκειται
1028 3293 1106 3365 τῷ
1140 3294 1447 3365 σπέρμα-δι’
1476 3297 1510 3368 ή
1539 3296 1648 3367 γὰρ
1674 3298 1733 3350 ὲν
1757 3295 1871 3349 τού·

290 3398 370 3451 τῳ
407 3381 656 3452 δύναμις,
695 3384 915 3437 ἐπειδὰν
949 3385 1184 3457 ἄρχηται
1224 3388 1512 3451 κινεῖσθαι,
1549 3389 1708 3457 φύσις
1751 3389 1871 3441 όνο-

294 3472 549 3540 μάξεται,
576 3473 665 3525 διὰ
683 3475 743 3525 τὸ
764 3474 919 3543 φύειν
949 3478 1044 3528 καὶ
1070 3478 1285 3547 γεννᾷν.
1314 3477 1586 3548 Τρέφεται
1606 3478 1660 3531 δὲ
1684 3480 1748 3530 ἐκ
1773 3479 1871 3547 τῆς

292 3563 352 3614 ἓν
376 3561 452 3631 τῷ
484 3561 696 3630 σώματι
714 3565 922 3635 τροφῆς
946 3581 959 3593 ·
988 3566 1063 3629 ὡς
1090 3566 1209 3619 οὐδὲ
1233 3567 1406 3638 τροφὴ
1433 3568 1560 3621 ἄνευ
1588 3567 1740 3639 ὕλης.
1770 3569 1871 3619 Κι-

291 3658 466 3709 νείται
497 3654 554 3708 δὲ
582 3658 660 3718 είς
710 3658 910 3726 ἑαυτὴν
943 3658 1291 3713 ὲκπέπτουσα
1338 3662 1437 3721 τὰς
1459 3662 1664 3732 τροφάς
1688 3678 1701 3692 °
1737 3661 1873 3714 ἀλλὰ

292 3748 388 3799 καὶ
421 3748 514 3815 ἀφ’
535 3747 735 3817 ἑαυτῆς
768 3748 1101 3803 συντελοῦσα
1143 3750 1240 3814 τὰς
1268 3752 1567 3815 ἀναδόσεις.
1605 3752 1874 3822 Δυνάμεις

290 3839 357 3891 δὲ
389 3838 491 3907 τῆς
539 3840 754 3907 φύσεως
798 3842 1036 3913 τρεῖς,ἡ
1085 3844 1401 3915 γεννητικὴ,
1434 3845 1558 3914 ὴτις
1608 3845 1736 3908 τοὺς
1778 3843 1872 3897 τοῦ

294 3931 612 4001 σπέρματος
637 3932 936 4004 προείληφε
961 3933 1155 4002 λόγους
1176 3955 1191 3970 ·
1215 3942 1245 4010 ἡ
1268 3935 1755 4008 αὐξητικὴ,ἐχουσα
1774 3937 1873 4007 τὴν

292 4022 439 4075 κατὰ
482 4023 675 4093 χρόνον
708 4024 921 4095 κίνησιν
944 4041 959 4055 ο
994 4026 1090 4078 καὶ
1138 4026 1171 4095 ὴ
1211 4026 1499 4096 θρεπτικὴ,
1538 4028 1634 4096 τῆς
1666 4027 1874 4098 τροφῆς

290 4114 395 4183 τὴν
428 4112 773 4185 ἐξεργασίαν.
811 4118 1067 4186 Διήκουσι
1110 4116 1167 4169 δὲ
1208 4116 1297 4169 διὰ
1337 4116 1536 4180 παντὸς
1562 4117 1656 4170 τοῦ
1689 4116 1877 4188 σώμα-

291 4220 387 4267 τος
434 4206 467 4274 ὴ
523 4204 790 4277 θρεπτικὴ
838 4207 931 4259 καὶ
981 4205 1245 4277 αὐξητικὴ
1271 4224 1286 4238 ·
1321 4208 1357 4277 ἡ
1394 4206 1451 4259 δὲ
1493 4206 1876 4279 γεννητικὴὲν

293 4300 410 4360 τοῖς
433 4301 858 4369 παραστατικῶς
889 4299 1049 4370 μόνον
1068 4301 1179 4361 τοῖς
1202 4290 1565 4370 περιεκτικοῖς
1586 4298 1680 4352 τοῦ
1710 4299 1876 4371 σπέρ·

240 4426 249 4434 .
299 4403 487 4457 ματοςο
534 4388 948 4458 κατασχολεῖται
988 4388 1047 4441 δὲ
1094 4391 1127 4459 ἡ
1173 4371 1333 4456 ιρύσις
1368 4387 1438 4441 τὰ
1486 4388 1680 4459 πρῶτα
1748 4390 1878 4461 περὶ

293 4477 502 4547 τροφὴν
526 4478 616 4530 καὶ
645 4477 878 4549 πνεῦμα.
898 4477 1122 4549 Πνεῦμα
1151 4478 1412 4550 ἔνθερμον
1429 4481 1484 4546 ἐξ
1500 4480 1664 4533 αὑτοῦ
1696 4478 1877 4533 κινού-

298 4585 461 4638 μενον
480 4571 622 4623 κατά
646 4571 772 4633 τοὺς
804 4570 1210 4640 σπερματικοὺς
1225 4569 1436 4639 λόγους,
1470 4571 1674 4639 γεννῶν
1698 4587 1756 4623 τε
1783 4571 1876 4623 καὶ

295 4660 537 4714 τελειοῦν
574 4661 665 4714 τὸν
734 4661 1023 4733 ἄνθρωπον
1086 4663 1144 4715 ὲν
1182 4661 1396 4735 χρόνοις
1436 4663 1531 4716 καὶ
1583 4661 1873 4733 μεγέθεσιν

294 4749 643 4821 ὡρισμένοις.

882 4927 1131 4980 ΠΕΥΣΙΣ
1166 4928 1302 4982 PM'.

368 5018 742 5090 Συνυπάρχειν
787 5020 948 5089 ἡμεῖς
990 5019 1222 5089 λέγομεν
1253 5019 1352 5090 τὴν
1400 5018 1578 5091 ψυχὴν
1611 5022 1676 5090 τῇ
1723 5019 1877 5091 παρά

294 5110 393 5163 τοῦ
420 5110 613 5180 ἀνδρὸς
634 5109 926 5180 καταϐολῇ.
950 5110 1045 5164 καὶ
1071 5110 1180 5173 ζῶν
1206 5111 1300 5164 καὶ
1321 5110 1561 5182 ἔμψυχον
1585 5113 1876 5183 ὑπάρχειν,

296 5202 488 5273 ἐπειδὴ
528 5203 621 5254 καὶ
658 5202 768 5255 ἀπὸ
812 5201 1013 5266 ζῶντος
1061 5202 1154 5255 καὶ
1194 5202 1589 5274 ἐμψυχωμένου
1627 5204 1879 5275 σώματος

295 5294 356 5345 αἱ
382 5294 629 5364 ἀξορμαὶ
660 5294 759 5364 τῆς
805 5294 1100 5365 ἡμετέρας,
1135 5297 1232 5349 καὶ
1271 5296 1461 5366 ὥσπερ
1510 5298 1567 5349 αί
1617 5296 1726 5350 τῶν
1763 5297 1879 5351 δὲνο

296 5388 444 5458 δρων
472 5387 809 5451 ancones“.
839 5388 895 5440 αἳ
925 5388 986 5441 τὸ
1013 5388 1246 5441 ἑκάστου
1279 5387 1502 5459 σπέρμα
1536 5383 1737 5459 ἔχουσι,
1781 5390 1878 5458 τὴν

297 5479 360 5544 ἐξ
392 5472 467 5532 ὧν
493 5479 849 5551 ἀφῃρέθησαν
887 5479 1126 5552 ζωτικὴν
1157 5480 1403 5551 δύναμιν.
1439 5482 1500 5534 Εἰ
1531 5482 1641 5551 γὰρ
1668 5482 1727 5535 τὸ
1759 5481 1879 5551 θερ-

301 5572 403 5640 μὸν
433 5569 495 5621 τὸ
534 5565 696 5638 αἷμα,
730 5572 823 5624 καὶ
863 5571 925 5624 τὸ
952 5570 1092 5635 ζῶον
1132 5572 1240 5626 ἀπὸ
1266 5572 1359 5627 τοῦ
1401 5572 1596 5643 ἀνδρὸς
1627 5573 1876 5645 σπέρμα·

298 5663 350 5714 sl
380 5660 477 5714 καὶ
498 5661 597 5732 οὐχ
618 5662 820 5732 ὁμοίως
848 5662 926 5717 τῶ
958 5664 1151 5735 αἵματι
1184 5665 1420 5732 πάντως,
1460 5665 1732 5737 ἔχουσιστδ
1771 5667 1875 5731 ζω-

370 5830 417 5863 ⁸⁶
449 5830 556 5887 lsa.
591 5848 723 5896 stu,
763 5833 817 5889 5.

2226 3197 2395 3254 Verba
2421 3197 2485 3251 de
2510 3196 2661 3250 libris
2690 3205 2989 3250 exterarum
3016 3194 3303 3262 descripta.

2042 3291 2250 3347 Natura
2305 3292 2447 3347 inest
2501 3289 2718 3345 semini.
2766 3286 2903 3343 Nam
2945 3302 3066 3356 quae
3110 3295 3195 3341 est
3238 3288 3291 3340 in
3338 3301 3404 3341 eo
3450 3288 3560 3352 vis,

1972 3386 2193 3457 quando
2242 3383 2450 3439 moveri
2495 3382 2743 3451 coeperit,
2786 3388 2983 3434 natura
3026 3381 3364 3443 nominatur,
3428 3395 3559 3449 pro-

1971 3487 2159 3549 pterea
2188 3476 2336 3545 quod
2366 3474 2644 3529 nascendo
2674 3472 2927 3541 producit
2954 3478 3008 3523 et
3035 3482 3276 3542 generat.
3312 3469 3559 3525 Nutritur

1972 3579 2153 3629 autem
2180 3568 2439 3621 alimento
2467 3564 2611 3633 quod
2664 3570 2749 3617 est
2800 3562 2855 3615 in
2898 3575 3147 3630 carporc,
3197 3563 3558 3629 quemadmo-

1973 3662 2102 3716 dum
2142 3674 2317 3726 neque
2351 3656 2746 3710 nutrimentum
2791 3653 2999 3721 absque
3034 3655 3265 3707 materia
3308 3663 3411 3707 est.
3445 3650 3561 3707 Mo-
3633 3656 3643 3666 “

1973 3760 2131 3803 vetur
2158 3755 2341 3801 autem
2385 3746 2441 3799 in
2483 3744 2853 3812 seuietipsam,
2897 3741 3052 3796 cibos
3088 3757 3465 3810 concoqueus,
3505 3752 3570 3796 et

1975 3856 2071 3912 per
2115 3838 2465 3907 semetipsam
2507 3834 2793 3906 perficiens
2840 3833 3199 3904 digestiones.
3250 3832 3566 3889 Facultatcs

1975 3946 2107 3987 vero
2137 3938 2348 3984 natoue
2367 3937 2478 3982 tres
2508 3933 2674 3981 sunt:
2707 3939 2999 3993 generans,
3032 3923 3100 3978 de
3129 3939 3241 3994 qna
3260 3925 3372 3993 jam
3398 3934 3557 3979 antea

1976 4018 2268 4078 dictumiin
2294 4017 2574 4073 mentione
2605 4015 2865 4081 seminis;
2891 4028 3215 4083 augescens,
3248 4030 3370 4085 quae
3396 4015 3559 4069 habet

1978 4122 2188 4168 motum
2240 4110 2544 4165 secundum
2590 4117 2844 4177 tempus;
2875 4116 2929 4161 et
2955 4107 3226 4172 nutriens,
3277 4106 3343 4160 ad
3390 4122 3555 4175 quam

1976 4205 2085 4260 cibi
2120 4201 2392 4259 confectio
2432 4200 2687 4270 pertinet.
2723 4198 2825 4254 Per
2859 4199 3179 4253 universum
3213 4208 3395 4252 autem
3430 4214 3550 4252 cor-

1978 4311 2081 4366 pus
2116 4294 2365 4349 nutriens
2408 4306 2463 4347 et
2498 4305 2799 4360 augescens
2840 4290 3126 4345 facultates
3160 4304 3282 4345 sese
3327 4290 3553 4366 didunt;

1978 4403 2245 4459 generans
2275 4400 2405 4440 vero
2453 4392 2665 4438 tantum
2702 4383 2806 4437 sita
2839 4390 2923 4438 est
2969 4383 3024 4437 in
3057 4382 3291 4454 geminis
3325 4382 3558 4439 testibus

1980 4498 2166 4537 semen
2209 4478 2641 4534 continentibus.
2694 4475 2971 4547 Occupata
3017 4486 3199 4532 autem
3244 4486 3327 4531 est
3364 4484 3557 4531 natura

1987 4574 2224 4643 primum
2256 4572 2405 4627 circa
2433 4570 2617 4625 cibum
2660 4578 2714 4625 et
2742 4569 3035 4640 spiritum;
3081 4568 3175 4638 qui
3210 4568 3435 4637 spiritus
3472 4566 3559 4621 iu-

1973 4677 2127 4720 terna
2164 4666 2215 4719 vi
2251 4664 2486 4730 calidus,
2526 4671 2587 4717 ut
2619 4662 2712 4731 qni
2748 4678 2844 4733 per
2878 4677 2937 4717 se
2975 4670 3223 4715 mOVetur
3254 4660 3557 4716 secundum

1973 4757 2026 4810 id
2061 4756 2208 4827 quod
2252 4756 2458 4811 dictum
2505 4762 2589 4809 est
2632 4752 2700 4808 de
2733 4753 2965 4815 semine,
3011 4751 3183 4821 gignit
3224 4761 3277 4805 et
3324 4749 3561 4805 absolvit

1973 4849 2255 4903 hominem
2289 4845 2627 4914 temporibus
2659 4852 2712 4898 et
2748 4842 3218 4912 magnitudinibus
3257 4841 3516 4897 deﬁnitis.

2400 4931 2916 4989 INTERROGATIO
2954 4929 3115 4987 CXL.

2053 5025 2229 5081 Simul
2249 5025 2515 5081 exsistere
2540 5039 2640 5079 nos
2664 5025 2901 5078 animam
2919 5023 3157 5079 dicimus
3178 5037 3304 5079 cum
3327 5038 3395 5079 eo
3410 5022 3557 5093 quod

1982 5131 2017 5171 a
2041 5117 2155 5171 viro
2182 5116 2515 5179 excernitur,
2545 5122 2601 5168 et
2632 5114 2816 5168 vivmn
2850 5114 3268 5185 animatumque
3294 5114 3554 5185 quiddam

1982 5216 2083 5270 est,
2111 5205 2555 5275 quandoquidem
2584 5212 2637 5260 et
2666 5219 2697 5258 a
2734 5204 2948 5260 vivente
2977 5212 3031 5260 et
3055 5205 3296 5261 animato
3328 5219 3557 5273 corpore
3582 5226 3593 5270 ξ

1984 5313 2149 5354 causa
2187 5312 2252 5352 ac
2281 5298 2436 5367 origo
2463 5296 2637 5351 nostri
2670 5304 2827 5350 ortus
2854 5304 2957 5360 est,
3006 5296 3469 5367 quemadmodum
3503 5304 3555 5348 et

1984 5389 2054 5443 ab
2076 5387 2367 5443 arboribus
2394 5388 2566 5443 avulsi
2598 5386 2758 5451 rami,
2786 5386 2883 5458 qui
2911 5387 3345 5456 uniuscujusque
3370 5400 3555 5440 semen

1988 5481 2210 5545 habent,
2238 5481 2452 5535 vitalem
2486 5480 2800 5535 facultatem
2832 5496 3021 5535 carum
3054 5495 3084 5533 a
3122 5478 3324 5548 quibus
3352 5477 3554 5547 sumpti

1986 5582 2139 5638 sunt,
2165 5573 2466 5628 continent.
2498 5569 2632 5626 Nam
2670 5573 2716 5627 si
2751 5572 2962 5627 calidus
2993 5580 3076 5625 est
3110 5568 3356 5637 sanguis,
3388 5568 3555 5624 etiam

1986 5666 2169 5721 vivum
2204 5663 2335 5719 illud
2371 5678 2553 5718 semen
2603 5663 2704 5717 viri
2738 5661 2977 5718 calidum
3006 5670 3126 5727 est;
3163 5674 3228 5715 ac
3261 5658 3389 5715 licet
3422 5673 3553 5714 sau-
