4048 6222
458 400 558 461 104
570 405 597 456 7

460 511 624 582 gnine
682 527 789 566 non
845 526 1038 569 omnes
1086 510 1337 565 similiter
1381 509 1635 578 dispositi
1671 508 1801 574 sint,
1856 519 2036 562 tamen

462 604 680 657 vitalem
710 602 1005 672 quamdam
1046 615 1267 656 causam
1307 598 1529 663 habent,
1569 615 1691 668 quae
1717 607 1802 653 est
1834 598 2037 651 anima.

460 691 689 759 Propter
724 692 1043 745 tenuitatem
1078 699 1258 745 autem
1290 698 1343 743 et
1378 688 1727 757 exiguitatem
1769 687 2039 741 constitu-

463 784 631 839 tionis
666 784 826 853 primi
861 784 991 849 diei,
1023 798 1146 838 cum
1177 798 1283 837 non
1316 782 1485 852 possit
1525 796 1656 838 suas
1696 780 2040 849 operationes

461 876 703 945 perfecte
743 875 1025 930 declarare
1064 884 1285 943 propter
1318 875 1675 928 subtilitatem
1738 872 1860 941 ejus
1892 868 2037 940 quod

463 974 548 1021 est
580 966 875 1037 deiectum,
1172 981 1281 1034 quo
1320 966 1577 1034 deinceps
1611 972 1939 1035 augescente
1984 963 2039 1017 in

463 1058 587 1112 alvo
618 1069 885 1121 materna,
916 1067 972 1113 et
998 1058 1051 1112 in
1085 1072 1301 1112 carnem
1343 1072 1522 1121 verso,
1556 1066 1609 1111 et
1645 1055 1770 1111 inde
1804 1071 1960 1110 verso
1985 1055 2038 1109 in

466 1150 660 1211 fetum,
697 1165 802 1203 una
832 1160 1099 1216 augetur;
1125 1150 1314 1218 sicque
1341 1149 1561 1203 demum
1588 1147 1829 1218 perfecte
1859 1148 2041 1201 anima

467 1255 595 1294 suas
625 1241 902 1295 declarare
927 1240 1263 1305 efl‘ectioncs,
1290 1250 1344 1296 et
1361 1255 1625 1310 apparere
1648 1244 1772 1294 cum
1800 1238 2042 1309 perfecto

461 1333 575 1401 jam
606 1347 839 1402 corpore
870 1342 1071 1402 potest.

1103 1424 1407 1492 Responsio.

538 1516 693 1569 Absit
726 1525 783 1569 ut
799 1515 1060 1569 exsistere
1080 1516 1317 1568 animam
1338 1529 1461 1569 cum
1490 1515 1697 1569 semine
1719 1514 2041 1580 cogitemus.

468 1605 605 1660 Nam
638 1623 748 1677 qtto
780 1615 938 1674 pacto
965 1606 1128 1661 simul
1168 1605 1448 1659 exstitisse
1482 1621 1604 1658 rum
1644 1606 1851 1659 Adamo
1888 1616 2045 1674 puta-

470 1699 654 1752 bimus
688 1698 949 1760 animam,
981 1695 1072 1765 qui
1106 1697 1311 1764 absque
1337 1697 1725 1766 conjunctione
1751 1696 1932 1766 aliqua
1959 1696 2043 1749 vel

470 1788 849 1858 p'ocreatione
890 1785 1069 1842 factus
1114 1786 1255 1839 fuit?
1302 1784 1436 1841 Nam
1469 1788 1515 1842 si
1549 1804 1615 1842 ex
1652 1788 1771 1842 viro
1800 1788 2040 1841 animam

468 1876 629 1929 simul
685 1875 905 1930 cxcerni
955 1874 1410 1940 concesserimus,
1470 1886 1729 1945 sequetur
1795 1878 2042 1940 omnino,

468 1965 632 2021 etiam
659 1965 751 2020 Dei
793 1964 954 2020 Verbi
992 1967 1257 2021 incarnati
1294 1968 1530 2021 animam
1562 1983 1624 2022 ex
1670 1967 1877 2021 semine
1924 1969 2047 2022 uni-

464 2070 576 2114 tam
617 2055 831 2125 corpori
863 2097 875 2109 .
910 2055 963 2111 id
1027 2060 1175 2129 quod
1201 2058 1640 2113 fueritextremae
1666 2060 1952 2113 dementia:
1982 2073 2047 2112 ac

470 2148 844 2215 blasphemiae,
892 2150 1163 2219 ingentem
1200 2152 1458 2205 merentis
1485 2166 1724 2220 poenam.
1752 2151 1951 2205 Eadem
1980 2165 2046 2204 ex

473 2240 697 2295 vesania
722 2253 1004 2310 sequetur,
1030 2258 1221 2311 poenas
1246 2244 1471 2299 daturos
1494 2244 1695 2313 potius,
1721 2257 1886 2311 quam
1910 2257 2048 2311 prae-

472 2331 580 2385 mia
604 2332 964 2387 certaminum
991 2348 1331 2402 coronasque
1356 2342 1746 2403 reportaturos,
1773 2333 1866 2401 qui
1892 2347 2048 2389 scor-

474 2423 735 2478 tatiouem
755 2423 987 2492 fugiunt,
1003 2424 1281 2478 etfortiter
1296 2425 1560 2479 adversus
1577 2425 1748 2494 ipsam
1767 2425 2052 2480 decertan-

471 2524 575 2579 tes,
603 2530 667 2570 ac
696 2525 919 2585 propter
941 2532 1166 2585 regnum
1202 2519 1467 2572 caelorum
1506 2518 1830 2584 semetipsos
1873 2517 2051 2572 conti-

474 2607 659 2662 nentia
673 2608 1477 2677 castrantes,quemadmodum
1512 2608 1690 2678 inquit
1708 2608 2051 2673 Dominus”,

474 2699 691 2755 animas
728 2701 871 2755 intra
900 2702 1224 2771 semetipsos
1268 2701 1557 2766 sull‘ocant,
1580 2712 1634 2755 et
1663 2717 1767 2755 una
1799 2717 1923 2756 cum
1946 2710 2054 2755 ter-

477 2789 627 2844 renis
654 2790 976 2845 interimunt
1004 2792 1285 2855 membris,
1313 2807 1411 2846 sua
1441 2792 1736 2847 sobrietate
1757 2793 2054 2846 deteriores

476 2881 768 2937 evadentes
800 2898 966 2952 quam
1007 2882 1118 2936 sint
1142 2880 1440 2936 effeminati
1468 2894 1523 2937 et
1546 2882 1808 2950 voluptati
1862 2881 2051 2935 dediti.

477 2973 619 3029 Num
653 2975 821 3046 igitur
847 2985 901 3029 et
933 2974 1139 3030 Paulus
1175 2974 1266 3028 ille
1300 2974 1523 3029 sublimi
1558 2976 1817 3043 pranlitus
1846 2976 2057 3030 intelle-

477 3075 569 3118 ctu
610 3065 851 3119 manebit
897 3064 1277 3123 iubonoratus.
1328 3078 1627 3131 pinnasque
1674 3064 1869 3131 pendet
1900 3065 2054 3132 quasi

477 3156 574 3226 qui
594 3155 860 3225 supplicia
875 3155 1032 3210 nobis
1044 3155 1463 3224 animarumque
1483 3169 1643 3208 neces
1662 3153 2054 3218 conciliaverit,

478 3256 594 3301 tam
618 3261 675 3299 re
694 3246 809 3315 ipsa
829 3259 993 3314 quam
1019 3244 1200 3299 verbis
1217 3245 1440 3307 docens,
1462 3253 1516 3298 et
1532 3244 1777 3299 scribens
1800 3245 2056 3301 universo

480 3335 623 3399 orbi,
655 3332 965 3405 fugiendam
996 3350 1118 3391 esse
1141 3336 1531 3389 scortationem
1563 3344 1617 3389 et
1635 3335 1919 3389 mulierem
1947 3350 2055 3389 non

478 3426 829 3496 tangendam,
864 3425 908 3479 si
946 3425 1060 3478 fieri
1088 3425 1291 3499 queat?
1339 3423 1519 3491 Quare
1572 3424 1735 3494 igitur
1762 3433 1816 3479 et
1848 3434 2059 3478 scorta-

481 3528 655 3572 torem
700 3515 1048 3571 Corinthium
1099 3517 1333 3585 punivit,
1384 3517 1437 3569 in
1487 3532 1546 3571 se
1590 3515 1908 3569 sull‘oratam
1940 3516 2059 3568 ani-

479 3620 627 3658 mam
664 3608 730 3658 ad
756 3605 918 3658 vitam
943 3604 1317 3659 emittentem?
1338 3605 1519 3672 Quare
1547 3606 1674 3660 item
1706 3607 1934 3661 seminis
1954 3605 2058 3659 flu-

481 3712 551 3750 xu
578 3696 917 3751 laborantem
944 3697 1027 3750 lex
1051 3697 1327 3765 pnrificari
1358 3707 1412 3751 et
1445 3713 1585 3767 aqua
1615 3698 1890 3769 submergi
1923 3714 2059 3768 prae-

482 3789 645 3859 Crpit,
680 3788 725 3843 si
762 3787 1015 3843 videlicet
1044 3796 1248 3840 arctata
1278 3787 1438 3841 nimis
1474 3788 1654 3841 anima
1693 3789 1759 3842 de
1786 3788 1904 3857 ejus
1928 3789 2063 3841 lum-

481 3879 554 3933 bo
581 3892 869 3949 progressa
891 3874 1408 3941 est?Qualiumnam
1437 3892 1565 3930 vero
1596 3877 1907 3951 plantarum
1943 3876 2061 3931 fru-

485 3981 784 4040 ctuumque
817 3984 1026 4032 ramos,
1056 3979 1151 4023 aut
1185 3985 1370 4024 semen
1409 3970 1618 4039 accepit
1654 3968 1814 4035 Deus,
1862 3970 2063 4041 quibus

485 4064 555 4118 ab
568 4063 724 4117 initio
739 4072 939 4118 terram
957 4062 1282 4116 exornavit?
1298 4061 1586 4127 Quomodo
1606 4060 1739 4114 Sara
1754 4077 1877 4115 cum
1895 4062 2066 4115 Abra-

486 4159 650 4214 bamo
665 4156 733 4211 ad
755 4156 1112 4212 centesimum
1133 4155 1200 4209 ab
1216 4154 1580 4209 adolescentia
1600 4153 1811 4207 cubans
1834 4168 2062 4219 annum,

486 4251 743 4319 idemque
770 4263 956 4303 semen
983 4247 1284 4315 excipiens,
1317 4260 1599 4315 nunquam
1628 4245 1837 4300 invenit
1863 4245 2069 4300 anima-

486 4350 601 4393 tum
632 4356 755 4395 esse
784 4340 916 4394 illud
946 4348 1379 4404 excrementum,
1417 4337 1520 4393 nisi
1552 4338 1738 4393 divino
1770 4348 2063 4409 praecepto,

487 4442 545 4487 ut
578 4441 896 4487 nasceretur
926 4430 1149 4487 lsaacus
1176 4432 1489 4500 unigenitus
1517 4432 1661 4486 filius
1685 4444 1899 4487 centum
1927 4432 2069 4488 natis

487 4522 702 4578 annos?
734 4522 799 4578 Et
826 4523 1107 4593 quomodo
1147 4522 1302 4577 Anna
1331 4539 1455 4578 cum
1495 4521 1729 4578 lleleana
1772 4524 1895 4578 lecti
1934 4541 2067 4579 con-

487 4615 832 4671 suetudinem
854 4616 1063 4670 habens
1086 4614 1335 4684 pluribus
1357 4616 1537 4682 annis,
1560 4633 1839 4687 nunquam
1872 4618 1923 4670 in
1952 4629 2069 4671 ute-

487 4721 553 4761 ro
588 4707 890 4762 animatum
920 4714 1331 4761 excrementum
1371 4707 1634 4777 suscepit,
1667 4708 1987 4777 priusquam
2016 4709 2069 4761 in

488 4802 790 4855 sacrarium
834 4801 1066 4865 veniret,
1116 4798 1433 4870 Numenque
1475 4816 1573 4870 pro
1606 4800 1940 4855 fecunditate
1968 4817 2064 4856 ex-

491 4892 746 4946 orasset?
781 4890 953 4962 Cujns
990 4891 1222 4962 supplici
1248 4892 1561 4960 precatione
1596 4890 1741 4945 Deus
1791 4904 2069 4962 suscepta,

492 5000 616 5054 qua:
657 4987 845 5041 multis
887 4988 1109 5055 quidem
1165 4984 1505 5054 temporibus
1536 4986 1604 5038 de
1635 5000 1694 5038 se
1728 4985 2074 5054 judicaverat

495 5090 554 5130 se
585 5075 803 5128 vitalem
863 5075 1030 5129 fctum
1066 5090 1343 5146 nunquam
1393 5075 1698 5144 parituram
1739 5113 1754 5139 ,
1792 5076 1939 5129 velut
1987 5076 2072 5130 in-

495 5168 735 5225 animam
768 5170 1051 5222 materiam
1074 5170 1325 5240 sequenti
1350 5169 1645 5223 concubitu
1666 5178 1932 5224 consueto
1950 5183 2041 5223 mo
2058 5197 2073 5211 -

495 5279 556 5319 re
594 5261 859 5329 dejectam
898 5260 1180 5324 animavit,
1208 5271 1262 5315 et
1287 5261 1553 5317 eximium
1598 5261 1752 5315 illum
1788 5261 2069 5316 divinum-

496 5370 600 5425 que
659 5350 975 5407 Samuelum
1007 5349 1281 5418 formavit,
1323 5369 1486 5423 quem
1539 5363 1661 5422 post
1713 5353 1962 5423 pueritia:
1991 5354 2074 5406 in~

499 5447 799 5517 fantizeque
849 5442 1107 5499 lactentis
1157 5452 1387 5508 statum,
1444 5459 1635 5501 sancto
1697 5446 1776 5500 illi
1826 5446 1934 5499 Deo
1983 5445 2075 5513 qui

499 5548 751 5593 sanctum
827 5550 1054 5607 puerum
1135 5536 1477 5606 praebuerat,
1570 5537 1751 5592 tunica
1817 5538 2076 5592 amictum

503 5641 677 5684 mater
745 5630 981 5693 obtulit,
1048 5646 1078 5685 a
1142 5629 1435 5687 cunabulis
1492 5630 1602 5684 Deo
1653 5629 2076 5685 consecratum?

505 5723 796 5788 Quomodo
833 5722 961 5777 item
993 5738 1133 5778 anus
1182 5722 1399 5794 egregia
1425 5720 1696 5775 Elisabeta
1733 5736 1761 5774 a
1800 5730 1986 5776 tenera
2016 5730 2071 5776 et

580 5858 837 5917 “Matth.
875 5874 989 5925 xix,
1022 5855 1104 5909 l2.

1524 396 1580 453 S.
1618 392 1917 451 CAESARI!
1953 389 2278 447 CREGORII
2330 390 2630 446 FRATRIS

3582 390 3728 445 1068

2140 506 2291 559 τικδν
2332 505 2525 571 αἴτιον,
2554 506 2691 576 ὅπερ
2716 502 2861 557 ἐστὶν
2896 504 2929 572 ή
2969 502 3138 572 ψυχή.
3169 501 3267 555 Διὰ
3310 500 3367 554 δὲ
3406 498 3466 553 τὺ
3502 500 3724 561 εὐτελὲς

2141 598 2237 650 καὶ
2278 595 2563 668 ούδαμινὸν
2586 596 2687 666 τῆς
2728 594 2952 665 πρώτης
2983 593 3195 664 ἡμέρας
3225 592 3615 653 καταστάσεως
3644 588 3724 659 μὴ

2137 687 2442 757 δυναμένης
2472 686 2570 746 τὰς
2609 685 2808 754 ἑαυτῆς
2839 682 3119 753 ἐνεργείας
3147 680 3367 743 τελείως
3412 680 3725 732 ἐπιδείκνυ.

2146 780 2294 843 σθαι,
2334 776 2423 831 διὰ
2470 776 2531 830 τὸ
2557 775 2772 838 εὐτελὲς
2802 776 2898 845 τῆς
2946 772 3273 842 καταδολιῆς,
3310 772 3619 841 αὐξομένης
3662 771 3724 823 δὲ

2140 870 2345 940 ταύτης
2370 870 2426 921 ὲν
2449 870 2515 938 τῇ
2537 867 2736 939 γαστρὶ
2758 867 2850 919 καὶ
2875 868 2954 928 είς
2978 866 3155 936 σάρκα
3181 864 3542 935 τρεπομένης,
3582 865 3729 913 ἐκεῖ·

2144 963 2235 1015 θεν
2266 963 2341 1025 είς
2376 961 2573 1031 βρέφος
2600 959 2942 1030 τρεπομένης
2974 956 3352 1022 συναύξεσθαι,
3381 957 3474 1008 καὶ
3499 954 3729 1017 τελείως

2145 1050 2550 1104 ἐπιδείκνυσθαι
2588 1049 2687 1120 τὴν
2716 1048 2895 1117 ψυχὴν
2924 1046 3025 1109 τὰς
3056 1048 3253 1115 ἑαυτῆς
3296 1046 3596 1114 ἐνεργείας,
3628 1045 3728 1097 καὶ

2146 1139 2599 1211 συνεκφαίνεσθαι
2626 1137 2996 1208 τελειουμένου
3022 1134 3116 1189 τοῦ
3146 1134 3410 1205 σώματος.
3430 1145 3449 1149 “

2757 1420 3119 1485 Ἀπόκρισις.

2221 1516 2435 1582 Ἀπαγε
2482 1510 2815 1580 συνύπαρξιν
2859 1510 3001 1560 νοεῖν
3040 1506 3149 1558 τῶν
3175 1504 3383 1575 ψυχῶν.
3416 1502 3588 1555 Πόθεν
3614 1501 3732 1571 γὰρ

2148 1608 2513 1676 συνυπάρχειν
2557 1603 2635 1673 τῷ
2686 1601 2855 1670 Ἀδὰμ
2898 1598 2997 1668 τὴν
3042 1597 3222 1667 ψυχὴν
3259 1597 3563 1664 νοήσωμεν,
3597 1594 3730 1645 ἄνευ

2152 1698 2474 1769 συμπλοκῆς
2500 1711 2641 1756 τινος
2669 1692 2701 1762 ἢ
2744 1691 2953 1761 σπορᾶς
2983 1685 3474 1758 δημιουργηθέντις
3524 1684 3587 1737 El
3619 1684 3734 1752 γὰρ

2154 1784 2655 1857 συναποκρίνασθαι
2702 1785 2764 1835 ἐκ
2808 1780 2899 1833 τοῦ
2930 1778 3120 1849 ἀνδρὸς
3152 1778 3251 1846 τὴν
3298 1775 3473 1845 ψυχὴν
3514 1773 3729 1842 ἔδομεν,

2151 1880 2339 1951 ἕψεται
2382 1878 2598 1937 πάντως
2628 1873 2721 1926 καὶ
2753 1872 2851 1941 τὴν
2888 1869 2981 1922 τοῦ
3012 1866 3149 1920 Θεοῦ
3175 1868 3268 1919 καὶ
3305 1864 3479 1931 Λόγου
3510 1880 3733 1933 σοιρκω⁴

2153 1970 2338 2031 θέντος
2381 1967 2557 2037 ψυχὴν
2589 1966 2652 2016 ὲκ
2693 1962 2900 2031 σπορᾶς
2938 1955 3306 2019 ὑποτίθεσθαι,
3335 1955 3624 2024 ἡνωμένην
3652 1953 3734 2021 τῷ

2153 2059 2367 2128 σώματι
2383 2074 2396 2087 ο
2420 2058 2556 2125 ὅπερ
2579 2053 2725 2106 ἐστὶν
2749 2050 2985 2120 ἐσχάτης
3009 2047 3216 2109 ἀνοίας.
3239 2047 3331 2098 καί
3357 2045 3733 2115 βλασφημίας,

2148 2151 2453 2221 ἀπέραντον
2496 2144 2727 2215 ἐχούσης
2772 2142 3017 2195 κόλασιν.
3058 2140 3155 2191 Ἐκ
3196 2138 3252 2190 δὲ
3295 2139 3393 2206 τῆς
3444 2136 3736 2206 παροινίας

2149 2240 2354 2311 ταύτης
2383 2239 2536 2300 δίκας
2573 2236 2773 2306 μᾶλλον
2815 2234 3075 2291 τίσουσιν,
3105 2231 3138 2300 ἢ
3166 2229 3375 2283 ἔπαθλα
3402 2228 3498 2280 καὶ
3535 2228 3738 2295 necpri-

2150 2350 2277 2395 νους
2304 2330 2640 2401 κομίσονται.
2670 2328 2717 2379 οἱ
2739 2325 2839 2396 τὴν
2872 2321 3126 2395 πορνείαν
3153 2322 3463 2390 φεύγοντες,
3496 2317 3591 2370 καὶ
3612 2334 3739 2385 γεν-

2153 2426 2316 2487 ναίως
2349 2425 2469 2476 κατ’
2503 2421 2671 2490 αὐτῆς
2714 2416 3128 2487 ἀγωνιζόμενοι,
3185 2414 3279 2466 καὶ⁸
3319 2411 3409 2464 διὰ
3447 2411 3544 2479 τὴν
3579 2410 3739 2478 βασι-

2152 2516 2299 2569 λείαν
2317 2514 2424 2568 τῶν
2449 2510 2716 2583 οὐρανῶν,
2736 2507 2963 2568 ἑαυτοὺς
2989 2502 3286 2573 ἐγκρατείᾳ
3308 2497 3736 2568 εὐνουχίζοντες,

2154 2608 2337 2671 καθώς
2370 2624 2535 2677 φησιν
2584 2606 2612 2657 ό
2667 2602 2890 2672 Κύριος,
2916 2598 3095 2667 ψυχὰς
3141 2596 3351 2655 ἑαυτοῖς
3406 2590 3744 2659 ἔγκατα-πνί-

2154 2713 2344 2771 γοντες
2404 2699 2497 2753 καὶ
2549 2693 2971 2764 συννεκροῦντες
3014 2692 3127 2751 τοῖς
3176 2685 3442 2753 ἐπιγείοις
3496 2683 3738 2753 μέλεσιν,

2154 2795 2376 2865 ἥττονες
2422 2788 2621 2859 μᾶλλον
2659 2788 2725 2855 τῇ
2777 2780 3102 2852 σωφροσύνῃ
3136 2779 3230 2832 καί⁵
3272 2777 3468 2846 ἁγνεία
3503 2774 3612 2826 τῶν
3645 2775 3746 2865 λα-

2156 2902 2299 2952 γνων
2324 2882 2417 2935 καὶ
2450 2878 2745 2950 φιληδόνων
2777 2874 3185 2933 ἀποδαίνοντες.
3212 2865 3360 2939 Ἀρα
3387 2868 3443 2919 δὲ
3470 2868 3564 2919 καὶ
3595 2864 3747 2917 Παῦ-

2156 2977 2247 3037 λος
2283 2976 2311 3028 ό
2354 2973 2551 3043 ὑψηλὸς
2576 2971 2675 3042 τὴν
2709 2970 2944 3021 διάνοιαν
3002 2962 3374 3030 ἀναγέραστος
3424 2960 3605 3028 μείνῃ,
3645 2958 3749 3009 καὶ

2158 3064 2387 3122 εὐθύνας
2416 3063 2670 3133 ἀποτίσῃ,
2703 3059 2777 3120 ὼς
2816 3055 3086 3126 τιμωρίας
3119 3056 3249 3123 ἡμῖν
3281 3052 3615 3120 προξενήσας
3647 3046 3751 3099 κπὶ

2158 3152 2515 3224 ψυχοκτονίας
2553 3151 2700 3221 ἔργῳ
2733 3148 2824 3199 καὶ
2862 3145 3006 3215 λόγῳ
3052 3142 3323 3195 παιδεύων
3354 3141 3447 3192 καὶ
3485 3136 3751 3189 ἐπιστέλ-

2159 3247 2267 3298 λων
2302 3245 2367 3313 τῇ
2389 3240 2704 3309 οἰκουμένῃ,
2733 3235 2952 3306 φεύγειν
2989 3233 3087 3303 τὴν
3120 3230 3390 3302 πορνείαν,
3424 3227 3513 3279 καὶ
3546 3243 3756 3292 γυναι-

2159 3336 2251 3398 κδς
2294 3334 2368 3405 μὴ
2411 3330 2698 3393 ἅπτεσθαι,
2730 3330 2777 3380 εί
2804 3322 2916 3378 οἷόν
2951 3341 3049 3390 τε;
3081 3322 3236 3375 Διατὶ
3266 3320 3319 3372 δὲ
3354 3318 3443 3371 καὶ
3474 3315 3563 3368 τὸν
3597 3331 3755 3384 πορ-

2157 3427 2426 3480 νεύσαντα
2446 3422 2726 3494 Κορίνθιον
2745 3417 3147 3488 ἐτιμωρήσατο,
3171 3409 3567 3483 ὲμπνιγομένην
3588 3406 3759 3477 αὐτῷ

2158 3517 2337 3588 ψυχὴν
2371 3514 2506 3583 πρὸς
2542 3510 2687 3579 ζωὴν
2731 3508 3086 3577 προιέμενον;
3122 3500 3275 3554 Διατί
3308 3500 3349 3552 δ’
3383 3499 3495 3569 ἄρα.
3523 3495 3760 3588 καὶτὸν

2160 3585 2429 3681 γονορρυῆ
2462 3604 2490 3656 ὁ
2528 3603 2689 3671 νόμος
2732 3594 3093 3668 καθαίρεσθαι
3123 3592 3219 3644 καὶ
3250 3590 3407 3643 ’ύδατι
3444 3585 3761 3681 ἁποκλύζεζ

2163 3677 2301 3755 σθαι*
2330 3677 2687 3769 προσέταξεν,
2730 3692 2776 3743 εί
2810 3690 2917 3760 ἄρα
2958 3686 3105 3755 ψυχὴ
3154 3680 3550 3751 ὲνστενουμένῃ
3578 3677 3758 3729 αὑτοῦ

2160 3796 2227 3863 τῇ
2259 3790 2419 3858 όσφύῐ
2449 3782 2879 3858 προσελήλυθεν;
2916 3780 3089 3833 Ποίων
3121 3778 3165 3830 δ’
3196 3778 3305 3847 ἄρα
3334 3772 3516 3842 φυτῶν
3546 3772 3579 3840 ἢ
3614 3787 3765 3863 καρο

2164 3862 2280 3937 πῶν
2304 3877 2646 3939 άποσπάδας,
2673 3875 2707 3946 ἢ
2734 3873 2957 3944 σπέρμα
2977 3869 3157 3925 λαϐὼν
3180 3868 3207 3919 ὁ
3232 3867 3365 3928 Θεὸς
3392 3867 3448 3916 ὲν
3478 3864 3622 3933 ἀρχῇ
3652 3862 3762 3932 τὴν

2164 3975 2269 4045 γῆν
2300 3970 2715 4038 κατεκόσμησεν
2742 3982 2757 4029 ;
2788 3963 2913 4027 Πῶς
2947 3961 3002 4013 δὲ
3047 3960 3233 4030 Σάρρα
3276 3955 3353 4026 τῷ
3392 3954 3644 4045 Ἀϐραὰμ
3674 3954 3765 4015 εἰς

2166 4043 2361 4120 ἑκατὸν
2388 4064 2452 4115 ὲκ
2488 4060 2673 4121 παιδὸς
2708 4052 3152 4124 συγκαθεύδουσα
3183 4050 3301 4117 ἐτη,
3334 4047 3427 4099 καὶ
3452 4046 3548 4114 τὴν
3582 4043 3768 4111 αὐτὴν

2168 4154 2540 4228 ὑποδεχομένη
2594 4148 2922 4217 καταδολὴν,
2961 4145 3174 4197 οὐδέπω
3220 4131 3650 4228 ἔμψυχονμεῖιρε

2168 4224 2453 4319 ἀπόκρίμα
2509 4243 2637 4312 θείῳ
2692 4237 3113 4310 προστάγματι,
3173 4230 3267 4283 καὶ
3319 4224 3768 4319 γενέσθῗ⁴μί9

2181 4315 2699 4408 ’Ῑσαακγμονογενὴς
2734 4332 2864 4392 παῖς
2905 4329 3019 4388 τοῖς
3051 4320 3499 4379 ἐκατονταέταιςς
3532 4315 3663 4377 Πῶς
3704 4315 3769 4365 δὲ

2174 4435 2343 4487 Ἀννα
2372 4429 2450 4500 τῷ
2481 4426 2717 4495 Ἐλκανᾷ
2752 4417 3146 4490 συγκλινομένη
3193 4414 3276 4481 ἐφ’
3308 4412 3513 4470 ἱκανοῖς
3558 4407 3768 4500 ἔτεσιν,

2174 4525 2325 4580 οὔπω
2372 4497 2515 4576 κατὰ
2554 4516 2791 4587 γαστρὸς
2839 4506 3259 4583 ὲμψυχουμένην
3318 4502 3417 4570 τὴν
3453 4497 3771 4567 καταϐολὴν

2179 4618 2413 4687 ἐδέχετο,
2451 4612 2577 4683 πρὶν
2623 4612 2701 4672 είς
2746 4605 2806 4658 τὸ
2861 4602 3003 4673 ἱερὸν
3056 4596 3333 4687 φοιτῆραι,
3369 4590 3558 4687 καὶᾲτο
3605 4588 3773 4687 Θείρν

2178 4678 2546 4777 ὲκλῖπαρῆσαι
2580 4695 2927 4765 παιδογονίας
2955 4692 3175 4749 ἓνεκεν;
3208 4682 3422 4777 *Ης-τδ
3460 4680 3621 4777 Θεῖον
3660 4678 3766 4748 τὴν

2180 4772 2415 4855 ἱκετείαν
2441 4772 2894 4864 προσδεξάμενον.
2927 4782 3024 4851 τὴν
3051 4777 3263 4836 πολλοῖς
3296 4773 3392 4843 μὲν
3417 4772 3637 4843 χρόνοις
3666 4786 3775 4864 κα-

2179 4860 2579 4963 τακρινομένην
2632 4881 2770 4950 αύτῇ
2823 4870 3092 4948 μηδέποτε
3150 4864 3654 4963 ζωογονουμένηνΔἸ
3690 4860 3775 4921 ὡς

2181 4954 2386 5054 ἄψυχον
2414 4954 2553 5047 ’ὓλην
2604 4976 2669 5044 τῇ
2719 4970 2950 5039 ἐπιούσῃ
3001 4958 3433 5054 συγκατευνάσει
3494 4954 3776 5054 εἰωθότως

2181 5044 2615 5141 καταϐληθεῖ-σαν
2649 5062 2980 5133 ὲνεψύχωσε,
3019 5058 3114 5109 καὶ
3150 5054 3242 5107 τὸν
3269 5049 3472 5141 ὑψηλὸν
3498 5044 3777 5141 Σαμουὴλ

2188 5166 2330 5235 ἱερὸν
2362 5137 2714 5217 διετύπωσεν,
2746 5154 2805 5205 ὃν
2848 5154 2913 5203 ἐκ
2942 5148 3142 5219 νηπίας
3175 5143 3269 5197 καὶ
3311 5140 3418 5193 ὑπὸ
3451 5137 3639 5191 τίτθου
3674 5153 3779 5187 κα-

2181 5228 2497 5315 ταστάσεως
2530 5244 2935 5319 ἀπορραγέντα,
2970 5240 3047 5310 τῷ
3076 5234 3475 5307 παρασχομένῳ
3514 5230 3647 5302 ίερῷ
3681 5228 3777 5280 τὸν

2187 5351 2329 5422 ἱερὸν
2368 5346 2555 5407 παῖδα,
2587 5337 2816 5395 διπλοῖδι
2862 5330 3253 5422 περιστείλασα
3373 5326 3779 5422 μήτηρ-ττροῖΓ

2184 5412 2438 5512 ενηνοχεν
2480 5438 2542 5489 ὲκ
2566 5428 2898 5500 σπαργάνων
2930 5423 3048 5492 Θεῷ
3094 5417 3513 5489 καθιερώσασας
3562 5414 3687 5474 Πῶς
3721 5412 3779 5463 δὲ

2187 5503 2279 5586 καί
2309 5503 2679 5600 ἡΙκαλογραῦς
2723 5516 3004 5572 Ἐλισάῧετ
3047 5512 3107 5576 ἐξ
3138 5508 3349 5577 ἁπαλῆς
3390 5507 3503 5600 καί
3532 5503 3778 5600 σιρριγώ-

2188 5643 2287 5697 σης
2332 5597 2555 5692 *ἡλικίας
2595 5613 2674 5685 τῷ
2709 5611 2958 5679 συνήλικι
3006 5603 3251 5697 Ζαχαρία
3288 5597 3775 5697 συγκαθεύδουσα,

2190 5684 2267 5781 εἰς
2304 5714 2471 5784 αὐτὴν
2520 5706 2709 5762 πολιὰν
2757 5702 3069 5761 ἐλάσαντες,
3119 5695 3211 5748 καὶ
3245 5692 3352 5746 τῶν
3392 5689 3653 5761 γαμικῶν
3675 5684 3776 5742 οὐκ
