4048 6222
351 313 501 377 ιων

354 435 729 506 απειπάμενοι
775 435 958 506 νόμων
981 475 997 498 ,
1031 435 1300 490 ὀὐδέποτε
1349 437 1530 508 ζώσης
1590 437 1943 508 συγκράσεως

357 530 649 598 ἐπέτυχον,
680 526 811 596 πρὶν
835 530 901 597 τῇ
930 527 1026 580 τοῦ
1057 529 1291 596 ἀγγέλου
1316 533 1468 599 φωνῇ
1499 528 1814 599 ψυχωθῆναι
1849 531 1945 601 τὴν

357 623 419 677 ιν
444 623 509 691 τῇ
537 619 700 686 ὀσφύῖ
747 617 1007 688 κειμένην
1041 619 1208 688 ὓληνο
1244 615 1311 690 ἦς
1346 623 1477 691 παρ’
1501 621 1776 691 ἑκατέρων
1816 637 1946 690 συγ-

360 709 821 780 καταδληθείσης,
851 709 946 760 καὶ
979 710 1060 771 είς
1103 710 1282 779 σάρκα
1327 710 1617 780 παγείσης,
1650 711 1813 762 οἱονεὶ
1851 709 1947 763 λα-

358 801 532 869 τόμου
563 797 709 861 τινὸς
739 799 882 867 χειρὶ
914 797 974 862 ἐξ
997 797 1159 869 ὅρους
1189 800 1223 869 ἢ
1258 801 1522 870 μετάλλου
1561 801 1944 855 ἀποσπασθέν-

356 908 452 954 τος
483 889 656 953 λίθου,
688 891 784 942 καὶ
809 892 875 960 τῇ
902 890 1022 944 καθ’
1045 892 1257 961 ἡμέραν
1284 892 1470 962 λαξείᾳ
1491 893 1941 964 διαγλυφομένου,

365 983 560 1051 μέχρις
593 981 662 1034 ἂν
700 980 834 1049 πρὸς
863 979 924 1034 τὸ
960 982 1236 1051 ὲρῤωσθὲν
1276 983 1372 1036 τοῦ
1413 984 1728 1054 ἀνδριάντος
1760 984 1943 1057 φθάσῃ

363 1073 702 1142 ὲκτύπωμα;
729 1071 890 1125 Οὕτω
914 1073 981 1142 τῇ
1011 1073 1232 1143 ἀρρήτῳ
1264 1079 1502 1145 μηχανῇ,
1533 1077 1568 1145 ἥ
1596 1094 1724 1130 ποτε
1754 1079 1810 1130 ὲν
1832 1081 1944 1140 τοῖς

362 1163 700 1235 πρεσϐύταις
734 1163 961 1234 ἄψυχος,
992 1165 1088 1218 καὶ
1133 1165 1378 1237 εἰδεχθὴς
1413 1166 1511 1238 ὑλη
1560 1171 1640 1231 είς
1689 1169 1942 1240 Ἰωάννην

359 1254 736 1323 διαγλύφεται,
772 1254 868 1308 καὶ
893 1255 946 1308 δι
983 1295 997 1309 .
1042 1293 1058 1309 .
1102 1295 1119 1310 .
1161 1291 1178 1308 .
1209 1256 1301 1310 τὸν
1335 1258 1646 1328 Βαπτιστὴν
1685 1262 1781 1314 καὶ
1809 1260 1944 1330 πρό-

359 1345 578 1415 δρομον.
617 1342 922 1397 Σιωπάσθω
941 1339 1034 1395 οὖν
1055 1344 1088 1413 ή
1108 1343 1218 1395 τῶν
1245 1343 1431 1414 ψυχῶν
1462 1345 1802 1416 μυθευομένη
1827 1364 1945 1401 συν-

362 1434 599 1506 ύπαρξις
650 1436 709 1487 ὲν
741 1436 806 1505 τῇ
856 1434 1158 1506 άπαφρίσει
1202 1436 1295 1489 τοῦ
1333 1437 1578 1508 ἄρρενος.
1622 1438 1746 1501 Πῶς
1772 1439 1938 1510 γὰρὴ

359 1526 639 1596 ἄφθαρτος
665 1526 760 1579 καὶ
786 1524 1050 1590 ἀθάνατος
1076 1526 1152 1597 τῷ
1183 1527 1406 1599 φθαρτῷ
1432 1529 1526 1582 καὶ
1560 1529 1790 1599 εἰδεχθεί
1817 1548 1942 1584 συν-

361 1616 630 1687 υπάρχει;
679 1616 799 1681 Πῶς
843 1619 952 1688 γὰρ
987 1619 1019 1688 ή
1066 1619 1326 1688 ἀμείνους
1366 1621 1460 1673 καὶ¹
1505 1622 1812 1691 κρείττονος
1839 1623 1942 1692 φύ-

362 1724 502 1771 σεως
526 1709 592 1760 ἐκ
629 1708 729 1777 τῆς
753 1708 948 1777 ἥττους
973 1709 1067 1760 καὶ⁸
1105 1708 1348 1780 χείρονος
1378 1709 1474 1780 τὴν
1507 1710 1686 1763 αἰτίαν
1716 1709 1830 1781 ἔχοι
1861 1714 1940 1776 εἰς

356 1798 460 1869 τὴν
499 1798 616 1868 βίου
659 1799 921 1870 πρόοδονς
951 1801 1074 1864 Πῶς
1110 1801 1166 1854 δὲ
1207 1801 1308 1854 οὑκ
1338 1802 1538 1856 ἄτοπον
1585 1803 1834 1856 ὑπονοεῖν
1883 1806 1940 1856 ἐν

358 1888 539 1960 φθορᾷ
587 1889 756 1959 αὐτὴν
791 1890 1278 1960 κατασπείρεσθαι,
1325 1892 1419 1946 τοῦ
1471 1893 1794 1949 Ἀποστόλου
1835 1896 1940 1964 φά-

357 1995 584 2043 σκοντος
628 1980 756 2052 περὶ
802 1979 896 2034 τοῦ
953 1980 1224 2052 σώματος,
1258 1985 1565 2052 Σπείρεται
1607 1986 1679 2039 ἐν
1724 1985 1936 2056 φθορᾷ,

355 2070 644 2140 ἐγείρεται
671 2071 742 2124 ἐν
773 2071 1096 2140 ἀφθαρσίᾳ,
1124 2075 1429 2143 σπείρεται
1462 2075 1634 2146 σῶμα
1655 2079 1936 2146 ψυχικὸν,

354 2163 478 2234 οὐχὶ
502 2163 560 2216 δὲ
585 2162 763 2234 ψυχῆς
799 2164 873 2217 Τὸ
894 2165 1004 2236 γάρ
1026 2165 1257 2235 ψυχικὸν
1279 2168 1399 2220 ἀντὶ
1426 2169 1520 2222 τοῦ
1556 2169 1685 2223 ίδίου
1711 2171 1809 2241 τῆς
1840 2171 1941 2240 ψυ-

356 2254 462 2326 χῆς
490 2255 824 2325 ὑπάρχοντος
847 2255 1096 2326 ὄργανον.
1145 2259 1449 2328 Ἦρεμείτω
1473 2261 1530 2314 δὲ
1559 2263 1650 2314 καὶ
1679 2263 1711 2332 ή
1736 2262 1938 2333 ληρου-

358 2344 497 2416 μένη
535 2343 892 2416 μεθύπαρξις.
918 2347 1068 2416 ’Ἅμα
1097 2347 1207 2419 γὰρ
1226 2350 1319 2402 τοῦ
1347 2351 1537 2420 νοῆσαι
1567 2352 1721 2415 Θεὸν,
1755 2355 1938 2410 ὁποῖόν

355 2451 410 2488 τι
439 2436 543 2506 χρὴ
580 2433 847 2506 ὑπάρχειν
885 2436 1134 2502 ἕκαστον,
1164 2436 1320 2503 αὖθις
1371 2443 1524 2513 καὶὴ
1564 2443 1663 2514 ὕλη
1707 2447 1936 2518 πάρεστι

355 2528 451 2580 καὶ
487 2526 555 2580 τά
587 2527 761 2598 ἄστρα
792 2527 893 2598 τῆς
933 2531 1162 2584 ἑκάστου
1192 2532 1478 2603 ὑπάρξεως
1510 2534 1590 2606 τῷ
1634 2535 1763 2608 θείῳ
1799 2555 1937 2608 συμ-

357 2617 578 2686 πάρεισι
612 2617 887 2688 δραστικῷ
918 2619 1237 2692 βουλήματι.
1274 2623 1412 2678 Οὔτε
1451 2627 1560 2698 γάρ
1593 2629 1935 2699 προΰπαρξιν

353 2705 389 2778 ἢ
425 2705 764 2778 μεθύπαρξιν
792 2709 978 2779 ψυχῶν
1011 2713 1044 2783 ή
1073 2712 1194 2768 θεία
1227 2716 1472 2770 παιδεύει
1500 2719 1712 2790 Πυκτὴ,
1746 2720 1830 2774 ἵνα
1859 2722 1933 2792 μὴ

354 2799 670 2872 πρεσϐύτης
700 2802 793 2855 καὶ
823 2802 939 2865 νέος
962 2805 1123 2869 αὐτὸς
1148 2807 1341 2860 ἑαυτοῦ
1368 2808 1525 2880 οἰηθῇ
1554 2811 1583 2862 6
1613 2810 1897 2880 ἄνθρωπος
1917 2829 1930 2843 ο

353 2890 470 2944 ἀλλ’
494 2891 609 2961 ἅμα
643 2891 739 2944 τοῦ
769 2893 961 2962 φῆσαι,
992 2895 1102 2949 Kal
1137 2897 1342 2952 λαϐὼν
1385 2902 1418 2952 ό
1453 2900 1598 2966 Θεὸς
1628 2899 1782 2969 χοῦν
1813 2902 1934 2957 ἀπὸ

353 2982 467 3052 τῆς
504 2981 633 3053 γῆς,
672 2983 906 3040 ἔπλασε
945 2986 1052 3039 τὸν
1094 2987 1428 3056 ἄνθρωπον,
1470 2991 1665 3046 θᾶττον
1713 2994 1932 3062 ἐπάγει,

353 3074 464 3128 Kal
499 3074 886 3144 ἐνεφύσησεν
911 3079 998 3144 εις
1033 3079 1101 3133 τὸ
1141 3083 1468 3148 πρόσωπον
1507 3084 1695 3138 αὐτοῦ
1733 3085 1936 3152 πνοὴν

353 3163 522 3232 ζωῆς,
547 3167 646 3220 καί
682 3166 918 3237 ἐγένετο
945 3173 979 3224 ό
1014 3169 1327 3240 ἄνθρωπος
1353 3176 1442 3239 εἰς
1475 3174 1690 3242 ψυχὴν
1718 3175 1933 3236 ζῶσαν.

353 3256 494 3311 Οὔτε
522 3253 615 3311 οὖν
645 3261 678 3329 ἡ
722 3258 868 3332 ψυχὴ
903 3260 1024 3314 καθ’
1054 3262 1274 3334 ἑαυτὴν,
1307 3263 1431 3318 οὔτε
1465 3265 1526 3318 τὸ
1568 3266 1729 3338 σῶμα
1760 3269 1938 3339 ὑπάρ-

351 3366 439 3420 χει
488 3351 794 3418 ἄνθρωπος.
848 3353 1159 3424 Ἐκατέρων
1196 3357 1305 3427 γὰρ
1349 3358 1445 3428 τὴν
1497 3360 1792 3429 συνάφειαν
1844 3363 1939 3416 καὶ

352 3440 550 3494 ἕνωσιν
588 3442 924 3514 άπηρτίσθαι
958 3443 1149 3516 βροτὸν
1181 3447 1210 3498 6
1247 3446 1356 3499 τῶν
1394 3449 1554 3504 θείων
1587 3453 1936 3523 συγγραφεὺς

349 3531 560 3603 Μωσῆς
586 3534 922 3605 ἀπεφήνατο.

1756 315 2102 375 DIALOGUS
2139 319 2229 376 Ill.

3479 325 3502 379 l
3511 324 3619 381 050

2049 437 2243 492 ﬂorida
2268 445 2432 494 aetate
2481 454 2608 494 curn
2653 447 2931 493 coaetaueo
2975 438 3240 495 Zacharia
3299 441 3508 498 cubans
3547 445 3618 500 ad

2051 529 2224 598 ipsam
2257 543 2434 598 usque
2463 527 2742 595 canitiem,
2764 542 2888 582 cum
2939 528 3161 597 quidem
3193 531 3619 586 matrimoniali-

2047 618 2150 674 bus
2207 618 2420 688 legibus
2468 633 2576 673 non
2637 618 3041 681 renuntiarent,
3093 633 3376 686 nunquam
3433 629 3616 674 tamen

2048 721 2176 766 sunt
2232 709 2468 764 assecuti
2522 709 2962 764 commistionem
3023 709 3235 775 vivam,
3293 710 3618 780 priusquam

2047 801 2224 870 angeli
2257 814 2390 854 voce
2419 801 2757 854 animaretur
2797 799 2852 852 in
2885 799 3074 854 lumbo
3103 800 3296 869 jacens
3331 804 3616 866 materies.

2047 891 2117 946 ab
2152 891 2398 960 utrisque
2434 897 2643 944 secreta
2679 898 2734 944 et
2780 888 2836 944 in
2882 905 3102 944 carnem
3153 891 3409 951 solidata,
3459 891 3618 961 quasi

2049 981 2336 1050 cujusdam
2381 981 2628 1050 lapicida:
2658 995 2819 1052 manu
2855 996 2883 1032 a
2921 991 3106 1036 monte
3138 982 3223 1036 vel
3255 983 3478 1036 metallo
3533 998 3620 1036 re-

2045 1073 2206 1127 vulso
2253 1071 2463 1140 lapide,
2513 1081 2567 1125 et
2611 1072 2937 1138 quotidiana
3003 1073 3262 1126 caelatura
3285 1073 3617 1140 exsculpto,

2048 1179 2224 1232 usque
2256 1164 2384 1219 dum
2412 1162 2704 1233 perfectam
2732 1163 2962 1234 elligiem
3000 1174 3196 1218 statuae
3211 1164 3622 1233 consequatur?

2049 1254 2142 1310 Sic
2165 1263 2217 1310 et
2260 1255 2516 1309 ineffabili
2557 1266 2677 1310 arte
2735 1256 2998 1310 materies
3064 1270 3188 1324 qua:
3239 1255 3521 1324 quondam
3556 1256 3612 1310 in

2045 1348 2273 1404 senibus
2298 1356 2415 1402 erat
2452 1349 2693 1402 inanima
2727 1355 2782 1403 et
2828 1347 3104 1413 informis,
3133 1347 3187 1400 in
3219 1346 3487 1401 Joannem
3520 1363 3618 1401 ex-

2044 1438 2514 1506 sculpitur,et.....
2547 1437 2841 1506 Baptislam
2875 1434 3618 1506 etprtecursorem.Proinde

2044 1540 2222 1585 cesset
2251 1530 2564 1586 fabulosum
2594 1531 2726 1584 illud
2767 1539 3144 1585 commentum
3174 1529 3242 1583 de
3286 1528 3613 1583 exsistentia

2045 1622 2349 1675 animarum
2380 1622 2436 1675 in
2453 1622 2683 1687 semine,
2708 1623 2837 1676 dum
2874 1621 3009 1675 illud
3038 1637 3068 1675 a
3099 1636 3250 1675 mare
3274 1619 3612 1676 excernitur.

2046 1709 2333 1775 Quomodo
2387 1710 2535 1764 enim
2603 1726 2692 1764 res
2736 1709 3170 1779 incorruptibilis
3200 1719 3254 1764 et
3291 1709 3618 1763 immortalis

2042 1818 2166 1856 cum
2217 1801 2562 1871 corruptibili
2613 1812 2668 1856 et
2701 1802 2921 1856 informi
2961 1803 3301 1857 exsisteret?
3333 1801 3619 1868 Quomodo

2041 1894 2169 1946 item
2195 1893 2378 1946 anima
2410 1907 2532 1960 quae
2579 1893 2822 1947 melioris
2853 1900 2906 1947 et
2965 1894 3364 1960 praestantioris
3403 1900 3489 1948 est
3521 1909 3620 1948 na-

2042 1993 2197 2048 turae,
2237 1999 2304 2038 ex
2325 1983 2597 2038 deteriore
2627 1998 2692 2038 ac
2719 1984 2912 2038 viliore
2930 1998 3157 2038 causam
3190 1983 3422 2038 ortusin
3449 1985 3617 2036 vitam

2040 2076 2311 2130 haberet?
2341 2074 2628 2142 Quomodo
2673 2092 2784 2129 non
2809 2076 3110 2130 absurdum
3146 2076 3240 2140 sit,
3278 2084 3474 2144 putare
3497 2074 3621 2130 aui-

2039 2183 2186 2220 mam
2225 2168 2281 2221 iu
2331 2169 2691 2236 corruptione
2740 2167 3046 2238 procreari,
3083 2181 3208 2221 cum
3253 2166 3323 2220 de
3380 2179 3618 2235 corpore

2038 2258 2188 2312 dicat
2226 2258 2568 2324 Apostolus:
2595 2257 2809 2312 Seritur
2834 2260 2887 2312 in
2920 2259 3278 2327 corruptione,
3315 2257 3621 2312 suscitatur

2036 2350 2092 2402 in
2120 2349 2617 2416 incorruptibilitate
2649 2363 2669 2401 :
2695 2349 2890 2402 seritur
2930 2349 3053 2402 item
3076 2365 3264 2417 corpus
3293 2347 3526 2402 animale
3549 2346 3618 2410 “,

2039 2454 2146 2492 non
2205 2447 2390 2492 autem
2442 2438 2662 2491 anima?
2715 2437 2851 2491 Nam
2908 2439 3148 2492 animale
3207 2437 3435 2499 dicitur,
3494 2445 3618 2488 tau-

2035 2543 2200 2599 quam
2247 2527 2446 2581 auima:
2503 2527 2806 2596 proprium,
2863 2541 2992 2580 cum
3051 2541 3259 2595 corpus
3317 2526 3517 2579 animae
3545 2526 3619 2580 sit

2036 2632 2328 2688 organum.
2382 2616 2604 2671 Desinat
2653 2617 2820 2670 etiam
2863 2617 3123 2671 delirium
3177 2623 3246 2672 tle
3299 2631 3402 2681 eo,
3462 2617 3614 2686 quod

2037 2708 2296 2780 deinceps
2323 2711 2560 2780 primum
2593 2710 2846 2765 exsistat.
2883 2707 3021 2762 Nam
3049 2709 3216 2765 simul
3266 2719 3435 2779 atque
3466 2707 3613 2764 Deus

2035 2803 2260 2874 cogitat,
2301 2802 2654 2873 qualemuam
2712 2809 2972 2872 oporteat
3005 2803 3429 2871 unumquolibet
3468 2817 3614 2867 esse,

2040 2911 2164 2950 mox
2187 2896 2355 2950 etiam
2411 2893 2672 2948 materies
2719 2894 2900 2960 adest,
2951 2903 3128 2948 et.....
3169 2894 3618 2963 uniuscujusque

2039 2996 2250 3040 natura:
2279 3001 2404 3040 cum
2429 2985 2758 3040 ellicacitate
2803 2985 3004 3039 divina:
3037 2985 3338 3040 voluntatis
3369 3001 3610 3040 concur-

2037 3085 2186 3132 runt.
2223 3075 2409 3145 Neque
2435 3078 2580 3131 enim
2598 3076 2682 3130 vel
2722 3077 2878 3144 prius
2904 3078 3194 3137 exsistere,
3223 3077 3305 3130 vel
3330 3077 3607 3130 exsistere

2035 3171 2308 3240 posterius
2331 3169 2547 3224 animas
2596 3168 2798 3222 divinae
2825 3166 3050 3222 Litterae
3081 3167 3304 3226 docent.
3338 3182 3406 3221 ne
3447 3182 3616 3222 senex

2032 3271 2087 3318 et
2112 3262 2335 3332 juvenis
2370 3261 2511 3314 idem
2539 3262 2624 3314 sui
2654 3259 2828 3329 ipsius
2861 3268 3113 3328 respectu
3165 3267 3455 3328 putaretur
3509 3263 3616 3311 lio-

2034 3371 2148 3421 mo,
2182 3354 2279 3409 sed
2302 3355 2464 3408 simul
2495 3367 2562 3408 ac
2585 3353 2792 3408 dictum
2815 3363 2998 3407 esset:
3052 3353 3281 3420 Accepto
3329 3351 3469 3404 Deus
3501 3349 3620 3419 pul-

2035 3463 2152 3501 vere
2179 3446 2242 3500 de
2281 3456 2424 3499 terra
2447 3445 2698 3513 formavit
2727 3444 3018 3508 hominem,
3043 3444 3340 3498 confestim
3377 3442 3614 3512 subjun-

2043 3545 2189 3614 gitur
2223 3558 2238 3594 :
2275 3538 2341 3590 Et
2375 3538 2655 3605 inspiravit
2691 3537 2747 3589 in
2783 3537 2970 3604 faciem
3002 3536 3117 3603 ejus
3151 3536 3343 3604 ﬂatum
3381 3538 3524 3601 vim,
3568 3545 3620 3590 et

350 3623 530 3692 facta:
553 3636 629 3679 est
656 3626 809 3680 homo
837 3627 891 3681 in
921 3631 1156 3682 animam
1175 3630 1427 3685 viventem
1450 3632 1518 3687 ⁸⁸.
1546 3631 1733 3704 Neque
1757 3637 1923 3707 igitur
1954 3639 2137 3694 anima
2177 3647 2273 3702 per
2306 3646 2387 3692 se.
2417 3642 2597 3697 neque
2623 3641 2828 3696 corpus
2850 3636 2935 3680 est
2963 3627 3149 3690 homo,
3175 3642 3299 3681 cum
3330 3628 3620 3696 utriusque

350 3721 702 3788 c0pu|atione
737 3723 1034 3777 ac.uuione
1073 3725 1376 3793 perfectum
1419 3743 1542 3784 esse
1583 3729 1858 3786 hominem
1907 3733 2212 3788 divinorum
2252 3725 2587 3792 scriptorum
2629 3727 2822 3774 auctor
2870 3721 2961 3774 ille
3011 3719 3192 3775 Moses
3233 3719 3616 3774 declaraverit.

436 3810 576 3863 Ἀλλ’
606 3811 699 3863 ἐπὶ
726 3813 794 3867 τὰ
816 3811 938 3866 ὅθεν
962 3815 1244 3886 ἀπέόημεν
1274 3817 1368 3870 τοῦ
1410 3818 1588 3887 λόγου,
1625 3821 1789 3875 πάλιν
1815 3839 1935 3890 φοι-

349 3904 629 3974 τήσωμεν.
661 3903 752 3975 Τῷ
787 3905 980 3976 ψυχρῷ
1008 3907 1182 3975 παγὲν
1213 3909 1276 3961 τὸ
1320 3903 1460 3979 αἷμα
1487 3912 1568 3974 είς
1601 3911 1778 3984 σάρκα
1809 3915 1938 3984 μεθ-

355 3994 568 4049 ίσταται
587 4013 602 4027 ο
625 3995 926 4067 αὐξομένην
957 3997 1016 4051 δὲ
1038 4002 1156 4062 ταῖς
1189 3999 1330 4053 κατά
1359 4001 1524 4071 μέρος
1546 4003 1656 4056 τῶν
1683 4004 1940 4076 σιτηρίων

350 4086 653 4155 ποιοτήτων
683 4086 822 4158 αὐτῇ
863 4087 1186 4157 ἐνιζομένων
1215 4089 1320 4140 ὑπὸ
1347 4089 1441 4142 τοῦ
1473 4090 1704 4155 διδόντος
1731 4092 1939 4164 τροφὴν

351 4175 504 4246 πάσῃ
542 4178 738 4246 σαρκὶ,
779 4177 962 4240 καθώς
1009 4195 1144 4250 φησι
1187 4179 1350 4233 Δαὸὶδ
1397 4183 1426 4234 6
1466 4181 1575 4234 τῶν
1608 4181 1766 4236 θείων
1815 4184 1935 4254 μελ-

349 4267 506 4339 ῳὸὁς.
540 4269 652 4322 Καὶ
695 4268 885 4341 ῶσπερ
907 4269 1185 4325 θαλάττιαι
1215 4272 1437 4344 σάρκες,
1481 4273 1642 4328 οἱονεὶ
1671 4276 1730 4328 ὲν
1777 4275 1934 4346 νηδύϊ

350 4362 472 4422 ταῖς
515 4359 624 4412 τῶν
657 4361 896 4430 ὀστρέων
946 4363 1040 4416 καὶ
1082 4363 1287 4416 κτενῶν
1333 4363 1528 4430 κάλυξι
1574 4365 1928 4436 τρεφόμεναι,

351 4447 588 4520 ζωτικὴν
644 4451 742 4522 μὲν
785 4451 968 4505 θεόθεν
1008 4453 1228 4523 ἔχουσαι
1269 4454 1534 4525 δύναμιν,
1567 4457 1924 4529 σκαίρουσαι,

350 4539 671 4607 πάλλουσαι,
691 4542 1002 4613 στόματοςῆ
1034 4545 1203 4614 ἀκοῆς
1237 4545 1268 4616 ἢ
1303 4546 1531 4601 ὀδόντων
1562 4547 1594 4617 ἢ
1624 4549 1928 4619 γευστικῶν

346 4630 598 4701 ὀργάνων
622 4631 838 4702 ἄμοιροι
870 4633 966 4686 καὶ
1011 4633 1400 4704 ἁδιάρθρωτοι,
1437 4635 1576 4708 μόνῃ
1605 4637 1661 4689 δὲ
1713 4642 1782 4708 τῇ
1823 4640 1930 4692 ἐνι-

349 4721 553 4792 ζομένῃ
583 4721 693 4773 τῶν
721 4722 932 4776 ὑδάτων
961 4722 1124 4775 νοτίδι
1165 4725 1516 4795 τρεψάμεναι.
1567 4725 1706 4778 Ἀλλ’
1746 4728 1930 4780 ἐκεῖνα

349 4813 446 4865 ἐπὶ
491 4811 586 4864 τοῦ
627 4812 792 4866 αὑτοῦ
841 4814 1120 4884 σχήματος
1173 4815 1322 4884 μένει
1361 4815 1647 4887 διηνεκῶς,
1671 4817 1928 4886 τοιαύτης

348 4901 501 4971 παρὰ
530 4899 625 4952 τοῦ
683 4901 828 4955 θείου
881 4902 1306 4972 προστάγματος
1349 4903 1582 4973 λαχόντα
1617 4903 1858 4972 φύσεως·
1889 4907 1924 4977 ἡ

343 4992 405 5048 δὲ
436 4993 534 5062 τῆς
555 4993 829 5063 ἡμετέρας
857 4995 1120 5062 γενέσεως
1172 4995 1396 5066 ἀφορμὴ
1439 4994 1667 5066 βραχεῖα
1703 4995 1802 5065 μέν
1843 5013 1928 5059 τις

347 5083 675 5154 ὑπάρχουσα
723 5084 862 5138 κατὰ
912 5085 1010 5156 τὴν
1045 5085 1267 5156 πρώτην
1295 5086 1404 5138 τῶν
1449 5087 1780 5158 σπερμάτων
1804 5086 1930 5155 σύγε

347 5192 568 5244 κρασιν,
608 5179 730 5239 ταῖς
757 5175 896 5229 κατὰ
939 5176 1104 5248 μέρος
1141 5176 1478 5248 προσθήκαις
1515 5178 1623 5230 τῶν
1663 5180 1932 5248 εἰσκρινο-

351 5265 528 5335 μένων
570 5267 828 5337 σιτηρίων
887 5269 1186 5338 ποιοτήτων
1233 5268 1696 5338 περιῦφαινομένη
1733 5269 1827 5321 καὶ
1863 5269 1934 5322 διο

347 5359 654 5428 ογκουμένη
692 5360 942 5431 ἀρρήτως
971 5357 1362 5430 διαμορφοῦται
1404 5361 1470 5429 τῇ
1505 5361 1664 5430 νοερᾷ
1711 5360 1802 5412 καὶ
1833 5360 1929 5413 do-

352 5449 499 5518 ράτῳ
527 5449 648 5520 θείᾳ
678 5451 823 5521 χειρὶ
869 5450 960 5504 τοῦ
986 5453 1051 5504 ὲκ
1080 5451 1201 5520 χοὸς
1235 5449 1628 5513 διαπλάσαντος
1654 5450 1811 5520 ἡμῶν
1836 5450 1928 5503 τὸν

354 5540 693 5612 προπάτορα.
717 5541 830 5594 Εἶθ’
858 5541 1031 5606 οὑτως
1051 5544 1108 5595 ἑν
1128 5544 1192 5612 τῇ
1218 5540 1466 5611 παρολκῇ
1519 5541 1900 5612 ἑνναμηνιαίου

351 5629 564 5702 χρόνου,
598 5631 1008 5702 τελειουργηθὲν
1043 5631 1106 5685 τὸ
1139 5631 1337 5702 βρέφος
1371 5630 1492 5702 θείᾳ
1515 5632 1696 5705 ῥώμῃ,
1724 5636 1790 5702 τῇ
1811 5633 1920 5704 ρώ-

421 5769 466 5801 ⁸⁸
491 5768 649 5826 lCor.
676 5785 765 5832 xv.
790 5769 879 5834 Ω,
906 5769 995 5824 Η.
1073 5769 1118 5802 ³⁸
1141 5768 1276 5826 Gen.
1304 5785 1365 5835 ιι,
1394 5769 1447 5824 7.
1475 5768 1519 5800 ³⁶⁶
1546 5766 1688 5824 Psal.
1711 5784 1908 5838 cxxxv,
1930 5774 2023 5833 ‘25.

2107 3817 2212 3872 Sed
2262 3813 2331 3868 ad
2379 3828 2442 3867 ea
2493 3813 2638 3866 unde
2687 3810 2920 3881 digressi
2976 3827 3194 3874 sumus,
3248 3819 3616 3865 revertamur.

2036 3905 2276 3977 Sanguis
2306 3903 2604 3974 frigiditate
2657 3901 2928 3956 solidatus
2977 3902 3032 3956 in
3075 3915 3298 3956 carnem
3337 3907 3619 3956 transmu-

2035 4008 2204 4053 tatur.
2235 3995 2452 4051 Crescit
2487 4002 2670 4049 autem
2699 4008 2799 4063 pro
2838 3994 3052 4049 ratione
3095 3994 3460 4049 nutrientium
3483 4007 3619 4059 qua-

2037 4089 2252 4144 litatum
2293 4101 2420 4142 cum
2463 4086 2583 4156 ipsa
2621 4086 2924 4152 uuitarum,
2957 4086 3026 4139 ab
3057 4101 3125 4140 eo
3167 4085 3264 4155 qui
3310 4085 3496 4139 cibum
3523 4083 3618 4137 dat

2038 4179 2190 4235 omni
2218 4178 2368 4234 carni
2405 4178 2472 4243 ",
2500 4175 2959 4247 quemadmodum
2991 4176 3170 4245 inquit
3201 4173 3456 4237 Davides,
3493 4187 3618 4226 car-

2041 4274 2252 4328 minum
2281 4271 2591 4324 divinorum
2621 4278 2833 4324 auctor.
2879 4267 3357 4334 Quemadmodum
3387 4274 3442 4320 et
3491 4279 3616 4320 car-

2042 4379 2141 4419 nes
2181 4363 2432 4425 marina,
2451 4362 2601 4415 velut
2626 4360 2681 4414 in
2721 4367 2900 4424 utero,
2930 4361 2987 4414 in
3017 4367 3328 4414 ostrearum
3362 4366 3418 4413 et
3439 4357 3611 4428 pecti-

2036 4469 2169 4509 num
2221 4453 2559 4507 marinorum
2595 4452 2750 4506 testis
2793 4451 3034 4514 nutritae,
3067 4451 3289 4505 vitalem
3339 4449 3605 4505 divinitus

2037 4545 2239 4600 habent
2262 4544 2370 4598 vim
2416 4543 2678 4599 salientes
2712 4551 2764 4598 et
2794 4544 3078 4599 vibrantes
3109 4559 3252 4607 sese,
3297 4557 3421 4598 cum
3469 4543 3604 4605 oris,

2036 4636 2291 4700 auditus,
2344 4635 2592 4690 dentium
2651 4646 2819 4705 atque
2874 4646 3068 4706 gustus
3113 4648 3445 4703 organorum
3491 4633 3604 4687 sint

2033 4737 2309 4796 expertes,
2369 4733 2426 4779 et
2473 4725 2730 4781 articulis
2775 4733 3022 4787 careant,
3061 4740 3127 4779 ac
3166 4724 3286 4779 solo
3338 4738 3606 4792 aquarum

2034 4815 2264 4869 humore
2292 4815 2632 4870 nutriantur.
2651 4814 2754 4868 Sed
2789 4825 2971 4868 tamen
3003 4814 3091 4867 illa
3121 4813 3174 4866 in
3206 4811 3397 4867 eadem
3429 4811 3606 4866 forma

2035 4914 2303 4976 perpetuo
2351 4916 2605 4971 manent,
2668 4906 2829 4961 talem
2899 4905 3088 4960 divino
3135 4905 3295 4974 jussu
3346 4916 3606 4958 naturam

2035 4995 2252 5049 sortita.
2301 4993 2514 5050 Nostra:
2585 5004 2770 5050 autem
2842 4995 3211 5064 generationis
3255 5009 3446 5058 causa.
3478 4995 3610 5048 licet

2032 5087 2232 5155 exigua
2269 5087 2518 5155 quaedam
2555 5089 2628 5142 sit
2682 5087 2751 5141 ad
2785 5087 3015 5156 primam
3074 5087 3346 5142 seminum
3381 5087 3613 5140 commi-

2032 5178 2293 5241 srionem,
2350 5179 2778 5248 particularibus
2828 5179 3218 5234 additameutis
3272 5179 3609 5248 ingestarum

2031 5270 2398 5325 nutrientium
2426 5271 2755 5340 qualitatum
2776 5273 2932 5341 quasi
2951 5282 3204 5326 contexta
3224 5281 3278 5326 et
3307 5285 3610 5340 augescens

2036 5362 2387 5418 inell‘abiliter
2419 5363 2685 5419 formatur
2717 5380 2814 5434 per
2842 5365 3216 5420 intellectilem
3247 5371 3303 5417 et
3353 5362 3607 5418 invisibi-

2033 5455 2138 5510 leru
2168 5454 2262 5508 Dei
2294 5470 2543 5521 manum,
2574 5455 2671 5525 qui
2697 5471 2765 5510 ex
2801 5455 3025 5524 pulvere
3071 5454 3328 5508 formavit
3361 5452 3606 5522 primum

2035 5553 2286 5600 nostrum
2315 5554 2616 5616 parentem.
2671 5543 2871 5613 Sicque
2904 5542 3101 5597 deinde
3129 5556 3281 5596 mora
3335 5541 3603 5610 temporis

2031 5653 2227 5694 novem
2258 5636 2554 5702 mensium,
2594 5633 2837 5706 perfecte
2869 5634 3161 5692 absolutus
3192 5631 3382 5689 divina
3417 5641 3472 5690 vi
3519 5632 3601 5690 fe-
