4048 6222
420 270 550 325 1051

421 394 533 447 tus.
570 399 666 456 per
689 383 861 439 robur
884 383 1152 455 gestantis
1211 382 1352 438 uteri
1381 381 1645 436 nutritur.
1675 380 1792 433 Non
1838 379 1995 449 quasi

421 492 530 531 :ton
579 466 756 547 possit
809 475 1193 529 universorum
1245 470 1427 542 opifex
1469 471 1725 541 exiguum
1778 471 1909 524 illud
1943 471 1997 524 in

420 566 652 619 matrice
683 564 952 634 dejectum
996 563 1169 617 nostri
1206 562 1445 625 initium,
1492 562 1573 615 vel
1599 562 1760 615 etiam
1793 561 2001 630 absque

420 658 539 718 illo,
568 654 1030 725 quemadmodum
1085 654 1268 706 omnia
1302 668 1367 706 ex
1412 653 1559 706 nulla
1592 653 1839 723 subjecta
1884 668 2002 706 ma—

420 748 557 801 teria
616 746 891 815 produxit.
950 759 1051 799 nos
1114 759 1235 797 mox
1288 744 1563 812 perfectos
1625 754 1678 799 et
1717 746 2000 801 absolutos

424 838 693 903 formare,
756 839 905 889 velut
944 837 1241 900 Adamum,
1299 837 1530 906 ideoque
1565 837 1807 908 indigeat
1848 853 1999 892 mora

425 930 689 997 temporis
731 943 924 980 novem
965 928 1236 981 mensium
1295 929 1348 981 in
1406 928 1741 997 imperfectis
1777 929 1999 994 fetibus,

424 1022 521 1073 sed
543 1029 599 1071 ut
633 1020 807 1071 instar
839 1020 995 1084 pellis
1021 1027 1115 1071 aut
1152 1020 1482 1074 membranae
1510 1037 1608 1090 per
1635 1020 1832 1075 factam
1868 1038 2005 1091 pau-

425 1111 579 1163 latim
606 1111 989 1162 formationem
1028 1111 1177 1164 intus
1214 1112 1470 1180 jacentis,
1528 1114 1703 1181 major
1740 1114 1833 1168 fiat
1886 1125 2005 1169 ute-

424 1218 545 1265 rus,
581 1211 634 1256 ct
672 1212 818 1256 uitus
856 1203 1085 1257 saliente
1120 1203 1252 1267 fetu,
1284 1204 1511 1258 fcmellze
1564 1222 1768 1273 organa
1811 1216 2004 1261 exten-

425 1294 648 1347 dantur.
702 1292 819 1346 Non
850 1296 995 1347 enim
1025 1306 1292 1364 caperent
1352 1298 1612 1351 infantem
1665 1299 2003 1366 absolutum,

427 1387 474 1439 si
537 1400 661 1437 mox
724 1385 831 1439 illis
884 1386 1280 1455 imponeretur.
1339 1389 1621 1458 llabetque
1674 1391 1857 1446 locum
1890 1392 2001 1456 hic.

310 1544 319 1555 ἰ
427 1478 573 1545 quod
603 1477 638 1529 ii
671 1476 903 1537 faciunt.
946 1494 1057 1547 quo
1092 1481 1293 1551 exiguo
1336 1492 1390 1537 ct
1453 1483 1674 1551 quidem
1709 1485 1857 1539 sicco
1890 1495 2008 1540 utre

427 1570 601 1622 multa
628 1570 917 1639 complecti
973 1571 1247 1636 volentes,
1276 1588 1400 1627 eum
1463 1574 1767 1644 subigendo
1821 1584 1875 1631 et
1912 1592 2008 1631 ex-

427 1663 701 1715 tendendo
738 1663 1041 1716 firmiorem
1103 1665 1561 1735 capacioremque
1596 1668 1853 1722 reddunt.
1912 1667 2004 1724 Sic

428 1752 598 1821 igitur
630 1753 759 1805 mihi
796 1752 1037 1817 videtur,
1068 1770 1412 1825 quzerunque
1438 1773 1597 1813 ossea
1635 1769 1763 1814 sunt
1792 1769 1845 1815 et
1882 1777 2007 1816 ner-

428 1856 579 1907 vosa,
605 1859 668 1898 ex
728 1845 896 1898 maris
929 1857 1281 1901 excremento
1321 1849 1569 1903 roborari
1601 1870 1614 1905 :
1667 1867 2008 1922 quaecunque

428 1947 565 1987 vero
600 1935 900 2004 sanguinea
934 1945 988 1990 et
1010 1952 1265 2000 carnosa,
1299 1954 1363 1993 ex
1389 1955 1461 1993 eo
1487 1942 1630 2009 quod
1657 1941 1854 1995 femina
1876 1957 2006 1996 cono

429 2022 643 2088 tribuit,
676 2025 1004 2079 consolidari
1037 2045 1048 2080 :
1080 2042 1144 2081 ac
1173 2028 1364 2084 dicens
1396 2045 1522 2083 mox
1570 2032 1726 2099 sequi
1758 2032 2004 2086 divinum

429 2112 560 2169 illud
582 2115 808 2169 verbum
842 2129 897 2171 et
925 2133 1063 2188 opus
1092 2136 1105 2172 :
1135 2118 1363 2173 Crescite
1393 2132 1441 2174 et
1477 2120 1925 2189 multiplicamini,
1958 2132 2007 2176 et

431 2205 625 2275 replete
651 2217 846 2261 terram
888 2209 955 2271 ³⁷,
997 2210 1140 2265 sicut
1180 2213 1357 2283 inquit
1384 2213 1452 2267 ad
1502 2215 1709 2283 primos
1755 2226 2009 2285 parentes

430 2306 655 2351 nostros
676 2296 838 2365 Deus,
869 2301 1031 2354 simul
1061 2302 1250 2358 dicens
1270 2304 1409 2373 ipse.
1439 2317 1491 2360 et
1521 2305 1731 2363 faciens
1754 2323 1856 2363 nos
1885 2324 2008 2362 cre-

431 2401 587 2440 scere
617 2388 839 2456 quidem
882 2390 933 2442 in
966 2391 1243 2446 definitam
1267 2396 1335 2448 ab
1370 2395 1488 2464 ipso
1513 2399 1764 2466 corporis
1792 2401 2004 2468 magni-

430 2477 701 2538 tudinem.
759 2480 1107 2549 multiplicari
1157 2491 1340 2538 autem
1381 2487 1638 2554 posteris,
1693 2496 1749 2541 et
1783 2489 2011 2559 implere

433 2575 660 2622 terram.
697 2567 777 2623 Ex
827 2571 933 2625 illis
971 2581 1152 2626 autem
1191 2575 1327 2644 ipsis
1362 2578 1717 2645 protoplastis
1739 2579 2007 2636 discimus

432 2673 557 2727 qua
580 2675 647 2715 ex
683 2676 792 2714 uno
848 2659 1093 2731 quolibet
1122 2666 1369 2735 ipsorum
1421 2669 1475 2722 in
1512 2672 1893 2739 procreatione
1940 2674 2008 2727 li-

431 2749 689 2805 berorum
718 2765 1070 2810 concurrant.
1095 2755 1168 2810 Ex
1198 2759 1407 2813 Adamo
1435 2775 1563 2815 osse
1592 2762 1774 2818 lateris
1804 2765 2007 2831 ablato,

432 2852 488 2896 et
511 2843 564 2897 in
593 2843 850 2900 feminam
891 2848 1037 2903 facto
1069 2850 1254 2905 divina
1297 2868 1486 2916 manu,
1520 2854 1687 2909 simul
1731 2858 2007 2926 copulatio

433 2944 491 2990 et
524 2939 654 2992 unio
683 2949 893 2995 natura
926 2940 1257 2999 declaratur.

507 3193 818 3252 Secundum
846 3200 962 3255 haec
1008 3202 1152 3258 scire
1186 3202 1474 3269 debemus,
1514 3207 1696 3264 inesse
1722 3210 1880 3265 nobis
1924 3228 2012 3267 se-

434 3286 677 3341 cundum
722 3287 1289 3351 elementorum.......
1324 3310 1533 3367 partem
1562 3300 1802 3370 aliquam
1847 3304 2007 3359 calidi

432 3385 488 3430 et
520 3376 721 3449 frigidi,
753 3391 809 3435 et
861 3384 1087 3439 alterius
1134 3388 1282 3456 quod
1317 3399 1488 3443 restat
1530 3392 1703 3462 paris,
1751 3395 2009 3451 nimirum

436 3471 645 3527 humidi
676 3482 840 3543 atque
882 3476 1194 3532 sicci.Nam
1244 3489 1388 3534 terra
1442 3498 1508 3535 ex
1538 3499 1650 3552 qua
1694 3501 1795 3539 nos
1815 3487 2011 3556 Opifex

435 3564 695 3632 produxit
723 3581 848 3620 cum
877 3569 1137 3624 omnibus
1184 3571 1334 3626 hisce
1359 3573 1521 3628 mista
1545 3590 1669 3631 esse
1695 3577 1828 3630 mihi
1863 3580 2013 3633 vide-

435 3660 563 3709 tur:
612 3658 726 3725 ipsa
758 3659 978 3727 quidem
1032 3662 1188 3715 arida
1218 3664 1509 3731 appellata,
1564 3667 1792 3723 humido
1828 3678 2011 3723 autem

435 3746 715 3816 innatans,
746 3751 926 3819 ignem
957 3769 1086 3808 vero
1115 3755 1168 3808 in
1220 3756 1392 3819 saxis,
1446 3767 1503 3813 et
1564 3760 1728 3827 ferro,
1765 3772 1820 3816 et
1850 3762 2013 3834 lignis

434 3839 681 3893 abditum
733 3842 963 3910 habens,
986 3854 1040 3899 et
1079 3861 1207 3901 aera
1246 3863 1343 3917 per
1373 3851 1547 3918 ipsam
1583 3852 1898 3907 universam
1929 3856 2013 3907 di-

435 3928 635 3994 ditum,
672 3949 901 4004 eamque
949 3935 1243 3994 foventem.
1281 3939 1546 3996 Formato
1599 3944 1652 3996 in
1687 3955 1845 3999 utero
1873 3946 2009 4013 fetu,

435 4034 492 4077 et
558 4023 627 4078 ad
707 4027 1053 4081 articulatam
1122 4028 1496 4087 membro'rum
1572 4037 2000 4093 commissuram

436 4114 674 4170 obscura
727 4118 1060 4188 humidaque
1092 4123 1351 4175 'materia
1403 4125 1713 4193 cxsculpta,
1769 4130 2013 4183 nutritur

436 4206 699 4277 deinceps
769 4219 821 4262 et
873 4213 1076 4263 Cl‘t'SCil
1127 4214 1584 4283 unumquodlibet
1641 4220 2014 4276 membrorum

439 4314 539 4366 pro
557 4301 824 4369 qualitate
856 4302 1073 4356 illorum
1096 4319 1219 4373 quae
1254 4308 1445 4361 matris
1470 4308 1655 4363 alvum
1696 4310 1837 4365 intra
1874 4316 2015 4367 reci—

439 4390 685 4458 piuntur,
724 4393 868 4447 sicut
913 4394 967 4447 in
1003 4396 1332 4463 agricultura
1370 4397 1483 4452 fieri
1518 4401 1679 4463 solet,
1720 4418 1784 4457 ex
1850 4405 2015 4459 nubi-

438 4482 542 4537 bus
574 4483 769 4547 imbre,
794 4495 886 4538 aut
913 4486 1111 4539 elicum
1170 4488 1302 4543 rivis
1326 4506 1456 4544 arva
1490 4494 1733 4561 subjecta
1780 4497 2009 4566 riganti-

438 4572 563 4630 bus.
596 4574 677 4629 Sit
714 4585 894 4631 autem
923 4578 1113 4631 hortus
1139 4579 1340 4649 aliquis
1369 4580 1438 4635 de
1470 4598 1580 4652 quo
1612 4601 1791 4641 sermo
1813 4588 2014 4642 habea-

438 4676 546 4731 tur,
577 4669 822 4724 infinitas
855 4670 1166 4740 plantarum
1197 4675 1411 4742 species
1446 4678 1751 4743 enutriens,
1784 4654 2016 4735 diversae

440 4767 553 4811 tum
582 4762 781 4828 speciei
814 4770 928 4816 tum
958 4760 1166 4827 formzn,
1203 4765 1255 4816 in
1294 4780 1404 4819 uno
1437 4775 1599 4835 atque
1648 4771 1836 4825 eodem
1866 4771 2016 4826 ordi-

438 4864 527 4911 ne,
561 4850 817 4905 similiter
844 4853 1079 4924 irrigans
1114 4856 1234 4910 illas
1258 4872 1364 4909 una
1401 4859 1648 4927 quaedam
1706 4871 1824 4917 esto
1859 4880 2015 4933 aqua;

440 4948 671 4993 natura:
698 4942 1055 5001 nihilominus
1107 4962 1300 5003 eormn
1351 4966 1475 5019 qua:
1508 4962 1850 5021 nutriuntur,
1882 4974 2007 5025 pro-

438 5030 642 5100 prietas
674 5031 726 5083 in
761 5033 1003 5090 diversas
1019 5038 1303 5094 humorem
1334 5042 1484 5095 illum
1521 5045 1813 5113 qualitates
1837 5058 2022 5103 trans—

440 5132 637 5177 mutat.
664 5120 799 5177 Nam
830 5124 969 5179 idem
991 5128 1080 5182 ille
1096 5130 1293 5185 humor
1312 5136 1605 5187 amarescit
1636 5136 1686 5187 in
1713 5137 2014 5201 absinthio,

441 5212 496 5266 in
538 5212 806 5283 liquorem
844 5228 971 5267 vero
992 5216 1202 5271 letalem
1238 5220 1291 5272 in
1324 5221 1503 5275 cicuta
1540 5225 1759 5287 transit,
1795 5236 1847 5279 et
1870 5226 2017 5281 aliud

439 5305 534 5359 alii
566 5308 623 5359 lit
651 5321 795 5360 unus
841 5314 897 5361 et
926 5306 1092 5368 idem,
1118 5310 1171 5361 in
1216 5324 1399 5377 croco,
1438 5313 1492 5365 in
1525 5313 1793 5377 balsamo,
1837 5315 1890 5368 in
1921 5332 2020 5385 pa-

439 5411 662 5466 pavere,
689 5415 926 5469 quorum
974 5400 1123 5455 aliud
1180 5401 1399 5470 quidem
1444 5404 1713 5473 calefacit,
1741 5406 1886 5462 aliud
1924 5424 2012 5460 re-

440 5489 687 5559 frigerat,
716 5494 861 5549 aliud
897 5511 1027 5551 vero
1072 5495 1305 5551 mediam
1357 5497 1522 5552 habet
1559 5499 1895 5568 qualitatem.
1954 5499 2007 5554 In

440 5583 618 5650 lauro,
656 5586 709 5639 in
742 5589 969 5645 odorato
997 5591 1184 5662 junco.
1219 5600 1273 5649 et
1305 5592 1427 5649 aliis
1455 5593 1724 5651 similibus
1762 5604 2006 5653 aromata

512 5724 557 5759 "
586 5723 722 5782 Gen.
756 5742 793 5794 ι,
837 5728 925 5786 28.

1820 5765 1850 5793 ἀι

1495 260 1554 315 S.
1594 255 1893 316 CIESARII
1933 252 2262 310 GREGORII
2298 257 2602 314 FRATRIS

3540 253 3680 310 £052

2106 396 2181 448 μῃ
2220 378 2317 448 τῆς
2365 378 2637 449 φερούσης
2682 374 3075 431 ἐκθυλακοῦται
3107 374 3327 445 νηδύος-⁸
3363 374 3463 444 οὑχ
3493 372 3572 436 ὡς
3604 374 3681 443 μὴ

2101 471 2214 523 οἴου
2234 489 2292 523 τε
2321 472 2412 524 τού
2436 467 2777 541 Δημιουργοῦ
2796 468 2903 520 τῶν
2926 468 3063 521 ὅλων
3084 466 3183 539 τὴν
3198 467 3447 538 ἀμυδρὰν
3464 467 3689 531 ἐκείνην

2103 561 2161 613 ἐν
2203 564 2269 630 τῇ
2329 562 2512 632 μήτρα
2547 559 2978 630 καταδληθεῖσαν
3027 559 3340 630 ἀφορμὴνῆ
3377 560 3472 612 καὶ
3512 561 3687 628 χωρὶς

2103 652 2339 721 ἐκείνης,
2357 652 2433 715 ὡς
2453 653 2625 705 πάντα
2650 653 2712 704 ἐκ
2737 651 2963 722 μηδενὸς
2985 651 3343 719 ὑποκειμένου
3367 651 3685 721 παρήγαγε,

2103 745 2342 808 τελείους
2371 747 2517 816 ἡμᾶς
2574 741 2729 808 αὖθις
2762 746 2854 797 καὶ
2908 744 3351 814 ἀπηρτισμένους
3398 742 3687 803 πλάττειν,

2106 837 2246 890 κατὰ
2277 838 2369 889 τὸν
2411 837 2610 907 Ἀδάμ.
2630 838 2724 890 καὶ
2748 836 2936 889 τούτου
2959 837 3118 905 χάριν
3145 833 3351 888 δεῖσθαι
3391 834 3491 904 τῆς
3540 851 3691 903 παρ-

2102 931 2272 1000 ολκῆς
2314 929 2411 982 τοῦ
2435 929 2816 1000 ἐνναμηνιαίου
2865 927 3059 1000 χρόνου
3093 927 3185 979 ἐπὶ
3234 925 3343 978 τῶν
3385 926 3690 996 ἐμϐρύωνσ

2103 1020 2220 1074 ἀλλ’
2241 1019 2427 1092 ὥσπερ
2470 1020 2653 1093 δέρριν
2688 1018 2810 1072 τινὰ
2844 1018 2877 1089 ἢ
2909 1017 3084 1087 ὑμένα.
3103 1020 3169 1087 τῇ
3205 1016 3343 1069 κατά
3376 1016 3545 1086 μέρος
3580 1017 3695 1068 δια-

2108 1112 2388 1181 μορφώσει
2416 1110 2510 1163 τοῦ
2550 1110 2869 1180 ἐγκειμένου
2913 1107 3258 1176 διογκοῦσθαι
3285 1108 3384 1178 τὴν
3418 1109 3690 1178 γαστέρα,

2106 1205 2203 1257 καί⁵
2242 1202 2601 1257 διατείνεσθαι
2644 1201 2722 1272 τῷ
2776 1201 3133 1273 ἐνσκαίροντι.
3179 1201 3256 1253 υὺ
3300 1200 3408 1271 γὰρ
3441 1199 3689 1269 ἐχώρουν

2106 1297 2206 1367 τῆς
2262 1294 2483 1365 θηλείας
2534 1297 2602 1349 τὰ
2650 1296 2858 1365 ὀργανα
2908 1293 3315 1363 ἀπηρτισμένον
3352 1292 3443 1345 τὸν
3489 1291 3687 1353 παῖδα.

2106 1387 2318 1458 ἀθρόως
2367 1387 2548 1450 αὑτοῖς
2594 1386 2886 1438 ἐντεθεῖναι
2911 1402 2924 1415 ’
2962 1385 3186 1447 εἰκότως
3224 1383 3383 1436 τοῦτο
3431 1382 3692 1455 δρώντων

2107 1480 2201 1532 καὶ
2234 1479 2339 1531 τῶν
2385 1480 2442 1531 ἐν
2488 1477 2811 1548 βραχυτάτῳ
2838 1478 2931 1530 καὶ
2968 1475 3239 1547 αὐχμηρῷ
3266 1475 3481 1545 θυλάκῳ
3518 1493 3694 1528 κατα-

2110 1569 2402 1623 ϐάλλεσθαι
2430 1587 2490 1621 τε
2517 1569 2685 1621 πλείω
2717 1568 3072 1639 πειρωμένων
3101 1570 3167 1637 τῆ
3204 1567 3417 1637 μαλαγῇ
3454 1568 3549 1620 καὶ
3572 1567 3695 1619 δια-

2106 1663 2262 1715 τάσει
2284 1662 2550 1733 καρτερὸν
2574 1662 2665 1713 καὶ
2692 1659 2791 1712 τοῦ
2815 1660 3057 1722 πλείονος
3074 1658 3282 1729 χωροῦν
3303 1658 3464 1710 αὑτὸν
3492 1658 3696 1725 ἀπειρο

2108 1755 2417 1825 γασμένων.
2452 1752 2646 1815 Καθὼς
2692 1747 2782 1805 οὖν
2824 1751 2971 1804 δοκεῖ
3018 1767 3137 1819 μοι,
3171 1750 3272 1802 ὅσα
3331 1747 3538 1817 ὀστώδη
3594 1749 3697 1799 καὶ

2108 1849 2351 1921 νευρώδη
2384 1849 2447 1901 ἐκ
2474 1849 2573 1917 τῆς
2601 1846 2694 1901 τοῦ
2723 1846 2949 1917 ἄρρενος
2967 1842 3309 1913 ἀποκρίσεως
3343 1839 3693 1911 στεροῦσθαι,

2108 1943 2210 1995 ὅσα
2248 1941 2304 1993 δὲ
2337 1939 2552 2010 αἱμώδη
2586 1938 2680 1991 καὶ
2711 1936 2965 2008 σαρκώδη
3000 1937 3065 1987 ἐκ
3090 1935 3187 2004 τῆς
3207 1932 3447 2003 θηλυκῆς
3472 1931 3692 1985 ἀντιδό-

2112 2050 2249 2095 σεως
2286 2029 2728 2101 συμπήγνυσθαι.
2761 2028 2869 2081 Καὶ
2910 2022 3067 2089 αὖθις
3100 2024 3274 2094 τούτῳ
3302 2023 3694 2077 ἐπακολουθεῖν

2108 2126 2170 2177 τὸ
2199 2124 2339 2176 θεῖον
2373 2124 2523 2193 ῥῆμα
2564 2122 2659 2175 καὶ
2694 2121 2897 2192 δρᾶμα,
2933 2118 3275 2183 Αὑξάνεσθε
3318 2116 3413 2170 καὶ
3461 2117 3699 2182 πληθύ-

2110 2221 2289 2271 νεσθε
2322 2216 2421 2271 καὶ
2470 2214 2828 2283 πληρώσατε
2870 2212 2983 2279 τὴν
3005 2211 3143 2281 γῆν,
3176 2211 3307 2280 φησὶ
3352 2211 3465 2271 τοῖς
3499 2206 3701 2278 προγό-

2110 2326 2221 2372 νοις
2267 2308 2425 2379 ήμῶν
2465 2307 2494 2360 ὀ
2540 2306 2709 2369 Θεὸς,
2743 2305 2859 2373 ἅμα
2901 2303 3124 2371 φάσκων
3170 2301 3330 2362 αὑτὸς
3383 2300 3483 2354 καὶ
3522 2298 3697 2352 ποιῶν

2110 2403 2260 2474 ἡμᾶς
2309 2397 2632 2464 αὐξάνεσθαι
2665 2399 2762 2467 μὲν
2793 2397 2872 2459 εἰς
2914 2395 2975 2447 τὸ
3006 2396 3137 2461 παρ’
3177 2392 3342 2444 αὑτοὺ
3383 2391 3702 2460 ὡρισμένον

2112 2491 2207 2546 τοῦ
2238 2490 2489 2561 σώματος
2509 2488 2771 2559 μέγεθος,
2798 2485 3165 2556 πληθύνεσθαι
3200 2483 3256 2536 δὲ
3282 2485 3394 2545 τοῖς
3424 2483 3696 2549 ἐκγόνοις,

2114 2586 2210 2638 καὶ
2239 2582 2580 2654 πληροῦσθαι
2611 2579 2708 2651 τὴν
2741 2579 2867 2649 γῆν.
2928 2578 3014 2643 Ἐξ
3052 2574 3231 2629 αὑτῶν
3268 2574 3326 2627 δὲ
3355 2572 3562 2626 τούτων
3582 2571 3703 2625 τῶν

2112 2677 2554 2750 πρωτοπλάστων
2584 2671 2969 2744 παιδευόμεθα,
2988 2671 3056 2725 τὰ
3088 2671 3146 2734 ἐξ
3162 2670 3391 2723 ἑκάστου
3412 2668 3594 2722 αὑτῶν
3615 2668 3704 2729 εἰς

2111 2770 2210 2839 τὴν
2242 2765 2586 2834 τεκνογονίαν
2622 2765 3011 2835 συνερχόμενα,
3031 2764 3107 2815 ἐκ
3132 2762 3230 2833 μὲν
3258 2760 3354 2813 τοῦ
3396 2759 3567 2828 Ἀδάμ
3598 2756 3701 2811 τοῦ

2115 2857 2304 2909 ὀστέου
2361 2855 2464 2925 τῆς
2508 2854 2749 2923 πλευρᾶς
2798 2850 3219 2922 ἀφαιρεθέντος,
3256 2847 3412 2907 είςδέ
3457 2850 3704 2915 γυναῖκα.

2115 2949 2307 3001 τούτου
2350 2940 2846 3017 δημιουργηθέντκ
2880 2944 2985 2997 ὑπὸ
3016 2943 3117 3013 τῆς
3145 2942 3294 3004 θείας
3324 2941 3533 3011 χειρὸς,
3554 2938 3704 3009 όμοῦ

2116 3041 2216 3111 τὴν
2242 3039 2532 3107 συνάφειαν
2560 3038 2656 3091 καὶ
2693 3037 2886 3089 ἕνωσιν
2925 3035 3022 3105 τῆς
3052 3034 3266 3105 φύσεως
3285 3033 3569 3103 δηλούσης,
3599 3033 3707 3084 καὶ

2115 3132 2186 3185 τὰ
2215 3134 2271 3196 ἐς
2295 3131 2523 3184 ἑκάστου
2546 3130 2643 3200 τὴν
2686 3127 3029 3182 παιδοποιίαν
3060 3126 3437 3197 συμϐαίνοντα.

2202 3222 2297 3275 Ἐκ
2327 3223 2383 3275 δὲ
2410 3221 2614 3275 τούτων
2641 3219 2867 3273 νοείσθω
2896 3219 3223 3288 ἐνυπάρχειν
3252 3218 3374 3285 ἡμῖν
3400 3213 3506 3266 τῶν
3536 3230 3699 3267 στοι-

2119 3314 2358 3387 χειωδῶς
2384 3354 2397 3368 .
2418 3353 2431 3365 .
2454 3352 2469 3365 .
2490 3354 2503 3367 .
2522 3352 2535 3367 .
2566 3312 2953 3383 θεωρουμένων
2982 3309 3080 3379 τὴν
3123 3311 3315 3379 μοῖραν
3354 3305 3444 3359 τοῦ
3482 3304 3702 3376 θερμοῦ

2119 3407 2217 3461 καὶ
2256 3405 2349 3460 τοῦ
2397 3403 2695 3473 ψύχοντος.
2732 3403 2829 3455 καὶ
2876 3402 2976 3472 τῆς
3036 3400 3230 3471 ἑτέρας
3278 3396 3573 3465 συζυγίας,
3600 3397 3708 3467 τῆς

2120 3500 2263 3553 κατά
2292 3499 2353 3551 τὸ
2386 3498 2555 3568 ὑγρόν
2609 3513 2667 3548 τε
2704 3496 2797 3549 καὶ
2838 3494 3001 3565 ξηρὸν
3029 3492 3346 3562 νοουμένης.
3389 3491 3455 3543 Ἦ
3489 3490 3602 3559 γὰρ
3629 3490 3702 3559 γῆ

2120 3589 2179 3654 ἐξ
2216 3584 2284 3661 ἧς
2323 3592 2469 3658 ἡμᾶς
2494 3590 2522 3640 ό
2553 3586 2897 3657 Δημιουργὸς
2941 3586 3260 3655 παρήγαγε,
3293 3579 3370 3651 τῷ
3413 3581 3580 3633 παντὶ
3606 3596 3704 3632 κε-

2119 3680 2353 3751 κρᾶσθαί
2386 3697 2473 3750 μοι
2501 3678 2664 3743 δοκεῖ,
2686 3676 2827 3749 ξηρά
2868 3676 2964 3747 μὲν
2994 3676 3130 3746 αὑτὴ
3152 3672 3703 3745 προσαγορευομένη,

2118 3774 2186 3842 τῇ
2212 3771 2267 3824 δὲ
2301 3771 2441 3840 ὑγρᾷ
2471 3769 2836 3840 ἐπινηχομένη
2864 3784 2877 3799 ⁸
2918 3768 2980 3820 τὸ
3014 3767 3071 3820 δὲ
3111 3766 3222 3836 πῦρ
3254 3766 3312 3817 ἐν
3342 3763 3577 3834 πέτραις
3606 3765 3707 3816 καὶ

2122 3860 2324 3931 σιδήρῳ
2367 3861 2461 3913 καὶ
2509 3858 2650 3929 ξύλῳ
2700 3857 3168 3929 ἐγκεκρυμμένον,
3195 3854 3288 3907 τὸν
3334 3854 3392 3906 δὲ
3433 3853 3572 3923 ἀέρα
3614 3851 3705 3903 διά

2121 3952 2322 4013 παντὸς
2353 3951 2610 4021 διήκοντα
2641 3949 2835 4019 αὐτῆς,
2870 3949 2966 4002 καὶ
2992 3946 3385 4000 συνθάλποντα.
3422 3945 3709 3995 Διατυπω-

2120 4043 2302 4104 θέντος
2331 4041 2387 4093 δὲ
2419 4042 2475 4093 tv
2502 4042 2568 4111 τῇ
2599 4038 2752 4109 νηδύῖ
2784 4038 2873 4091 τοῦ
2897 4036 3130 4107 βρέφους
3149 4076 3163 4100 ,
3191 4034 3287 4089 καὶ
3316 4033 3452 4104 πρὸς
3486 4031 3706 4084 τελείαν

2118 4132 2447 4202 διάρθρωσιν
2498 4132 2597 4201 τῆς
2630 4132 2844 4200 ἀσήμου
2876 4129 2971 4182 καὶ
3017 4127 3246 4197 ἀνύδρου
3295 4125 3429 4193 ὑλης
3483 4122 3707 4189 διαγλυ-

2120 4222 2333 4294 φείσης,
2372 4222 2633 4293 τρέφεται
2686 4220 2869 4274 λοιπὸν
2919 4219 3014 4272 καὶ
3070 4216 3292 4282 αὒξεται
3328 4215 3460 4268 ,τῶν
3522 4214 3706 4285 μελῶν

2116 4316 2344 4368 ἕκαστον
2372 4316 2438 4384 τῇ
2471 4312 2715 4382 ποιότητι
2744 4310 2851 4364 τῶν
2882 4308 3378 4379 ἐπεισκρινομένων
3404 4309 3469 4377 τῇ
3502 4307 3707 4375 γαστρὶ
3802 4306 3803 4309 “

2115 4406 2215 4475 τῆς
2266 4404 2570 4475 φερούσης⁶
2612 4402 2774 4455 οἱονεὶ
2814 4400 2954 4453 κατά
2999 4399 3099 4470 τὴν
3146 4398 3420 4469 γεωργίαν
3484 4398 3700 4465 πέφυκε

2115 4496 2359 4566 γίνεσθαι
2384 4498 2447 4549 ἐκ
2466 4493 2644 4563 νεφῶν
2673 4492 2997 4563 ἐπομϐρίας,
3021 4490 3054 4560 ἢ
3076 4488 3278 4559 ὀχετῶν
3297 4488 3561 4558 ἐπιρροῆς
3587 4487 3703 4538 δια-

2121 4585 2428 4658 δρεχούσης
2450 4586 2510 4638 τὸ
2546 4583 2926 4653 ὑποκείμενον.
2962 4581 3154 4649 Κῆπος
3178 4579 3232 4631 δέ
3268 4595 3353 4640 τις
3391 4576 3703 4629 ὑποκείσθω

2121 4679 2199 4750 τῷ
2235 4678 2380 4748 λόγῳ
2411 4675 2610 4748 μυρίας
2646 4673 2827 4743 φυτῶν
2857 4671 3001 4734 ἰδέας
3035 4673 3094 4723 ἐν
3126 4669 3302 4739 ἐαυτῷ
3337 4669 3553 4739 τρέφων
3584 4667 3706 4719 ἀλλο

2120 4771 2320 4835 όπτους
2346 4772 2439 4824 καὶ
2465 4768 2723 4839 ἐτεροσχή
2734 4780 2865 4834 μους
2890 4764 3030 4817 κατά
3058 4764 3150 4815 τὸν
3194 4760 3353 4814 αὑτὸν
3385 4760 3481 4812 ἕνα
3509 4760 3669 4829 χορόν
3686 4775 3700 4788 ·

2122 4864 2383 4926 ὡσαύτως
2407 4862 2464 4915 δὲ
2496 4863 2593 4915 καὶ
2620 4863 2654 4932 ἡ
2687 4860 2977 4914 πιαίνουσα
3006 4856 3180 4910 ταῦτα
3214 4853 3311 4925 μία
3353 4870 3437 4914 τις
3464 4852 3706 4921 ὑπάρχει

2121 4954 2216 5008 τοῦ
2257 4954 2447 5016 ὓδατος
2470 4952 2651 5021 φύσις,
2683 4954 2716 5022 ἡ
2748 4951 2806 5004 δὲ
2854 4950 2962 5003 τῶν
2990 4948 3341 5020 τρεφομένων
3382 4944 3582 5013 ίδιότης
3627 4948 3709 5006 είς

2117 5042 2410 5112 διαφόρους
2438 5040 2499 5093 τὸ
2529 5040 2694 5112 ὑγρὸν
2727 5039 2988 5110 μετέϐαλε
3017 5039 3328 5106 ποιότητας.
3350 5034 3424 5087 Τὸ
3462 5034 3573 5103 γὰρ
3608 5035 3709 5086 αὑ-

2117 5134 2179 5187 τὸ
2212 5135 2562 5203 πικραίνεται
2608 5132 2706 5202 μὲν
2738 5133 2797 5184 tv
2825 5133 2890 5200 τῇ
2918 5129 3147 5199 ἀψίνθῳ,
3177 5131 3256 5190 είς
3290 5125 3620 5196 φθοροποιὸν
3649 5124 3706 5176 δὲ

2116 5223 2290 5296 χυμὸν
2326 5226 2382 5275 ἐν
2426 5222 2505 5293 τῷ
2547 5223 2758 5293 κωνείῳ
2792 5221 3128 5293 μεθίσταται,
3156 5221 3250 5273 καὶ
3285 5220 3472 5289 ἕτερον
3530 5218 3708 5287 ἑτέρῳ

2123 5317 2331 5385 γίνεται
2372 5314 2433 5368 τὸ
2462 5314 2541 5378 ἓν,
2579 5316 2637 5366 ἐν
2681 5312 2868 5383 κρόκῳ
2891 5352 2906 5376 ,
2935 5313 2992 5363 ἐν
3036 5310 3320 5380 βαλσάμῳ,
3355 5311 3414 5361 ἐν
3462 5309 3703 5378 μήκωνι.

2123 5404 2197 5458 Τὸ
2235 5405 2333 5474 μὲν
2354 5403 2464 5474 γὰρ
2494 5401 2942 5472 ἐκθερμαίνεται,
2962 5399 3023 5451 τὸ
3049 5398 3106 5451 δὲ
3131 5396 3524 5467 καταψύχεται,
3553 5396 3616 5447 τὺ
3646 5395 3706 5448 δὲ

2125 5497 2303 5567 μέσην
2349 5494 2460 5564 ἔχει
2516 5495 2800 5564 ποιότητα.
2849 5491 2937 5544 Ἑν
2968 5488 3141 5560 δάφνῃ
3167 5488 3224 5540 δέ
3254 5488 3348 5540 καὶ
3377 5486 3575 5557 σχοίνῳ
3608 5486 3705 5539 καὶ

2122 5592 2235 5654 τοῖς
2283 5590 2488 5661 ὁμοίοις
2542 5582 2995 5659 ἀρωματοφόροις
3036 5579 3169 5652 τνοὴ
3196 5578 3436 5649 γίνεται,
3465 5577 3528 5631 tv
3560 5578 3704 5648 συκῇ
