4048 6222
230 316 236 322 ’
308 317 452 371 1053

1719 329 1964 384 DIALOC
1976 328 2016 384 U
2031 332 2064 384 3‘
2093 329 2170 385 lll.

3433 333 3455 388 i
3467 333 3574 387 05.3

311 439 368 492 δὲ
405 437 499 490 καὶ
549 434 680 508 ὄχνῃ
725 437 1232 510 καταγλυκαίνεται,
1273 446 1366 497 καὶ
1392 444 1480 500 διὰ
1511 448 1610 516 τῆς
1638 445 1886 517 ἀμπέλου

2018 447 2374 504 erentibusin
2427 445 2781 514 l'ragrantiam
2833 459 3221 516 commutatur,
3289 453 3343 506 in
3380 455 3570 511 iicuet

312 531 391 593 τίς
411 523 554 582 οἶνον
578 528 783 582 καὶτὸν
813 529 1005 602 βότρυν
1037 533 1380 603 μεθίσταται,
1408 538 1466 588 ὲν
1505 537 1583 607 τῷ
1612 539 1768 610 μήλῳ
1795 558 1893 609 χυ-

315 618 567 689 ιαίνεται
593 657 607 679 ,
639 619 696 670 ἑν
724 618 803 688 τῷ
839 621 1009 692 κρίνῳ
1036 621 1407 690 λευκαίνεται,
1441 628 1498 679 ὲν
1538 628 1616 698 τῷ
1654 630 1719 700 ίῳ
1751 647 1890 684 κυα-

313 709 539 774 ιίζεται.
583 708 837 762 Τοιοῦτόν
864 728 918 763 τι
965 713 1061 765 καὶ
1105 715 1245 768 κατά
1273 715 1364 768 τὸν
1401 715 1643 786 ἔμψυχον
1677 717 1769 771 τοῦ
1795 718 1892 772 σώ-

316 816 486 869 ματος
510 798 664 867 ἡμῶν
683 800 856 870 κῆπον
886 801 1383 874 θαυματουργεῖται
1408 806 1512 859 ὑπὸ
1529 809 1626 878 τῆς
1655 807 1890 876 φύσεως,

317 889 520 960 μᾶλλον
547 891 604 944 δὲ
643 892 797 962 παρά
842 892 936 946 τοῦ
989 895 1264 948 Δεσπότου
1305 897 1408 968 τῆς
1447 898 1684 967 φύσεως,
1724 901 1890 964 ὀστᾶ,

314 982 411 1034 καὶ
430 982 644 1052 χόνδροι
670 1023 684 1046 ,
723 983 916 1052 φλέϐες
942 1026 957 1049 ,
974 980 1246 1058 ’ἀρτηρίαι
1265 1029 1280 1055 ,
1321 989 1491 1061 νεῦρα
1515 1031 1532 1055 ,
1569 990 1892 1061 σύνδεσμοι,

317 1074 519 1144 σάρκες
544 1115 558 1139 ,
593 1074 769 1146 δέρμα
791 1116 806 1139 ,
844 1076 1070 1147 πιμελαὶ
1089 1118 1103 1136 ,
1138 1079 1323 1150 τρίχες
1346 1120 1362 1143 ,
1399 1081 1584 1146 ἀδένες
1603 1123 1618 1145 ,
1666 1083 1854 1153 δνυχες
1880 1123 1895 1146 ,

315 1167 608 1237 ὀφθαλμοὶ,
643 1167 958 1239 μυκτῆρες,
988 1163 1101 1222 ὦτα
1121 1209 1136 1233 ,
1163 1174 1255 1225 καὶ
1295 1173 1468 1244 μυρία
1506 1175 1643 1245 πρὸς
1687 1175 1899 1239 τούτοις

315 1257 412 1310 ἀπ’
463 1256 706 1328 ἀλλήλων
750 1257 1074 1328 διιστάμενα
1113 1278 1126 1290 ·
1156 1261 1254 1331 μία
1285 1262 1341 1316 δὲ
1388 1265 1488 1334 τῆς
1525 1266 1730 1336 τροφῆς
1788 1265 1900 1319 ἰδέα

319 1347 498 1400 πάντα
549 1348 905 1419 καταλλήλως
944 1354 1009 1422 τῇ
1060 1353 1266 1407 ἑαυτῶν
1303 1356 1562 1426 τρέφεται
1606 1357 1796 1426 φύσει·
1825 1357 1900 1421 ὡς

320 1441 550 1493 ἑκάστου
577 1440 684 1494 τῶν
708 1441 1084 1512 ὑποκειμένων
1105 1447 1205 1517 τὴν
1229 1447 1434 1519 τροφὴν
1462 1448 1899 1519 προσϐαλοῦσαν,

317 1533 457 1600 ὅπερ
488 1529 554 1583 ἀν
588 1529 833 1604 ἐπελάσει
877 1534 999 1586 κατ’
1041 1537 1220 1589 ἑκεῖνο
1274 1538 1650 1603 ἀλλοιοῦσθαι,
1692 1540 1902 1592 οἰκείαν

319 1623 415 1676 καὶ⁸
444 1622 698 1692 προσφυῆ
733 1624 800 1692 τῇ
835 1623 930 1676 τοῦ
981 1625 1182 1695 μέρους
1218 1626 1438 1696 ἰδιότητι
1487 1629 1803 1702 γινομένην.
1841 1631 1903 1682 El

318 1713 430 1783 γάρ
464 1713 602 1767 κατά
644 1713 735 1765 τὸν
771 1713 1050 1784 ὀφθαλμὸν
1084 1716 1313 1784 γένοιτο,
1355 1717 1431 1788 τῷ
1460 1719 1699 1790 δρατικῷ
1747 1720 1904 1792 μέρει

323 1805 748 1876 συγκατεκρόὧη
770 1843 784 1867 ,
819 1805 912 1858 τὸν
939 1806 1114 1877 ὑμένα
1147 1807 1462 1876 ὑπαλείφων
1493 1809 1588 1862 τοῦ
1624 1811 1870 1882 ὄμματος
1889 1829 1904 1843 ο

321 1893 552 1955 καὶτοῖς
580 1894 926 1957 ἀκουστικοῖς
965 1894 1156 1965 μέρεσι
1185 1895 1500 1959 διενιζάνων
1539 1916 1910 1970 συμπεριτορο

322 1983 510 2038 νοῦται
539 1986 606 2054 τῇ
639 1984 913 2055 ἀκοῇ,καὶ
933 1983 1002 2038 τὰ
1031 1985 1182 2055 χείλη
1203 1984 1445 2052 νοτίζων,
1477 1983 1589 2042 οἷον
1605 1989 1760 2060 δέριά
1788 2008 1911 2045 τινα

323 2074 425 2128 οὑκ
445 2076 510 2146 ἑᾷ
550 2075 1036 2146 καταφρυχθῆναι,
1075 2078 1170 2130 καὶ
1217 2078 1472 2145 γενέσθαι
1526 2079 1780 2148 ἑξίτηλα’
1817 2083 1912 2136 καὶ

325 2165 382 2217 ἐν
404 2164 576 2235 ὀστέῳ
611 2165 907 2234 πήγνυται,
933 2165 1027 2218 καὶ
1047 2168 1105 2218 ὲν
1139 2165 1323 2238 μυελῷ
1353 2167 1686 2222 ἀπαλύνεται
1704 2187 1716 2200 ·
1747 2172 1806 2224 ὲν
1833 2170 1912 2242 τῷ

323 2253 502 2325 νεύρῳ
522 2253 795 2316 τονοῦται,
811 2254 907 2307 καὶ
930 2257 997 2325 τῇ
1024 2256 1316 2329 ἐπιφανείᾳ
1348 2259 1803 2318 συνεπιτείνεται.
1820 2261 1914 2314 καὶ

324 2345 405 2407 εἰς
429 2343 597 2413 ὄνυχα
623 2343 912 2406 διαϐαίνει,
946 2345 1040 2398 καὶ
1069 2347 1150 2409 εἰς
1183 2347 1369 2417 τριχὸς
1405 2347 1620 2416 γένεσιν
1651 2349 1915 2422 λεπτουρ-

322 2437 504 2504 γεῖται
539 2437 658 2498 τοῖς
689 2434 1050 2506 καταλλήλοις
1080 2436 1293 2507 ἀτμοῖς.
1325 2438 1438 2491 Καὶ
1461 2439 1509 2491 εί
1546 2439 1648 2510 μὲν
1676 2439 1766 2493 διὰ
1784 2457 1915 2494 σκο-

323 2525 456 2580 λιῶν
511 2524 866 2596 ὲξατμίζεται
914 2526 1118 2598 πόρων,
1163 2528 1484 2599 οὑλοτέρους
1530 2530 1618 2582 καὶ
1666 2529 1916 2594 ὲλικτοὺς

327 2616 586 2670 ἀποτελεῖ
622 2617 750 2680 τοὺς
787 2616 1095 2688 βόστρυχας
1115 2635 1128 2649 ·
1163 2619 1212 2671 εί
1245 2619 1302 2672 δὲ
1329 2618 1396 2672 δι’
1419 2618 1622 2673 εὑθέων
1656 2621 1748 2674 καὶ⁵
1778 2621 1916 2673 ἀπα-

325 2705 602 2778 λωτέρων,
636 2706 844 2768 ἀπλοῦς
883 2707 978 2760 καὶ
1004 2709 1248 2779 νήματος
1267 2708 1440 2780 δίκην,
1462 2709 1552 2763 διά
1579 2709 1691 2763 τῶν
1725 2709 1916 2780 ἀτμῶν

325 2798 711 2869 τριχευομένου
751 2797 844 2851 τοῦ
881 2800 945 2852 ἑκ
975 2799 1085 2853 τῶν
1129 2800 1314 2854 σιτίων
1352 2800 1680 2864 διιζάνοντος
1715 2800 1912 2871 ὑγροῦο

327 2891 377 2942 εἰ
409 2889 467 2942 δὲ
502 2890 593 2944 διὰ
640 2889 992 2962 θερμοτέρων
1038 2891 1139 2962 τῆς
1188 2891 1414 2964 καρδίας
1456 2892 1552 2945 καὶ
1580 2891 1675 2944 τοῦ
1707 2892 1916 2963 ἥπατος

328 2979 386 3032 αἱ
406 2977 803 3048 ἀναθυμιάσεις
834 2979 929 3035 ἐπὶ
960 2979 1058 3050 τὴν
1082 2980 1292 3050 κράνην
1321 2978 1722 3050 ἑξατμίζονται,
1748 2979 1919 3048 φαλα-

330 3067 497 3139 κροῦν
528 3067 760 3136 πέφυκε,
797 3067 892 3122 τοῦ
919 3068 1128 3141 ψυχροῦ
1157 3069 1528 3132 ἐπιλείποντος
1549 3087 1563 3100 ο
1590 3070 1685 3123 τοῦ
1704 3071 1761 3124 δὲ
1790 3070 1909 3142 θερο

334 3161 436 3230 μοῦ
464 3163 912 3234 ἑπικρατοῦντος,
936 3165 1414 3237 καταφρύττεσθαι
1454 3165 1549 3219 καὶ
1587 3168 1916 3237 τριχορυεῖν.

345 3251 486 3305 Ἀλλ’
529 3253 702 3318 ὅντως
753 3254 1011 3327 εὔκαιρον
1060 3258 1193 3327 ἡμῖν
1246 3258 1470 3330 χρῆμα,
1516 3257 1688 3327 γλυκύ
1721 3275 1783 3310 τε
1824 3258 1917 3310 καὶ

331 3342 665 3410 ἀξιάγαστον
704 3346 799 3398 καὶ
835 3345 931 3398 τοῦ
978 3347 1180 3410 παντὸς
1215 3347 1367 3414 ἀξιον
1406 3347 1590 3415 λόγου,
1631 3347 1723 3400 τὸν
1766 3346 1916 3416 σφῶν

330 3434 603 3507 δεσπότην
637 3437 732 3489 καὶ
771 3436 1040 3507 πρύτανιν
1076 3438 1382 3509 γεραίρειν,
1413 3440 1488 3509 τῷ
1509 3439 1783 3509 θεσπεσίῳ
1817 3442 1919 3492 Δα-

333 3530 422 3584 ειδ
473 3530 887 3601 συμμελῳδεῖν,
926 3531 1021 3598 Ὡς
1062 3533 1438 3602 ἐμεγαλύνθη
1493 3533 1566 3585 τὰ
1610 3531 1756 3600 ἔργα
1778 3548 1916 3597 σου,

333 3623 529 3691 Κύριεο
562 3621 760 3675 πάντα
803 3623 874 3676 ἐν
899 3625 1086 3694 σοφίᾳ
1110 3624 1426 3690 ἐποίησας.
1461 3624 1556 3690 Τίς
1588 3624 1698 3693 γὰρ
1730 3621 1921 3703 λαλή-

332 3732 434 3770 σει
454 3717 560 3783 τὰς
587 3716 952 3779 δυναστείας
973 3715 1078 3768 τοῦ
1108 3713 1329 3780 Κυρίου
1354 3713 1390 3780 ἢ
1416 3713 1506 3778 τίς
1535 3710 1882 3778 διηγήσεται
1904 3726 1922 3774 ;

334 3807 434 3871 Τίς
481 3809 590 3878 γὰρ
629 3808 873 3877 ἐφίξεται
906 3805 1064 3874 λόγος
1107 3804 1458 3874 παραστῆσαι
1505 3802 1670 3866 me;
1707 3803 1814 3874 γὰρ
1862 3801 1922 3869 ἐξ

335 3897 667 3970 ἑτερουσίων
722 3897 818 3950 καὶ
865 3895 1173 3966 διαφόρων,
1221 3893 1350 3964 μίαν
1393 3894 1513 3964 ,τὴν
1562 3892 1725 3961 φύσιν
1767 3892 1925 3962 ἡμῶν

336 3988 769 4061 ἐδημιούργησε,
809 3989 905 4042 καὶ
926 3987 986 4040 οὑ
1009 3985 1293 4055 διαφεύγει
1317 3984 1545 4056 θάτερον
1573 3983 1804 4054 θατέρου
1827 3983 1926 4053 τὴν

335 4081 628 4135 κοινωνίαν
662 4081 756 4134 καὶ
799 4080 1018 4144 ἕνωσιν,
1053 4078 1160 4150 πρὸ
1189 4077 1302 4130 τῶν
1341 4077 1497 4148 παρά
1539 4075 1633 4130 σοῦ
1665 4077 1807 4147 ὅρων
1828 4074 1929 4146 τῆς

338 4173 572 4226 ἑκάστου
597 4171 741 4243 ζωῆς
767 4189 781 4202 ·
810 4170 924 4225 ἀλλ’
965 4169 1213 4239 ἀφθόνως
1244 4167 1532 4222 διικνεῖται
1571 4168 1734 4239 μέχρι
1761 4165 1932 4238 περά-

334 4277 446 4316 των
474 4261 553 4333 τῷ
570 4261 749 4333 θνητῷ
777 4263 810 4332 ή
841 4261 1105 4324 ἀθάνατος
1129 4275 1142 4290 ³
1162 4259 1256 4312 καὶ
1285 4258 1446 4312 πάλιν
1483 4258 1702 4329 μακρὰν
1721 4258 1931 4329 χαίρειν

339 4353 534 4424 ἀφίησι
581 4357 649 4425 τῇ
698 4353 1024 4424 συνημμένη
1056 4352 1136 4422 τῷ
1189 4351 1442 4421 σώματι,
1473 4350 1770 4422 πειθομένη
1826 4351 1926 4422 τῆς

337 4445 674 4508 διαστάσεως
695 4444 772 4516 τῷ
790 4443 1171 4514 προστάγματι
1191 4460 1205 4508 ;
1234 4443 1330 4506 Τίς
1349 4442 1405 4495 δὲ
1425 4443 1500 4512 μὴ
1530 4442 1934 4513 ἑκπλαγήσεται

341 4538 408 4589 ἑκ
428 4536 549 4606 χοὸς
569 4537 708 4608 ὀρῶν
726 4534 964 4599 τοσαῦτα
989 4534 1126 4604 μέλη
1148 4535 1242 4587 καὶ
1265 4534 1404 4605 μέρη
1422 4534 1518 4587 τοῦ
1541 4533 1811 4605 σώματος,
1829 4533 1940 4587 διά-

342 4640 487 4694 φορα
507 4623 643 4676 ὀστᾶ
669 4624 780 4694 (9i)
799 4623 1132 4693 κατάλληλα,
1151 4626 1414 4693 στροφαῖς
1439 4625 1529 4676 καὶ
1550 4625 1768 4695 τόρναις
1798 4641 1936 4695 συμ-

343 4715 678 4785 6ε6λημένα,
705 4715 779 4779 ὡς
802 4714 1020 4787 σαρκῶν
1043 4715 1442 4786 ὑπερείσματα,
1473 4715 1570 4768 καὶ
1598 4714 1734 4786 πρὸς
1754 4716 1935 4770 πᾶσαν

343 4804 545 4859 εὔκολα
569 4806 800 4878 κίνησιν,
833 4806 974 4879 ειπερ
1003 4806 1079 4870 ὡς
1104 4806 1209 4858 ὑπὸ
1258 4807 1390 4876 μιᾶς
1437 4806 1706 4876 γραμμῆς
1753 4808 1934 4872 πάσας

342 4897 656 4961 ἀποσώζειν
677 4898 773 4962 τάς
790 4897 1034 4965 ἀλογίας,
1053 4898 1186 4969 μέλη
1216 4897 1434 4968 μέλεσιν
1467 4898 1750 4968 ίσόῤῥοπα,
1781 4898 1931 4965 δεξιά

345 4989 469 5060 χεὶρ
498 4989 766 5059 ἰσομήκης
793 5006 852 5041 τε
899 4987 1038 5059 λείᾳ,
1072 4988 1167 5042 καὶ
1204 4988 1466 5051 δάκτυλος
1515 4987 1802 5059 δακτύλῳ,
1832 4994 1927 5044 καὶ

341 5077 545 5148 ταρσδς
567 5077 881 5149 τσρσῷ.καὶ
915 5078 1071 5148 βάσις
1097 5078 1286 5147 βάσει,
1304 5078 1397 5130 καὶ
1425 5077 1496 5129 τὰ
1519 5077 1640 5131 καθ’
1671 5079 1922 5135 ἕκαστον.

2003 555 2134 610 pyro
2161 539 2450 604 dulcescit,
2480 553 2576 607 per
2608 539 2770 593 vilem
2805 541 2857 593 in
2883 541 3071 594 vinum
3101 549 3153 595 et
3201 547 3416 597 botrum
3448 563 3570 601 mu-

2003 640 2166 688 tatur.
2205 631 2257 684 in
2292 646 2454 700 pomo
2483 631 2745 694 rubescit,
2767 633 2821 685 in
2847 631 2960 686 lilio
2984 632 3235 699 albescit,
3267 635 3320 695 in
3349 636 3488 690 viola
3517 637 3575 691 iit

2001 720 2288 774 caeruleus.
2343 717 2474 772 Tale.
2503 719 2761 788 quiddam
2817 730 2873 775 et
2914 722 2967 774 in
3021 723 3265 777 animato
3323 728 3572 794 corporis

2001 811 2165 866 ltorto
2205 810 2526 864 mirabiliter
2583 827 2612 864 a
2657 819 2855 866 natura
2899 812 3153 879 edicitur,
3215 815 3327 870 imo
3391 832 3576 871 veroa

2004 910 2213 954 natura:
2232 894 2481 953 Domino.
2519 898 2655 954 Ossa
2700 910 2830 955 sunt
2855 903 2963 963 hic,
3001 904 3374 974 carlilagines,
3402 921 3574 969 venm,

2004 989 2242 1053 arteriae,
2308 988 2480 1051 nervi,
2538 989 2817 1060 ligamina,
2871 1007 3093 1054 carnes,
3132 995 3299 1057 cutis,
3355 997 3569 1058 arvina,

2007 1079 2123 1147 pili,
2161 1077 2414 1143 tonsillae,
2437 1094 2668 1147 ungues,
2695 1079 2862 1139 oculi,
2889 1096 3069 1146 nares,
3099 1096 3282 1145 aures,
3317 1089 3368 1134 et
3386 1093 3580 1150 prteter

2009 1170 2122 1224 haec
2151 1168 2363 1222 inﬁnita
2393 1170 2641 1238 quaedam
2680 1169 2810 1233 alia,
2839 1170 2982 1224 inter
3007 1187 3066 1225 se
3087 1171 3328 1235 diversa,
3357 1187 3480 1225 cum
3509 1173 3581 1226 sit

2009 1259 2169 1312 unica
2203 1259 2520 1312 nutrimenti
2539 1261 2774 1328 species,
2814 1276 2921 1328 qua
2959 1265 3138 1316 ownia
3193 1263 3581 1317 convenienter

2008 1365 2107 1418 pro
2133 1365 2230 1402 sua
2249 1359 2440 1403 natura
2462 1352 2798 1415 nutriuntur,
2823 1351 2894 1403 ita
2918 1359 2976 1404 ut
2996 1351 3293 1422 unicuique
3307 1353 3581 1421 subjecto-

2009 1456 2128 1495 rum
2154 1441 2419 1511 applicata
2441 1442 2725 1504 alimenta,
2753 1441 2807 1494 in
2835 1441 2956 1508 ejus
2971 1449 3222 1495 naturam
3271 1451 3576 1507 mutentur,

2010 1533 2076 1587 ad
2091 1535 2235 1603 quod
2252 1533 2596 1594 deferuntur,
2617 1548 2683 1587 ac
2704 1533 2979 1602 propriam
2997 1534 3167 1600 partis
3186 1533 3307 1602 ejus
3339 1536 3584 1604 proprie-

2011 1632 2175 1676 tatem
2201 1623 2454 1677 induant.
2483 1621 2619 1677 Nam
2644 1623 2688 1676 si
2717 1622 2785 1676 ad
2840 1622 3060 1676 oculum
3089 1623 3351 1676 alimonia
3401 1639 3587 1692 perve-

2015 1716 2174 1780 nerit,
2215 1715 2351 1784 parti
2385 1715 2629 1769 cernenti
2682 1714 2845 1768 mista
2903 1715 3278 1768 membranam
3325 1715 3468 1768 oculi
3500 1715 3579 1767 ri-

2009 1817 2122 1876 gat.
2144 1805 2205 1858 Et
2229 1806 2450 1860 auditus
2481 1805 2730 1874 partibus
2751 1805 3018 1870 insidens,
3048 1806 3480 1860 circumrotatur
3511 1805 3578 1859 ad

2011 1899 2282 1952 auditum.
2344 1897 2410 1950 Et
2473 1897 2624 1951 labra
2687 1897 3034 1962 bumectans,
3091 1898 3256 1951 veluti
3310 1896 3591 1967 pelliculas

2011 1991 2301 2061 quasdam,
2328 2005 2434 2043 non
2466 1988 2597 2044 sinit
2621 2003 2686 2042 ea
2716 1987 2914 2044 siccari
2937 1999 2992 2042 et
3018 2003 3358 2042 exarescere.
3385 1986 3442 2041 In
3468 2001 3593 2042 osse

2011 2083 2272 2148 durescit,
2299 2083 2352 2136 in
2386 2081 2622 2135 medulla
2650 2081 2942 2136 mollescit.
2971 2079 3027 2134 In
3069 2074 3238 2135 nervo
3273 2080 3589 2143 roboratur,

2015 2175 2067 2230 in
2101 2174 2392 2244 superlicie
2427 2188 2534 2226 una
2565 2172 2897 2234 extenditur,
2929 2171 2982 2224 in
3013 2184 3252 2240 unguem
3281 2169 3502 2231 desinit,
3536 2169 3592 2222 in

2011 2265 2192 2334 Capilli
2221 2264 2574 2334 generatione
2610 2278 2706 2332 per
2747 2262 3007 2318 humores
3039 2262 3424 2317 convenientes
3455 2272 3596 2315 atte-

2015 2362 2236 2408 nuatur.
2292 2353 2371 2407 Ac
2413 2353 2457 2407 si
2505 2352 2724 2422 quidem
2785 2367 2882 2421 per
2933 2359 3212 2406 tortuosos
3262 2362 3474 2406 meatus
3504 2353 3598 2404 liat

2013 2445 2349 2514 evaporatio,
2383 2444 2680 2512 crispiores
2712 2443 3133 2512 implicatasque
3157 2442 3340 2496 crines
3378 2442 3540 2496 cﬂicit
3579 2458 3593 2494 :

2014 2535 2061 2590 si
2088 2549 2216 2589 vero
2257 2550 2352 2603 per
2392 2544 2571 2588 rectos
2613 2541 2669 2587 et
2717 2533 3041 2595 teneriores,
3091 2532 3370 2601 simplices
3417 2543 3471 2585 et
3501 2547 3596 2584 es—

2017 2634 2194 2679 tentos
2257 2623 2430 2678 instar
2473 2623 2569 2690 (ili,
2626 2637 2724 2694 per
2776 2623 3195 2688 evapmationes
3261 2624 3317 2677 in
3368 2622 3598 2691 capillos

2017 2725 2354 2772 commutato
2409 2716 2504 2769 illo
2549 2714 2804 2779 humore,
2855 2714 2950 2784 qui
2997 2730 3063 2769 ex
3109 2714 3508 2769 cibisresidet.
3539 2711 3597 2768 Si

2017 2824 2146 2862 vero
2173 2824 2268 2876 per
2304 2807 2592 2862 calidiores
2628 2807 2814 2862 cordis
2849 2813 2902 2862 et
2947 2805 3212 2874 jecinoris
3257 2815 3439 2875 partes
3475 2820 3602 2859 cva-

2019 2900 2336 2971 porationes
2375 2901 2429 2952 in
2464 2909 2629 2968 caput
2670 2899 2948 2961 exhalant,
2978 2898 3257 2953 calvitium
3299 2896 3415 2950 ﬁeri
3439 2898 3600 2963 solet,

2020 2992 2091 3046 ob
2146 2989 2364 3059 frigoris
2417 2989 2712 3043 defectum.
2762 2989 3070 3058 Superante
3115 3001 3356 3056 namque
3397 2986 3600 3049 calore,

2018 3081 2286 3136 cxsiccari
2328 3090 2549 3135 constat
2587 3096 2651 3134 ac
2679 3080 2916 3134 deﬂuere
2955 3079 3158 3134 crines;
3193 3078 3485 3132 Enimvero
3517 3094 3603 3132 res

2020 3185 2329 3244 opportuna
2361 3183 2415 3228 et
2441 3173 2648 3236 suavis,
2673 3185 2727 3228 et
2767 3173 3128 3228 admiratione
3160 3172 3321 3237 digna
3345 3172 3604 3240 omnique

2020 3265 2410 3335 prmdicatione
2439 3263 2626 3328 fuerit,
2674 3274 2924 3319 nostrum
2966 3263 3057 3318 hic
3089 3279 3190 3318 nos
3225 3262 3516 3316 Dominum
3547 3271 3601 3316 et

2021 3357 2444 3426 gubernatorem
2475 3356 2773 3416 celebrare,
2805 3371 2870 3410 ac
2895 3370 2999 3408 una
3033 3369 3158 3409 cum
3190 3352 3393 3408 Davide
3420 3355 3606 3407 divino

2019 3456 2143 3501 vale
2191 3461 2390 3501 canere
2432 3465 2446 3500 :
2507 3447 2682 3510 Quam
2735 3447 3078 3514 magniﬁcam
3120 3453 3246 3497 sunt
3283 3461 3440 3514 opera
3491 3453 3604 3504 ma,

2021 3537 2279 3590 Domine!
2306 3547 2497 3590 cuncta
2535 3537 2804 3604 sapienter
2847 3536 3020 3598 fecisti
3053 3536 3120 3589 ³⁸.
3157 3535 3291 3600 Quis
3317 3536 3460 3589 enim
3487 3551 3608 3602 pos-

2022 3629 2090 3682 sit
2131 3628 2308 3697 eloqui
2364 3628 2627 3697 potentias
2666 3625 2903 3690 Domini,
2945 3634 3039 3679 aut
3067 3627 3185 3695 quis
3221 3626 3491 3679 enarrabit
3523 3625 3608 3678 "?

2022 3719 2157 3785 Quis
2181 3728 2503 3788 assequetur
2533 3733 2734 3780 sermo,
2757 3727 2816 3772 ut
2847 3718 2961 3771 haec
2989 3717 3300 3784 esprimat?
3324 3717 3608 3782 Quomodo

2024 3810 2167 3863 enim
2195 3826 2258 3864 ex
2285 3809 2352 3864 iis
2386 3825 2508 3878 qua:
2538 3807 3123 3883 diversae‘substantizc
3147 3815 3274 3861 sunt
3297 3817 3351 3860 et
3377 3807 3518 3860 inter
3549 3823 3608 3861 se

2025 3899 2304 3961 diﬂ'erunt,
2337 3915 2502 3953 unam
2539 3907 2795 3953 naturam
2841 3907 3086 3952 nostram
3126 3895 3400 3960 condidit;
3433 3910 3609 3964 neque

2026 3989 2228 4060 refugit
2261 3989 2494 4043 alterum
2519 3987 2588 4043 ab
2613 3986 2840 4042 alterius
2861 3985 3246 4041 communione
3266 3984 3351 4040 vel
3383 3983 3606 4047 unione,

2028 4089 2154 4136 ante
2187 4081 2398 4152 positos
2425 4096 2457 4135 a
2489 4089 2541 4134 te
2579 4079 2876 4149 unicuique
2907 4079 3032 4134 vitat
3077 4079 3361 4143 terminos,
3407 4075 3501 4131 sed
3539 4074 3608 4129 ad

2031 4173 2190 4226 linem
2217 4187 2390 4242 usque
2427 4180 2620 4225 natura
2651 4170 2976 4226 immortalis
3010 4185 3134 4223 cum
3179 4166 3393 4221 mortali
3428 4166 3605 4235 degit;

2030 4278 2334 4334 rursusque
2399 4263 2622 4333 longum
2675 4261 2931 4316 valedicit
2992 4261 3299 4326 conjunctae
3351 4257 3606 4326 corpori,

2032 4353 2290 4408 obediens
2330 4353 2559 4423 imperio
2600 4351 3008 4421 separationis?
3044 4351 3179 4417 Quis
3213 4363 3342 4402 vero
3372 4364 3480 4402 non
3511 4349 3609 4400 ob-

2035 4452 2334 4514 stupesrat,
2366 4459 2431 4498 ex
2463 4443 2687 4513 pulvere
2717 4441 2861 4498 facta
2893 4442 3082 4496 videns
3113 4451 3189 4495 tot
3221 4439 3462 4493 membra
3487 4454 3612 4507 par-
3641 4479 3646 4484 .

2037 4544 2231 4605 tesque
2256 4534 2525 4604 corporis,
2567 4532 2946 4589 convenientia
2981 4533 3122 4588 inter
3162 4547 3221 4586 se
3257 4545 3404 4595 ossa,
3441 4537 3612 4582 verte-
3638 4575 3651 4587 .

2039 4625 2152 4682 bris
2179 4637 2232 4682 et
2254 4626 2642 4694 juncturarum
2676 4625 2851 4681 tornis
2880 4625 3022 4679 inter
3048 4639 3108 4678 se
3146 4621 3461 4683 commissa,
3491 4633 3613 4688 quae

2034 4717 2200 4771 veluti
2252 4717 2500 4771 carnium
2546 4715 2882 4771 adminicula
2923 4713 3204 4782 fulcraque
3250 4718 3398 4775 sunt,
3451 4718 3504 4762 et
3544 4705 3614 4761 ad

2033 4821 2250 4861 omnem
2288 4807 2490 4862 habilia
2535 4815 2769 4868 motum,
2801 4806 3070 4874 quasique
3114 4803 3180 4856 ad
3209 4817 3372 4856 unam
3411 4799 3512 4853 sita
3545 4798 3614 4852 li-

2033 4913 2214 4964 neam,
2252 4907 2312 4952 ut
2357 4913 2700 4967 qua'cunque
2740 4911 2932 4967 parum
2983 4902 3110 4949 sunt
3143 4892 3341 4947 rationi
3385 4903 3618 4945 consen-

2035 4999 2223 5053 lanea,
2255 4989 2599 5044 removeam?
2637 4989 2778 5042 Sunt
2824 4990 2952 5042 item
2997 4985 3238 5040 membra
3284 4998 3409 5039 cum
3446 4995 3617 5036 mem-

2033 5081 2147 5134 bris
2200 5081 2346 5134 velnt
2395 5081 2449 5135 in
2498 5079 2808 5148 aequilibrio
2868 5076 3098 5145 posita:
3143 5073 3367 5128 dextera
3418 5082 3616 5126 manus

345 5168 463 5236 pari
511 5168 849 5238 longitudine
912 5184 1037 5223 cum
1105 5169 1260 5234 lzeva,
1291 5169 1490 5235 digitus
1546 5185 1670 5224 cum
1725 5171 1914 5242 digito,
1957 5172 2138 5243 planta
2167 5188 2291 5227 cum
2333 5172 2537 5242 planta,
2576 5187 2670 5241 pes
2707 5185 2832 5224 cum
2867 5169 3022 5239 pede,
3059 5167 3352 5235 itidemque
3391 5176 3614 5231 compa-

343 5266 465 5312 rata
496 5270 619 5313 sunt
649 5261 751 5312 alia
782 5259 1015 5328 singula.

429 5348 573 5400 Ἀλλ’
603 5349 828 5411 εἰκότως
857 5351 949 5401 ἐπὶ
978 5351 1078 5420 τὴν
1109 5349 1354 5421 κορυφὴν
1378 5351 1477 5421 τῆς
1502 5351 1649 5419 σφῶν
1672 5353 1933 5424 δημιουρο

346 5438 474 5506 γίας
506 5438 584 5510 τῷ
617 5439 760 5510 λόγῳ
795 5440 1228 5513 ἀναδράμωμεν,
1264 5440 1474 5495 ἐκεῖθεν
1519 5443 1612 5496 ἐπὶ
1650 5444 1749 5508 τὰς
1799 5444 1934 5515 πρό-

347 5529 517 5593 ποδας
563 5530 658 5583 καὶ
693 5531 762 5583 τὰ
798 5531 988 5584 πέδιλα
1036 5530 1329 5599 φοιτῶντες
1354 5549 1367 5562 ·
1408 5534 1606 5604 μᾶλλον
1652 5534 1710 5588 δὲ
1748 5535 1841 5589 καὶ
1874 5533 1936 5599 ἐξ

422 5610 470 5642 ³⁸
504 5609 648 5666 Psal.
681 5627 800 5676 cm,
828 5611 920 5665 Ἡ.
955 5614 1000 5644 ³⁸
1023 5611 1167 5667 Psal.
1203 5628 1290 5674 ον,
1321 5615 1378 5670 2.

2106 5351 2211 5422 Sed
2258 5358 2344 5406 est
2389 5363 2569 5420 Operm
2612 5348 2846 5420 pretium
2892 5354 2951 5400 ut
2989 5345 3057 5399 ad
3106 5343 3361 5398 verticem
3412 5345 3617 5393 nostra

2032 5441 2329 5498 creationis
2365 5440 2616 5495 oratione
2663 5453 3035 5498 recurramus,
3084 5434 3213 5488 inde
3252 5429 3318 5484 ad
3365 5428 3527 5498 pedes
3558 5435 3615 5482 et

2036 5532 2225 5588 talaria
2255 5530 2622 5587 dcvenientes.
2644 5527 2790 5593 Quin
2809 5527 2877 5579 ab
2904 5525 3019 5593 ipsa
3043 5521 3180 5590 jam,
3211 5518 3259 5572 si
3287 5514 3400 5570 lieri
3423 5521 3605 5586 queat,

419 5679 529 5756 (_9_i)
559 5664 1047 5756 ΠὈξστᾷ-’κατάειιξ
1069 5664 1232 5738 Ἡλεί
1245 5664 1298 5738 et
1325 5664 1451 5755 qua:
1484 5690 1788 5753 sequuntur
1813 5681 1912 5740 des

2018 5684 2188 5756 psisse
2219 5679 2513 5740 Caesarium
2543 5693 2609 5736 ex
2643 5674 2906 5748 Rccognit.
2937 5673 3030 5730 lib.
3052 5688 3169 5739 vm,
3206 5687 3327 5743 cap.
3345 5669 3436 5735 ἓν,
3461 5664 3609 5722 naud

351 5749 564 5806 dubitat
610 5751 914 5806 Cotclcrius
949 5752 986 5806 Ι.
1019 5767 1068 5806 c.
