4048 6222
438 268 465 323 ι
474 267 580 325 055

437 380 621 434 anima
643 381 944 437 ordiamur.
964 384 1257 442 Considera
1280 387 1464 456 igitur,
1486 389 1737 455 obsecro,
1759 393 2016 461 teipsnm,

437 477 493 521 et
538 471 774 527 neminis
820 474 1086 530 adhibens
1132 479 1554 545 expositionem,
1586 497 1693 551 qua
1740 484 1808 537 de
1852 484 2019 539 totius

442 561 812 620 universitatis
840 568 1057 634 opificio
1086 570 1424 625 conditorem
1471 573 1790 645 investiges,
1838 577 1891 630 in
1939 584 2019 631 te-

441 660 695 727 metipso,
730 663 875 716 velut
915 665 968 717 in
996 680 1163 733 parvo
1185 669 1410 735 mundo,
1444 671 1770 728 ineffabilem
1808 673 1898 730 Dei
1930 691 2020 731 sa-

440 750 699 822 pientiam
752 756 1070 825 perspicies.
1120 758 1297 830 Atque
1359 774 1485 818 ante
1535 767 1719 819 omnia
1767 767 2021 837 incorpo-

442 859 593 898 reum
654 861 775 902 esse
839 850 968 903 mihi
1025 852 1309 908 considera
1368 855 1557 921 Deum,
1604 872 1669 912 ex
1713 867 1802 912 tua
1845 859 2019 928 ipsius

442 936 762 1005 incorporea
806 942 1012 1005 anima,
1048 945 1198 1000 nullo
1232 946 1705 1018 circumscriptum
1748 951 1891 1015 loco,
1945 952 2020 1006 si—

441 1027 659 1098 quidem
718 1047 895 1100 neque
938 1051 1092 1092 mens
1126 1047 1311 1093 nostra
1361 1041 1511 1108 prius
1570 1042 1732 1095 habet
1789 1044 2019 1098 localem

440 1120 1027 1189 circumscriptionem,
1061 1128 1155 1183 sed
1193 1145 1287 1198 per
1308 1134 1553 1200 corporis
1572 1132 2016 1203 conjunctionem

441 1210 494 1265 in
528 1212 649 1267 loco
673 1225 776 1269 est.
812 1216 1068 1273 Eamdem
1113 1220 1553 1291 inaspectahilem
1605 1240 1726 1279 esse
1763 1225 2019 1283 fateberis

440 1318 505 1355 ex
539 1304 727 1358 eadem
775 1306 1010 1377 imagine
1053 1312 1473 1369 ratiocinatione
1505 1316 1668 1372 ducta
1705 1336 1717 1371 :
1754 1333 1873 1373 sese
1909 1334 2018 1373 non

442 1395 819 1463 subjicientem
866 1402 1049 1456 carnis
1085 1402 1282 1469 oculis,
1311 1422 1417 1459 non
1454 1408 1655 1474 colore,
1682 1424 1789 1463 non
1822 1410 2017 1475 forma,

442 1501 620 1555 neque
648 1488 751 1542 alia
776 1492 1010 1558 quadam
1049 1497 1319 1562 corporali
1354 1499 1524 1567 lignra
1556 1515 1889 1569 expressam,
1926 1503 2018 1556 sed

441 1591 506 1630 ex
530 1578 841 1634 ellicacitate
866 1597 987 1645 sua,
1014 1598 1187 1653 eaque
1213 1588 1328 1640 sola
1352 1591 1647 1655 cognitam.
1678 1590 2022 1662 Quapropter

442 1685 510 1723 ne
535 1673 584 1723 in
620 1670 731 1725 Deo
757 1674 973 1741 quidem
1004 1692 1123 1729 eam
1148 1693 1271 1746 qum
1306 1682 1363 1732 lit
1386 1696 1482 1749 per
1518 1684 1727 1749 oculos,
1760 1686 2016 1739 conside-

441 1762 709 1816 rationem
739 1764 911 1833 ipsius
938 1777 1146 1822 naturae
1178 1772 1430 1838 quierim,
1472 1775 1576 1829 nisi
1622 1783 1894 1844 quatenus
1921 1793 2018 1846 per

441 1852 731 1907 obscuram
760 1861 1053 1925 quamdam
1088 1861 1315 1918 ulterius
1348 1867 1698 1935 progrediare
1729 1867 2018 1922 demissio-

442 1958 587 2004 nent,
607 1954 661 1999 et
677 1945 748 1999 ita
772 1948 988 2017 quidem
1014 1959 1070 2003 ut
1092 1967 1199 2005 non
1220 1953 1308 2006 liat
1327 1958 1428 2009 hoc
1448 1968 1601 2009 extra
1647 1958 2011 2012 velamentum

439 2037 680 2105 aliquod.
726 2037 911 2110 Neque
968 2043 1111 2096 enim
1159 2044 1227 2097 ab
1273 2045 1406 2114 ipsis
1463 2047 1681 2116 quidem
1734 2049 2016 2105 cherubim

441 2128 655 2181 ratione
683 2141 891 2185 naturae
928 2134 1193 2199 cernitur,
1239 2136 1544 2204 objectione
1577 2139 1785 2193 alarum
1826 2142 2019 2194 obum-

441 2219 727 2275 brantibus
781 2221 996 2289 faciem,
1042 2238 1326 2296 propterea
1381 2232 1526 2299 quod
1576 2233 1695 2301 ejus
1754 2234 1857 2303 ipsi
1908 2251 2019 2291 non

440 2310 551 2364 sint
577 2326 825 2381 capaces.
857 2313 1093 2371 Proinde
1118 2321 1281 2375 menti
1309 2330 1363 2375 et
1387 2321 1507 2377 ﬁdei
1542 2326 1807 2392 permissa
1836 2327 2018 2382 consi.

438 2401 740 2469 deratione,
794 2404 888 2459 Dei
939 2410 1332 2477 contemplator
1362 2412 1491 2477 eris,
1546 2414 1737 2469 videns
1784 2425 2018 2485 tantum,

438 2501 702 2561 quantum
756 2499 1048 2554 recesseris
1073 2500 1142 2554 ab
1183 2500 1285 2557 hac
1325 2518 1510 2559 crassa
1540 2505 1663 2561 vitae
1702 2510 1932 2575 ratione,
1966 2519 2021 2565 et

438 2581 507 2635 ad
531 2583 869 2652 spiritualem
900 2590 1221 2655 accesseris,
1268 2593 1569 2651 admiratus
1599 2597 1770 2667 ipsius
1798 2600 2019 2669 sapien-

440 2673 569 2727 tiam
605 2677 926 2745 :quomodo
956 2682 1205 2737 videlicet
1240 2686 1478 2740 animam
1536 2688 1739 2744 inserat
1778 2692 2016 2761 corpori,

440 2778 614 2833 usque
664 2769 732 2823 ad
782 2773 1157 2830 extremitates
1204 2776 1327 2844 ejus
1373 2779 1672 2837 extendens
1717 2782 1914 2851 ipsam,
1966 2792 2020 2839 et

438 2858 736 2927 plurimum
789 2864 932 2917 inter
979 2880 1039 2919 se
1080 2867 1402 2923 dissidentia
1443 2872 1686 2925 membra
1737 2874 1804 2927 ad
1851 2890 2013 2928 unam

439 2952 596 3017 quasi
634 2955 1097 3022 conspirationem
1128 2973 1193 3011 ac
1221 2960 1535 3015 societatem
1575 2963 1797 3018 ducens.
1821 2964 2021 3022 Consi-

438 3039 571 3093 dera
611 3042 767 3105 mihi,
800 3045 1074 3111 quodnam
1115 3047 1185 3100 ab
1230 3048 1410 3102 anima
1446 3050 1597 3103 carni
1647 3052 1777 3106 insit
1826 3054 2016 3120 robur,

437 3140 492 3184 ct
519 3147 767 3199 quaenam
802 3148 830 3186 a
869 3149 1035 3189 carne
1074 3138 1140 3191 ad
1189 3139 1429 3193 animam
1468 3141 1777 3197 reﬂectatur
1805 3144 2017 3202 aﬂectio

439 3232 649 3276 mutua.
676 3223 963 3289 Quomodo
995 3229 1153 3297 quasi
1187 3245 1347 3285 suum
1374 3233 1570 3289 el‘liciat
1603 3251 1668 3290 ex
1698 3236 2015 3307 incorporea

438 3313 547 3367 vita
584 3330 805 3384 corpus,
832 3327 885 3372 et
916 3320 1186 3389 particeps
1239 3324 1488 3379 dolorum
1524 3342 1590 3382 ex
1638 3344 1870 3398 corpore
1901 3334 2013 3396 liat,

439 3404 556 3473 ipsa
589 3408 838 3476 corporis
865 3423 1077 3480 expers.
1108 3412 1395 3478 Quomodo
1443 3418 1547 3473 hoc
1590 3420 1739 3480 laeso.
1768 3423 1856 3478 illa
1901 3426 2010 3479 cla-

440 3502 570 3556 met,
610 3500 883 3561 quomodo
930 3500 1019 3555 illa
1063 3501 1295 3557 feliciter
1351 3516 1565 3576 agente,
1615 3526 1816 3580 corpus
1860 3529 2019 3583 vege-

441 3593 557 3640 tum
604 3589 695 3653 sit,
722 3598 775 3644 et
813 3591 1097 3659 pulchrius
1146 3596 1362 3650 evadat.
1417 3597 1462 3651 Ο
1512 3601 1829 3667 praeclaram
1879 3619 2017 3658 con-

433 3677 796 3748 junctionem,
828 3697 862 3737 o
895 3684 1271 3739 admirabilem
1299 3687 1578 3755 unionem,
1616 3705 1650 3744 ο
1692 3693 2014 3761 sapientiam

437 3770 559 3840 ejus
607 3773 700 3842 qui
750 3774 951 3828 umvit!
995 3774 1131 3842 Quis
1177 3778 1322 3831 enim
1373 3781 1555 3849 eloqui
1607 3793 1792 3851 queat,
1828 3787 2017 3854 quales

418 3850 613 3929 penus
646 3864 915 3933 quasique
942 3866 1249 3920 conditoria
1299 3850 1710 3938 disciplinarum
1752 3886 1816 3927 ea
1845 3850 2016 3928 l'abri-

439 3955 665 4018 caverit,
736 3971 804 4009 ne
851 3956 1220 4013 obscurentur
1271 3969 1453 4014 vetera
1501 3976 1595 4027 per
1646 3965 2012 4033 cognitionem

439 4057 630 4096 eorum
661 4057 784 4111 qua:
811 4056 1005 4113 praeter
1036 4045 1127 4099 illa
1168 4049 1537 4118 reperiuntur,
1564 4065 1696 4105 neve
1724 4061 2017 4108 arceantur

438 4136 625 4205 aliquo
660 4145 814 4204 septo
842 4152 1033 4190 eorum
1069 4154 1192 4208 qua:
1223 4140 1467 4209 quotidie
1508 4143 1824 4211 audiuntur,
1878 4160 2017 4215 quo-

440 4226 624 4280 minus
649 4235 887 4295 exponat
913 4227 1072 4283 hodie
1102 4230 1225 4297 quis
1259 4238 1384 4284 ante
1412 4231 1806 4303 quinquaginta
1843 4250 2016 4293 annos

438 4318 687 4372 auditum
734 4334 1076 4384 sermonem,
1127 4321 1221 4376 sed
1270 4321 1557 4380 distinctas
1602 4334 1657 4379 et
1699 4325 2018 4383 inconfusas

439 4409 648 4464 servari
692 4410 1099 4466 recordationes
1146 4412 1527 4477 institutionis,
1578 4418 1728 4471 velut
1778 4418 1831 4472 in
1883 4435 2017 4476 saxo

440 4502 722 4571 sculptas"
763 4501 1050 4566 Quomodo
1096 4506 1161 4557 ad
1199 4506 1447 4560 carnales
1480 4508 1726 4565 residens
1767 4510 2016 4579 allectus,

438 4595 672 4665 propriae
695 4594 1117 4663 pulchritudinis
1144 4596 1331 4650 ﬂorem
1363 4599 1596 4663 amittat,
1620 4608 1674 4654 et
1695 4602 1814 4657 vice
1838 4618 2015 4669 versa,

439 4687 738 4755 profectam
773 4702 804 4741 a
842 4687 1137 4742 vitiositate
1169 4690 1555 4758 turpitudinem
1590 4692 1787 4747 virtute
1821 4710 2016 4762 repur-

437 4794 593 4848 gans,
629 4787 877 4832 recurrat
917 4780 983 4832 ad
1042 4780 1454 4835 similitudinem
1498 4785 1783 4837 creatoris.
1836 4782 2020 4854 lnqnit

437 4869 581 4922 enim
610 4870 725 4937 ipse
771 4871 824 4924 in
868 4871 1166 4942 Evangelia
1202 4888 1216 4924 :
1248 4872 1411 4925 Amen
1452 4873 1570 4927 dico
1616 4874 1781 4942 vobis,
1825 4877 1871 4930 si
1912 4878 2017 4931 duo

439 4974 599 5027 super
630 4969 823 5012 terram
858 4962 1219 5016 consenserint
1254 4964 1309 5015 in
1335 4963 1473 5016 idem
1500 4964 1545 4995 ⁸ο
1568 4983 1581 5031 ;
1605 4967 1843 5021 animam
1878 4969 2017 5023 indi-

440 5062 572 5102 cans
602 5056 659 5101 et
690 5063 911 5115 corpus,
941 5050 1219 5106 dominam
1247 5064 1300 5107 et
1340 5051 1634 5117 famulam;
1663 5056 1708 5107 si
1740 5072 2017 5112 consense-

440 5137 549 5187 r.‘nt
574 5150 631 5187 ιη
657 5133 794 5186 idem
826 5149 842 5185 :
870 5150 999 5189 caro
1037 5139 1257 5205 quidem
1309 5139 1575 5205 serviens,
1609 5143 1789 5196 anima
1836 5154 2016 5199 autem

440 5225 495 5280 in
526 5227 728 5280 virtute
754 5238 1079 5294 progressns
1119 5228 1255 5282 facie
1296 5245 1343 5290 s.
1382 5246 1449 5285 ne
1496 5232 1660 5285 nimia
1699 5235 2019 5291 austeritate

440 5319 700 5389 depressa
739 5325 994 5388 gravetur
1038 5326 1092 5372 et
1135 5319 1412 5375 laboribus
1456 5324 1729 5378 renuntiet
1761 5325 1965 5382 famula
2002 5346 2016 5383 :

444 5422 621 5479 neque
650 5409 770 5464 vice
799 5424 956 5465 versa
993 5408 1058 5462 ad
1095 5408 1317 5463 vitiosas
1349 5410 1663 5470 affectiones
1695 5424 1749 5470 et
1772 5416 2019 5487 volupta-

508 5567 554 5600 δ’
583 5566 771 5623 Matth.
801 5584 955 5636 xvnt,
982 5568 1068 5624 l9.

1467 276 1525 332 S.
1566 277 1865 333 (εΑΞδΑιιιι
1905 276 2232 333 GREGORII
2270 277 2573 334 FRATRIS

3572 281 3710 338 1056

2119 392 2287 462 αὑτῆς
2316 394 2416 464 ήδη
2454 394 2555 463 τῆς
2598 394 2774 464 ψυχῆς
2808 396 2857 447 εἰ
2889 390 3003 449 οἷόν
3034 415 3125 463 τε,
3166 396 3563 469 ἀπαρξώμεθα.
3599 397 3710 452 θέα

2123 501 2213 553 μοι
2260 484 2439 539 τοίνυν
2474 485 2702 549 σαυτὸν,
2738 486 2833 538 καὶ
2885 488 3098 551 οὐδενὸς
3152 490 3336 559 δεήσει
3366 490 3431 541 ἐκ
3464 488 3571 557 τῆς
3599 488 3711 541 τῶν

2119 576 2256 629 ὅλων
2285 578 2629 648 κατασκευῆς
2661 579 2752 631 τὸν
2782 580 3126 652 Δημιουργὺν
3161 581 3479 651 ἐξιχνεύειν,
3514 580 3628 633 ἀλλ’
3655 583 3713 632 ὲν

2121 666 2306 736 σαυτῷ
2338 669 2501 721 οἱονεὶ
2552 670 2610 722 ἐν
2669 669 2862 741 βραχεῖ
2896 672 3088 742 κόσμῳ
3133 672 3232 744 τὴν
3270 674 3553 743 ἄφραστον
3581 689 3716 724 κατ-

2119 754 2239 825 όψει
2274 756 2369 810 τοῦ
2394 757 2529 811 Θεοῦ
2562 758 2773 827 σοφίαν.
2801 760 2909 812 Καὶ
2936 759 3044 831 πρό
3072 776 3135 829 γε
3164 760 3441 818 ἁπάντων.
3478 756 3715 826 ἀσώμα-

2119 848 2210 900 τόν
2262 865 2350 917 μοι
2390 848 2500 901 νόει
2543 848 2605 900 τὸ
2636 849 2789 903 Θεῖον
2850 851 2917 902 ἐκ
2949 850 3051 920 τῆς
3086 850 3251 904 αὑτοῦ
3281 848 3579 918 ἀσωμάτου
3606 848 3715 915 ttu-

2119 942 2256 1010 χῆς,
2291 940 2479 1011 μηδενί
2524 944 2997 1013 περιγραφόμενον
3030 943 3212 1014 τόπῳο
3263 942 3384 996 ἐπεὶ
3416 942 3529 995 οὐδ’
3566 940 3716 1011 ἡμέ-

2119 1048 2275 1102 τερος
2302 1032 2426 1095 νοῦς
2454 1035 2874 1105 προηγουμένην
2903 1035 3015 1105 ἔχει
3043 1036 3141 1105 τὴν
3173 1038 3231 1087 ἐν
3255 1036 3404 1102 τόπῳ
3435 1050 3713 1104 περιγρα-

2121 1122 2227 1193 φὴν
2251 1164 2265 1187 ,
2299 1123 2435 1177 ἀλλά
2460 1124 2549 1177 διὰ
2580 1126 2679 1197 τῆς
2708 1125 2802 1178 τοῦ
2849 1125 3099 1197 σώματος
3136 1125 3431 1194 συναφείας
3462 1127 3521 1178 ἐν
3555 1125 3714 1193 τόπῳ

2119 1214 2347 1282 γίνεται.
2392 1215 2644 1286 Ἀόρατον
2687 1216 2951 1287 ὑπάρχειν
2996 1218 3248 1288 ὁμολόγει
3302 1217 3367 1268 ἐκ
3399 1217 3497 1286 τῆς
3536 1217 3716 1284 αὐτῆς

2120 1306 2329 1370 εἰκόνος
2397 1309 2834 1379 τεκμαιρόμενος
2866 1348 2883 1373 ,
2942 1309 3017 1379 μὴ
3093 1309 3423 1362 ὑπείκουσαν
3500 1307 3717 1377 σαρκὸς

2120 1396 2417 1468 ὀφθαλμοῖς
2436 1438 2449 1461 .
2479 1400 2540 1452 οὐ
2568 1400 2842 1471 χρώματι,
2877 1402 2939 1453 οὑ
2976 1402 3236 1471 σχήματι,
3264 1398 3372 1453 οὐδ’
3397 1398 3571 1469 ἑτέρῳ
3600 1399 3716 1448 τινὶ

2121 1488 2428 1559 χαρακτῆρι
2475 1491 2773 1562 σωματικῷ
2814 1492 3292 1563 ἀπεικαζομένην,
3339 1489 3454 1545 ἀλλ’
3488 1491 3554 1541 ἐκ
3606 1490 3713 1558 τῆς

2122 1579 2402 1650 ἐνεργείας
2432 1583 2525 1635 καὶ
2574 1584 2742 1653 μόνης
2781 1582 3212 1655 γνωριζομένην.
3250 1584 3409 1635 Ὥστε
3452 1580 3577 1651 μηδ’
3616 1580 3717 1631 ἐπὶ

2123 1669 2258 1723 Θεοῦ
2299 1670 2451 1743 ζήτει
2482 1672 2579 1743 τὴν
2609 1674 2677 1726 δι’
2700 1674 2995 1744 ὀφθαλμῶν
3038 1674 3362 1744 κατανόησιν
3395 1671 3565 1725 αὑτοῦ
3605 1670 3716 1738 τῆς

2123 1760 2377 1829 φύσεως,
2425 1763 2565 1834 πλὴν
2612 1764 2859 1836 ἀμυδρᾶς
2914 1766 3102 1837 πρόσω
3132 1764 3297 1836 χώρει
3349 1761 3715 1830 συγκαταϐάο

2124 1869 2297 1917 σεως,
2326 1855 2420 1908 καὶ
2465 1854 2637 1919 οὑτως
2683 1857 2784 1909 οὑκ
2820 1857 2925 1921 ἔξω
2972 1857 3118 1919 τινὸς
3179 1855 3711 1924 παραπετάσματος.

2123 1942 2247 1995 Οὐδ’
2277 1946 2465 2006 αὐτοῖς
2495 1945 2604 2017 γὰρ
2652 1948 2794 2000 κατά
2825 1947 2987 2016 φύσιν
3031 1948 3222 2016 ὁρᾶται
3257 1947 3371 2007 τοῖς
3398 1942 3710 2013 Χερουϐὶμ,

2118 2036 2185 2103 τῇ
2218 2035 2455 2107 προϐολῇ
2490 2036 2600 2089 τῶν
2649 2039 2938 2111 πτερύγων
2994 2037 3368 2108 σκιαζομένων
3412 2036 3515 2105 τὴν
3558 2034 3715 2102 ww,

2119 2131 2208 2185 διὰ
2235 2131 2296 2184 τὸ
2329 2127 2616 2199 ἀχώρητον
2641 2132 2831 2200 αὐτῆς.
2856 2132 2935 2202 Τῇ
2960 2131 3168 2201 διανοίᾳ
3188 2129 3368 2182 τοίνυν
3397 2127 3491 2180 καὶ
3521 2127 3712 2179 πίστει

2121 2224 2422 2295 ἐπιτρέψας
2472 2225 2572 2294 τὴν
2617 2223 2943 2293 κατανόησιν
2968 2260 2984 2284 ,
3021 2220 3120 2293 ἔσῃ
3150 2219 3383 2288 θεόπτης
3426 2217 3708 2280 τοσοῦτον,

2120 2316 2243 2369 ὅσον
2282 2315 2489 2384 ἀπέϐης
2523 2315 2621 2383 τῆς
2656 2313 2850 2383 ὑλικῆς
2883 2313 3159 2373 πολιτείας
3188 2311 3281 2364 καὶ⁵
3312 2308 3520 2378 ἐπέϐης
3552 2325 3713 2360 πνευ-
3766 2336 3769 2337 ν

2124 2408 2357 2477 ματικῆς
2383 2446 2398 2469 ,
2438 2404 2735 2473 θαυμάζων
2788 2404 2953 2457 αὑτοῦ
3012 2404 3111 2474 τὴν
3154 2401 3345 2470 σοφίαν
3376 2414 3391 2428 ⁸
3436 2399 3555 2460 πῶς
3605 2399 3711 2499 τὴν

2118 2499 2296 2569 ψυχὴν
2331 2498 2573 2569 ἐγκρίνει
2619 2497 2695 2567 τῷ
2752 2496 2966 2567 σώματι
3018 2495 3178 2565 μέχρι
3230 2491 3483 2562 περάτων
3537 2490 3713 2542 αὑτοῦ

2118 2590 2318 2659 διάγων
2348 2590 2516 2660 αὐτὴν
2543 2632 2557 2656 ,
2608 2588 2704 2642 καὶ
2736 2588 2804 2640 τὰ
2857 2586 3126 2638 πλείστων
3166 2584 3278 2654 (9‘2)
3339 2581 3586 2651 ἀλλήλων
3623 2580 3710 2632 δι-

2120 2683 2332 2736 εστῶτα
2386 2682 2555 2753 μέλη,
2590 2679 2726 2752 πρὸς
2769 2678 2895 2749 μίαν
2924 2677 3229 2748 σύμπνοιαν
3278 2674 3372 2727 καὶ
3420 2670 3711 2726 κοινωνίαν

2119 2773 2288 2843 ἄγων.
2323 2774 2523 2827 Σκόπει
2550 2771 2607 2825 δέ
2645 2789 2732 2841 μοι
2768 2770 2851 2833 τίς
2880 2772 2913 2839 ἡ
2964 2769 3075 2822 ἀπὸ
3101 2766 3201 2836 τῆς
3222 2766 3402 2836 ψυχῆς
3439 2767 3507 2835 τῇ
3540 2764 3710 2835 σαρκὶ

2120 2865 2436 2929 ὲνιζάνουσα
2466 2862 2623 2935 ῥώμη
2649 2879 2662 2892 ⁸
2693 2860 2777 2923 τίς
2802 2860 2845 2913 δ’
2878 2863 2911 2928 ἠ
2956 2859 3063 2955 ἀπὸ
3087 2858 3189 2927 τῆς
3221 2856 3422 2955 σαρκὸς
3458 2860 3525 2955 τῇ

2118 2954 2480 3025 ἀνακλωμένη
2523 2951 2859 3024 συμπάθεια.
2898 2950 3023 3013 Πῶς
3069 2947 3447 3019 σφετερίζεται
3496 2949 3561 2999 ἐκ
3604 2947 3711 3013 τῆς

2124 3045 2419 3116 ἀσωμάτου
2458 3044 2604 3114 ζωῆς
2650 3040 2712 3095 τὺ
2769 3042 2964 3113 σῶμα,
3000 3041 3370 3110 ἀναμάττεται
3410 3037 3467 3090 δὲ
3512 3039 3578 3089 ἐκ
3608 3035 3716 3087 τοῦ

2126 3135 2378 3206 σώματος
2406 3135 2709 3205 ἀλγηδόνας
2734 3137 2767 3202 ὴ
2793 3132 3101 3203 ἀσώματος.
3135 3132 3258 3195 Πῶς
3280 3130 3463 3182 τούτου
3489 3125 3718 3188 αἰκιζο-

2129 3229 2289 3299 μένου
2330 3228 2512 3297 ἐκείνη
2545 3226 2643 3297 βοᾷ
2664 3242 2679 3257 ο
2718 3225 2834 3288 πῶς
2875 3224 3091 3294 ἐκείνης
3115 3218 3527 3323 εὑδαιμονούσης
3550 3215 3709 3323 aii-:3

2127 3321 2329 3390 σφριγᾷ
2358 3321 2453 3372 καλ⁸
2496 3318 2811 3388 ὡραϊζεται.
2849 3317 2913 3368 Ὢ
2944 3316 3042 3388 τῆς
3070 3315 3240 3385 καλῆς
3273 3310 3557 3412 συναφείας
3575 3347 3598 3412 .,

2122 3412 2221 3483 τῆς
2260 3409 2643 3481 θαυμαστικῆς
2678 3406 2956 3471 ἐνώσεως,
2993 3405 3038 3458 ὦ
3082 3406 3181 3475 τῆς
3211 3403 3399 3471 σοφίας
3435 3400 3529 3452 τοῦ
3573 3400 3717 3451 ἐνώ-

2126 3519 2340 3566 σαντος.
2357 3504 2453 3565 Τίς
2482 3501 2589 3572 γὰρ
2615 3494 2727 3562 οἰός
2747 3516 2805 3551 τε
2827 3498 2999 3567 φῆσαι
3030 3499 3157 3548 ποῖα
3182 3496 3404 3563 ταμιεῖα
3433 3492 3553 3563 ῆτοι
3573 3492 3715 3543 ἀπο-

2125 3596 2297 3664 θήκας
2328 3592 2438 3646 τῶν
2479 3590 2819 3663 μαθημάτων
2864 3588 3002 3657 αὕτη
3049 3586 3410 3656 ἐτεκτήνατο,
3444 3582 3589 3634 ὥστε
3631 3580 3711 3651 μὴ

2126 3682 2624 3738 ἐπισκοτεῖσθαιτά
2656 3683 2822 3736 πάλαι
2872 3683 2939 3750 τῇ
2968 3678 3165 3747 γνώσει
3197 3678 3303 3730 τῶν
3337 3676 3707 3738 ἐπεισάκτων,

2128 3775 2249 3846 μηδ’
2276 3773 2557 3845 εἴργεσθαί
2588 3791 2695 3826 τινι
2744 3772 3118 3842 διαφράγματι
3148 3768 3256 3821 τῶν
3289 3767 3533 3835 ἑκάστης
3570 3764 3714 3835 ὴμέ-

2127 3885 2226 3939 ρας
2253 3866 2617 3937 ἀκουομένων.
2639 3867 2877 3935 (τήμερον
2900 3863 3232 3930 ἀπαγγεῖλαι
3261 3860 3349 3913 τὸν
3374 3858 3484 3928 πρὸ
3510 3856 3715 3926 πεντήο

2123 3976 2289 4012 κοντα
2346 3959 2553 4030 χρόνων
2618 3957 2953 4011 ἀκουσθέντα
3006 3954 3163 4022 λόγον
3200 3970 3213 3983 ³
3265 3951 3380 4005 ἀλλ’
3429 3950 3714 4019 εύκρινεῖς

2122 4050 2217 4103 καὶ
2243 4048 2579 4119 ἀσυγχύτους
2610 4048 2804 4112 σώζειν
2828 4048 2928 4109 τὰς
2955 4047 3176 4117 μνήμας
3208 4043 3308 4111 τῆς
3345 4040 3709 4101 παιδεύσεως,

2122 4142 2284 4194 οἱονεὶ
2314 4144 2370 4194 ἐν
2404 4142 2580 4212 πέτρᾳ
2607 4139 3046 4211 κεχαραγμένας.
3070 4136 3193 4198 Πῶς
3216 4136 3273 4187 δὲ
3304 4132 3442 4205 πρὸς
3471 4132 3543 4185 τὰ
3576 4148 3715 4200 σαρ-

2124 4232 2256 4285 κικά
2313 4230 2766 4283 ὑπολισθαίνουσα
2819 4228 2966 4297 πάθη
3002 4227 3062 4279 τὸ
3106 4228 3303 4278 οἰκεῖον
3344 4221 3713 4284 ἀπανθίζεται

2124 4322 2355 4385 κάλλος·
2405 4322 2569 4376 πάλιν
2616 4321 2672 4374 δὲ
2731 4320 2793 4373 τὸ
2835 4320 2943 4373 ἀπὸ
3016 4317 3216 4379 κακίας
3288 4310 3477 4383 αἶσχος
3537 4310 3711 4383 ἀρετὴ

2123 4414 2515 4485 καθαιρομένη,
2550 4412 2683 4483 πρὸς
2718 4410 2821 4481 τὴν
2857 4409 3115 4480 ὁμοίωσιν
3149 4406 3435 4476 ἀνατρέχει
3461 4402 3559 4455 τοῦ
3589 4401 3711 4454 κτί-

2121 4520 2334 4566 σαντος.
2386 4502 2558 4564 Αὐτὸς
2603 4503 2712 4572 γὰρ
2771 4502 2829 4552 ἐν
2875 4498 3228 4565 Εὑαγγελίοις
3281 4494 3479 4563 φησίν’
3520 4493 3712 4559 Ἀμὴν

2115 4597 2271 4666 λέγω
2298 4595 2440 4665 ὑμῖν
2459 4634 2473 4657 ,
2503 4594 2610 4648 ἐὰν
2635 4592 2743 4646 δύο
2778 4592 2878 4644 ἐπὶ
2904 4590 3013 4658 τῆς
3063 4589 3177 4659 γῆς
3206 4584 3710 4656 συμφωνήσωσιν

2115 4688 2215 4741 ἐπὶ
2246 4688 2313 4741 τὸ
2339 4686 2483 4741 αὐτὸ
2524 4686 2645 4756 (τὴν
2670 4684 2850 4754 ψυχὴν
2876 4683 3155 4753 ἐμφαίνων
3182 4681 3275 4733 καὶ
3301 4678 3359 4730 τὸ
3390 4677 3572 4748 σῶμα,
3602 4677 3701 4744 τὴν

2118 4780 2314 4851 κυρίαν
2348 4778 2441 4832 καὶ
2480 4775 2579 4846 τὴν
2621 4776 2886 4844 οἰκέτιν),
2927 4773 3037 4826 ἐὰν
3080 4768 3581 4841 συμφωνήσωσιν
3608 4764 3708 4818 ἐπὶ

2119 4871 2185 4925 τὸ
2212 4869 2379 4935 αὐτὸ,
2414 4871 2446 4939 ἡ
2480 4868 2581 4939 μὲν
2613 4866 2751 4938 σὰρξ
2788 4865 3132 4927 δουλεύουσα,
3159 4866 3193 4933 ἡ
3226 4861 3283 4914 δὲ
3490 4861 3547 4912 ἐν
3573 4859 3709 4929 ἀρεο

2119 4965 2184 5033 τῇ
2215 4962 2616 5033 προϐαίνουσασ
2651 4961 2798 5021 ὅπως
2836 4957 2911 5028 μὴ
2943 4960 3010 5027 τῇ
3057 4952 3475 5024 ὑπερϐαλλούσῃ
3535 4950 3707 5018 σκληο

2124 5052 2317 5123 ρουχίᾳ
2357 5050 2779 5105 καταπονεῖσθαι
2814 5050 2908 5101 καὶ
2951 5044 3315 5114 ἀπολέγεσθαι
3343 5044 3471 5105 τοὺς
3511 5042 3711 5102 πόνους

2117 5145 2218 5217 τὴν
2244 5145 2443 5198 οἰκέτιν
2469 5162 2481 5176 ο
2538 5146 2661 5216 μήτ’
2688 5139 2755 5198 αὖ
2788 5143 2950 5197 πάλιν
2984 5143 3090 5196 ὑπὸ
3135 5139 3340 5209 ταύτης
3377 5137 3514 5207 πρὸς
3556 5134 3708 5203 πάθη

2122 5237 2216 5289 καὶ
2238 5236 2548 5306 φιληδονίαν
2572 5236 2671 5307 τὴν
2696 5236 2893 5307 κυρίαν
2928 5230 3365 5302 καταφέρεσθαι·
3397 5228 3536 5282 ἀλλά
3569 5242 3711 5295 συμ-

2126 5327 2319 5398 φώνως
2346 5328 2424 5400 τῷ
2457 5328 2556 5399 ῐσῳ
2582 5328 2681 5399 τῆς
2709 5328 2911 5400 ἀρετῆς
2936 5326 3121 5380 κανόνι
3156 5321 3568 5394 συμπαραθέειν
3615 5318 3712 5371 ἁλ-

2123 5418 2335 5489 λήλοις,
2361 5419 2454 5473 καὶ
2480 5414 3105 5489 συμπαρέπεσθαι.⁹Εὰν
3126 5407 3712 5483 τὰρσνμερωνήσωσι

518 5714 630 5787 (92)
685 5716 794 5773 Καὶ
840 5718 909 5775 τὰ
952 5720 1280 5778 πλείστων.
1328 5720 1583 5780 Libenter
1634 5721 2013 5793 rescripscrim

2121 5723 2309 5781 εἰστον.
2348 5724 2505 5782 Enn.
