3996 6202
276 273 302 321 1
311 266 415 322 057

275 388 349 441 τὰ
375 387 489 439 δύο
515 386 736 452 ταῦτα,
767 387 800 457 ἢ
830 405 888 440 τε
905 387 1051 460 ψυχὴ
1078 389 1173 444 καὶ⁵
1204 391 1266 445 τὸ
1302 392 1461 464 σῶμα
1486 437 1500 456 ,
1539 395 1670 462 περὶ
1705 409 1854 448 παι·-

276 480 379 543 τὸς
405 473 476 532 οὗ
505 477 614 531 ἐὰν
643 477 1003 545 αιτήσωνται
1022 521 1037 544 ,
1069 485 1391 551 γενήσεται
1418 485 1624 551 αὐτοῖς
1641 525 1656 548 ,
1688 489 1854 556 φησιν

273 571 303 622 6
350 568 570 640 Κύριος.
615 570 678 622 Ei
727 570 826 639 μὲν
877 573 1009 644 παρ’
1057 573 1222 628 αὑτοῦ
1269 576 1530 648 αἰτοῦμεν
1556 619 1573 644 ,
1610 579 1852 650 δηλονότι

272 659 489 728 ἀγαθά,
522 661 831 730 γενήσεται.
875 662 938 715 El
971 664 1029 717 δὲ
1076 663 1155 734 τῷ
1188 665 1420 738 διαϐόλῳ
1458 669 1526 722 δι’
1557 669 1854 738 ἀμελεστέ-

275 767 370 820 ρου
419 752 512 804 καὶ
554 753 836 822 ὲμπαθοῦς
890 753 1004 824 βίου
1043 758 1557 828 προσχωρήσωμεν,
1589 760 1728 831 ὅπερ
1761 777 1852 829 μοι

270 843 421 896 δοκεῖ
455 843 674 913 αἴτησιν
705 843 970 916 ὑπάρχειν
995 847 1057 900 τὸ
1079 849 1353 920 ὑπόφορον
1393 847 1543 919 αὒτῷ
1577 849 1847 918 γίνεσθαι,

271 935 465 989 σκολιά
498 937 717 1000 πάντως
744 937 1079 1010 ἁποὸήσεται
1107 941 1239 1011 ἡμῖν
1270 943 1366 995 καὶ
1399 941 1610 1012 χαλεπὰ
1631 941 1700 996 τὰ
1729 943 1851 995 ἐπι-

269 1027 607 1098 τηδεύματα.

1689 275 2040 335 DIALOGUS
2079 277 2165 335 ΙΙΙ.

3403 297 3543 356 1058

1967 407 2073 454 tem
2109 416 2206 470 per
2242 401 2386 456 hanc
2414 401 2699 472 deiiciatur
2723 405 2964 471 domina,
3009 407 3104 462 sed
3154 417 3211 464 ut
3239 425 3364 467 cum
3401 431 3541 471 cou-

1963 507 2127 547 sensu
2160 493 2276 560 pari
2309 493 2532 550 virtutis
2572 495 2756 565 regula
2797 496 2940 550 inter
2989 511 3110 553 sese
3155 513 3376 556 currant
3408 520 3538 570 una,

1959 601 2128 654 seque
2183 589 2532 642 comitentur.
2583 586 2727 641 Nam
2775 590 2824 642 si
2857 593 3211 646 consenserint
3259 595 3364 648 ista
3409 595 3536 661 duo,

1959 692 2157 745 nempe
2194 678 2375 730 anima
2409 686 2463 731 et
2507 692 2731 745 corpus,
2775 682 2839 733 de
2871 697 3180 750 quocunque
3219 689 3536 754 togaverint,

1959 765 2225 834 continget
2273 767 2370 828 eis,
2424 765 2600 834 inquit
2642 765 2924 834 Dominus,
2976 772 3246 840 siquidem
3299 775 3368 828 ab
3421 775 3540 843 ipso

1958 855 2298 925 petierimus,
2336 855 2477 910 bona
2514 857 2780 920 videlicet,
2822 860 3153 930 contingent.
3191 861 3248 916 Si
3292 877 3420 918 vero
3446 878 3541 932 per

1958 946 2406 1015 negligentiorem
2439 955 2495 1000 et
2527 945 2709 1015 pravis
2736 947 3018 1005 affectibus
3047 952 3339 1006 obnoxiam
3368 953 3534 1008 vitam

1957 1034 2024 1088 ad
2059 1035 2332 1088 diabolum
2369 1037 2756 1090 recesserimus
2804 1055 2818 1091 :
2873 1038 2923 1091 id
2967 1041 3112 1109 quod
3163 1041 3292 1094 mihi
3328 1043 3539 1097 videtur

269 1137 393 1178 esse
445 1124 634 1193 petitio
678 1141 785 1195 qua
830 1127 952 1197 quis
1001 1129 1049 1184 ei
1099 1129 1423 1186 tributarius
1469 1130 1561 1186 fiat
1594 1147 1609 1185 :
1641 1130 1866 1185 omnino
1917 1131 2230 1199 perplexum
2288 1131 2568 1185 habebunt
2611 1141 2666 1186 et
2706 1132 2976 1188 diﬂirilem
3029 1135 3235 1190 exitum
3286 1136 3535 1193 instituta

270 1226 482 1272 nostra.

352 1350 643 1422 Ἀψώμεθα
671 1351 871 1414 τοίνυν,
908 1354 956 1405 εί
995 1352 1178 1416 δοκεῖ,
1210 1355 1305 1407 καὶ
1337 1355 1435 1425 τῆς
1463 1353 1555 1408 τοῦ
1596 1352 1847 1425 σώματος

267 1443 617 1512 κατασκευῆς
654 1444 748 1495 καὶ¹
777 1442 1192 1514 διαρθρώσεως,
1230 1443 1599 1514 θαυμάζοντες
1632 1443 1723 1495 τὸν
1755 1461 1845 1496 σο-

161 1533 165 1536 ’
267 1535 368 1602 φὺν
423 1532 517 1587 τοῦ
571 1533 772 1597 παντὸς
808 1535 1164 1606 ἀρχιτέκτονα
1219 1536 1386 1589 Θεόν⁸
1427 1536 1546 1600 πῶς
1589 1535 1847 1606 ἁρμόδιον

267 1625 451 1679 αὐτῶν
498 1624 841 1694 καταγώγιον
871 1629 937 1697 τῇ
973 1626 1164 1697 λογικῇ
1203 1628 1232 1678 6
1280 1627 1672 1699 ἀριστοτέχνης
1711 1626 1847 1679 ἐδεί-

268 1735 430 1789 ματο,
468 1717 562 1770 καὶ⁹
587 1717 746 1787 μόνον
779 1717 887 1770 τῶν
918 1718 1011 1771 ὑπ’
1049 1719 1277 1790 οὑρανδν
1320 1718 1495 1783 ζώων,
1538 1718 1718 1788 ὄρθιον
1755 1718 1846 1771 τὸν

263 1809 553 1880 ἄνθρωπον
581 1810 906 1880 παρήγαγεν
930 1848 946 1872 ,
987 1809 1048 1874 ἐξ
1077 1809 1242 1863 αὑτοῦ
1277 1809 1545 1863 παιδεύων
1571 1808 1668 1861 τοῦ
1715 1809 1846 1881 σχή-

269 1917 442 1974 ματος
461 1937 476 1961 ,
513 1900 578 1950 ὲκ
601 1897 702 1967 τῆς
729 1899 840 1952 ἄνω
875 1901 1196 1968 συγγενείας
1220 1900 1365 1971 ἔχειν
1383 1902 1532 1971 ἡμᾶς
1556 1899 1654 1970 τὴν
1678 1899 1844 1971 ζωήν.

264 1992 350 2044 Τὰ
386 1990 493 2062 γάρ
532 1991 702 2058 ἄλογα
732 1991 910 2045 πάντα
939 1991 1089 2045 κάτω
1145 1992 1282 2062 πρὸς
1328 1992 1426 2063 τὴν
1467 1993 1711 2063 γαστέρα
1762 1991 1848 2046 νέ-

262 2099 428 2136 νευκε
447 2099 461 2112 ⁸
494 2081 703 2152 βροτοῖς
726 2080 782 2133 δὲ
819 2083 1000 2152 μόνοις
1027 2082 1302 2152 αὐτοφυὴς
1331 2081 1426 2134 καὶ
1460 2082 1673 2152 ἕτοιμος
1711 2081 1848 2153 πρὸς

263 2172 496 2245 οὐρανὸν
543 2172 872 2242 ἀνάϐλεψις,
926 2172 1067 2226 ὥστε
1122 2172 1197 2245 μὴ
1258 2172 1525 2243 ὑπάρχειν
1566 2172 1847 2243 φιλήδονον

266 2265 406 2335 μηδὲ
454 2264 605 2318 κάτω
653 2264 829 2318 νεύειν
867 2266 979 2328 τοῖς
1023 2265 1250 2318 πάθεσιν
1274 2305 1288 2328 ,
1342 2265 1479 2319 ἀλλὰ
1516 2265 1847 2320 διανεστῶτα

263 2356 536 2427 ὑπάρχειν
570 2357 664 2410 καὶ⁵
693 2357 832 2428 πρὸς
878 2356 946 2410 τὰ
977 2357 1089 2411 ἄνω
1122 2357 1362 2426 βλέπειν,
1391 2357 1534 2428 ἔχειν
1569 2357 1669 2428 τὴν
1694 2357 1848 2429 κίνη⁹

265 2465 376 2501 σιν.
421 2450 650 2502 Ἔπειτα
678 2448 778 2520 τὴν
820 2449 1062 2518 κεφαλὴν
1101 2450 1261 2503 οἱονεὶ
1305 2449 1400 2503 ὲπὶ
1446 2449 1721 2518 γεωλόφου
1753 2448 1844 2503 τοῦ

267 2539 521 2609 σώματος
547 2539 801 2610 θέμενος,
827 2540 886 2593 ἐν
910 2540 1046 2611 αὑτῇ
1074 2541 1172 2605 τὰς
1198 2541 1386 2612 τιμίας
1405 2540 1512 2593 τῶν
1542 2539 1848 2611 αἰσθήσεων

264 2632 652 2704 καθιδρύσατο.
686 2632 789 2685 Τὸν
845 2633 943 2702 μὲν
986 2633 1286 2702 ἐγκέφαλον
1323 2632 1460 2704 μηδὲ
1487 2631 1685 2685 κύλικα
1714 2631 1850 2701 πλη-

270 2724 446 2799 ρῶσαι
479 2722 782 2777 κενωθέντα
808 2723 1036 2777 οἴονται·
1084 2724 1273 2791 σοφίαν
1301 2723 1359 2777 δὲ
1384 2721 1725 2794 Δημιουργοῦ
1759 2739 1853 2774 πε-

266 2816 635 2886 πιστευμένου
668 2815 760 2868 καὶ
791 2813 1007 2868 σύνεσιν
1031 2811 1126 2867 τοῦ
1159 2814 1295 2867 Θεοῦ
1330 2813 1491 2885 βουλῇ
1523 2813 1616 2867 καὶ
1637 2813 1850 2866 συνέσει

263 2906 677 2978 τεκτηναμένου
719 2906 790 2959 τά
815 2906 1127 2976 σύμπαντα.
1155 2904 1278 2958 Ὀτι
1304 2904 1361 2958 δὲ
1391 2905 1482 2958 καὶ
1513 2903 1767 2975 μέγιστόν
1798 2920 1851 2956 τι

266 2999 408 3072 πρὸς
438 2999 499 3052 τὸ
527 2996 628 3070 ζῇν
675 2999 703 3051 ὀ
739 2997 1043 3067 ἐγκέφαλος
1067 3036 1081 3060 ,
1111 2996 1356 3068 ἐναργῶς
1391 2997 1453 3050 τὺ
1497 2995 1555 3062 ἐξ
1602 2995 1851 3058 ἐναντίας

270 3091 570 3158 συμϐαῖνον
594 3089 746 3159 δηλοῖ
768 3105 782 3118 ⁶
814 3091 862 3142 εί
888 3088 997 3160 γὰρ
1023 3087 1227 3160 τρῶσιν
1261 3088 1292 3158 ἢ
1320 3087 1477 3159 ῥῆξιν
1506 3090 1535 3142 ὀ
1572 3087 1849 3160 περιέχων

267 3182 434 3235 αὑτὸν
468 3181 613 3252 ὑμὴν
638 3180 905 3252 ὑποσταίη
926 3221 940 3243 ,
973 3176 1349 3256 αὗθιςὲπεται
1383 3180 1535 3250 παρὰ
1582 3179 1750 3242 πόδας
1781 3182 1846 3251 τῇ

265 3273 470 3346 τρώσει
502 3276 530 3327 6
565 3273 793 3336 θάνατος
815 3314 830 3338 ,
864 3273 984 3326 οὑδὲ
1014 3271 1150 3343 πρὸς
1178 3271 1239 3324 τὸ
1261 3273 1468 3343 ἀκαρὲς
1508 3271 1609 3342 τῆς
1637 3270 1850 3340 φύσεως

267 3364 606 3433 ἀντεχούσης
641 3363 720 3434 τῷ
777 3363 939 3418 πάθει
961 3380 976 3394 ·
1024 3363 1215 3434 ῶσπερ
1251 3365 1307 3416 ὲν
1340 3365 1462 3426 ταῖς
1513 3363 1605 3416 ὑπ’
1634 3363 1849 3434 ἄντροις

264 3454 676 3525 οἰκοδομαῖς,ἢ
720 3455 778 3507 ὲν
812 3457 926 3518 τοῖς
977 3453 1084 3507 τῶν
1141 3453 1381 3523 λουτρῶν
1424 3453 1679 3525 ὀρόφοις,
1713 3455 1741 3506 6
1788 3453 1850 3506 τὸ

264 3547 383 3599 πᾶν
414 3546 514 3613 τῆς
561 3546 849 3617 οἰκοδομῆς
886 3544 1124 3616 συνέχων
1158 3541 1238 3608 εἷς
1287 3543 1520 3614 ὑπάρχει
1555 3547 1848 3615 κορυφαῖος

263 3637 418 3700 λίθος
441 3677 470 3702 ,,
497 3635 970 3707 ὲγκεκροτημένος
995 3635 1074 3706 τῷ
1104 3635 1242 3707 θόλῳ
1268 3678 1284 3702 ,
1310 3635 1368 3688 ὃν
1400 3635 1580 3705 σφῆνα
1616 3636 1665 3688 oi
1699 3637 1847 3689 οίκο-

261 3727 423 3797 δόμοι
456 3727 983 3798 προσαγορεύουσινο
1012 3721 1073 3782 οὗ
1116 3727 1180 3800 δὴ
1229 3727 1616 3800 διαρραγέντος
1647 3727 1680 3799 ἢ
1714 3728 1850 3781 άπο-

263 3820 628 3891 κρουσθέντος
660 3816 817 3883 αὖθις
846 3819 1277 3890 συγκατεσείσθη
1306 3820 1368 3874 τὸ
1397 3821 1536 3873 ὅλον.
1563 3820 1848 3890 Κάμνουσι

259 3910 379 3963 τῶν
430 3911 732 3981 φωστηρωι
778 3912 825 3962 oi
863 3909 1110 3980 μέγιστοι
1143 3909 1330 3975 ’Ἤλιος
1362 3912 1454 3964 καὶ
1504 3911 1743 3983 Σελήνη,
1778 3911 1848 3965 τὰ

260 4000 640 4071 ὑπερουράνια
695 4001 753 4051 ἐν
806 3999 885 4071 τῷ
932 4001 1308 4072 ἡμερονυκτίῳ
1357 4002 1742 4073 παραθέοντες.
1786 4003 1847 4054 '0

258 4089 398 4152 νοῦς
432 4089 477 4142 δ’
513 4091 543 4142 ὁ
590 4090 857 4161 ἡμέτερος
909 4091 967 4143 ἐν
1005 4091 1227 4161 ἀτόμῳ,
1266 4093 1324 4143 ὲν
1359 4094 1490 4164 ῥιπῇ
1542 4091 1844 4162 ὀφθαλμοῦ,

259 4181 389 4251 ἅμα
434 4181 531 4250 τῆς
568 4180 718 4234 κάτω
749 4181 980 4244 κτίσεως
1011 4183 1105 4235 καὶ
1136 4183 1204 4236 τά
1237 4182 1582 4254 ὑπερκόσμια
1619 4199 1848 4253 περιπο-

258 4270 385 4330 λεῖ.
429 4269 628 4340 δρόμον
671 4270 810 4324 αὑτὰ
853 4269 1123 4341 περιθέων
1170 4271 1488 4342 ἀκάματον,
1523 4270 1600 4334 ὡς
1651 4269 1847 4340 ἄδηλος

256 4358 480 4428 ἀδήλως
522 4359 692 4428 ἄδηλα
731 4357 1062 4430 περιαθρῶν.
1103 4359 1331 4431 Βραχεῖς
1362 4377 1421 4412 τε
1454 4361 1548 4413 καὶ
1597 4358 1848 4431 ἀδρανεῖς

255 4449 515 4504 δοκοῦσιν
539 4450 589 4501 οἱ
638 4450 950 4520 βόστρυχοι,
1003 4449 1140 4503 ἀλλὰ
1189 4453 1283 4504 καὶ
1319 4453 1474 4504 αὐτοὶ
1527 4451 1663 4522 πρὸς
1695 4451 1850 4504 εὑκο-

260 4540 440 4610 σμίαν
484 4543 550 4610 τῇ
584 4539 764 4609 δέρρει
808 4539 907 4609 τῆς
941 4539 1149 4610 κράνης
1200 4539 1580 4610 ἐμπεφύκασιν
1603 4582 1618 4605 ,
1654 4543 1848 4596 ἀποσο-

259 4630 493 4692 ϐοῦντες
534 4627 730 4698 αῦραις
776 4627 887 4680 τῶν
916 4628 1068 4692 ζώων
1101 4628 1168 4681 τὰ
1199 4628 1496 4703 λεπτότερα
1528 4633 1641 4694 τοῖς
1675 4632 1849 4698 φαλα-

257 4724 424 4792 κροῖς
445 4721 572 4774 ὅντα
599 4720 853 4789 πολέμια,
888 4719 975 4772 ἀεὶ
1001 4719 1100 4782 τὰς
1128 4722 1317 4792 χεῖρας
1347 4719 1527 4774 αὑτῶν
1541 4718 1849 4774 ὲπισοδίαν⁶

256 4813 568 4877 κινοῦντες,
621 4813 782 4889 Ἀλλὰ
829 4812 923 4866 καὶ
971 4813 1106 4884 πρὸς
1154 4813 1420 4882 χειμῶνος
1466 4813 1677 4884 κρυμὸν
1702 4853 1716 4877 ,
1751 4813 1845 4865 καὶ

251 4907 424 4980 ἡλίου
457 4906 696 4977 φλογμὸν
715 4946 731 4970 ,
759 4908 813 4960 αἱ
847 4907 1032 4977 τρίχες
1052 4905 1364 4975 ἀντέχουσιν
1383 4946 1397 4967 ,
1426 4905 1591 4957 οίονεὶ
1624 4904 1785 4969 ἄλσος
1811 4905 1844 4977 ἢ

251 4998 471 5070 δρυμὸς
526 4998 588 5051 τὸ
620 4997 977 5066 ὑποκείμενον
1016 4995 1336 5058 σκιάζουσαι
1360 5033 1375 5058 ,
1408 4996 1501 5048 καὶ
1543 4996 1643 5066 τὴν
1677 4997 1847 5066 ἐπομ-

252 5091 429 5161 6ρίαν
458 5090 764 5161 δεχόμεναι.
804 5086 1103 5159 Ὀφθαλμοὶ
1121 5087 1221 5158 τὴν
1249 5086 1590 5158 ὑψηλοτάτην
1614 5086 1845 5140 σκοπιὰν

252 5182 462 5251 ἔλαχον
485 5221 500 5245 ,
555 5183 650 5234 καὶ
698 5181 792 5233 δὺο
829 5182 976 5250 μόνοι
1008 5180 1365 5251 τυγχάνοντες
1388 5219 1403 5241 ,
1448 5181 1631 5232 πᾶσαν
1679 5179 1845 5250 ὁρῶσι

247 5275 370 5345 τὴν
393 5273 774 5344 διακόσμησιν,
809 5272 948 5326 ὥστε
985 5272 1152 5342 μηδὲν
1181 5271 1378 5334 αὑτοὺς
1401 5273 1708 5324 ἐπισκοτεῖν
1735 5271 1844 5324 τῶν

257 5365 607 5435 σωματικῶν
669 5366 846 5436 νόμων
884 5381 900 5398 ο
957 5364 1094 5418 ἀλλὰ
1156 5364 1384 5437 βραχείᾳ
1439 5363 1676 5435 προϐολῇ
1736 5363 1846 5416 τῶν

250 5455 491 5528 ὀφρύων
525 5457 966 5528 ὑποκαθήμενοι,
995 5459 1059 5510 ὲκ
1103 5457 1203 5527 τῆς
1232 5457 1436 5511 ἄνωθεν
1489 5455 1683 5526 ὲξοχῆς
1711 5455 1848 5526 πρὸς

253 5549 335 5603 τὸ
356 5549 510 5613 εὑθὲς
532 5549 926 5610 ἁποτείνονται,
946 5549 1039 5602 καὶ
1063 5543 1176 5602 οἷον
1209 5549 1389 5601 ἀκίσιν
1412 5548 1444 5618 ἢ
1477 5549 1697 5618 ῤαίσιν
1726 5534 1850 5610 ταῖς

261 5639 544 5703 ἀκάνθαις
593 5639 661 5692 τὰ
692 5639 864 5691 λεπτὰ
887 5637 996 5691 τῶν
1047 5635 1200 5700 ζώων
1245 5637 1622 5699 ἀποσείονται,
1657 5637 1750 5689 καὶ
1779 5639 1844 5707 τῇ

250 5731 488 5796 συνεχεῖ
533 5728 642 5781 τῶν
690 5726 976 5798 βλεφάρων
1030 5727 1240 5797 κινήσει
1286 5727 1385 5790 τὰς
1438 5726 1606 5797 κόρας
1641 5743 1840 5796 συντη-

2023 1351 2260 1406 Proinde
2290 1353 2643 1424 attingamus,
2688 1355 2732 1411 si
2773 1356 2844 1411 ita
2877 1357 3109 1423 videtur,
3142 1359 3306 1412 etiam
3337 1375 3536 1430 corpo-

1956 1443 2032 1497 ris
2062 1443 2338 1513 opilicium
2393 1455 2449 1499 et
2484 1447 2830 1501 articulatam
2877 1449 3321 1515 commissuram,
3355 1451 3534 1505 admi-

1955 1544 2136 1590 rantes
2176 1538 2474 1605 sapientem
2520 1539 2878 1593 architectum
2924 1540 3162 1595 universi
3202 1540 3398 1607 Deum,
3427 1557 3535 1609 quo

1956 1634 2114 1694 pacto
2148 1628 2478 1682 conveniens
2507 1636 2560 1682 ct
2589 1638 2773 1697 aptum
2807 1629 3104 1697 hospitium
3139 1631 3336 1685 anima:
3367 1635 3535 1687 ratio-

1954 1715 2060 1770 nali
2096 1718 2336 1785 Optimus
2369 1718 2560 1773 artifex
2582 1719 2954 1784 :edilicaverit,
2989 1729 3043 1774 et
3076 1721 3253 1775 solum
3293 1721 3438 1776 inter
3469 1738 3532 1777 ea

1948 1821 2069 1874 qua:
2085 1806 2222 1860 ctelo
2249 1806 2491 1876 subjecta
2514 1818 2640 1862 sunt
2662 1809 2940 1876 animalia,
2975 1820 3215 1866 erectum
3255 1811 3533 1868 hominem

1949 1897 2286 1966 produxerit,
2321 1913 2417 1968 per
2468 1905 2641 1968 Ipsam
2687 1900 2891 1955 docens
2941 1900 3193 1966 formam,
3229 1917 3297 1957 ex
3333 1916 3534 1974 Cagna-

1948 1989 2097 2042 tione
2125 2004 2361 2058 superna
2394 2005 2495 2045 nos
2538 1992 2704 2045 vitam
2741 1991 2962 2046 habere.
2995 1991 3131 2046 Nam
3166 1994 3409 2062 expertia
3443 2009 3533 2050 ra-

1950 2079 2111 2134 tionis
2137 2082 2320 2135 omnia
2351 2081 2604 2136 deorsum
2654 2091 2895 2138 ventrcm
2926 2099 3118 2139 versus
3155 2100 3216 2139 se
3247 2086 3530 2151 inclinant,

1947 2167 2261 2224 hominibus
2312 2181 2491 2226 autem
2532 2173 2667 2228 solis
2709 2188 2741 2228 a
2795 2183 2987 2230 natura
3023 2177 3146 2230 data
3181 2186 3237 2231 et
3279 2180 3530 2248 expedita

1947 2259 2172 2328 contigit
2209 2261 2277 2315 ad
2305 2262 2506 2317 caelum
2537 2265 2834 2334 suspectio,
2888 2281 2956 2321 ne
2995 2267 3067 2321 sit
3095 2268 3360 2338 voluptati
3381 2268 3534 2324 dedi-

1947 2357 2055 2410 tus.
2089 2367 2264 2420 neque
2297 2353 2550 2408 deorsum
2579 2370 2672 2423 per
2695 2356 2824 2410 vitia
2847 2367 3056 2426 vergat,
3091 2359 3184 2413 sed
3229 2367 3285 2412 ut
3315 2370 3532 2416 erectus

1948 2441 2019 2496 sit
2046 2451 2100 2496 et
2126 2443 2194 2497 ad
2224 2459 2460 2513 superna
2483 2447 2775 2515 spectanda
2804 2458 3108 2502 moveatur.
3139 2448 3339 2503 Deinde
3368 2460 3534 2520 caput

1947 2532 2094 2585 velut
2128 2531 2180 2586 in
2212 2533 2349 2588 colle
2377 2536 2625 2603 corporis
2653 2551 2886 2605 ponens,
2919 2537 2972 2590 in
3003 2552 3069 2591 eo
3107 2539 3373 2607 pretiosas
3399 2555 3530 2594 sen-

1948 2639 2122 2686 suum,
2145 2626 2299 2679 sedes
2316 2626 2621 2681 collocavit.
2648 2627 2941 2682 Cerebrum
2969 2644 3034 2682 ne
3055 2629 3276 2696 quidem
3307 2630 3534 2700 implere

1948 2716 2171 2770 calicem
2217 2732 2448 2772 vacuum
2498 2733 2659 2787 posse
2721 2719 2966 2791 plerique
3024 2728 3236 2791 putant,
3306 2722 3394 2776 cui
3449 2731 3534 2777 ta-

1950 2824 2073 2862 men
2105 2810 2370 2878 sapientia
2398 2824 2452 2864 et
2483 2812 2768 2880 prudentia
2806 2813 3015 2882 opiﬁcis
3052 2824 3138 2869 est
3165 2813 3371 2868 credita
3412 2813 3530 2877 Dei,

1950 2900 2045 2970 qui
2077 2900 2310 2957 consilio
2340 2909 2395 2956 et
2423 2903 2708 2971 prudentia
2738 2902 3031 2958 fabricavit
3070 2907 3342 2960 universa.
3372 2904 3530 2973 Quod

1953 3001 2132 3046 autem
2161 2993 2461 3046 maximum
2489 2993 2750 3062 quiddam
2795 2995 2864 3048 ad
2893 2997 3057 3049 vitam
3103 2997 3531 3052 emolumentum

1953 3082 2142 3136 afferat
2170 3083 2476 3147 cerebrum,
2506 3084 2784 3139 evidenter
2826 3086 2870 3140 si
2895 3087 3023 3156 quid
3059 3087 3349 3142 adversum
3384 3089 3530 3142 acci-

1950 3175 2063 3236 dat,
2086 3165 2353 3229 ostendit.
2379 3173 2515 3228 Nam
2550 3175 2594 3230 si
2625 3176 2848 3231 vulnere
2886 3179 2967 3231 vel
2999 3187 3222 3247 ruptura
3250 3180 3534 3234 continens

1953 3265 2132 3337 ipsum
2162 3267 2480 3321 membrana
2512 3267 2759 3327 laedatur.
2791 3284 2916 3322 mox
2960 3285 2990 3323 e
3027 3269 3250 3323 vulnere
3287 3271 3534 3339 sequitur

1950 3374 2192 3428 prmsens
2223 3373 2394 3422 mors,
2442 3373 2509 3411 ne
2535 3357 2754 3428 quidem
2789 3359 2855 3412 ad
2898 3370 3238 3414 momentum
3272 3361 3534 3430 temporis

1951 3447 2127 3502 dolori
2156 3448 2444 3502 resistente
2459 3455 2588 3501 natu
2599 3463 2652 3501 ra
2671 3449 3156 3518 :quemadmodum
3173 3450 3226 3504 in
3250 3451 3535 3504 subterra-

1951 3539 2070 3592 neis
2101 3540 2413 3602 structuris,
2445 3547 2538 3593 aut
2576 3540 2629 3593 in
2670 3540 2991 3594 balneorum
3022 3543 3198 3606 tectis,
3229 3543 3320 3611 qui
3357 3553 3531 3599 totum

1951 3631 2190 3685 continet
2215 3630 2450 3695 :ediiicii,
2481 3646 2622 3684 unus
2643 3640 2728 3686 est
2751 3648 3001 3686 summus
3023 3634 3180 3703 lapis,
3199 3634 3399 3691 infixus
3424 3636 3530 3706 ipsi

1949 3723 2125 3788 tholo,
2155 3739 2319 3792 quem
2357 3738 2592 3777 cuneum
2625 3723 2848 3794 opifices
2880 3724 3076 3778 aedium
3105 3724 3398 3795 appellant,
3422 3743 3531 3797 quo

1951 3814 2221 3885 perfracto
2261 3815 2342 3869 vel
2370 3815 2612 3876 revulso,
2659 3815 2804 3870 illico
2840 3830 3170 3869 concussum
3210 3826 3293 3870 est
3333 3825 3526 3871 totum.

1950 3907 2229 3962 Laboraut
2245 3907 2480 3969 maxima
2506 3908 2798 3962 luminaria
2820 3909 2899 3963 sol
2914 3909 3132 3974 etluna,
3149 3910 3398 3966 cmlestes
3416 3911 3530 3981 pla-

1950 4013 2045 4069 gas
2080 3998 2221 4052 intra
2257 3999 2401 4053 diem
2425 4009 2478 4054 et
2500 4009 2710 4054 noctem
2741 4000 3134 4070 percurrentia.
3168 3999 3321 4056 Mens
3347 4012 3526 4057 autem

1948 4099 2137 4144 nostra
2173 4090 2227 4143 in
2253 4103 2477 4160 puncto,
2503 4091 2557 4144 in
2589 4100 2865 4146 momento
2891 4091 3035 4146 oculi
3057 4108 3163 4147 una
3187 4107 3310 4146 cum
3335 4094 3528 4150 inferis

1947 4182 2146 4238 creatis
2168 4181 2340 4236 ambit
2367 4192 2420 4237 et
2446 4182 2899 4250 ultramundana,
2945 4198 3110 4237 cursu
3164 4185 3219 4239 in
3260 4184 3393 4254 ipsis
3438 4185 3527 4238 in-

1947 4269 2164 4325 defesso
2195 4271 2530 4336 discurrens,
2556 4272 2833 4342 velutique
2852 4273 3027 4328 latens
3053 4273 3282 4329 latenter
3305 4273 3527 4329 latentia

1953 4361 2438 4434 circumspectans.
2482 4351 2640 4419 Parvi
2674 4373 2730 4420 et
2788 4365 3088 4421 imbecilles
3121 4366 3374 4421 videntur
3408 4367 3524 4437 pili,

1950 4470 2139 4508 verum
2169 4464 2223 4510 et
2254 4456 2354 4525 ipsi
2401 4457 2468 4510 ad
2523 4465 2865 4512 venustatem
2925 4459 3038 4512 cuti
3093 4459 3290 4528 capitis
3349 4459 3527 4513 innati

1952 4553 2102 4608 sunt,
2132 4555 2383 4599 arcentes
2407 4544 2710 4602 lenioribus
2735 4548 2912 4603 ventis
2942 4548 3201 4603 animalia
3231 4549 3526 4604 munitiora

1953 4637 2123 4692 calvis
2149 4637 2366 4700 infesta,
2391 4637 2486 4707 qui
2517 4646 2805 4708 propterea
2832 4654 3046 4710 semper
3072 4655 3270 4694 manus
3297 4655 3428 4694 suas
3457 4640 3527 4695 ad

1953 4728 2250 4784 arcendum
2285 4744 2348 4785 ea
2388 4740 2629 4785 movent.
2661 4728 2803 4796 Quin
2835 4730 2994 4786 etiam
3028 4731 3226 4786 hiemis
3256 4729 3443 4802 frigori
3474 4740 3528 4785 et

1955 4822 2089 4876 solis
2127 4821 2310 4877 ardori
2338 4822 2432 4892 pili
2462 4822 2748 4887 resistunt,
2778 4823 2947 4877 veluti
2999 4838 3193 4878 nemus
3246 4822 3520 4892 quoddam

1953 4913 2039 4968 vel
2072 4913 2241 4968 densa
2273 4914 2410 4968 silva
2445 4923 2654 4983 partem
2687 4915 2989 4984 subjectam
3018 4915 3428 4979 obumbrantes,
3472 4925 3527 4969 et

1954 5003 2184 5059 imbrem
2217 5005 2570 5074 excipientes.
2604 5003 2757 5060 Oculi
2780 5006 3209 5060 excelsissimam
3242 5005 3522 5077 speculam

1955 5093 2129 5151 sortiti
2168 5105 2315 5156 sunt,
2347 5109 2579 5161 cumque
2607 5095 2714 5149 duo
2754 5103 2965 5148 tantum
3000 5095 3131 5159 sint,
3165 5095 3526 5150 nihilominus

1954 5201 2168 5240 omnem
2202 5194 2439 5241 cernunt
2466 5186 2652 5240 mundi
2695 5185 2861 5256 huius
2893 5196 3165 5254 ornatum,
3196 5186 3270 5241 ita
3302 5196 3360 5241 ut
3393 5185 3526 5256 ipsis

1951 5278 2089 5332 nihil
2128 5292 2307 5332 rerum
2364 5290 2753 5348 corporearum
2784 5276 3007 5344 ofﬁciat,
3069 5279 3163 5333 sed
3223 5278 3324 5333 sub
3352 5291 3526 5346 parvo

1953 5367 2373 5437 superciliorum
2431 5367 2848 5437 propugnaculo
2900 5367 3204 5430 constituti,
3260 5380 3327 5420 ex
3390 5366 3527 5418 etni-

1956 5458 2137 5512 neutia
2166 5457 2448 5526 superiore
2470 5456 2676 5511 directo
2697 5456 3087 5520 extenduntur,
3121 5464 3175 5509 et
3205 5455 3355 5508 velut
3387 5467 3524 5507 acu-

1957 5547 2058 5601 bus
2089 5554 2184 5600 aut
2205 5545 2439 5608 subulis,
2469 5560 2663 5615 nempe
2687 5546 2862 5614 spinis
2890 5546 3100 5598 minuta
3127 5542 3379 5596 animalia
3419 5557 3519 5596 ex-

1954 5639 2201 5706 cutiunt,
2251 5649 2304 5692 et
2343 5637 2606 5692 continuo
2652 5637 3034 5706 palpebrarum
3075 5642 3231 5686 motu
3280 5633 3517 5703 pupillas

1953 5710 2295 5795 conservant,
2329 5727 2580 5782 ardorem
2626 5725 2760 5782 solis
2809 5724 2966 5794 quasi
3003 5723 3352 5779 ventilationc
3387 5737 3522 5798 qua-
