4048 6222
515 279 652 336 1059

515 399 639 453 dam
671 393 1000 465 mitigantes.
1053 386 1254 444 Eadem
1297 399 1422 440 eum
1485 384 1595 438 sint
1627 395 1887 452 tanquam
1918 397 1947 433 a
1999 395 2092 434 ca-

515 487 753 544 lentibus
782 495 1043 553 usurpata
1065 479 1354 535 oculorum
1383 475 1652 528 velamina
1687 473 1982 528 deﬂectunt
2009 472 2094 524 in-

516 578 898 648 temperantiae
925 573 1276 641 lasciviaeque
1303 578 1558 628 mortem,
1591 567 1658 620 de
1693 580 1798 635 qua
1829 563 2096 618 Jeremias

519 673 660 726 inter
695 671 913 724 divinos
945 675 1098 720 vates
1148 662 1314 717 multa
1362 659 1601 728 pericula
1637 671 1930 726 perpessus
1961 668 2094 708 con-

519 773 762 822 testans,
821 761 933 814 ait:
974 755 1226 811 Ascendit
1259 770 1353 823 per
1390 753 1647 822 fenestras
1706 764 1847 802 mors
1871 749 1940 799 “.
1978 744 2094 798 Non

519 856 666 909 enim
699 852 861 906 modo
887 864 1089 918 corpus
1123 848 1413 908 int-artum,
1443 843 1536 895 sed
1565 851 1620 894 et
1646 840 1929 893 oculorqu
1961 835 2097 889 radii

523 943 774 1000 servandi
805 952 933 996 sunt
982 936 1304 1005 incorrupti,
1342 950 1519 1004 neque
1573 932 1708 1002 ipsis
1771 931 1882 983 ullo
1935 928 2098 982 modo

522 1036 976 1107 permittemlum,
1007 1042 1066 1084 ιιι
1106 1030 1450 1099 imprudenter
1481 1027 1712 1087 irruant,
1741 1033 1794 1076 et
1830 1023 1881 1074 in
1911 1022 2102 1074 alienae

523 1126 948 1198 pulchritudinis
985 1123 1191 1176 formas
1226 1121 1486 1181 involent,
1549 1133 1619 1170 ne
1665 1117 1734 1169 ah
1773 1125 1994 1183 aspectu
2033 1113 2102 1166 ad

525 1223 701 1289 ipsum
733 1229 915 1270 actum
951 1230 1195 1268 ruamus.
1224 1210 1361 1265 Nam
1392 1210 1696 1265 secundutn
1736 1205 1948 1261 Domini
1987 1220 2104 1257 ser-

526 1327 741 1364 monem
769 1348 782 1369 ,
819 1309 922 1371 Qui
964 1306 1246 1375 inspexerit
1288 1303 1562 1356 mulierem
1608 1299 1676 1351 ad
1731 1298 2107 1366 concupiscen-

523 1403 650 1452 dum
676 1416 812 1454 eam.
845 1398 963 1466 jam
1019 1396 1342 1448 adulterium
1380 1408 1500 1444 cum
1561 1391 1680 1458 ipsa
1736 1387 2000 1440 commisit
2049 1386 2105 1438 in

524 1497 679 1545 corde
712 1507 806 1542 suo
827 1490 891 1540 ".
922 1487 1269 1556 Quapropter
1300 1483 1540 1551 virgines
1570 1496 1693 1536 esse
1731 1479 1931 1533 debent
1969 1493 2104 1531 ocu-

525 1585 701 1636 lorum
733 1579 968 1648 pupulze,
1003 1593 1124 1645 qua:
1158 1575 1298 1628 idem
1329 1588 1452 1625 cum
1499 1569 1801 1640 virginibus
1867 1565 2107 1620 nominis

527 1679 912 1726 ornamentum
949 1669 1152 1721 sortita:
1189 1674 1336 1718 sunt.
1369 1665 1757 1731 Saepenumero
1786 1659 1932 1714 enim
1984 1673 2108 1726 qua:

527 1765 669 1817 intra
705 1760 993 1830 palpebras
1029 1761 1181 1828 virgo
1213 1766 1331 1811 erat
1359 1755 1585 1825 pupilla,
1616 1769 1711 1822 per
1743 1753 1985 1820 ipsarum
2021 1751 2103 1804 di-

527 1855 839 1908 ductionem
883 1865 1192 1918 vagumque
1219 1857 1426 1901 motum
1460 1861 1624 1900 suum
1657 1853 1828 1900 nutus
1856 1852 1912 1898 et
1953 1842 2104 1912 cogi-

527 1943 662 1997 tatio
692 1941 1046 1996 scortationis
1071 1939 1213 1993 facta
1249 1946 1354 1994 est.

598 2033 865 2102 Exiguum
898 2031 1157 2100 quiddam
1195 2031 1337 2083 inter
1373 2026 1558 2082 omnia
1613 2025 1859 2078 membra
1918 2031 2106 2076 nostra

532 2133 617 2177 est
647 2122 818 2176 auris.
855 2120 958 2174 Sed
999 2130 1053 2174 et
1083 2119 1216 2173 istas
1249 2127 1478 2171 exornat
1507 2115 1744 2170 vicinum
1774 2115 2104 2184 cymbalum,

527 2214 718 2282 eisque
742 2213 874 2268 solis
903 2212 1044 2265 inter
1079 2218 1264 2264 creata
1304 2219 1499 2262 caetera
1561 2205 1653 2258 Dei
1689 2205 1946 2274 mysteria
1985 2219 2104 2258 cre-

529 2307 756 2361 duntur.
789 2304 990 2371 Estque
1018 2301 1170 2354 auris
1199 2311 1311 2354 tota
1344 2299 1397 2352 in
1446 2296 1741 2351 rotundum
1777 2296 2107 2363 sinuoseque

529 2404 770 2458 tornata,
806 2410 870 2448 ue
925 2395 1090 2446 citius
1145 2392 1482 2456 ingrediatur
1535 2404 1738 2452 sermo,
1799 2389 1891 2442 sed
1931 2387 2107 2455 spatio

527 2487 792 2556 luugioris
843 2482 1106 2553 temporis
1163 2483 1514 2540 imminutus,
1583 2494 1682 2548 per
1719 2479 1892 2548 ipsam
1947 2493 2108 2531 exca-

528 2579 804 2633 vatiouem
851 2577 1138 2645 prohibeat
1193 2572 1492 2643 quominus
1528 2572 1594 2625 ad
1649 2571 1819 2623 imum
1879 2571 2104 2623 materia

530 2668 802 2725 mendacii
839 2676 1106 2737 penetret,
1131 2665 1224 2720 ενδ
1251 2681 1358 2719 una
1384 2679 1510 2718 cum
1541 2661 1938 2716 maledicentia;
1963 2672 2106 2714 ster-

527 2761 750 2816 coribus
805 2760 856 2811 in
899 2757 1148 2828 partibus
1211 2764 1530 2818 remaneat;
1571 2769 1696 2807 nam
1733 2753 1953 2806 virtutis
1984 2752 2106 2821 qui-

529 2853 653 2906 dem
681 2861 766 2905 est
791 2851 844 2902 in
874 2865 938 2902 eo
962 2848 1056 2917 qui
1087 2847 1354 2915 loquitur,
1388 2861 1496 2898 non
1533 2845 1716 2899 dicere
1747 2844 1882 2897 falsa
1910 2861 1924 2896 :
1958 2843 2010 2895 in
2041 2857 2107 2895 eo

528 2938 622 3009 qui
653 2937 831 2998 audit,
861 2937 1095 3005 probare
1120 2935 1398 3003 quomodo
1425 2924 1682 3002 qua-libet
1707 2933 1854 2987 dicta
1889 2933 2106 2985 videan-

533 3040 644 3090 tur,
677 3044 805 3080 num
840 3026 970 3094 quid
1004 3024 1234 3078 allectus
1291 3024 1374 3077 vel
1413 3024 1576 3077 amici
1630 3025 1714 3078 vel
1748 3025 2105 3090 repugnantis

527 3118 820 3170 admistum
853 3118 943 3168 sit.
999 3113 1134 3167 Nam
1171 3113 1309 3167 alter
1358 3113 1578 3181 quidem
1628 3131 1735 3168 non
1771 3117 1946 3169 cernit
1976 3131 2106 3169 acu-

530 3218 665 3270 tum,
694 3207 831 3259 alter
858 3213 1039 3258 autem
1075 3219 1299 3271 prorsus
1331 3220 1436 3258 non
1469 3205 1640 3258 videt.
1673 3205 1829 3270 Quod
1866 3205 1911 3260 si
1942 3206 2104 3260 alter-

530 3309 654 3351 utro
686 3297 879 3351 horum
913 3295 1224 3350 defectuum
1260 3297 1401 3350 ratio
1434 3310 1693 3368 corrupta
1737 3308 1822 3352 est
1849 3339 1863 3360 ,
1896 3299 2103 3368 judicio

529 3386 729 3442 mentis
762 3386 910 3456 quod
941 3385 995 3439 iu
1030 3386 1191 3440 nobis
1223 3395 1307 3440 est
1341 3387 1522 3456 puniri
1560 3397 1615 3442 et
1661 3403 1690 3441 a
1725 3390 1994 3458 pravitate
2020 3405 2105 3444 re-

529 3477 751 3548 purgari
786 3477 947 3532 debet
990 3492 1085 3546 per
1116 3477 1423 3542 veritatem,
1468 3494 1591 3548 qua:
1655 3481 1878 3535 tortoris
1927 3480 2104 3535 ollicio

529 3571 808 3641 fungatur.
846 3569 961 3626 Hoc
991 3571 1137 3624 enim
1169 3573 1371 3627 docens
1394 3572 1462 3626 de
1496 3574 1681 3627 divino
1719 3583 1772 3628 et
1803 3572 2104 3630 fortissimo

529 3663 731 3717 athleta
759 3661 898 3716 Jobo
930 3663 1156 3717 historia
1189 3662 1400 3733 inquit:
1436 3664 1586 3718 Mens
1617 3666 1828 3735 quidem
1877 3676 1927 3720 et
1954 3669 2103 3721 auris

528 3756 681 3808 verba
706 3755 966 3824 dijudicat
997 3769 1016 3818 ,'
1043 3763 1228 3824 guttur
1274 3768 1451 3809 autem
1481 3774 1627 3810 escas
1659 3767 1838 3826 gustat
1865 3758 1929 3812 "’.
1967 3760 2102 3812 Cum

529 3848 635 3902 hoc
665 3857 844 3901 autem
888 3847 1238 3902 consentiens
1278 3847 1590 3902 divinorum
1664 3850 1754 3903 ille
1796 3850 2100 3904 carminum

530 3950 722 3995 auctor
755 3939 985 3993 Davides
1017 3939 1196 4008 inquit
1223 3957 1234 3992 :
1268 3938 1405 3992 Eum
1430 3941 1520 4009 qui
1554 3941 1856 3994 clanculum
1887 3944 2104 3996 mentie-

530 4031 686 4083 batur
713 4029 776 4082 de
819 4031 1060 4098 proximo
1092 4046 1187 4084 suo
1217 4070 1232 4094 ,
1285 4031 1716 4100 persequebar“.
1755 4032 1870 4100 Ipse
1920 4043 2100 4087 autem

533 4120 1165 4188 universitatishujusce
1228 4119 1391 4185 Deus,
1463 4136 1749 4175 servorum
1806 4121 2104 4191 obsignans

528 4213 717 4274 verba,
740 4212 792 4264 in
815 4212 1105 4280 Evangelio
1130 4210 1336 4281 inquit:
1365 4208 1545 4264 Estote
1563 4211 1908 4265 nuntmularii
1929 4213 2099 4282 probi,

529 4302 880 4365 dijudicantes
911 4301 1098 4353 abono
1141 4301 1278 4360 quod
1332 4301 1692 4354 adulterinum
1741 4313 1838 4354 est.
1876 4301 1992 4355 Non
2047 4314 2106 4356 ut

528 4393 702 4447 instar
732 4393 1228 4446 nummulariorum
1260 4408 1458 4447 sonutn
1493 4394 1828 4462 explorando
1860 4395 2098 4464 excipia-

531 4498 678 4547 mus,
719 4483 812 4537 sed
850 4492 908 4536 ut
946 4483 1311 4551 ponderantes
1358 4482 1713 4551 pronuntiata
1765 4483 1983 4538 illorum
2008 4487 2102 4555 qui

529 4576 941 4644 colloquuntur,
965 4583 1024 4626 .et
1056 4579 1285 4626 eventus
1318 4570 1615 4636 factorum,
1646 4575 1712 4626 ad
1755 4575 1960 4643 justam
2007 4592 2103 4645 po-

531 4668 640 4722 tius
674 4665 1108 4737 propendeamus
1147 4663 1434 4717 trutinam.
1468 4663 1697 4717 Aurium
1729 4667 1874 4718 enim
1909 4677 1963 4719 et
1995 4666 2101 4720 lin-

531 4773 760 4829 gnarum
816 4772 1074 4826 maguum
1133 4755 1406 4824 quoddam
1458 4755 1760 4824 periculum
1797 4767 1919 4812 est:
1975 4775 2100 4813 cum

528 4850 784 4918 exiguum
817 4848 890 4902 sit
919 4846 1224 4900 membrum
1267 4845 1447 4914 lingua
1469 4884 1484 4906 ,
1517 4845 1782 4901 mendacii
1815 4857 1868 4902 et
1899 4862 2099 4905 verita-

528 4940 618 4997 tis,
678 4940 761 4991 vel
802 4941 983 5007 potius
1018 4937 1210 4992 salutis
1261 4945 1316 4990 et
1367 4936 1689 5006 perditionis
1731 4949 1813 4993 est
1861 4939 2095 5007 olliciua,

527 5025 736 5096 Lingua
764 5044 874 5080 mea
909 5029 1148 5082 calamus
1207 5027 1396 5082 scriba:
1445 5029 1690 5082 velociter
1729 5032 2004 5087 scribentis
2030 5033 2097 5099 “,

525 5128 622 5172 et;
660 5116 864 5186 Lingua
900 5135 1013 5171 mea
1061 5119 1307 5188 loquetur
1331 5119 1627 5188 justitiam,
1677 5121 1854 5191 inquit
1884 5122 2100 5179 divino-

528 5222 649 5262 rum
678 5213 869 5259 auctor
898 5207 1206 5260 carminum
1235 5207 1314 5274 “;
1345 5217 1400 5262 et
1430 5209 1572 5263 idem
1607 5225 1802 5267 rursus
1829 5229 1843 5266 :
1871 5211 2094 5282 Linguis

527 5300 637 5354 suis
670 5296 851 5351 dolose
877 5296 1102 5365 agebant
1126 5298 1170 5330 δ”
1198 5315 1214 5359 ;
1246 5308 1300 5352 et
1327 5318 1339 5354 :
1371 5298 1578 5372 Lingua
1607 5316 1786 5355 eorum
1824 5303 1962 5356 sicut
1988 5321 2098 5358 ser-

597 5412 641 5490 ξ]
675 5411 786 5490 Jer.
820 5426 896 5474 ix,
925 5409 1015 5490 ει.
1092 5409 1137 5441 δ’
1169 5408 1422 5480 Matth.v,
1456 5415 1548 5470 28.
1589 5415 1635 5448 ⁵³
1671 5415 1774 5471 Job
1819 5433 1918 5484 xu,
1951 5419 2036 5472 ll.
2109 5421 2156 5454 “
2195 5421 2339 5482 Psal.
2375 5441 2429 5490 c,
2472 5425 2527 5480 5.

530 5483 570 5514 ⁸⁷
599 5481 743 5536 Psal.
780 5495 901 5546 xm,
939 5481 991 5535 3.

564 5591 994 5677 ,(95)·Γίνεσθε
1027 5597 1256 5677 (Quae;
1292 5598 1364 5654 De
1397 5599 1502 5655 hoc
1531 5599 1730 5677 celebri
1767 5600 1941 5677 dicto,
1967 5618 2100 5677 nus-

524 5670 668 5736 piam
713 5670 771 5736 i_n
828 5670 1002 5736 sacris
1040 5670 1258 5736 Litteris
1308 5677 1600 5732 exstante,
1651 5673 1804 5736 plura
1858 5671 1978 5724 vide
2024 5674 2101 5727 sis

523 5732 668 5803 apud
705 5731 1033 5788 Coteleriuut
1076 5738 1143 5790 ad
1173 5734 1400 5792 Constit.
1430 5731 1612 5806 Apost.
1643 5731 1735 5792 lib.
1767 5753 1829 5804 tt,
1861 5753 1983 5810 cap.
2009 5741 2100 5807 56,

1611 265 1667 318 S.
1710 259 2010 318 CAESAR“
2051 257 2380 316 GREGORII
2419 256 2722 312 FllA'l'RlS

3653 258 3795 311 "-00

2199 378 2374 449 ροῦσι,
2405 379 2498 431 τὸν
2531 376 2774 447 ιρλογμὸν
2800 373 2895 427 τοῦ
2929 374 3083 444 ἡλίου
3108 373 3604 447 διαῤῥιπιζόμενοι.
3642 376 3726 428 Τά
3747 376 3790 429 δ’

2194 466 2336 520 αὐτὰ
2362 461 2474 519 οἷον
2497 466 2728 536 θερῶσιν
2754 463 3224 533 καταπετάσματα
3243 464 3424 516 αὐτῶν
3445 463 3789 534 ὑπάρχοντα,

2195 556 2537 608 ἐκκλίνουσιν
2594 554 2688 607 τὸν
2719 555 2820 625 τῆς
2853 553 3152 612 ἀκολασίας
3208 552 3466 607 θάνατον·
3507 555 3570 606 δν
3625 555 3791 626 Ἰερεο

2200 645 2329 716 μίας
2371 647 2401 698 ὁ
2439 645 2546 699 τῶν
2582 645 2878 716 προφητῶν
2931 643 3314 707 πολυκίνδυνος
3346 645 3790 716 μαρτυρόμενος,

2199 735 2609 805 φησιν,ιΑνέϐη
2644 736 2900 801 θάνατος
2931 736 3030 788 διὰ
3060 734 3180 788 τῶν
3201 735 3480 803 θυρίδων.
3513 739 3594 791 οὐ
3634 739 3792 808 μόνον

2198 829 2308 898 γὰρ
2357 829 2419 881 τὸ
2459 826 2621 898 σῶμα
2663 829 2976 896 ἀνέπαφον,
3003 827 3139 880 ἀλλά
3195 829 3291 881 καὶ
3323 828 3421 890 τὰς
3469 828 3636 898 βολάς
3685 829 3792 883 τῶν

2199 918 2496 989 ὀφθαλμῶν
2529 919 2612 971 δεῖ
2636 917 2993 988 παρθενεύειν
3039 919 3134 972 καὶ
3163 919 3430 989 μηδαμῶς
3465 921 3795 990 ἐπιτρέπειν

2202 1011 2394 1072 αὐταῖς
2427 1008 2660 1072 ἀναιδῶς
2710 1010 2959 1080 ὲφορμᾷν
2992 1010 3085 1062 καὶ
3119 1009 3497 1079 παρίπτασθαι
3541 1015 3664 1073 τοῖς
3704 1012 3797 1064 ἀλ-

2203 1100 2432 1172 λοτρίοις
2462 1099 2712 1154 κάλλεσιν
2736 1141 2750 1164 ,
2793 1101 2880 1152 ἵνα
2934 1099 3008 1170 μὴ
3038 1100 3147 1154 ἀπὸ
3196 1104 3296 1171 τῆς
3351 1099 3480 1164 θέας
3505 1143 3518 1162 ,
3566 1103 3668 1155 ἐπὶ
3697 1105 3794 1173 τὴν

2205 1192 2403 1263 πρᾶξιν
2455 1192 2805 1263 ὁρμήσωμεν.
2843 1193 3003 1244 Κατά
3057 1193 3166 1264 γὰρ
3204 1193 3300 1262 τὴν
3356 1193 3656 1264 θεηγορίαν
3683 1226 3700 1257 σ
3746 1199 3796 1247 Ὀ

2203 1283 2508 1352 ἐμϐλέψας
2531 1284 2763 1352 γυναικὶ
2791 1286 2942 1350 πρὸς
2963 1285 3027 1336 τὸ
3051 1284 3414 1353 ἐπιθυμῆσαι
3438 1287 3659 1353 αὐτὴν.
3680 1287 3795 1355 ἤδη

2205 1376 2561 1443 ἐμοίχευσεν
2611 1373 2806 1442 αὐτὴν
2832 1376 2900 1426 ἐν
2940 1373 3017 1443 τῇ
3069 1377 3282 1443 καρδίᾳ
3333 1376 3546 1430 αὐτοῦ.
3579 1379 3796 1449 Παρθε-

2208 1463 2383 1518 νεύειν
2415 1462 2507 1518 οὖν
2536 1465 2643 1536 χρὴ
2679 1465 2776 1528 τὰς
2812 1466 2977 1535 κόρας
3009 1465 3116 1518 τῶν
3149 1465 3463 1536 ὀφθαλμῶν.
3493 1468 3793 1538 ίσωνυμίαν

2209 1557 2317 1610 τῶν
2349 1557 2629 1627 παρθένων
2658 1557 3052 1627 τετιμημένας.
3085 1557 3352 1621 Πολλάκις
3379 1558 3491 1629 γὰρ
3519 1561 3552 1630 ἡ
3587 1562 3797 1632 ἐμπαρ-

2213 1648 2508 1703 θενεόουσα
2550 1652 2662 1712 τοῖς
2695 1648 2983 1719 βλεφάροις
3020 1651 3157 1721 κόρη
3183 1691 3198 1714 ,
3229 1653 3294 1720 τῇ
3323 1651 3578 1723 διαστολῇ
3616 1655 3796 1707 αὑτῶν

2211 1742 2305 1794 καὶ
2345 1743 2544 1812 ἑαυτῆς
2582 1745 2953 1813 περιστροφῇ,
2996 1741 3171 1813 νεῦμα
3201 1744 3294 1796 καὶ
3329 1745 3509 1815 νόημα
3539 1747 3798 1816 πορνείας

2210 1832 2270 1886 τὸ
2299 1833 2558 1904 ἄντικρυς
2595 1835 2831 1903 ἐγένετο.

2280 2016 2517 2070 Κολοόὸν
2549 2018 2612 2070 ἐκ
2664 2017 2882 2070 πάντων
2913 2019 3068 2088 ἡμῶν
3098 2017 3204 2071 τῶν
3247 2017 3423 2089 μελῶν
3469 2019 3530 2072 τὸ
3581 2016 3677 2085 οὖς
3710 2039 3801 2075 κε-

2209 2110 2523 2180 χάλκευται,
2554 2109 2689 2162 ἀλλά
2717 2111 2810 2163 καὶ
2839 2111 2972 2163 αὐτὸ
2997 2111 3284 2182 διακοσμεῖ
3313 2113 3376 2164 τὸ
3408 2114 3799 2184 περικείμενον

2209 2200 2508 2271 κύμϐαλον,
2546 2202 2640 2253 καὶ
2675 2201 2836 2272 μόνον
2863 2204 2961 2273 τῆς
2988 2202 3350 2273 δημιουργίας
3383 2201 3672 2274 θαρρεῖ-ται
3706 2205 3798 2257 τοῦ

2208 2293 2343 2344 Θεοῦ
2404 2293 2716 2364 μυστήρια,
2756 2292 3067 2356 ὲλικοειδῶς
3121 2294 3473 2365 ἐκτορνευθὲν
3529 2296 3601 2349 δι’
3651 2297 3796 2360 ὅλου,

2207 2384 2348 2438 ὥστε
2386 2384 2460 2455 μὴ
2494 2384 2688 2438 θᾶττον
2722 2385 2984 2438 εἰσδύνειν
3014 2386 3105 2438 τὸν
3135 2384 3291 2454 λόγον
3311 2425 3326 2445 ,
3353 2385 3469 2439 ἀλλ’
3502 2389 3562 2442 ὲν
3594 2389 3797 2441 πλείονι

2207 2477 2386 2548 χρόνῳ
2415 2478 2808 2548 ἐλαττουμένου
2834 2480 2900 2549 τῇ
2929 2478 3118 2550 τορείᾳ
3144 2477 3238 2530 ἐπὶ
3260 2478 3323 2530 τὸ
3351 2479 3516 2548 βάθος
3540 2480 3642 2551 τὴν
3667 2481 3796 2552 ὓλην

2206 2569 2302 2622 τοῦ
2359 2568 2621 2638 ψεύδους,
2661 2568 2777 2638 ἅμα
2831 2569 2938 2622 τῶν
2993 2569 3094 2639 τῆς
3127 2570 3464 2641 κατηγορίας
3505 2573 3795 2626 σκυϐάλων

2209 2659 2673 2729 προσκαταλείψαι
2705 2663 2827 2723 ταῖς
2877 2660 3084 2730 ὄχθαις.
3131 2661 3358 2732 Ἀρετῆς
3402 2664 3514 2732 γάρ
3550 2664 3651 2717 τοῦ
3697 2667 3795 2735 μὲν

2208 2751 2508 2822 φράζοντος
2543 2753 2617 2823 μὴ
2647 2751 3039 2822 ψευδηγορεῖν,
3069 2751 3161 2805 τοῦ
3213 2752 3272 2806 δὲ
3308 2753 3602 2820 ἀκούοντος
3647 2756 3796 2809 δοκι-

2209 2839 2403 2910 μάζειν
2443 2840 2513 2894 τά
2561 2841 2854 2911 φάσματα,
2887 2841 2937 2892 εί
2990 2841 3158 2911 μηδὲν
3211 2843 3595 2914 προσπαθείας
3624 2845 3798 2914 πάθος

2205 2931 2562 3002 ἐγκέκραται.
2607 2932 2672 2984 Ἠ
2719 2932 2818 3002 μὲν
2863 2933 2972 3002 γὰρ
3018 2934 3118 2987 οὐκ
3153 2932 3411 2998 ὁξυωπεί,
3458 2937 3490 3006 ἡ
3543 2936 3603 2989 δὲ
3655 2913 3800 3001 ὅλως

2205 3022 2303 3091 οὐχ
2341 3024 2442 3093 ὁρᾷ
2466 3040 2480 3053 ·
2513 3025 2561 3076 εί
2592 3023 2635 3076 δ’
2669 3023 2936 3094 ὁποτέρας
2987 3022 3138 3097 λώϐῃ
3185 3026 3214 3077 ὁ
3262 3025 3419 3093 λόγος
3442 3026 3801 3100 διέφθαρται,

2209 3112 2288 3182 τῷ
2334 3115 2392 3165 ὲν
2423 3116 2556 3184 ἡμῖν
2587 3115 2854 3186 κριτηρίῳ
2893 3115 2995 3184 τῆς
3038 3116 3278 3179 διανοίας
3312 3123 3577 3190 τιμωρεῖν
3628 3121 3807 3173 αὑτὸν

2213 3204 2308 3258 καὶ
2333 3204 2584 3272 ἀποξέειν
2613 3207 2714 3275 τῆς
2752 3207 2971 3272 κακίας,
3004 3210 3167 3261 οίονεὶ
3203 3209 3380 3280 δημίῳ
3420 3212 3484 3278 τῇ
3528 3210 3804 3282 ἀληθεία.

2209 3301 2380 3356 Τοῦτο
2415 3303 2525 3371 γάρ
2580 3299 2910 3353 παιδεύουσα
2955 3303 2986 3368 ἡ
3046 3299 3191 3352 κατὰ
3225 3301 3312 3353 τὸν
3358 3300 3640 3352 θεσπέσιον
3700 3306 3811 3356 καὶ

2207 3393 2584 3464 ἀνδρειότατον
2633 3388 2939 3459 ἀγωνιστὴν
2977 3389 3100 3441 ’1ὼὸ
3154 3389 3359 3459 ἱστορία
3389 3389 3548 3458 φησίν
3572 3405 3586 3418 ·
3626 3391 3810 3458 Νοῦς

2202 3486 2320 3556 μὲν
2345 3485 2442 3538 καί
2476 3480 2585 3550 οὖς
2616 3483 2854 3551 ῥήματα
2882 3481 3169 3550 διακρίνει
3193 3521 3208 3543 ,
3250 3481 3472 3552 λάρυγξ
3531 3479 3601 3534 δὲ
3652 3483 3807 3537 σῖτα

2207 3575 2794 3647 τεύεται.Συμφώνως
2830 3574 2886 3626 δὲ
2926 3574 3102 3644 τούτῳ
3147 3574 3331 3637 Δαδὶδ,
3393 3578 3422 3627 ὁ
3472 3573 3580 3627 τῶν
3634 3575 3805 3630 θείων

2211 3666 2472 3738 μελῳδὸς,
2490 3665 2645 3735 φησί’
2677 3664 2790 3718 Τὸν
2817 3664 3273 3719 καταλαλοῦντα
3296 3664 3486 3732 λάθρα
3507 3665 3614 3718 τοῦ
3639 3670 3808 3733 πλη-

2207 3760 2348 3812 σίον
2389 3756 2611 3821 αὑτοῦ,
2657 3755 2873 3808 τοῦτον
2901 3754 3243 3820 ἑξεδίωκον.
3300 3755 3360 3807 '0
3405 3755 3460 3808 δὲ
3502 3753 3612 3808 τῶν
3653 3755 3806 3808 ὅλων

2207 3851 2340 3914 Θεὸς
2376 3849 2486 3902 τῶν
2535 3847 2764 3902 οἰκετῶν
2821 3846 3238 3918 ὲπισφραγίζων
3292 3846 3361 3900 τά
3421 3848 3682 3917 ῥήματα,
3743 3848 3805 3901 ἐν

2207 3939 2559 4009 Εὑαγγελίοις
2592 3939 2760 4009 φησὶ,
2813 3939 3069 3992 Γίνεσθε
3120 3937 3450 4004 τραπεζῖται
3484 3939 3593 4006 (95)
3627 3937 3805 3992 δόκι-

2201 4045 2302 4096 μοι
2326 4067 2341 4091 ,
2389 4027 2801 4095 διακρίνοντες
2842 4027 2912 4080 ἐκ
2956 4025 3062 4080 τοῦ
3103 4026 3353 4096 δοκίμου
3383 4027 3450 4079 τὸ
3481 4027 3802 4094 κίϐδηλον.

2206 4118 2318 4188 υὺχ
2373 4117 2458 4170 ἵνα
2499 4117 2654 4188 δίκην
2709 4118 2817 4170 τῶν
2866 4117 3203 4171 κολυϐιστῶν
3256 4122 3641 4188 κομπήσαντες
3700 4122 3804 4173 τὸν

2205 4205 2338 4280 ἦχον
2371 4207 2686 4279 δεξώμεθα,
2741 4208 2856 4262 ἀλλ’
2892 4209 2978 4262 ἵνα
3031 4209 3416 4280 σταθμίζοντες
3447 4210 3546 4274 τὰς
3578 4212 3806 4280 ἀποφᾶ-

2210 4319 2324 4366 σεις
2355 4302 2464 4355 τῶν
2497 4300 3035 4372 προσδιαλεγομένων
3060 4343 3075 4367 ,
3107 4303 3198 4354 καὶ
3251 4303 3349 4366 τὰς
3396 4303 3652 4365 ἐκϐάσεις
3685 4306 3804 4354 τῷν

2211 4393 2602 4464 πραττομένων
2644 4431 2659 4456 ,
2701 4394 2793 4446 ἐπὶ
2858 4393 2957 4463 τὴν
3015 4393 3228 4447 δικαίαν
3281 4393 3482 4463 μᾶλλον
3534 4395 3803 4463 ρἑωμεν

2210 4485 2542 4553 πλάστιγγα.
2583 4485 2748 4538 Ὧτῶν
2803 4484 2911 4555 γὰρ
2973 4487 3068 4538 καὶ
3104 4484 3359 4552 γλωττῶν
3409 4485 3579 4548 πολύς
3632 4504 3722 4548 τις
3770 4488 3802 4540 ὁ

2209 4574 2491 4640 κίνδυνος,
2548 4577 2722 4647 βραχὺ
2776 4575 3096 4646 ὑπάρχουσα
3159 4575 3360 4646 μέλος,
3411 4575 3642 4643 ψεύδους
3698 4579 3802 4630 καὶ

2208 4665 2464 4736 ἀληθείας
2484 4665 2558 4737 ,ἦ
2591 4666 2790 4736 μᾶλλον
2833 4666 3108 4736 σωτηρίας
3138 4665 3232 4719 καὶ
3271 4664 3549 4727 ἀπωλείας
3590 4669 3800 4736 τυγχάο

2207 4775 2375 4813 νουσά
2446 4761 2829 4830 ἐργαστήριον.
2897 4761 2968 4813 ἰι
3028 4759 3282 4830 γλῶσσά
3335 4778 3454 4829 μου
3518 4760 3799 4830 κάλαμος

2208 4851 2591 4921 ηφαμματέως
2636 4851 2978 4920 ὀξυγρὰφου
3009 4891 3025 4916 ,
3061 4853 3156 4906 καὶ
3181 4892 3196 4915 ,
3246 4851 3308 4906 Ἠ
3357 4851 3612 4920 γλῶσσά
3669 4873 3799 4922 μου

2204 4945 2464 5010 λαλήσει
2498 4945 2913 5010 δικαιοσύνην.
2946 4945 3110 5014 φησιν
3133 4947 3163 4997 ὁ
3194 4943 3301 4997 τῶν
3336 4944 3498 4998 θείων
3527 4945 3793 5015 μελῳδὸς.

2205 5037 2316 5090 Καὶ
2341 5035 2502 5088 πάλιν
2523 5039 2552 5089 ὁ
2583 5036 2743 5100 αὐτὸς
2758 5078 2774 5103 ,
2811 5036 2944 5103 Ταῖς
2965 5037 3275 5106 γλώσσαις
3293 5035 3494 5090 αὐτῶν
3516 5038 3788 5092 ἐδολιοῦ-

2205 5143 2347 5192 σαν,
2379 5127 2477 5180 nat
2508 5128 2547 5195 ἡ
2575 5125 2827 5195 γλῶσσα
2852 5127 3053 5181 αὐτῶν
3071 5128 3213 5182 ὡσεί
3243 5127 3460 5196 ὄφεως,
3491 5127 3582 5194 ἰὸς
3607 5128 3796 5182 daal-

2203 5219 2324 5273 δων
2365 5219 2484 5274 ὑπὸ
2514 5217 2587 5272 τὰ
2615 5218 2786 5287 χείλη
2813 5217 3031 5272 αὐτῶν.
3059 5217 3372 5289 Συμφώνως
3404 5217 3460 5270 δὲ
3489 5218 3571 5289 τῷ
3618 5220 3795 5291 πατρὶ

2203 5313 2231 5363 ὁ
2286 5311 2394 5364 τῶν
2450 5310 2608 5364 θείων
2654 5311 2816 5380 σοφὸς
2869 5310 3121 5381 Σολομὼν
3172 5329 3340 5381 φησι,
3373 5312 3509 5380 Ζωὴ
3545 5315 3661 5382 γὰρ
3693 5314 3793 5367 καὶ

2605 5426 2652 5457 ⁸⁵
2681 5423 2830 5481 Psal.
2867 5441 3015 5490 κων,
3056 5425 3111 5479 2.
3188 5426 3236 5458 ⁸⁸
3281 5424 3426 5481 Psal.
3472 5442 3664 5485 xxxnv.
3695 5428 3788 5482 33.

2207 5603 2301 5672 qui
2332 5612 2386 5658 et
2413 5601 2544 5672 illud
2571 5602 2712 5656 inter
2745 5602 2851 5656 alia
2878 5603 3047 5656 multa
3078 5603 3356 5667 observat,
3388 5604 3536 5657 hunc
3563 5606 3786 5659 tim-aril

2209 5671 2387 5728 locum
2409 5689 2473 5743 ex
2504 5671 2726 5726 Palladii
2757 5673 2830 5726 De
2861 5673 2968 5743 rita
3002 5672 3362 5743 Cirrysostomi
3410 5690 3535 5742 cap.
3565 5677 3618 5735 ὁ,
3647 5679 3787 5730 srri-

2209 5743 2385 5812 ptoris
2414 5741 2655 5797 Caesario
2684 5742 3028 5807 recentioris,
3063 5741 3230 5797 fuisse
3265 5741 3527 5798 edictum.
