4048 6222
303 220 444 276 1061

304 338 566 398 ddi-ato;
598 332 673 386 ἐν
715 331 867 403 χειρὶ
900 330 1190 402 γλώσσης
1215 347 1229 361 ο
1271 331 1476 386 ὡσανεὶ
1531 333 1653 386 ἀντὶ
1703 329 1887 402 χειρὸς

301 430 400 482 τὸν
420 427 601 495 λόγον,
626 424 750 478 ἀντὶ
770 427 1050 493 φασγάνου
1072 423 1163 477 τὸν
1184 423 1356 486 δόλον,
1381 422 1550 492 φονέα
1579 422 1883 492 παριστῶν,

307 516 404 570 καὶ
431 515 490 567 ἐν
525 514 623 584 μιᾷ
662 512 842 583 μερίδι
872 511 964 565 τὸν
988 512 1314 584 ἀνδροφόνον
1346 513 1438 566 καὶ⁵
1475 512 1568 566 τὸν
1591 510 1761 566 δόλιον
1780 549 1796 574 ,
1824 511 1887 565 τὸ

301 607 462 660 Θεϊον
506 602 812 673 ἐψηφίσατο
835 642 851 664 ,
885 601 1067 665 καθώς
1100 619 1233 672 φησι
1264 601 1353 655 διὰ
1387 601 1481 656 τοῦ
1515 602 1750 671 μεγάλου
1780 604 1887 656 Δα-

303 696 412 758 σὶδ,
445 693 670 762 ’Ἄνδρα
698 691 959 762 αἱμάτων
986 694 1086 747 καὶ
1113 692 1320 747 δόλιον
1338 692 1885 758 ,ϐδελύσσεταιΚύ-

297 805 454 856 ριος.
503 786 561 839 '0
585 786 642 839 δὲ
685 784 805 855 Θεῷ
834 784 1116 854 βδελυκτὸς
1151 785 1368 848 πάντως
1397 786 1492 839 καὶ
1535 785 1842 856 τιμωρητός
1867 801 1882 816 °

302 878 380 940 ὡς
409 877 440 929 ὁ
467 877 839 949 παραῤῥιφεὶς
874 877 1088 948 σίδηρος
1110 877 1216 930 ὑπὸ
1241 877 1335 930 τοῦ
1367 877 1446 930 ίοῦ
1473 876 1883 948 δαπανώμενος,

305 969 402 1022 καὶ
431 967 586 1032 ξύλον
622 966 656 1038 ἦ
685 965 850 1038 ἐσθὴς
883 967 1102 1038 ῥυπαρά
1123 967 1460 1038 τυγχάνοντα
1489 970 1586 1022 καὶ
1627 968 1887 1038 βδελυκτά

303 1057 384 1128 τῷ
414 1057 648 1128 δεσπότῃ
683 1056 788 1109 ὑπὸ
825 1056 918 1109 τοῦ
967 1058 1288 1128 ἐγκειμένου
1319 1059 1542 1128 αῐσχους
1586 1059 1886 1128 καταφθεί-

305 1166 463 1220 ρεται
484 1148 554 1219 ’ἢ
588 1148 778 1218 ὥσπερ
807 1143 954 1212 οἶκος
979 1151 1047 1219 τῇ
1070 1149 1456 1219 ἐγκαταλείψει
1486 1147 1578 1203 τοῦ
1616 1149 1887 1204 ἐνοικοῦν-

300 1259 396 1305 τος
446 1238 821 1312 ὲρημούμενος
871 1240 1011 1294 κατά
1054 1240 1219 1311 μέρος
1250 1240 1529 1313 φθείρεται
1553 1259 1568 1274 ν
1597 1243 1888 1313 παραπλη-

306 1333 438 1396 σίως
473 1349 564 1401 μοι
596 1332 744 1384 δοκεῖ
781 1331 875 1384 καί
927 1331 1116 1402 βροτὸς
1168 1331 1288 1402 Θεῷ
1315 1331 1603 1402 βδελυκτὸς
1651 1336 1714 1406 τῇ
1764 1333 1886 1405 θείᾳ

304 1424 625 1492 ἀποστροφῇ
680 1420 785 1474 ὑπὸ
832 1421 941 1473 τῶν
994 1420 1415 1492 ἐγκεκραμένων
1483 1422 1635 1493 αὐτῷ
1695 1421 1884 1476 κακῶν

305 1513 647 1582 κακούμενος
711 1512 1112 1583 τιμωρεῖσθαι,
1169 1513 1268 1584 τῆς
1320 1514 1646 1582 ἀποφάσεως
1673 1552 1688 1577 ,
1747 1513 1881 1584 τῆς,

315 1587 636 1659 δΑπέλθετε
665 1603 764 1658 ἀπ’
806 1602 973 1672 ἐμοῦ,
997 1607 1050 1657 οἱ
1080 1602 1494 1671 κατηραμένοι,
1532 1606 1620 1669 εις
1671 1603 1734 1656 τὸ
1764 1603 1884 1672 πῦρ

303 1694 372 1747 τὸ
402 1692 646 1746 αἰώνιον
668 1732 684 1755 ,
719 1692 1067 1762 καταλλήλως
1114 1691 1220 1744 τῶν
1264 1693 1666 1764 ἡμαρτημένων
1711 1694 1885 1763 ἐμπε-

307 1785 509 1856 σούσης
543 1787 654 1848 τοῖς
691 1784 1098 1853 ἀκουσομένοις.
1121 1785 1257 1838 Τότε
1282 1787 1408 1848 τοὺς
1454 1785 1554 1854 μὲν
1579 1786 1744 1838 οἱονεὶ
1787 1785 1883 1839 ἄν·

305 1879 444 1950 θραξ
499 1879 557 1929 ἐν
593 1875 819 1948 ἀχύροις
864 1874 1122 1945 ἐμπεσὼν
1165 1878 1454 1946 διασμὴχει
1479 1877 1576 1929 καὶ
1606 1877 1884 1948 διαφλέγει

304 1969 573 2031 αίωνίως,
608 1968 744 2038 μήτε
789 1965 1084 2036 φθείρουσα
1111 2005 1125 2029 ,
1164 1967 1301 2036 μήτε
1335 1965 1669 2038 φθειρομένη
1705 1968 1794 2022 διὰ
1824 1969 1884 2023 τὸ

304 2059 616 2129 ἀφθάρτους
641 2058 790 2126 ἡμᾶς
813 2058 878 2110 ἐκ
905 2055 1094 2126 τάφων
1137 2056 1490 2110 ἀνίστασθαιο
1526 2058 1650 2122 τοὺς
1685 2059 1783 2130 μὲν
1811 2060 1888 2114 διο

304 2150 497 2212 καίους
534 2151 592 2201 ἐν
615 2147 768 2218 ἀδείᾳ
797 2149 892 2202 καὶ
945 2148 1286 2212 ἀναπαύσει,
1328 2149 1422 2202 καὶ
1470 2148 1620 2222 πάσῃ
1668 2151 1888 2222 ἐξουσίᾳ

307 2241 491 2310 μένειν
523 2239 835 2307 ἀφθάρτους
887 2237 1295 2303 διαιωνίζοντας
1318 2277 1334 2301 ,
1376 2241 1505 2304 τοὺς
1547 2241 1603 2296 δὲ
1642 2243 1888 2313 ἁμαρτή-

307 2348 507 2393 σαντας
535 2329 769 2392 αἰωνίως
796 2328 1261 2400 τιμωρουμένους,
1295 2330 1368 2401 μὴ
1399 2331 1734 2403 φθείρεσθαι,
1753 2332 1888 2387 ἀλλά

305 2425 578 2495 περιεῖναι
603 2423 660 2474 ἐν
688 2423 804 2485 τοῖς
827 2420 1232 2491 ἀφωρισμένοις
1260 2422 1470 2487 τόποις,
1497 2424 1886 2494 ἀσχάλλοντας,

303 2511 723 2583 ἀμηχανοῦντας
745 2551 760 2573 ,
791 2509 1223 2582 ἀδημονοῦντας.
1257 2511 1558 2580 ἀλγοῦντας
1583 2554 1600 2578 ,
1629 2513 1890 2586 όλοφυρο⁴

309 2604 536 2674 μένους,
562 2604 929 2675 τρυχομένους
949 2643 964 2666 ,
997 2602 1339 2667 κωκύοντας,
1369 2604 1750 2676 δακνομένους,
1785 2605 1890 2658 τιλ·

305 2694 569 2764 λομένους
593 2732 609 2754 ,
645 2693 1013 2758 ἀλαλάζοντας
1035 2734 1051 2759 ,
1087 2692 1522 2764 ἀραττομένους,
1570 2694 1734 2765 μηδὲν
1775 2694 1890 2748 λοιο

308 2786 415 2840 πὸν
440 2783 885 2855 δυναμένους,τὸν
909 2782 1007 2838 νῦν
1055 2783 1246 2854 καιρὸν
1303 2783 1401 2854 τῆς
1432 2785 1718 2854 μετανοίας
1748 2803 1890 2859 παρ-

304 2876 627 2946 ωσαμένους
652 2914 667 2938 ,
691 2878 803 2937 τοῖς
826 2874 1102 2945 δεομένοις
1130 2874 1201 2926 τά
1244 2873 1468 2939 ἐαυτῶν,
1502 2876 1710 2939 ἑαυτοῖς
1743 2875 1799 2929 δὲ
1825 2877 1891 2930 τὰ

306 2967 406 3021 τοῦ
444 2965 580 3020 Θεοῦ
607 2965 894 3035 σπλάγχνα
921 2961 1371 3025 ἀποκλείσαντας.
1398 2965 1680 3028 Ἀγέλεως
1710 2965 1819 3033 γὰρ
1850 2964 1889 3032 ἡ

308 3061 514 3128 κρίσις
568 3058 650 3123 τῷ
689 3056 777 3128 μὴ
836 3055 1158 3122 ποιήσαντι
1212 3056 1418 3122 ἕλεος,
1469 3057 1636 3126 φησὶν
1682 3059 1715 3128 ἡ
1773 3057 1892 3111 θεία

311 3154 462 3222 φωνή
486 3167 500 3180 ο
530 3153 642 3213 τοῖς
683 3149 740 3202 δὲ
775 3149 867 3202 καὶ
894 3149 1083 3222 σκότος
1107 3151 1164 3201 ἐν
1191 3149 1478 3220 ἐξωτέροις
1523 3148 1760 3203 ἐλαύνων
1802 3150 1894 3202 τόο

311 3209 500 3312 ποις-’ἡ
551 3209 646 3295 τοῦ
694 3238 880 3310 κριτοῦ
909 3209 1184 3308 ἀπόφασις
1230 3209 1440 3308 γίνεται
1458 3209 1482 3303 ν,
1517 3241 1642 3302 τοὺς
1687 3241 1893 3304 αἰτίους

315 3327 659 3401 μαστιγοῦσα
692 3329 786 3382 καὶ
831 3326 1190 3394 ἐξελαύνουσα
1213 3344 1227 3358 ο
1266 3328 1342 3391 ὡς
1394 3330 1428 3398 ἡ
1464 3329 1585 3381 κατ’
1619 3329 1894 3397 Αἴγυπτον

314 3419 529 3490 ιστορία
561 3417 842 3471 παιδεύειο
905 3417 1036 3486 μιᾶς
1086 3417 1202 3488 μὲν,
1243 3419 1536 3488 γινομένης
1589 3419 1688 3489 τῆς
1745 3420 1895 3484 θείας

311 3512 641 3579 ἀποφάσεως
667 3549 682 3572 ,
749 3509 1099 3580 καταλλὴλως
1165 3510 1223 3564 δὲ
1275 3513 1339 3581 τῇ
1408 3513 1724 3581 προαιρέσει
1783 3512 1895 3566 τῶν

312 3602 622 3655 ἀκουόντων
658 3601 1107 3673 άρμοττομένηςο
1158 3603 1491 3671 Αἰγυπτίους
1550 3605 1648 3675 μὲν
1702 3607 1760 3659 ἐν
1816 3606 1896 3678 τῷ

309 3694 514 3765 Φαραὼ
547 3695 884 3764 τιμωροῦσα,
924 3695 1266 3766 Ἰσραηλίτας
1308 3696 1363 3749 δὲ
1392 3695 1471 3766 τῷ
1497 3699 1688 3750 Μωσεί
1709 3697 1898 3751 διασὼο

312 3785 503 3850 ζουσα.
527 3785 653 3848 Τοῖς
689 3786 788 3855 μὲν
817 3785 925 3857 γάρ
959 3787 1203 3854 φοινίξας
1246 3787 1340 3839 τὸν
1379 3787 1569 3840 Νεῖλον
1613 3784 1752 3859 αἷμα
1798 3791 1900 3842 ἀπ-

310 3870 483 3937 έδειξε
514 3873 652 3944 πρὸς
692 3875 965 3948 τιμωρίαν
1013 3875 1233 3944 δίψους,
1283 3879 1395 3939 τοῖς
1442 3876 1500 3930 δὲ
1541 3875 1686 3948 ὕδωρ
1712 3879 1898 3931 ἀῖκτον

313 3963 479 4034 φύσιν
503 3965 734 4034 ἐφύλαξε
756 4005 771 4029 ,
814 3969 928 4030 τοῖς
961 3967 1059 4037 μὲν
1085 3967 1148 4020 τὸ
1195 3967 1454 4039 ἡμερινὸν
1489 3969 1622 4038 φάος
1665 3971 1745 4033 εἰς
1775 3972 1901 4024 σκό-

311 4073 406 4120 τος
434 4056 752 4128 ψηλαφητὸν
779 4057 1078 4128 μετέστησε
1107 4097 1122 4122 ,
1146 4062 1260 4123 τοῖς
1287 4059 1346 4112 δέ
1388 4058 1480 4112 ἐπὶ
1512 4063 1624 4123 τοῖς
1650 4061 1796 4131 ὅροις
1837 4061 1900 4114 τὸ

312 4149 433 4217 φῶς
464 4147 766 4218 διεφύλαξε·
795 4152 907 4212 τοῖς
937 4151 1034 4220 μὲν
1058 4150 1118 4203 τὸ
1158 4149 1472 4223 Ἐρυθραῖον
1500 4151 1734 4220 πέλαγος
1764 4152 1901 4226 πρὸς

311 4238 564 4302 διάσασιν
608 4239 935 4311 διεχίρσωσε
959 4279 976 4304 ,
1029 4243 1142 4304 τοῖς
1196 4241 1253 4294 δὲ
1309 4242 1441 4296 αὐτὸ
1494 4244 1898 4314 ἐπισυνάψασα,

313 4329 562 4399 οἴχεσθαι
591 4331 954 4401 ὑποόρυχίους
981 4329 1288 4403 φθαρέντας
1309 4332 1586 4388 κατέλιπε.
1608 4334 1902 4405 Παραπληο

317 4421 450 4485 σίως
476 4422 569 4474 καὶ
614 4422 707 4474 ἐπὶ
740 4422 840 4492 τῆς
873 4420 1227 4476 Βαϐυλωνίων
1256 4424 1486 4494 καμίνου
1507 4464 1522 4488 ,
1580 4427 1710 4494 μιᾶς
1745 4427 1898 4497 ἐνερ-

314 4515 522 4582 γούσης
579 4514 940 4582 ἀποφάσεως,
991 4516 1042 4566 oi
1100 4513 1200 4584 μὲν
1244 4518 1392 4584 τρεῖς
1433 4516 1672 4589 Ἑϐραῖοι
1710 4519 1901 4582 παῖδες

316 4607 484 4659 οἱονεὶ
511 4606 570 4658 ἐν
601 4605 741 4677 μέσῃ
759 4606 936 4676 δρόσῳ
960 4609 1026 4676 τῇ
1058 4605 1218 4676 φλογὶ
1249 4605 1556 4678 διέσκαιρον
1583 4609 1898 4678 ὑμνοῦντες,

314 4699 366 4750 oi.
391 4698 448 4750 δὲ
470 4700 538 4767 τῇ
564 4697 798 4768 ὑποϐολῇ
830 4696 930 4766 τῆς
961 4696 1093 4768 ὕλης
1118 4697 1515 4768 ύποτρέφοντες
1541 4701 1636 4752 καὶ
1664 4700 1758 4753 ἐπὶ⁸
1785 4717 1904 4754 τεσ-

317 4788 630 4859 σαράκοντα
653 4789 808 4841 ἐννέα
843 4789 1042 4859 πήχεις
1075 4788 1438 4860 κορυφοῦντες
1459 4789 1556 4861 τὴν
1581 4791 1774 4859 φλόγα,
1807 4790 1901 4843 ὑπ’

316 4879 494 4948 αὐτῆς
519 4879 712 4933 θᾶττον
748 4878 911 4950 μέχρι
939 4879 1141 4943 κόνεως
1164 4879 1630 4950 κατεφλέχθησαν.
1668 4883 1900 4952 Ὁμοίως

315 4969 376 5022 δὲ
406 4970 499 5022 καὶ
529 4969 628 5040 τὴν
665 4968 860 5040 χέρσον
908 4969 1066 5039 ῐσμεν
1113 4968 1191 5039 τῷ
1219 4968 1348 5040 θείῳ
1369 4970 1698 5042 πειθομένην
1727 4989 1901 5045 προσ·-

316 5060 582 5130 τάγματι,
614 5060 943 5130 διασχοῦσαν
976 5061 1068 5114 τὸν
1099 5061 1276 5114 Δαθάν
1340 5063 1433 5115 καὶ
1475 5063 1736 5134 Ἀδειρὼν
1766 5065 1902 5134 πρὸς

316 5152 591 5222 τιμωρίαν
639 5152 1098 5218 ἐνυποδέξασθαι,
1147 5154 1275 5217 τοὺς
1326 5154 1371 5206 δ’
1401 5155 1678 5220 ἀναιτίους
1716 5157 1902 5228 φέρειν

319 5243 466 5297 κατά
486 5244 648 5312 φύσιν
670 5245 728 5296 ἐν
748 5243 828 5313 τῷ
852 5243 1001 5314 αύτῷ
1025 5244 1196 5315 τόπῳ,
1229 5246 1287 5299 ἐν
1319 5249 1383 5318 τῇ
1417 5247 1552 5318 αὐτῇ
1593 5249 1625 5317 ἡ
1635 5248 1777 5319 μέρᾳ
1807 5250 1900 5302 καὶ

317 5334 460 5405 ἄρα.
497 5334 654 5388 Οὕτω
680 5335 738 5388 δέ
775 5335 990 5388 καὶτὸν
1036 5335 1298 5408 δύστηνον
1347 5339 1505 5405 Κάῖν,
1541 5344 1664 5405 ταῖς
1712 5343 1906 5408 ἀκοαῖς

320 5423 640 5494 εμπεσοῦσα
690 5427 724 5495 ἡ
772 5425 892 5480 θεία
923 5427 1230 5496 ἀπόφασις,
1289 5433 1611 5501 τιμωρεῖται
1649 5432 1902 5502 λέγουσα,

1693 211 2042 271 υιλωσυδ
2089 215 2176 271 ιιι.

3427 232 3447 287 t
3458 229 3564 286 om

1993 333 2182 400 pontis,
2232 349 2482 387 venenum
2510 337 2756 404 aspidum
2808 339 2902 394 sub
2943 339 3100 394 labiis
3149 357 3327 396 eorum
3354 344 3418 398 “.
3463 347 3568 400 As-

1993 422 2226 477 sentitnr
2254 433 2310 477 ct
2336 425 2475 493 patri
2505 427 2815 484 divinarum
2851 445 3032 484 rerum
3067 433 3271 500 peritus
3307 435 3566 490 Salomon

1993 511 2081 567 his
2119 515 2344 571 verbis:
2389 515 2512 571 Vita
2534 520 2674 572 enim
2705 531 2755 574 et
2781 538 2924 576 more
2967 522 3020 576 in
3065 540 3226 578 manu
3265 525 3461 596 lingua:
3480 527 3564 582 δί

1992 605 2151 673 quasi
2169 620 2270 674 pro
2299 622 2462 661 mann
2487 624 2819 670 sermonem.
2849 628 2947 681 pro
2967 613 3148 683 gladio
3166 615 3378 679 dolum.
3398 618 3571 672 homi-

1992 695 2169 749 cidam
2195 698 2247 749 in
2274 691 2514 752 medium
2540 703 2810 768 producat
2842 703 3006 766 Deus,
3041 707 3094 758 in
3119 707 3309 760 eodem
3362 708 3480 762 loco
3504 722 3571 764 ac

1993 802 2224 842 numero
2250 789 2579 844 homicidam
2634 801 2688 846 et
2713 792 2964 847 dolosum
3011 798 3183 863 ponit.
3209 798 3570 864 quemadmo-

1991 879 2121 932 dum
2142 890 2195 933 et
2211 881 2391 948 magni
2418 879 2638 936 Davidis
2668 899 2764 937 ore
2795 885 2972 939 dixit:
3023 885 3205 956 erum
3247 888 3567 956 sanguinum

1991 980 2041 1025 et
2062 971 2304 1025 dolosam
2319 973 2711 1028 abominabitur
2735 976 2993 1030 Dominus
3011 978 3077 1032 ⁵⁰.
3102 978 3274 1043 Quem
3289 995 3420 1033 vero
3440 995 3564 1034 cen-

1993 1072 2076 1118 set
2101 1064 2524 1120 abominandum
2556 1064 2719 1132 Deus,
2749 1068 2794 1121 is
2836 1070 2994 1137 plane
3019 1071 3289 1138 supplicio
3329 1072 3570 1124 multan-

1991 1153 2095 1209 dus
2116 1164 2217 1209 est.
2237 1154 2707 1220 Quemadmodum
2731 1169 2786 1213 et
2811 1158 3014 1213 ferrum
3041 1161 3334 1228 abjectnm,
3354 1177 3384 1214 a
3409 1162 3564 1216 rubi-

1992 1246 2117 1316 gine
2153 1239 2403 1313 exesum,
2435 1259 2490 1304 et
2511 1250 2718 1322 lignum
2744 1261 2839 1306 aut
2862 1255 3030 1308 vestis
3055 1272 3174 1323 quas
3198 1255 3565 1310 abominanda

1992 1347 2118 1392 sunt
2150 1339 2376 1395 domino
2407 1357 2530 1407 suo,
2565 1358 2596 1396 a
2637 1344 2890 1398 sordibus
2939 1346 3142 1414 quibus
3186 1355 3419 1407 scatent,
3471 1347 3564 1400 ah-

1994 1439 2330 1495 sumuntur;
2367 1440 2482 1492 aut,
2526 1434 2984 1502 quemadmodum
3044 1435 3262 1499 domus,
3293 1437 3440 1505 quod
3481 1437 3564 1490 in-

1991 1518 2204 1588 quilino
2239 1521 2311 1574 sit
2343 1521 2604 1575 destituta
2645 1523 3010 1590 particulatim
3068 1524 3389 1577 destruitnr.
3442 1523 3565 1577 Pari

1992 1605 2204 1659 ratione
2235 1608 2369 1660 mihi
2399 1595 2620 1662 videtan
2650 1621 2701 1663 et
2727 1613 2996 1676 mortalis,
3027 1612 3122 1681 qui
3169 1613 3562 1667 abominationi

1992 1708 2077 1751 est
2107 1695 2218 1751 Deo
2239 1713 2306 1752 ex
2338 1699 2626 1752 aversione
2647 1700 2831 1754 divina
2853 1703 3013 1756 malis
3041 1717 3336 1771 oppressus
3365 1702 3568 1772 quibus

1991 1786 2308 1856 inquinatus
2351 1797 2434 1841 est.
2488 1789 2699 1856 puniri,
2726 1807 2847 1843 cum
2900 1792 2952 1844 in
2994 1807 3088 1846 eos
3144 1793 3414 1847 sententia
3456 1793 3566 1846 lata

1991 1874 2156 1930 fuerit
2175 1875 2262 1928 illa
2286 1876 2378 1944 qui
2406 1872 2674 1932 audient:
2706 1876 2970 1932 Discedite
2999 1897 3031 1932 a
3060 1896 3165 1940 me.
3192 1880 3484 1944 maledicti,
3509 1880 3566 1935 in

1992 1965 2163 2032 ignem
2184 1966 2520 2030 wternum",
2541 1967 2633 2036 qui
2649 1982 2747 2036 pro
2761 1969 2970 2040 meritis
2990 1987 3178 2024 eorum
3195 1986 3317 2042 quas
3337 1973 3562 2028 admise-

1990 2055 2101 2108 rint
2126 2065 2473 2123 peccatorum
2503 2057 2828 2126 plectemur.
2848 2057 2985 2113 Tum
3015 2076 3144 2114 vero
3176 2063 3314 2116 alios
3337 2062 3560 2132 quidem

1991 2155 2250 2216 tanqnam
2275 2150 2329 2201 in
2354 2149 2537 2218 paleas
2555 2149 2800 2208 incidens
2817 2153 2983 2207 carbo
3003 2164 3294 2224 perpurgat
3310 2163 3362 2209 et
3379 2156 3564 2209 exurit

1990 2237 2046 2293 in
2071 2247 2416 2309 perpetuum,
2441 2257 2616 2312 neque
2652 2259 3012 2315 corrumpens
3030 2285 3046 2309 ,
3071 2261 3250 2316 neque
3276 2255 3559 2317 corrupta.

1987 2339 2275 2401 propterea
2301 2333 2445 2402 quod
2469 2349 2536 2388 ex
2566 2335 2836 2402 sepulcris
2866 2351 2965 2391 nos
2994 2337 3439 2407 incorruptibiles
3465 2353 3530 2391 ex
3547 2366 3563 2377 -

1989 2436 2295 2491 surgemus.
2321 2419 2460 2475 Jnsti
2485 2433 2664 2476 autem
2688 2423 2742 2476 in
2769 2425 3061 2478 securitate
3083 2439 3146 2478 ac
3182 2426 3390 2494 requie,
3409 2425 3558 2478 omni
3629 2461 3632 2464 η

1989 2512 2237 2566 libertate
2266 2509 2452 2564 donati
2479 2515 2798 2576 permanent
2830 2509 2885 2560 in
2916 2516 3233 2574 perpetuum
3281 2505 3564 2560 immorta-

1992 2604 2090 2658 les.
2133 2601 2238 2668 Qui
2281 2617 2411 2655 vero
2446 2616 2505 2655 se
2530 2599 2772 2671 peccatis
2813 2597 3251 2662 obstrinxerunt,
3276 2597 3406 2652 dum
3433 2611 3566 2665 sup-

1992 2691 2134 2745 liciis
2167 2691 2470 2760 puniuntur
2498 2690 2736 2753 aeternis,
2775 2704 2875 2744 nec
2897 2699 3326 2759 corrumpuntur
3348 2703 3447 2743 nec
3481 2689 3570 2743 in.

1993 2790 2228 2847 tereunt,
2259 2783 2352 2836 sed
2395 2781 2448 2834 in
2497 2780 2798 2850 designatis
2829 2779 2966 2834 locis
2997 2795 3162 2843 super
3215 2789 3392 2832 sortes
3434 2793 3566 2847 per-

1992 2881 2236 2938 manent,
2269 2880 2584 2936 manentes,
2612 2871 2666 2924 in
2721 2872 3009 2939 angustias
3064 2870 3290 2933 redacti,
3342 2870 3523 2924 tristes
3549 2909 3567 2934 ,

1991 2963 2261 3028 dolentes,
2287 2963 2669 3026 lamentantes,
2712 2961 3032 3023 excruciati,
3058 2961 3327 3031 lugentes.
3360 2961 3568 3026 amicti,

1994 3057 2290 3118 ululantes,
2315 3056 2520 3117 vexati,
2575 3053 2712 3108 nihil
2768 3054 3026 3121 deinceps
3086 3067 3248 3122 agere
3285 3053 3570 3115 valentes.

1993 3148 2090 3218 qni
2137 3162 2376 3215 praesens
2439 3145 3026 3216 pmnitentiaatempus
3079 3147 3426 3212 rejecernnt,
3476 3143 3573 3212 qui

1995 3238 2330 3308 pauperibus
2353 3236 2641 3291 facultates
2666 3252 2818 3299 suas,
2850 3235 2953 3290 sibi
2995 3249 3122 3288 vero
3171 3234 3367 3288 divina:
3409 3234 3575 3288 miseo

1995 3330 2251 3385 ricordia:
2297 3329 2506 3382 viscera
2575 3329 2946 3382 occluserunt.
2977 3324 3252 3379 Iudicium
3291 3326 3430 3380 enim
3460 3326 3574 3378 sine

1996 3422 2362 3477 misericordia
2399 3420 2503 3485 illi,
2537 3422 2629 3490 qui
2659 3435 2762 3472 non
2799 3419 2982 3487 fecerit
3022 3418 3466 3480 misericordiam,
3498 3417 3577 3469 in-

1995 3515 2114 3584 quit
2154 3513 2338 3567 divina
2369 3526 2474 3565 vox
2502 3512 2548 3542 "
2580 3530 2593 3565 :
2635 3510 2772 3563 alios
2806 3525 2872 3563 an
2887 3519 2992 3562 tem
3022 3517 3075 3561 et
3123 3509 3362 3562 tenebrae
3392 3508 3445 3561 in
3478 3523 3571 3564 ex-

1997 3603 2292 3658 terioribus
2319 3611 2515 3657 vexant
2541 3601 2702 3664 locis,
2739 3616 2806 3653 ex
2836 3599 3108 3653 sententia
3156 3613 3280 3665 qua:
3327 3613 3449 3652 reos
3477 3599 3575 3650 ﬂa-

1997 3697 2159 3768 gellat
2187 3704 2242 3749 et
2267 3695 2528 3764 exagitat,
2570 3700 2730 3762 prout
2784 3691 3013 3744 historia
3042 3690 3109 3743 de
3163 3689 3436 3760 Aigyptiis
3473 3704 3579 3742 nos

1997 3788 2190 3844 edocet
2207 3786 2280 3850 ⁸⁸,
2311 3787 2440 3839 dum
2479 3798 2585 3838 una
2616 3782 2836 3852 quidem
2871 3780 3042 3836 fertur
3075 3793 3105 3833 a
3137 3778 3248 3833 Deo
3278 3777 3572 3838 sententia,

1999 3880 2093 3935 sed
2123 3878 2190 3932 ad
2225 3874 2560 3947 pr0positum
2616 3882 2796 3927 tamen
2833 3887 2897 3928 ac
2946 3878 3201 3926 meritum
3254 3885 3443 3924 eorum
3477 3869 3573 3938 qni
3624 3876 3627 3878 ’

1999 3970 2228 4025 audiunt
2272 3965 2740 4022 accommodatur.
2775 3961 2909 4016 Nam
2942 3960 3232 4032 IE'gyptios
3257 3961 3481 4030 quidem
3520 3961 3574 4014 in

1999 4065 2285 4119 Pharaone
2344 4059 2602 4129 castigat,
2693 4057 2968 4112 lsraelitas
2994 4064 3173 4108 autem
3221 4053 3390 4123 Moysi
3438 4067 3576 4105 con-
3620 4125 3630 4135 .

2001 4160 2181 4207 servat
2209 4152 2534 4214 incolumes,
2566 4147 2833 4218 siquidem
2883 4147 2990 4200 illis
3027 4144 3210 4199 Nilum
3266 4143 3433 4198 rubro
3483 4157 3578 4198 eo.

2001 4247 2117 4300 lore
2154 4243 2436 4315 perfusum
2472 4243 2524 4295 in
2581 4239 2902 4310 sanguinem
2965 4237 3146 4298 vertit,
3181 4244 3242 4290 ut
3297 4234 3385 4288 siti
3418 4235 3579 4304 pnnio

2001 4347 2216 4401 rentur,
2245 4336 2332 4389 his
2369 4350 2498 4388 vero
2527 4333 2792 4400 integram
2825 4345 2980 4399 aqum
3007 4338 3256 4382 naturam
3286 4325 3579 4379 illibatam-

1991 4444 2107 4515 lqne
2133 4425 2408 4490 servavit;
2446 4423 2552 4478 illis
2585 4422 2804 4493 quidem
2843 4422 3017 4475 lucem
3059 4417 3298 4471 divinam
3330 4416 3383 4468 in
3415 4423 3576 4468 tene-

2003 4527 2130 4576 bras
2157 4518 2386 4574 mutavit
2420 4515 2743 4585 palpabiles,
2772 4514 2858 4567 his
2888 4527 3017 4566 vero
3047 4511 3188 4564 intra
3215 4507 3416 4561 limites
3444 4519 3576 4558 suos

2003 4615 2178 4668 lucem
2212 4609 2583 4673 conservavit;
2615 4607 2723 4662 illis
2753 4605 3090 4678 Erythrreum
3126 4616 3272 4654 mare
3305 4608 3359 4653 ut
3395 4607 3579 4651 trans-

2005 4706 2070 4759 iri
2107 4712 2310 4773 posset,
2351 4706 2405 4756 in
2447 4699 2818 4755 continentem
2851 4693 3140 4756 convertit,
3183 4692 3268 4746 his
3301 4703 3431 4744 vero
3457 4702 3580 4741 rnr-

2005 4813 2099 4851 sus
2127 4795 2442 4849 coalescens
2500 4789 2630 4844 illud
2661 4788 2880 4858 obiecit,
2919 4795 2980 4841 ut
3039 4786 3094 4840 in
3159 4781 3290 4837 illud
3345 4777 3577 4849 ingressi

2005 4887 2260 4941 ﬂuctibus
2289 4882 2532 4938 immersi
2560 4881 2840 4951 perierint.
2873 4877 2995 4933 Pari
3028 4875 3240 4931 ratione
3272 4873 3325 4927 in
3355 4870 3580 4926 fornace

2003 4991 2221 5049 quoque
2252 4972 2574 5044 Babylonica
2595 4973 2784 5026 "cum
2805 4987 2910 5026 una
2939 4968 3204 5025 sententia
3237 4971 3578 5036 operaretur,

2005 5079 2116 5124 tres
2141 5066 2360 5137 quidem
2389 5063 2598 5118 Hebraei
2634 5063 2786 5133 pueri
2838 5071 3098 5130 tanquam
3135 5058 3188 5112 in
3225 5058 3404 5112 medio
3456 5069 3580 5109 rore

2006 5161 2058 5215 in
2085 5159 2303 5213 ﬂamma
2347 5155 2740 5225 tripndiabant,
2775 5162 2830 5208 et
2881 5152 3113 5224 hymnos
3165 5150 3473 5209 canebant;
3526 5153 3583 5198 at

2006 5254 2099 5321 qui
2127 5263 2247 5303 eam
2292 5247 2519 5302 materia
2584 5245 2778 5314 injecta
2812 5242 3091 5304 fovebant,
3119 5252 3173 5296 et
3207 5241 3272 5296 ad
3333 5237 3580 5293 altitudi-

2013 5357 2134 5396 nem
2195 5338 2558 5410 quadraginta
2619 5351 2811 5390 novem
2869 5335 3178 5390 cubitorum
3235 5327 3580 5388 evehebant,

2015 5430 2308 5488 confestim
2346 5429 2415 5483 ab
2454 5428 2571 5498 ipsa
2600 5426 2870 5482 combusti
2912 5433 3075 5495 atque
3110 5421 3165 5474 in
3196 5419 3407 5474 cineres
3451 5424 3582 5470 sunt

396 5580 442 5611 “
460 5579 876 5661 £331.53“an
906 5581 962 5635 4.
991 5583 1089 5661 ﬂ“
1124 5584 1283 5642 Prov.
1321 5603 1473 5653 svnt,
1520 5588 1612 5643 2|.
1691 5590 1737 5622 “
1782 5591 1884 5649 Psa

1996 5596 2090 5661 ,7.
2170 5597 2211 5628 "
2247 5593 2438 5650 Matth.
2483 5607 2610 5655 λιν,
2649 5588 2740 5642 41.
2816 5589 2860 5620 ⁸’
2889 5584 3004 5641 Jac.
3048 5599 3108 5650 tt,
3144 5581 3225 5636 ιδ.
3303 5581 3348 5612 ’³
3411 5577 3583 5633 Iliad.

321 5664 424 5716 vn,
458 5650 550 5706 20.
627 5651 674 5684 “
699 5651 836 5704 Dan.
874 5667 957 5718 tn,
989 5653 1081 5707 20.
