4048 6222
548 271 692 331 10ὒῦ

547 393 774 449 redacti.
813 389 1014 446 Eodem
1056 399 1216 459 pacto
1240 390 1448 445 scimus
1480 396 1681 442 terram
1716 388 1902 443 divino
1924 403 2121 458 paren-

550 496 658 540 tem
694 484 949 537 mandato
977 482 1255 536 diductam
1295 489 1351 535 et
1382 480 1624 533 hiantem
1661 478 1870 533 Dathan
1907 490 1959 533 et
1998 480 2128 532 Abi-

552 591 649 630 ron
712 576 764 627 in
829 590 1047 643 pcenam
1116 573 1408 640 absorptos
1457 572 1739 641 excepisse
1764 572 1852 637 ";
1898 579 2127 625 caeteros

551 676 734 718 autem
765 665 1015 717 innoxios
1047 678 1199 717 more
1232 664 1395 717 solito
1421 662 1611 716 eodem
1643 663 1783 721 loco.
1810 661 1998 714 eadem
2042 661 2129 713 die

552 764 717 823 atque
773 757 961 809 eadem
1024 754 1156 808 hora
1212 763 1573 807 sustentasse.
1618 751 1709 805 Sic
1759 760 1813 804 et
1867 751 2125 804 miserum

551 847 685 899 Cain
715 828 985 899 sententia
1016 846 1199 899 divina
1244 846 1297 897 in
1333 845 1453 912 ejus
1489 844 1733 897 insidens
1776 858 1936 896 aures
1966 842 2125 910 puni-

552 938 629 990 vit
655 938 843 992 dicens
870 957 881 991 :
913 937 1131 999 Gemens
1161 946 1209 990 et
1236 947 1460 989 tremens
1494 937 1600 988 eris
1635 952 1791 1003 super
1832 948 2029 988 terram
2052 934 2121 997 ⁸⁸,

551 1038 605 1081 et
643 1030 824 1082 statim
862 1045 947 1083 res
980 1030 1091 1097 ipsa
1126 1029 1289 1081 verba
1324 1037 1511 1082 secuta
1545 1036 1651 1092 est,
1684 1042 1922 1095 eumque
1954 1026 2126 1081 insta-

555 1121 645 1173 bili
683 1131 921 1173 tremore
954 1137 1017 1173 ac
1060 1120 1271 1187 lugubri
1323 1119 1530 1187 gemitu
1589 1135 1657 1171 ex
1714 1118 1906 1171 intimo
1961 1116 2132 1170 corde

1658 264 1713 321 S.
1745 263 2043 321 CAESAR"
2080 262 2409 319 GRECORII
2450 259 2753 315 FRATRIS

3678 260 3819 317 ιοοε

2230 386 2466 440 Στένων
2493 386 2592 438 καὶ
2623 385 2852 453 τρέμων
2892 384 3009 451 ἔσῃ
3040 383 3141 435 ἐπὶ
3174 381 3287 450 τῆς
3338 382 3453 452 τῆς
3476 421 3491 446 ,
3528 384 3629 436 καὶ
3666 380 3821 449 αὖθις

2233 479 2267 546 ἡ
2300 480 2464 545 πεῖρα
2492 475 2570 544 τῷ
2597 474 2739 544 λόγῳ
2767 473 3196 545 ἐπηκολούθησε,
3227 473 3545 544 τιμωροῦσα
3571 474 3674 543 μὲν
3695 476 3816 529 κλύ-

2234 585 2309 636 νῳ
2342 566 2562 635 ἀστάτῳ
2594 568 2687 618 καὶ
2718 564 3009 635 στεναγμῷ
3060 565 3321 637 θρηνώδει
3361 567 3427 618 ἐκ
3468 565 3703 635 καρδίας
3729 566 3821 619 καὶ

2232 658 2441 727 ὀνύχων
2466 696 2481 718 ,
2531 658 2832 711 ἀνασπῶσα
2884 657 2974 709 τὸν
3036 658 3250 727 πρῶτον
3293 659 3352 709 ἐν
3409 657 3604 727 κόσμῳ
3658 658 3824 725 (φονέα

2234 749 2620 812 ἀδελφοκτόνον
2650 749 2793 801 Καῒν
2822 787 2835 811 ,
2872 749 2971 801 οὐκ
2996 747 3294 818 ἀναιροῦσα
3321 748 3378 800 δὲ
3418 747 3610 800 τοῦτον
3642 749 3823 801 θανεῖν

2238 841 2603 911 ίμειρόμενον,
2652 840 2747 893 καὶ
2780 839 3008 909 βοῶντα,
3047 840 3409 905 Ἐσται,πίἱς
3441 842 3475 893 ό
3518 840 3825 907 εὑρίσκων

2233 954 2305 1005 με
2334 935 2648 990 ἀποκτενεῖ
2692 952 2764 1001 με
2786 951 2800 965 ⁸
2838 935 2975 1006 πρὸς
3026 935 3085 988 ὃν
3134 936 3195 987 τὸ
3238 936 3391 988 Θεῖον
3434 937 3802 1002 ἀποφαίνετε..

2236 1029 2359 1095 Οὐχ
2396 1026 2606 1091 οὕτως’
2645 1026 2898 1095 σημεῖον
2932 1041 3043 1095 γαρ
3074 1026 3295 1095 ἐθέμην
3323 1027 3422 1079 ἐπὶ
3451 1028 3575 1091 σοὶ,
3608 1027 3715 1081 τοῦ
3738 1028 3823 1095 μὴ

2232 1120 2474 1173 ἀνελεῖν
2502 1136 2577 1173 σε
2605 1120 2802 1172 πάντα
2832 1119 2940 1172 τὸν
2968 1120 3351 1187 εὑρίσκοντα.

553 1224 715 1281 atque
750 1214 1029 1282 unguibus
1068 1213 1234 1265 ducto
1282 1212 1517 1277 primum
1572 1208 1903 1264 homicidam
1957 1208 2011 1262 in
2068 1208 2275 1263 mundo
2326 1210 2624 1280 fratrisque
2668 1225 3049 1279 percussorem
3108 1212 3364 1279 punivit,
3414 1226 3515 1266 nec
3561 1218 3753 1264 tamen
3794 1225 3825 1265 e

554 1305 734 1356 medio
764 1304 1007 1367 sustulit,
1064 1304 1318 1372 quamvis
1371 1302 1506 1353 mori
1561 1307 1911 1369 percuperet,
1960 1306 2014 1351 et
2059 1298 2389 1355 exclamaret
2419 1320 2431 1355 :
2468 1300 2537 1353 Et
2567 1301 2688 1365 erit,
2718 1301 2891 1352 omnis
2925 1300 3017 1369 qui
3052 1299 3301 1352 invenerit
3333 1315 3431 1361 me,
3483 1300 3691 1352 occidet
3722 1316 3819 1352 me.

560 1392 660 1447 Cui
695 1395 1032 1463 respondens
1066 1392 1440 1462 pronuntiavit
1475 1390 1619 1446 Deus
1656 1408 1671 1445 :
1720 1389 1843 1442 Non
1880 1389 1956 1441 sic
1979 1404 1998 1442 :
2044 1392 2233 1443 etenim
2278 1392 2488 1461 signum
2519 1388 2671 1461 posui
2702 1406 2859 1459 super
2897 1399 2967 1454 te,
3018 1406 3081 1443 ne
3124 1388 3331 1443 occidat
3373 1398 3420 1443 te
3450 1391 3628 1443 omnis
3655 1390 3748 1459 qui
3781 1402 3827 1443 te

554 1491 777 1541 inrenert
790 1496 829 1541 t.

624 1618 942 1670 Timeamus
974 1616 1139 1686 igitur
1182 1614 1650 1668 vindicem-illum
1683 1614 1859 1685 ignem
1894 1624 2138 1670 tormen-

556 1722 755 1771 torum,
812 1722 864 1762 et
921 1724 1184 1775 vermem,
1237 1716 1287 1761 et
1323 1708 1595 1771 tenebras,
1623 1722 1745 1775 qua:
1802 1722 1870 1761 ne
1930 1709 2137 1764 sanctis

554 1802 770 1871 quidem
811 1810 1061 1869 parcunt,
1092 1816 1325 1868 quorum
1366 1799 1529 1853 fuerit
1565 1801 1672 1852 \ita
1697 1803 1749 1853 in
1786 1799 1986 1853 saeculo
2006 1816 2137 1853 con-

556 1892 843 1942 taminata.
904 1890 997 1942 Sic
1040 1890 1182 1942 enim
1228 1904 1323 1958 per
1368 1886 1707 1942 Ezechielem
1738 1888 1913 1957 inquit
1960 1888 2134 1942 Deus:

563 1980 825 2040 Transite.
856 1990 905 2033 et
940 1980 1217 2048 percutite.
1266 1990 1314 2032 et
1370 1996 1401 2032 a
1436 1981 1634 2031 sanctis
1676 1979 1802 2031 meis
1837 1980 2050 2049 incipite
2070 1980 2135 2034 ".

560 2070 622 2125 Si
661 2088 783 2138 ergo
809 2071 989 2139 justus
1030 2072 1117 2123 ria:
1149 2070 1407 2133 solvatur,
1451 2071 1644 2138 impius
1682 2078 1732 2122 et
1768 2079 2010 2136 peccator
2050 2070 2139 2121 ubi

555 2164 757 2232 parebit
778 2163 867 2219 ιιι
899 2163 1075 2231 inquit
1098 2162 1406 2215 divinarum
1441 2176 1622 2214 rerum
1652 2162 1857 2229 peritus
1880 2160 2136 2214 Salomon

558 2252 626 2317 ",
658 2264 712 2306 ut
733 2252 801 2305 ab
832 2252 1041 2305 incuria
1078 2268 1177 2306 nos
1206 2252 1431 2305 eximat.
1460 2249 1535 2304 Ne
1555 2252 1717 2320 igitur
1738 2266 1926 2304 curam
1966 2250 2139 2304 nostri

557 2343 881 2412 abjieiamus
926 2343 1193 2411 baptismo
1241 2342 1392 2406 freti;
1450 2358 1549 2396 nec
1593 2357 1811 2411 propzer
1856 2358 2138 2396 sacrorum

558 2431 1025 2503 participationem
1075 2434 1453 2502 mysteriorum
1498 2432 1684 2485 leviori
1734 2446 1835 2486 nos
1874 2432 2140 2501 supplicio

559 2536 689 2577 tunc
722 2523 1022 2592 puniendus
1060 2522 1405 2576 arbitrentur.
1452 2520 1599 2575 Nihil
1645 2522 1792 2575 enim
1834 2524 1990 2576 nobis
2030 2523 2140 2577 illic

556 2626 619 2663 ea
652 2610 965 2679 proderunt,
1007 2624 1129 2677 qua:
1171 2610 1260 2662 hic
1303 2608 1699 2663 contumeliose
1765 2611 2137 2673 tractavimus,

559 2716 623 2754 ac
673 2710 872 2754 temere
918 2711 1111 2769 praeter
1166 2701 1481 2769 dignitatem
1529 2702 1991 2768 participavimus.
2035 2700 2139 2766 Qui

556 2790 697 2842 enim
739 2792 1019 2842 manducet
1047 2802 1093 2843 et
1122 2790 1245 2841 bibit
1272 2780 1493 2859 'indigne
1541 2792 1631 2843 llei
1677 2790 1830 2844 Verbi
1880 2793 2135 2859 pationes.

559 2880 615 2931 in
643 2880 908 2949 judicium
948 2880 1052 2932 sibi
1084 2880 1369 2932 manduca!
1393 2892 1440 2933 et
1472 2880 1621 2939 bibit.
1668 2880 1845 2949 inquit
1888 2882 2139 2937 sublimis

559 2966 938 3035 Apostolus“;
975 2978 1029 3019 et
1077 2969 1215 3019 idem
1266 2983 1489 3021 rursus:
1536 2967 1882 3021 Circumcisio
1926 2970 2137 3037 quidem

562 3058 813 3119 urnderit,
848 3058 894 3109 si
933 3058 1092 3125 legem
1146 3057 1425 3122 observes;
1474 3059 1520 3109 si
1560 3070 1734 3111 autem
1764 3064 2141 3128 praevaricator

560 3147 687 3211 leqis
716 3148 807 3212 sis,
837 3147 1165 3199 circumcisio
1197 3156 1288 3199 tua
1324 3151 1640 3216 pra'putium
1681 3156 1826 3219 [acta
1854 3162 1929 3205 est
1950 3152 2017 3216 “,
2043 3154 2136 3222 qui

560 3239 780 3292 minime
797 3253 893 3305 pro
922 3238 1181 3306 dignitate
1204 3239 1375 3307 ipsius
1394 3242 1615 3297 vixeris.
1642 3242 1895 3312 Idemque
1914 3260 2137 3299 rursus:

562 3327 685 3381 Non
719 3330 989 3381 auditores
1031 3329 1183 3398 legis,
1216 3317 1318 3382 sed
1351 3331 1582 3399 factores
1628 3332 1752 3398 legis
1783 3350 1815 3385 a
1851 3333 1956 3387 Deo
1978 3334 2141 3402 justi‘

557 3418 859 3487 ficabuntur
888 3419 952 3471 “.
987 3416 1257 3473 Omnibus
1291 3419 1476 3487 igitur,
1504 3421 1593 3489 qui
1621 3422 1921 3476 eruditione
1957 3424 2139 3491 aliqua

556 3510 642 3563 vel
675 3509 863 3562 leviter
905 3508 1055 3561 tincti
1104 3510 1235 3575 sint,
1282 3510 1631 3565 manifestum
1660 3521 1742 3565 est
1774 3528 1804 3565 a
1850 3513 2140 3567 circumcio

559 3601 714 3655 sione
752 3600 1078 3667 baptismum
1112 3610 1369 3669 tanquam
1398 3618 1426 3654 a
1457 3602 1627 3671 ﬁgura
1660 3602 1822 3657 fuisse
1848 3604 2140 3659 adumbra-

561 3702 696 3756 tum,
727 3706 791 3745 ac
824 3690 956 3761 legis
983 3691 1103 3745 loco
1143 3693 1447 3747 veneranda
1478 3693 1635 3749 nobis
1669 3693 1923 3750 ﬁdelibus
1956 3695 2136 3750 Evan-

558 3783 693 3850 gelia
747 3783 941 3835 tradita
989 3796 1129 3848 esse,
1170 3784 1316 3852 quod
1352 3782 1685 3839 conﬁrmans
1732 3786 1787 3838 in
1830 3783 2136 3857 Evangeliis

560 3872 844 3936 Dominus,
893 3874 1005 3927 ait:
1053 3875 1223 3927 Amen
1275 3876 1393 3929 dico
1446 3876 1608 3941 vobis,
1660 3894 1761 3930 non
1813 3894 1989 3931 omnes
2044 3881 2135 3949 qui

557 3964 739 4017 dicunt
776 3964 936 4017 mihi:
970 3963 1212 4031 Domine,
1248 3965 1493 4028 Domine,
1523 3969 1797 4020 intrabunt
1836 3969 1889 4020 in
1917 3986 2134 4039 regnum

558 4056 831 4120 calorum,
871 4057 961 4109 sed
1008 4059 1096 4126 qui
1138 4058 1342 4126 faciunt
1377 4059 1701 4112 voluntatem
1734 4076 1925 4113 meam.
1970 4059 2133 4115 Multi

555 4150 693 4203 enim
733 4149 861 4202 mihi
889 4150 1062 4202 dicent
1092 4151 1144 4202 in
1170 4151 1268 4203 illa
1297 4152 1383 4203 die
1405 4166 1424 4202 :
1463 4150 1705 4213 Domine.
1747 4168 1916 4205 nonne
1948 4156 2001 4206 in
2036 4171 2130 4207 na-

558 4242 698 4293 mine
732 4250 820 4291 tuo
856 4240 1117 4293 daemonia
1159 4241 1430 4309 ejecimus.
1463 4252 1510 4293 et
1535 4242 1740 4295 morbos
1782 4246 2083 4298 sanavimus
2106 4247 2134 4299 .’

555 4340 607 4384 et
632 4331 809 4382 dicam
835 4330 977 4384 illis:
1013 4330 1203 4384 Nescio
1232 4348 1317 4385 vos
1333 4349 1354 4396 ;
1382 4332 1634 4386 discedite
1657 4350 1689 4385 a
1714 4350 1815 4396 me,
1844 4336 2127 4399 maledicti,

559 4422 788 4490 operarii
817 4422 1142 4490 iniquitatis,
1176 4424 1227 4474 in
1266 4423 1433 4492 ignem
1477 4433 1752 4489 teternum,
1788 4426 1878 4495 qui
1908 4437 2129 4494 paratus

556 4520 632 4566 est
659 4509 869 4564 diabolo
896 4520 945 4564 et
966 4510 1163 4580 angelis
1193 4511 1305 4579 ejus
1331 4513 1397 4567 ⁸³.

633 4693 801 4761 Pares
850 4714 1031 4760 autem
1080 4704 1378 4759 Christiani
1425 4705 1590 4758 etiam
1640 4703 1855 4774 plurimi
1901 4704 2134 4759 lidelinm

562 4798 694 4852 mihi
749 4798 1005 4850 videntur
1046 4810 1188 4856 esse,
1220 4796 1359 4849 inter
1388 4810 1527 4864 quos
1559 4794 1716 4864 plane
1746 4794 1817 4848 sit
1848 4794 2008 4847 etiam
2040 4795 2137 4849 Ju-

560 4891 658 4942 das
684 4890 986 4957 apostolus,
1017 4887 1109 4957 qui
1141 4896 1194 4941 et
1220 4886 1372 4956 signa
1405 4886 1551 4947 fecit,
1600 4893 1653 4939 et
1698 4883 1942 4940 infirmos
1972 4901 2137 4940 sana-

560 4980 655 5037 vit,
725 4979 1037 5047 priusquam
1099 4978 1358 5031 adversus
1411 4977 1687 5032 Christum
1758 4978 2133 5031 universorum

564 5065 731 5118 Deum
759 5066 960 5124 furiose
986 5068 1432 5123 debaeeharetur.
1474 5070 1580 5123 Sed
1619 5078 1673 5124 et
1704 5068 1891 5122 Simon
1920 5070 2009 5123 ille
2039 5069 2133 5139 qui

561 5172 593 5210 a
619 5154 779 5210 Petro
807 5167 862 5211 et
888 5157 1056 5213 Paulo
1084 5162 1272 5229 pulsus
1300 5159 1419 5223 fuit,
1455 5173 1509 5215 et
1538 5161 1756 5230 plurimi
1789 5159 2129 5223 Galatarum,

559 5246 652 5317 qui
682 5256 969 5317 postquam
996 5250 1146 5316 signa
1174 5260 1226 5303 et
1252 5251 1495 5321 prodigia
1522 5260 1575 5305 et
1597 5251 1905 5305 sanationes
1926 5250 2128 5305 edidis-

559 5346 718 5403 sent,
797 5350 861 5390 ac
936 5336 1268 5392 vaticinandi
1334 5342 1470 5395 dona
1544 5341 1817 5395 consecuti
1878 5340 2127 5403 fuissent,

560 5440 751 5482 rursus
772 5427 874 5481 sub
899 5440 1135 5480 errorem
1167 5439 1294 5483 sunt
1334 5433 1561 5494 reversi,
1594 5433 1830 5501 pristina:
1870 5433 2129 5500 improbi-

559 5516 653 5570 tati
683 5517 1043 5583 adhaerentes,
1086 5518 1283 5588 quibus
1308 5522 1551 5576 sciibens
1577 5523 1809 5576 eximius
1849 5522 1935 5575 ille
1971 5531 2128 5576 terra:

628 5679 865 5761 "hNﬂm.
902 5698 1067 5761 ιινιλ
1092 5682 1146 5737 9.
1208 5680 1667 5761 _"'G.cn._t_v,l?._.
1714 5682 1788 5761 “'7
1831 5680 2024 5761 Ιξιρυιι.
2062 5697 2133 5761 ιιι,

2249 5755 2262 5761 _
2304 5682 2406 5761 "_l
2437 5683 2550 5740 Pet.
2594 5704 2664 5751 tv,
2863 5693 2908 5723 "’
2949 5692 3109 5748 Prov.
3152 5710 3227 5761 st,
3266 5697 3357 5756 5|.

1620 5751 1664 5780 "
1712 5749 1902 5801 Matth.
1950 5764 2046 5812 vit,
2102 5750 2298 5820 20-22;
2349 5751 2482 5809 Luc.
2536 5749 2658 5823 xm,
2693 5760 2779 5815 27.

557 5746 709 5801 89.“
745 5748 903 5804 Rom.
944 5768 1001 5817 ιι,
1037 5752 1127 5805 ‘25.
1206 5752 1249 5781 “
1288 5751 1420 5805 ibid.
1456 5751 1540 5806 15.

2311 1614 2583 1686 Δείσωμεν
2622 1612 2803 1667 τοίνυν
2849 1612 2961 1683 πῦρ
3004 1612 3382 1684 κολαστήριον,
3408 1611 3504 1665 καὶ
3531 1612 3825 1683 σκώληκα,

2240 1710 2334 1762 καὶ
2365 1709 2574 1769 σκότος,
2610 1707 2741 1778 μηδὲ
2772 1707 2878 1760 τῶν
2907 1706 3077 1775 ἁγίων
3104 1706 3417 1775 φειδόμενον
3442 1705 3828 1776 μολυνομένων

2239 1800 2316 1870 τῷ
2343 1800 2461 1871 βίῳ.
2492 1800 2629 1869 φησὶ
2658 1798 2764 1869 γὰρ
2790 1798 2877 1850 διὰ
2909 1798 3001 1850 τοῦ
3036 1796 3292 1868 Ἰεζεκιὴλ
3314 1799 3342 1850 6
3374 1797 3529 1860 Θεὸς,
3558 1797 3831 1851 Διέλθετε

2240 1893 2339 1945 καὶ
2389 1892 2649 1959 redibatis,
2704 1890 2802 1942 καὶ
2854 1888 2972 1942 ἀπὸ
3001 1888 3119 1941 τῶν
3162 1889 3344 1958 ἁγίων
3372 1906 3496 1957 μου
3530 1888 3825 1956 ἄρξησθε.

2239 1986 2308 2039 El
2332 1978 2445 2037 οὖν
2470 1986 2501 2035 ό
2521 1982 2749 2047 δίκαιος
2779 1982 2949 2048 μόλις
2977 1978 3241 2043 σώζεται,
3276 1982 3310 2033 o’
3339 1979 3697 2048 ἁμαρτωλὸς
3732 1980 3829 2033 καὶ

2239 2074 2465 2140 ἀσεϐὴς
2516 2072 2634 2126 ποῦ
2679 2073 2987 2142 φανεῖται;
3040 2074 3203 2143 φησὶν
3234 2074 3263 2125 6
3305 2073 3413 2126 τῶν
3461 2074 3628 2127 θείων
3664 2075 3829 2143 σοςρδς

2241 2167 2491 2236 Σολομὼν
2520 2166 2619 2236 τῆς
2644 2166 2904 2236 ἀμελείας
2932 2166 3212 2236 διεγείρων
3234 2167 3399 2236 ἡμᾶς.
3430 2166 3523 2236 Μὴ
3549 2163 3646 2219 οὖν
3676 2166 3827 2234 σφῶν

2239 2256 2604 2326 ἀμελήσωμεν
2650 2256 2728 2327 τῷ
2764 2255 3101 2326 βαπτίσματι
3151 2256 3554 2327 ἐπερειδόμενοι
3614 2257 3711 2309 καὶ
3762 2259 3825 2327 τῇ

2244 2353 2443 2421 μετοχῇ
2485 2350 2592 2402 τῶν
2630 2349 2789 2403 θείων
2826 2348 3159 2418 μυστηρίων,
3192 2348 3530 2420 κουφοτέραν
3557 2353 3692 2419 ἡμῖν
3720 2352 3825 2403 οἱὸ⁴

2246 2458 2395 2511 μενοι
2429 2442 2528 2510 τὴν
2562 2440 2782 2494 κόλασιν
2816 2440 3117 2507 ἐπάγεσθαι
3142 2440 3281 2494 τότε.
3318 2440 3391 2493 Ui;
3417 2441 3527 2512 γάρ
3559 2460 3614 2495 τι
3647 2444 3826 2514 ὀνήσει

2240 2526 2389 2604 ἡμᾶς
2413 2535 2555 2593 ἐκεῖ,
2577 2531 2807 2585 ἐνταῦθα
2832 2532 3162 2605 ὑϐριζόμενα
3189 2535 3282 2586 καὶ
3308 2534 3481 2597 ἀδεῶς
3502 2538 3637 2607 παρ’
3670 2538 3826 2605 ἀξίαν

2250 2622 2608 2692 μετεχόμενα.
2655 2624 2718 2674 '0
2757 2622 2865 2691 γὰρ
2896 2623 3155 2688 ἀναξίως
3205 2624 3427 2677 ἐσθίων
3474 2627 3575 2679 καὶ
3639 2629 3826 2684 ,τείνων

2242 2711 2362 2765 τῶν
2402 2712 2508 2765 τοῦ
2565 2711 2712 2765 Θεοῦ
2744 2712 2843 2765 καὶ
2880 2714 3075 2783 Λόγου
3121 2714 3463 2783 χραμάτων,
3518 2720 3611 2784 εις
3648 2720 3820 2791 κρῖμα

2243 2802 2437 2867 ἐαυτῷ
2464 2803 2683 2866 ἐσθίει,
2725 2803 2821 2856 καὶ
2848 2806 3004 2857 πίνει
3023 2847 3038 2871 ,
3073 2806 3237 2875 φησὶν
3264 2806 3292 2855 6
3326 2806 3528 2875 ὑψηλὸς
3570 2810 3827 2866 Ἀπόστο-

2241 2893 2351 2957 λος.
2382 2893 2493 2947 Καὶ
2526 2893 2686 2947 πάλιν
2714 2896 2741 2947 ὀ
2784 2895 2966 2957 αὐτὸς,
2994 2896 3286 2965 Περιτομὴ
3317 2898 3435 2966 μὲν
3473 2900 3699 2969 ὠφελεῖ
3722 2905 3828 2958 ἐὰν

2244 2987 2435 3055 νόμον
2480 2986 2793 3053 πράσσῃς,
2842 2990 2897 3040 εὶ
2942 2986 3010 3040 δὲ
3050 2989 3238 3057 νόμου
3274 2991 3624 3059 παραϐάτης
3656 2989 3749 3064 ᾖς.
3781 2994 3820 3061 ἡ

2242 3075 2525 3143 περιτομή
2577 3092 2695 3129 σου
2742 3077 3107 3145 ἀκροϐυστία
3152 3078 3389 3150 γέγονε,
3454 3082 3529 3153 μὴ
3586 3085 3828 3149 ἐπαξίως

2242 3167 2413 3236 αὐτῆς
2454 3165 2729 3235 βιώσαντι.
2766 3168 2874 3219 Καὶ
2916 3169 3078 3222 πάλιν
3102 3170 3130 3221 6
3168 3171 3356 3234 αὐτός-
3380 3174 3500 3240 Oi";
3524 3177 3581 3226 οἱ
3600 3176 3829 3242 ἀκροα-

2240 3257 2334 3310 ταὶ
2390 3258 2495 3310 τοῦ
2551 3256 2770 3325 νόμου,
2801 3258 2939 3311 ἀλλ’
2989 3261 3043 3311 οι
3090 3246 3322 3327 ποιηταὶ
3364 3260 3466 3313 τοῦ
3496 3263 3697 3329 νόμου
3744 3266 3832 3319 ὄι-

2242 3349 2680 3411 καιωθήσονται
2712 3348 2864 3416 παρὰ
2888 3348 2993 3402 τοῦ
3030 3350 3197 3403 Θεοῦ.
3235 3352 3366 3404 Ilia:
3389 3351 3443 3404 δὲ
3481 3355 3596 3416 τοῖς
3628 3356 3828 3409 ὁπωσ-

2238 3438 2333 3491 οῦν
2392 3437 2635 3501 παιδείας
2698 3439 3045 3509 μετειληφόσι
3102 3441 3293 3512 δῆλον,
3370 3443 3663 3496 ἀντίτυπον
3726 3446 3831 3515 τῆς

2240 3526 2545 3595 περιτομῆς
2580 3526 2845 3598 ὑπάρχειν
2878 3530 2938 3581 τὸ
2974 3532 3238 3600 σωτήριον
3272 3532 3589 3603 βάπτισμα·
3623 3535 3827 3602 ὁμοίως

2237 3616 2408 3669 δὲκαὶ
2446 3617 2565 3669 ἀντὶ
2592 3618 2687 3670 τοῦ
2718 3619 2905 3690 νόμου,
2938 3620 3007 3673 τά
3040 3622 3209 3675 σεπτὰ
3243 3622 3557 3691 Εὖαγγέλια
3578 3625 3825 3681 δεδόσθαι

2237 3708 2370 3777 ἡμῖν
2408 3710 2518 3771 τοῖς
2548 3711 2787 3772 πιστοῖς⁹
2819 3711 2963 3782 ἅπερ
2992 3711 3227 3781 βεϐαιῶν
3256 3716 3284 3767 6
3317 3714 3523 3785 Κύριος
3554 3717 3611 3767 ἐν
3638 3717 3826 3785 Εὐαγ-

2236 3796 2473 3866 γελίοις,
2506 3798 2696 3868 φησίν·
2735 3800 2914 3869 Ἀμὴν
2960 3802 3114 3871 ,λέγω
3150 3802 3310 3872 ὑμῖν,
3345 3806 3483 3872 οὐχὶ
3522 3806 3749 3874 πάντες
3771 3810 3829 3864 οι

2235 3886 2517 3956 λέγοντές
2533 3908 2654 3957 μοι,
2678 3891 2875 3959 Κύριε,
2900 3893 3097 3961 Κύριε,
3124 3896 3578 3950 εἰσελεύσονται
3597 3902 3686 3965 εἰς
3710 3902 3830 3968 τὴν

2229 3976 2556 4039 ,ϐασιλείαν
2584 3976 2702 4030 τῶν
2749 3982 3056 4047 οὐρανῶν,
3102 3983 3238 4037 ἀλλ’
3285 3988 3338 4037 ol
3394 3986 3717 4053 ποιοῦντες
3761 3990 3827 4043 τὸ

2234 4068 2465 4137 θέλημά
2496 4087 2635 4137 μου.
2663 4072 2891 4125 Πολλοὶ
2918 4074 3027 4142 γὰρ
3058 4074 3269 4141 ἐροῦσι
3288 4094 3389 4145 μοι
3428 4078 3721 4149 ἐνέκείνῃ
3752 4081 3827 4150 τῇ

2239 4157 2452 4227 ἡμέρᾳ,
2480 4161 2678 4228 Κύριε,
2711 4163 2842 4232 οὐχὶ
2884 4164 2963 4229 τῷ
2989 4167 3235 4235 ὀνόματί
3263 4183 3380 4222 σου
3406 4168 3685 4239 δαιμόνια
3729 4174 3827 4235 ἐξ-

2238 4247 2551 4315 εϐάλομεν,
2568 4250 2665 4302 καὶ
2685 4251 2910 4316 νόσους
2929 4251 3445 4322 ἑθεραπεύσαμεν;
3467 4257 3561 4308 καὶ
3582 4256 3698 4323 ἐρῶ
3717 4262 3824 4312 ait.

2238 4337 2362 4403 τοῖς
2382 4376 2396 4400 ,
2432 4340 2551 4391 Οὐκ
2580 4335 2713 4393 οἶδα
2741 4338 2916 4409 ὑμᾶς,
2950 4345 3273 4409 πορεύεσθε
3301 4346 3401 4397 ἀπ’
3425 4346 3654 4414 ἐμεῦ,οἱ
3676 4366 3825 4403 κατ-

2232 4427 2515 4496 ηραμένοι
2536 4469 2551 4491 ,
2594 4430 2831 4499 ἐργάται
2874 4432 2985 4497 τῆς
3048 4434 3333 4502 ἀνομίας,
3367 4438 3455 4501 εις
3486 4438 3551 4490 τὸ
3596 4439 3723 4509 πῦρ
3755 4442 3823 4495 τὸ

2232 4516 2472 4573 αἰώνιον
2512 4519 2577 4573 τὸ
2629 4522 3073 4593 ἡτοιμασμένον
3127 4524 3206 4589 τῷ
3241 4526 3498 4591 διαϐόλῳ
3538 4531 3637 4583 καὶ
3692 4532 3822 4598 τοῖς

2232 4609 2513 4679 ἀγγέλοις
2540 4612 2747 4666 αὐτοῦ.

2304 4700 2589 4765 Τοιούτους
2629 4702 2685 4755 δὲ
2733 4704 3091 4774 Χριστιανοὺς
3133 4707 3225 4761 καὶ
3257 4708 3318 4761 τὸ
3351 4709 3553 4780 πλῆθος
3585 4711 3695 4764 τῶν
3726 4732 3817 4766 πι-

2234 4790 2373 4843 στῶν
2432 4809 2520 4860 μοι
2568 4792 2720 4846 δοκεῖ
2766 4796 3054 4867 ύπάρχειν,
3106 4800 3164 4852 ἐν
3208 4794 3288 4861 οἷς
3322 4802 3407 4869 εἴη
3452 4804 3670 4866 πάντως
3721 4806 3818 4859 καὶ

2244 4880 2443 4945 Ἰούδας
2478 4884 2506 4935 6
2536 4883 2863 4952 ἀπόστολος,
2908 4892 3110 4959 σημεῖα
3145 4892 3461 4960 πεποιηκὼς
3502 4896 3598 4949 καὶ
3647 4897 3819 4951 ἀσθεο

2229 4968 2456 5032 νοῦντας
2478 4971 2817 5042 ἀκεσάμενος
2839 5018 2852 5039 ,
2886 4977 2993 5047 πρὸ
3019 4978 3111 5030 τοῦ
3157 4981 3564 5053 ἐμπαροινῆσαι
3594 4986 3671 5056 τῷ
3696 4986 3818 5056 Θεῷ

2228 5058 2337 5111 τῶν
2358 5059 2494 5113 ὅλων
2516 5062 2758 5135 Χριστῷ.
2793 5065 2952 5121 Ἀλλά
2980 5070 3072 5122 καὶ
3095 5070 3276 5141 Σίμων
3297 5075 3324 5125 6
3353 5074 3459 5127 ὑπὸ
3482 5077 3695 5147 Πέτρου
3725 5080 3817 5132 καὶ

2232 5151 2449 5204 Παύλου
2479 5156 2896 5221 τυμπανισθεὶς,
2927 5162 3020 5213 καὶ
3045 5162 3283 5215 πλεῖστοι
3318 5165 3578 5219 Γαλατῶν
3606 5171 3652 5221 οἱ
3676 5170 3812 5237 μετά

2229 5239 2290 5291 τὸ
2316 5242 2516 5309 σημεῖα
2532 5243 2626 5296 καὶ
2649 5245 2850 5315 τέρατα
2875 5249 2967 5301 καὶ
2991 5250 3161 5313 ἰάσεις
3178 5254 3371 5325 ἐνεργῆ
3381 5272 3471 5307 σαι
3498 5258 3594 5310 καὶ
3611 5275 3812 5329 προφη-

2229 5330 2377 5393 τείας
2401 5335 2758 5404 χαρισμάτων
2790 5338 3119 5411 ἀξιωθῆναι,
3144 5344 3306 5397 πάλιν
3341 5347 3447 5399 ὑπὸ
3478 5348 3578 5419 τὴν
3610 5350 3812 5418 πλάνην

2229 5418 2696 5491 ύπονοστήσαντες
2726 5430 2818 5480 καὶ
2844 5434 2909 5499 τῇ
2938 5434 3128 5507 πρώτῃ
3153 5438 3321 5507 κακία
3356 5442 3699 5512 συνθέμενοι,
3731 5441 3809 5507 οἷς

2241 5519 2568 5577 ἐπιστέλλων
2591 5527 2619 5577 6
2634 5526 2834 5597 ὑψηλὲς
2854 5531 2952 5600 τῆς
2973 5533 3063 5600 ὑφ’
3089 5534 3237 5603 ἡλίου
3265 5535 3612 5607 καθηγητὴς,
3632 5538 3809 5607 φησὶν.

3440 5700 3488 5732 ⁸³
3533 5700 3701 5759 lCor.
3738 5718 3813 5767 si,
