4048 6222
295 246 446 304 1065

304 383 379 443 Ὠ
408 383 674 442 Γαλάται
699 383 961 453 ἀνόὴτοι,
990 386 1080 450 τίς
1105 380 1263 453 ὑμᾶς
1287 378 1654 439 ἐϐάσκανεν;
1676 372 1884 439 Καλῶς

305 476 600 548 ἐτρύχετο,
644 476 733 542 τίς
778 473 931 545 ὑμᾶς
960 474 1214 542 ἐνέκοψέ
1254 468 1331 540 τῇ
1354 466 1602 537 ἀληθείᾳ
1629 466 1721 550 μὴ
1754 464 1883 517 πει-

310 569 550 630 θεσθαι;
584 564 724 628 Τοὺς
756 562 1050 629 τοιούτους,
1084 562 1266 627 καθὼς
1299 560 1567 634 προέφην,
1599 558 1748 611 δοκεῖ
1796 572 1884 626 μοι

310 656 482 729 μηδὲν
516 654 835 710 ἀπώνασθαι
873 653 964 709 τοῦ
1013 653 1382 726 βαπτίσματος
1435 654 1481 706 εἰ
1526 650 1621 704 καὶ
1665 649 1887 719 φήσοιεν

307 744 533 820 Χριστῷ
578 747 837 818 κρίνοντι,
876 747 1072 815 Κύριε,
1103 747 1173 800 ἐν
1199 745 1279 811 τῷ
1309 744 1399 811 σῷ
1430 743 1670 812 ὀνόματι
1702 738 1886 793 δυνά-

304 856 441 909 μεις
483 837 995 907 ἐποιήσαμεν-,καὶ
1027 836 1303 907 δαιμόνια
1353 834 1735 903 ἐξεϐάλομεν,
1786 828 1886 883 καὶ

309 928 652 993 νοσοῦντας
682 926 1164 996 ἐθεραπεύσαμεν
1184 944 1198 959 ·
1231 923 1311 991 οἷς
1331 926 1430 998 τὴν
1463 922 1765 995 πληκτικὴν
1791 921 1885 976 καὶ

308 1018 562 1090 δριμεῖαν
592 1018 685 1070 καὶ
711 1014 973 1069 κωκυτῶν
996 1016 1178 1088 πλήρη
1209 1014 1407 1069 ἔδωκεν
1441 1014 1714 1083 ἀπόφασιν
1746 1013 1884 1083 Χρι-

312 1107 472 1172 στὸς,
499 1110 527 1161 6
562 1105 640 1177 τῷ
693 1105 831 1160 ἐλέει
872 1106 1037 1159 αὐτοῦ
1085 1106 1293 1169 πάντας
1333 1105 1478 1177 ἡμᾶς
1520 1104 1733 1174 ἐκείνης
1780 1103 1885 1155 ἀπ-

312 1200 484 1268 άγων,
530 1197 637 1251 ὑπὸ
686 1196 794 1251 τῶν
845 1196 1092 1269 ἀμώμων
1145 1196 1315 1265 ἁγίων
1348 1192 1512 1250 αὑτοῦ
1543 1194 1685 1264 ὑπὲρ
1727 1192 1885 1264 ἡμῶν

310 1288 796 1362 ὲκλιπαρούμενος.
854 1286 1105 1355 Ἀσεόεἵς
1130 1288 1241 1358 γὰρ
1266 1287 1338 1340 ἐν
1370 1286 1565 1356 κρίσει
1592 1287 1703 1338 οὐκ
1738 1284 1884 1337 ἀνα-

310 1381 666 1449 στήσονται,
713 1380 846 1451 φησί
880 1379 1042 1433 Δαϐἰδ
1062 1381 1091 1433 6
1116 1367 1225 1433 τῶν
1251 1377 1410 1433 θείων
1448 1376 1704 1449 μελῳδός.
1739 1375 1886 1444 Συμ-

311 1474 505 1544 φώνως
541 1472 599 1526 δὲ
648 1472 822 1543 τούτῳ
860 1471 889 1524 6
934 1469 1131 1540 ὑψηλὸς
1172 1468 1281 1524 τῶν
1317 1468 1611 1540 προφητῶν
1659 1466 1884 1528 Ἡσαΐας

310 1564 498 1636 φησιν,
545 1561 793 1632 Ἀρθήτω
834 1564 869 1617 ό
899 1561 1145 1629 ἀσεϐὴς,
1176 1561 1276 1614 ἵνα
1300 1559 1384 1630 μὴ
1414 1559 1510 1626 ἴδῃ
1549 1558 1664 1625 τὴν
1686 1556 1883 1620 ,δόξαν

310 1654 554 1722 Κυρίου.
619 1650 798 1722 Ἀπερ
860 1650 1092 1720 βεϐαιῶν
1141 1651 1170 1702 6
1235 1648 1378 1720 ἱερὸς
1431 1646 1642 1710 Παῦλός
1681 1659 1874 1716 φησιν·

313 1744 492 1798 Ὅσοι
545 1742 659 1813 γὰρ
708 1742 941 1810 ἀνόμως
989 1741 1275 1810 ἥμαρτον,
1322 1740 1557 1808 ἀνόμως
1612 1741 1707 1792 καί
1762 1737 1878 1793 ἀπ-

312 1834 620 1899 ολοῦνται,
653 1831 790 1888 ἀλλά
807 1832 909 1903 τὴν
937 1832 1175 1901 παντελῆ
1210 1828 1302 1885 τοῦ
1331 1828 1467 1885 Θεοῦ
1498 1828 1879 1901 ἐγκατάλειψιν

313 1925 496 1981 αὐτῶν
542 1925 638 1979 καὶ
680 1923 1060 1996 ἀποστροφὴν,
1112 1922 1206 1977 καὶ
1255 1921 1353 1993 τὴν
1421 1923 1501 1986 εἰς
1546 1923 1883 1995 ἀπεράντους

313 2016 516 2081 αἰῶνας
560 2015 850 2087 τιμωρίαν.
898 2013 1075 2068 Ταύτδ
1104 2013 1160 2068 δὲ
1193 2008 1285 2067 καί
1317 2013 1367 2066 οί
1398 2014 1671 2085 προφῆται
1696 2011 1884 2083 δηλοῦ-

316 2126 420 2174 σιν,
480 2108 581 2161 οὐκ
633 2109 713 2170 εἰς
760 2106 943 2179 κρίσιν
998 2103 1443 2177 παραστήσεσθαι
1494 2105 1885 2177 ἀνισταμένους

314 2197 564 2262 ἀσεϐεῖς,
618 2196 737 2251 ἀλλ’
784 2198 863 2260 εἰς
910 2196 1236 2268 κατάκρισιν
1268 2192 1421 2260 αὖθις
1470 2195 1885 2267 ἀπαχθήσεσθαι

316 2289 435 2360 ἅμα
462 2288 542 2360 τῷ
576 2287 807 2360 ἡγεμόνι
847 2287 1025 2342 αὐτῶν
1048 2287 1296 2359 διαϐόλῳ.
1335 2287 1470 2342 Οὐδὲ
1496 2288 1603 2358 γὰρ
1635 2289 1682 2340 οἰ
1715 2289 1886 2357 τήμε-

320 2397 414 2452 ρον
448 2381 603 2451 νόμοι
635 2380 727 2433 τὸν
757 2378 1019 2450 πρόδηλον
1051 2380 1233 2449 φονέα.
1260 2378 1292 2450 ἢ
1327 2379 1512 2451 μοιχὸν
1544 2380 1641 2449 τῆς
1666 2380 1887 2451 εἱρκτῆς

316 2473 765 2543 ἐκφωνὴσαντες,
818 2471 1166 2542 μακρηγορίᾳ
1208 2470 1481 2541 κρίνουσιν
1524 2471 1581 2524 ὲν
1625 2470 1743 2540 ὄψει
1787 2471 1888 2542 τῆς

320 2564 555 2635 φρικτῆς
604 2561 959 2633 όμηγύρεως,
1000 2559 1213 2632 ἐκείνην
1244 2562 1311 2614 δι’
1361 2562 1570 2615 ἐκείνου
1621 2561 1889 2631 σωφρονί-

324 2650 529 2717 ζοντες.
575 2650 723 2714 Ἐνδς
770 2649 877 2721 γὰρ
910 2650 1103 2721 μέλους
1140 2651 1501 2722 τεμνομένου,
1536 2650 1568 2722 ἢ
1600 2650 1889 2722 καιομένου

323 2744 385 2797 ἐν
414 2741 494 2813 τῷ
523 2741 757 2812 σώματι,
791 2740 851 2794 τὸ
884 2741 1002 2794 ὅλον
1029 2740 1107 2812 τῷ
1142 2742 1295 2813 μέρει
1318 2742 1767 2814 συγκραδαίνεται
1798 2745 1893 2796 καὶ

325 2835 608 2904 συναλγεῖ·
658 2835 755 2886 καὶ
798 2833 913 2897 ἑνὸς
952 2832 1209 2897 πολλάκις
1253 2832 1461 2888 οἰκέτου
1513 2834 1890 2906 αἰκιζομένου,

323 2929 476 2981 πᾶσα.
501 2925 610 2979 τῶν
646 2924 871 2977 οἰκετῶν
918 2926 951 2997 ἠ
1001 2924 1212 2993 φάλαγξ
1261 2927 1572 2996 πτήσσουσα
1610 2925 1894 2996 διόρθωσιν

324 3018 466 3072 κατά
489 3016 728 3070 διάνοιαν
761 3016 1120 3085 ὑπισχνεῖται,
1151 3016 1245 3070 καί
1290 3016 1365 3088 μὴ
1409 3016 1603 3086 ψαύειν
1635 3018 1739 3069 τῶν
1792 3018 1898 3069 ἀπ-

323 3108 710 3181 ηγορευμένων
729 3126 743 3141 ·
776 3108 843 3161 δι’
872 3103 947 3161 ὧν
976 3109 1181 3172 ἐκεῖνος
1226 3111 1336 3172 τοῖς
1367 3109 1631 3177 ἀλγεινοῖς
1671 3112 1895 3181 περιερ-

327 3200 491 3271 ρὠει
521 3199 766 3271 θεηλάτῳ
794 3199 1046 3272 ὀργῇ-ἐπὶ
1073 3198 1172 3271 τὴν
1200 3199 1354 3269 δίκην
1387 3200 1695 3271 ἑλκόμενος.
1727 3198 1897 3253 Τοῦτό

330 3306 419 3360 μοι
451 3291 562 3343 νόει
592 3289 988 3361 οἰκονομεῖσθαι
1028 3289 1183 3361 παρά
1222 3289 1340 3361 Θεῷ
1369 3291 1426 3342 ὲν
1458 3291 1764 3362 μυριάνδρῳ
1796 3291 1897 3344 πό-

325 3382 445 3445 λει,
483 3384 611 3452 μιᾶς
661 3381 1078 3457 τιμωρουμένης
1105 3381 1309 3444 οἰκίας,
1348 3381 1455 3435 τῶν
1494 3382 1898 3453 ἡμαρτημένων

326 3475 426 3545 τὴν
452 3474 607 3546 δίκην
634 3473 869 3527 ἐνταῦθα
903 3472 1229 3544 ὑπέχουσαν,
1261 3472 1397 3544 πρὸς
1423 3474 1583 3544 νῆψιν
1628 3473 1721 3527 καὶ
1757 3472 1899 3547 διόρ-

325 3567 495 3620 θωσιν
543 3566 651 3619 τῶν
679 3565 883 3620 λοιπῶν
929 3566 1289 3619 συναστεῖτῶν
1321 3565 1414 3618 καὶ
1449 3565 1637 3619 πασῶν
1663 3566 1897 3622 πόλεων.

340 3655 591 3711 Ἀσεϐῶν
650 3656 760 3727 γὰρ
803 3656 1321 3720 καταπιπτόντων,
1376 3653 1592 3709 δίκαιοι
1654 3654 1899 3725 ἔμφοϐοι

327 3750 594 3819 γίνονται
616 3790 632 3816 ,
661 3749 824 3819 φησὶν
852 3748 880 3801 6
906 3745 1015 3800 τῶν
1043 3746 1202 3801 θείων
1230 3747 1389 3815 σοφὸς
1412 3744 1684 3815 Σολομῶν.

389 3912 503 3966 Καὶ
530 3913 612 3966 ὅτι
643 3912 796 3967 οὐδὲν
830 3912 1008 3981 ὀνήσει
1048 3912 1139 3964 ἐπὶ
1182 3911 1282 3981 τῆς
1325 3910 1578 3974 ἀκλινοῦς
1630 3911 1722 3964 καὶ
1768 3911 1890 3964 ἀδε-

319 4002 523 4058 κάστου
564 4003 795 4073 κρίσεως
831 4000 894 4054 τὸ
940 4000 1092 4069 διγιον
1136 3999 1438 4071 βάπτισμα,
1488 4000 1614 4062 τοὺς
1658 3999 1892 4056 ἐνταῦθα

319 4094 454 4151 αὐτὸ
486 4092 729 4164 πολιτείᾳ
759 4092 991 4162 κακίστη
1041 4090 1500 4160 καθυϐρίζοντας,
1546 4091 1637 4145 καὶ
1660 4091 1891 4157 ἀναξίως

318 4188 421 4258 τῆς
466 4185 781 4257 ἐπωνυμίας
824 4181 1058 4255 Χριστοῦ
1091 4183 1406 4251 διάγοντας,
1447 4182 1512 4234 ἐκ
1544 4179 1637 4234 τοῦ
1686 4180 1890 4252 ὑψηλοῦ

332 4279 680 4342 Ἀποστόλου,
712 4276 1053 4347 λευκοτέρως
1074 4274 1183 4329 τῶν
1219 4273 1491 4347 ῥηθέντων
1516 4274 1613 4327 νῦν
1641 4275 1889 4328 παιδευό-

324 4369 500 4441 μεθα,
548 4367 845 4438 διαρρήδην
903 4365 1167 4437 βοῶντος·
1211 4364 1528 4434 Ἀθετήσας
1572 4382 1662 4431 τις
1705 4367 1892 4435 νόμον

319 4460 602 4523 Μωσέως,
626 4459 724 4511 ἐπὶ
744 4457 925 4512 δυσίν
947 4456 985 4525 ἢ
1009 4455 1166 4525 τρισί
1190 4453 1451 4523 μάρτυσι
1476 4455 1653 4524 χωρὶς
1683 4458 1891 4523 οἰκτιρ-

319 4552 451 4622 μῶν
493 4549 883 4616 ἀποθνήσκει.
936 4549 1113 4613 Πόσῳ
1155 4541 1397 4614 μᾶλλον
1420 4547 1690 4615 χείρονος
1719 4546 1890 4610 ἀξιω-

320 4644 571 4711 θήσεται
602 4641 874 4711 τιμωρίας
901 4641 935 4693 d
976 4638 1086 4692 τόν
1141 4638 1281 4693 flor
1300 4637 1405 4693 τοῦ
1444 4639 1592 4715 Θεοῦ
1626 4652 1889 4692 καταπα-

322 4737 538 4803 τήσας,
570 4733 669 4789 καὶ
710 4732 775 4787 τὸ
801 4727 945 4801 αἷμα
983 4730 1091 4797 τῆς
1117 4730 1403 4797 διαθήκης
1430 4731 1631 4783 κοινόν
1658 4728 1893 4797 ἡγησά-

320 4841 544 4897 μενος;
598 4824 917 4877 Καταπατεῑ
946 4821 1001 4874 δὲ
1033 4821 1125 4875 τοῦ
1155 4821 1291 4874 Θεοῦ
1320 4820 1488 4875 Παῖδα
1525 4820 1693 4887 Λόγον
1726 4820 1891 4883 Θεὸν,

324 4921 356 4971 6
396 4916 466 4971 τὰ
518 4914 750 4986 μυστικά
795 4912 959 4967 αὐτοῦ
1009 4912 1265 4985 κράματα
1299 4909 1467 4973 ἀδεῶς
1504 4909 1659 4981 χερσί
1705 4909 1894 4963 πλεον-

327 5008 615 5069 εκτούσαις
645 5009 739 5059 καὶ
767 5003 904 5059 κατὰ
929 5002 1020 5056 τοῦ
1057 5001 1225 5064 πέλας
1254 5001 1634 5072 ἐπαιρομέναις
1669 4999 1894 5069 δεχόμε-

329 5115 420 5165 νος
439 5139 455 5164 ,
505 5098 595 5150 ῐσα
644 5094 807 5165 κοινῷ
836 5095 984 5165 ἄρτῳ
1014 5093 1107 5146 καὶ
1156 5091 1283 5161 οἴνῳ
1308 5091 1585 5161 τιθέμενος
1616 5089 1653 5144 ἀ
1694 5091 1752 5144 ὲν
1785 5091 1896 5153 τοῖς

332 5190 544 5252 πιστοῖς
565 5186 799 5250 διανοίας
820 5185 1061 5257 ὄμμασιν
1082 5183 1424 5254 ὲνθεωρεῖται
1452 5181 1603 5245 Θεός.
1632 5180 1760 5235 Ζῶν
1789 5180 1900 5251 γὰρ

330 5280 369 5333 ὁ
399 5280 579 5348 λόγος
598 5277 705 5332 τοῦ
726 5276 870 5331 Θεοῦ
895 5276 992 5329 καὶ
1013 5272 1262 5342 ἐνεργὴς
1283 5273 1379 5326 καὶ
1404 5271 1725 5341 τομώτερος
1748 5269 1900 5338 ὑπὲρ

330 5368 543 5425 πᾶσαν
594 5369 893 5440 μάχαιραν
953 5364 1243 5434 δίστομον
1259 5403 1274 5426 ,
1334 5363 1432 5417 καὶ
1491 5362 1902 5431 διϊκνούμενος

326 5460 505 5532 μέχρι
534 5456 829 5530 μερισμοῦ
866 5453 1070 5524 ψυχῆς
1122 5450 1220 5505 καί
1267 5449 1566 5519 σώματος,
1601 5447 1803 5519 ἁρμῶν
1832 5465 1897 5503 τε

1678 236 2024 298 DIALOGBS
2060 238 2151 294 Ill.

3408 244 3546 304 I068

1983 360 2152 416 totius
2180 359 2439 429 subjecta
2473 359 2577 417 soli
2596 359 2786 414 doetor
2819 356 3030 428 inquit:
3070 357 3117 413 ο
3141 358 3292 415 stulti
3318 358 3545 428 Galatea,

1981 452 2097 521 quis
2121 468 2209 506 vos
2247 453 2527 523 fascinavit
2547 452 2631 507 “1'
2662 449 2967 506 Currebatis
3000 450 3143 516 bene,
3180 450 3296 521 quis
3332 466 3418 505 vos
3447 453 3548 505 im-

1979 543 2197 613 pedivit,
2229 558 2292 597 ne
2329 542 2603 597 crederetis
2633 543 2843 598 veritati
2862 541 2945 595 “7
2974 541 3154 606 Tales,
3195 540 3548 611 quemadmo-

1982 635 2113 689 dum
2149 644 2306 689 antea
2351 635 2486 700 dixi,
2533 634 2663 689 mihi
2705 634 2955 689 videntur
2993 633 3128 687 nihil
3171 646 3234 686 ex
3284 631 3552 701 baptismo

1982 726 2236 781 utilitatis
2276 726 2536 791 habituri,
2595 725 2806 781 etiamsi
2862 724 3084 779 Christo
3137 722 3305 793 judici
3355 721 3553 778 dicturi

1982 819 2126 875 sint:
2156 818 2393 884 Domine,
2416 835 2587 873 nonne
2611 827 2697 872 tuo
2733 819 2942 873 nomine
2965 816 3205 888 prodigia
3233 817 3471 886 fecimus,
3504 826 3552 870 et

1980 907 2245 964 daemonia
2285 907 2554 977 ejecimus,
2598 916 2649 961 et
2688 906 2927 975 inﬁrmos
2967 904 3316 959 sanavimus.’
3353 904 3553 974 quibus

1982 997 2141 1052 letale
2162 1008 2216 1052 et
2247 996 2506 1061 terribile,
2548 1003 2601 1050 et
2632 997 2812 1052 luctus
2842 990 3065 1066 plenum'
3096 1009 3417 1064 responsum
3438 993 3552 1063 jam

1979 1086 2417 1152 deditChristus,
2449 1101 2480 1140 a
2515 1102 2627 1155 quo
2661 1102 2756 1158 per
2786 1085 3216 1141 misericordiam
3260 1099 3416 1138 suam
3453 1099 3554 1138 nos

1981 1195 2176 1236 omnes
2199 1179 2455 1246 vindicet,
2510 1194 2605 1249 per
2650 1179 2957 1249 inculpatos
3013 1187 3232 1233 sanctos
3278 1192 3410 1231 suos
3455 1191 3554 1246 pro

1982 1271 2143 1326 nobis
2170 1279 2452 1326 exoratus.
2511 1269 2671 1338 [mpii
2700 1271 2837 1324 enim
2888 1270 2943 1324 in
2977 1269 3183 1339 judicio
3241 1285 3339 1320 non
3379 1282 3555 1321 resur-

1979 1372 2132 1432 gent,
2154 1361 2333 1431 inquit
2355 1361 2584 1416 Davidcs
2604 1361 2911 1416 divinorum
2938 1362 3243 1416 carminum
3268 1367 3459 1414 auctor
3480 1356 3549 1413 “.

1978 1453 2117 1509 Cum
2175 1454 2280 1508 hoc
2324 1462 2504 1507 autem
2550 1453 2900 1508 consentiens
2939 1453 3173 1508 eximius
3218 1453 3358 1507 inter
3403 1460 3553 1505 vates

1978 1542 2146 1598 Isaias
2194 1543 2368 1613 inquit
2395 1563 2409 1598 :
2436 1543 2728 1612 Auferatnr
2763 1544 2976 1614 impius,
3014 1560 3076 1597 ne
3115 1544 3286 1598 videat
3325 1543 3553 1613 gloriam

1978 1635 2197 1690 Domini
2217 1638 2282 1689 ⁸⁷.
2314 1637 2448 1703 Qua:
2479 1632 2814 1693 conﬁrmans
2846 1635 3006 1691 divus
3036 1634 3258 1697 Paulus,
3280 1637 3394 1689 ait:
3425 1633 3554 1701 Qui-

1981 1743 2183 1797 cunque
2213 1728 2404 1799 absque
2441 1729 2551 1799 lege
2598 1738 2963 1797 peccaverunt,
3019 1729 3176 1783 etiam
3210 1728 3401 1797 absque
3448 1728 3555 1795 lege

1973 1818 2298 1887 peribunt“,
2353 1819 2603 1874 videlicet
2650 1820 2868 1889 penitus
2914 1833 3008 1874 eos
3050 1820 3331 1873 deserente
3366 1818 3471 1871 Deo
3505 1825 3555 1870 et

1981 1916 2263 1961 aversante
2293 1908 2462 1977 ipsos,
2491 1916 2543 1961 et
2576 1906 2844 1977 supplicio
2880 1906 3043 1962 nullis
3066 1907 3392 1962 smeulorum
3451 1915 3559 1960 ter-

1978 1996 2144 2052 minis
2167 1998 2405 2053 tiniendo
2435 1996 2721 2054 alﬁciente.
2747 1998 2893 2053 Idem
2925 2006 2973 2053 et
2994 1997 3274 2069 prophetae
3296 1997 3556 2064 indicant,

1983 2089 2053 2144 ad
2079 2088 2349 2159 judicium
2376 2104 2486 2144 non
2520 2089 2798 2145 sistendos
2827 2078 3174 2160 resurgentes
3212 2088 3437 2159 impios,
3464 2087 3557 2143 sed

1983 2178 2051 2234 ad
2106 2180 2624 2237 condemnationem
2682 2181 2831 2238 illico
2884 2180 3231 2236 abducendos
3277 2196 3384 2234 una
3432 2194 3556 2235 cum

1984 2270 2230 2342 principe
2268 2286 2368 2327 suo
2399 2272 2637 2329 diabolo.
2660 2277 2846 2344 Neque
2877 2273 3023 2329 enim
3056 2273 3221 2343 hujus
3245 2274 3404 2327 etiam
3434 2272 3558 2326 vitae

1983 2361 2131 2432 leges
2154 2358 2505 2417 manifestum
2530 2363 2860 2418 homicidam
2898 2362 2980 2418 vel
3021 2362 3350 2427 adulterum,
3404 2370 3556 2431 post—

1984 2464 2149 2520 quam
2200 2464 2267 2505 ex
2324 2462 2548 2505 carcere
2595 2451 2891 2506 arcessitus
2936 2460 3038 2514 est,
3090 2451 3249 2519 longa
3307 2453 3557 2504 oratione

1986 2539 2249 2595 damnant
2299 2539 2353 2594 in
2402 2548 2699 2609 conspectu
2755 2537 3121 2594 formidabilis
3157 2546 3353 2602 coetus,
3393 2554 3555 2608 quem

1985 2631 2103 2705 ejus
2142 2632 2388 2702 exemplo
2410 2631 2700 2702 castigant.
2725 2629 2859 2684 Cum
2882 2629 3026 2685 enim
3054 2642 3222 2683 unum
3251 2629 3557 2684 membrum

1988 2732 2289 2786 resecatur,
2320 2728 2417 2775 aut
2449 2721 2626 2776 uritur
2669 2720 2729 2775 in
2753 2734 3002 2790 corpore,
3036 2725 3209 2774 totum
3243 2726 3367 2773 enm
3402 2727 3557 2789 parte

1988 2812 2298 2869 concutitur
2324 2820 2378 2867 et
2400 2809 2668 2865 con‘dolet.
2703 2808 2769 2863 Et
2796 2809 3088 2879 aliquoties
3116 2818 3227 2862 uno
3265 2820 3413 2863 caeso
3456 2806 3556 2862 fla-

1990 2906 2103 2977 gris
2135 2903 2361 2969 famulo,
2414 2912 2521 2957 tota
2558 2901 2888 2956 tantularum
2928 2900 3131 2956 cohors
3170 2900 3555 2967 extimescens,

1989 2995 2423 3054 emendationem
2455 2993 2559 3048 sibi
2573 2992 2863 3062 pollicetur
2882 2990 2935 3046 in
2961 2990 3164 3056 animo,
3188 2996 3241 3045 et
3264 2991 3410 3060 quod
3433 2997 3556 3045 tan-

1993 3099 2116 3156 gere
2158 3084 2297 3140 nolit
2345 3098 2433 3138 res
2488 3083 2832 3149 interdictas,
2872 3088 3097 3152 propter
3134 3096 3275 3151 quas
3313 3082 3401 3137 ille
3446 3090 3559 3137 tam

1993 3174 2239 3231 trisnbus
2279 3174 2463 3243 ﬂagris
2507 3168 2745 3244 undique
2780 3172 3097 3229 conscissus
3140 3173 3233 3237 sit,
3296 3171 3560 3228 divinitus

1989 3268 2235 3323 immissa
2266 3267 2345 3321 ira
2376 3266 2442 3321 ad
2464 3264 2730 3334 judicium
2759 3270 3089 3334 pertractus.
3115 3264 3246 3319 Tale
3268 3265 3399 3335 quid
3418 3266 3562 3320 scias

1988 3360 2101 3428 geri
2137 3374 2167 3411 a
2215 3358 2323 3413 Deo
2355 3358 2409 3411 in
2441 3355 2701 3426 populosa
2749 3355 2990 3419 civitate,
3033 3368 3161 3409 cum
3214 3370 3323 3410 una
3350 3353 3561 3411 familia

1988 3448 2257 3519 supplicio
2287 3445 2546 3510 afﬁcitur,
2580 3460 2703 3515 quae
2719 3444 3044 3501 delictorum
3069 3436 3283 3514 poenam
3318 3445 3442 3513 luit,
3486 3445 3557 3501 ad

1988 3540 2402 3610 castigationem
2439 3544 2492 3590 et
2535 3535 2934 3590 correctionem
2986 3532 3307 3589 caeterorum
3353 3537 3557 3591 civium

1987 3640 2041 3685 et
2065 3629 2345 3684 civitatum
2388 3624 2652 3680 omnium.
2709 3622 2899 3694 [inpiis
2928 3626 3067 3679 enim
3112 3613 3453 3693 cadentibus,
3485 3630 3559 3682 ti-

1986 3734 2104 3773 mor
2140 3718 2398 3771 incutitur
2421 3714 2606 3782 justis,
2660 3714 2837 3783 inquit
2865 3715 3389 3771 divinarum'rerum
3415 3718 3561 3788 peri-

1987 3821 2077 3864 tus
2109 3808 2197 3862 ille
2235 3806 2511 3861 Salomon.

2058 3898 2217 3967 Quod
2248 3906 2429 3953 autem
2457 3897 2593 3951 nihil
2625 3897 2679 3953 in
2700 3896 2994 3952 inevitabili
3024 3903 3078 3951 et
3106 3896 3427 3966 incorrupto
3469 3897 3564 3953 illo

1984 3992 2191 4062 judicio
2243 3989 2593 4061 profuturum
2630 3989 2700 4045 sit
2746 4002 2969 4044 sacrum
3013 3989 3283 4058 baptisma
3329 3989 3417 4055 iis,
3467 3991 3563 4062 qui

1989 4081 2078 4135 hic
2110 4080 2247 4135 illud
2285 4095 2382 4150 per
2409 4079 2704 4150 pessimam
2734 4079 2952 4134 vivendi
2992 4080 3255 4135 rationem
3281 4088 3566 4135 contume-

1989 4172 2061 4227 lia
2087 4171 2407 4237 aﬂ‘ecerunt,
2442 4180 2497 4225 et
2542 4170 2763 4241 indigne
2810 4170 3136 4239 cog-nomine
3174 4170 3379 4225 Christi
3413 4170 3564 4226 vixeé

1990 4273 2140 4330 runt,
2191 4264 2259 4318 de
2286 4262 2489 4317 eximio
2533 4262 2797 4331 Apostolo
2839 4260 3153 4326 dilucidius,
3202 4272 3364 4330 quam
3403 4276 3469 4317 ex
3495 4263 3565 4319 iis

1998 4372 2121 4428 quis
2178 4357 2320 4411 dicta
2369 4361 2498 4409 sunt
2545 4354 2824 4420 hactenus,
2874 4353 3157 4418 discimus,
3207 4352 3409 4408 diserte
3448 4355 3563 4409 cla-

1998 4454 2181 4503 mante
2215 4464 2227 4501 :
2275 4444 2379 4510 Qui
2407 4454 2717 4515 aspernatus
2748 4445 2914 4512 fuerit
2933 4443 3093 4514 legem
3120 4446 3307 4512 Mosis,
3329 4447 3565 4514 perditos

2000 4548 2163 4593 tresve
2209 4544 2362 4590 testes
2401 4535 2667 4588 convictus
2693 4533 2885 4604 absque
2920 4533 3033 4587 ulla
3066 4535 3435 4589 misericordia
3462 4553 3568 4590 mo-

1998 4631 2137 4684 ritur
2169 4644 2185 4681 :
2214 4626 2379 4679 multo
2420 4626 2586 4695 magis
2611 4624 2785 4694 pejore
2826 4625 3013 4694 dignus
3052 4624 3328 4679 habebitur
3365 4627 3567 4695 suppli-

1997 4722 2099 4785 cio,
2126 4721 2217 4790 qui
2252 4713 2453 4772 Filium
2474 4717 2568 4771 Dei
2597 4717 2979 4770 conculcaverit
2998 4724 3047 4768 et
3066 4718 3375 4787 sanguinem
3405 4726 3567 4773 testa-

1997 4812 2156 4865 menti
2184 4826 2275 4863 cett
2308 4824 2413 4863 rem
2431 4807 2711 4877 profanam
2727 4806 3045 4860 habuerit".
3063 4805 3357 4862 Conculcat
3384 4816 3564 4864 autem

1995 4903 2089 4957 Dei
2126 4900 2324 4955 Filium
2350 4908 2403 4954 et
2430 4897 2662 4953 Verbum
2695 4896 2812 4961 Dei,
2854 4897 2948 4966 qui
2979 4896 3203 4968 mystica
3227 4897 3349 4967 ejus
3372 4898 3567 4969 pocula

1997 4990 2265 5060 intrepide
2297 4988 2549 5042 manibus
2584 4986 2869 5056 rapacibus
2885 4994 2938 5042 et
2965 4987 3226 5043 adversus
3248 4990 3560 5058 proximum

1998 5079 2218 5135 elevatis
2248 5078 2435 5141 sumit,
2470 5076 2634 5131 veluti
2666 5089 3009 5129 communem
3042 5089 3236 5146 panem
3271 5085 3326 5132 et
3379 5078 3566 5133 vinum

1998 5178 2280 5240 reputans,
2325 5182 2448 5238 quae
2479 5170 2535 5222 in
2562 5165 2814 5222 ﬁdelibus
2834 5166 3034 5222 mentis
3064 5168 3240 5224 oculis
3264 5175 3393 5225 sunt
3453 5171 3572 5242 ipse

1997 5261 2158 5317 Deus.
2199 5245 2356 5315 Vivus
2396 5259 2533 5313 enim
2584 5266 2659 5311 est
2705 5270 2875 5311 sermo
2910 5256 3030 5325 Dei,
3082 5269 3137 5314 et
3168 5258 3370 5328 eﬁicax,
3409 5268 3457 5313 et
3482 5276 3571 5327 pe-

1996 5351 2294 5407 netrantior
2322 5350 2498 5419 quovis
2519 5347 2699 5419 gladio
2726 5348 2969 5418 utrinque
3005 5350 3287 5414 incidente,
3304 5350 3573 5417 etpertin-

2003 5460 2126 5516 gens
2155 5457 2318 5512 usque
2348 5441 2418 5495 ad
2451 5440 2761 5495 divisionem
2802 5440 2995 5493 enim
3037 5447 3091 5493 et
3134 5441 3389 5508 corporis,
3434 5452 3572 5495 com-

381 5636 631 5694 “Galat.
670 5651 756 5703 ιιι,
793 5634 846 5688 I.
920 5632 966 5664 ⁸³
998 5629 1242 5699 Galat.v,
1282 5631 1332 5686 7.
1371 5631 1417 5664 “
1453 5628 1605 5688 Psal.
1643 5648 1683 5702 ι,
1719 5632 1772 5688 5.
1813 5632 1859 5666 “’

1987 5672 1996 5688 .
2045 5646 2193 5700 xxvi,
2223 5628 2309 5696 10,
2352 5640 2465 5685 sec.
2496 5620 2661 5679 LXX.
2695 5618 2742 5655 "
2783 5619 2942 5678 Rom.
2984 5633 3050 5686 II,
3083 5618 3167 5675 i2.
3249 5612 3294 5653 ⁸⁸
3315 5612 3479 5683 ηοω.
3505 5635 3560 5687 ι,

248 5804 259 5813 ’
331 5706 529 5777 28,29.
658 5802 930 5866 Ριτιοι..
972 5796 1091 5878 (in.
1125 5786 1484 5858 XXXVIII.

3214 5783 3290 5847 35
