4048 6222
464 196 603 251 4067

469 324 761 379 pagumque
796 317 842 361 et
877 306 1249 371 medullarum,
1298 312 1344 357 et
1377 303 1635 357 discretor
1664 305 2047 373 cogitationum

473 412 527 455 et
562 403 747 454 mentis
780 397 1238 465 conceptarum”,
1285 393 1747 464 quemadmodum
1799 395 1914 463 ipse
1955 408 2049 462 per

472 490 699 545 Paulum
759 490 954 559 inquit.
1006 488 1139 541 Nam
1193 496 1388 541 neutro
1423 485 1586 539 modo
1636 485 1794 553 perit,
1835 482 2051 537 etiamsi

474 582 670 650 partim
712 580 884 635 clavis
936 578 1263 648 conﬁgatur,
1313 576 1512 645 partim
1562 576 1712 629 (luat.
1779 573 1886 627 Nec
1922 574 2049 627 item

476 671 804 735 absumitur,
837 685 961 725 cum
996 668 1222 739 perinde
1254 676 1316 721 ut
1356 682 1449 721 aer
1481 667 1550 720 ab
1582 666 1841 721 omnibus
1886 664 2056 735 perci—

474 764 677 833 piatur,
728 771 782 816 et
835 760 1194 815 nihilominus
1246 768 1463 813 maneat
1513 757 1658 813 Deus
1700 758 1865 822 idem,
1907 757 2054 811 haud

476 856 821 910 imminutus.
850 851 1026 907 Verba
1062 860 1241 906 autem
1277 848 1709 904 PauliDominus
1741 849 2055 918 obsignans,

478 954 533 1000 ct
553 946 671 1013 pari
702 957 826 997 cum
861 940 1158 995 incredulis
1194 940 1459 1009 supplicio
1494 937 1807 995 alliciendos
1863 947 2057 993 osten-

479 1040 635 1101 dens,
663 1038 755 1106 qui
792 1037 1011 1090 nomine
1058 1034 1279 1104 quidem
1314 1033 1633 1098 Christiani,
1683 1048 1742 1087 re
1766 1047 1897 1086 vero
1929 1031 2060 1086 mali

481 1142 628 1194 sunt,
659 1139 712 1184 et
738 1145 834 1198 per
875 1127 1247 1184 temulentiam
1296 1126 1578 1196 negligant
1615 1125 1845 1179 salutem
1879 1140 2057 1191 suam,

482 1220 658 1289 inquit
679 1221 732 1272 in
761 1217 1054 1289 Evangelia
1093 1234 1107 1269 :
1142 1214 1200 1270 Si
1233 1216 1423 1268 dixerit
1456 1217 1509 1268 in
1558 1215 1713 1268 corde
1759 1232 1856 1268 suo
1883 1229 2059 1268 servus

480 1311 570 1365 ille
606 1326 624 1363 :
659 1309 951 1363 Cunctatur
977 1308 1222 1361 dominus
1253 1322 1393 1359 meus
1424 1306 1615 1372 venire,
1650 1306 1914 1375 simulque
1958 1321 2062 1359 co:-

480 1405 616 1471 perit
645 1411 909 1470 percutere
943 1415 1238 1461 conservos,
1277 1407 1323 1451 ct
1356 1397 1505 1451 edere
1535 1405 1689 1466 atque
1728 1396 1896 1450 bibere
1943 1412 2061 1449 cum

482 1492 740 1544 conservis
784 1490 989 1544 ebriis:
1022 1487 1184 1540 Amen
1225 1486 1343 1538 dico
1392 1485 1555 1551 vobis,
1604 1486 1765 1539 veniet
1805 1486 2053 1538 dominus

483 1584 615 1636 servi
656 1583 801 1636 illius
836 1580 920 1632 die
951 1593 1053 1647 quo
1087 1593 1186 1629 non
1219 1585 1507 1643 exspecOat,
1533 1586 1581 1628 et
1604 1576 1734 1628 hora
1775 1592 1879 1645 qua
1909 1577 2060 1645 igno-

470 1682 590 1734 λι-αι,
615 1680 663 1723 et
687 1667 964 1721 dissecabit
990 1681 1132 1729 eum,
1152 1674 1199 1718 et
1230 1673 1382 1733 ponet
1405 1673 1609 1733 partem
1636 1666 1801 1734 ipsius
1822 1681 1940 1718 cum
1972 1666 2057 1718 in-

485 1760 791 1813 credulis“.
832 1757 1102 1812 Dissecari
1135 1770 1353 1809 servum
1383 1770 1492 1809 non
1518 1756 1875 1826 corporaliter
1907 1754 2066 1809 intel-

483 1849 738 1918 ligamus,
781 1846 927 1914 (nam
968 1842 1277 1914 imperitum
1329 1841 1432 1896 hoc
1475 1839 1616 1896 foret
1653 1856 1717 1896 ac
1751 1842 2064 1912 ridiculum)

486 1939 578 1993 sed
608 1952 702 2007 per
742 1936 1121 2006 spoliationem
1153 1932 1519 2003 Spiritualium
1551 1933 1818 1987 donorum
1873 1944 1926 1988 et
1971 1933 2065 1987 ba-

484 2027 781 2097 ptismatis,
828 2037 881 2081 et
907 2041 1036 2095 erga
1064 2024 1244 2094 ipsum
1275 2022 1560 2086 libertatis,
1600 2022 1862 2077 dissecari
1896 2036 1924 2074 a
1961 2021 2066 2075 Do-

484 2117 636 2171 mino
660 2116 997 2171 damnandos
1032 2114 1412 2183 intelligamus.
1463 2110 1582 2165 Non
1625 2111 1769 2165 enim
1805 2110 1922 2165 tieri
1972 2126 2063 2181 po-

485 2217 611 2272 test,
643 2216 703 2261 ut
743 2206 835 2276 qui
862 2205 1082 2261 Christo
1112 2205 1492 2269 adhwrent,ac
1507 2202 1671 2256 veluti
1696 2202 1897 2257 milites
1918 2202 2065 2259 illius

486 2298 759 2368 obsignati
791 2295 1071 2366 signaculo
1104 2307 1232 2350 sunt
1264 2306 1318 2350 et
1348 2309 1482 2349 zona
1513 2294 1723 2349 militiai
1760 2294 1934 2365 ipsius
1956 2296 2068 2350 cin-

487 2393 584 2455 cti,
618 2390 934 2459 puniantur,
992 2388 1097 2442 nisi
1130 2389 1283 2458 prius
1315 2387 1424 2442 illis
1450 2385 1666 2456 spoliati
1698 2387 1830 2441 sint.
1873 2386 2069 2453 Quem-

489 2481 781 2535 admodum
800 2487 853 2534 et
879 2489 1174 2549 praesentes
1206 2480 1367 2535 hodie
1395 2480 1543 2551 leges
1572 2480 1791 2545 docent,
1822 2495 1945 2536 reos
1962 2481 2067 2536 mi-

488 2575 611 2627 lites
655 2586 760 2626 non
800 2572 949 2641 prius
983 2570 1122 2626 allici
1163 2572 1362 2627 debere
1419 2571 1708 2642 supplicio,
1745 2588 1909 2642 quam
1960 2572 2067 2628 illis

489 2679 628 2719 zona
658 2664 729 2718 sit
761 2662 1012 2732 adempta
1045 2680 1058 2716 :
1086 2676 1195 2732 quo
1244 2662 1603 2732 signiﬁcatur,
1656 2664 1904 2734 symbolo
1928 2662 2069 2717 mili-

491 2757 582 2813 tia
608 2756 750 2825 ipsis
776 2755 981 2818 ablato,
1016 2768 1168 2809 more
1197 2754 1537 2823 privatorum
1589 2769 1618 2808 a
1664 2754 1921 2809 carniﬁce
1975 2769 2067 2823 pu-

491 2848 598 2902 niri
652 2861 837 2916 posse.
886 2845 1232 2900 Evidentiore
1288 2859 1413 2900 vero
1462 2844 1823 2899 similitudine
1881 2853 2062 2908 utens,

491 2938 621 3008 quid
645 2938 756 2992 haec
779 2937 959 2991 divina
981 2936 1238 2991 dissertio
1265 2935 1354 2999 sit,
1379 2936 1678 2990 ostendam.
1706 2934 1840 2989 Nam
1864 2936 1957 3005 qui
1981 2952 2067 2992 su-

492 3030 656 3084 blime
686 3028 883 3083 solium
915 3026 1117 3080 Christi
1160 3024 1548 3079 administrant
1578 3025 1883 3093 pontiﬁces,
1926 3026 1973 3080 si
2009 3025 2064 3079 in

493 3120 678 3188 aliquo
702 3118 860 3186 lapsu
891 3115 963 3170 sit
987 3122 1434 3183 consecratorum
1453 3114 1725 3184 quispiam
1750 3115 1804 3168 in
1824 3116 2065 3184 ipsorum

495 3220 665 3276 cattu,
688 3224 794 3263 non
836 3206 988 3276 prius
1024 3205 1201 3275 ipsum
1238 3205 1415 3275 poenis
1445 3205 1760 3275 subjiciunt,
1795 3221 1956 3277 quam
1984 3207 2069 3262 di-

495 3302 638 3356 vinis
669 3315 699 3354 a
733 3298 905 3354 sacris
933 3311 1057 3350 eum
1084 3296 1440 3359 removerint,
1485 3305 1539 3350 et
1564 3296 1782 3351 illorum
1825 3299 2071 3367 privatus

497 3394 570 3450 sit
599 3390 882 3463 symbolis.
907 3388 988 3442 Eo
1017 3396 1180 3459 pacto
1203 3387 1493 3458 spoliatum
1544 3402 1643 3458 pro
1674 3403 1784 3443 uno
1814 3405 1881 3444 ex
1918 3390 2073 3446 laicis

498 3483 719 3537 habent.
751 3480 856 3536 Per
877 3494 1041 3549 quam
1073 3478 1475 3548 ademptionem
1509 3478 1785 3533 indicatur
1813 3480 2072 3536 dissectio

502 3575 571 3630 de
595 3589 704 3644 qua
749 3574 959 3629 dictum
1008 3580 1112 3635 cst,
1142 3578 1196 3625 et
1240 3585 1336 3639 per
1362 3571 1904 3628 connumeratiooem
1955 3571 2072 3641 ejus

505 3680 630 3720 cum
658 3662 921 3736 gregariis
951 3668 1007 3718 et
1033 3661 1252 3724 vilibus,
1281 3660 1461 3730 portio
1500 3675 1626 3715 cum
1661 3661 1957 3718 incredulis
1986 3662 2074 3718 de-

500 3757 759 3812 claratur.
777 3753 835 3809 ld
854 3753 1000 3825 quod
1022 3762 1077 3807 et
1094 3750 1323 3806 Davides
1336 3749 1636 3806 carminum
1661 3752 1749 3807 ille
1764 3752 2072 3808 divinorum

502 3857 693 3903 auctor
716 3847 874 3916 longe
894 3843 1233 3909 anteiunuit,
1258 3843 1334 3898 ita
1360 3841 1661 3899 testiﬁcans
1690 3862 1703 3898 :
1744 3842 1871 3898 Vota
1894 3845 2073 3913 facite,

502 3952 550 3995 et
583 3941 781 3994 reddite
812 3938 1034 3993 Domino
1067 3936 1176 3991 Deo
1209 3947 1376 3991 vestro
1395 3953 1413 4001 ;
1447 3951 1623 3990 omnes
1644 3936 1696 3988 in
1718 3935 1940 3988 circuitu
1960 3934 2073 4003 ejus

504 4030 642 4083 dona
655 4029 878 4097 afferant
891 4026 1115 4081 terribili
1125 4034 1173 4081 et
1186 4026 1443 4096 auferenti
1455 4025 1673 4094 spiritus
1689 4035 1992 4094 magnatum
2007 4024 2071 4077 ⁷³.

574 4202 753 4257 Nolim
791 4214 923 4255 vero
964 4199 1255 4270 quisquam
1310 4197 1604 4253 arbitretur
1664 4197 1731 4252 de
1773 4197 2075 4253 animarum

505 4294 777 4349 ablatione
808 4307 1026 4346 carmen
1053 4290 1182 4345 illud
1211 4288 1583 4360 accipiendum
1614 4302 1755 4343 esse.
1781 4286 1897 4342 Non
1929 4289 2074 4344 enim

506 4380 923 4455 gubernantium
965 4379 1147 4445 modo,
1185 4378 1279 4433 sed
1317 4385 1373 4433 et
1410 4391 1599 4431 eorum
1635 4378 1725 4447 qui
1766 4378 2072 4448 gubernan-

506 4487 627 4542 tur,
658 4483 710 4528 et
738 4472 1083 4527 dominorum
1111 4508 1126 4534 ,
1160 4478 1213 4523 et
1246 4483 1527 4523 servorum
1548 4506 1564 4530 ,
1604 4468 1761 4537 plane
1795 4468 1909 4538 ipse
1938 4468 2074 4523 indit

505 4573 559 4618 et
596 4561 797 4631 aufert
843 4558 1107 4614 animales
1153 4557 1397 4627 spiritus.
1446 4555 1711 4610 Nimirum
1757 4557 1953 4611 dicitur
2008 4557 2076 4612 dc

507 4654 707 4720 anima,
732 4653 840 4707 imo
871 4651 937 4706 de
985 4648 1357 4719 spiritualibus
1412 4646 1599 4713 donis,
1668 4655 1720 4700 et
1767 4646 1831 4701 de
1898 4646 2077 4717 bapti-

510 4752 704 4798 smate.
738 4742 1013 4814 Magnates
1035 4755 1161 4793 vero
1180 4737 1311 4791 mihi
1341 4735 1590 4789 videntur
1626 4749 1749 4790 esse
1776 4749 1840 4789 ac
1869 4735 2075 4790 domini

510 4830 807 4884 inﬁdelium
858 4830 1063 4891 ﬁdeles,
1092 4843 1121 4882 a
1155 4825 1251 4880 Dei
1294 4822 1473 4878 Verbo
1509 4823 1653 4891 quod
1686 4833 1803 4877 erat
1836 4823 1891 4877 in
1928 4825 2077 4894 prin-

510 4920 694 4990 cipio,
752 4922 804 4973 id
849 4920 1149 4983 consecuti,
1208 4924 1268 4971 ut
1321 4915 1671 4970 dominentur
1726 4915 1891 4970 etiam
1946 4916 2077 4986 ipsis

511 5010 870 5066 diemonibus.
902 5010 1046 5065 Nihil
1090 5010 1234 5064 cnim
1273 5007 1363 5063 isti
1405 5006 1473 5060 ab
1515 5005 1621 5060 illis
1656 5006 1932 5062 habebunt
1974 5007 2079 5062 dis-

513 5099 795 5163 criminis,
853 5101 1041 5154 eodem
1102 5115 1371 5156 consensu
1440 5098 1789 5153 adversantes
1857 5097 1963 5153 Deo
2024 5108 2080 5154 et

514 5187 855 5246 Christianos
881 5199 1275 5257 oppugnantes.
1302 5188 1452 5255 Quos
1482 5197 1540 5241 ut
1572 5188 1800 5257 imperio
1834 5198 2080 5257 premant

516 5292 569 5336 et
594 5278 930 5352 proculcenl,
962 5277 1179 5331 divinus
1219 5278 1305 5331 ille
1345 5278 1573 5333 Davides
1606 5278 1776 5332 multo
1804 5288 1928 5333 ante
1959 5270 2109 5349 pre?

1498 187 1553 239 S.
1597 184 1911 247 C/ESARII,
1930 181 2255 238 GREGORII
2297 180 2592 236 FRATRIS
2608 219 2621 245 ,

3596 176 3625 231 I
3637 178 3741 231 068

2153 302 2249 354 καὶ
2289 300 2555 369 μυελῶν,
2610 299 2705 352 καὶ
2762 297 3117 365 διακριτικὸς
3178 295 3566 365 ἐνθυμήσεων
3643 296 3741 348 καὶ

2153 392 2439 446 ἐννοιῶν
2493 390 2677 453 καθὼς
2725 389 2885 451 αὐτὸς
2914 387 3000 441 διὰ
3036 387 3249 440 Παύλου
3286 386 3469 458 φησίν.
3503 385 3740 439 0605:5-

2158 500 2250 553 ρου
2281 483 2388 551 γὰρ
2420 479 2748 550 ἐξεκρούσθη
2770 496 2784 511 ·
2817 478 2911 532 τοῦ
2958 479 3055 548 μὲν
3084 476 3513 547 καθηλωμένον,
3549 476 3650 529 τοῦ
3688 477 3743 529 δὲ

2156 574 2400 643 ῥέοντος,
2436 572 2543 626 οὐδ’
2589 569 2659 625 αὖ
2709 570 2871 624 πάλιν
2902 569 3239 633 δαπανᾶται,
3284 567 3429 621 κατά
3474 568 3568 620 τὸν
3601 568 3746 639 ἀέρα

2157 664 2262 716 ύπό
2296 664 2511 718 πάντων
2541 662 2918 732 μετεχόμενος,
2950 662 3044 714 καὶ
3082 660 3257 730 μένων
3282 661 3310 712 ὁ
3345 659 3507 721 αὐτὸς
3533 659 3748 729 ἀμείωο

2156 772 2248 817 τος
2273 755 2424 819 Θεός.
2457 754 2537 807 Τὰ
2568 753 2623 806 δὲ
2666 752 2877 806 Παύλου
2909 750 3335 821 ὲπισφραγίζων,
3370 750 3462 803 καὶ
3513 751 3608 803 τσα
3638 749 3750 803 τῶν

2158 846 2405 900 ἀπίστων
2430 846 2641 909 δεικνὺς
2669 843 3087 915 τιμωρήσασθαι
3112 843 3236 905 τοὺς
3258 842 3445 913 κλήσει
3474 842 3577 911 μὲν
3612 840 3753 911 Χρι-

2162 940 2427 1001 στιανοὺς,
2466 938 2610 1009 ἔργῳ
2647 938 2703 991 δὲ
2740 936 3029 1007 πονηροὺς,
3057 935 3151 988 καὶ¹
3175 934 3427 1005 παροινίᾳ
3456 933 3562 1002 τῆς
3591 933 3755 1001 σφῶν

2161 1031 2506 1102 ἀμελούντων
2538 1030 2829 1101 σωτηρίας.
2870 1028 2956 1081 Ἐν
2986 1025 3339 1095 Εὑαγγελίοις
3366 1026 3552 1096 φησίν·
3600 1025 3755 1077 Ἐὰν

2161 1122 2229 1175 δὲ
2258 1123 2399 1189 εἴπῃ
2446 1121 2514 1174 ἐν
2554 1119 2747 1184 ἐαυτῷ
2795 1122 2827 1173 ό
2866 1118 3089 1183 δοῦλος
3117 1116 3378 1181 ἐκεῖνος,
3409 1116 3680 1183 Χρονίζει
3719 1118 3755 1168 ὁ

2162 1214 2364 1281 κύριός
2386 1230 2498 1279 μου
2532 1211 2636 1265 τοῦ
2667 1209 2884 1273 ἐλθεῖν,
2923 1209 3021 1262 καὶ
3048 1207 3285 1276 ἄρξεται
3321 1207 3568 1261 τύπτειν
3598 1206 3755 1273 τοὺς

2163 1301 2562 1367 συνδούλους,
2589 1301 2817 1354 ἐσθίειν
2846 1317 2908 1353 τε
2936 1300 3032 1353 καί
3061 1301 3258 1354 πίνειν
3283 1298 3431 1369 μετὰ
3452 1299 3573 1351 τῶν
3591 1313 3756 1352 συν-

2165 1393 2401 1446 δούλων
2442 1392 2814 1460 μεθυόντων·
2860 1390 3023 1459 ἀμὴν
3057 1390 3214 1459 λέγω
3260 1390 3423 1459 ὑμῖν,
3462 1390 3595 1456 ἣξει
3640 1390 3755 1442 κύ-

2158 1503 2287 1554 ριος
2323 1483 2428 1538 τοῦ
2472 1482 2696 1538 δούλου
2740 1483 2998 1547 ἐκείνου,
3040 1483 3110 1535 ἐν
3137 1482 3326 1551 ἡμέρᾳ
3360 1476 3401 1554 ᾖ
3448 1484 3521 1536 οὐ
3550 1496 3752 1550 προσ-

2165 1574 2335 1641 δοκᾷ,
2361 1574 2459 1627 καὶ
2493 1574 2563 1627 ἐν
2593 1573 2710 1641 ὥρᾳ
2734 1567 2774 1644 ᾖ
2802 1574 2873 1626 οὺ
2903 1572 3198 1643 γινώσκει,
3228 1574 3325 1626 καὶ
3354 1572 3753 1642 διχοτομήσει

2166 1666 2374 1732 αὐτόν,
2416 1665 2514 1718 καί
2550 1663 2722 1731 θήσει
2767 1663 2834 1717 τὸ
2854 1662 3037 1734 μέρος
3073 1663 3258 1717 αὐτοῦ
3283 1665 3433 1732 μετὰ
3456 1663 3577 1718 τῶν
3606 1665 3754 1718 ἀπί-

2168 1773 2355 1811 στων.
2408 1756 2822 1827 Διχοτομεῖσθαι
2872 1755 2963 1808 τὸν
3012 1755 3229 1826 οἰκέτην
3281 1756 3356 1827 μὴ
3410 1758 3752 1827 σωματικῶς
3824 1778 3829 1779 ί

2165 1848 2447 1918 νοήσωμεν
2476 1844 2749 1917 (ἀμαθίας
2768 1846 2876 1917 γὰρ
2905 1844 3059 1898 τοῦτο
3086 1846 3177 1898 καί⁸
3217 1845 3651 1918 γέ).ωτος),ἀλλά
3678 1852 3748 1918 τῇ

2163 1938 2447 2009 ἀφαιρέσει
2494 1937 2601 1992 τῶν
2650 1936 3033 2007 πνευματικῶν
3076 1937 3430 2008 χαρισμάτων
3485 1939 3584 1991 καὶ
3645 1937 3748 1993 τοῦ

2166 2029 2565 2099 βαπτίσματος,
2606 2029 2699 2081 καὶ
2728 2029 2828 2099 τῆς
2852 2028 2983 2097 πρὸς
3016 2028 3180 2081 αὐτὸν
3226 2030 3561 2101 παρρησίας,
3594 2031 3748 2103 διχο-

2164 2120 2444 2189 τομεῖσθαι
2483 2119 2585 2174 ὑπὸ
2617 2118 2709 2172 τοῦ
2742 2118 2944 2197 Κυρίου
2976 2120 3104 2183 τοὺς
3135 2118 3568 2190 κριθησομένους
3593 2125 3744 2193 ἡμᾶς

2164 2211 2466 2281 νοήσωμεν.
2503 2210 2578 2263 Οὐ
2612 2210 2720 2281 γὰρ
2752 2204 2862 2262 οἶόν
2892 2226 2950 2262 τε
2972 2211 3098 2273 τοὺς
3128 2210 3344 2281 Χριστῷ
3374 2212 3745 2283 συνθεμένους

2166 2302 2265 2355 καὶ
2326 2296 2439 2354 οἷον
2483 2301 2818 2372 στρατιώτας
2862 2303 3378 2373 κατασημανθέντας
3410 2306 3479 2375 τῇ
3532 2306 3746 2359 ἐκείνου

2167 2391 2441 2462 σφραγίδι,
2472 2393 2565 2446 καὶ
2579 2395 2643 2463 τῇ
2670 2391 2814 2465 ζώνῃ
2836 2393 2931 2464 τῆς
2956 2394 3118 2446 αὑτοῦ
3145 2396 3399 2466 στρατιᾶς
3428 2394 3747 2466 διειλημμέ-

2172 2499 2296 2545 νους
2338 2482 2717 2551 τιμωρεῖσθαι,
2771 2483 2846 2553 μὴ
2909 2484 3171 2555 πρότερον
3222 2484 3445 2537 ἐκείνων
3493 2486 3742 2556 ἀπορραο

2170 2575 2385 2643 γέντας,
2415 2574 2595 2638 καθὼς
2625 2575 2716 2628 καὶ
2742 2576 2791 2628 οἰ
2816 2577 3052 2647 τήμερον
3079 2577 3231 2647 νόμοι
3268 2577 3588 2630 παιδεύουσι
3618 2580 3747 2642 τοὺς

2168 2665 2370 2729 αἰτίους
2419 2665 2525 2718 τῶν
2572 2666 2918 2735 στρατιωτῶν
2949 2667 3020 2737 μὴ
3050 2668 3310 2740 πρότερον
3338 2670 3743 2741 τιμωρεῖσθαι,

2170 2757 2297 2828 πρὶν
2343 2756 2443 2827 τῆς
2496 2756 2671 2828 ζώνης
2718 2759 3118 2829 ἀπορραγῆναι,
3170 2760 3271 2830 τῆς
3316 2762 3590 2832 συμϐόλου
3645 2762 3748 2831 τῆς

2171 2849 2449 2918 στρατιᾶς,
2480 2847 2572 2900 καὶ
2605 2851 2670 2918 τῇ
2700 2849 2915 2919 ἐκείνης
2943 2850 3227 2921 ἀφαιρέσει
3268 2852 3357 2904 ἴσα
3384 2852 3492 2904 τῶν
3521 2852 3749 2905 ἰδιωτῶν

2173 2937 2587 3002 καταξαίνεσθαι
2643 2938 2719 3010 τῷ
2782 2939 2977 3011 δημίῳ.
3027 2943 3421 3013 Ἑναργεστὲρᾳ
3478 2943 3523 2996 δ’
3574 2944 3749 2997 εἰκόνι

2171 3030 2513 3099 χρησάμενος
2539 3032 2872 3100 παραστήσω
2892 3032 2988 3101 τὴν
3014 3032 3162 3085 θείαν
3182 3033 3509 3103 διχοτομίαν.
3540 3036 3604 3088 Οἱ
3634 3036 3748 3105 γὰρ

2170 3117 2260 3170 τὸν
2286 3117 2486 3187 ὑψηλὸν
2514 3119 2605 3171 τοῦ
2636 3120 2869 3189 Χριστοῦ
2912 3121 3187 3186 διέποντες
3218 3123 3399 3192 θρόνον
3424 3126 3741 3195 ἀρχιερεῖς,

2170 3208 2263 3261 τοῦ
2294 3208 2477 3261 θιάσου
2510 3211 2569 3261 ὲν
2609 3209 2805 3280 όλίσθῳ
2835 3212 2978 3275 τινὸς
3021 3214 3128 3265 τῶν
3164 3214 3458 3284 ἱερωμένων
3502 3216 3744 3285 γενομέο

2173 3316 2263 3352 νου
2285 3340 2299 3364 ,
2328 3298 2387 3351 ού
2420 3300 2683 3371 πρότερον
2706 3301 2867 3354 αὐτὸν
2891 3306 3072 3370 εἰςτὰς
3092 3306 3243 3371 δίκας
3257 3304 3470 3373 διδόασι,
3488 3306 3618 3376 πρὶν
3638 3308 3742 3378 τῆς

2174 3387 2325 3450 θείας
2353 3388 2659 3459 ἀπορρῆξαι
2702 3390 2951 3461 τελετῆς,
2984 3393 3052 3446 τὰ
3079 3394 3294 3465 ἐκείνης
3336 3396 3742 3468 ἀφαιρούμενον

2176 3476 2451 3548 σύμϐολαο
2486 3480 2577 3532 καὶ
2611 3478 2781 3544 οὕτως
2809 3481 3203 3553 καθαιρεθέντα
3247 3485 3342 3538 ἕνα
3392 3486 3503 3538 τῶν
3541 3488 3740 3541 λαῖκῶν

2175 3569 2445 3640 ἡγεῖσθαι.
2476 3572 2553 3622 Δι’
2575 3564 2650 3625 ὧν
2675 3572 2773 3642 τῆς
2801 3573 3143 3645 ἀφαιρέσεως
3173 3574 3425 3647 δηλοῦται
3459 3580 3493 3648 ἠ
3523 3578 3738 3647 ρηθείσα

2174 3659 2480 3730 διχὸτομία,
2509 3662 2602 3715 καὶ
2632 3665 2699 3733 τῇ
2734 3665 3117 3732 συγκαταλέξει
3146 3665 3239 3719 τοῦ
3261 3668 3516 3735 ἀγελαίου
3551 3672 3584 3740 ἡ
3610 3670 3739 3739 μετὰ

2174 3754 2283 3808 τῶν
2324 3755 2565 3809 ἀπίστων
2606 3756 2781 3826 μερίς.
2839 3757 3015 3829 Ὅπερ
3043 3760 3135 3812 καὶ
3167 3760 3329 3812 Δαὸὶδ
3374 3762 3403 3814 ὁ
3443 3762 3552 3813 τῶν
3588 3762 3742 3813 θείων

2180 3842 2414 3913 μελῳδὸς
2466 3844 2824 3915 προῃνίξατο,
2865 3844 3362 3918 διαμαρτυρόμενος
3399 3847 3597 3912 οὕτως,
3630 3850 3739 3902 Εὕ-

2177 3931 2384 3998 ξασθε,
2436 3933 2533 3986 καί
2563 3932 2819 3988 ἀπόδοτε
2861 3936 3058 4003 Κυρίῳ
3110 3936 3190 4001 τῷ
3242 3936 3365 4001 Θεῷ
3397 3937 3563 4006 ὑμῶν
3598 3939 3738 4008 (91)·

2177 4021 2398 4088 πάντες
2421 4026 2475 4076 οἱ
2505 4023 2707 4090 κύκλῳ
2732 4024 2917 4078 αὑτοῦ
2938 4026 3179 4080 οίσουσι
3205 4026 3360 4095 δῶρα
3392 4026 3479 4093 τῷ
3520 4029 3743 4099 φοϐερῷ

2176 4109 2275 4163 καὶ
2298 4109 2709 4178 ἀφαιρουμένῳ
2732 4112 3039 4180 πνεύματα
3063 4114 3388 4182 ἀρχόντων.
3657 4142 3680 4155 ο

2248 4201 2453 4269 Μηδεὶς
2493 4201 2550 4254 δὲ
2594 4201 2787 4255 οἰέσθω
2818 4203 2948 4277 περὶ
2978 4202 3164 4273 ψυχῶν
3213 4205 3555 4275 ἀφαιρέσεως
3606 4207 3746 4277 ἔχειν

2178 4288 2277 4361 τὴν
2333 4288 2596 4359 μελῳδίαν
2643 4290 2780 4360 (οὐκ
2814 4291 3229 4363 ἀρχόντωνγὰρ
3258 4294 3416 4363 μόνον
3437 4334 3451 4359 ,
3488 4296 3625 4349 ἀλλά
3656 4297 3747 4350 καὶ

2179 4380 2497 4451 ἀρχομένων
2529 4382 2623 4434 καὶ⁸
2647 4382 2918 4435 δεσποτῶν
2948 4383 3042 4435 καὶ
3072 4384 3313 4449 οἰκετῶν,
3343 4385 3565 4451 πάντως
3592 4389 3746 4451 αὐτὸς

2180 4472 2417 4541 ἐντίθησι
2444 4471 2535 4524 καὶ
2563 4471 2872 4543 ἀφαιρεῖται
2901 4474 2971 4527 τὰ
2998 4474 3202 4545 ῲυχικὰ
3227 4476 3580 4545 πνεύματα),
3616 4480 3745 4531 ἀλλά

2182 4559 2398 4623 πάντως
2430 4559 2557 4629 περὶ
2584 4559 2691 4613 τῶν
2715 4561 2975 4629 ψυχικῶν,
3003 4562 3200 4632 μᾶλλον
3237 4564 3331 4617 καὶ
3359 4566 3746 4635 πνευματικῶν

2180 4648 2532 4720 χαρισμάτων
2597 4646 2692 4700 καὶ
2738 4647 2831 4701 τοῦ
2891 4648 3283 4719 βαπτίσματος.
3347 4652 3648 4721 ’Ἄρχοντες
3691 4652 3746 4704 δέ

2186 4758 2275 4810 μοι
2302 4739 2514 4792 δοκοῦσι
2545 4737 2638 4791 καὶ
2668 4738 2844 4809 κύριοι
2887 4739 2991 4792 τῶν
3014 4741 3256 4793 ἀπίστων
3285 4741 3334 4793 οἰ
3365 4743 3569 4805 πιστοὶ,
3602 4742 3750 4811 παρά

2181 4829 2276 4881 τοῦ
2309 4830 2366 4881 ὲν
2396 4828 2536 4897 ἀρχῇ
2582 4827 2755 4895 Λόγου
2793 4827 2927 4880 Θεοῦ
2974 4828 3034 4881 τὸ
3061 4829 3249 4900 ἄρχειν
3278 4831 3398 4884 κατ’
3438 4832 3624 4885 αὐτῶν
3662 4833 3751 4885 καὶ

2181 4920 2449 4989 δαιμόνων
2477 4917 2610 4987 (95).
2643 4918 2808 4971 Οὐδὲν
2841 4918 2946 4990 γὰρ
2988 4912 3134 4973 οὗτοι
3168 4921 3392 4975 ἐκείνων
3435 4921 3749 4985 διοίσουσιν,

2183 5005 2514 5077 ὁμογνώμως
2541 5005 2658 5076 Θεῷ
2692 5006 3055 5078 ἀντικείμενοι
3079 5008 3175 5062 καὶ
3216 5011 3565 5079 Χριστιανοὶς
3592 5010 3752 5063 πολε-

2187 5099 2430 5169 μοῦντες.
2466 5094 2558 5161 Οἷς
2581 5098 2641 5150 τὸ
2671 5096 2856 5168 ἄρχειν
2883 5100 2979 5152 καὶ
3008 5103 3199 5153 πατεῖν
3224 5101 3423 5165 αὐτοὺς
3440 5100 3470 5154 6
3497 5102 3753 5172 θεοφόρος

2185 5189 2345 5242 Δαϐἰδ
2396 5189 2861 5259 προεπευχόμενος
2905 5190 3046 5256 ἀξιοῖ
3093 5192 3155 5245 τὸ
3191 5191 3345 5245 Θείον
3390 5192 3606 5256 οὕτως·
3642 5196 3753 5246 Ka-

2186 5279 2507 5345 ταστήσεις
2536 5279 2754 5345 αὐτοὺς
2783 5280 3077 5350 ἄρχοντας
3101 5282 3197 5336 ἐπὶ
3236 5283 3443 5340 πᾶσαν
3473 5284 3592 5352 τὴν
3617 5282 3749 5354 γῆν.

590 5416 636 5447 ⁷ο
662 5414 825 5471 Hebr.
856 5430 930 5480 ιν,
961 5410 1047 5465 12.
1123 5410 1165 5441 τι
1194 5408 1328 5464 Luc.
1359 5425 1455 5473 xu,
1481 5410 1571 5474 45,
1600 5409 1689 5463 46.
1767 5411 1810 5442 ⁷³
1844 5409 1988 5465 Psal.
2026 5429 2066 5465 ις

2175 5454 2187 5477 ,
2226 5412 2313 5473 12,
2362 5412 2446 5464 15.

596 5543 705 5613 (91)
750 5544 833 5611 Τῷ
859 5549 922 5600 Θ.
957 5539 1140 5613 ὑμῶν.
1167 5541 1308 5595 LXX
1340 5540 1515 5613 ἡμῶν.
1556 5539 1661 5595 Sed
1698 5539 1852 5611 Vulg.
1890 5554 2075 5607 rostro,

525 5625 645 5684 qua}
674 5623 853 5669 tamen
884 5615 1064 5671 subdit
1096 5613 1320 5682 offertis.

2260 5543 2368 5614 (θῦ)
2403 5541 2925 5614 Δαιμόνωνηυθιξει
2948 5544 3035 5599 hic
3078 5543 3301 5603 verbum
3340 5542 3627 5614 δεξάμενοι
3650 5550 3741 5598 aut

2185 5612 2481 5681 εἰληφότες,
2513 5612 2591 5665 vel
2625 5613 2752 5681 quid
2786 5615 2979 5669 simile.
