4048 6222
275 313 305 369 Ι
316 314 421 370 069

273 426 718 496 Μνησθήσομαι
750 429 853 483 τοῦ
899 429 1186 498 ὀνόματός
1218 445 1333 486 σου
1357 432 1426 486 ἐν
1469 433 1635 500 πάσῃ
1673 429 1849 500 γενεᾷ

276 519 376 574 καί
398 517 599 588 γενεᾷ.
642 519 983 585 Ἐπακούσας
1009 521 1065 574 δὲ
1095 522 1191 576 τοῦ
1236 525 1516 594 προφήτου
1543 525 1572 575 6
1599 523 1730 587 Θεὸς
1754 525 1848 577 καὶ

275 611 484 679 Λόγος,
531 609 591 674 ἐξ
635 611 859 665 ἐκείνων
917 612 1207 684 ἀνδρωθεὶς
1252 616 1346 667 καὶ
1389 615 1612 668 ἐκείνων
1659 616 1848 685 κόσμῳ

273 701 639 770 ὲπεφοίτησεο
709 701 805 754 καὶ
865 701 1141 775 θεηγορῶν
1194 705 1252 756 ἐν
1308 705 1658 774 Εὐαγγελίοις
1714 705 1846 778 φησὶ

272 790 417 862 πρὸς
456 793 625 861 ἡμᾶς,
659 793 958 860 Θαρσεῖτε,
987 793 1100 862 ἐγὼ
1123 795 1407 862 νενίκηκα
1438 798 1546 850 τὸν
1587 797 1841 866 κόσμον,

272 884 394 949 καὶ,
442 883 609 946 Ἰδοὺ,
642 883 870 937 δέδωκα
900 885 1042 954 ὑμῖν
1076 886 1367 948 ἐξουσίαν
1398 888 1606 941 πατεῖν
1642 889 1840 942 ἐπάνω

274 974 472 1042 ὄφεων
497 973 596 1026 καί
620 975 943 1042 σκορπίων,
978 976 1074 1030 καὶ
1093 977 1189 1030 ἐπὶ
1221 976 1426 1033 πᾶσαν
1455 979 1568 1046 τὴν
1589 978 1844 1049 δύναμιν

270 1064 383 1115 τοῦ
410 1063 655 1131 ἐχθροῦ·
692 1064 814 1132 ἥτις
855 1064 1087 1136 ὑπάρχει
1142 1070 1288 1121 πᾶσα
1329 1070 1538 1140 αἵρεσις
1577 1071 1712 1140 (96).
1752 1070 1840 1124 Ἑν

274 1153 426 1226 πάσῃ
446 1154 502 1206 δὲ
524 1157 685 1224 γενεᾷ
720 1157 812 1208 καὶ
839 1160 999 1229 γενεᾷ
1019 1161 1427 1232 μνημονεύομεν
1456 1163 1547 1216 τοῦ
1575 1165 1840 1234 ὀνόματος

270 1245 509 1316 Χριστοῦ
531 1245 790 1315 ἄρχοντες
805 1248 911 1301 τῶν
938 1250 1192 1304 ἐναντίων
1220 1255 1314 1306 καὶ
1346 1254 1524 1324 κύριοι
1582 1257 1672 1308 ὑπ’
1694 1257 1836 1310 ἐκεί-

270 1355 366 1390 νου
409 1338 776 1402 καταστάντες
815 1339 903 1392 διὰ
926 1340 1020 1393 τοῦ
1053 1342 1455 1413 βαπτίσματος,
1488 1347 1583 1400 καὶ
1634 1347 1726 1401 τοῦ
1779 1351 1836 1403 ἐν

270 1428 421 1499 αὐτῷ
437 1428 731 1499 δοθέντοςῗή
741 1433 832 1499 μίν
849 1431 1000 1498 ἁγίου
1023 1433 1160 1485 Πνεύ
1169 1451 1353 1504 ματος.
1364 1436 1502 1489 "Arte
1508 1454 1541 1508 ρ
1567 1439 1834 1509 ἐναρέτως

272 1520 516 1590 βιοῦντες
561 1521 842 1590 γεραίρειν
887 1524 1305 1595 σπουδάσωμεν,
1339 1527 1540 1597 μηδένα
1587 1530 1834 1601 σπῖλονῆ

274 1609 465 1680 μῶμον
493 1610 679 1674 αὐτοῖς
727 1610 787 1676 ἐξ
831 1611 1138 1684 ἀκαθάρτου
1177 1615 1450 1681 πολιτείας
1483 1620 1838 1690 προστρίϐον-

267 1717 392 1764 τες,
442 1701 650 1770 μήποτε
681 1701 881 1771 κρίνων
927 1703 1134 1773 Ἰησοῦς
1171 1704 1499 1779 διχοτομήσῃ
1527 1711 1697 1779 ἡμᾶς,
1745 1711 1839 1764 καὶ

274 1793 415 1863 μετὰ
445 1791 555 1846 τῶν
591 1794 908 1866 ἀρχομένων
942 1797 1184 1852 ἀπίστων
1240 1799 1608 1875 συναπολέσῃ,
1653 1806 1734 1868 είς
1778 1805 1839 1860 τὸ

271 1887 384 1957 πῦρ
413 1886 473 1940 τὸ
513 1888 764 1954 αἰώνιον,
803 1890 1118 1962 ἀπορρήξας
1169 1893 1266 1946 τοῦ
1323 1897 1693 1966 πνευματικοῦ
1737 1917 1836 1969 χα-

273 1981 535 2052 ρίσματος
575 1982 669 2035 καὶ
705 1981 1097 2054 βαπτίσματος.
1125 1987 1236 2056 Οὐχ
1269 1988 1343 2050 ῶς
1367 2006 1472 2042 τινι
1501 1991 1557 2044 δὲ
1598 1991 1704 2044 τῶν
1738 2010 1839 2062 μυ-

270 2072 505 2142 Θολόγων
544 2073 720 2138 ἔδοξεν
752 2074 907 2147 (96⁸),
949 2075 1117 2140 ἀκοὰς
1148 2077 1245 2147 μὲν
1285 2077 1548 2148 θέλγοντι,
1576 2081 1751 2153 ψυχὰς
1781 2083 1837 2136 δὲ

268 2163 331 2216 οὐ
374 2163 650 2234 τρέφοντι,
696 2166 869 2236 πέρας
901 2167 1010 2234 ἕξει
1037 2169 1069 2238 ἠ
1098 2168 1203 2222 τῶν
1233 2170 1570 2242 ἁμαρτωλῶν
1598 2177 1836 2245 τιμωρία

270 2255 335 2308 ἐκ
365 2255 459 2308 τοῦ
489 2255 706 2310 αἰώνιον
738 2258 894 2328 μόνον
927 2259 1095 2328 φῆσαι
1122 2258 1212 2314 τὸν
1259 2261 1459 2334 Κύριον
1483 2264 1544 2316 τὸ
1579 2265 1839 2338 κολαστή-

270 2362 385 2418 ριον
415 2346 547 2418 πῦρ,
597 2349 692 2400 καὶ
721 2349 820 2402 οὐκ
851 2349 1065 2406 αἰώνιον
1097 2353 1326 2409 αἰώνων.
1361 2357 1473 2411 Οὐκ
1517 2359 1700 2430 ἐπειδὴ
1728 2361 1836 2432 γὰρ

265 2441 295 2491 6
325 2439 611 2510 προφήτης
634 2440 815 2510 φησὶν,
849 2443 953 2506 Εἰς
977 2441 1096 2496 τῶν
1115 2445 1318 2508 αἰῶνα,
1349 2449 1544 2515 Κύριε,
1576 2453 1609 2503 ὁ
1645 2452 1835 2520 Λόγος

265 2543 382 2581 σου
415 2527 678 2596 διαμένει
727 2529 797 2581 ἐν
845 2529 925 2595 τῷ
957 2533 1218 2600 οὐρανῷ,
1268 2536 1416 2607 παρὰ
1467 2536 1622 2592 τοῦτο
1675 2541 1834 2612 μέχρι

264 2618 408 2681 τινος
433 2618 522 2672 τὸν
543 2619 672 2676 Θεὸν
697 2621 790 2673 καὶ
811 2620 980 2689 Λόγον
1001 2623 1058 2673 ἐν
1078 2623 1154 2693 τῷ
1186 2625 1396 2696 οὐρανῷ
1427 2628 1690 2699 ὑπάρχειν
1711 2635 1835 2704 νοή-

268 2720 470 2773 σωμεν,
528 2705 666 2774 μετὰ
707 2705 762 2759 δὲ
805 2707 893 2759 τὸν
931 2707 1102 2763 αἰῶνα
1134 2711 1388 2784 ἐκφοιτᾷ-δ
1421 2713 1530 2768 τῶν
1567 2717 1830 2788 οὐρανῶν.

265 2795 377 2847 Καὶ
430 2796 590 2848 πάλιν
625 2797 652 2848 6
693 2797 855 2860 αὐτός
908 2817 1072 2870 φησι,
1103 2803 1212 2856 Καὶ
1245 2805 1282 2872 ἡ
1324 2805 1574 2873 ἀλήθεια
1615 2813 1834 2880 Κυρίου

260 2888 426 2958 μένει
460 2891 547 2954 εις
577 2887 684 2942 τὸν
713 2888 917 2946 αἰῶνα.
948 2888 1074 2968 Ἆρ’
1122 2889 1213 2948 οὖν
1261 2898 1398 2966 μετά
1429 2916 1548 2952 τινα
1579 2904 1834 2975 χρονικὴν

267 2981 497 3051 πάροδον
527 2981 627 3035 οὐκ
654 2981 804 3037 ἔσται
825 2983 1074 3054 ἀληθινὸς
1103 2988 1130 3039 6
1157 2988 1382 3060 Κύριος,
1409 2992 1549 3046 κατά
1570 2995 1667 3065 τὴν
1694 3013 1838 3062 παρ-

266 3073 436 3126 οινίαν
469 3071 562 3125 τοῦ
591 3073 689 3142 τῆς
728 3074 896 3144 ὀργῆς
940 3075 1258 3147 ἐπωνύμου;
1290 3080 1460 3144 Αὐτὸς
1490 3082 1534 3135 δ’
1569 3085 1626 3136 ἐν
1658 3086 1832 3155 Εὐαγ-

265 3165 462 3233 γελίοις
506 3167 535 3218 6
563 3165 755 3236 κριτής
794 3183 926 3236 φησι
960 3170 1069 3231 τοῖς
1099 3168 1262 3232 Θείοις
1286 3171 1450 3226 αὑτοῦ
1482 3175 1828 3242 ἀποστόλοις,

265 3255 374 3309 Καὶ
395 3256 510 3326 ἐγὼ
532 3259 660 3324 μεθ’
696 3255 860 3324 ὑμῶν
886 3259 1022 3326 εἰμι,
1057 3258 1168 3324 ἕως
1199 3259 1307 3328 τῆς
1338 3267 1693 3331 συντελείας
1725 3267 1831 3322 τοῦ

265 3345 498 3413 αἰῶνος.
549 3342 673 3416 ’Ἆρ’
700 3342 791 3400 οὖν
824 3346 928 3410 ἕως
957 3348 1145 3418 χρόνου
1178 3352 1493 3407 συνέσεσθαι
1529 3357 1691 3410 αὐτὸν
1717 3362 1830 3424 τοῖς

263 3438 440 3506 ἁγίοις
485 3437 900 3510 ὑπονοήσωμεν,
938 3439 972 3509 ἢ
1009 3439 1207 3510 μᾶλλον
1245 3442 1429 3506 ἀϊδίως
1474 3447 1567 3499 καὶ
1593 3447 1832 3519 ἀπεράν-

262 3545 403 3596 τως;
436 3529 560 3593 Πῶς
591 3529 648 3583 δὲ
675 3531 776 3582 οὐκ
812 3529 1045 3600 ἐσχάτης
1079 3531 1311 3602 ὑπάρχει
1345 3537 1688 3606 φρενητείας,
1731 3539 1832 3592 πέ-

264 3640 366 3696 ρας
396 3621 492 3676 τοῦ
535 3621 732 3686 αἰῶνος
779 3621 1147 3688 ὑποτίθεσθαι,
1177 3625 1270 3677 καὶ
1303 3625 1492 3698 μέχρις
1519 3628 1726 3682 ἐκείνου
1752 3648 1833 3685 τι-

266 3714 588 3786 μωρηθέντα
612 3714 702 3767 τὸν
727 3713 970 3768 διάϐολον
999 3714 1113 3785 ἅμα
1144 3715 1251 3770 τῶν
1280 3719 1833 3788 προσαπελασθέντων

266 3805 554 3877 μοχθηρῶν
597 3804 929 3879 ἀνθρώπων,
967 3807 1380 3879 ἐλευθεροῦσοαι
1418 3812 1526 3866 τῶν
1570 3814 1833 3883 ἀλγεινῶν

266 3897 464 3968 μηκέτι
508 3896 928 3968 κολαζομένους’;
964 3898 1036 3952 Τὸ
1061 3897 1120 3964 ἐξ
1161 3901 1438 3956 ἀντιθέτου
1475 3903 1584 3977 γὰρ
1618 3907 1833 3973 πάντως

262 3990 492 4052 δικαίοις
536 3989 902 4060 συμϐήσεται,
937 3991 1101 4061 μέχρι
1124 3991 1267 4056 τινος
1305 3988 1497 4058 αἰῶνος
1549 3999 1833 4070 μακαρίως

264 4077 521 4151 βιώσασι,
568 4079 661 4131 καὶ
699 4080 757 4146 ἐν
800 4079 954 4149 ἀδείᾳ
985 4078 1142 4132 πάλιν
1191 4078 1442 4150 θνήσκειν
1472 4083 1505 4151 ἦ
1547 4101 1599 4136 τι
1629 4085 1834 4155 ὑπομέ-

262 4187 409 4233 νειν,
461 4169 857 4240 περαιουμένου
901 4168 994 4220 τοῦ
1045 4169 1166 4222 κατ’
1193 4170 1389 4234 αὐτοὺς
1441 4171 1653 4237 αἰῶνος.
1696 4177 1835 4241 Τοὺς

267 4264 366 4334 μὲν
386 4263 496 4333 γάρ
521 4264 597 4326 εἰς
621 4263 764 4334 ζωὴν
788 4260 1023 4325 αἰώνιον,
1047 4263 1170 4326 τοὺς
1191 4262 1247 4314 δὲ
1271 4265 1352 4326 είς
1375 4265 1594 4319 κόλασιν
1619 4269 1832 4324 αἰώνιον

263 4351 591 4424 πορεύεσθαι
629 4351 658 4403 6
700 4350 888 4421 κριτὴς
939 4350 1271 4420 ἀπεφήνατο.
1336 4351 1572 4423 Ἀνάγκη
1602 4351 1696 4408 οὖν
1732 4373 1831 4410 πε-

268 4443 596 4516 ραιουμένης
638 4442 857 4496 ἐκείνων
890 4441 989 4509 τῆς
1027 4440 1300 4505 κολάσεως
1340 4445 1697 4513 περαιοῦσθαι
1736 4449 1832 4503 καὶ

262 4536 468 4590 τούτων
505 4534 603 4604 τὴν
630 4533 792 4602 ζωὴν.
826 4532 1007 4595 καθώς
1037 4549 1197 4600 φασιν
1221 4533 1270 4585 oi
1293 4533 1393 4602 τῆς
1416 4534 1584 4600 ὅντως
1609 4539 1833 4612 suam-

268 4625 422 4696 μένοι
460 4622 636 4692 ζωῆς,
682 4621 790 4675 τῶν
835 4619 1118 4692 ἐγκρατῶν
1168 4619 1266 4684 τὰς
1291 4624 1475 4692 χεῖρας
1515 4623 1829 4693 ἐκλύοντες,

260 4715 340 4777 εἰς
372 4712 544 4782 πέρας
577 4711 846 4773 κολάσεως
884 4711 1079 4772 αὐτοὺς
1107 4709 1545 4780 μετεωρίζοντες.

1650 313 1992 370 DIALOGUS
2025 316 2112 371 Ill.

3378 329 3512 383 l070

1950 432 2105 486 cibus
2151 448 2180 487 a
2229 433 2332 489 Deo
2393 435 2573 489 verbis
2621 436 2768 491 hisce
2820 437 3098 492 contendit
3151 458 3161 490 :
3218 438 3512 499 Constitues

1949 523 2090 591 ipsos
2115 525 2372 593 principes
2417 543 2570 594 super
2601 529 2897 582 universam
2928 540 3142 584 terram.
3183 529 3386 585 Memor
3424 551 3512 590 ero

1948 615 2173 668 nominis
2202 617 2278 669 tui
2322 617 2373 669 in
2417 619 2560 670 omni
2597 621 2929 688 generatione
2987 632 3036 675 et
3072 624 3406 691 generatione
3445 629 3509 682 ’³.

1946 704 2211 762 Exaudito
2242 717 2421 762 autem
2458 716 2598 774 vate,
2632 709 2773 765 Deus
2801 711 3037 768 Verbum
3073 714 3328 785 deinceps
3350 717 3513 773 homo

1946 796 2120 853 factus
2175 799 2279 854 vati
2335 800 2527 855 similis
2580 801 2633 855 in
2680 803 2944 857 mundum
2994 805 3169 872 venit,
3216 815 3270 860 et
3327 819 3512 864 sancte

1944 891 2244 958 praedicans
2284 891 2337 944 in
2377 890 2669 962 Evangelia
2711 893 2886 962 inquit
2927 895 2993 948 ad
3041 910 3142 950 nos
3183 915 3195 950 :
3231 897 3508 967 Conﬁdite,

1943 995 2034 1048 ego
2072 996 2185 1030 sum
2218 980 2305 1047 qui
2354 980 2456 1032 vici
2493 980 2746 1034 mundum
2789 981 2856 1037 7‘.
2897 985 3026 1039 Item
3051 1025 3065 1050 ,
3097 986 3231 1040 Ecce
3269 989 3389 1042 dedi
3418 1005 3508 1042 vo-

1944 1068 2020 1120 bis
2061 1075 2372 1152 potestatem
2414 1068 2656 1122 calcandi
2689 1087 2843 1138 super
2887 1084 3147 1141 serpentes
3187 1085 3237 1129 et
3272 1081 3510 1146 scorpio-

1943 1173 2066 1222 nes,
2107 1168 2155 1210 et
2199 1175 2353 1226 super
2406 1175 2608 1213 omnem
2662 1171 2969 1228 potestatem
3015 1165 3220 1218 inimici
3265 1168 3342 1232 ";
3390 1185 3511 1239 qua:

1942 1249 2159 1317 quidem
2189 1257 2274 1302 est
2307 1249 2485 1303 omnis
2521 1250 2764 1305 haeresis.
2802 1249 2858 1304 In
2908 1254 3056 1308 omni
3089 1259 3433 1324 generatione
3455 1269 3510 1314 et

1941 1340 2290 1410 generatione
2321 1356 2590 1397 memores
2623 1359 2815 1398 sumus
2843 1345 3080 1400 nominis
3103 1345 3330 1413 Christi,
3364 1351 3508 1418 prin-

1940 1434 2087 1502 cipes
2138 1432 2573 1488 adversariorum
2618 1443 2671 1489 et
2699 1433 2911 1489 Domini
2955 1436 3024 1490 ab
3082 1436 3172 1492 illo
3221 1442 3506 1496 constituti

1939 1539 2035 1593 per
2069 1526 2435 1594 baptismum,
2472 1534 2526 1580 et
2568 1541 2662 1595 per
2703 1524 2966 1594 Spiritum
3011 1537 3255 1584 sanctum
3306 1533 3357 1585 in
3413 1534 3506 1588 ba-

1939 1616 2140 1684 ptismo
2181 1617 2338 1670 nobis
2373 1617 2560 1671 datum
2590 1637 2614 1670 ο
2643 1633 2764 1688 qua:
2789 1619 3003 1689 quidem
3031 1621 3172 1687 duo,
3197 1623 3412 1679 virtutis
3437 1641 3505 1679 ex

1938 1706 2255 1776 prmscripto
2278 1707 2529 1773 vivendo,
2557 1708 2830 1765 honorare
2850 1711 3184 1779 Studeamus,
3213 1715 3357 1768 nulla
3387 1715 3507 1771 labe

1936 1797 2020 1852 vel
2067 1801 2278 1854 macula
2340 1815 2436 1868 per
2487 1799 2754 1868 impuram
2809 1803 3023 1856 vivendi
3077 1803 3343 1858 rationem
3389 1804 3506 1874 ipsa

1938 1900 2309 1960 aspergentes,
2332 1907 2399 1944 ne
2435 1894 2651 1960 quando
2669 1893 2923 1960 judicans
2943 1909 3045 1950 nos
3069 1894 3229 1950 Jesus
3252 1896 3504 1960 dissecet,

1941 1988 1995 2033 et
2051 1995 2174 2034 cum
2225 1980 2486 2051 subjeCtis
2539 1982 2831 2040 incredulis
2872 1987 3063 2055 perdat
3113 1995 3316 2043 aeterno
3372 1988 3504 2058 igni,

1941 2071 2122 2126 ablato
2156 2072 2424 2142 spirituali
2471 2076 2615 2131 dona
2656 2087 2708 2132 et
2754 2077 3095 2147 baptismate.
3136 2077 3253 2133 Non
3289 2089 3348 2133 ut
3393 2079 3507 2133 cui-

1940 2162 2064 2216 dam
2093 2179 2232 2218 vano
2258 2168 2505 2236 nugatori
2534 2167 2766 2234 videtur,
2790 2183 2949 2224 aures
2979 2170 3193 2240 quidem
3225 2171 3502 2236 mulcenti,

1939 2252 2033 2308 sed
2067 2268 2174 2308 nou
2202 2255 2465 2310 nutrieuti
2491 2257 2884 2327 animas,quod
2918 2257 3076 2313 linem
3108 2259 3503 2315 sithabiturum

1939 2353 2282 2413 peccatorum
2315 2347 2673 2416 supplicium,
2704 2359 2986 2418 propterea
3015 2349 3158 2419 quod
3186 2349 3505 2418 simpliciter

1939 2445 2150 2490 tantum
2175 2445 2438 2490 aeternum
2471 2438 2670 2492 dixerit
2698 2437 2963 2492 Dominus
3005 2439 3183 2508 ignem
3219 2438 3500 2506 supplicii,

1937 2540 2044 2581 non
2089 2535 2352 2582 aeternum
2406 2528 2460 2581 in
2498 2528 2843 2583 seternitates.
2879 2527 2996 2582 Non
3036 2529 3179 2582 enim
3221 2538 3500 2598 propterea

1936 2619 2081 2689 quod
2127 2619 2305 2689 inquit
2348 2629 2519 2686 vates,
2559 2619 2626 2673 In
2670 2631 2945 2685 internum,
2989 2619 3231 2686 Domine,
3282 2617 3501 2672 Verbum

1937 2721 2084 2765 tuum
2115 2725 2379 2780 permanet
2401 2714 2454 2766 in
2483 2712 2610 2767 caelo
2629 2714 2674 2744 ⁷⁸
2697 2732 2712 2767 :
2749 2713 2868 2768 ideo
2885 2713 3242 2782 aliquousque
3257 2711 3426 2768 Deum
3449 2721 3503 2768 et

1935 2801 2172 2857 Verbum
2207 2803 2262 2856 in
2304 2804 2443 2858 caelo
2482 2819 2604 2858 esse
2634 2803 3032 2874 intelligamus,
3077 2811 3202 2873 post
3241 2803 3498 2858 saeculum

1934 2904 2113 2949 autem
2141 2895 2296 2949 caelis
2318 2894 2519 2964 egredi.
2547 2895 2611 2950 Et
2638 2894 2832 2949 iterum
2863 2895 3042 2964 inquit
3067 2893 3206 2948 idem
3243 2913 3256 2948 :
3294 2894 3499 2948 Veritas

1934 2985 2149 3039 Domini
2182 2995 2356 3039 manet
2394 2986 2449 3038 in
2487 2994 2740 3039 internum
2765 2987 2832 3041 ⁷⁷.
2875 2985 3016 3040 Num
3058 2986 3220 3056 igitur
3251 2994 3373 3056 post
3403 2987 3501 3040 ali-

1932 3093 2095 3148 quem
2143 3077 2404 3146 temporis
2451 3091 2796 3146 progressum
2833 3091 2940 3131 non
2981 3077 3084 3131 erit
3125 3093 3289 3132 verax
3317 3077 3501 3132 Domi-

1935 3185 2060 3234 nus,
2094 3169 2394 3225 secundum
2429 3169 2763 3224 dementiam
2790 3167 2911 3238 ejus
2931 3206 2944 3232 ,
2979 3167 3072 3237 qui
3102 3167 3170 3221 ab
3194 3167 3272 3222 ira
3299 3182 3501 3238 cogno-

1935 3261 2174 3315 minatus
2219 3260 2342 3315 est?
2383 3259 2558 3313 Etiam
2611 3259 2726 3330 ipse
2772 3259 2827 3312 in
2871 3238 3167 3329 Evangelia
3219 3258 3394 3328 inquit
3432 3259 3501 3313 ad

1932 3360 2154 3406 sanctos
2207 3365 2337 3406 suos
2391 3351 2673 3420 apostolos
2719 3347 3024 3419 :Equidem
3074 3349 3332 3404 vobiscum
3384 3366 3498 3403 sum

1932 3456 2096 3510 usque
2134 3442 2202 3494 ad
2249 3442 2754 3495 consummationem
2802 3441 2986 3494 saeculi
3029 3441 3094 3493 ⁷⁸.
3148 3439 3288 3494 Num
3338 3441 3502 3511 igitur

1932 3531 2002 3585 ad
2051 3540 2264 3600 tempus
2313 3531 2477 3585 modo
2536 3546 2661 3584 cum
2714 3530 2830 3584 suis
2886 3531 3089 3585 sanctis
3145 3531 3320 3600 ipsum
3384 3530 3500 3585 fore

1933 3623 2371 3693 suspicabimur?
2403 3638 2471 3676 an
2497 3623 2681 3692 potius
2719 3630 2978 3677 aeternum
3013 3629 3066 3676 et
3113 3621 3320 3693 absque
3355 3622 3499 3676 line?

1933 3714 2215 3782 Quomodo
2246 3729 2376 3768 vero
2409 3729 2514 3767 non
2540 3721 2625 3768 est
2647 3723 2902 3766 extremae
2927 3712 3171 3776 insaniae,
3205 3713 3496 3766 terminum

1933 3803 2251 3861 aeternitatis
2277 3802 2630 3864 constituere,
2656 3808 2708 3854 et
2733 3814 2798 3854 eo
2823 3813 2994 3868 usque
3016 3798 3193 3867 penis
3216 3799 3497 3852 excrucia-

1931 3903 2048 3950 tum
2100 3893 2372 3950 diabolum
2424 3907 2532 3947 una
2576 3905 2700 3947 cum
2759 3890 3032 3959 adjun'ctis
3069 3889 3173 3943 sibi
3214 3887 3497 3954 ﬂagitiosis

1933 3987 2248 4044 hominibus
2279 3987 2460 4041 dicere
2502 3985 2757 4053 deinceps
2803 3997 2834 4036 a
2873 3981 3205 4036 cruciatibus
3261 3981 3499 4036 liberan-

1932 4080 2096 4147 dum,
2139 4093 2239 4134 nec
2272 4077 2504 4147 amplius
2551 4072 2921 4146 puniendum?
2969 4070 3313 4125 Contrarium
3349 4069 3498 4123 enim

1933 4187 2160 4242 prorsus
2181 4170 2392 4227 eveniet
2429 4169 2617 4238 justis,
2657 4175 2943 4237 postquam
2978 4164 3043 4218 ad
3079 4162 3296 4232 aliquod
3324 4175 3498 4216 sacu-

1932 4265 2046 4319 lum
2102 4265 2258 4318 beate
2309 4261 2567 4325 vixerint,
2624 4267 2684 4312 ut
2727 4258 2781 4311 in
2816 4255 3106 4312 securitate
3146 4267 3338 4308 rursus
3383 4263 3499 4303 mo-

1932 4356 2168 4418 riantur,
2202 4353 2288 4407 vel
2337 4351 2544 4419 aliquid
2581 4349 2876 4419 patiantur,
2915 4360 3108 4413 nempe
3146 4351 3367 4412 peracto
3398 4353 3498 4394 suo

1934 4444 2172 4508 saeculo;
2216 4457 2340 4496 nam
2373 4441 2474 4496 hos
2517 4441 2734 4510 quidem
2768 4440 2821 4493 in
2861 4438 3026 4492 vitam
3057 4443 3347 4497 aeternam,
3377 4431 3499 4485 illas

1931 4544 2114 4590 autem
2160 4533 2226 4588 ad
2254 4540 2514 4586 internum
2551 4529 2876 4599 supplicium
2907 4527 3150 4581 abituros
3180 4522 3343 4592 judex
3369 4535 3495 4589 pra-

1929 4626 2165 4682 nuntiat.
2195 4621 2428 4679 Necesse
2458 4621 2620 4693 igitur
2640 4628 2724 4676 est
2743 4659 2758 4683 ,
2789 4627 2848 4672 ut
2878 4625 3099 4687 peracta
3122 4616 3334 4669 illorum
3367 4626 3498 4680 sup-

1927 4718 2110 4789 plicio,
2159 4717 2481 4770 terminatur
2523 4722 2576 4768 et
2619 4713 2814 4766 borum
2858 4710 2989 4770 vita,
3036 4703 3498 4777 quemadmodum

262 4809 454 4863 volunt
489 4805 737 4861 homines
771 4817 897 4858 vera
926 4803 1036 4857 vita
1082 4802 1306 4872 privati,
1335 4803 1429 4872 qui
1464 4820 1658 4860 manus
1691 4808 1997 4867 vinctorum
2027 4812 2276 4872 solvunt,
2311 4823 2375 4863 ac
2408 4807 2650 4861 futurum
2685 4801 2935 4872 supplicii
2966 4802 3124 4854 linem
3161 4798 3500 4868 prazdicando

260 4902 477 4956 animos
504 4914 691 4955 eorum
721 4897 1034 4953 eﬂecerunt.

331 4993 475 5049 Πολῦ
515 4993 572 5045 δὲ
615 4989 720 5042 τῶν
766 4989 894 5058 περὶ
920 4988 1019 5058 τῆς
1065 4985 1310 5055 γλώττης
1343 4986 1717 5056 προκειμένων
1763 4992 1829 5061 τῇ

259 5087 410 5159 ῥύμῃ
445 5082 540 5138 τοῦ
585 5083 742 5150 λόγου
783 5078 1281 5147 ἀποφοιτήσαντες,
1329 5077 1490 5132 πάλιν
1538 5080 1624 5130 ἐπ’
1661 5080 1828 5152 αὐτὴν

260 5177 720 5246 ὠκυποδήσωμεν.
776 5172 948 5224 Ὤτων
979 5170 1086 5238 γὰρ
1143 5169 1236 5222 καὶ
1278 5168 1527 5235 γλωττῶν
1581 5169 1751 5240 μέγας
1798 5173 1826 5224 6

262 5269 526 5330 κίνδυνος.
573 5265 662 5317 Διὸ
692 5265 784 5317 καὶ
823 5262 1028 5333 ταύτην
1066 5261 1169 5315 ὑπὸ
1203 5259 1296 5312 δύο
1325 5259 1545 5329 χειλέων
1571 5264 1826 5334 φρουρεῖ-

332 5383 379 5414 ⁷³
413 5379 559 5435 Psal.
603 5393 752 5440 xuv,
799 5377 886 5443 l7,
930 5376 1016 5431 l8.
1091 5374 1136 5405 ’⁷⁸
1177 5371 1332 5428 Jaan.
1399 5388 1510 5438 XVI,
1545 5375 1626 5428 55.

255 5454 303 5486 ⁷⁸
317 5450 506 5506 Matth.
548 5464 734 5511 xxvlu,
769 5447 858 5500 20.

326 5567 442 5636 (96)
480 5567 739 5636 Αἵρεσις.
805 5564 865 5615 1η
929 5557 1161 5636 vulgatis
1213 5553 1628 5636 αἴνιεσιςηῳιοε
1686 5567 1818 5636 sane

256 5621 734 5692 lec‘tio'comextui
783 5621 1072 5699 repugnat.
1113 5621 1682 5699 Emendatio'debetur
1713 5621 1822 5677 Co-

256 5709 372 5768 ιιι,
411 5701 711 5760 Mon.Eccl.
742 5695 1001 5756 Grftoin.
1031 5698 1098 5762 ll,
1131 5713 1183 5768 ι).
1221 5695 1345 5749 542.

324 5761 460 5844 (96')
498 5776 596 5842 Ὠς
627 5788 739 5826 tm
793 5768 910 5825 τῶν
951 5761 1300 5838 μυθολόγων
1345 5761 1574 5829 ἔδοξεν.
1618 5761 1823 5817 Auctor

1737 5375 1782 5407 "'
1812 5374 1944 5430 Luc.
1980 5392 2035 5440 Χ,
2071 5376 2153 5430 19.

2013 4989 2210 5045 Verum
2263 4989 2332 5043 ab
2386 4987 2450 5041 iis
2504 4985 2627 5055 qua:
2675 4981 2910 5037 orationi
2973 4988 3173 5036 nostra:
3226 4978 3500 5048 proposita

1937 5092 2111 5148 erant,
2155 5082 2359 5150 impetu
2407 5076 2567 5147 quasi
2617 5073 2852 5144 quodam
2900 5071 3171 5126 sermonis
3211 5084 3314 5125 nos
3355 5069 3503 5124 abri-

1936 5174 2118 5244 piente
2145 5168 2398 5242 digressi,
2433 5166 2499 5220 ad
2527 5162 2773 5218 eamdem
2803 5162 2965 5217 celeri
2993 5176 3157 5216 cursu
3192 5161 3498 5215 redeamus.

1935 5263 2162 5318 Aut-ium
2188 5259 2437 5316 videlicet
2456 5256 2879 5325 linguarumquc
2906 5267 3163 5324 magnum
3195 5249 3499 5322 periculum

2262 5373 2309 5404 "
2349 5370 2496 5427 Psal.
2525 5383 2726 5433 cxvm,
2757 5367 2847 5422 89.
2962 5366 3007 5398 "
3047 5365 3191 5422 Psal.
3227 5377 3380 5426 cxvr,
3441 5362 3496 5415 2.

1927 5556 2016 5627 hic
2070 5554 2583 5627 Origenemgcarpit
2635 5551 3216 5627 :quem~paula_post
3275 5547 3502 5627 manife-

1933 5626 2074 5682 stius
2117 5618 2324 5680 in'dicat
2375 5618 2658 5694 inquiens,
2691 5618 2785 5675 τοῦ
2816 5618 2915 5694 τῆς
2963 5618 3454 5694 ὀργῆς-ἐπωνέμου
3481 5640 3499 5675 ι

1932 5696 2001 5752 ab
2027 5696 2197 5769 ὀργῆς
2220 5685 2491 5751 nimiruuf
2507 5685 2788 5766 Ὠριγένης
2811 5685 3106 5747 deducens.
3131 5685 3288 5744 Enn.
3310 5685 3498 5744 Parus.
