4048 6222
526 261 658 316 1071

520 384 621 430 est.
660 373 998 442 Quapropter
1037 380 1094 424 et
1131 371 1370 438 linguam
1403 367 1505 422 sub
1527 367 1742 421 duobus
1795 366 1953 421 labiis
1992 379 2088 417 cu-

519 466 876 523 stodiriDeus
913 465 1183 535 sapienter
1204 462 1454 524 instituit,
1479 461 1618 513 intra
1644 460 1884 513 dentium
1917 458 2090 512 firma-

525 569 767 614 mentum
844 558 1018 626 ipsam
1085 552 1486 621 constringens,
1548 559 1606 604 ut
1667 559 1778 603 tam
1837 557 2090 604 accurata

525 651 764 704 adhibita
815 647 1063 702 custodia
1103 660 1133 699 a
1165 644 1307 699 facili
1359 652 1506 697 motu
1543 641 1906 696 cohiberetur.
1953 638 2091 694 Nam

527 757 651 797 cum
707 742 758 794 in
815 737 1042 793 humido
1092 736 1195 791 sita
1245 735 1335 798 sit,
1390 733 1682 802 aliquando
1720 733 1935 802 quidem
1980 747 2097 786 ma-

510 830 809 900 _ledicendo
857 828 1104 897 fauorem
1151 833 1352 890 movet,
1380 823 1672 892 aliquando
1707 837 1835 876 vero
1870 821 2095 877 benedi-

529 922 702 976 cendo
729 918 958 974 scaturit
987 919 1310 987 hymnorum
1339 921 1664 967 concentum
1691 910 1927 966 oll‘erens
1961 909 2092 964 Deo.

533 1013 671 1066 Cum
705 1007 908 1062 Davide
940 1004 1101 1072 igitur
1120 1017 1320 1058 canere
1344 1002 1605 1056 debemus
1631 1016 1644 1053 :
1669 1000 1832 1066 Pone,
1853 1000 2095 1063 Domine.

533 1100 826 1154 custodiam
859 1097 940 1150 ori
967 1113 1100 1159 meo,
1133 1105 1180 1149 et
1213 1095 1406 1149 ostium
1436 1093 1698 1145 munitum
1726 1092 1925 1144 circum
1954 1090 2098 1144 labia

535 1208 647 1243 mea
680 1190 746 1240 ⁷ο.
776 1187 988 1256 Quippe
1010 1200 1130 1240 cum
1179 1193 1360 1238 tenera
1410 1182 1481 1237 sit
1511 1189 1563 1236 et
1604 1181 1878 1245 volubilis,
1913 1179 2099 1235 faciles

537 1281 695 1335 habet
724 1280 777 1332 in
816 1293 949 1332 voce
985 1276 1339 1340 deﬂexiones,
1372 1274 1440 1328 ab
1470 1273 1636 1326 ommi
1678 1288 1811 1327 voce
1840 1273 1954 1341 ipsa
1993 1270 2076 1325 dif
2083 1299 2100 1312 -

539 1373 736 1426 ferens.
787 1368 1014 1429 Garrula
1057 1368 1201 1421 enim
1250 1375 1333 1420 est
1386 1364 1642 1425 hirundo,
1684 1372 1739 1418 et
1779 1373 2098 1433 perpetuum

540 1461 750 1529 strepit.
788 1459 951 1512 Dulce
980 1472 1108 1511 vero
1129 1455 1386 1524 quiddam
1418 1462 1594 1507 turtur
1627 1463 1804 1517 sonat,
1833 1462 1888 1508 et
1914 1452 2106 1507 solitu-

540 1552 684 1606 dinis
724 1561 805 1604 est
840 1563 1049 1616 amans.
1083 1546 1282 1600 Cicada
1317 1560 1512 1600 sonum
1543 1545 1770 1608 exilem,
1812 1543 1976 1599 veluti
2013 1559 2106 1612 per

543 1643 778 1697 fistulam
815 1639 961 1700 edit;
989 1637 1190 1707 clangit
1224 1651 1356 1690 voce
1385 1650 1536 1705 grus,
1575 1635 1828 1690 columba
1868 1650 2110 1689 murmu-

542 1745 644 1798 rat,
672 1748 798 1788 ursa
823 1731 1060 1800 suspirat
1091 1740 1144 1785 et
1173 1745 1362 1784 vocem
1389 1729 1608 1783 mollem
1641 1727 1834 1792 habet;
1862 1725 2110 1795 mugiens

546 1839 734 1882 taurus
784 1824 956 1878 instar
1019 1821 1197 1886 tubae;
1249 1821 1334 1876 leo
1383 1821 1562 1889 rugitu
1615 1833 1717 1874 suo
1760 1817 2105 1874 solitudinem

546 1917 824 1979 concutit;
869 1913 1038 1968 allicit
1082 1911 1149 1966 ad
1184 1927 1242 1965 se
1284 1911 1511 1964 vitulum
1553 1909 1800 1979 mugicns
1845 1908 2108 1977 iuvenca;

547 2008 871 2063 crocitantcs
924 2005 1194 2058 clamores
1238 2002 1383 2056 corvi
1419 2001 1678 2070 populum
1730 2000 2112 2069 perturbantes

549 2097 839 2156 emittunt;
873 2107 1092 2146 carmen
1136 2092 1445 2146 luctuosum
1477 2089 1712 2144 bubonis
1741 2096 1845 2153 est,
1875 2087 2116 2157 nuptiale

552 2203 678 2240 vero
710 2186 836 2240 tibia
860 2191 1036 2246 sonat,
1059 2181 1399 2236 mortiferum
1427 2181 1578 2244 tuba,
1603 2178 1942 2234 saltatorium
1978 2179 2113 2248 lyra,

555 2276 988 2345 tripudiatorium
1029 2283 1365 2342 tympanum.
1413 2270 1606 2324 Omnia
1645 2285 1772 2324 vero
1808 2270 1862 2324 in
1900 2269 2119 2323 univer-

555 2383 675 2422 sum
719 2382 748 2418 a
788 2364 1071 2419 dulcisona
1118 2361 1400 2415 hominum
1452 2375 1584 2414 voce
1621 2367 1968 2429 superantur.
2015 2358 2118 2414 Ubi

554 2460 699 2512 enim
746 2457 801 2510 in
845 2456 979 2524 ipsis
1004 2462 1088 2508 est
1135 2462 1336 2506 nostra:
1369 2451 1565 2519 lingua:
1595 2449 1991 2520 signiﬁcantia,
2041 2449 2123 2503 vel

555 2547 945 2618 perspicuitas,
980 2545 1062 2599 vel
1098 2552 1390 2597 accuratus
1430 2543 1518 2596 ille
1561 2557 1732 2597 sonus
1754 2581 1767 2605 ,
1799 2541 1882 2594 vel
1909 2540 2125 2594 concin-

556 2642 717 2704 nitas,
757 2638 841 2692 vel
884 2637 1175 2691 suavitas?
1198 2634 1530 2688 llirundiues
1573 2634 1948 2688 columbarum
1977 2649 2126 2686 mur-

559 2747 680 2785 mur
727 2727 1122 2799 gemcbundum
1191 2742 1300 2780 non
1367 2725 1694 2794 intelligunt,
1749 2739 1925 2793 neque
1965 2739 2126 2793 grues

559 2835 836 2883 anserum,
881 2833 1056 2887 neque
1111 2825 1310 2871 noctua
1362 2815 1681 2879 seleucidis,
1722 2824 1814 2868 aut
1860 2815 2126 2884 alcyonis,

560 2925 652 2968 aut
681 2912 943 2982 pavonis;
981 2924 1156 2978 neque
1201 2908 1408 2978 reliqua
1445 2907 1741 2962 animantia
1778 2907 1933 2959 bruta
1969 2919 2129 2960 voces

564 3003 890 3070 alienigenas
922 3007 1140 3058 norunt,
1163 2997 1253 3050 sed
1294 3012 1467 3064 neque
1490 3011 1600 3072 _nos
1635 2994 2129 3063 illas-interpretari

565 3095 643 3146 vel
676 3093 950 3145 declarare
990 3103 1301 3157 possumus.
1349 3086 1483 3152 Quis
1522 3087 1664 3140 enim
1705 3087 1840 3141 sciet
1869 3086 1996 3154 quid
2047 3087 2132 3140 leo

567 3181 830 3251 significet
860 3181 1100 3249 rugiens,
1132 3179 1260 3246 quid
1290 3179 1427 3231 idem
1468 3186 1658 3233 taurus
1694 3178 1939 3247 mugiens
1960 3218 1973 3243 ,
2002 3177 2130 3246 quid

564 3288 692 3326 vero
736 3271 982 3324 balautcs
1030 3270 1168 3324 inter
1206 3268 1396 3322 hoedos
1426 3267 1590 3320 oves?
1643 3267 1834 3321 Omnia
1878 3281 2007 3320 vero
2039 3271 2135 3321 ho—

572 3365 780 3417 minum
810 3359 1076 3414 facundiae
1100 3368 1436 3429 cognoscunt
1459 3358 1893 3428 signiﬁcantium.
1924 3357 2135 3412 Vocan-

570 3455 714 3509 tibus
755 3453 900 3530 enim
955 3451 1261 3523 pastoribus
1307 3453 1570 3509 accedunt
1602 3466 1757 3516 oves,
1801 3450 2134 3506 minantibus

572 3555 750 3600 autem
800 3558 992 3597 rursus
1037 3543 1317 3597 secedunt.
1355 3543 1618 3612 Caprario
1657 3547 1954 3612 clangente,
1999 3542 2134 3596 hirci

573 3651 601 3690 a
638 3635 887 3704 frugibus
911 3633 1200 3696 resiliunt,
1234 3642 1289 3687 et
1320 3649 1386 3687 ex
1421 3635 1566 3688 arvis
1606 3633 1912 3697 declinant;
1947 3631 2137 3686 simili-

574 3736 656 3781 ter
685 3740 858 3794 equus
886 3733 940 3779 et
970 3725 1148 3779 mulus
1187 3733 1242 3779 et
1271 3724 1499 3789 asellus,
1531 3725 1752 3794 quando
1786 3725 1851 3779 ad
1890 3723 2136 3778 dextram

574 3816 816 3885 quidem,
878 3823 971 3869 aut
1032 3814 1249 3884 quando
1293 3814 1361 3868 ad
1410 3816 1686 3870 sinistram
1737 3815 1971 3870 eundum
2029 3824 2131 3880 est,

577 3905 810 3962 humana
853 3905 1037 3974 lingua
1064 3906 1624 3961 instruuntur.Cancs
1662 3917 1840 3961 autem
1873 3906 1937 3960 ad
1970 3907 2136 3959 latra-

577 4007 689 4052 tum
733 3997 1097 4064 prosilientes,
1134 3996 1180 4051 si
1224 3997 1481 4051 inclamet
1521 3997 1706 4058 herus,
1744 3997 2136 4062 extimescunt,

577 4095 630 4142 et
663 4086 804 4139 illico
829 4086 896 4140 ad
937 4086 1323 4154 quiescendum
1365 4087 1648 4141 sedantur.
1685 4087 1978 4142 Considera
2015 4103 2140 4143 vero

578 4176 707 4230 mihi
747 4184 800 4228 ct
843 4191 994 4229 suem
1042 4184 1336 4239 errantem,
1383 4191 1447 4229 ac
1493 4190 1625 4230 voce
1651 4176 1882 4246 pastoris
1923 4177 1990 4232 ab
2050 4193 2139 4233 cr-

583 4282 709 4320 rore
745 4275 1135 4320 recurrentem.
1181 4265 1483 4335 Aliquoties
1534 4268 1704 4339 etiam,
1754 4268 1904 4322 cauis
1934 4283 2143 4339 caprea:

579 4358 837 4412 insistens
885 4374 1070 4421 cursu,
1114 4366 1400 4426 postquam
1427 4359 1642 4430 longius
1683 4338 1712 4414 ἆ
1761 4338 2017 4415 venatore
2057 4376 2142 4415 rc-

579 4448 823 4511 cesserit,
850 4448 891 4501 si
922 4448 1116 4501 listulze
1143 4448 1357 4502 sibilum
1382 4451 1598 4505 eminus
1623 4451 1910 4516 audiverit,
1941 4450 2140 4506 latratu

579 4539 821 4593 vicissim
864 4539 1182 4607 respondet,
1227 4538 1488 4594 invocans
1515 4541 1777 4596 auxilium
1811 4541 1930 4610 eius
1969 4557 1999 4596 a
2033 4557 2142 4611 quo

579 4630 684 4685 fuit
725 4630 983 4685 emissus.
1026 4629 1222 4697 Aspice
1267 4644 1394 4684 vero
1439 4640 1491 4683 et
1529 4629 1904 4685 columbarum
1944 4646 2146 4687 convo-

581 4722 742 4783 latus,
784 4720 1056 4790 quomodo
1104 4719 1295 4774 ﬁstula:
1337 4720 1494 4774 sibilo
1532 4720 1717 4776 audito
1762 4721 1883 4791 ejus
1918 4723 2010 4792 qui
2052 4739 2146 4779 eas

578 4811 836 4878 possidet,
877 4812 1047 4865 instar
1081 4810 1240 4864 nubis
1274 4810 1338 4864 ad
1378 4811 1739 4869 columbarias
1775 4822 1952 4869 turres
1983 4815 2146 4869 devo-

580 4899 709 4952 lent.
739 4898 911 4956 Omne
940 4903 1070 4956 item
1099 4901 1818 4960 instrumentum-musicum
1859 4906 1924 4960 ad
1951 4906 2145 4974 lingua:

580 4997 778 5042 nostra:
815 5006 980 5046 sonos
1026 4992 1376 5060 percussione
1430 5009 1622 5050 manus
1663 5004 1898 5065 aptatur.
1943 4996 2144 5068 Estque

581 5091 706 5132 vere
734 5079 1069 5146 admirabile,
1095 5085 1369 5152 quomodo
1395 5100 1516 5140 cum
1545 5095 1652 5140 tam
1684 5102 1847 5156 parva
1879 5088 1950 5144 sit
1979 5097 2140 5158 atque

581 5175 786 5230 tenera,
805 5166 1070 5236 duplicem
1093 5179 1270 5228 tamen
1297 5173 1604 5230 facultatem
1631 5176 1855 5241 habeat,
1891 5179 2141 5248 gustandi

583 5257 838 5311 nimirum
889 5257 1094 5324 habitu,
1137 5272 1190 5314 et
1236 5263 1572 5320 discernendi
1622 5275 1736 5322 tum
1781 5277 1977 5322 natura
2029 5276 2142 5322 tum

581 5348 890 5417 disciplina,
943 5347 1101 5416 idque
1159 5365 1256 5418 per
1294 5355 1614 5422 sapientiam
1672 5357 1791 5426 ejus
1838 5357 1930 5427 qui
1970 5358 2141 5427 ipsam

581 5440 804 5502 creavit,
844 5438 910 5492 ad
967 5452 1183 5493 onmem
1222 5439 1491 5501 subiciens
1532 5447 1800 5503 sermonis
1851 5455 2056 5502 motum
2092 5453 2147 5502 et

581 5536 818 5596 austum.
877 5527 980 5592 Qui
1038 5541 1168 5584 vero
1217 5542 1314 5599 per
1371 5544 1491 5588 eam
1540 5546 1649 5588 non
1701 5540 1920 5603 peccat,
1970 5533 2017 5589 is
2069 5533 2147 5588 vir

651 5686 698 5719 τ’
729 5687 868 5744 Psal.
897 5703 1021 5756 οτι,
1061 5691 1115 5747 ’5.

1573 256 1630 309 S.
1673 249 2346 314 CAiSARlLGREGORII
2391 246 2717 309 FRATRIS,

3617 242 3646 294 l
3660 243 3779 296 079..

2197 363 2319 416 σθαι
2358 362 2419 415 τὸ
2445 361 2598 414 Θεῖον
2620 359 2905 428 ἐσοφίσατο
2926 374 2938 388 ·
2975 353 3236 426 ἐνδοτέρω
3269 355 3361 408 τοῦ
3400 356 3510 408 τῶν
3538 357 3778 412 ὀδόντων

2195 452 2514 522 ἐρείσματος
2575 451 2746 520 αὐτὴν
2798 447 3172 518 ἐναποδὴσας,
3221 446 3286 499 ἵν’
3337 447 3615 513 ἀσφαλοῦς
3676 449 3776 502 τοῦ

2197 544 2454 614 φρουρίου
2501 541 2860 610 τυγχάνοντος
2909 539 3008 610 τῆς
3051 538 3300 600 εὐκολίας
3334 537 3779 609 σωφρονίζηται.

2209 636 2298 687 Ἐν
2331 632 2480 705 ὑγρῷ
2509 631 2618 704 γὰρ
2649 632 2907 702 κειμένη,
2951 630 3080 684 ποτε
3120 629 3221 700 μὲν
3265 628 3587 701 λοιδοροῦσα
3637 635 3785 682 κινεῖ

2198 727 2493 791 δυσωδίαν,
2542 724 2672 777 ποτέ
2713 723 2770 776 δὲ
2819 720 3146 790 εὐλογοῦσα,
3209 721 3442 790 πηγάζει
3498 720 3788 792 ὑμνῳδίαν

2200 819 2317 890 Θεῷ
2355 818 2716 888 ἀναφέρουσα.
2761 817 2918 871 Κατὰ
2949 813 3112 868 Δαδὶδ
3152 813 3328 866 τοίνυν
3361 813 3451 865 τὸν
3487 812 3790 868 θεσπέσιον

2203 911 2345 983 ᾄδειν
2371 912 2674 981 ὀφείλομεν,
2703 911 2837 974 Θοῦ,
2867 909 3063 976 Κύριε,
3095 905 3381 976 φυλακὴν
3411 903 3492 970 τῷ
3522 904 3791 973 στόματί

2197 1020 2348 1071 μου,
2402 1002 2498 1056 καὶ
2545 1003 2732 1070 θύραι·
2775 999 3063 1069 περιοχῆς
3115 999 3248 1066 περὶ
3295 995 3366 1050 τὰ
3421 997 3602 1064 χείλη
3625 1014 3790 1066 μου·

2204 1095 2383 1165 ἁπαλὴ
2405 1096 2511 1166 γὰρ
2534 1091 2668 1148 οὖσα
2689 1094 2780 1148 καὶ
2801 1092 3099 1164 εὖστροφος
3131 1090 3294 1160 ῥᾴους
3317 1088 3430 1159 ἔχει
3463 1088 3568 1152 τὰς
3595 1090 3799 1158 ἐκτρο-

2207 1184 2313 1247 πὰς
2343 1187 2409 1254 τῇ
2443 1185 2623 1254 φωνῇ,
2659 1183 2840 1252 πάσης
2869 1181 3052 1250 φωνῆς
3082 1179 3434 1251 διαφέρουσα.
3463 1181 3650 1244 Δᾶλος
3694 1180 3798 1252 μὲι

2207 1274 2316 1346 γὰρ
2331 1276 2362 1345 ἡ
2376 1275 2596 1344 χελιδὼν
2613 1275 2706 1327 καὶ
2723 1272 3067 1342 ἀείφθογγος,
3084 1269 3426 1340 γλυκόφωνος
3442 1269 3500 1322 δὲ
3518 1271 3550 1340 ἡ
3567 1269 3800 1340 τρυγὼν

2209 1366 2302 1420 καὶ
2329 1365 2646 1437 φιλέρημος,
2675 1367 2702 1418 6
2729 1363 2905 1428 τέττιξ
2929 1361 3331 1434 συριγγόφωνος
3356 1362 3584 1432 βραχὺς,
3623 1363 3802 1430 κλαγ-

2209 1455 2450 1523 γόφωνος
2510 1457 2538 1508 6
2585 1456 2848 1526 γέρανος,
2893 1455 2925 1523 ὴ
2973 1452 3265 1524 περιστερὰ
3320 1453 3704 1525 γογγύστρια,
3768 1456 3801 1524 ἡ

2211 1547 2408 1617 ἄρκτος
2440 1545 2672 1617 στεναρά
2700 1544 3037 1598 ἐκδεδυκῶσα
3068 1544 3160 1598 καὶ
3181 1544 3408 1606 ὕπουλος
3429 1562 3445 1576 ο
3481 1547 3753 1616 μυκαρὸς
3775 1549 3804 1598 6

2210 1638 2407 1709 ταῦρος
2441 1638 2580 1692 κατὰ
2625 1638 2933 1705 σάλπιγγα·
2975 1636 3003 1689 6
3039 1635 3176 1689 λέων
3207 1635 3496 1706 βρυκτικδς
3533 1638 3803 1690 διασείων

2209 1728 2307 1798 τὴν
2337 1727 2574 1799 ἔρημον·
2623 1727 2771 1780 ἕλκει
2817 1727 2950 1798 πρὸς
2996 1727 3194 1797 ἑαυτὴν
3240 1728 3330 1780 τὸν
3361 1727 3570 1798 μόσχον
3605 1746 3802 1799 μυκω-

2215 1818 2350 1888 μένη
2399 1818 2663 1888 δάμαλιςο
2705 1817 2952 1888 κραυγὰς
2997 1819 3044 1870 οἱ
3095 1817 3328 1888 κόρακες
3375 1817 3802 1888 δημοθορὺεους

2212 1909 2465 1976 ἀφιᾶσιν·
2524 1909 2684 1978 μέλος
2727 1909 2918 1979 γοερὸν
2966 1908 3043 1979 τῷ
3098 1907 3452 1977 νυκτικόρακι
3505 1909 3801 1976 πέφυκε-ν’

2213 2001 2448 2070 γαμικὸν
2477 2000 2533 2054 δὲ
2565 2002 2688 2070 ἠχεῖ
2727 2002 2754 2053 6
2779 1999 2959 2064 αὐλὸς,
2991 1999 3207 2067 φονικὸν
3247 1999 3279 2068 ή
3324 1998 3589 2067 σάλπιγξ,
3623 2001 3802 2070 ὀρχη-

2217 2090 2397 2143 στικὸν
2445 2091 2476 2160 ή
2517 2092 2760 2161 πήττυς,
2813 2089 3130 2161 χορευτικδν
3171 2087 3227 2142 δὲ
3259 2087 3356 2142 καὶ⁵
3393 2087 3456 2141 τὸ
3485 2091 3799 2159 τύμπανον.

2216 2183 2398 2236 Πάντα
2422 2183 2477 2236 δέ
2501 2182 2637 2254 ὁμοῦ
2659 2186 2758 2254 τῆς
2794 2182 3000 2254 βροτῶν
3037 2180 3346 2253 ήδυφωνίας
3379 2181 3654 2236 λείπεται.
3688 2182 3803 2236 Ποῦ

2217 2275 2323 2344 γὰρ
2343 2274 2399 2325 ἐν
2421 2274 2604 2338 αὐτοῖς
2641 2273 2740 2344 τῆς
2763 2273 3039 2344 ἡμετέρας
3060 2271 3303 2344 γλώττης
3345 2272 3410 2326 τὸ
3436 2271 3724 2344 εὔσημον,
3770 2274 3803 2343 ἦ

2218 2363 2444 2433 τρανὸν,
2577 2363 2836 2434 εὐμελὲς,
2881 2364 2914 2434 ἢ
2952 2361 3224 2434 εὔρυθμον
3259 2363 3354 2416 καλ⁸
3395 2363 3705 2434 ἡδύτατον;
3739 2365 3804 2420 Αἱ

2222 2455 2486 2527 χελιδόνες
2510 2454 2617 2508 τῶν
2641 2454 2978 2526 περιστερῶν
3000 2455 3091 2508 τὸν
3120 2455 3432 2525 γογγυσμὺν
3461 2456 3563 2508 οὒκ
3593 2457 3804 2519 ἴσασιν,

2223 2547 2343 2599 οὐδὲ
2377 2547 2598 2616 γέρανοι
2643 2547 2751 2600 τῶν
2792 2547 2992 2618 χηνῶν,
3029 2547 3146 2600 οὐδέ
3172 2546 3383 2617 γλαύκη
3425 2549 3527 2619 τῆς
3553 2548 3808 2602 σελευκί-

2224 2639 2330 2702 δος,
2357 2637 2390 2708 ἦ
2417 2637 2674 2701 ἀλκύονος
2702 2638 2734 2709 ἢ
2768 2637 2989 2703 ταῶνος,
3013 2638 3132 2692 οὐδὲ
3164 2638 3232 2691 τὰ
3252 2638 3413 2692 λοιπὰ
3445 2640 3558 2692 τῶν
3589 2641 3809 2710 ἀλόγων

2225 2727 2322 2791 τὰς
2369 2728 2672 2796 ἀλλογενεῖς
2716 2727 2898 2796 φωνὰς
2947 2727 3264 2782 ἐπίστανται
3289 2767 3304 2792 ,
3340 2727 3455 2782 ἀλλ’
3483 2729 3609 2782 οὐδὲ
3642 2731 3811 2803 ἡμεῖς

2229 2820 2442 2882 ἐκείνας
2495 2819 2813 2892 ἑρμηνεύειν
2863 2822 2895 2891 ἥ
2942 2821 3256 2892 σαφηνίζειν
3305 2823 3657 2893 πεφύκαμεν.
3715 2825 3811 2889 τίς

2229 2910 2334 2980 γὰρ
2382 2909 2583 2962 εἵσεται
2614 2910 2666 2962 τί
2695 2910 2794 2977 μὲν
2828 2911 2856 2964 6
2888 2910 3024 2964 λέων
3063 2910 3314 2982 σημαίνει
3341 2910 3727 2986 βρυχώμενος,
3759 2914 3810 2968 τί

2230 2995 2286 3050 δὲ
2334 3002 2362 3052 6
2409 3000 2608 3071 ταῦρος
2651 2999 2996 3070 μυκώμενος;
3048 3001 3100 3053 τί
3151 3001 3207 3054 δὲ
3247 3001 3552 3074 βληχόμενα
3595 3003 3812 3074 usus”;

2232 3091 2338 3144 τῶν
2379 3093 2582 3162 ἐρίφων
2616 3093 2684 3147 τὰ
2730 3093 3009 3164 πρόϐατα;
3044 3094 3229 3148 Πάντα
3259 3096 3315 3149 δὲ
3345 3095 3690 3166 τῆςβροτῶν
3721 3096 3812 3151 εὖ·

2234 3183 2497 3250 γλωττίας
2544 3185 2895 3253 ἐπιγινώσκει
2939 3185 2999 3238 τὸ
3039 3184 3296 3256 εὔσημον.
3329 3185 3654 3239 Καλούντων
3694 3190 3813 3260 γὰρ

2234 3274 2341 3326 τῶν
2379 3274 2670 3344 ποιμένων,
2706 3273 2912 3343 ἐγγίζει
2941 3275 3008 3329 τὰ
3040 3277 3304 3346 πρόϐατα,
3332 3262 3706 3332 ἀπειλούντων
3731 3279 3812 3341 δὲ.

2235 3359 2390 3423 αὖθις
2433 3365 2727 3436 ὑποχωρεῖ.
2780 3366 2884 3419 Τοῦ
2937 3367 3158 3421 αἰπόλου
3205 3368 3710 3436 ἐπικλαγγάζοντος
3765 3373 3810 3424 et

2237 3455 2427 3526 τράγοι
2468 3455 2576 3508 τῶν
2615 3456 2840 3525 καρπῶν
2887 3456 3232 3525 ἀφαλῶνται,
3283 3442 3383 3512 καί
3411 3456 3526 3511 τῶν
3552 3457 3809 3532 ἀρουρῶν

2240 3544 2598 3599 ἐκκλίνουσιν.
2663 3545 2938 3609 Ὡσαύτως
2989 3546 3047 3599 δὲ
3093 3547 3257 3610 ἵππος
3307 3547 3402 3602 καὶ
3445 3547 3670 3618 ἡμίονος
3719 3549 3812 3604 καὶ

2241 3636 2364 3704 βοῦς
2393 3635 2481 3688 καὶ
2505 3633 2818 3703 ὑποζύγιον,
2841 3633 2970 3689 πότε
2993 3637 3090 3707 μὲν
3110 3635 3280 3703 δεξιὰ,
3306 3635 3438 3688 πότε
3466 3636 3526 3690 δὲ
3551 3638 3812 3710 saevum.

2238 3727 2436 3794 ὀφείλει
2479 3726 2834 3796 πορεύεσθαι,
2876 3729 2942 3797 τῇ
2988 3726 3194 3798 βροτῶν
3222 3726 3437 3801 γλώττῃ
3468 3727 3809 3784 παιδεύεται.

2241 3817 2414 3878 Κύνες
2451 3817 2506 3870 δὲ
2562 3817 2696 3888 πρὸς
2745 3817 2948 3888 ὑλακὴν
2979 3817 3316 3888 ὲξαλλόμενοι
3357 3822 3422 3889 τῇ
3456 3820 3676 3891 ἐπακοῇ
3719 3817 3811 3875 τοῦ

2240 3905 2500 3975 ἠχοῦντος
2531 3907 2864 3976 πτήσαντες,
2906 3907 3101 3961 θᾶττον
3129 3907 3260 3977 πρὸς
3287 3909 3524 3984 ἠρεμίαν
3563 3910 3812 3980 κομίζον-

2240 4013 2346 4049 ται.
2397 3994 2504 4048 Θέα
2541 3995 2596 4047 δέ
2639 4013 2728 4065 μοι
2783 3996 2876 4048 καὶ
2921 3995 3016 4051 σῦν
3056 3996 3432 4067 πλανωμένην,
3473 4002 3538 4069 τῇ
3574 3999 3632 4052 δὲ
3660 4001 3809 4068 φωνῇ

2241 4084 2334 4138 τοῦ
2381 4085 2634 4154 νέμοντος
2678 4085 2777 4153 τῆς
2823 4084 3032 4156 πλάνης
3081 4086 3506 4141 ἐπαναθέουσαν.
3557 4087 3728 4141 Κύων
3763 4089 3813 4141 δὲ

2242 4172 2500 4234 πολλάκις
2521 4172 2738 4243 δορκάδι
2760 4173 2991 4234 ἐπιθέων
3022 4175 3116 4228 καὶ
3141 4175 3329 4247 πόρρω
3359 4175 3454 4230 τοῦ
3483 4176 3812 4248 Θηρολέκτου

2243 4263 2703 4334 συναπεφοίτησε·
2737 4263 2826 4318 τὸν
2864 4264 2922 4318 δὲ
2965 4267 3228 4337 συριγμὸν
3261 4267 3604 4335 ἐπακούσας,
3640 4270 3810 4340 ὑλακῇ

2243 4353 2691 4424 ἀνταπεκρίνατο,
2716 4354 3079 4426 ἐπιϐοώμενος
3106 4356 3357 4426 βοήθειαν
3386 4360 3540 4428 παρὰ
3577 4359 3674 4413 τοῦ
3721 4364 3815 4414 ἐπι

2244 4445 2678 4509 αποστείλαντος.
2717 4446 2905 4518 Ἀθρει
2950 4447 3014 4518 δὴ
3068 4449 3164 4505 καὶ
3207 4449 3314 4502 τῶν
3345 4451 3690 4520 περιστερῶν
3752 4453 3813 4506 τὰ

2247 4535 2464 4606 συμπτὴ
2474 4552 2638 4605 ματα,
2666 4535 2784 4598 πῶς
2797 4535 2892 4589 τοῦ
2915 4537 3182 4608 συριγμοῦ
3210 4539 3498 4594 ἐπαϊουσαι
3515 4541 3609 4593 τοῦ
3627 4542 3814 4610 ἠχοῦν-

2245 4643 2336 4688 τος
2372 4625 2596 4694 νεφηδὸν
2647 4625 2739 4678 ἐπὶ
2786 4625 2884 4688 τὰς
2919 4626 3146 4698 βάρῤεις-
3186 4627 3564 4682 καθίπτανται.
3597 4631 3713 4682 Πᾶν
3761 4630 3811 4684 δὲ

2251 4715 2504 4786 μουσικὸν
2548 4715 2777 4787 ὄργανον
2818 4717 2953 4787 πρὸς
2983 4718 3050 4772 τὰ
3078 4718 3179 4788 τῆς
3205 4717 3451 4788 γλώττης
3482 4719 3642 4788 ἡμῶν
3670 4721 3815 4790 ἀπη-

2248 4808 2470 4878 χήματα
2508 4807 2573 4875 τῇ
2603 4805 2783 4875 πληγῇ
2821 4805 2920 4875 τῆς
2969 4807 3148 4877 χειρὸς
3175 4807 3473 4862 εὐθύνεται.
3502 4810 3614 4864 Καὶ
3651 4810 3818 4871 ὅντως

2252 4893 2595 4966 Θαυμαστὸν,
2647 4895 2762 4956 πῶς
2787 4897 2820 4965 η
2854 4895 3080 4965 βραχεῖα
3128 4897 3222 4950 καὶ
3253 4898 3436 4969 ἁπαλὴ
3460 4899 3646 4969 διττῆς
3673 4901 3818 4970 ἐνερ-

2251 4987 2406 5055 γείας
2435 4987 2702 5056 ὑπάρχει,
2745 4986 3005 5055 γευστικὴ
3039 4986 3208 5051 ἕξεως
3251 4989 3698 5060 καὶδιακριτικὴ-
3723 4990 3816 5056 φύε

2251 5075 2387 5140 σεώς
2416 5093 2475 5128 τε
2503 5076 2596 5128 καὶ
2643 5073 2887 5138 παιδείας
2907 5115 2923 5140 ,
2956 5079 3022 5147 τῇ
3057 5077 3219 5148 σοφίᾳ
3244 5077 3336 5132 τοῦ
3374 5079 3814 5151 δημιουργήσανρ

2251 5184 2370 5230 τος,
2425 5165 2559 5236 πρὸς
2614 5166 2795 5218 πᾶσαν
2849 5166 3095 5236 ἀρκοῦσα
3148 5168 3306 5238 λόγου
3359 5171 3572 5240 κίνησίν
3614 5188 3674 5225 τε
3731 5171 3814 5224 καὶ

2252 5254 2455 5324 γεῦσιν.
2501 5257 2558 5308 Ὀ
2591 5255 2647 5308 δὲ
2691 5257 2750 5307 ἐν
2783 5256 2919 5327 αὐτῇ
2955 5259 3028 5328 μὴ
3059 5258 3414 5329 ἁμαρτάνων,
3439 5256 3622 5329 οὗτος
3667 5263 3814 5329 ἀνὴρ

2246 5347 2466 5417 μέγας,
2517 5345 2776 5413 δυνατὸς
2836 5349 3324 5419 χαλιναγωγῆσαι
3392 5352 3502 5408 καὶ.
3557 5353 3708 5408 ὅλον
3756 5352 3812 5405 τό

2251 5435 2454 5505 σῶμα,
2489 5437 2652 5506 φησιν
2682 5436 3009 5490 ἐπιστέλλων
3033 5440 3099 5510 τῇ
3129 5441 3220 5508 ὑφ’
3242 5440 3378 5511 ἡλίῳ
3403 5443 3431 5494 ὁ
3455 5442 3600 5506 Θείος
3643 5444 3812 5498 Ἰάκω-

2255 5529 2366 5592 ϐος.
2421 5528 2662 5592 Ὀδόντες
2709 5528 2800 5582 καὶ
2851 5529 2986 5599 ὁμοῦ
3037 5531 3424 5604 συνεργοῦντες
3467 5536 3660 5609 ἐκείνῃ
3688 5535 3810 5606 πρὸς
