3996 6202
227 276 249 332 l
260 276 371 335 073

1603 294 1950 361 DIAIIOGUS
1978 302 2068 363 Ill.

3334 314 3355 367 Ι
3365 313 3478 370 074

226 379 525 496 διάλεκτον,
562 392 789 467 ίσχυράν
813 396 952 471 αὑτῇ
988 403 1347 476 παρεχόμενοι
1376 408 1512 480 πρρς
1533 411 1622 466 τὸν
1649 414 1804 483 λόγον

1910 434 2130 490 magnus
2172 432 2270 487 est,
2307 423 2396 493 qui
2437 432 2607 494 potest
2650 426 2807 496 quasi
2852 425 2999 495 freno
3039 425 3270 482 cohibere
3312 432 3474 486 etiam

225 486 329 556 τὴν
366 485 722 579 ἀντίρρησιν,
761 490 925 546 οἱονεὶ⁵
966 494 1239 568 πλήκτρου
1287 500 1507 571 χορδαῖς
1544 507 1803 579 κιννὺρης

224 578 709 668 προσκρουομένης
771 583 957 653 αὑτῆς.
1022 587 1187 656 Ὁμοῦ
1240 589 1298 644 δὲ
1348 595 1441 649 καὶ
1467 599 1672 668 τροφῆς

221 666 420 739 ηρέται
455 670 762 739 πεφύκασιν
784 714 798 739 ,
824 676 874 728 οἱ
907 676 1006 747 μὲν
1044 677 1361 750 τέμνοντες,
1410 686 1460 738 oi
1506 666 1564 740 δὲ
1615 666 1806 744 λεπτύιι

223 775 432 825 νον-τες.
484 761 671 834 Τομῆς
720 764 818 836 μὲν
852 769 904 821 oi
945 767 1275 841 ἔμπροσθεν,
1308 775 1465 844 μύλοι
1490 777 1546 832 δὲ
1584 778 1632 833 οἱ
1662 780 1804 835 ἐνδό-

220 862 409 941 τεροι,
463 849 553 904 διὰ
595 852 656 905 τὸ
692 852 1081 914 ἀπολεπτύνειν
1126 862 1221 916 καὶ
1254 862 1485 920 λεαίνειν
1536 868 1605 922 τά
1643 883 1804 941 προσ-

223 939 474 1011 αγόμενα
498 942 847 1016 καταλλήλως
883 949 1225 1021 καλούμενοι.
1270 954 1334 1008 Ἦ
1357 956 1415 1009 δὲ
1444 957 1529 1028 ῥὶς
1562 939 1803 1023 ταῖςήπα-

227 1032 403 1101 ρειαῐς
460 1033 847 1102 μεσιτεύουσα,
896 1038 1182 1108 ἐφέλκεται
1236 1045 1334 1115 μὲν
1372 1047 1465 1101 και
1497 1048 1799 1106 ἀντιδίδωσι

222 1117 320 1212 τὸν
363 1120 535 1192 ἀέρα,
584 1122 971 1195 ἐξοχετεύουσι
1026 1131 1120 1186 καὶ
1168 1133 1261 1188 τὸν
1300 1136 1367 1190 ὲκ
1405 1138 1514 1192 τῶν
1558 1142 1798 1212 κρανίων

228 1208 461 1305 ίχὶιῖιρα,Δ
486 1212 548 1266 τὸ
587 1214 788 1305 εὑῶδες
828 1219 1219 1295 ἐπισπωμένη,
1269 1227 1330 1281 τὸ
1358 1227 1403 1282 δ’
1429 1208 1673 1287 ἐναντίον
1702 1251 1796 1305 μυ-

227 1301 530 1396 σμττομένη
550 1319 564 1334 ’
593 1304 786 1396 ἰούλοις
812 1309 870 1364 δὲ
894 1310 994 1378 τὰς
1023 1316 1257 1387 παρειὰς
1278 1320 1606 1389 σκιάζουσα,
1635 1301 1797 1396 ἡνίκα

222 1384 327 1488 τὴν
347 1393 718 1488 ⁸μειριιικοειδῆ
744 1396 838 1450 καὶ
873 1384 1114 1456 ἄστατον-
1141 1405 1357 1476 ἠλικίαν
1383 1384 1449 1481 τῇ
1480 1384 1798 1488 καθεστώσῃ

223 1477 582 1579 Ῡμξίψωμεγν
626 1485 697 1539 τὰ
714 1488 877 1579 μπρὸς
919 1491 980 1545 τὸ
1017 1492 1119 1566 ζῇν
1166 1477 1659 1568 περισκοποῦντεςο
1711 1477 1800 1579 δηῖ

225 1565 449 1664 λούσης,
478 1567 653 1664 οἶμαι,
677 1575 778 1647 τῆς
801 1578 1015 1648 φύσεως
1039 1584 1201 1660 μέχρι
1224 1565 1345 1642 τότε
1376 1592 1537 1662 μόνον
1574 1565 1797 1664 αὑξάνέ-

227 1656 377 1723 σθαι,
408 1659 632 1719 καὶτῶν
652 1666 830 1723 πόνων
862 1672 1074 1728 ἐκεῖθεν
1101 1656 1390 1736 ἄπτεσθαιξ
1617 1710 1627 1718 ι

1903 516 2070 563 totum
2092 526 2279 580 corpus
2299 512 2368 577 ⁸ο,
2388 514 2564 584 inquit
2583 515 2828 572 scribens
2855 515 2921 571 ad
2945 516 3215 586 quoslibet
3238 518 3341 572 sub
3360 520 3476 575 sole

1899 599 2056 656 divus
2113 600 2203 656 ille
2238 600 2495 659 Jacobus.
2554 603 2755 662 Dentes
2811 607 3029 677 quidem
3080 622 3187 661 una
3221 622 3346 662 cum
3385 610 3475 664 illa

1898 701 2266 760 cooperantur
2300 694 2367 748 ad
2408 697 2678 751 sermonis
2717 697 2911 752 scitam
2952 698 3473 767 pronuntiationem,

1902 779 2116 837 ﬁrmam
2146 783 2219 837 illi
2258 785 2560 854 praebentes
2598 786 2666 841 ad
2710 802 3019 843 sermonem
3058 789 3473 859 etprimendum

1904 874 2372 943 repercussionem
2393 915 2408 940 ,
2442 876 2609 930 veluti
2638 877 2683 932 si
2713 879 2977 948 plectrum
3000 880 3222 936 chordis
3250 881 3474 937 citharae

1900 962 2176 1018 allidatur.
2223 962 2397 1019 Simul
2442 977 2623 1021 autem
2669 977 2724 1022 et
2758 968 2864 1023 cibi
2911 970 3146 1025 ministri
3179 981 3339 1037 sunt;
3382 973 3473 1026 alii

1903 1054 2123 1123 quidem
2154 1054 2486 1121 incidentes,
2513 1057 2603 1112 alii
2632 1072 2761 1113 vero
2790 1068 3152 1117 attenuantes.
3187 1060 3364 1131 Atque
3391 1062 3473 1116 in-
3526 1128 3541 1135 _

1904 1144 2130 1201 cisionis
2166 1147 2385 1216 quidem
2422 1148 2629 1217 priores
2659 1159 2823 1215 sunt,
2853 1152 3088 1206 molares
3114 1161 3294 1207 autem
3328 1152 3472 1208 inte-

1903 1234 2099 1303 riores,
2131 1235 2211 1291 sic
2234 1238 2485 1307 appellati
2528 1248 2654 1308 apto
2676 1240 2971 1306 vocabulo,
3001 1241 3147 1311 quod
3180 1252 3472 1298 exterruerat

1901 1337 1956 1384 et
1990 1331 2365 1387 comminuam
2403 1333 2634 1403 ingeSIa.
2683 1335 2858 1392 Nasus
2906 1344 3087 1390 autem
3136 1336 3278 1391 inter
3304 1352 3471 1406 genas

1904 1423 2139 1477 medium
2166 1430 2375 1489 tenens,
2407 1425 2629 1481 attrahit
2652 1434 2706 1480 et
2735 1427 2918 1481 reddit
2949 1441 3098 1490 aera,
3124 1426 3373 1482 derivans
3403 1444 3472 1483 ex

1903 1511 2079 1581 capite
2119 1511 2409 1582 liquorem,
2442 1520 2497 1568 et
2534 1513 2736 1569 bonum
2785 1515 3002 1583 quidem
3047 1513 3269 1569 odorem
3304 1524 3472 1568 attra-

1901 1601 2073 1668 hens,
2115 1604 2454 1658 contrarium
2505 1613 2685 1660 autem
2741 1604 3017 1673 rejiciens.
3088 1602 3269 1659 Prima
3343 1620 3471 1659 vero

1901 1690 2069 1747 barba
2118 1707 2284 1763 genas
2326 1694 2475 1763 tegit,
2522 1695 2740 1764 quando
2782 1695 3046 1765 puerilem
3094 1704 3149 1749 et
3200 1696 3470 1750 inlirmam

223 1762 451 1859 galatemg
479 1773 625 1859 cum
667 1763 1344 1859 robusta‘permutamus,
1397 1776 1464 1832 ad
1501 1792 1565 1834 ea
1607 1796 1730 1851 qua:
1767 1784 1833 1839 ad
1874 1785 1999 1840 vitae
2059 1762 2439 1842 necessitatem
2487 1762 2800 1858 pertinent;
2824 1790 3068 1843 animum
3134 1789 3473 1859 adjicicntes,

226 1839 491 1902 innuente
548 1848 633 1920 (ut
671 1852 929 1928 arbitror)

297 1983 568 2059 Εὔκαιρον
594 1990 775 2047 τοίνυν
805 1995 1182 2069 συμμελῳδεῖν
1203 2000 1352 2072 ἡμᾶς
1376 2000 1455 2074 τῷ
1485 2005 1669 2075 Δαϐιδ,
1702 2008 1806 2076 Ὠς

222 2076 603 2170 έμεταλύνθη
622 2083 694 2136 τὰ
714 2082 858 2154 ἔργα
882 2103 1021 2152 σου,
1053 2088 1229 2158 Κύριε
1245 2108 1260 2122 ⁸
1291 2092 1487 2148 πάντα
1515 2097 1585 2151 ἐν
1612 2102 1800 2170 σοφίᾳ

224 2167 526 2263 ἐποίησας
543 2189 572 2263 ο.
599 2173 657 2227 ὲν
694 2174 839 2230 οὑτω
865 2176 1096 2252 βραχείᾳ
1122 2184 1187 2254 τῇ
1219 2185 1429 2257 κεφαλῇ
1458 2188 1639 2253 πάσας
1667 2167 1799 2263 ἡμῖν

224 2257 328 2351 τὰς
351 2260 681 2351 τιμιωτέρας
707 2263 990 2336 αίσθήυεις
1020 2268 1329 2340 ἐνθέμενος,
1365 2275 1577 2345 ὅρασιν,
1603 2257 1794 2351 ἀκοὴν,

226 2346 441 2444 γεῦ-σιν,
493 2349 780 2444 ὄσφρησιν,
826 2357 996 2425 ἐγγὺς
1018 2358 1263 2432 ἀλλήλων
1292 2365 1521 2436 ὁμόρους
1536 2346 1795 2444 δομήσας,

229 2437 538 2510 μηδετέρας
558 2442 736 2529 αὑτῶν
764 2443 1160 2514 ἐπισκοτούσας
1183 2454 1248 2521 τῇ
1284 2453 1532 2528 ἐνεργείᾳ
1561 2437 1797 2529 τῆςτγείέ

222 2542 402 2621 τόνος.
438 2530 561 2584 Οὐδ’
593 2527 661 2586 αὖ
703 2534 864 2588 πάλιν
890 2537 1026 2609 πρὸς
1057 2543 1282 2607 ταύταις
1308 2546 1442 2615 ἡμῖν
1473 2527 1796 2621 ὑπάρχουσι,

407 2620 523 2715 τῆς
560 2623 648 2679 διὰ
688 2624 798 2680 τῶν
831 2628 1031 2701 χειρῶν
1057 2633 1221 2705 ἁφῆς.
1253 2637 1329 2690 Εὐ
1353 2676 1369 2692 .
1404 2678 1418 2692 .
1448 2678 1462 2694 .
1496 2679 1509 2693 .
1547 2678 1561 2693 .
1591 2617 1741 2715 ..ρος
1771 2647 1800 2698 ό

226 2709 406 2805 αὐχὴν
444 2714 539 2768 καὶ
566 2715 899 2792 σύμμετρος,
933 2722 1072 2777 ἀλλὰ
1098 2724 1167 2777 δι’
1196 2727 1359 2781 αὑτὸν
1402 2709 1743 2805 οὑρανόπτης
1771 2736 1800 2788 ό

225 2802 552 2898 ἄνθρωπος’
586 2809 620 2881 ή
658 2809 825 2866 εἰκὼν
853 2814 881 2867 ό
916 2813 1075 2887 ὀρθὸς
1116 2818 1441 2889 πρόσωπος·
1472 2818 1584 2877 οἷον
1623 2802 1800 2898 στύλῳ

228 2896 441 2988 κεφαλῇ
473 2900 911 2988 ὲπερηρεισμένη
930 2921 945 2937 ·
976 2908 1184 2981 κεφαλὴ
1207 2912 1552 2984 καταλλήλως
1574 2919 1639 2988 τῇ
1672 2896 1799 2971 συνξ

227 2985 424 3059 εργείᾳ
448 2987 543 3042 τοῦ
567 2990 794 3062 αὐχένος
821 2993 1110 3068 κλινομένη
1140 2998 1234 3052 καὶ
1256 2985 1800 3060 άνανεύουσαίΪΙέντε

229 3074 601 3167 δεξιᾷχειρὶ,
645 3083 891 3138 τοσοῦτοι
935 3085 993 3139 δὲ
1042 3089 1138 3143 καὶ
1181 3092 1246 3162 τῇ
1291 3090 1419 3163 λαιᾷ
1465 3072 1801 3167 ὑπάρχοντες

230 3161 514 3253 δάκτυλοι·
557 3167 619 3222 ὲν
668 3168 853 3234 αὑτοῖς
898 3168 956 3225 δὲ
996 3172 1097 3246 τὴν
1152 3161 1345 3248 χέρσον
1393 3161 1682 3253 τέμνομείι,
1733 3161 1804 3239 τὰ

230 3250 336 3324 δρη
375 3254 797 3343 μεταλλεύομεν,
819 3259 919 3323 τὰς
950 3263 1159 3333 κρήνας
1182 3250 1502 3339 ἁντλοῦμεν,
1526 3250 1802 3343 ποταμοὺς

236 3328 739 3417 μεταρυθμίζομεν.
790 3348 869 3402 Δι’
913 3328 1093 3406 αὐτιῗιν
1137 3328 1422 3421 καλωδίοίς
1482 3328 1575 3413 καὶ
1629 3328 1805 3427 ξύλοις

229 3433 678 3508 ποντοποροῦμεν
708 3437 810 3510 τὴν
845 3439 1100 3508 ἄϐυσσον,
1132 3443 1479 3517 καταλλήλως
1511 3449 1605 3502 τοῦ
1641 3449 1805 3503 πνεύ-

236 3540 412 3594 ματος
432 3524 501 3578 τὰ
530 3526 673 3581 ίστία
704 3528 805 3599 τῆς
834 3529 964 3601 νηὸς
1001 3532 1318 3605 ἁνέλκομεν,
1349 3537 1444 3590 καὶ
1472 3539 1597 3602 τοὺς
1615 3539 1805 3604 οἴακας

236 3607 513 3681 ἰθύνομεν,
565 3610 738 3685 θῆρας
770 3613 1078 3685 ἀνημέρους
1119 3617 1442 3690 ζωγροῦμεν
1478 3623 1571 3675 καί
1621 3624 1809 3677 τιθασ-

235 3699 491 3772 σεύομεν,
521 3704 661 3775 κήτη
692 3705 1063 3778 σαγηνεύομεν
1097 3708 1304 3779 βουνοῖς
1329 3711 1424 3764 καὶ
1454 3711 1604 3783 ὄρεσι
1640 3714 1807 3783 μεγέ-

231 3790 323 3846 θει
363 3794 743 3867 παραπλήσια,
765 3798 860 3851 καὶ
888 3798 1009 3868 δψει
1038 3799 1247 3872 φοϐερά
1265 3817 1280 3834 ·
1311 3802 1403 3857 τὸν
1432 3802 1571 3875 ἀέρα
1598 3805 1809 3876 τρυγῶ-

236 3899 367 3954 μεν,
394 3888 511 3949 τοῖς
534 3885 800 3959 καλάμοις
822 3889 916 3943 τοῦ
951 3890 1062 3956 ἰξοῦ
1092 3892 1161 3946 τὰ
1188 3893 1412 3964 άερόΰια
1447 3897 1806 3969 χειρούμενοι.

230 3972 315 4028 To
346 3975 405 4029 δὲ
434 3975 545 4048 πῦρ
586 3976 760 4044 οὕτως
794 3980 892 4052 μὲν
933 3981 1158 4055 σφοδρὸν
1205 3985 1305 4055 τὴν
1346 3986 1545 4059 ὁρμὴν,
1581 3988 1809 4061 φοϐερὸν

230 4065 297 4120 δὲ
346 4068 445 4138 τὴν
474 4069 641 4143 ἁφὴν,
672 4071 1002 4141 λυμαντικόν
1040 4091 1100 4127 τε
1129 4077 1222 4129 καὶ
1262 4075 1434 4146 βίαιον
1460 4079 1559 4150 τὴν
1596 4080 1809 4153 κίνησιν

229 4158 319 4230 τῷ
372 4160 622 4234 ἡμετέρῳ
665 4163 851 4234 σκοπῷ
900 4163 1192 4237 ὑπουργεῖν
1252 4166 1566 4239 βιαζόμεθα,
1610 4172 1702 4225 καὶ
1743 4175 1809 4245 τῇ

233 4250 473 4304 ἑκάστου
500 4251 692 4325 γνώμῃ
722 4256 1289 4326 συμμεταϐάλλεσοαι.
1324 4256 1413 4314 Ἐν
1428 4262 1609 4327 αὑτοῖς
1632 4263 1690 4318 δὲ
1718 4266 1812 4319 καὶ

235 4341 427 4407 πόλεις
469 4344 776 4417 ἐγείρομεν,
825 4348 920 4401 καὶ
962 4349 1221 4418 ἐπάλξεσι
1258 4352 1353 4406 καὶ
1396 4354 1615 4425 τειχίοις
1665 4373 1814 4428 περι-

231 4432 532 4504 ϐάλλομεν,
561 4436 876 4506 σφενδόναις
903 4439 999 4493 καὶ
1029 4439 1205 4505 τόξοις
1230 4444 1325 4497 καὶ
1346 4444 1552 4516 ἑτέροις
1576 4444 1813 4520 ἀμυντη-

236 4524 385 4595 ρίοις
401 4524 570 4590 αὑτὰς
584 4526 1023 4593 καθοπλίζοντες.
1056 4530 1241 4601 Βραχὺ
1267 4532 1366 4603 μὲν
1395 4534 1489 4587 καὶ
1516 4537 1810 4608 περιφερὲς

232 4612 337 4667 καὶ
381 4612 750 4687 ἀδιάρθρωτον
777 4617 839 4672 τὸ
876 4618 977 4690 τῆς
1009 4618 1237 4691 καρδίας
1270 4620 1502 4694 ὑπάρχει
1544 4623 1773 4695 ὄργανον
1792 4642 1807 4659 ο

231 4706 301 4757 ὲν
337 4704 484 4776 αὑτῷ
509 4706 567 4760 δὲ
591 4709 687 4761 καὶ
728 4707 810 4779 τῷ
849 4710 1156 4782 ἐγκεφάλῳ,
1200 4712 1330 4783 περὶ
1356 4713 1513 4778 Θεοῦ,
1564 4716 1810 4785 ἀγγέλων

231 4796 336 4850 καὶ
362 4796 738 4869 ἁρχαγγέλων,
768 4801 1019 4872 ούρανοῦ,
1056 4804 1180 4875 γῆς,
1213 4803 1481 4877 θαλάττης
1511 4807 1605 4860 καὶ
1633 4809 1812 4880 πάσης

228 4887 380 4957 ὁμοῦ
434 4890 537 4962 τῆς
581 4891 811 4958 κτίσεως
856 4893 1252 4965 βουλευόμεθασ
1302 4898 1466 4951 οἱονεὶ
1506 4900 1730 4970 ταμείου
1775 4902 1809 4972 ἢ

230 4979 505 5051 φρουρίου
527 4981 865 5056 ὑπάρχοντος
882 4984 983 5061 τῆς
1009 4986 1244 5058 ζωτικῆς
1274 4989 1332 5041 ὲν
1354 4990 1486 5059 ἡμῖν
1514 4991 1696 5055 αἰτίας
1720 4992 1814 5046 καὶ

233 5067 436 5142 ῥώμης
449 5068 544 5126 τοῦ
566 5073 920 5146 περικαρδίου
946 5076 1275 5148 πνεύματος.
1319 5080 1471 5133 Ἐπεὶ
1494 5076 1585 5135 οὖν
1608 5084 1813 5154 κρήνην

229 5158 369 5215 τινὰ
398 5161 493 5216 καὶ
516 5163 692 5235 ἀρχὴν
718 5166 818 5236 τῆς
858 5167 1133 5238 ἡμετέρας
1180 5168 1326 5240 ζωῆς
1365 5172 1503 5242 μετὰ
1543 5173 1678 5228 Θεὸν
1713 5173 1814 5245 τὴν

234 5252 473 5324 καρδίαν
523 5256 657 5336 ἡμῖν
693 5257 870 5325 ἔδοξεν
923 5260 1208 5331 ὑπάρχειν,
1261 5263 1356 5332 ἀφ’
1403 5262 1470 5336 ἧς
1521 5266 1815 5331 αὑλοειδεῖς

233 5343 404 5415 πόροι
434 5334 748 5413 πολυειδῶς,
779 5350 966 5422 ἕτερος
1002 5352 1070 5405 δι’
1102 5352 1289 5422 ἑτέρου
1324 5334 1673 5427 διαφυόμενοι
1706 5359 1812 5430 ὅλῳ

234 5436 322 5508 τῷ
338 5435 572 5509 σώματι,
599 5440 663 5497 τὸ
678 5442 880 5514 θερμὸν
897 5445 989 5499 καὶ
1019 5446 1265 5517 πυρῶδες
1280 5448 1550 5519 διαχέουσι
1574 5449 1811 5522 πνεῦμαο

234 5526 435 5599 insidi;
463 5530 680 5594 πάντως
714 5532 808 5586 καὶ
832 5533 1039 5605 τροφὴν
1072 5532 1179 5589 ἔδει
1206 5535 1327 5590 τινὰ
1356 5536 1434 5608 τῷ
1464 5536 1651 5611 θερμῷ
1675 5557 1811 5612 συμ-

317 5708 367 5741 ⁸⁸
394 5707 509 5767 Jac.
550 5728 629 5775 ιιι,
659 5713 714 5768 2.
788 5713 829 5746 '”
865 5711 1007 5769 Psal.
1039 5728 1151 5780 cui,
1185 5713 1272 5770 24.

974 1865 1202 1929 natura,
1254 1878 1320 1918 eo
1376 1873 1583 1928 tantum
1634 1886 1807 1942 usque
1841 1874 2116 1931 hominem
2149 1890 2414 1943 crescere,
2445 1887 2498 1932 et
2520 1878 2647 1933 inde
2678 1879 2893 1934 labores
2918 1894 3223 1949 capessere.

1977 2009 2379 2081 Tempestivum
2411 2012 2656 2082 proinde,
2691 2025 2749 2067 ut
2780 2030 2902 2069 cum
2940 2014 3140 2069 Davide
3169 2031 3430 2071 canamus
3457 2035 3471 2071 :

1904 2102 2075 2168 Quam
2106 2102 2256 2158 valde
2290 2106 2573 2175 magniﬁca
2596 2116 2715 2160 sunt
2751 2122 2908 2175 opera
2941 2116 3029 2159 tua
3049 2108 3068 2160 .'
3101 2108 3277 2161 omnia
3307 2110 3360 2161 in
3389 2128 3476 2162 sa-

1900 2194 2098 2263 pientia
2126 2195 2357 2263 fecisti“
2388 2212 2401 2248 :
2434 2198 2488 2250 in
2521 2200 2697 2265 capite
2729 2211 2901 2267 usque
2932 2196 3066 2252 adeo
3093 2213 3258 2268 parvo
3288 2215 3475 2253 omnes

1901 2286 2304 2354 préstantiores
2334 2301 2529 2342 sensus
2562 2297 2783 2343 nostros
2823 2288 3118 2356 collocans,
3153 2288 3347 2353 visum,
3380 2306 3476 2345 au—
3590 2284 3601 2290 ’

1901 2376 2096 2444 ditum,
2140 2387 2381 2447 gustum,
2425 2377 2710 2444 olfactum,
2754 2394 2921 2450 prope
2966 2380 3106 2435 inter
3138 2395 3195 2435 se
3233 2381 3475 2435 contines

1901 2466 2199 2533 aadilicans,
2239 2477 2405 2536 utque
2434 2477 2627 2523 neuter
2657 2468 2875 2523 illorum
2909 2471 3223 2539 operatione
3253 2485 3349 2524 sua
3391 2471 3473 2524 vi-

1902 2556 2025 2610 cino
2055 2557 2156 2612 sibi
2189 2558 2401 2613 olliciat.
2436 2556 2623 2629 Neque
2662 2559 2789 2614 item
2823 2570 3018 2630 przeter
3060 2560 3161 2615 hos
3193 2561 3283 2615 alii
3317 2563 3474 2617 nobis

1903 2659 2050 2712 sunt,
2102 2658 2297 2718 praeter
2341 2659 2548 2705 tactum
2597 2665 2816 2706 manus.
2869 2653 3039 2722 Agilis
3071 2654 3254 2708 cervix
3295 2663 3378 2709 est
3421 2665 3475 2709 et.

1902 2739 2251 2808 proportione
2290 2755 2615 2811 congruens,
2648 2756 2745 2810 per
2768 2757 2932 2811 quam
2971 2751 3025 2797 et
3053 2745 3250 2799 cmlum
3284 2761 3474 2801 versus

1904 2840 2115 2901 spectat
2162 2832 2349 2897 homo,
2390 2833 2569 2900 imago
2616 2832 2707 2886 illa
2753 2844 2946 2888 erectae
2987 2834 3167 2899 faciei,
3190 2834 3354 2890 veluti
3382 2852 3475 2889 co-

1904 2920 2102 2976 lumnae
2139 2922 2404 2977 innitente
2433 2922 2628 2991 rapite,
2665 2924 2809 2992 quod
2843 2924 3192 2978 conveniente
3238 2924 3472 2994 quadam

1906 3011 2115 3066 ratione
2168 3027 2264 3081 per
2308 3014 2749 3080 cooperationem
2801 3015 3029 3069 cervicis
3074 3029 3208 3082 sese,
3247 3015 3329 3069 vel
3378 3015 3474 3070 de-

1905 3102 2093 3166 mittit,
2126 3103 2207 3156 vel
2257 3119 2474 3157 sursum
2520 3105 2679 3159 levat.
2726 3103 2978 3174 Quinque
3011 3105 3247 3159 dexterae
3287 3108 3474 3159 manui

1906 3191 2240 3261 totidemque
2287 3192 2521 3247 sinistrae
2549 3181 2896 3264 digiti'sunt,
2944 3194 3143 3263 quibus
3181 3203 3235 3248 et
3277 3202 3473 3249 terram

1909 3292 2177 3347 secamus,
2235 3296 2265 3333 e
2343 3281 2619 3337 montibus
2678 3282 2894 3336 metalla
2941 3281 3248 3349 ell‘odimus,
3301 3283 3477 3338 fontes

1907 3368 2213 3434 haurimus,
2265 3370 2488 3427 llumina
2531 3371 2839 3444 dirigimus.
2888 3372 2992 3428 Per
3054 3375 3202 3445 ipsos
3256 3374 3476 3430 funibus

1907 3465 1961 3510 et
2008 3454 2170 3528 lignis
2216 3459 2533 3530 navigamus
2581 3462 2863 3532 abyssum,
2913 3478 2976 3517 ex
3029 3463 3280 3534 Opposito
3318 3462 3477 3519 ﬂatus

1906 3547 2023 3601 vcla
2058 3548 2212 3603 navis
2238 3550 2595 3606 subducimus
2623 3561 2677 3606 et
2711 3553 3138 3622 gubernaculum
3167 3554 3473 3625 dirigimus.

1907 3639 2202 3695 lndomitas
2234 3640 2377 3697 feras
2417 3642 2665 3712 capimus
2692 3644 2845 3699 vivas
2881 3654 2936 3699 et
2964 3645 3297 3711 cicuramus,
3328 3655 3478 3702 cetos

1906 3733 2056 3801 ipsos
2082 3731 2349 3801 capimus,
2372 3732 2540 3788 colles
2562 3742 2616 3787 et
2641 3744 2853 3789 montes
2877 3736 3247 3805 magnitudine
3267 3753 3480 3807 aequan-

1909 3827 2012 3883 tes,
2055 3829 2106 3875 et
2150 3830 2370 3890 aspectu
2406 3819 2694 3877 terribiles.
2744 3821 2885 3877 Aera
2934 3839 3029 3893 per
3057 3823 3275 3879 eosdem
3319 3826 3478 3895 quasi

1909 3909 2331 3978 vindemiamus,
2364 3910 2592 3966 calamis
2618 3911 2752 3967 visci
2792 3911 3038 3969 viventes
3082 3913 3137 3968 in
3167 3928 3293 3969 aere
3325 3914 3479 3969 volu-

1909 4016 2029 4058 cres
2053 4001 2348 4072 capientes.
2384 3999 2568 4074 Ignem
2604 4003 2765 4058 etiam
2809 4005 2946 4060 adeo
2977 4006 3345 4062 vehementem
3380 4006 3483 4061 im-

1910 4101 2061 4164 petu,
2095 4093 2395 4149 terribilem
2429 4103 2597 4159 tactu,
2624 4096 3069 4165 populabundum
3102 4108 3154 4150 et
3183 4096 3479 4151 violentum

1912 4192 2103 4247 motu,
2161 4190 2354 4238 nostro
2404 4184 2682 4254 proposito
2734 4184 2940 4239 servire
2986 4185 3258 4254 cogimus,
3309 4192 3364 4240 et
3413 4185 3481 4239 ad

1914 4273 2348 4345 uniuscujusque
2396 4275 2727 4331 voluntatem
2788 4290 2848 4331 se
2897 4275 3332 4331 accommodare.
3378 4272 3482 4330 Per

1913 4366 2014 4421 hos
2045 4374 2099 4420 et
2138 4365 2389 4421 civitates
2418 4366 2774 4434 exstruimus,
2815 4377 2870 4422 et
2905 4367 3325 4438 propugnaculis
3363 4382 3484 4421 mu-

1914 4454 2096 4524 risque
2122 4456 2550 4519 communimus,
2581 4455 2764 4511 fundis
2804 4462 2860 4512 et
2899 4454 3135 4510 arcubus
3167 4464 3221 4511 et
3263 4455 3384 4511 aliis
3414 4455 3483 4509 ad

1914 4542 2308 4599 defendendum
2371 4545 2579 4603 idoneis
2639 4546 2809 4602 armis
2857 4546 3202 4601 instruimus.
3248 4542 3480 4600 Parvum

1916 4635 2159 4705 quidem,
2192 4646 2247 4691 et
2271 4635 2567 4691 rotundum
2599 4638 2941 4707 articuloque
2975 4651 3168 4693 carens
3194 4636 3375 4691 cordis
3401 4646 3486 4692 est

1916 4740 2199 4797 organum,
2220 4727 2273 4781 in
2310 4727 2430 4798 ipso
2463 4735 2645 4783 tamen
2679 4740 2732 4783 et
2756 4728 3001 4791 cerebro,
3029 4728 3095 4783 de
3118 4727 3246 4793 Deo,
3277 4726 3482 4796 angelis

1914 4826 1969 4872 et
2015 4816 2378 4889 archangelis,
2422 4818 2580 4883 coelo,
2626 4829 2791 4887 terra,
2831 4819 2991 4886 mari,
3041 4829 3094 4873 et
3131 4819 3197 4874 de
3234 4819 3381 4874 omni
3426 4819 3480 4872 in

1916 4906 2233 4963 universum
2262 4915 2514 4963 creatura
2538 4909 2927 4976 deliberamus,
2957 4908 3121 4964 veluti
3146 4924 3367 4978 promus
3390 4917 3484 4964 aut

1914 5004 2102 5053 custos
2132 4997 2315 5055 vitalis
2338 4999 2390 5053 in
2417 4999 2577 5055 nobis
2599 5013 2776 5056 causa:
2808 5009 2862 5055 et
2893 5000 3105 5055 roboris
3135 4999 3207 5055 sit
3233 5000 3478 5070 spiritus,

1915 5089 2010 5159 qui
2039 5089 2185 5145 circa
2212 5105 2310 5145 cor
2330 5099 2431 5146 est.
2456 5091 2565 5147 Cor
2596 5091 2814 5162 quidem
2836 5099 2983 5147 certe
3012 5088 3212 5146 lentem
3243 5090 3479 5160 aliquem

1915 5188 1970 5234 et
2014 5179 2343 5257 principium
2391 5187 2591 5236 nostra:
2621 5181 2746 5236 vitae
2794 5190 2916 5250 post
2967 5177 3127 5237 Deum
3167 5195 3291 5236 esse
3327 5189 3483 5249 puta-

1917 5283 2073 5335 mus;
2108 5285 2138 5324 a
2169 5283 2279 5339 quo
2312 5277 2522 5326 meatus
2547 5269 2743 5326 fistulis
2776 5268 3086 5325 consimiles
3110 5269 3480 5338 multipliciter

1916 5361 2053 5416 alius
2078 5376 2174 5431 per
2195 5362 2361 5417 alium
2389 5362 2605 5430 ductus,
2632 5363 2885 5419 universo
2914 5361 3131 5433 corpori
3160 5359 3394 5416 calidum
3425 5370 3480 5415 et

1921 5453 2137 5523 igneum
2159 5454 2407 5524 spiritum
2435 5453 2763 5511 dill'undunt.
2790 5454 2927 5520 Quia
2967 5460 3147 5507 autem
3176 5450 3401 5506 omnino
3425 5459 3480 5508 et

1921 5545 2312 5604 nutrimentum
2351 5548 2567 5620 aliquod
2613 5548 2851 5619 oportuit
2874 5545 3065 5602 adesse
3103 5543 3271 5601 calori
3315 5557 3347 5600 a
3385 5558 3480 5598 na-
