4048 6222
565 297 705 351 1075

563 422 682 466 tura
721 411 854 477 (non
897 411 1042 464 enim
1093 424 1188 480 per
1243 411 1598 481 semetipsum
1631 424 1816 469 manet
1863 416 2003 486 ignis
2037 416 2128 486 qui

561 502 722 556 nobis
758 501 922 565 inest,
956 502 1061 557 nisi
1092 501 1333 558 vicissim
1365 506 1661 576 nutriatur)
1696 526 1708 560 :
1737 507 1860 562 ideo
1902 516 1956 562 et
1997 524 2126 564 san-

559 592 740 661 guinis
772 593 984 659 listulm,
1012 595 1157 649 velut
1179 609 1245 648 ex
1285 596 1469 666 aliquo
1500 597 1650 653 fonte
1692 599 1760 653 ab
1785 599 1977 669 hepate
2008 616 2132 670 pro-

558 692 865 746 manantes,
895 684 1126 739 calidum
1159 685 1310 740 illum
1337 687 1586 757 spiritum
1610 703 1706 758 per
1733 697 1902 744 totum
1932 705 2132 760 corpus

557 775 909 839 comitantur,
945 792 1012 831 ne
1037 778 1264 832 alterum
1297 779 1466 835 altero
1503 779 1843 848 destitutum,
1879 792 2130 838 naturam

555 865 688 921 vitio
715 867 995 924 accidente
1033 881 1366 941 corrumpat.

627 1042 897 1108 Quoniam
948 1061 1078 1101 vero
1120 1048 1296 1104 solum
1343 1052 1523 1106 omnis
1578 1052 1889 1123 indigentiae
1933 1067 2132 1124 expers

555 1145 638 1189 est
677 1136 923 1192 divinum
967 1140 1100 1195 illud
1149 1141 1381 1206 Numen,
1409 1155 1620 1215 egestas
1657 1157 1838 1201 autem
1884 1147 2128 1202 mortalis

555 1226 772 1282 aliunde
809 1232 1106 1301 assumptis
1157 1233 1360 1305 indiget
1402 1237 1468 1289 ad
1518 1237 1602 1292 sui
1646 1239 2123 1293 constitutionem:

556 1316 760 1371 idcirco
805 1334 927 1373 cum
981 1324 1264 1392 sanguinis
1303 1323 1424 1379 fons
1466 1326 1536 1380 sit
1571 1326 1756 1396 hepar,
1808 1327 2126 1382 nutrimenti

554 1407 858 1464 subsidium
908 1411 956 1465 ei
1001 1416 1373 1469 necessarium
1422 1427 1526 1472 est.
1561 1418 1715 1484 Quod
1760 1420 1901 1474 enim
1935 1435 2027 1489 per
2075 1419 2127 1474 id

555 1500 713 1554 nobis
758 1500 1026 1571 ingestum
1059 1513 1162 1570 est,
1201 1509 1484 1576 sanguinis
1520 1525 1584 1563 ex
1627 1510 1817 1579 hepate
1847 1511 2128 1581 scaturigi-

556 1607 679 1646 nem
712 1594 903 1648 reddit.
938 1596 1406 1662 Quemadmodum
1441 1601 1493 1654 in
1543 1611 1726 1656 monte
1758 1603 1870 1668 nix,
1901 1604 2124 1673 proprio

554 1683 786 1740 humore
818 1685 996 1741 fontes
1039 1689 1106 1743 ad
1145 1692 1349 1746 montis
1383 1693 1595 1747 radices
1646 1704 1826 1764 auget,
1865 1710 1961 1764 per
1991 1711 2121 1765 pro-

554 1773 780 1828 fundum
830 1779 1032 1832 sensim
1065 1781 1343 1850 proprium
1395 1783 1677 1839 humorem
1725 1785 1792 1840 ad
1834 1785 2123 1844 inferiores

551 1878 718 1918 venas
758 1865 1086 1934 deprimens.
1123 1870 1358 1940 Spiritus
1403 1884 1582 1928 autem
1616 1876 1766 1931 cordi
1817 1892 1911 1947 per
1938 1879 2124 1947 proxi-

552 1969 700 2007 mum
739 1955 971 2013 infertur
997 1960 1196 2029 viscus,
1223 1965 1368 2034 quod
1393 1967 1667 2036 pulmonis
1692 1968 1914 2038 quidem
1939 1968 2124 2025 viscus

550 2046 873 2114 appellatur,
909 2053 1052 2106 aeris
1088 2063 1268 2109 autem
1317 2059 1719 2128 receptaculum
1763 2070 1868 2126 est,
1909 2077 2003 2131 per
2041 2062 2126 2115 in-

550 2144 751 2191 sertam
793 2142 1050 2196 arteriam
1087 2146 1152 2199 ad
1179 2160 1239 2200 os
1276 2147 1667 2218 pertingentem
1695 2159 1981 2206 externum
2014 2153 2124 2222 spi-

547 2229 712 2283 ritum
749 2233 1071 2301 respirando
1100 2237 1401 2293 attrahens.
1439 2240 1614 2310 Atque
1658 2241 1822 2312 hujus
1853 2243 1909 2297 in
1944 2245 2123 2314 medio

546 2336 642 2375 cor
666 2322 992 2388 involutum,
1022 2343 1235 2397 semper
1263 2340 1530 2397 movetur,
1564 2333 1919 2389 consimiliter
1948 2345 2009 2390 ut
2040 2346 2124 2391 est

547 2412 690 2482 ignis
716 2426 930 2483 natura,
965 2419 1127 2486 quale
1153 2420 1281 2488 quid
1319 2422 1374 2476 in
1417 2423 1648 2480 ollicinis
1669 2427 1881 2481 aerariis
1912 2428 2118 2494 videas,

544 2519 610 2558 ex
645 2506 925 2574 adiacente
963 2511 1220 2579 pulmone
1259 2514 1510 2582 spiritum
1557 2515 1624 2570 ad
1657 2531 1716 2571 se
1741 2517 1984 2583 trahens,
2020 2519 2122 2572 im-

544 2595 812 2666 pletisque
847 2614 942 2667 per
974 2601 1342 2657 diductiouem
1383 2604 1468 2658 sui
1501 2605 1849 2672 cavitatibus,
1881 2608 2118 2662 calorem

544 2704 704 2744 suum
744 2693 960 2748 arteriis
1010 2694 1204 2750 vicinis
1243 2697 1513 2765 praebens,
1550 2708 1810 2768 perpetuo
1846 2707 1998 2753 motu
2037 2699 2115 2754 ef-

543 2779 656 2847 ﬂat,
690 2783 887 2850 partim
950 2784 1290 2840 extrinsecus
1333 2786 1539 2857 aliquid
1583 2803 1682 2859 per
1723 2790 1809 2845 sui
1851 2789 2120 2846 diductio-

545 2885 665 2925 nem
704 2872 757 2924 in
796 2871 1044 2942 proprias
1078 2874 1450 2931 coneavitates
1486 2877 1786 2944 attrahens,
1824 2879 2020 2948 partim
2051 2895 2118 2934 ex

542 2976 602 3015 se
650 2977 746 3030 per
785 2965 1246 3031 compressionem
1304 2967 1357 3019 in
1409 2968 1637 3022 arterias
1685 2984 2007 3031 excernens,
2052 2985 2118 3024 ac

541 3052 688 3105 velut
719 3051 770 3105 in
804 3052 1023 3108 fornace
1049 3071 1143 3122 per
1173 3055 1410 3110 calorem
1442 3059 1746 3113 naturalem
1782 3061 2118 3130 colliquatio-

541 3157 662 3194 nem
691 3142 982 3210 quamdam
1030 3153 1084 3196 et
1115 3145 1419 3199 coctionem
1465 3145 1723 3212 efﬁciens,
1763 3156 2021 3219 tanquam
2049 3167 2114 3206 ex

539 3231 721 3300 aliquo
764 3231 974 3287 fusorio
1020 3249 1149 3289 vase
1179 3235 1245 3289 ad
1299 3245 1526 3293 caeteros
1565 3249 1779 3296 meatus
1829 3243 2110 3299 materiem

541 3322 890 3378 transfundit.
924 3323 1216 3396 Postquam
1251 3336 1432 3382 autem
1463 3344 1708 3385 crassum
1735 3347 1764 3385 a
1804 3334 1954 3388 tenui
1998 3335 2112 3390 dis-

537 3415 731 3479 crevit,
793 3415 1060 3486 quidquid
1103 3420 1344 3474 crassius
1376 3430 1461 3476 est
1495 3422 1551 3475 in
1583 3422 1838 3477 intestina
1877 3427 2112 3495 repellit,

539 3507 722 3561 tenuia
754 3524 884 3563 vero
908 3518 963 3563 et
999 3525 1029 3564 a
1061 3511 1315 3566 sordibus
1347 3523 1554 3568 secreta
1584 3514 1650 3568 ad
1687 3525 1874 3584 portas
1902 3517 2112 3587 hepatis

536 3597 728 3652 defert.
766 3598 1045 3655 Ebulliens
1073 3611 1254 3656 autem
1287 3604 1417 3658 illud
1447 3607 1650 3670 calore,
1695 3607 1979 3663 humidum
2028 3611 2110 3664 in-

538 3698 624 3742 lus
653 3689 893 3758 deponit,
927 3701 981 3746 et
1005 3694 1147 3760 quod
1183 3694 1294 3763 igni
1331 3707 1622 3766 cognatum
1654 3708 1758 3765 est,
1802 3700 1854 3754 in
1884 3703 2107 3772 sangui-

534 3796 657 3834 nem
693 3782 860 3834 rubeo
889 3781 1149 3837 infectum
1181 3784 1364 3840 colore
1393 3797 1586 3842 mutat.
1623 3789 1751 3855 Qua:
1786 3800 1962 3845 autem
1998 3794 2106 3847 vim

534 3873 768 3926 mediam
807 3875 1098 3944 quamdam
1148 3876 1370 3944 habent,
1423 3895 1486 3934 ea
1532 3897 1625 3949 per
1657 3884 1952 3951 quamdam
2007 3887 2109 3939 mi-

533 3971 740 4019 sturam
799 3975 1329 4040 temperaturamque
1375 3971 1522 4024 unita
1574 3974 1809 4042 corpori,
1858 3975 2107 4030 nutriunt

531 4063 694 4126 atque
752 4069 1077 4116 conservant
1125 4076 1220 4128 per
1266 4062 1674 4131 evaporationes
1724 4065 2029 4130 cerebrum,
2075 4081 2104 4119 a

530 4161 641 4216 quo
677 4162 892 4200 rursum
925 4149 1112 4216 purius
1152 4164 1215 4202 ac
1262 4150 1516 4204 subtilius
1549 4161 1823 4206 attenuata
1867 4153 2106 4223 digesta-

530 4253 636 4306 que
667 4237 752 4290 illa
803 4239 1098 4302 exhalatio,
1131 4241 1355 4294 sublinit
1402 4241 1772 4295 continentem
1818 4244 2100 4297 cerebrum

531 4329 925 4391 membranam,
955 4345 1075 4399 quae
1103 4346 1336 4400 superne
1363 4332 1429 4385 ad
1459 4330 1716 4386 inferiora
1748 4332 1920 4387 instar
1950 4333 2104 4387 ﬁstu-

533 4418 597 4473 lse
623 4433 741 4473 sese
772 4434 1056 4490 spargens,
1095 4437 1188 4490 per
1215 4423 1540 4491 conjunctas
1575 4424 1766 4479 ordine
1803 4424 1904 4479 sibi
1932 4425 2101 4494 spinae

529 4510 828 4575 vertebrae,
885 4512 1232 4581 semetipsum
1276 4522 1329 4566 et
1357 4523 1665 4568 contentam
1699 4515 1749 4566 in
1801 4529 1860 4568 sc
1890 4515 2100 4568 medul-

529 4605 634 4658 lam
665 4607 988 4676 perducens,
1023 4606 1075 4659 in
1107 4607 1340 4660 verenda
1377 4607 1594 4670 desinit,
1628 4617 1818 4676 estque
1846 4607 2102 4661 omnibus

528 4696 734 4749 ossium
767 4703 817 4750 et
849 4710 1171 4766 compaguni
1201 4695 1582 4751 commissuris
1617 4695 2100 4764 musculorumque

528 4784 832 4855 principiis,
865 4787 1028 4842 veluti
1065 4787 1414 4857 gubernatrix
1455 4787 1725 4856 quaedam,
1761 4786 1952 4843 iudens
1987 4789 2092 4844 sin-

529 4877 671 4944 gulis
707 4887 913 4933 motum
943 4889 1106 4949 atque
1137 4878 1395 4949 quietem.

609 5007 714 5065 Sed
752 5013 817 5066 ad
855 5014 1190 5083 propositum
1243 5020 1596 5067 revertamur.
1626 5011 1895 5080 Quoniam
1933 5031 2095 5085 quam

528 5101 762 5157 maxime
816 5107 1146 5174 praecipuum
1183 5114 1254 5170 .et
1302 5105 1667 5161 necessarium
1722 5107 1846 5162 vita:
1900 5119 2098 5164 nostra:

527 5193 831 5248 membrum
869 5208 963 5246 σοι’
988 5207 1090 5256 est,
1126 5198 1246 5251 ideo
1281 5214 1390 5266 pra:
1415 5199 1670 5254 omnibus
1706 5201 1908 5255 nostris
1939 5216 2096 5271 orga-

527 5284 612 5338 nis
647 5299 771 5337 cum
821 5281 1010 5351 primis
1045 5283 1220 5350 ipsum
1271 5287 1626 5341 communivit
1659 5285 1872 5368 Opifex,
1933 5290 2096 5344 robu-

525 5376 787 5432 stioribus
817 5375 1241 5442 circumquaque
1274 5379 1672 5434 nntiiiitionibus
1721 5381 1838 5448 ipso
1882 5382 1934 5434 in
1976 5389 2093 5436 tuto

526 5473 811 5532 collocato,
841 5478 892 5524 et
918 5478 1071 5537 septo
1105 5467 1475 5534 circumdato;
1505 5480 1647 5524 retro
1675 5471 1893 5541 quidem
1929 5475 2092 5528 dorso

526 5572 579 5616 et
624 5564 977 5616 humerorum
1030 5561 1290 5631 scapulis,
1342 5562 1410 5615 ab
1456 5570 1687 5632 utroque
1745 5579 1874 5616 vero
1927 5564 2090 5618 latere

526 5662 800 5708 costarum
843 5655 947 5708 situ
977 5664 1030 5708 et
1059 5653 1364 5724 complexu,
1421 5669 1487 5707 ne
1530 5654 1766 5708 medium
1805 5653 1962 5708 facile
1991 5655 2088 5708 ali—

526 5744 653 5815 quid
709 5746 962 5814 patiatur,
1016 5747 1208 5802 elIecit.
1265 5745 1347 5801 Ab
1397 5745 1664 5801 anteriore
1721 5753 1897 5799 autem
1937 5754 2088 5815 parte

1592 298 1651 353 S.
1694 299 2364 362 CESARII,GREGORII
2397 300 2732 368 βιιΑΤιιις,

3679 303 3812 357 1076

2235 417 2492 487 παρεῖναι
2525 415 2676 496 παρὰ
2718 413 2820 484 τῆς
2863 412 3078 482 φύσεως
3101 413 3180 482 (οὑ
3214 412 3319 481 γὰρ
3347 412 3558 479 πέφυκε
3593 411 3653 464 τδ
3686 416 3808 483 παρ’

2231 509 2364 577 ἡμῖν
2399 507 2510 578 πῦρ
2545 507 2725 578 μένειν
2759 507 2853 574 ἀφ’
2884 503 3079 558 ἐαυτοῦ
3129 505 3204 574 μὴ
3235 504 3320 557 διὰ
3347 504 3439 556 τοῦ
3477 503 3806 572 καταλλήλιυ

2230 596 2617 667 τρεφόμενον)·
2664 595 2744 648 διὸ
2789 595 2884 648 καὶ¹
2923 594 3015 648 τοῦ
3051 595 3283 664 αἵματος
3316 594 3516 663 ὀχετοὶ,
3565 595 3808 666 καθάπερ

2231 689 2297 742 ἐκ
2323 688 2532 758 κρήνης
2553 687 2697 750 τινὸς
2717 685 2812 738 τοῦ
2834 687 3043 756 ἥπατος
3067 685 3499 759 ἀφορμισθέντες
3528 685 3610 755 τῷ
3633 686 3811 758 θερμῷ

2233 776 2525 846 πνεύματι,
2549 775 2616 828 δι’
2643 774 2766 828 ὃλου
2793 774 2888 826 τοῦ
2913 773 3164 845 σώματος
3187 776 3721 846 συμπαροδεύουσιν,
3743 777 3809 839 ὠς

2231 867 2296 921 ἂν
2331 868 2406 938 μὴ
2443 866 2682 936 μονωθέν
2713 864 2805 918 τοῦ
2848 865 3034 936 ἐτέρου
3061 865 3122 918 τὸ
3167 866 3352 935 ἓτερον
3392 865 3692 937 διαφθείρῃ
3721 865 3809 934 τὴν

2232 958 2395 1026 φύσιν
2418 956 2590 1020 πάθος
2623 955 2940 1025 γενόμενον.

2313 1048 2532 1120 Ἐπειδὴ
2572 1048 2748 1102 τοίνυν
2778 1048 3075 1119 ἀπροσδεὲς
3113 1049 3174 1102 τὸ
3201 1048 3437 1119 Θεῖον,ή
3477 1048 3535 1101 δὲ
3568 1048 3812 1116 πτωχεία

2233 1139 2437 1212 βροτῶν
2466 1138 2574 1192 τῶν
2596 1137 2790 1203 ἔξωθεν
2811 1139 3152 1194 ἐπεισάκτων
3167 1139 3336 1192 δεῖται
3366 1138 3502 1208 πρὸς
3524 1139 3811 1193 σύστασιν

2231 1234 2277 1284 εί
2322 1232 2430 1301 γὰρ
2474 1231 2626 1302 πηγὴ
2659 1231 2754 1284 τοῦ
2783 1231 3017 1300 αἵματος
3059 1231 3292 1301 ὑπάρχει
3322 1231 3383 1286 τὸ
3432 1225 3614 1301 ἧπαρ,
3652 1233 3690 1300 ἡ
3723 1232 3816 1301 τῆς

2229 1325 2436 1395 τροφῆς
2452 1323 2682 1395 χορηγία
2698 1323 2978 1392 ἀναγκαία
3009 1323 3369 1394 καθέστηκεν.
3395 1324 3469 1376 Τὸ
3485 1323 3599 1394 γάρ
3626 1325 3816 1376 ἐπεισ-

2230 1415 2494 1485 αγόμενον
2532 1417 2664 1484 ἡμῖν
2712 1414 2801 1468 διὰ
2848 1413 3076 1484 ταύτης,
3124 1414 3183 1467 τὺ
3219 1409 3355 1485 αἷμα
3399 1412 3588 1486 βρύειν
3624 1416 3693 1467 ἐκ
3726 1415 3818 1467 τοῦ

2228 1507 2435 1575 ἥπατος
2477 1507 2679 1560 δίδωσι.
2713 1505 3038 1578 Καθάπερὴ
3074 1507 3166 1560 ἐπὶ
3201 1505 3296 1558 τοῦ
3342 1506 3502 1576 ὅρους
3545 1505 3685 1575 χιὼν
3731 1506 3817 1559 διὰ

2228 1596 2330 1666 τῆς
2345 1595 2550 1660 οίκείας
2584 1596 2807 1666 ἰκμάδος
2848 1596 2949 1662 τάς
2988 1596 3094 1650 ὑπὸ
3133 1596 3230 1668 τὴν
3263 1597 3538 1668 ὑπώρειαν
3574 1597 3814 1660 αὔξουσα

2229 1690 2456 1758 κρήνας,
2500 1688 2588 1742 διὰ
2611 1688 2704 1742 τοῦ
2746 1688 2944 1758 βάθους
2973 1688 3034 1741 τὸ
3069 1690 3268 1742 οἰκεῖον
3297 1686 3464 1756 ὑγρὸν
3506 1686 3816 1757 λεληθότως

2229 1780 2322 1833 ἐπὶ
2348 1781 2443 1844 τάς
2468 1780 2618 1834 κάτω
2655 1779 2858 1849 φλέϐας
2904 1779 3284 1834 συνθλίόουσα.
3324 1779 3396 1832 Τὸ
3432 1779 3492 1831 δέ
3519 1779 3813 1850 ἐγκάρδιον

2232 1870 2447 1942 πνεῦμα
2470 1871 2559 1925 διὰ
2576 1872 2670 1924 τοῦ
2703 1870 2944 1941 γείτονος
2965 1871 3246 1940 εἰσάγεται
3274 1871 3610 1940 σπλάγχνου,
3644 1870 3812 1924 πνεύ-

2233 1978 2392 2031 μονος
2423 1959 2520 2030 μὲν
2551 1961 3114 2032 προσαγορευομένου,
3147 1961 3357 2033 δοχείου
3385 1962 3441 2015 δέ
3463 1962 3812 2033 ὑπάρχοντος

2223 2051 2316 2105 τοῦ
2351 2052 2532 2123 ἀέρος,
2573 2052 2661 2106 διά
2687 2054 2786 2124 τῆς
2815 2053 3144 2125 ἐγκειμένης
3173 2053 3442 2125 ἀρτηρίας
3489 2054 3590 2124 τῆς
3629 2054 3726 2106 ἐπὶ
3755 2053 3812 2106 τὸ

2225 2144 2398 2212 στόμα
2431 2143 2744 2213 διηκούσης,
2784 2143 2844 2196 τὸ
2873 2143 3070 2208 ἔξωθεν
3096 2143 3312 2213 πνεῦμα
3340 2145 3461 2206 ταῖς
3494 2144 3804 2206 ἀναπνοαῖς

2222 2234 2600 2304 ἐφελκόμενον.
2626 2231 2696 2305 ᾯ
2727 2235 2905 2305 μέσως
2929 2236 2962 2306 ἠ
2987 2235 3183 2305 καρδία
3219 2235 3596 2306 ἐνειλημμένη
3632 2235 3808 2288 ἀεικί-

2223 2342 2399 2395 νητος,
2437 2323 2829 2397 παραπλησίως
2860 2326 2962 2394 τῆς
2994 2325 3088 2377 τοῦ
3133 2325 3308 2396 πυρὸς
3335 2325 3580 2395 φύσεως,
3615 2319 3728 2376 οἷόν
3755 2342 3808 2377 τι

2221 2417 2426 2490 δράκῃς
2448 2420 2505 2471 ἐν
2538 2420 2651 2481 τοῖς
2678 2418 2973 2489 χαλκείοις,
3011 2419 3096 2486 ἐφ’
3127 2413 3208 2481 οἷς
3237 2418 3388 2471 ’έλκει
3421 2419 3483 2472 τὸ
3513 2419 3648 2488 πρὸς
3682 2419 3807 2472 ἑαυ-

2221 2507 2317 2579 τὴν
2346 2509 2409 2562 ἐκ
2437 2508 2531 2562 τοῦ
2571 2510 2980 2580 παρακειμένου
3011 2508 3325 2580 πνεύματος
3353 2509 3710 2581 πληρουμένη
3737 2511 3801 2580 τῇ

2219 2599 2466 2671 διαστολῇ
2517 2599 2615 2665 τὰς
2652 2600 2996 2670 κοιλότητας,
3049 2601 3142 2654 καὶ
3189 2600 3251 2653 τὺ
3306 2600 3556 2671 πυρῶδες
3606 2600 3803 2670 ἑαυτῆς

2220 2693 2583 2763 ἐκπορίζουσα
2625 2695 2745 2754 ταῖς
2792 2691 3078 2762 ἐχομέναις
3115 2690 3439 2764 ἀρτηρίαις·
3479 2693 3802 2763 ἀεικινὴτως

2219 2784 2427 2843 ἐκπνεῖ,
2459 2783 2516 2837 τὸ
2555 2783 2654 2855 μὲν
2687 2783 2885 2848 ἔξωθεν
2921 2783 3345 2854 διαστελλομένη
3382 2785 3462 2847 είς
3479 2781 3578 2845 τάς
3595 2783 3799 2846 οἰκείας

2219 2874 2542 2946 κοιλότητας
2564 2875 2732 2938 ἕλκει,
2758 2876 2819 2930 τὸ
2842 2875 2898 2928 δὲ
2926 2878 3054 2946 παρ’
3086 2875 3284 2946 ἑαυτῆς
3311 2875 3400 2928 διὰ
3418 2875 3516 2947 τῆς
3550 2874 3798 2946 συμπτύ-

2219 2964 2354 3030 ξεως
2390 2970 2506 3031 ταῖς
2537 2969 2826 3040 ἀρτηρίαις
2859 2967 3104 3040 ἐκκρίνει
3130 2984 3144 2998 ·
3175 2965 3366 3039 ὥσπερ
3409 2967 3468 3020 δέ
3497 2969 3556 3021 ὲν
3596 2985 3796 3038 χωνευ-

2216 3055 2388 3126 τηρίῳ
2436 3057 2525 3111 διά
2567 3059 2666 3130 τῆς
2713 3060 2947 3130 φυσικῆς
2994 3058 3327 3130 θερμότητος
3371 3059 3622 3130 σύντηξίν
3677 3078 3797 3115 τινα

2219 3145 2312 3197 καὶ
2343 3146 2506 3216 πέψιν
2528 3149 2628 3218 τῆς
2656 3149 2790 3220 ὑλης
2807 3150 3126 3221 ποιουμένη,
3157 3151 3318 3203 οἱονεὶ
3335 3151 3395 3202 ἐκ
3421 3151 3623 3221 χοάνης
3652 3152 3795 3214 τινὸς

2217 3236 2354 3307 πρὸς
2392 3241 2517 3303 τοὺς
2559 3241 2755 3310 ἐφεξῆς
2806 3243 3009 3312 πόρους
3050 3245 3294 3312 μεταχεῖ.
3325 3241 3391 3294 Τὸ
3421 3241 3566 3310 παχὺ
3602 3242 3661 3294 δὲ
3698 3241 3792 3295 τοῦ

2213 3330 2410 3384 λεπτοῦ
2443 3332 2767 3404 διακρίνασα
2802 3334 2898 3404 τὴν
2933 3333 3065 3405 ’ύλην
3098 3337 3212 3398 τοῖς
3239 3334 3470 3404 ἐντέροις
3497 3334 3792 3398 ἀπώσατο,

2212 3423 2271 3475 τὺ
2299 3422 2491 3477 λεπτὸν
2528 3426 2620 3477 καὶ
2660 3425 2949 3496 εἱλικρινὲς
2985 3426 3077 3479 ἐπὶ
3105 3427 3204 3490 τὰς
3235 3426 3404 3490 πύλας
3436 3425 3530 3479 τοῦ
3573 3428 3789 3497 ἥπατος

2212 3512 2430 3566 ἔδωκεν.
2473 3516 2798 3579 Ἀναζέουσα
2825 3517 2879 3569 δέ
2910 3517 2987 3587 τῷ
3017 3517 3207 3588 θερμῴ
3244 3518 3306 3569 τὺ
3344 3517 3509 3588 ὑγρὸν
3542 3519 3786 3570 ἐναποτί-

2211 3603 2382 3665 θεται,
2420 3606 2549 3659 αὑτὸ
2577 3607 2636 3658 τὸ
2662 3608 2920 3675 συγγενὲς
2948 3607 3040 3660 τοῦ
3073 3609 3242 3680 πυρὸς
3263 3610 3341 3671 είς
3371 3602 3512 3678 αἷμα
3535 3607 3596 3660 τδ
3626 3608 3781 3676 ὑγρὸν

2211 3695 2654 3765 καταφοινίξασα,
2682 3696 2751 3750 τά
2768 3696 2824 3749 δὲ
2858 3699 2986 3766 παρ’
3016 3699 3206 3769 ἐτέρας
3229 3697 3515 3768 δυνάμεως
3541 3698 3631 3751 διά
3647 3714 3781 3758 τινος

2212 3785 2409 3855 μίξεώς
2435 3803 2491 3839 τε
2527 3788 2621 3841 καὶ
2655 3787 3010 3859 συγκράσεως
3041 3789 3308 3842 ἐνωθέντα
3345 3789 3424 3856 τῷ
3455 3790 3670 3861 σώματι
3696 3790 3779 3842 διὰ

2206 3875 2299 3929 τοῦ
2345 3876 2596 3946 αἵματος,
2657 3879 2951 3949 ὑποτρέφει
2986 3898 3046 3932 τε
3100 3882 3196 3933 καὶ
3225 3881 3507 3952 συνίστησι
3554 3881 3645 3934 διὰ
3679 3880 3777 3933 τῶν

2205 3965 2393 4036 ἀτμῶν
2425 3966 2515 4020 τὸν
2545 3969 2867 4036 ἐγκέφαλον,
2903 3970 2994 4038 ἀφ’
3025 3963 3085 4023 οὗ
3117 3971 3275 4024 πάλιν
3306 3973 3399 4025 ἐπὶ
3433 3973 3497 4024 τὸ
3530 3970 3778 4044 καθαριὺ·

2204 4073 2360 4126 τερον
2404 4057 2838 4132 ἐκλεπτυνομένη
2887 4063 2918 4132 ἡ
2955 4063 3050 4114 ἀπ’
3095 4063 3304 4117 ἐκείνου
3357 4064 3638 4128 ἀνάδοσις,
3691 4065 3778 4116 ὑπ-

2203 4149 2416 4218 αλείφει
2436 4149 2527 4202 τὸν
2552 4153 2894 4220 περιεκτικὺν
2917 4153 3009 4206 τοῦ
3026 4156 3328 4223 ἐγκεφάλου
3349 4155 3549 4226 ὑμένα,
3569 4157 3628 4219 ὃς
3649 4159 3776 4211 ivue-

2203 4237 2293 4289 θεν
2324 4239 2414 4291 ἐπὶ
2445 4239 2503 4292 τὸ
2539 4240 2702 4309 βάθος
2732 4243 3021 4308 αὐλοειδῶς
3041 4245 3264 4316 διήκων,
3291 4245 3380 4299 διά
3405 4247 3515 4300 τῶν
3549 4247 3775 4315 καθεξῆς

2204 4323 2512 4394 σφονδύλων
2535 4329 2724 4385 ἑαυτόν
2758 4348 2817 4384 τε
2858 4332 2953 4385 καὶ
2991 4333 3082 4387 τὸν
3125 4335 3445 4405 ἐγκείμενον
3483 4337 3680 4406 μυελὸν
3704 4337 3775 4389 δι-

2203 4417 2436 4485 εξάγων,
2472 4420 2559 4472 διά
2585 4421 2686 4490 τῆς
2717 4423 2918 4495 νύσσης
2955 4427 3321 4498 συναπολήγει
3363 4428 3458 4480 ἐπὶ
3486 4429 3557 4482 τά
3585 4430 3774 4494 αἰδοῖα,

2205 4511 2407 4574 πάσαις
2439 4512 2640 4566 ὀστέων
2685 4516 2778 4567 καὶ
2822 4514 3100 4586 ἁρμονιῶν
3136 4519 3456 4590 συμϐολαῖς,
3498 4523 3596 4574 καὶ
3630 4521 3771 4592 μυῶν

2202 4603 2398 4672 ἀρχαῖς
2435 4599 2548 4666 οἷός
2582 4621 2665 4667 τις
2705 4605 2917 4676 ἡνίοχος
2972 4609 3164 4673 αὑταῖς
3207 4611 3443 4676 ἐνδιδοὺς
3496 4612 3601 4682 τῆς
3658 4610 3774 4664 καθ’

2201 4693 2430 4747 ἕκαστον
2463 4695 2730 4765 κινήσεώς
2757 4715 2814 4750 τε
2846 4700 2940 4751 καὶ
2968 4701 3228 4765 στάσεως.

2281 5026 2420 5080 Ἀλλ’
2450 5028 2543 5080 ἐπὶ
2575 5029 2635 5081 τὸ
2662 5031 3016 5101 προκείμενον
3049 5034 3427 5104 ἑπανήξωμεν.
3445 5037 3569 5091 Ὅτι
3601 5036 3662 5090 se
3690 5053 3775 5090 κυ-

2204 5115 2465 5185 ριώτατον
2510 5121 2600 5172 καὶ
2629 5121 2927 5188 ἀναγκαῖον
2965 5124 3121 5193 ἡμῶν
3170 5125 3270 5195 τῆς
3308 5126 3451 5196 ζωῆς
3499 5130 3532 5198 ἡ
3580 5129 3771 5198 καρδία

2200 5208 2433 5278 ὑπάρχει
2450 5225 2462 5238 °
2502 5209 2581 5262 διὸ
2606 5212 2701 5264 καὶ
2731 5212 2880 5283 παρά
2900 5214 3078 5268 πάντα
3101 5216 3257 5286 ἡμῶν
3274 5216 3340 5268 τά
3372 5218 3607 5287 ὄργανα,
3641 5217 3770 5288 μᾶλα

2197 5299 2286 5351 λον
2330 5299 2497 5369 αὐτὴν
2534 5302 2563 5353 ὁ
2593 5302 2931 5374 Δημιουργδς
2972 5307 3416 5375 κατησφαλίσατο
3441 5311 3566 5371 ταῖς
3595 5310 3653 5361 ἐν
3680 5307 3770 5360 κύ-

2197 5390 2308 5459 κλῳ
2331 5388 2437 5441 τῶν
2473 5392 2838 5464 στερῤοτέρων
2863 5399 3144 5465 περιοχαῖς
3167 5396 3454 5468 ὀχυρώσας
3486 5399 3660 5468 αὐτὴν
3682 5398 3770 5450 καὶ

2194 5478 2564 5548 περιφράξας·
2603 5481 2831 5534 κατόπιν
2879 5482 2979 5552 μὲν
3002 5487 3066 5554 τῇ
3118 5485 3292 5556 νύσσῃ
3326 5488 3421 5538 καὶ
3449 5490 3572 5550 ταῖς
3627 5488 3769 5556 ὡμο-

2193 5569 2422 5632 πλάταις
2445 5586 2458 5599 '
2492 5570 2613 5624 καθ’
2643 5571 2903 5643 ἑκάτερον
2930 5573 2987 5628 δέ
3012 5575 3261 5645 πλάγιον,
3289 5580 3355 5647 τῇ
3378 5577 3488 5630 τῶν
3514 5579 3766 5648 πλευρῶν

2193 5663 2336 5714 θέσει
2368 5662 2726 5733 περιπτύξας,
2765 5664 3036 5731 δυσπαθὲς
3065 5669 3127 5721 τὸ
3167 5670 3332 5739 μέσον
3363 5670 3761 5740 ἀπειργάσατο.

2209 5753 2297 5807 Ἐν
2328 5752 2383 5808 δὲ
2422 5757 2531 5818 τοῖς
2564 5753 2871 5825 ἔμπροσθεν
2897 5759 2960 5812 τὸ
2995 5759 3217 5830 στέρνον
3249 5761 3341 5816 καὶ
3373 5761 3470 5830 τὴν
3510 5762 3763 5830 συζυγίαν
