2024 3111
125 187 193 214 ΙΟΠ

121 240 176 276 τῆς
193 240 294 272 κλειδὸς
305 240 491 276 προεστήσατο
500 248 506 255 ·
522 239 651 267 πάντοθεν
664 241 733 277 αὐτῇ
746 241 775 267 τὸ
789 240 909 275 ἀσφαλὲς

124 286 181 314 ἀπὸ
197 286 250 312 τῶν
265 285 364 318 ἔξωθεν
379 286 555 321 διοχλούντων
572 286 704 321 φυλάξας.
726 287 809 319 Ίδίως
821 287 850 313 δὲ
865 287 912 314 καὶ

127 332 193 367 περὶ
214 330 261 357 τοῦ
278 332 429 367 πνεύμονος
445 332 552 366 φύσεως
567 332 611 359 διὰ
628 332 751 368 βραχέων
770 333 911 367 φήσωμεν.

127 376 175 411 Τῷ
195 377 299 412 θώρακι
325 377 414 403 τοίνυν
437 374 513 410 οὗτος
548 378 740 414 ὲνηρτημένος⁷
767 378 913 414 γομφώδης

128 421 247 456 ὑπάρχει
271 422 318 448 καὶ
333 422 455 457 μαλακὸς
479 423 525 450 καὶ
542 424 608 451 πολὺ
624 424 719 460 ἀραιός
734 432 763 450 τε
786 423 833 450 καὶ
847 423 915 449 εἰδε-

129 466 213 502 χθὴς·
239 467 329 498 πάσας
346 467 374 494 δὲ
390 467 439 499 τὰς
455 468 552 495 ἑαυτοῦ
568 469 737 505 κυκλότητας
753 477 914 496 συνανεστο-

131 511 263 547 μωμένας
280 511 350 547 έχων
367 511 435 548 πρὸς
445 513 492 540 τὸν
503 513 627 549 πυθμένα
637 514 687 549 τῆς
697 515 840 550 ἀρτηρίας,
855 523 916 541 συν-

131 557 264 593 αγόμενος
282 558 331 593 μὲν
351 559 398 585 καὶ
419 559 586 594 συμπέπτων
603 560 633 586 τδ
653 560 844 594 ἐναπολειφοὲν
861 562 916 592 τοῖς

133 603 243 634 κόλποις
257 603 375 638 πνεῦμα,
391 604 497 640 ἀνάγκῃ
511 605 645 637 ὲκπιέζων
660 607 777 642 προεῖτο.
796 606 918 641 Ὑποχω-

134 647 190 684 ρῶν
212 649 241 675 δὲ
265 650 312 676 καὶ
334 650 510 685 ἀνοιγόμενος
524 652 674 678 ἐπισπᾶται
688 654 721 688 τῇ
740 652 786 688 βίᾳ
806 652 873 688 πρὸς
888 653 918 679 τὸ

134 693 293 729 κινούμενον
318 694 362 720 διὰ
377 695 427 730 τῆς
442 695 524 730 ὁλκῆς
538 696 582 722 τὸν
600 696 678 732 ἀέρα,
696 697 742 723 καὶ
755 698 788 732 τῇ
814 698 920 732 συνεχεῖ

135 738 241 773 κινήσει
257 739 290 773 τῇ
309 738 406 774 καρδίᾳ
422 739 655 775 περιδονούμενος,
676 739 706 766 τὺ
721 740 857 774 φλογῶδες
872 740 920 766 αὑ-

135 784 186 818 τῆς
205 784 252 810 καὶ
263 784 394 819 διάπυρον
409 784 448 819 τῷ
461 784 584 820 ριπισμῷ
597 785 780 820 διακρούεται.
793 782 855 812 Οἷον
865 784 920 820 γὰρ

137 829 202 863 φλδξ
219 829 256 865 μὴ
269 830 433 857 διαπνέουσα
448 830 499 856 ὑπὸ
514 830 561 856 τοῦ
574 830 673 857 οἰκείου
689 829 793 857 καπνοῦ
809 829 919 856 σϐέννυ-

137 884 192 906 ται,
209 875 298 901 καὶτὸ
313 874 381 907 ζῶον
397 874 434 910 μὴ
455 875 579 902 διαπνέον
594 875 632 911 τῷ
647 875 776 911 πνεύμονι
790 875 821 902 τὸ
843 884 921 910 περι-

138 920 248 955 κάρδιον
262 919 359 946 ἑαυτοῦ
380 920 444 956 πῦρ.
466 920 511 946 Διὸ
533 920 754 956 περιδονούμενος
773 922 805 956 τῇ
822 921 921 956 καρδίᾳ

139 966 187 994 καὶ
207 965 333 1001 πραείαις
353 965 451 1000 αὔραις
467 966 633 998 κολακεύων,
652 966 762 998 εὐθαλὲς
778 966 824 992 καὶ
837 967 922 1002 ὲρῤω-

141 1013 221 1047 μένον
238 1013 269 1039 τὸ
283 1010 352 1044 ζῶον
368 1010 512 1037 δείκνυσιν.
535 1011 578 1037 Ἐν
594 1011 662 1046 αὐτῇ
679 1011 733 1046 γὰρ
749 1011 796 1037 καὶ
813 1010 879 1046 μόνῃ
892 1010 922 1037 τὸ

140 1058 253 1090 ζωτικὸν
274 1059 359 1085 αἴτιον
374 1056 498 1091 ιδρύσθαι
516 1065 561 1092 μοι
578 1056 659 1084 δοκεῖ.
681 1057 718 1083 Τὸ
732 1057 760 1082 δὲ
778 1054 854 1092 ἧπαρ
876 1055 923 1082 καὶ

140 1104 206 1131 αὐτὸ
230 1103 330 1139 Θερμὺν
351 1104 473 1139 ὑπάρχον
488 1102 556 1138 πρὸς
573 1101 622 1138 τὴν
643 1102 697 1129 τῶν
724 1102 924 1138 ἐγκρινομένων

140 1148 222 1183 πέψιν
236 1157 265 1175 τε
276 1148 323 1175 καὶ
335 1148 518 1184 ἐξαιμάτωσιν
530 1147 568 1182 τῷ
577 1146 656 1182 δεξιῷ
669 1147 715 1182 ὲνή
721 1155 816 1182 ρτηται
831 1146 923 1182 μέρευ

140 1192 172 1221 οἶδ
183 1193 411 1229 καταψυχθέντας,
427 1194 570 1224 ἀλλοίωσις
585 1193 633 1227 μὲν
645 1192 683 1227 τῷ
698 1192 835 1228 προσώπῳ
848 1190 925 1224 αὖθις

140 1240 303 1274 ἐπιγίνεται,
329 1240 456 1275 σπασμὸς
477 1240 505 1266 δὲ
526 1241 574 1266 καὶ
593 1238 731 1273 ἀδυναμία
747 1238 818 1265 κατὰ
832 1238 923 1274 μέρος.

142 1286 188 1321 Τῷ
203 1286 230 1313 δὲ
243 1285 375 1321 εὐωνύμῳ
394 1287 407 1312 ό
420 1285 506 1319 σπλὴν
519 1284 676 1320 ἐμπέφυκεν
691 1284 748 1319 ἅμα
761 1292 789 1309 τε
804 1283 926 1317 ὑφέλκων

143 1331 191 1358 καὶ
203 1331 348 1365 διακρίνων
362 1331 392 1357 τὸ
408 1330 508 1362 ὑλῶδες
526 1329 573 1356 τοῦ
588 1329 704 1365 αἵματος
715 1336 721 1345 ·
741 1328 926 1362 καταγλυκαι-

143 1377 256 1412 νόμενος
272 1377 300 1403 δὲ
325 1376 491 1412 κορυφοῦται
508 1376 566 1410 ἅμα
579 1376 627 1402 καὶ
646 1375 777 1411 πυροῦται
794 1374 927 1401 ἐκϐαίνων

142 1423 206 1454 τοὺς
218 1421 315 1449 ἑαυτοῦ
325 1423 415 1457 ὄρους,
428 1422 474 1448 καὶ
487 1420 656 1455 διατειχίζων
665 1420 714 1452 τὰς
726 1420 832 1454 πέψεις,
848 1419 929 1446 πολύ-

145 1474 246 1501 σαρκον
268 1466 318 1501 μὲν
341 1466 485 1500 φαίνεσθαι
505 1466 589 1496 ποιεῖ,
607 1465 709 1500 ὡχρίαν
725 1465 753 1491 δὲ
771 1464 818 1490 καὶ
837 1464 929 1491 ἀδυναε

147 1510 211 1545 μίαν
227 1510 300 1537 κατά
323 1511 405 1546 μέρος
423 1511 530 1544 ἐπάγει.
554 1509 684 1545 Ἑντέρων
705 1509 733 1535 δὲ
755 1509 860 1544 ἑλιγμοὶ
883 1509 930 1535 καὶ

147 1557 302 1590 συμπλοκαὶ
318 1557 382 1591 περὶ
405 1556 452 1592 τὴν
475 1556 597 1591 γαστέρα
608 1565 614 1571 ·
632 1556 705 1586 ὅπως
719 1557 752 1590 τῇ
776 1555 868 1590 σκολιᾷ
883 1563 931 1581 πε-

148 1603 271 1637 ριαγωγῇ
297 1602 385 1637 χρόνῳ
411 1601 651 1638 παρακατέχεσθαι
678 1601 728 1636 τὴν
745 1600 848 1635 τροφὴν
876 1602 931 1632 τοῖς

150 1647 331 1682 σπλάγχνοις·
349 1648 386 1679 ὡς
403 1648 435 1675 ἂν
459 1648 496 1683 μὴ
515 1647 548 1674 δι’
574 1647 710 1682 εὐθύτητα
734 1646 782 1673 τοῦ
823 1647 906 1684 πόρου
925 1665 933 1678 ν

149 1692 249 1728 ῥᾳδίως
270 1692 316 1719 καὶ
338 1691 416 1725 αὖθις
437 1693 634 1728 ὲκκρινομένης
651 1691 790 1727 ἀνακινοίη
814 1691 844 1718 τὸ
866 1692 935 1723 ζῶον

150 1738 220 1772 πρὸς
245 1738 350 1773 ὄρεξιν,
377 1738 513 1773 μηδέποτε
538 1738 710 1772 ἀπαγόμενον
732 1737 780 1772 τῆς
809 1737 935 1772 τοιαύτης

149 1783 289 1818 ἀσχολίας,
308 1783 377 1811 κατὰ
392 1784 442 1819 τὴν
461 1784 515 1810 τῶν
535 1783 640 1817 ἀλόγων
664 1782 754 1817 φύσιν.
774 1782 936 1817 ’Υμενώδεις

150 1828 179 1854 δὲ
192 1828 282 1860 οἴκους
297 1830 331 1863 τῇ
367 1829 437 1864 φορᾷ
464 1828 518 1855 τῶν
535 1829 634 1864 ὑγρῶν,
646 1830 664 1855 ’ό
677 1827 846 1864 Δημιουργδς
869 1828 935 1854 ὑπε-

150 1874 301 1908 τεχνήσατο
313 1874 357 1900 διὰ
368 1874 421 1901 τῶν
436 1874 561 1909 ἀοράτων
577 1875 678 1908 πόρων,
691 1873 762 1901 κατὰ
778 1873 859 1910 μέρος
874 1875 935 1900 ἐπι-

151 1920 304 1955 σπωμένων
317 1920 347 1946 τὸ
360 1920 452 1955 ὐγρδν,
472 1920 545 1952 ὅπως
560 1919 597 1955 μὴ
611 1921 643 1955 τῇ
664 1919 751 1954 ἀθρόᾳ
774 1919 936 1951 ὲξυδατὼσει

152 1966 199 1992 καὶ
218 1966 389 2002 ἀναξηρασίᾳ
411 1966 482 2001 δίψει
503 1965 691 2001 ἐνεδρευθῆναι
714 1965 744 1992 τὸ
768 1965 847 1997 ζῶον,
869 1965 937 1992 ἀλλά

153 2011 224 2037 κατά
239 2012 322 2046 μέρος
335 2011 563 2047 ὲξοικονομεῖσθαι
578 2011 608 2037 τὸ
620 2010 737 2046 ἀρυσθὲν
749 2010 830 2046 μέχρι
840 2011 936 2046 καιροῦ

152 2063 235 2086 τινος.
260 2055 346 2091 Σκέλη
371 2056 400 2082 δὲ
428 2057 494 2091 ἡμῖν
520 2055 711 2091 διηρθρωμένα
736 2056 865 2090 στροφαῖς
891 2056 937 2082 καὶ

153 2100 265 2135 τόρμοις
286 2100 507 2135 συμϐεϐλημένα,
524 2100 605 2126 οἱονεὶ
620 2098 711 2126 στύλοι
727 2099 886 2135 ἀχθοφόροι,
908 2099 938 2126 τὸ

154 2145 214 2172 ὅλον
236 2145 424 2180 ὲπερεισμένοι
450 2145 544 2180 σῶμα·
566 2144 742 2179 ὲπικεφαλίδα
763 2145 811 2179 μὲν
827 2145 857 2171 τὺ
873 2145 937 2179 γόνυ

155 2191 273 2226 ἔχοντες,
301 2191 379 2226 βάσιν
407 2191 436 2217 δὲ
464 2191 510 2217 τὸν
533 2190 715 2226 ἀστράγαλον,
747 2189 864 2224 εὐσταλῆ
891 2191 938 2218 καὶ¹

155 2237 251 2272 ἕτοιμα
275 2236 343 2273 πρὸς
365 2237 454 2263 πᾶσαν
479 2237 635 2272 ὑπάρχοντα
649 2236 767 2272 κίνησιν,
784 2236 938 2272 προσευχήν

155 2291 184 2309 τε
201 2283 248 2309 καὶ
264 2282 416 2314 ποτνίασιν,
430 2282 530 2317 δρόμον
540 2291 570 2308 τε
583 2282 630 2308 καὶ
643 2282 759 2317 ἅλματα.
774 2282 805 2308 Ol
821 2282 849 2308 δὲ
862 2282 941 2314 πόδες

157 2328 222 2362 ἡμῖν
237 2327 383 2362 τυλώτεροι
398 2327 498 2358 παντὸς
513 2325 560 2353 τοῦ
579 2326 799 2362 ὖπερφερομένου
816 2326 942 2361 σώματος

158 2372 427 2407 κατεσκευάσθησαν,
448 2372 481 2406 τῇ
504 2370 593 2407 χέρσῳ
615 2371 658 2398 διὰ
678 2371 779 2403 παντὸς
795 2371 941 2406 κρούεσθαι

159 2417 313 2452 μέλλοντες,
328 2417 409 2444 οἱονεὶ
422 2417 539 2451 ὀγκίνοις
555 2416 622 2452 πρὸς
635 2416 759 2443 διάϐασιν
771 2417 827 2448 τοῖς
841 2416 942 2443 δακτύ-

158 2459 214 2491 λοις
230 2460 440 2495 συνεργούμενοι
449 2468 458 2476 θ
471 2459 518 2491 οὓς
530 2459 654 2496 κρυμῷῆ
668 2460 741 2496 λώσῃ
756 2460 809 2487 τινὶ
822 2461 942 2488 ἀποσαλ-

158 2505 261 2539 λοντες,
278 2505 434 2541 μογισαδείς
448 2505 589 2541 γινόμεθα.
746 2503 749 2505 ί

810 182 980 212 DIALOGUS
998 183 1041 212 ΙΙΙ.

1678 183 1749 211 1078‘

962 245 1056 275 pectus
1090 245 1116 268 et
1144 241 1227 269 clavis
1250 241 1405 276 juncturam
1438 241 1597 276 pra‘posuit,
1626 241 1748 275 undique

962 285 1083 312 adhibita
1099 286 1232 318 custodia,
1251 294 1304 321 qua
1319 287 1352 313 ab
1364 286 1483 313 externis
1499 286 1749 321 perturbationibus

963 335 1050 357 tutum
1067 331 1235 358 redderetur.
1255 331 1433 359 Peeuliariter
1446 336 1536 359 autem
1560 335 1586 358 et
1600 331 1633 358 de
1647 331 1750 365 pulmo-

963 376 1007 404 nis
1021 381 1116 404 natura
1131 378 1226 412 paucis
1244 378 1422 405 disseramus.
1440 377 1487 405 Est
1507 378 1551 405 hic
1566 377 1670 412 pectori
1688 381 1751 412 apte

964 423 1136 458 conjunctus,
1151 431 1283 451 recurvus
1306 429 1333 451 et
1347 424 1447 457 mollis,
1463 429 1491 452 et
1507 424 1652 451 admodum
1671 431 1750 451 rarus

965 473 992 496 et
1004 469 1094 503 specie
1111 476 1207 504 parum
1223 470 1347 505 elegans;
1375 477 1523 505 omnesque
1537 470 1666 497 circuitus
1687 477 1752 496 suos

965 514 1049 540 veluti
1067 521 1115 548 per
1132 514 1202 541 ostia
1218 515 1341 549 quaedam
1357 519 1486 542 exeuntes
1508 515 1611 542 habens
1627 514 1659 542 ad
1679 519 1752 541 arte-

966 558 1014 585 ria:
1033 558 1158 592 fundum,
1176 566 1275 593 cogens
1292 563 1318 586 et
1335 559 1523 594 constringens
1536 559 1563 586 in
1579 559 1678 586 finibus
1694 558 1751 593 spi-

967 604 1048 631 ritum
1062 604 1199 638 relictum,
1215 612 1295 639 quem
1312 605 1467 632 necessario
1478 604 1662 639 comprimens
1674 604 1753 631 emit-

967 650 1008 677 tit.
1023 650 1091 677 Cum
1110 658 1206 678 rursus
1225 654 1315 677 autem
1332 651 1449 685 explicat
1470 655 1555 678 semet
1573 659 1605 677 ac
1620 651 1749 685 aperitur,

968 695 1099 723 violenter
1116 703 1178 723 aera
1200 696 1311 723 attrahit
1326 696 1359 723 ad
1378 696 1402 723 id
1420 695 1489 730 quod
1514 701 1646 726 movetur,
1663 701 1689 722 et
1704 703 1749 722 as-

969 740 1049 768 siduo
1071 745 1145 768 motu
1172 740 1341 768 circumcor
1358 740 1486 775 agitatus,
1511 740 1750 767 inﬂammationem

969 790 995 813 et
1010 786 1144 813 fervorem
1160 786 1220 821 ejus
1241 786 1418 813 ventilatione
1439 793 1488 812 sua
1506 786 1640 820 propellit.
1655 785 1753 818 Quent-

971 832 1119 859 admodum
1143 832 1215 859 enim
1241 832 1350 859 ﬂamma
1376 832 1554 866 respiratione
1574 838 1669 858 carens
1693 837 1754 864 pro-

972 877 1031 912 prio
1046 877 1121 905 fttmo
1137 878 1331 912 exstinguitur,
1354 878 1390 905 ita
1410 882 1436 904 et
1452 876 1552 904 animal
1569 884 1620 903 non
1638 875 1754 910 perﬂatus

973 923 1103 958 pulmone
1117 923 1206 958 ignem
1222 924 1314 951 cordis
1329 924 1472 950 emoritur.
1494 922 1574 957 Igitur
1589 929 1651 949 cum
1665 921 1756 954 pulmo

974 968 1076 995 circum
1091 975 1138 994 cor
1154 967 1284 1002 agitatur,
1299 972 1325 995 et
1341 967 1445 995 levibus
1460 967 1534 993 auris
1550 966 1637 1000 ipsum
1653 964 1757 992 demul-

974 1019 1027 1042 cet.
1051 1017 1175 1047 vegetum
1195 1017 1222 1040 et
1246 1013 1388 1040 robustum
1412 1012 1512 1039 animal
1534 1011 1623 1038 eﬂicit.
1650 1010 1678 1036 In
1699 1010 1757 1044 ipso

974 1058 1057 1091 enim,
1083 1062 1110 1086 et
1132 1059 1242 1093 quidem
1267 1059 1326 1086 solo
1348 1058 1439 1085 vitalis
1456 1065 1539 1085 causa
1563 1056 1629 1083 mihi
1651 1055 1757 1082 videtur

975 1104 1027 1132 sita
1040 1112 1110 1132 esse.
1125 1103 1208 1132 Jecur
1221 1109 1311 1131 autem
1324 1108 1350 1131 et
1365 1104 1453 1138 ipsum
1469 1102 1597 1135 calidum,
1614 1101 1647 1128 ad
1662 1107 1757 1128 eorum

975 1158 1036 1185 quae
1048 1149 1218 1186 ingeruntur,
1229 1149 1435 1185 concoctionem
1446 1153 1473 1176 et
1486 1146 1627 1183 sanguinis
1637 1146 1758 1174 effectio-

975 1203 1050 1227 nem,
1075 1196 1103 1222 in
1128 1195 1223 1222 dextra
1252 1195 1327 1222 cordi
1345 1194 1503 1229 adjunctutn
1528 1198 1570 1221 est
1593 1198 1689 1227 parte:
1704 1198 1759 1225 quo

977 1239 1090 1266 nimium
1107 1238 1276 1274 refrigerato,
1300 1239 1326 1265 in
1340 1238 1409 1265 facie
1424 1238 1452 1265 fit
1467 1238 1539 1264 illico
1554 1236 1677 1272 quaedam
1700 1243 1760 1262 mu-

978 1287 1042 1312 tatio
1056 1285 1200 1312 accedente
1216 1284 1346 1320 paulatim
1362 1291 1471 1319 spasmo
1483 1289 1510 1311 ct
1527 1283 1674 1311 debilitate.
1691 1280 1760 1308 Sini-

977 1337 1039 1358 straz
1051 1338 1114 1359 vero
1132 1331 1201 1366 parti
1218 1331 1294 1365 splen
1312 1332 1392 1363 inest,
1409 1329 1568 1365 sanguinem
1587 1328 1758 1359 subtrahens,

978 1382 1004 1404 et
1015 1377 1175 1404 discernens
1192 1376 1217 1403 id
1234 1376 1305 1410 quod
1321 1376 1441 1403 crassius
1456 1379 1497 1402 est
1510 1383 1525 1402 a
1542 1374 1692 1409 sanguine;
1713 1372 1766 1407 qui,

979 1422 1002 1450 si
1016 1422 1120 1449 dulcior
1135 1423 1191 1455 liat,
1209 1421 1317 1448 inﬂatur
1332 1425 1359 1448 et
1375 1420 1537 1451 incenditur,
1554 1419 1685 1447 terminos
1696 1425 1761 1444 suos

981 1466 1183 1502 transgrediens
1196 1471 1223 1493 et
1239 1467 1384 1493 obstructis
1404 1470 1520 1495 meatus,
1538 1471 1683 1490 carnosum
1699 1462 1761 1496 qui-

980 1513 1041 1540 dem
1064 1512 1200 1539 hominem
1224 1519 1354 1546 apparere
1376 1510 1450 1541 facit,
1469 1510 1596 1544 pallorem
1617 1513 1717 1538 tamen,
1736 1511 1768 1535 et.

981 1557 1110 1592 paulatim
1123 1556 1288 1583 debilitatem
1303 1562 1396 1583 secum
1407 1554 1493 1581 aﬂert.
1512 1554 1643 1580 Praeterea
1658 1552 1763 1579 intesti—

983 1610 1080 1630 norum
1095 1601 1299 1629 convolutiones
1318 1605 1345 1627 ct
1359 1607 1445 1627 nexus
1460 1600 1531 1627 circa
1553 1604 1674 1626 ventrem
1691 1603 1764 1630 sunt,

984 1653 1014 1675 ut
1027 1651 1152 1675 tortuoso
1171 1647 1266 1678 ductu,
1284 1647 1415 1681 temporis
1429 1645 1522 1679 aliquo
1540 1644 1628 1679 spatio
1643 1642 1765 1670 detinea-

984 1698 1029 1720 tur
1044 1693 1071 1720 in
1089 1692 1238 1720 visceribus
1255 1692 1344 1725 cibus,
1358 1699 1392 1718 ne
1410 1694 1521 1725 propter
1537 1693 1642 1717 meatus
1656 1688 1767 1716 rectitu-

984 1738 1075 1765 dinem
1098 1737 1178 1765 facile
1202 1742 1227 1765 et
1252 1737 1324 1764 illico
1348 1741 1468 1771 egestus,
1492 1735 1592 1763 excitet
1614 1734 1715 1761 animal
1731 1734 1766 1761 ad

985 1783 1145 1818 appetitum,
1162 1791 1177 1810 a
1205 1783 1251 1810 tali
1269 1782 1449 1817 occupatione
1473 1788 1611 1815 nunquam
1631 1780 1768 1807 abducen—

985 1829 1050 1857 dum
1067 1828 1217 1856 secundum
1235 1832 1360 1855 naturam
1374 1827 1527 1854 hrutorum.
1542 1825 1684 1853 Domicilia
1704 1825 1768 1852 item

985 1883 1018 1904 ex
1036 1874 1200 1902 membranis
1213 1873 1286 1901 facta
1297 1874 1331 1900 ad
1348 1873 1494 1900 humorum
1508 1871 1687 1906 gestationem
1705 1871 1770 1905 Opi-

986 1919 1031 1947 fex
1056 1919 1192 1952 condidit,
1216 1926 1276 1953 qum
1299 1926 1347 1953 per
1366 1917 1560 1945 subtilissimas
1586 1921 1614 1944 et
1629 1921 1769 1951 aspectum

986 1966 1121 2000 fugientes
1135 1969 1242 1993 meatus
1256 1964 1385 1999 paulatim
1406 1964 1546 1991 attrahunt
1566 1963 1719 1994 humorem,
1737 1969 1771 1988 nc

987 2011 1076 2040 subita
1095 2010 1278 2038 exundatione
1297 2014 1323 2038 et
1346 2008 1530 2037 exsiccatione
1546 2008 1606 2035 sitis
1628 2006 1770 2034 insidietur

988 2056 1118 2089 animali,
1143 2056 1190 2084 sed
1215 2055 1346 2091 paulatim
1371 2058 1444 2082 certa
1474 2053 1677 2088 dispensatione
1699 2051 1771 2085 quod

988 2102 1117 2130 haustum
1141 2106 1192 2134 est,
1211 2101 1244 2128 ad
1269 2099 1380 2135 aliquod
1402 2103 1508 2133 tempus
1532 2102 1664 2125 retentum
1686 2096 1772 2131 expel-

989 2149 1070 2176 latur.
1087 2148 1127 2175 Ad
1143 2147 1200 2175 hzec
1214 2154 1294 2175 crura
1310 2146 1389 2174 nobis
1404 2149 1468 2173 sunt
1480 2144 1602 2171 articulis
1616 2143 1772 2173 commissa,

988 2193 1121 2222 vertebris
1146 2197 1173 2220 et
1198 2192 1388 2228 iuncturarum
1419 2190 1581 2218 caritatibus
1611 2189 1772 2224 conjuncta,

993 2239 1071 2275 quasi
1085 2238 1218 2266 columnae
1232 2237 1265 2265 ad
1281 2237 1390 2265 ferenda
1406 2244 1500 2269 onera,
1522 2235 1621 2271 quibus
1642 2239 1698 2262 toto
1713 2241 1774 2261 eor-

994 2292 1059 2320 pore
1080 2283 1234 2311 innitimur.
1260 2282 1348 2317 Atque
1370 2282 1413 2310 his
1437 2281 1572 2310 columnis
1588 2279 1697 2315 capituli
1715 2278 1774 2306 loco

994 2334 1037 2358 est
1051 2337 1131 2365 genu,
1148 2328 1223 2356 basis
1239 2335 1303 2356 vero
1319 2328 1390 2355 talus
1404 2336 1410 2354 :
1427 2331 1543 2362 suntque
1557 2333 1636 2354 crura
1651 2324 1774 2359 expedita

993 2380 1021 2404 et
1038 2380 1164 2410 prompta
1181 2373 1214 2401 ad
1231 2381 1339 2401 omnem
1361 2377 1475 2404 motum,
1495 2371 1679 2399 adorationem
1694 2374 1721 2398 et
1732 2378 1775 2397 vc-

997 2420 1176 2452 nerationem,
1199 2427 1311 2448 cursum
1324 2423 1352 2447 et
1369 2418 1465 2447 saltus.
1489 2417 1576 2445 Etiam
1593 2417 1674 2452 pedes
1698 2415 1776 2444 nobis

995 2466 1154 2494 callosiores
1170 2466 1245 2493 omni
1260 2465 1314 2492 alio
1338 2464 1550 2500 superimposito
1576 2468 1691 2498 corpore
1712 2461 1775 2489 facti

993 2516 1067 2543 sunt,
1082 2511 1127 2546 qui
1141 2515 1240 2538 terrain
1252 2517 1358 2545 semper
1376 2508 1510 2545 pulsatori
1523 2513 1624 2541 essent,
1639 2508 1672 2535 ad
1687 2508 1776 2535 inces-

160 2559 221 2579 sum
249 2559 265 2579 a
287 2551 380 2587 digitis
398 2552 474 2580 velut
497 2551 574 2579 uncis
590 2551 687 2587 adjuti,
715 2559 785 2587 quos
807 2552 907 2588 frigore
927 2555 969 2583 vel
989 2556 1042 2584 alia
1061 2557 1168 2592 jactura
1190 2556 1354 2589 amittentes,
1379 2556 1412 2583 ad
1430 2555 1605 2592 gradiendum
1630 2554 1701 2582 tardi
1719 2553 1776 2582 elli-

159 2597 258 2626 cimur.

195 2680 245 2712 Τίς
260 2680 289 2707 δὲ
308 2680 476 2716 παραστήσει
499 2680 576 2714 λόγος
592 2678 641 2714 τὴν
656 2678 730 2710 ὲντδς
740 2678 819 2713 ἡμῶν
838 2681 885 2708 τοῦ
893 2684 943 2714 Δη.

164 2726 293 2762 μιουργοῦ
315 2726 410 2759 σοφίαν
424 2727 471 2752 καὶ
487 2725 617 2760 δύναμιν;
632 2725 681 2756 τάς
692 2732 721 2750 τε
729 2725 886 2760 συντρήσεις
898 2725 944 2751 καὶ

163 2770 309 2807 ὑμενόῶεις
323 2770 464 2806 σύριγγας,
485 2771 532 2802 τὰς
550 2770 603 2797 τῶν
625 2769 686 2796 ἰνῶν
703 2770 880 2805 περιπλοκὰς,
896 2770 943 2796 καὶ

163 2816 266 2852 νεύρων
278 2816 369 2848 τόνους
381 2817 427 2842 καὶ
438 2816 537 2843 ὀστέων
557 2816 733 2852 στερρότητα,
751 2815 796 2841 καὶ
812 2815 885 2847 ὀδοὺς
897 2815 943 2842 καὶ

163 2860 271 2895 τρίδους
281 2861 357 2892 τινὰς
367 2860 475 2895 ἀφανῶς
486 2861 702 2896 διοικονομούσας
711 2860 745 2887 τὰ
754 2860 942 2894 ὲγκρινόμενα,

167 2904 212 2935 διὰ
228 2907 293 2943 μιᾶς
317 2906 467 2944 συμπνοίας
484 2906 529 2934 τοῦ
551 2906 675 2943 σώματος
688 2929 694 2941 ,
718 2906 798 2941 ὁλκῆς
821 2905 944 2941 πνεύμα-

1033 2677 1163 2710 Quanam
1190 2679 1280 2703 autem
1301 2676 1434 2710 exprimet
1461 2676 1550 2703 oratio
1565 2675 1728 2702 declaratam
1749 2674 1776 2701 in

998 2722 1130 2751 membris
1143 2721 1246 2748 nostris
1260 2720 1436 2748 interioribus
1449 2720 1560 2755 Opiﬁcis
1575 2719 1735 2754 sapientiam
1749 2722 1777 2747 et

998 2767 1178 2805 potestatem?
1194 2770 1299 2793 meatus
1313 2769 1339 2792 et
1353 2765 1541 2792 mcmbraneas
1562 2771 1704 2797 carcrnas,
1730 2772 1774 2791 ve.

997 2820 1093 2841 narum
1108 2810 1319 2846 complexiones,
1334 2808 1663 2840 nervornmintcusioues,
1673 2809 1775 2835 ossium

998 2860 1167 2890 (inanitatem,
1182 2856 1240 2884 vias
1262 2861 1343 2891 atquc
1363 2855 1476 2882 semitas
1501 2854 1633 2889 quasdam
1660 2854 1774 2880 latenter

998 2904 1193 2934 distribuentes
1222 2909 1282 2937 qua:
1305 2901 1476 2936 ingeruntur,
1509 2899 1591 2935 idque
1617 2906 1664 2934 per
1690 2898 1774 2926 solam
