2024 3111
251 140 316 168 ίοῖθ

248 198 326 232 quasi
341 195 571 231 conspirationem
589 196 773 225 membrorum
796 196 882 223 totius
897 195 1030 230 corporis,

249 243 312 274 item
326 241 501 269 attractioues
519 240 642 275 spiritus,
668 240 849 275 aquteductus
876 240 1028 274 sanguinis,

249 286 416 314 domicilium
429 286 538 318 ca10ris,
553 286 645 313 sedem
656 285 778 321 frigoris,
800 286 854 312 alia
868 285 985 320 denique
999 285 1033 312 de

250 332 348 366 quibus
364 331 500 358 medicina
516 335 700 359 commentata
714 335 893 365 est,quorum
911 330 1033 365 explica-

250 377 350 404 tionem
368 376 401 404 iis
415 376 565 412 relinquam
580 376 626 411 qui
647 376 811 403 medicinam
821 376 944 403 Studiose
959 375 1032 402 ditii-

252 426 357 449 (‘el‘lll'lL

252 467 347 495 διιπειί
361 468 421 500 viri,
445 467 564 502 Gregorii
593 467 708 502 Nysseni
736 468 809 494 focus
823 475 856 493 ea:
882 467 966 501 capite
983 475 1033 501 quo

290 502 382 533 trudit.
401 510 482 528 unam
500 507 524 528 et
548 504 665 529 eamdem
695 502 840 529 assistendi
852 510 962 529 causam
978 510 1033 528 esse

289 542 344 563 tam
358 537 454 563 anima:
465 544 544 571 quam
559 538 676 571 corporis
691 537 757 572 (97).

288 581 522 614 Quemadmodum
538 582 571 609 de
596 582 685 609 tritico
704 582 829 613 dicimus,
861 588 968 608 omnem
983 588 1033 616 po-

254 630 350 653 testate
377 627 404 653 in
419 627 495 661 spica
517 626 633 653 formam
659 627 718 660 ejus
733 634 805 657 esse.
819 626 943 658 herbam,
961 626 1035 653 cala-

255 679 340 702 mum,
355 672 457 699 medias
476 672 627 707 iuncturas,
645 671 772 704 fructum,
788 672 904 704 aristas,
921 675 948 698 et
967 671 1035 698 nihil

257 718 353 744 horum
368 718 475 744 ratione
492 723 596 745 naturzr
612 718 652 744 vel
678 717 754 751 prius
768 725 839 749 esse.
853 718 894 744 vel
909 717 1037 751 deinceps

256 766 359 790 natura:
376 762 490 790 seminis
509 763 648 794 accedere,
677 762 725 789 sed
754 763 851 789 ordine
867 762 987 789 naturali
1003 770 1035 789 ea

255 816 315 842 qua:
324 809 525 840 rccensuimus,
538 808 648 843 prodire
664 817 670 834 ε
684 808 724 835 sic
737 812 764 835 et
789 808 935 835 humanam
952 807 1036 835 satio-

256 860 316 879 ncm
330 857 515 887 comparatam
531 860 593 880 esse
606 854 733 885 dicimus,
748 853 784 880 ita
803 853 867 880 utin
882 858 959 880 ortus
976 853 1036 888 ejus

255 898 389 932 principio
410 898 491 925 simul
503 899 562 933 ipsa
575 903 678 926 natura:
692 899 733 926 vis
746 903 866 930 seratur,
886 906 945 933 quae
957 898 1034 926 dein-

256 950 319 976 ceps
330 943 488 977 explicetur,
510 948 536 970 et
552 944 661 978 pateliat
686 951 732 978 per
746 944 896 970 naturalem
923 943 1032 975 seriem,

257 987 345 1021 primo
375 988 483 1022 quidem
510 988 556 1015 Dei
592 990 731 1016 voluntate
756 989 932 1016 fundamento
956 989 1035 1023 quasi

253 1032 326 1065 jacto
342 1053 348 1064 ,
386 1033 484 1060 deinde
511 1034 693 1068 generationis
719 1034 809 1061 causis
832 1034 1034 1061 accedentibus.

256 1077 490 1110 Quemadmodum
507 1080 578 1106 enim
599 1080 626 1106 in
642 1087 674 1107 eo
691 1080 764 1115 quod
783 1079 814 1106 ad
830 1079 1034 1114 producendqu

255 1123 393 1150 hominem
408 1124 434 1150 in
456 1123 564 1151 officina
589 1129 692 1151 naturte
719 1124 881 1159 dcponilur,
915 1125 1037 1151 membra

257 1168 362 1202 singula
378 1170 500 1202 corporis
525 1170 599 1197 cerni
615 1175 755 1204 nequeunt
778 1175 840 1197 ante
864 1169 964 1197 factam
980 1169 1037 1197 for-

258 1214 419 1241 mationem:
438 1216 474 1242 ita
495 1223 582 1250 neque
598 1216 696 1242 animm
705 1216 885 1250 proprietates
902 1216 929 1242 in
943 1216 1037 1243 eodem

258 1260 435 1287 animadverti
460 1266 583 1295 possunt,
608 1261 767 1296 priusquam
789 1261 996 1295 progrediantur
1012 1261 1037 1287 in

259 1310 361 1333 actum.
385 1307 417 1333 Et
432 1308 662 1341 quemadmodum
687 1308 845 1342 impositum
864 1307 929 1334 illud
945 1315 978 1334 ex
994 1307 1037 1333 iu-

260 1353 310 1379 sita
323 1353 373 1379 sibi
389 1353 412 1379 vi
428 1353 608 1388 facultateque
621 1353 647 1380 in
663 1353 795 1380 articulos
809 1357 836 1380 et
854 1353 962 1380 viscera
980 1352 1032 1378 for-

261 1403 359 1429 matur,
376 1399 415 1425 sic
438 1404 464 1426 et
478 1400 511 1426 de
525 1399 614 1426 anima
628 1399 797 1433 intelligitur.
825 1397 892 1424 Nam
905 1398 927 1425 si
952 1397 1040 1425 forma

259 1443 388 1474 hominis.
405 1444 452 1478 qui
463 1445 653 1478 producendus
667 1450 718 1474 est,
735 1444 760 1471 in
784 1452 816 1470 eo
838 1447 972 1478 potestate
988 1447 1040 1475 est,

261 1489 323 1515 latet
344 1494 433 1515 autem
461 1495 571 1523 propter
587 1489 835 1520 obscuritatem,ita
864 1496 954 1515 rerum
972 1488 1042 1515 serie

260 1538 402 1567 poscente:
418 1533 498 1560 etiam
511 1534 600 1560 anima
621 1534 646 1560 in
657 1541 689 1560 eo
699 1538 750 1565 est,
765 1534 827 1560 licet
843 1541 915 1560 nunc
931 1533 1040 1568 quidem

260 1586 314 1605 non
333 1582 475 1613 appareat;
488 1578 629 1613 apparebit
650 1583 741 1606 autem
758 1587 811 1606 una
826 1587 888 1606 cum
903 1578 1039 1613 corporali

260 1622 429 1650 incremento
447 1631 620 1658 promovens.
642 1623 867 1659 Quandoquidem
891 1628 981 1651 autem
1000 1625 1041 1651 vis

261 1668 384 1701 quazdam
396 1676 427 1695 ex
441 1668 561 1695 animato
569 1669 747 1696 etviventead
757 1669 961 1703 conceptionem
977 1676 1040 1702 cge-

261 1712 341 1744 ritur,
368 1720 422 1740 non
439 1713 547 1747 putabis
571 1713 720 1740 inanimum
738 1721 798 1741 csse
817 1714 889 1748 quod
907 1714 932 1740 in
959 1713 1040 1740 vitam

261 1757 361 1791 prodit;
376 1761 402 1784 et
418 1757 647 1792 quemadmodum
668 1757 732 1784 illud
758 1758 829 1792 quod
849 1758 875 1784 in
899 1765 931 1784 eo
945 1765 1042 1792 corpo-

261 1810 337 1830 reum
353 1807 405 1835 est,
421 1810 592 1830 noncarnem
610 1803 738 1836 dicimus,
754 1810 804 1830 nec
816 1810 890 1836 ossa,
902 1811 951 1830 nec
966 1803 1035 1838 pilos

261 1853 287 1875 et
298 1853 405 1880 caetera,
425 1849 470 1876 sed
486 1849 511 1875 vi
524 1849 549 1875 et
566 1853 698 1883 potestate
715 1850 813 1876 horum
830 1849 1043 1884 unumquodque

261 1900 338 1919 esse:
357 1893 393 1919 ita
407 1897 434 1920 et
450 1893 482 1920 de
499 1900 531 1919 eo
547 1893 618 1927 quod
638 1893 670 1920 ad
687 1894 806 1920 animam
830 1894 957 1928 pertinet,
974 1902 1043 1920 non-

262 1938 325 1965 dum
340 1939 392 1964 vim
409 1938 579 1970 rationalem,
596 1947 649 1966 non
664 1938 776 1966 affectus
794 1944 944 1966 moventem
956 1946 1043 1973 neque

262 1988 443 2018 appetentem,
458 1988 485 2011 et
499 1989 595 2011 caetera
610 1993 671 2019 qua:
685 1984 719 2011 ad
735 1986 853 2011 animam
870 1985 1003 2018 pertinent
1017 1985 1043 2011 in

263 2027 310 2055 illo
330 2028 446 2055 dicimus
462 2036 530 2061 esse,
550 2029 595 2056 sed
606 2036 667 2055 cum
689 2028 811 2062 corporis
828 2029 937 2062 opiticio
960 2028 1042 2055 etiam

264 2074 362 2100 anima:
375 2074 549 2107 operationes
564 2074 669 2108 augeri.
686 2072 818 2101 Praecedit
844 2078 933 2099 autem
950 2073 977 2099 in
996 2073 1045 2100 hac

263 2119 350 2154 prima
380 2119 438 2153 ejus
458 2123 596 2146 structura
614 2139 622 2151 ,
643 2126 792 2153 augescens
812 2118 989 2153 nutriensque
1006 2118 1046 2145 fa-

264 2164 350 2191 cultas
377 2164 446 2191 sola.
476 2163 567 2198 Neque
586 2164 657 2191 enim
682 2164 742 2198 plus
765 2164 837 2198 capit
867 2163 1045 2198 suscipientis

266 2210 409 2244 exiguitas.
428 2209 528 2237 Deinde
544 2211 569 2236 in
586 2217 619 2237 eo
642 2210 687 2244 qui
701 2210 726 2235 in
752 2209 839 2236 lucem
854 2210 965 2244 prodiit,
982 2217 1046 2236 sen-

266 2256 348 2283 tiendi
374 2256 534 2283 beneficium
563 2255 644 2290 viget,
664 2260 689 2282 et
704 2256 731 2281 in
749 2255 883 2282 adultioie
907 2254 1046 2281 rationalis

264 2302 352 2329 elucet
365 2301 490 2332 facultas,
507 2308 561 2328 non
579 2305 633 2327 tota
646 2305 734 2327 tamen
755 2300 908 2331 confestim,
921 2300 967 2327 sed
983 2308 1045 2327 cum

264 2349 358 2384 organi
380 2347 545 2381 perfectione
571 2347 681 2377 crescit,
713 2350 843 2380 quantum
860 2345 975 2379 subjecti
1007 2345 1048 2372 fa-

265 2394 352 2421 cultas
379 2393 440 2427 ejus
466 2397 508 2420 est
533 2400 627 2426 capax.
646 2392 757 2418 Constat
782 2391 864 2425 igitur
880 2391 971 2417 anima
994 2399 1047 2418 non

266 2446 368 2471 carere,
394 2439 466 2473 quod
488 2447 503 2466 a
528 2439 636 2465 vivente
653 2438 776 2465 avulsum
794 2444 908 2472 corpore
934 2438 967 2464 ad
989 2438 1049 2463 ani-

266 2484 346 2511 malis
361 2489 484 2511 naturam
505 2484 660 2519 impositum
672 2489 712 2511 est
726 2484 752 2510 in
768 2483 872 2511 oilicina
885 2490 1003 2517 natura

302 2529 448 2556 Sciendum
470 2535 572 2562 autem,
589 2530 661 2565 quod
679 2530 702 2557 si
724 2530 835 2565 quidem
858 2530 910 2557 hoc
924 2534 1008 2565 pacta
1018 2538 1047 2558 se

266 2584 310 2604 res
326 2575 507 2605 liabel,talem
523 2583 537 2602 e
551 2576 609 2603 viro
631 2576 775 2603 ﬂuxionein
798 2580 853 2603 tum
875 2576 984 2603 demum
1001 2575 1048 2602 [ie-

267 2623 302 2655 ri,
316 2629 378 2649 cuni
392 2619 462 2647 Deus
490 2619 626 2647 hominem
640 2621 762 2655 generari
786 2621 914 2648 voluerit.
930 2620 977 2647 Sin
998 2628 1048 2648 au-

267 2673 333 2700 tem,
352 2666 483 2695 inutiliter
505 2665 624 2697 efﬂuere,
637 2667 745 2695 tametsi
762 2671 954 2694 extraneorum
970 2666 1047 2701 quis-

269 2714 338 2747 piam
364 2713 417 2740 hoc
437 2711 562 2739 fortassis
593 2710 741 2738 absurdum
766 2712 844 2739 dicet.
862 2711 963 2739 Volunt
977 2711 1049 2738 enim

304 2792 360 2828 (97)
384 2792 449 2826 Cap.
474 2790 509 2818 29
533 2790 593 2818 libri
618 2790 655 2818 De
684 2791 796 2818 hominis
819 2790 939 2824 opiﬁcio,
963 2789 1051 2824 quoad

271 2834 511 2895 se?3¥?"l¢rréor,
526 2869 551 2887 κ.
569 2869 593 2888 τ.
610 2861 634 2889 λ.
657 2861 718 2888 Haec
731 2860 840 2889 Caesarii
855 2867 908 2887 non
921 2863 994 2891 sunt,
1015 2859 1052 2885 uti

757 138 786 164 S.
808 137 967 169 CAESAR",
975 137 1138 166 GREGOBII
1157 136 1316 168 FRATRIS,

1795 131 1874 159 1080

1068 204 1148 242 ρος,
1183 193 1357 230 ὑδραγωγίας
1383 192 1513 227 αἵματοςὶ
1543 191 1650 225 οἴκησιν
1678 189 1724 216 τοῦ
1752 187 1869 242 θερμοῦ,

1083 241 1202 267 ἑστίασιν
1217 240 1264 267 τοῦ
1278 238 1391 274 ψυχροῦ,
1412 238 1459 265 καὶ
1473 238 1523 264 ὅσα
1549 235 1658 272 ἰατρικῇ
1681 234 1871 269 πεφιλοσόφη-

1084 294 1145 312 ται·
1162 283 1199 312 ὦν
1212 286 1257 312 τὸν
1271 285 1347 319 λόγον
1367 282 1522 317 καταλείψω
1537 278 1592 313 τοῖς
1605 281 1668 316 περὶ
1684 279 1770 314 αὐτὴν
1787 279 1871 313 ἔσχον

1084 331 1202 358 λακόσιν.

1087 474 1142 502 Τοῦ
1153 472 1419 510 ἁγίουγΓφηγρρίου
1430 470 1483 509 {ei}
1498 470 1635 510 ζνύσξνης.
1644 465 1681 510 fit
1692 466 1747 507 τρῦ
1758 465 1804 510 ᾄτι
1815 467 1875 501 pla

1119 503 1202 541 καὶῆ
1218 503 1293 541 αὑτὴ
1310 503 1392 533 alita
1413 504 1468 539 τῆς
1490 503 1591 538 ψυχῆς
1607 503 1720 530 καὶτοῦ
1732 503 1875 536 adipata;-

1119 543 1285 577 ὑπάρξεως.

1121 590 1226 623 Ὥσπερ
1241 588 1269 614 ὲν
1286 586 1325 622 τῷ
1342 586 1407 620 σίτῳ
1427 584 1516 620 φαμὲν
1535 584 1607 610 ἅπαν
1627 579 1696 609 εἶναι
1757 582 1877 617 δυνάμει

1086 635 1115 662 τὸ
1127 635 1198 662 κατὰ
1212 634 1257 660 τὸν
1274 633 1374 667 στάχυν
1388 629 1469 662 εἶδος,
1491 629 1535 655 τὸν
1548 629 1653 663 χόρτον,
1668 628 1717 662 τὴν
1732 627 1875 661 καλάμην,

1060 707 1067 709 _
1085 680 1134 711 τὰς
1158 679 1203 705 διὰ
1233 679 1314 714 μέσου
1331 676 1429 709 ζώνας,
1457 674 1502 701 τὸν
1528 673 1651 708 καρπὸν,
1668 672 1731 703 τοὺς
1757 671 1876 706 ἀθέρας,

1087 726 1133 752 καὶ
1143 724 1219 751 οὐδὲν
1234 723 1334 750 τούτων
1353 722 1382 747 ὲν
1398 720 1435 755 τῷ
1446 720 1495 755 τῆς
1515 719 1621 753 φύσεως
1640 718 1711 752 λόγῳ
1727 717 1878 753 προϋπάρ-

1088 780 1154 807 χειν,
1182 770 1198 805 ἢ
1224 767 1414 804 προσγίνεσθαι
1445 766 1479 800 τῇ
1505 764 1584 799 φύσει
1617 763 1663 790 τοῦ
1694 763 1876 798 σπέρματος-

1088 816 1155 843 άλλὰ
1181 815 1256 848 τάξει
1295 813 1395 847 φυσικῇ
1437 810 1471 836 τά
1501 808 1632 844 εἰρημένα
1670 807 1875 843 φανεροῦσθαι·

1088 862 1159 889 οὕτω
1175 861 1203 887 δὲ
1224 859 1270 886 καὶ
1298 859 1344 885 ἐπὶ
1370 857 1419 892 τῆς
1443 854 1615 890 ἀνθρωπίνης
1635 855 1756 890 σπορᾶς,
1783 854 1877 889 φαμὲν

1088 909 1116 934 ἐν
1130 908 1162 942 τῇ
1184 906 1234 940 τῆς
1257 904 1409 934 συστάσεως
1424 901 1545 936 ἀφορμῇ,
1571 900 1798 934 συνεσπαρμένην
1824 901 1876 935 τὴν

1088 955 1137 988 τῆς
1165 952 1268 986 φύσεως
1294 950 1423 984 δύναμιν·
1454 946 1634 980 ὲξαπλοῦσθαι
1660 946 1689 972 δὲ
1717 946 1762 972 καὶ
1791 954 1878 979 φανε-

1091 997 1202 1034 ροῦσθαι
1223 996 1266 1022 διὰ
1293 996 1341 1030 τῆς
1366 994 1482 1028 φυσικῆς
1502 993 1669 1024 ἀκολουθίας,
1686 992 1756 1018 κατὰ
1778 991 1828 1027 μὲν
1844 992 1877 1034 το

1090 1047 1113 1070 α’
1138 1043 1205 1069 Θεοῦ
1230 1042 1378 1077 βουλήματι
1406 1040 1636 1075 καταϐληθεῖσαγ,
1663 1037 1732 1064 κατὰ
1754 1037 1784 1063 δὲ
1806 1036 1838 1063 τὸ
1855 1033 1880 1073 β’

1090 1090 1118 1115 ὲν
1127 1090 1185 1119 ταῖς
1195 1087 1243 1123 τῆς
1253 1087 1384 1121 γενέσεως
1397 1086 1533 1121 ἀφορμαῖς
1544 1083 1750 1118 συνισταμένην.
1765 1082 1810 1113 Ὠς
1820 1083 1877 1117 γὰρ

1091 1135 1140 1161 οὐκ
1152 1134 1208 1160 ἔστι
1219 1133 1267 1169 τὴν
1275 1132 1546 1168 καταδιανθρώπησιν
1556 1131 1619 1157 ἰδεῖν
1627 1130 1655 1156 ὲν
1673 1129 1711 1163 τῷ
1727 1128 1795 1163 πρὸς
1813 1128 1877 1153 σύλ-

1091 1179 1172 1215 ληψιν
1185 1178 1230 1205 τοῦ
1244 1177 1368 1213 σώματος
1377 1176 1549 1211 ἐντιθεμένῳ,
1564 1175 1617 1210 πρὸ
1628 1175 1676 1209 τῆς
1688 1173 1859 1204 διαπλάσεως
1868 1181 1875 1188 ·

1092 1224 1177 1255 οὕτως
1192 1223 1252 1249 οὐδὲ
1268 1223 1316 1253 τὰς
1326 1223 1375 1256 τῆς
1393 1220 1482 1256 ψυχῆς
1499 1220 1632 1254 ἰδιότητας
1645 1220 1672 1245 ἐν
1687 1218 1725 1253 τῷ
1737 1218 1812 1254 αὺτῷ
1828 1218 1875 1244 δυ-

1093 1269 1170 1296 νατόν
1183 1270 1240 1295 ἐστι
1251 1267 1425 1301 κατανοῆσαι,
1440 1266 1504 1301 πρὶν
1517 1264 1656 1301 προελθεῖν
1671 1265 1709 1295 si;
1724 1264 1876 1297 ἐνέργειαν.

1094 1315 1147 1341 Καὶ
1164 1314 1256 1347 ὥσπερ
1270 1313 1299 1338 τὸ
1317 1311 1423 1337 ἐντεθὲν
1442 1312 1528 1337 ἐκεῖνο
1546 1312 1576 1336 ὲκ
1591 1310 1639 1345 τῆς
1662 1310 1692 1335 ὲν
1706 1308 1781 1343 αὐτῷ
1803 1308 1879 1334 δυνά-

1096 1366 1168 1393 μεως
1195 1357 1262 1391 πρὸς
1286 1355 1374 1390 ἄρθρα
1407 1355 1453 1382 καὶ
1489 1355 1631 1389 σπλάγχνα
1662 1352 1875 1388 σχηματίζεται·

1087 1401 1165 1427 ὀὕτω
1185 1399 1232 1426 καὶ
1251 1400 1314 1435 περὶ
1336 1399 1425 1433 ψυχῆς
1445 1400 1556 1425 νοεῖται.
1577 1399 1606 1424 Εἰ
1625 1398 1678 1433 γὰρ
1693 1398 1740 1424 καὶ
1761 1398 1793 1424 τὸ
1808 1394 1878 1429 εἶδος

1094 1446 1141 1472 τοῦ
1171 1445 1310 1481 μέλλοντος
1341 1444 1512 1470 συνίστασθαι
1543 1443 1694 1479 ἀνθρώπου,
1724 1445 1754 1470 ἐν
1786 1442 1879 1478 ἐκείνῃ

1095 1491 1153 1517 ἐστὶ
1161 1492 1193 1526 τῇ
1201 1492 1321 1526 δυνάμει,
1328 1490 1452 1517 λανθάνει
1459 1488 1487 1514 δὲ
1494 1488 1537 1514 διὰ
1545 1488 1575 1515 τὸ
1584 1487 1706 1524 πρδςτῆς
1717 1487 1878 1519 ἀκολουθίας

1097 1536 1201 1571 ἄδηλον,
1213 1536 1261 1563 καὶ
1272 1536 1369 1571 ἡψυχή
1381 1537 1452 1562 ἐστιν
1465 1536 1493 1561 ἐν
1504 1535 1600 1569 ὲκείνῳ
1610 1534 1656 1560 καὶ
1667 1534 1703 1569 μὴ
1715 1532 1876 1567 φαινομένη.

1092 1581 1242 1616 Φανήσεται
1270 1581 1344 1616 δὲτῇ
1372 1581 1514 1616 σωματικῇ
1541 1579 1651 1614 αὐξήσει
1675 1577 1875 1612 συμπροῖοῦσα.

1098 1626 1174 1652 Ἐπεὶ
1195 1626 1223 1652 δὲ
1247 1625 1276 1658 ἐξ
1290 1626 1412 1660 ἐμψύχου
1429 1626 1476 1652 καὶ
1497 1625 1598 1657 ζῶντος
1616 1626 1632 1659 ἡ
1648 1624 1712 1659 προς
1734 1623 1783 1657 τὴν
1808 1622 1874 1648 σύλ-

1091 1670 1170 1706 ληψιν
1184 1670 1337 1705 ἐκκρίνεται
1354 1669 1476 1704 δύναμις,
1493 1669 1523 1695 οὐ
1545 1668 1575 1695 τὸ
1591 1668 1691 1702 ἄψυχον
1713 1665 1781 1692 εἶναι
1794 1665 1825 1691 ’τὸ
1836 1665 1876 1696 εἰς

1093 1716 1164 1752 ζωὴν
1189 1716 1360 1751 προϊέμενον,
1388 1716 1434 1742 καὶ
1461 1714 1554 1749 ὥσπερ
1578 1713 1648 1740 κατὰ
1671 1712 1701 1739 τὸ
1721 1711 1875 1746 σωματικὸν

1093 1760 1185 1791 αὑτοῦ,
1204 1762 1234 1786 οὐ
1249 1760 1337 1795 σάρκα
1354 1760 1443 1794 φαμὲν
1460 1758 1527 1785 αὐτὸ
1547 1758 1594 1784 καὶ
1611 1757 1702 1789 ὀστέα,
1718 1757 1767 1782 καὶ
1783 1755 1874 1791 τρὶχας

1094 1807 1185 1833 καὶτὰ
1202 1807 1293 1837 λοιπὰ,
1316 1806 1382 1832 ἀλλὰ
1398 1807 1430 1841 τῇ
1451 1805 1562 1840 δυνάμει
1586 1805 1701 1831 ἕκαστον
1726 1802 1773 1828 τοῦ
1789 1800 1873 1828 εἶναι’

1092 1852 1178 1882 οὕτως
1198 1851 1244 1877 καὶ
1264 1851 1309 1876 ἐπὶ
1325 1850 1372 1876 τοῦ
1387 1849 1502 1885 ψυχικοῦ
1514 1870 1520 1881 ,
1536 1848 1612 1876 οὔπω
1627 1847 1657 1874 τὸ
1672 1847 1793 1881 λογικὸν,
1806 1846 1835 1872 οὗ
1847 1844 1876 1871 τὸ

1093 1897 1218 1932 θυμικὸν,
1242 1896 1300 1922 οὐδὲ
1327 1896 1358 1922 τὸ
1379 1895 1597 1930 ἐπιθυμητικὸν,
1619 1893 1666 1920 κα)⁸
1683 1893 1717 1919 τὰ
1740 1892 1822 1918 λοιπὰ
1845 1891 1877 1917 τὰ

1094 1942 1158 1977 περὶ
1172 1942 1258 1976 ψυχὴν
1279 1942 1307 1967 ἐν
1327 1941 1423 1975 ἐκείνῳ
1440 1937 1519 1972 εἶναι,
1538 1940 1605 1978 ἀλλὰ
1632 1941 1665 1975 τῇ
1693 1939 1740 1966 τοῦ
1757 1938 1876 1973 σώματος

1095 1988 1261 2021 κατασκευῇ,
1278 1986 1324 2012 καὶ
1340 1986 1389 2017 τὰς
1409 1986 1457 2021 τῆς
1472 1986 1560 2021 ψυχῆς
1586 1984 1725 2020 ἐνεργείας
1749 1982 1877 2014 συναυξά-

1095 2032 1198 2059 νεσθαι.
1215 2033 1377 2067 Προηγείται
1397 2032 1425 2058 δὲ
1440 2033 1468 2057 ὲν
1483 2031 1578 2067 πρώτῃ
1598 2031 1755 2065 κατασκευῇ
1768 2030 1784 2064 ἡ
1797 2028 1877 2062 aegr}-

1094 2078 1156 2113 τική
1185 2086 1214 2104 τε
1231 2078 1277 2104 καὶ
1297 2077 1429 2113 θρεπτικὴ
1455 2076 1522 2112 μόνη
1545 2076 1668 2111 δύναμις.
1692 2076 1730 2102 Οὐ
1747 2075 1802 2110 γὰρ
1829 2082 1879 2109 χω-

1097 2123 1139 2158 ρεῖ
1157 2121 1237 2148 πλέον
1251 2123 1267 2156 ὴ
1295 2121 1340 2147 τοῦ
1363 2121 1506 2155 δεχομένου
1527 2121 1674 2156 βραχύτης.
1698 2117 1766 2145 Εἶτα
1783 2118 1879 2153 προελ-

1098 2168 1170 2194 θόντι
1187 2168 1225 2198 εἰς
1243 2166 1318 2202 φῶς,
1336 2167 1351 2201 ἡ
1377 2166 1519 2201 αἰσθητικὴ
1537 2166 1616 2200 χάρις
1640 2165 1762 2197 ἐπανθεῖ,
1780 2164 1879 2198 ἀνδρω-

1099 2213 1171 2240 θέντι
1188 2213 1216 2239 δὲ
1235 2214 1251 2248 ἡ
1273 2212 1368 2247 λογικὴ
1380 2211 1525 2246 διαλάμπει
1548 2211 1677 2245 δύναμις”
1704 2210 1735 2236 οὐ
1757 2211 1832 2236 πᾶσα
1853 2209 1879 2234 δὲ

1098 2258 1213 2294 ἀθρόως,
1228 2257 1295 2284 ἀλλὰ
1308 2259 1341 2293 τῇ
1361 2257 1406 2283 τοῦ
1421 2257 1536 2294 ὀργάνου
1550 2255 1688 2282 τελειώσει
1702 2255 1877 2287 συναύξουσι,

1098 2304 1159 2330 ὅσον
1176 2304 1258 2338 χωρεῖ
1283 2302 1330 2329 τοῦ
1354 2302 1532 2337 ὑποκειμένου
1560 2302 1575 2337 ἡ
1593 2301 1716 2336 δύναμις.
1737 2300 1823 2336 Δῆλον
1837 2297 1879 2325 οὖν

1098 2349 1135 2381 ὡς
1153 2349 1202 2375 οὐκ
1218 2348 1318 2383 ἄψυχον
1332 2348 1361 2374 τὸ
1374 2349 1406 2375 ἐκ
1419 2347 1465 2374 τοῦ
1478 2347 1577 2379 ζῶντος
1592 2346 1768 2373 ἀποσπασθὲν
1793 2345 1880 2380 σώμαι

1099 2403 1155 2427 τος,
1166 2394 1233 2429 πρὸς
1247 2394 1296 2430 τὴν
1306 2393 1352 2421 τοῦ
1363 2393 1430 2426 ζώου
1444 2393 1524 2427 φύσιν
1535 2392 1644 2427 ὲνετέθη
1657 2392 1695 2427 τῷ
1710 2391 1881 2427 ὲργαστηρῖῳ

1099 2440 1146 2475 τῆς
1166 2440 1281 2474 φύσεως.

1137 2528 1202 2563 (97')
1220 2527 1316 2555 Ἰστέον
1328 2527 1366 2560 δὲ,
1380 2528 1403 2554 εἰ
1415 2527 1500 2559 οὓτως
1513 2527 1579 2562 ἕχει,
1595 2527 1654 2553 τότε
1671 2526 1784 2561 τοιαύτη
1814 2527 1884 2560 γίνε-

1100 2583 1145 2600 ται
1157 2575 1172 2609 ἡ
1186 2574 1218 2599 ὲκ
1234 2572 1280 2599 τοῦ
1299 2572 1393 2607 ἀνδρὸς
1415 2572 1508 2607 ἔκροια
1519 2592 1526 2604 ,
1543 2572 1587 2598 ὅτε
1602 2572 1616 2597 ὁ
1631 2570 1698 2602 Θεὸς
1714 2570 1825 2605 θελήσει
1842 2578 1885 2603 γε-

1102 2619 1193 2646 νέσθαι
1219 2618 1379 2653 ἄνθρωπον·
1411 2618 1434 2643 εἰ
1460 2617 1488 2643 δὲ
1518 2617 1566 2652 μὴ,
1592 2616 1649 2643 ἔστι
1675 2616 1775 2650 κωφή·
1791 2617 1816 2642 εἰ
1840 2615 1885 2642 καὶ

1103 2664 1154 2697 ἔξω
1167 2664 1244 2690 τοῦτο
1263 2663 1373 2694 εἰκότως
1398 2662 1472 2688 λαλεῖ
1491 2671 1532 2693 τις
1556 2661 1610 2688 τῶν
1635 2661 1705 2694 ἔξω.
1734 2661 1885 2696 ωμὸάλλε-

1104 2710 1164 2736 σθαι
1180 2709 1209 2735 τὸ
1223 2708 1290 2735 θῖπλυ
1304 2708 1371 2743 πρὸς
1385 2707 1531 2742 ζωογονίαν
1553 2706 1591 2742 τῷ
1610 2708 1643 2733 ὲκ
1663 2706 1710 2733 τοῦ
1726 2706 1823 2742 ἀνδρὸς
1839 2707 1884 2733 ὲκ-

1106 2796 1156 2816 ηοο
1175 2788 1304 2823 Nysscni,
1326 2787 1373 2823 sed
1395 2787 1530 2823 alterius,
1547 2786 1580 2813 ad
1596 2785 1757 2814 sententiam
1772 2784 1887 2821 Nysseni

1106 2821 1226 2859 quirdain
1240 2822 1400 2858 adjicientis.
1422 2821 1499 2849 Εωτ.
1514 2821 1606 2850 ΡΑωι.
