3996 6202
294 303 430 365 WB!

297 512 671 586 παρεχόμενον
707 514 807 586 τὴν
829 516 937 571 τῶν
976 521 1329 591 καταμηνίων
1356 524 1546 578 παισὶν
1573 512 1863 596 ὑγρασίαν,

290 598 493 676 οἷάπερ
532 606 657 679 τινὰ
703 601 901 678 χαλκὸν
937 608 1017 681 τῷ
1059 611 1502 685 ἀνδριαντοποιῷ.
1549 616 1714 671 οὐδὲν
1759 617 1869 689 γὰρ

295 694 548 764 προίεται
593 695 627 765 ή
682 694 819 767 γυνὴ
867 698 1116 770 σπέρμα,
1167 701 1281 755 ἀλλ’
1308 703 1576 776 ἄχρηστόν
1606 723 1659 759 τι
1704 706 1870 778 ὑγρὸν

294 782 641 855 συμϐεϐηκὸς
682 788 795 851 τοῖς
846 788 1049 854 τόποις.
1086 791 1257 846 Ἐστι
1305 793 1361 849 δέ
1414 793 1476 847 τδ
1520 795 1612 849 τοῦ
1643 795 1871 868 ἄρρενος

293 874 517 946 σπέρμα
536 871 647 929 οἷον
661 876 989 949 δημιουργὸν
1011 882 1104 935 καὶ
1118 882 1290 955 ἀρχὴν
1309 886 1571 957 κινήσεως
1588 885 1866 957 ἐμποιοῦν,

292 965 483 1039 ὥσπερ
534 968 626 1023 ἐπὶ⁸
648 970 759 1041 τῆς,
786 969 987 1036 πιτύας
1036 973 1251 1044 δρῶμεν
1279 975 1377 1045 τῆς
1427 975 1766 1047 ςυναγούσης
1808 976 1868 1030 τὸ

298 1052 463 1120 γάλα.
525 1054 681 1109 Οὕτω
718 1056 815 1109 καὶ
851 1057 913 1110 τὸ
951 1058 1170 1131 σπέρμα
1208 1061 1373 1116 πεσὸν
1424 1065 1498 1126 εἰς
1560 1064 1658 1134 τὴν
1692 1064 1867 1138 ὑγρὰν

293 1143 547 1213 μίσγεται
580 1146 661 1218 τῷ
689 1144 1057 1222 καθαρωτέρῳ
1091 1151 1191 1220 τῆς
1212 1150 1429 1222 θηλείας
1463 1153 1863 1225 περιττώματι.

293 1233 452 1288 Τδδέ
496 1235 697 1289 συστὰν
742 1236 803 1291 ἐν
839 1239 911 1308 τῇ
960 1240 1141 1310 μήτρα
1189 1241 1336 1311 λέγει
1387 1244 1482 1298 καὶ
1524 1244 1703 1317 ψυχῆς
1745 1263 1870 1318 μετ-

295 1325 466 1394 έχειν,
521 1326 581 1379 οὐ
628 1325 841 1391 τελείας
878 1327 954 1392 δέ,
1008 1328 1142 1384 ἀλλὰ
1182 1331 1286 1400 τῆς
1322 1331 1641 1405 θρεπτικῆς.
1680 1336 1869 1392 Καθά-

293 1430 403 1485 περ
453 1412 561 1486 γὰρ
607 1415 675 1468 τὰ
728 1416 874 1485 φυτά
929 1418 988 1470 ἐν
1050 1421 1115 1489 τῇ
1178 1422 1274 1491 γῇ,
1317 1421 1461 1476 οὕτω
1508 1423 1608 1496 ζῇν
1658 1426 1754 1480 καὶ
1793 1426 1869 1480 ’τὸ

288 1503 550 1576 ἔμϐρυον,
579 1502 706 1577 ῥίζῃ
737 1504 1015 1576 χρώμενον
1046 1507 1125 1579 τῷ
1163 1508 1392 1581 ὀμφαλῷ
1420 1513 1485 1565 ἐκ
1528 1515 1627 1583 τῆς
1653 1516 1868 1586 μήτρας

289 1593 393 1667 τὴν
416 1594 578 1666 ὁλκὴν
604 1595 709 1665 τῆς
755 1596 962 1668 τροφῆς
994 1599 1284 1654 ποιεῖσθαι.
1343 1601 1513 1667 Ἑξιδν
1549 1604 1606 1658 δὲ
1651 1606 1743 1659 καὶ
1767 1606 1867 1678 τήν

290 1683 611 1756 αἰσθητικὴν
665 1685 976 1755 ἐπικτᾶται,
1030 1688 1125 1742 καὶ
1188 1685 1350 1757 αὖξον
1405 1691 1723 1758 συναύξεται
1764 1696 1864 1750 αὐ-

289 1774 370 1847 τῷ
440 1776 532 1829 καὶ
564 1776 596 1846 ή
652 1775 840 1847 λογική
872 1778 965 1831 καὶ
997 1778 1177 1851 ’νοερὰ
1209 1781 1459 1853 ἐνέργεια
1515 1784 1612 1855 τῆς
1662 1784 1859 1858 ψυχῆς.

294 1864 454 1919 Ἐστι
482 1865 591 1935 γὰρ
610 1867 669 1919 ἐν
698 1866 775 1937 τῷ
810 1867 1085 1939 σπέρματι
1110 1869 1288 1940 ψυχῆς
1319 1888 1371 1925 τι
1409 1872 1594 1947 μόριον
1624 1876 1684 1927 τὺ
1709 1873 1862 1945 λεγό-

294 1974 455 2028 μενον
511 1957 736 2021 ζωτικὸν
786 1958 1023 2030 θερμὸν,
1074 1960 1368 2029 ἀναλογοῦν
1432 1967 1499 2035 τῇ
1568 1964 1861 2037 θερμότητι

289 2048 386 2103 τοῦ
431 2048 614 2119 ἡλίου·
664 2049 849 2122 ἐπειδὴ
889 2051 1071 2124 ἐκείνη
1101 2052 1335 2124 ζωτικὴν
1378 2053 1577 2126 ἔχουσα
1629 2056 1861 2129 δύναμιν

291 2140 564 2207 ζωογονεῖ.
588 2139 948 2195 Διατυποῦται
974 2142 1029 2195 δὲ
1060 2142 1274 2214 πρῶτον
1305 2146 1337 2216 ή
1366 2147 1580 2217 καρδία,
1607 2149 1727 2218 ἣτις
1767 2151 1860 2203 καλ⁵

290 2230 546 2300 τελευτὴν
590 2230 887 2301 φθείρεται.
950 2232 1221 2299 Ὡσαύτως
1275 2236 1369 2289 καὶ
1409 2236 1475 2290 τὰ
1530 2237 1690 2292 λοιπά
1718 2241 1860 2294 ἐντό-

293 2320 418 2374 σθια
469 2321 574 2394 πρὸ
631 2321 741 2374 τῶν
794 2323 948 2386 ἐκτὸς
985 2323 1367 2396 διαρθροῦται,
1408 2327 1503 2381 καὶ
1545 2329 1742 2398 μᾶλλον
1792 2332 1861 2384 τὰ

291 2410 406 2465 ἄνω
439 2410 533 2464 τοῦ
570 2411 930 2484 διαζώματος.
995 2414 1419 2485 Ἐσχημάτισται
1467 2418 1526 2472 δὲ
1558 2421 1616 2471 ἐν
1640 2424 1705 2491 τῇ
1759 2422 1862 2492 μή-

288 2519 397 2574 τρᾳ
440 2505 469 2556 ὁ
499 2503 801 2575 ἄνθρωπος,
856 2505 950 2574 τὴν
1012 2507 1106 2579 μὲν
1178 2509 1296 2578 ῥῖνα
1328 2509 1491 2579 μέσον
1541 2511 1651 2565 τῶν
1699 2512 1860 2581 γονά-

290 2610 400 2648 των
434 2594 590 2665 ἔχων,
626 2597 752 2659 τοὺς
789 2595 1101 2668 ὀφθαλμοὺς
1140 2598 1234 2651 ἐπὶ
1278 2602 1391 2663 τοῖς
1444 2601 1677 2669 γόνασιν.
1745 2603 1861 2657 Ἐν-

294 2689 501 2760 ισχύειν
536 2690 594 2743 δὲ
636 2690 697 2744 τὸ
733 2690 969 2762 ἔμϐρυον
1001 2690 1245 2762 ἄρχεται,
1294 2692 1384 2745 ὅτε
1420 2696 1454 2765 ή
1483 2694 1731 2765 ἁνακοπὴ
1753 2695 1862 2749 τῶν

293 2780 645 2851 καταμηνίων
674 2782 766 2835 ἐπὶ
803 2781 931 2845 τοὺς
970 2783 1206 2852 μαστοὺς
1253 2783 1334 2847 είς
1367 2784 1505 2852 γάλα
1532 2785 1862 2856 μεταϐάλλε-

289 2888 402 2925 ται.
438 2873 709 2925 Ἴστανται
751 2872 949 2927 αὐτίκα
982 2875 1103 2936 ταῖς
1147 2872 1388 2942 γυναιξὶν
1425 2877 1481 2928 al
1525 2875 1737 2929 ναυτίαι
1770 2877 1864 2929 καλ⁵

290 2959 345 3012 οἱ
393 2959 605 3030 ἔμετοι*
640 2960 806 3031 ἄρῤεν
844 2960 899 3014 δέ
952 2960 1200 3030 γίνεται,
1252 2962 1302 3014 εί
1353 2963 1701 3034 πεπεμμένον
1748 2965 1865 3018 ἐστὶ

294 3048 358 3102 τδ
387 3046 481 3101 τοῦ
514 3048 740 3120 ἄρρενος
780 3047 1016 3119 σπέρμα.
1060 3048 1218 3103 Ὅθεν
1260 3051 1309 3102 οἱ
1350 3051 1456 3104 νέοι
1490 3054 1582 3106 καὶ
1621 3054 1668 3106 οἱ
1722 3070 1859 3125 πρε-

296 3135 547 3208 σϐύτεροι
596 3136 672 3201 ὡς
703 3136 930 3191 ἐπιπολὺ
975 3136 1255 3207 θηλυγόνοι
1281 3155 1293 3169 ’
1324 3139 1415 3193 τὸν
1446 3141 1502 3193 δὲ
1530 3141 1864 3213 πλεονασμὸν

293 3225 330 3298 ἢ
349 3227 448 3299 τὴν
478 3226 651 3296 λεῖψιν
686 3226 933 3296 γίνεσθαι
971 3227 1029 3280 ἐν
1058 3245 1169 3281 τισι
1215 3232 1424 3301 μορίοις
1453 3232 1602 3304 παρὰ
1640 3232 1738 3306 τὴν
1765 3234 1864 3306 τῆς

298 3316 431 3389 ὕλης
481 3316 713 3387 ἔλλειψιν
756 3317 787 3390 ἦ
838 3317 1206 3390 πλεονασμόνσ
1250 3320 1348 3392 τὴν
1396 3322 1450 3375 δὲ
1486 3323 1579 3377 τοῦ
1620 3326 1866 3396 σπέρμα-

295 3423 390 3471 τος
433 3407 674 3480 ἔκκρισιν
711 3408 776 3460 ἐκ
812 3408 920 3461 τῶν
946 3410 1072 3479 περὶ
1103 3410 1201 3480 τὴν
1236 3412 1477 3483 κεφαλὴν
1507 3412 1751 3482 γίνεσθαι
1781 3416 1869 3469 τό·

298 3516 420 3553 πων
440 3539 454 3561 ,
483 3498 556 3562 ὡς
588 3499 745 3570 δῆλον
771 3500 835 3552 ἐκ
876 3498 969 3553 τοῦ
1012 3498 1371 3553 κοιλαίνεσθαι
1410 3503 1530 3565 τοὺς
1560 3502 1869 3574 ὀφθαλμοὺς

295 3586 407 3640 τῶν
436 3587 658 3640 πλεῖστα
680 3588 1134 3652 συνουσιαζόντων
1154 3630 1167 3643 .
1211 3591 1554 3658 Συγκινεῖται
1573 3591 1630 3644 δὲ
1661 3596 1726 3664 τῇ
1756 3593 1867 3647 δια-

297 3679 418 3750 νοίᾳ
467 3680 500 3750 ἡ
533 3680 734 3751 μήτρα,
768 3680 844 3743 ὼς
872 3681 964 3733 καὶ
1002 3680 1062 3733 τὸ
1104 3680 1197 3733 τοῦ
1246 3680 1471 3753 ἆρῤενος
1518 3681 1743 3735 αἰδοῖον·
1768 3700 1865 3737 πο-

296 3769 357 3823 τὲ
396 3769 455 3823 δὲ
483 3772 577 3824 καὶ
608 3771 1006 3842 ἀπροαιρέτως·
1033 3771 1228 3842 δίδυμα
1256 3772 1313 3825 δὲ
1343 3772 1549 3840 γίνεται
1587 3772 1726 3826 κατὰ
1750 3774 1866 3843 σχί-

296 3875 384 3913 σιν
410 3860 502 3913 τοῦ
531 3861 842 3933 σπέρματος
872 3862 929 3915 ἐν
954 3864 1015 3933 τῇ
1047 3863 1228 3935 μήτρᾳ
1247 3880 1261 3894 ’
1288 3865 1337 3916 εἰ
1366 3864 1462 3934 μὲν
1493 3863 1862 3935 πεπεμμένον,

297 3951 507 4021 ἇρρενα
547 3950 677 4018 δύο,
739 3950 789 4003 εί
848 3951 906 4006 δὲ
972 3953 1080 4023 μὴ,
1135 3952 1459 4008 τούναντίον.
1510 3953 1750 4007 Γίνονται
1808 3953 1867 4006 δὲ

298 4044 397 4095 καὶ
446 4042 566 4096 κατ’
624 4042 1012 4114 ἐπισύλληψινο
1063 4042 1183 4096 ὅθεν
1244 4044 1500 4107 πολλάκις
1554 4045 1648 4098 καὶ
1702 4044 1866 4115 ἄρσεν

297 4135 398 4189 καὶ
445 4133 577 4205 θῆλυ
653 4134 881 4204 γίνεται.
947 4133 1224 4206 Τρόφιμον
1276 4134 1333 4187 δὲ
1381 4136 1552 4203 γάλα,
1610 4136 1669 4188 τὸ
1721 4142 1865 4207 παχὺ

298 4227 396 4281 καὶ
426 4228 613 4299 κιρῤόν
634 4244 647 4257 ·
678 4228 773 4282 καὶ
815 4228 971 4298 δῆλον
999 4230 1063 4283 ἐκ
1105 4228 1213 4282 τῶν
1246 4229 1441 4298 τυρῶν.
1477 4230 1554 4282 Δι’
1587 4230 1727 4283 ἐπτά
1763 4249 1867 4303 μη-

299 4319 410 4374 νῶν
462 4320 596 4389 γυνὴ
649 4319 927 4386 πολλάκις,
966 4319 1041 4384 ὡς
1089 4321 1314 4374 ἐπιπολὺ
1352 4321 1408 4374 δὲ
1441 4321 1613 4385 ἐννέα,
1672 4322 1867 4378 πολλά-

302 4427 392 4473 κις
420 4410 477 4463 δὲ
518 4416 569 4473 ι’,
612 4409 990 4481 προσλαϐοῦσα
1011 4450 1025 4475 ,
1061 4413 1152 4464 καὶ
1200 4414 1265 4464 ἐκ
1297 4410 1391 4463 τοῦ
1430 4418 1496 4465 ια’
1527 4412 1681 4483 μόλις
1713 4413 1863 4467 ποτέ.

306 4500 380 4554 Ἦ
402 4503 490 4574 ζῇ,
535 4503 568 4574 ἢ
612 4504 755 4570 τέξει
786 4504 876 4557 τὸν
908 4503 1234 4574 καλούμενον
1267 4504 1452 4574 μύλον,
1483 4505 1541 4569 ὃς
1583 4506 1699 4559 ἐστι
1732 4505 1868 4579 σὰρξ

302 4591 618 4664 σκληρὰ,ἢ
675 4592 1020 4648 κινδυνεύσει.
1067 4594 1201 4663 Περὶ
1226 4593 1310 4661 ,τὰ
1357 4593 1727 4665 δεκατέσσαρα
1770 4596 1864 4666 ἐτη

302 4683 700 4753 μεταϐάλλουσι
746 4684 844 4746 τάς
892 4682 1031 4748 ἕξεις
1051 4685 1100 4736 οἱ
1142 4683 1367 4755 spesve;
1408 4686 1500 4738 καὶ
1531 4686 1587 4739 αἱ
1627 4685 1865 4756 θήλειαιο

297 4773 365 4837 ἐξ
393 4773 627 4827 εὐεκτῶν
672 4773 1023 4827 κακοεύεκτοι
1065 4772 1358 4844 γινόμενοι,
1392 4773 1485 4826 καὶ
1529 4774 1829 4828 τούναντίον
1853 4818 1867 4830 .

300 4864 441 4917 Τότε
477 4864 570 4918 καὶ
604 4868 722 4928 ταῖς
757 4863 996 4934 θηλείαις
1023 4864 1092 4917 τὰ
1119 4863 1260 4918 κατὰ
1282 4849 1461 4935 ’μῆνας
1486 4864 1732 4935 ἄρχεται,
1760 4868 1872 4930 τοῖς

299 4954 362 5011 δὲ
409 4954 606 5026 ἄρρεσι
646 4953 707 5005 τὸ
746 4955 969 5027 σπέρμα
992 4992 1008 5018 ,
1038 4954 1132 5009 καὶ
1178 4956 1212 5027 ή
1264 4955 1415 5025 φωνὴ
1470 4953 1792 5026 βαρύνεται·
1824 4957 1873 5009 οἱ

299 5046 498 5119 μαστοὶ
515 5046 572 5100 δὲ
597 5047 690 5100 καὶ
708 5048 778 5100 τὰ
804 5047 975 5100 αἰδοῖα
1000 5045 1248 5111 αὔξονται
1268 5063 1281 5076 ·
1314 5044 1574 5118 δύσχρους
1598 5047 1654 5102 δέ
1676 5048 1711 5119 ἡ
1735 5049 1872 5121 γυνὴ

298 5134 403 5192 ἐὰν
437 5136 573 5209 θῆλυ
601 5138 801 5209 κυῆσαι
835 5137 1024 5212 μέλλῃ.

1665 309 2013 375 υιΑιοθυε
2044 315 2132 372 ΙΙΙ.

297 426 472 498 ρέοντι
488 464 512 531 ἶ
574 424 655 490 ὡς
704 427 971 531 πριητικῷ
1018 429 1192 504 αἰτίῳ,
1227 432 1474 508 καθάπερ
1523 437 1645 491 τινὰ
1719 438 1883 531 ὓλην.

3393 317 3537 377 ωδε

1981 440 2059 495 illi
2086 439 2335 496 conferre
2367 434 2572 512 aliquid
2602 440 2862 498 feminam
2896 438 2964 496 ad
3015 437 3226 495 vitalem
3279 456 3534 510 procrea-

1969 531 2172 587 tionem
2197 532 2262 587 ad
2312 532 2365 587 id
2406 533 2551 603 quod
2599 548 2631 588 a
2656 534 2776 589 viro
2804 531 3139 598 excernitur,
3191 539 3450 602 tanquam
3483 548 3534 590 st

1973 637 2155 678 causae
2212 622 2463 679 elIicienti
2491 623 2732 693 aliquam
2770 623 3054 678 materiam
3082 621 3340 691 praebeat,
3380 621 3531 683 vide-

1970 711 2095 767 licet
2121 721 2521 768 menstruorum
2562 713 2801 783 aliquam
2825 713 3124 767 humerum
3158 719 3387 782 partem,
3421 712 3536 766 vel~

1971 803 2051 860 uti
2103 805 2374 874 quoddam
2425 821 2502 861 aes
2556 804 2845 860 statuario.
2900 804 3119 859 Nullum
3170 803 3315 857 enim
3348 818 3530 858 semen

1973 895 2173 950 emittit
2206 894 2419 963 mulier,
2443 896 2535 951 sed
2566 896 2814 951 inutilem
2838 895 3125 967 quemdam
3162 894 3446 948 humorem
3475 892 3532 947 in

1973 985 2110 1041 locis
2160 986 2518 1042 muliebribus
2564 986 2939 1042 exsistentem.
2983 984 3079 1040 Est
3135 991 3317 1039 autem
3362 982 3534 1038 maris

1971 1089 2157 1130 semen
2210 1075 2373 1143 quasi
2426 1074 2629 1145 opifex,
2656 1081 2711 1130 et
2751 1073 3076 1146 principium
3129 1082 3309 1128 motus
3348 1070 3530 1136 etIicit,

1971 1161 2428 1232 quemadmodum
2468 1162 2522 1216 in
2582 1162 2808 1233 coagulo
2830 1161 3094 1226 videmus,
3133 1159 3278 1231 quod
3315 1160 3399 1214 Iac
3439 1174 3534 1215 co-

1972 1253 2071 1327 git.
2105 1251 2197 1308 Sic
2230 1253 2377 1308 enim
2410 1262 2463 1308 et
2495 1268 2683 1309 semen
2736 1252 2790 1307 in
2826 1261 3069 1307 ventrem
3126 1251 3391 1315 incidens,
3428 1250 3537 1305 mi-

1969 1351 2151 1399 scetur
2198 1359 2318 1398 cum
2345 1344 2635 1413 purissima
2687 1342 2902 1400 femina:
2928 1342 3320 1413 superfluitate.
3376 1340 3534 1408 Quod

1970 1438 2150 1483 autem
2181 1429 2235 1483 in
2268 1431 2494 1487 matrice
2520 1430 2754 1497 exsistit,
2780 1428 2947 1484 etiam
2981 1429 3169 1485 dicunt
3198 1430 3395 1484 animae
3415 1445 3534 1500 par-

1968 1518 2139 1590 ticeps
2164 1534 2305 1587 esse,
2331 1535 2441 1574 non
2466 1519 2608 1575 illius
2636 1520 2853 1590 quidem
2874 1517 3143 1589 perfectae,
3173 1518 3265 1575 sed
3289 1518 3534 1573 nutrien-

1970 1609 2060 1664 tis.
2118 1607 2589 1675 Quemadmodum
2623 1609 2768 1665 enim
2799 1609 3014 1679 plantas
3070 1608 3123 1662 in
3159 1616 3322 1671 terra,
3358 1608 3429 1662 ita
3477 1613 3534 1662 et

1969 1701 2139 1755 fetum
2167 1701 2365 1762 vivere,
2399 1699 2585 1755 radice
2622 1706 2861 1754 utentem
2916 1696 3198 1758 umbilico,
3242 1711 3338 1765 per
3364 1710 3531 1764 quem

1967 1803 2048 1843 οι·
2068 1788 2292 1844 matrice
2322 1787 2570 1843 attractio
2594 1787 2700 1842 cibi
2723 1786 2833 1843 ﬂat.
2862 1784 2918 1840 In
2947 1785 3122 1841 lucem
3142 1794 3322 1838 autem
3347 1798 3531 1853 egres-

1967 1895 2083 1946 sus,
2110 1878 2273 1934 etiam
2334 1878 2658 1934 sentientem
2694 1876 2933 1931 animam
2994 1875 3374 1946 consequitur,
3408 1888 3528 1928 cre-

1966 1982 2235 2037 scensque
2266 1983 2390 2023 cum
2428 1981 2655 2038 corpore
2683 1975 2962 2023 crescente
3006 1965 3253 2035 augescit
3282 1972 3336 2018 et
3366 1963 3534 2017 ratio-

1967 2059 2109 2113 nalis
2139 2073 2205 2114 ac
2234 2058 2563 2113 intellectilis
2612 2057 2705 2113 illa
2738 2055 2970 2112 facultas
3017 2055 3231 2109 animae.
3265 2052 3361 2108 Est
3386 2054 3531 2108 enim

1967 2149 2020 2202 in
2044 2149 2249 2205 semine
2272 2149 2467 2204 anima:
2492 2147 2757 2218 particula
2794 2145 3064 2217 quaedam,
3094 2160 3216 2216 quae
3236 2144 3412 2199 vitalis
3432 2159 3531 2198 ca-

1966 2239 2049 2293 lor
2070 2239 2291 2306 dicitur,
2326 2238 2624 2294 conformis
2660 2237 2828 2293 calori
2860 2236 3025 2291 solis:
3083 2235 3128 2290 si
3178 2234 3397 2305 quidem
3438 2231 3526 2287 ille

1967 2331 2183 2384 vitalem
2212 2330 2323 2384 vim
2355 2330 2539 2395 habet,
2570 2337 2625 2383 et
2661 2328 2882 2383 vitalem
2908 2326 3075 2381 fetum
3111 2332 3354 2397 generat.
3392 2322 3528 2379 For-

1969 2428 2147 2475 matur
2174 2429 2354 2474 autem
2393 2420 2626 2490 primum
2667 2434 2783 2484 cor,
2813 2417 2957 2486 quod
2991 2425 3045 2471 et
3085 2423 3417 2486 postremum
3446 2412 3532 2466 in-

1968 2510 2111 2564 terit.
2148 2509 2408 2564 Similiter
2436 2508 2712 2578 etreliqua
2744 2508 2957 2561 interna
3000 2514 3124 2559 ante
3154 2512 3375 2559 externa
3406 2503 3521 2557 dis-

1966 2607 2263 2669 ponuntur,
2291 2606 2345 2651 et
2399 2612 2522 2652 cum
2558 2595 2750 2665 primis
2783 2610 2847 2649 ea
2904 2609 3024 2664 qua:
3052 2600 3179 2648 sunt
3211 2608 3378 2662 supra
3401 2594 3521 2648 ciu-

1967 2701 2198 2746 cturam.
2231 2687 2523 2743 Formatus
2548 2696 2730 2741 autem
2767 2687 2822 2740 in
2860 2685 3086 2741 matrice
3115 2684 3302 2748 homo,
3330 2699 3524 2737 nasum

1967 2779 2187 2851 quidem
2218 2779 2455 2835 medium
2512 2779 2652 2834 inter
2698 2794 2873 2847 genua
2926 2777 3113 2841 liabet,
3170 2770 3366 2830 oculos
3403 2791 3535 2833 vero

1969 2885 2133 2942 supra
2178 2886 2373 2941 genua.
2417 2869 2713 2926 Robustior
2749 2877 2930 2924 autem
2961 2865 3271 2942 ﬁeriﬂus
3319 2865 3478 2936 incipi

3018 2950 3021 2955 -
3065 2941 3136 2986 H-

3031 2969 3193 3052 ις...
3212 2981 3231 3041 ν

3033 3041 3090 3114 .1";

1968 3144 2070 3198 bus
2087 3143 2288 3197 habent
2329 3157 2569 3217 nauseae,
2621 3150 2675 3196 et
2704 3141 2960 3196 vomitus.
2994 3139 3295 3195 Generatur
3348 3148 3527 3191 autem

1970 3251 2109 3301 mas,
2134 3235 2178 3289 si
2213 3241 2523 3304 percoctum
2547 3241 2632 3287 est
2679 3232 2847 3286 maris
2881 3246 3089 3295 semen,
3117 3229 3260 3284 unde
3300 3227 3533 3298 juvenes

1970 3336 2025 3381 et
2050 3341 2207 3380 senes
2241 3325 2562 3394 plerumque
2602 3322 2841 3378 femellas
2875 3329 3187 3393 procreant.
3232 3317 3533 3374 Abundan-

1971 3415 2097 3471 tiam
2133 3422 2313 3469 autem
2340 3413 2423 3467 vel
2453 3411 2722 3467 defectum
2754 3413 2866 3467 ﬁeri
2913 3412 3099 3466 volunt
3126 3410 3178 3463 in
3203 3408 3532 3479 quibusdam

1968 3507 2235 3577 partibus,
2271 3514 2490 3574 propter
2521 3504 2764 3558 materiae
2802 3501 3069 3557 defectum
3105 3510 3199 3554 aut
3248 3500 3533 3554 abundan-

1969 3597 2121 3650 tiam.
2151 3595 2385 3649 Seminis
2420 3603 2598 3647 autcm
2631 3592 2965 3662 egestionem
3006 3608 3068 3647 ex
3104 3592 3240 3645 locis
3264 3591 3410 3645 circa
3436 3605 3532 3643 ca-

1967 3691 2065 3754 put
2094 3684 2212 3738 fieri
2243 3683 2593 3737 manifestum
2650 3699 2716 3737 ex
2748 3698 2813 3737 eo
2845 3689 2948 3748 est,
2984 3681 3128 3750 quod
3164 3695 3354 3734 eorum
3388 3678 3530 3733 oculi

1968 3784 2253 3842 cavantur,
2292 3774 2636 3845 quimultum
2674 3779 2894 3830 coeunt.
2924 3769 3170 3825 Movetur
3203 3770 3368 3823 etiam
3400 3783 3535 3823 cum

1968 3878 2147 3921 mente
2180 3864 2619 3937 COgitationeque
2676 3864 2903 3929 matrix,
2964 3859 3425 3933 quemadmodum
3478 3872 3537 3913 el.

1966 3965 2238 4013 veretrum
2270 3955 2392 4010 viri.
2440 3953 2748 4025 Aliquando
2774 3953 2898 4007 item
2948 3961 3139 4023 Sponte
3188 3948 3400 4019 gemelli
3433 3964 3531 4021 ge-

1967 4060 2246 4115 nerantur,
2282 4064 2378 4120 per
2405 4048 2729 4105 divisionem
2762 4045 2991 4102 seminis
3049 4043 3102 4098 in
3159 4042 3424 4098 matrice:
3466 4058 3543 4096 ac-

1966 4139 2012 4195 si
2047 4140 2267 4211 quidem
2302 4141 2353 4197 id
2387 4149 2699 4211 percoctum
2742 4136 2924 4213 fuerit,
2962 4136 3071 4190 duo
3124 4132 3386 4187 masculi:
3444 4132 3543 4186 sin.

1967 4231 2170 4295 minus,
2242 4232 2536 4286 diversum.
2596 4228 2861 4283 Praeterea
2912 4240 3007 4297 per
3045 4220 3535 4294 superfetationem

1966 4331 2330 4392 generantur,
2385 4321 2526 4375 unde
2577 4318 2865 4389 aliquoties
2919 4325 2970 4372 et
3022 4314 3301 4370 masculus
3343 4321 3397 4368 et
3456 4310 3529 4365 fe-

1967 4413 2127 4467 mella
2200 4412 2363 4467 simul
2414 4420 2733 4466 nascuntur.
2811 4407 3114 4463 Plurimum
3175 4420 3305 4460 vero
3356 4401 3531 4456 nutrit

1970 4504 2052 4557 lac
2096 4502 2331 4572 spissum
2402 4510 2457 4555 et
2513 4500 2753 4566 lulvum,
2813 4508 2871 4553 ut
2938 4513 3002 4553 ex
3056 4495 3231 4552 caseis
3294 4500 3531 4548 constat.

1974 4593 2163 4648 Mulier
2222 4591 2389 4646 fetum
2436 4600 2613 4663 gestat
2659 4591 2725 4645 ad
2802 4604 3016 4645 menses
3050 4597 3257 4658 septem
3285 4585 3536 4655 aliquan-

1973 4686 2061 4749 do,
2132 4683 2449 4753 plerumque
2522 4682 2589 4737 ad
2657 4697 2848 4736 novem
2876 4719 2891 4743 ,
2938 4692 3309 4750 smpcuumero
3344 4675 3409 4730 ad
3439 4675 3536 4730 de-

1973 4793 2087 4832 cem
2147 4784 2431 4846 postquam
2482 4774 2763 4843 concepit,
2819 4772 2906 4827 vix
2971 4781 3151 4825 autem
3205 4781 3327 4841 pest
3370 4765 3539 4821 unde-

1975 4867 2198 4922 cimum.
2238 4864 2402 4921 Fetus
2435 4865 2486 4919 iu
2513 4866 2687 4919 lucem
2716 4863 2891 4918 editus
2925 4872 3019 4917 aut
3040 4860 3190 4926 vivit,
3240 4856 3540 4928 aut.pariet

1979 4960 2176 5014 mulier
2197 4957 2341 5028 quod
2374 4957 2516 5012 mola
2546 4965 2933 5024 vocatur,qua:
2973 4961 3055 5008 est
3102 4967 3230 5007 caro
3252 4949 3410 5015 dura,
3443 4956 3541 5002 aut

1979 5049 2394 5122 periclitabitur.
2427 5047 2581 5103 Circa
2612 5061 2812 5100 annum
2843 5044 3111 5099 decimum
3135 5050 3387 5112 quartum
3416 5052 3533 5092 mu-

1986 5151 2103 5198 tant
2135 5141 2382 5211 corporis
2404 5139 2622 5194 habitus
2650 5146 2760 5192 tam
2796 5151 2976 5191 mares
2996 5150 3157 5206 quam
3191 5131 3453 5195 femella‘;
3483 5136 3542 5183 et

298 5242 375 5285 ex
398 5228 536 5285 bene
566 5228 771 5286 all‘ectis
808 5228 947 5284 male
973 5226 1219 5298 dispositi
1264 5228 1418 5294 ﬁunt,
1446 5226 1529 5282 vel
1552 5244 1583 5285 e
1614 5229 1848 5287 diverso.
1913 5231 2067 5289 Tunc
2094 5240 2147 5288 et
2181 5230 2410 5287 femellis
2456 5236 2734 5285 menstrua
2791 5226 3074 5298 incipiunt,
3105 5224 3347 5279 maribus
3407 5229 3543 5275 vero

302 5333 519 5384 semerr,
547 5328 601 5376 et
636 5335 738 5375 vox
779 5319 837 5375 lit
863 5317 1098 5390 gravior.
1134 5315 1312 5373 Ubera
1338 5318 1465 5375 item
1512 5325 1567 5373 et
1616 5318 1846 5374 verenda
1905 5330 2181 5376 crescunt.
2231 5317 2401 5374 Pallet
2465 5316 2701 5388 denique
2755 5315 2975 5380 mulier,
3009 5328 3131 5385 qua!
3154 5310 3420 5366 femellam
3451 5321 3540 5377 pa-

303 5410 483 5467 ritura
512 5418 617 5467 est.

543 5546 654 5603 Τοῦ
682 5547 868 5605 αὐροῦ
900 5546 1228 5618 I'pnroplov
1260 5543 1367 5599 τοῦ
1405 5545 1677 5611 Νύσσης.

393 5660 459 5716 Ἦ
490 5660 549 5715 δὲ
574 5660 670 5715 τοῦ
709 5658 801 5714 νοῦ
833 5660 967 5733 πρὸς
1005 5659 1066 5714 τὸ
1112 5659 1271 5729 σῶμα
1319 5656 1569 5712 κοινωνία
1599 5654 1874 5728 ἄφραστόν

309 5771 372 5809 τε
401 5754 492 5810 καὶ
525 5753 893 5820 ἁκατανόητον
932 5749 1030 5805 τὴν
1064 5748 1352 5818 συνάφειαν
1389 5746 1498 5817 ἔχει
1520 5762 1532 5778 ·
1568 5743 1690 5799 οὔτε
1724 5744 1872 5810 ἐντὸς

2332 5530 2413 5586 Ea;
2442 5530 2618 5587 eodem
2650 5529 2898 5601 Gregorio
2930 5527 3190 5599 Nysaeuo.

2051 5646 2244 5703 Mentis
2270 5654 2450 5703 autem
2485 5644 2552 5701 ad
2578 5659 2773 5715 corpus
2800 5641 3113 5699 communio
3139 5637 3457 5695 ineﬂabilem
3484 5646 3542 5693 et

1980 5735 2575 5813 incomprehensibilem
2598 5736 2871 5793 intellectu
2893 5732 3329 5806 coniunctionem
3353 5724 3541 5795 habet.
