4048 6222
495 371 629 430 [093

493 505 612 559 quae
636 502 810 557 neque
840 487 985 544 intus
1008 498 1091 546 est
1116 489 1227 565 (98)
1259 493 1455 563 (neque
1482 494 1626 549 enim
1655 496 1915 551 miscetur
1940 512 2061 551 cor-

1550 376 1605 430 S.
1646 373 2329 444 CESARII,GREGORII
2369 373 2691 437 FRATRIS,

3606 370 3729 425 i084

2165 490 2298 555 οὖσα
2326 496 2404 567 (οὐ
2435 496 2543 566 γὰρ
2570 494 2917 567 ὲγκρατεῖται
2942 492 3154 563 σώματι
3175 491 3233 545 τὸ
3252 489 3585 561 ἀσώματον),
3619 488 3739 543 οὔτε

491 577 610 648 pori
640 577 786 647 quod
820 577 1198 647 incorporeum
1225 582 1329 649 est)
1373 598 1385 633 :
1421 595 1597 651 neque
1626 582 1957 636 circumfusa
1983 588 2057 635 est

2165 586 2321 648 ἐκτὸς
2356 586 2684 656 περιέχουσα
2717 585 2798 655 (ού
2830 585 2936 656 γὰρ
2982 583 3292 654 περιέχεται
3340 582 3401 634 τὸ
3450 581 3743 650 ἀσώματον

464 673 641 737 '(non
676 669 820 723 enim
853 668 1717 741 circumscribiturincorporeum
1755 688 1783 726 a
1816 672 2064 742 corpori-

492 755 678 829 bus):
714 757 806 811 sed
842 757 1002 812 modo
1040 759 1275 828 quodam
1318 760 1624 815 incredibili
1663 770 1717 816 et
1758 762 2063 829 intelligen-

493 848 620 900 tiam
658 856 899 902 nostram
935 858 1229 919 superante
1254 865 1408 905 mens
1433 853 1873 922 appropinquans
1896 861 1949 907 et
1970 868 2064 921 ap-

494 938 687 1006 plicata
718 948 953 1005 naturas,
988 950 1042 994 et
1076 942 1129 995 in
1162 942 1281 1011 ipsa
1301 980 1318 1007 ,
1354 951 1407 996 et
1436 944 1581 997 circa
1611 943 1781 1012 ipsam
1813 944 2060 1009 exsistit,

494 1028 572 1082 sie
605 1040 779 1083 tamen
811 1038 869 1083 ut
902 1032 1164 1099 explicari
1195 1033 1278 1086 vel
1318 1031 1647 1102 cogitatione
1674 1033 2063 1102 comprehendi

494 1117 686 1171 modus
713 1128 975 1187 nequeat,
1008 1120 1111 1174 nisi
1144 1120 1289 1189 quod
1318 1122 1371 1174 in
1400 1129 1541 1175 statu
1574 1137 1675 1177 suo
1702 1133 1846 1177 recte
1873 1123 2085 1177 affecta.

493 1215 720 1269 natura,
748 1207 911 1262 etiam
943 1224 1099 1264 mens
1123 1210 1309 1265 eliicax
1338 1220 1461 1277 est;
1498 1212 1543 1266 si
1578 1227 1706 1268 vero
1740 1212 1928 1267 vitium
1965 1215 2064 1268 ali-

492 1296 636 1364 quod
664 1298 807 1352 circa
837 1299 983 1353 illam
1011 1302 1319 1373 contingat,
1347 1304 1617 1359 claudicat
1641 1314 1866 1360 eatenus
1896 1305 2061 1361 etiam

494 1401 675 1444 motus
710 1390 1041 1450 intellectus.

558 1478 752 1548 Operae
789 1482 1022 1550 pretium
1064 1492 1147 1539 est
1187 1485 1362 1550 scire,
1404 1487 1563 1558 cujus
1590 1486 2059 1558 reigratiaeterra

493 1570 830 1624 nascentium
853 1573 1093 1641 germina
1127 1574 1179 1627 in
1210 1585 1333 1629 ortu
1360 1591 1545 1631 rerum
1572 1577 1910 1646 praecedant,
1937 1584 2060 1645 post

493 1673 613 1726 qua:
650 1661 909 1728 producta
951 1672 1078 1717 sunt
1126 1665 1425 1721 animantia
1488 1667 1684 1730 bruta,
1726 1676 1779 1721 et
1806 1676 1928 1736 post
1964 1668 2056 1721 illa

492 1744 709 1798 demum
745 1746 926 1802 homo.
960 1747 1077 1803 Non
1109 1753 1285 1807 solum
1318 1753 1461 1822 quod
1498 1754 1665 1809 herba
1697 1756 1911 1823 quidem
1945 1756 2055 1834 ani-

493 1836 724 1892 malibus
762 1848 845 1893 est
881 1841 1027 1895 utilis
1050 1882 1064 1906 ,
1100 1851 1149 1897 et
1170 1853 1391 1917 propter
1407 1845 1683 1900 hominem
1720 1844 1933 1901 exsistit
1962 1861 2055 1915 pe-

488 1942 678 1983 corum
708 1930 889 1998 copia,
926 1940 1183 2002 tanquam
1223 1935 1296 1987 illi
1336 1935 1709 1991 ministratura
1734 1976 1748 1999 ,
1786 1941 1877 1991 sed
1909 1937 2056 2006 quod

492 2023 581 2077 hic
610 2035 729 2073 eam
764 2037 887 2089 qua:
929 2022 996 2077 de
1044 2024 1225 2078 anima
1272 2033 1390 2091 est,
1444 2025 1845 2095 pliilOSOphiam
1902 2026 2060 2080 nobis

491 2111 667 2165 tradat
712 2112 906 2169 Moses.
928 2115 1193 2184 Explieari
1229 2126 1408 2171 autem
1440 2118 1682 2172 oratione
1716 2118 1840 2172 talis
1874 2134 2057 2173 rerum

490 2202 770 2259 distinctio
800 2213 977 2275 potest
1008 2226 1019 2260 :
1056 2206 1163 2263 Res
1197 2210 1461 2264 universae
1496 2210 1689 2278 partim
1724 2210 2061 2264 intellectiles

488 2303 649 2361 sunt,
678 2298 869 2364 partim
905 2314 1197 2367 corporeae.
1227 2298 1560 2353 Omittantur
1584 2308 1764 2354 autem
1796 2315 1943 2353 nunc
1968 2300 2053 2353 in-

491 2384 790 2441 tcllectiles.
819 2387 1109 2458 Corporeze
1136 2390 1336 2460 partim
1365 2389 1706 2444 efﬁcacitatis
1732 2389 1914 2443 vitalis
1940 2404 2059 2456 par-

488 2474 682 2544 ticipes
714 2487 878 2543 sunt,
908 2480 1102 2545 partim
1134 2490 1384 2549 expertes
1414 2481 1639 2535 omnino
1673 2483 1811 2535 vitaz.
1846 2482 2058 2537 Rursus

489 2564 655 2621 vitale
683 2582 881 2637 corpus
911 2571 1105 2637 partim
1137 2571 1358 2640 quidem
1392 2572 1626 2638 sensile,
1669 2573 1867 2641 partim
1917 2588 2049 2628 vero

490 2672 686 2714 sensus
724 2668 807 2714 est
842 2676 1055 2729 expers.
1096 2662 1310 2719 Rursus
1365 2665 1603 2729 sensile,
1644 2665 1792 2719 aliud
1838 2665 2056 2735 quidem

489 2749 790 2817 rationale,
838 2753 985 2807 aliud
1020 2761 1213 2808 'autem
1260 2755 1489 2823 rationis
1521 2765 1605 2811 est
1630 2772 1840 2827 expers.
1877 2758 1921 2810 A
1952 2758 2057 2812 mi-

488 2842 716 2898 noribus
755 2845 919 2914 igitur
960 2846 1027 2899 ad
1069 2846 1122 2900 id
1162 2848 1307 2915 quod
1344 2846 1646 2915 perfectum
1687 2857 1804 2913 est,
1864 2855 2059 2902 natura

488 2934 855 3003 progreditur.
906 2935 1138 3007 Ideoque
1186 2948 1311 3008 post
1363 2940 1663 2994 inanimam
1727 2940 2053 3004 materiam,

487 3022 645 3089 quasi
677 3023 880 3089 gradus
909 3026 1173 3093 quosdam
1215 3026 1405 3081 formae
1445 3030 1809 3082 animatorum
1835 3072 1849 3095 ,
1892 3038 2059 3084 natu-

488 3110 658 3162 ralem
695 3111 835 3166 hanc
870 3114 1040 3166 vitam
1069 3114 1344 3169 exstitisse
1373 3114 1506 3169 dicit
1538 3116 1836 3185 legislator,
1874 3118 1925 3170 in
1956 3134 2055 3172 na-

488 3199 745 3253 turalium
776 3202 1171 3269 germinatione
1204 3207 1669 3273 prteexsistcntcm
1690 3245 1703 3270 ,
1732 3216 1915 3275 utpote
1945 3210 2051 3262 vim

485 3291 818 3345 nutrientem
846 3302 899 3346 et
927 3305 1308 3365 augescentem
1328 3336 1342 3359 ,
1376 3298 1564 3367 sicque
1591 3299 1783 3353 deinde
1812 3299 2051 3368 subjicit,

485 3391 541 3435 et
572 3382 845 3437 sentiendi
895 3382 1250 3452 facultatem,
1282 3404 1404 3457 quae
1460 3390 1513 3443 in
1562 3390 1888 3443 animalibus
1930 3400 2012 3444 est
2039 3431 2053 3455 ,

486 3470 651 3525 etiam
682 3474 803 3541 ejus
839 3476 1159 3546 participem
1191 3494 1313 3547 qua:
1343 3489 1468 3533 ante
1506 3481 1676 3549 ipsam
1716 3481 1836 3535 fuit.
1872 3478 2055 3549 Siqui—

487 3561 611 3616 dem
640 3579 762 3634 quze
787 3581 884 3635 per
905 3583 1125 3623 carnem
1154 3571 1375 3637 vivunt,
1400 3572 1563 3625 etiam
1593 3573 1801 3642 absque
1842 3572 2055 3625 intelle-

485 3654 598 3708 ctili
624 3665 816 3711 natura
841 3672 962 3713 esse
985 3670 1233 3727 possunt.
1266 3660 1551 3717 Rationale
1582 3673 1762 3717 autem
1794 3665 2056 3717 exsistere

486 3760 596 3799 non
645 3758 859 3816 potest,
918 3750 1023 3805 nisi
1075 3768 1198 3807 cum
1253 3754 1519 3809 sentiente
1563 3756 1913 3810 commistum
1962 3757 2052 3810 sit.

489 3835 614 3891 Ideo
646 3848 954 3907 postremus
984 3840 1161 3896 factus
1208 3851 1292 3897 est
1346 3844 1531 3898 homo.
1587 3843 1664 3898 Ex
1713 3846 1861 3898 omni
1910 3846 2056 3899 enim

486 3925 666 3993 specie
688 3929 994 3983 animarum
1020 3933 1382 4000 temperatum
1409 3941 1492 3987 est
1516 3935 1720 3987 animal
1752 3936 2014 3989 rationale
2040 3952 2055 3999 ;

488 4016 731 4071 nutritur
756 4020 899 4073 enim
932 4023 1231 4077 secundum
1255 4024 1491 4091 speciem
1521 4026 1716 4078 anima:
1745 4041 1866 4094 quae
1893 4035 1975 4078 est
2004 4027 2054 4079 in

490 4106 720 4174 plantis;
752 4113 1063 4180 augescenti
1097 4129 1226 4168 vero
1260 4115 1506 4169 facultati
1534 4118 1775 4171 sentiens
1800 4133 1828 4169 a
1862 4124 2056 4170 natura

489 4197 745 4267 adjuncta
772 4210 886 4271 est;
916 4202 970 4256 in
1007 4204 1277 4259 sentiente
1323 4207 1541 4259 demum
1578 4206 1910 4261 intellrctilis
1962 4222 2059 4259 ua-

490 4296 624 4342 tum
663 4290 957 4347 eﬂicacitas
1004 4294 1201 4350 elucet.
1251 4295 1404 4351 Unde
1436 4297 1600 4352 etiam
1631 4298 1849 4368 proprie
1889 4298 2058 4353 ratio-

490 4381 630 4436 nalis
663 4382 844 4437 anima
876 4392 930 4438 et
957 4385 1288 4442 intellectilis
1321 4388 1544 4455 dicitur,
1576 4406 1697 4460 quae
1740 4406 1836 4460 per
1874 4389 2057 4444 omnia

2165 675 2269 728 ὑπὸ
2303 676 2609 746 σωμάτων),
2640 676 2776 729 ἀλλὰ
2808 676 2947 730 κατά
2982 692 3102 728 τινα
3130 674 3327 745 τρόπον
3366 672 3648 742 ἀμήχανόν
3678 688 3733 723 τε

2164 769 2257 821 καὶ
2286 768 2635 837 ἁνεπινόητον
2668 768 2901 836 ἐγγίζων
2928 766 2955 817 6
2984 766 3107 829 νοῦς
3127 768 3191 836 τῇ
3228 762 3385 834 φύσει
3429 765 3524 816 καὶ
3567 781 3734 833 προσ-

2162 858 2485 929 απτόμενος,
2523 858 2615 911 καὶ
2662 860 2719 911 ὲν
2768 858 2903 927 αύτῇ
2945 856 3187 927 καὶπερὶ
3229 855 3395 925 αὐτὴν
3428 856 3735 926 θεωρεῖται,

2162 950 2277 1004 ἀλλ’
2328 952 2403 1015 ὡς
2440 951 2540 1003 οὐκ
2591 950 2738 1003 ἐστιν
2785 951 2982 1013 εἰπεῖν,
3034 949 3155 1001 οὐδὲ
3205 948 3413 1017 νοῆσαι,
3466 947 3605 1017 πλὴν
3656 948 3737 999 ὅτι

2161 1043 2300 1096 κατὰ
2326 1043 2415 1095 τὸν
2437 1042 2565 1095 ἴδιον
2593 1042 2762 1111 αὐτῆς
2784 1040 2971 1112 εἱρμὸν
3004 1038 3358 1109 εύοδουμένης
3376 1038 3473 1107 τῆς
3494 1037 3735 1105 φύσεως,

2160 1133 2256 1185 καὶ
2300 1135 2328 1185 6
2371 1131 2494 1196 νοῦς
2526 1114 2753 1202 ἐνεργὴς
2801 1132 3038 1200 γίνεται’
3075 1131 3122 1182 εἰ
3172 1129 3550 1199 πλημμέλημα
3610 1130 3740 1197 περὶ

2158 1224 2362 1295 ταύτην
2417 1223 2703 1293 συμπέσοι,
2738 1224 2925 1287 σκάζει
2961 1222 3083 1277 κατ’
3131 1221 3306 1274 έκεῖνο
3357 1221 3451 1273 καὶ
3491 1220 3591 1290 τῆς
3615 1219 3737 1272 δια-

2160 1315 2309 1378 νοίας
2336 1316 2369 1385 ὴ
2406 1314 2638 1385 κίνησις.

2231 1484 2441 1539 Εἰδέναι
2471 1484 2576 1556 χρὴ
2608 1485 2750 1548 τίνος
2776 1484 2934 1557 χάριν
2958 1485 3050 1538 ἐπὶ
3078 1485 3183 1556 γῆς
3211 1487 3245 1555 ἡ
3281 1484 3481 1555 βλάστη
3510 1484 3620 1537 τῶν
3640 1485 3743 1537 ἐπὶ

2158 1580 2262 1648 γῆς
2312 1577 2594 1647 φυομένων
2642 1580 2984 1647 προηγεῖται,
3024 1576 3326 1644 ἐπιγίνεται
3353 1576 3410 1628 δὲ
3449 1575 3519 1628 τὰ
3558 1576 3740 1642 ἄλογα

2159 1665 2265 1719 τῶν
2288 1665 2459 1731 ζώων,
2486 1666 2575 1717 καὶ
2605 1664 2740 1734 μετὰ
2765 1664 2938 1719 ταῦτα
2967 1667 2994 1718 6
3016 1664 3315 1735 ἅνθρωπος.
3344 1666 3418 1717 Οὐ
3451 1664 3612 1734 μόνον
3649 1664 3739 1716 ὅτι

2158 1759 2193 1827 ή
2233 1757 2328 1827 μὲν
2362 1757 2469 1808 πόα
2498 1756 2763 1827 χρήσιμος
2790 1757 2902 1818 τοῖς
2936 1754 3116 1819 ζώοις,
3149 1756 3237 1809 διὰ
3284 1756 3338 1808 δὲ
3384 1756 3473 1806 τὸν
3516 1754 3737 1823 ἄνθρω-

2161 1864 2259 1901 πον
2289 1848 2354 1901 τὰ
2390 1847 2540 1918 βοτὰ,
2577 1848 2652 1911 ὡς
2691 1849 2982 1918 ὑπηρετεῖν
3019 1847 3311 1916 μέλλονταο
3352 1846 3465 1899 ἀλλ’
3517 1847 3600 1899 ὅτι
3636 1846 3739 1917 τὴν

2162 1940 2289 2010 περὶ
2310 1939 2487 2010 ψυχῆς
2520 1939 2833 2009 φιλοσοφίαν
2862 1939 2889 1989 ὁ
2918 1939 3123 2009 Μωσῆς
3153 1939 3538 2009 παραδίδωσιν.
3571 1939 3739 1990 Ἔστι

2158 2031 2213 2083 δὲ
2258 2033 2291 2101 ἡ
2340 2031 2431 2084 τοῦ
2472 2031 2629 2100 λόγου
2673 2031 2934 2101 διαίρεσις
2982 2032 3237 2101 τοιαύτη*
3279 2032 3397 2083 Τῶν
3449 2032 3637 2093 ὄντων,
3669 2030 3739 2082 τὸ

2163 2119 2259 2189 μὲν
2311 2120 2517 2189 νοητὸν,
2556 2120 2615 2172 τὸ
2662 2120 2719 2172 δὲ
2772 2121 3081 2190 σωματικόν
3128 2122 3296 2173 ἐστιν.
3347 2120 3632 2171 Ἔστωσαν
3673 2118 3738 2172 δὲ

2159 2210 2253 2262 νῦν
2282 2210 2349 2263 τὰ
2386 2212 2512 2282 περὶ
2552 2211 2643 2264 τοῦ
2676 2212 2887 2283 νοητοῦ.
2920 2212 3025 2264 Τοῦ
3057 2212 3115 2264 δὲ
3158 2210 3491 2281 σωματικοῦ,
3542 2210 3601 2262 τὸ
3634 2211 3739 2280 μὲν

2163 2301 2373 2370 μετέχει
2426 2299 2660 2371 ζωτικῆς
2705 2302 3005 2371 ἐνεργείας,
3055 2302 3116 2355 τὸ
3163 2302 3219 2355 δὲ
3253 2303 3468 2372 ἀμοιρεῖ
3504 2301 3736 2353 καθόλου

2160 2391 2324 2460 ζωῆς.
2359 2391 2528 2445 Πάλιν
2562 2393 2654 2445 τοῦ
2684 2392 2915 2457 ζωτικοῦ
2952 2392 3222 2463 σώματος,
3248 2382 3431 2462 τὸμὲν
3456 2391 3737 2461 αἰσθητὸν,

2160 2480 2218 2533 τὸ
2244 2480 2299 2532 62-:
2334 2480 2689 2551 ἀναισθητονο
2737 2484 2829 2535 καὶ
2855 2483 2948 2536 τοῦ
2988 2482 3327 2554 αἰσθητικοῦ,
3365 2482 3423 2534 τὸ
3458 2483 3559 2552 μὲν
3590 2482 3741 2549 λογι-

2160 2570 2275 2633 κὸν,
2306 2570 2365 2623 τὸ
2399 2571 2454 2623 δὲ
2498 2572 2711 2637 ἄλογον.
2766 2572 2896 2625 Ἀπὸ
2922 2572 3027 2625 τῶν
3066 2572 3407 2643 μικροτέρων
3438 2574 3531 2624 ἐπὶ
3561 2572 3623 2623 τὸ
3648 2572 3739 2623 τέ-

2158 2662 2299 2714 λειον
2329 2663 2361 2732 ἡ
2397 2662 2555 2731 φύσις
2590 2665 2821 2716 ποιεῖται
2866 2664 2965 2735 τὴν
3010 2662 3215 2716 ἄνοδον.
3247 2662 3347 2715 Διὰ
3386 2663 3548 2715 τοῦτο
3596 2663 3739 2732 μετὰ

2158 2753 2253 2825 τὴν
2292 2752 2494 2823 ἄψυχον
2541 2754 2693 2825 ὓλην,
2728 2750 2840 2808 οἷον
2875 2754 3156 2826 ὐπόϐαθρά
3193 2772 3312 2806 τινα
3336 2755 3434 2824 τῆς
3459 2755 3567 2806 τῶν
3598 2754 3737 2821 d66-

2158 2862 2267 2913 χων
2294 2844 2447 2907 ἰδέας
2475 2843 2572 2915 τὴν
2607 2845 2841 2914 φυσικὴν
2870 2842 3072 2916 ταύτην
3114 2845 3257 2914 ζωὴν
3286 2844 3546 2913 συστῆναι
3586 2844 3737 2911 λέγει

2157 2938 2186 2988 6
2213 2935 2528 3006 νομοθέτης,
2578 2938 2635 2989 ἐν
2673 2938 2739 3006 τῇ
2789 2936 2897 2989 τῶν
2934 2936 3113 3004 φυτῶν
3148 2936 3350 3006 βλάστῃ
3384 2938 3735 3005 προῦποστᾶ-

2160 3040 2280 3088 σαν,
2310 3024 2376 3093 ῆν
2404 3041 2461 3076 τε
2489 3023 2587 3094 τὴν
2622 3022 2919 3094 θρεπτικὴν
2950 3023 3044 3075 καὶ
3072 3022 3392 3093 αὐξητικὴν,
3422 3016 3527 3073 εἶθ’
3560 3020 3737 3083 οὕτως

2159 3114 2353 3183 ὲπάγει
2394 3116 2487 3168 καὶ
2517 3116 2616 3185 τὴν
2648 3116 2705 3168 έν
2737 3118 2849 3178 τοῖς
2892 3115 3048 3179 ζώοις
3096 3113 3432 3184 αἰσθητικὴν,
3476 3113 3739 3182 μετέχου-

2161 3222 2258 3258 σαν
2286 3206 2501 3275 καὶτῆς
2523 3205 2628 3277 πρὸ
2657 3206 2844 3276 αὐτῆς.
2882 3205 3099 3276 Ἐπειδὴ
3127 3206 3195 3258 τὰ
3226 3204 3311 3258 διὰ
3338 3204 3527 3273 σαρκὸς
3546 3202 3731 3266 ζῶντα

2157 3298 2250 3350 καὶ
2278 3299 2401 3369 δίχα
2439 3300 2538 3370 τῆς
2563 3302 2753 3370 νοερᾶς
2781 3299 2995 3369 φύσεως
3026 3298 3253 3354 δύναται
3283 3294 3411 3350 εἶναι
3429 3314 3442 3326 '
3473 3295 3609 3348 τὸδὲ
3637 3296 3731 3348 λο-

2155 3392 2306 3457 γικὸν
2364 3391 2424 3444 οὐ
2457 3391 2697 3456 δύναται,
2734 3393 2782 3445 εἰ
2818 3392 2892 3462 μὴ
2934 3391 3011 3461 τῷ
3040 3390 3336 3461 αἰσθητικῷ
3370 3388 3731 3459 συγκραθεῐη.

2156 3483 2253 3536 Διὰ
2302 3482 2460 3536 τοῦτο
2506 3483 2812 3545 τελευταῖος
2842 3484 2870 3535 6
2911 3483 3216 3554 ἄνθρωπος.
3260 3482 3356 3533 Διὰ
3402 3482 3583 3549 πάσης
3626 3480 3736 3548 γὰρ

2159 3574 2301 3637 ἰδέας
2334 3574 2441 3626 τῶν
2483 3574 2788 3647 ὁμωνύμως
2819 3574 3126 3642 λεγομένων
3153 3572 3339 3642 ψυχῶν
3374 3572 3733 3641 άνακιρνᾶτσι

2155 3666 2215 3718 τὸ
2239 3666 2453 3733 λογικὸν
2482 3665 2641 3729 ζῶον.
2681 3664 2953 3734 Τρέφεται
2982 3666 3075 3717 καὶ
3116 3663 3257 3717 κατὰ
3297 3664 3357 3715 τὸ
3387 3662 3613 3731 φυτικὸν
3639 3661 3734 3729 τῆς

2154 3754 2329 3825 ψυχῆς
2376 3750 2529 3815 εἶδος.
2563 3755 2639 3824 Τῇ
2674 3753 2731 3806 δὲ
2780 3753 3046 3825 αὐξητικῇ
3096 3753 3323 3823 δυνάμει
3364 3754 3397 3822 ὴ
3445 3750 3734 3820 αἰσθητικὴ

2158 3845 2453 3916 προσφύει·
2472 3840 2591 3898 εἶτα
2605 3848 2669 3915 τῇ
2705 3845 2992 3914 αἰσθητικῇ
3021 3846 3053 3913 ἡ
3080 3844 3176 3914 τῆς
3195 3846 3385 3915 νοερᾶς
3423 3843 3614 3906 οὐσίας
3630 3844 3738 3895 διέ-

2155 3937 2365 4007 λαμψεν
2398 3937 2663 4006 ἐνέργεια.
2697 3934 2857 3987 Ὅθεν
2892 3935 2983 3987 καὶ
3020 3935 3224 4004 κυρίως
3251 3934 3441 4003 λογικὴ
3471 3933 3616 4003 ψυχὴ
3643 3933 3737 3985 καὶ

2156 4025 2318 4095 νοερὰ
2369 4024 2611 4091 λέγεται,
2664 4025 2697 4093 ἡ
2752 4022 2839 4075 διὰ
2878 4023 3094 4075 πάντων
3148 4022 3429 4091 διήκουσα.
3507 4022 3595 4073 Ἐν
3637 4020 3736 4090 μὲν

2156 4116 2264 4185 γὰρ
2294 4114 2372 4183 τῷ
2409 4112 2612 4183 λογικῷ
2654 4112 2746 4165 καὶ
2776 4112 2845 4165 τὰ
2874 4111 3036 4164 λοιπὰ
3072 4112 3424 4183 περιέλαϐεν,
3476 4112 3535 4162 ἐν
3564 4111 3622 4163 δὲ
3658 4109 3737 4180 τῷ

2156 4202 2455 4274 αἰσθητικῷ
2490 4203 2584 4256 καὶ
2611 4202 2672 4255 τὸ
2709 4201 2931 4270 φυτικὸν
2958 4201 3173 4265 πάντως
3204 4202 3337 4261 ἐστὶ.
3370 4202 3434 4253 τὸ
3478 4201 3536 4253 δὲ
3582 4218 3737 4269 φυτι-

2158 4296 2252 4350 κὸν
2279 4295 2405 4365 περὶ
2430 4294 2491 4346 τὸ
2517 4294 2699 4347 ὑλικὸν
2731 4292 2810 4345 θε.
2845 4332 2858 4345 .
2895 4334 2907 4345 .
2944 4334 2956 4346 .
2989 4333 3005 4348 .
3042 4333 3056 4347 .
3092 4332 3107 4345 .
3140 4333 3153 4345 .
3188 4332 3201 4345 .
3237 4331 3251 4345 .
3289 4331 3303 4346 .
3336 4330 3350 4344 .
3386 4333 3399 4346 .
3456 4291 3599 4361 πλὴν
3646 4290 3736 4343 καὶ

2158 4385 2328 4440 ταῦτα
2377 4384 2464 4437 διὰ
2505 4384 2603 4453 τὴν
2639 4384 2875 4455 ζωτικὴν
2924 4384 3227 4454 ἐνέργειαν,
3279 4382 3735 4453 καταχρηστικῶς

487 4484 609 4525 sese
638 4470 792 4525 didit.
829 4469 964 4526 Nam
997 4474 1050 4527 in
1078 4474 1330 4529 rationali
1361 4476 1525 4530 etiam
1555 4478 1761 4548 reliqua
1797 4493 2050 4548 compre-

2158 4477 2317 4547 ψυχαὶ
2347 4474 2724 4545 ὀνομάζονται.

489 4561 704 4627 hendit,
749 4578 874 4617 cum
915 4563 968 4617 in
1016 4565 1283 4620 sentiente
1326 4569 1626 4635 vegetativa
1678 4570 1781 4631 sit,
1805 4584 1927 4637 quae
1960 4567 2256 4638 vegetativa
2289 4574 2500 4620 tantum
2533 4564 2587 4618 in
2615 4564 2777 4619 rebus
2805 4563 3008 4619 crassis
3038 4563 3273 4617 exsistit.
3305 4560 3512 4617 Verum
3544 4573 3599 4617 et
3627 4562 3729 4617 ista

488 4664 707 4723 propter
733 4654 946 4709 vitalem
971 4654 1262 4712 emcaciam
1290 4658 1513 4713 abusive
1535 4660 1729 4713 animze
1756 4669 2038 4714 vocantur.

559 4745 851 4801 Sciendum
888 4748 1033 4817 quod
1066 4764 1187 4817 qua:
1214 4747 1356 4803 facta
1386 4759 1513 4804 sunt
1541 4749 1609 4803 ad
1642 4750 1694 4803 id
1730 4750 2051 4819 simpliciter

498 4844 560 4891 ut
596 4838 875 4905 vivamus,
917 4847 1045 4895 sunt
1078 4840 1357 4895 cerebrum
1380 4882 1394 4907 ,
1428 4856 1522 4895 cor
1554 4849 1607 4895 et
1637 4842 1820 4910 pulmo
1840 4881 1855 4907 ,
1884 4843 2053 4912 bepar

485 4935 543 4981 et
592 4941 799 4982 venter.
855 4930 1060 4986 Horum
1104 4931 1248 4986 enim
1297 4932 1482 5001 aliquo
1528 4933 1690 4997 laeso,
1741 4933 2053 4988 necessario
2110 4978 2111 4981 η

486 5017 721 5074 moritur
752 5021 971 5075 animal.
1007 5021 1161 5077 Oculi
1197 5030 1376 5076 autem
1402 5064 1417 5089 ,
1448 5038 1642 5078 manus
1669 5032 1723 5077 et
1754 5024 1916 5092 pedes
1938 5065 1953 5090 ,
1986 5024 2053 5078 ad

487 5108 541 5161 id
569 5114 629 5160 ut
654 5108 789 5162 bene
814 5111 1058 5167 vivamus
1078 5154 1092 5177 ,
1127 5114 1269 5170 facta
1296 5124 1442 5169 sunt.
1472 5113 1566 5171 His
1592 5117 1736 5170 enim
1771 5117 1913 5171 laesis
1934 5156 1947 5181 ,
1974 5116 2056 5169 vi-

488 5201 565 5255 vit
593 5199 811 5268 quidem
842 5202 1042 5257 animal
1064 5244 1079 5266 ,
1113 5223 1219 5260 non
1251 5218 1430 5263 autem
1468 5209 1625 5262 bene.
1663 5208 1782 5261 Alia
1816 5208 2053 5277 denique

488 5290 556 5345 ad
591 5291 1037 5360 propagationem
1076 5297 1409 5361 posteritatis
1444 5298 1734 5367 pertinent.

560 5379 878 5434 Postremus
921 5390 1040 5448 pust
1071 5384 1399 5439 creationem
1433 5402 1462 5439 a
1498 5384 1605 5439 Deo
1639 5384 1935 5453 productus
1968 5392 2051 5438 est

489 5469 673 5525 homo.
716 5470 831 5527 Non
877 5473 1020 5542 quod
1069 5472 1215 5527 velut
1256 5475 1377 5528 vilis
1411 5476 1551 5530 inter
1586 5483 1861 5544 postrema
1898 5473 2049 5541 abje-

490 5571 610 5614 ctus
643 5561 746 5626 sit,
776 5564 867 5617 sed
899 5580 995 5634 par
1017 5573 1135 5621 erat
1169 5564 1467 5636 principem
1505 5577 1631 5622 ante
1662 5566 1916 5621 subditos
1944 5579 2048 5617 non

2242 4746 2433 4798 ’ἰστέον
2464 4746 2546 4798 ὃτι
2571 4745 2639 4799 τὰ
2670 4746 2933 4815 γεγονότα
2962 4746 3099 4817 πρὸς
3127 4748 3187 4799 τὸ
3214 4746 3399 4807 ἁπλῶς
3436 4745 3545 4815 ζῇν
3564 4747 3729 4816 ἡμᾶς,

2158 4837 2314 4901 εἰσιν,
2363 4836 2683 4905 ἐγκέφαλος,
2733 4838 2929 4907 καρδία
2977 4839 3067 4891 καὶ
3112 4837 3387 4907 πνεύμων,
3431 4832 3589 4907 ἧπαρ
3642 4838 3734 4889 καὶ

2159 4929 2389 4998 γαστὴρ.
2421 4926 2527 4979 Καί
2557 4944 2697 4989 τινος
2718 4926 2826 4996 γὰρ
2849 4926 3050 4979 τούτων
3093 4926 3375 4989 παθόντος,
3406 4925 3467 4989 ἐξ
3487 4927 3734 4995 ἀνάγκης

2158 5020 2219 5073 τὸ
2247 5020 2382 5085 ζῶον
2415 5019 2667 5088 τελευτᾷ·
2704 5018 2969 5088 ὀφθαλμοὶ
2996 5019 3052 5071 δὲ
3082 5020 3172 5072 καὶ
3203 5020 3384 5087 χεῖρες
3431 5019 3525 5069 καὶ
3576 5017 3735 5079 πόδες

2159 5110 2293 5180 πρὸς
2321 5109 2383 5161 τὸ
2406 5104 2462 5161 εὖ
2505 5105 2604 5178 ζῇν
2633 5109 2781 5177 ἡμᾶς
2812 5108 3091 5175 γεγόνασι.
3133 5106 3349 5158 Τούτων
3380 5104 3490 5175 γὰρ
3528 5104 3737 5156 παθόν-

2152 5217 2279 5263 των,
2316 5199 2381 5269 ζῇ
2419 5198 2516 5267 μὲν
2554 5198 2613 5250 τὸ
2642 5196 2803 5261 ζῶον,
2850 5198 2909 5249 ού
2947 5196 3127 5259 καλῶς
3171 5196 3247 5249 δέ.
3294 5196 3463 5248 Ἀλλα
3504 5195 3560 5248 δὲ
3598 5196 3739 5265 πρὸς

2152 5287 2400 5357 διαδοχὴν
2427 5289 2535 5341 τῶν
2569 5288 2962 5359 ἐπιγινομένων
2996 5288 3123 5342 εἰσί.

2226 5378 2537 5443 Τελευταίος
2583 5379 2720 5450 μετὰ
2768 5380 2866 5449 τὴν
2902 5379 3077 5431 κτίσιν
3131 5379 3194 5430 ἐκ
3239 5378 3372 5430 Θεοῦ
3416 5378 3675 5448 παρήχθη
3709 5378 3738 5427 6

2157 5466 2459 5537 ἄνθρωπος.
2493 5468 2601 5537 Οὐχ
2643 5469 2720 5531 ὡς
2763 5468 3066 5538 ἀπόὸλητος
3114 5469 3171 5520 ὲν
3220 5467 3466 5536 ἐσχάτοις
3495 5468 3738 5535 ἀπορρι-

2159 5556 2276 5624 φείς
2297 5574 2307 5585 ⁸
2350 5557 2461 5609 ἀλλ’
2510 5558 2654 5620 εἰκὸς
2701 5554 2768 5627 ἦν
2814 5558 2902 5611 τὸν
2936 5559 3169 5627 ἄρχοντα
3205 5558 3310 5626 πρὸ
3346 5556 3455 5609 τῶν
3489 5556 3734 5626 ἀρχομέ-

560 5703 670 5784 (9§)
700 5704 788 5784 Ex
822 5708 981 5784 libro
1034 5710 1110 5767 De
1138 5712 1361 5769 hominis
1399 5715 1602 5784 opiﬁcio
1654 5714 1879 5784 passim,
1920 5710 2012 5768 sed
2063 5701 2239 5762 omnia
2271 5702 2556 5759 connnista
2595 5710 2645 5758 et
2690 5702 2809 5760 aliis
2854 5701 3034 5759 verbis
3087 5716 3362 5758 exoressa.
3402 5700 3540 5757 Vide
3570 5716 3730 5772 capp.

488 5777 579 5839 29.
614 5774 666 5842 8,
698 5774 785 5842 50,
820 5775 875 5843 2,
909 5778 962 5844 '1,
997 5788 1103 5836 etc.
