3996 6202
300 341 436 398 1085

300 465 404 509 νων
429 455 505 525 μὴ
539 454 909 523 ἀναφανῆναι·
945 455 1078 526 μηδὲ
1122 456 1226 526 πρὸ
1269 457 1368 528 τὴν
1414 457 1736 511 πανδαισίαν
1781 459 1869 510 εὐ-

299 544 1092 615 τρεπισθῆναι,·εἰσοικισθῆναι
1128 546 1220 598 τὸν
1253 547 1566 618 δαιτυμόνα.
1815 529 1842 554 ⁸

366 635 679 706 Τιμιωτέρα
706 635 763 688 δὲ
783 636 962 706 πάσης
996 637 1323 710 φαινομένης
1341 639 1439 709 τῆς
1469 639 1696 702 κτίσεως
1720 639 1754 708 ἡ
1775 637 1867 690 τοῦ

294 723 580 796 ἀνθρώπου
603 723 782 793 φύσις.
823 724 887 777 Ἦ
933 725 1030 796 μὲν
1056 725 1165 797 γὰρ
1205 727 1378 790 κτίσις
1408 727 1512 778 ὑπὸ
1551 725 1686 778 Θεοῦ
1734 727 1869 779 ἀποο

294 814 607 884 σχεδιάσθη,
650 813 784 886 ὁμοῦ
823 814 902 884 τῷ
935 816 1317 887 προστάγματι
1351 817 1630 868 συστᾶσα·
1679 815 1772 867 ἐπὶ
1812 815 1869 868 δὲ

291 910 394 978 τῆς
419 909 514 962 τοῦ
544 908 828 979 ἀνθρώπου
849 912 1212 982 κατασκευῆς,
1254 910 1498 982 [βουλῆς]
1543 909 1704 980 βουλὴ
1736 927 1869 982 προ-

292 1003 528 1072 ηγεῖται,
560 1001 654 1053 καὶ
682 1001 857 1054 πάντα
885 1003 1010 1072 περὶ
1037 1001 1201 1056 αὑτοῦ
1224 1003 1702 1074 προδιασκοπείται
1724 1005 1752 1056 6
1783 1002 1869 1055 λό-

293 1109 410 1160 γος·
429 1087 549 1144 εἷπε
583 1090 691 1163 γὰρ
707 1094 735 1144 6
761 1091 915 1155 Θεὸς.
946 1093 1298 1163 Ποιήσωμεν
1325 1095 1657 1163 ἄνθρωπον,
1685 1093 1780 1146 καὶ
1797 1092 1865 1146 τὰ

292 1181 422 1254 ἑξῆς
442 1183 510 1236 τὰ
542 1184 668 1254 περὶ
693 1184 855 1236 αὑτοῦ
877 1201 890 1213 ·
919 1185 995 1248 ὠς
1019 1185 1124 1257 πρὸ
1152 1186 1253 1255 τῆς
1292 1185 1678 1255 γενέσεωςτὴν
1712 1183 1866 1248 ἀξίαν

292 1274 458 1327 αὐτὸν
486 1273 690 1330 λαϐεῖν.
740 1275 832 1328 Διὸ
879 1278 973 1329 καὶ
1021 1277 1151 1347 ὕλην
1197 1281 1295 1348 τῆς
1341 1277 1506 1332 αὑτοῦ
1557 1278 1866 1342 συστάσεως

291 1364 661 1436 προητοίμασε
703 1367 796 1417 καὶ
835 1367 969 1437 πρὸς
997 1370 1146 1421 ποῖον
1186 1369 1494 1440 ἀρχέτυπον
1549 1369 1648 1440 τὴν
1679 1369 1864 1439 όμοιό-

288 1470 427 1523 τητα
458 1453 588 1517 ἕξει,
618 1453 943 1525 διενοήσατο.
978 1457 1088 1528 Τὴν
1127 1457 1474 1530 ἀνθρωπίνην
1504 1455 1596 1512 οὖν
1634 1460 1794 1529 φύσιν
1835 1461 1864 1512 6

290 1545 670 1615 ἀριστότεχνος
703 1545 854 1610 Θεὸς,
893 1542 1004 1601 οἷόν
1031 1566 1082 1602 τι
1109 1549 1339 1623 ὄργανον
1373 1551 1455 1613 εἰς
1495 1550 1859 1619 βασιλείας....

289 1636 614 1708 ἐπιτήδειον,
645 1637 1064 1709 ἐδημιούργησε,
1090 1643 1203 1703 τοῖς
1240 1657 1300 1693 τε
1335 1642 1475 1694 κατὰ
1515 1639 1694 1712 ψυχὴν
1732 1657 1861 1711 προ-

285 1729 582 1798 τερήμασι,
630 1731 723 1783 καὶ
770 1731 916 1801 αὐτῷ
943 1731 1021 1802 τῷ
1047 1731 1142 1785 τοῦ
1185 1732 1434 1803 σώματος
1481 1735 1738 1804 σχήματι.
1795 1733 1860 1786 Ἦ

290 1816 391 1885 μὲν
442 1817 546 1888 γάρ
598 1818 743 1890 ψυχὴ
795 1820 856 1874 τὸ
909 1821 1184 1892 βασιλικὸν
1231 1822 1518 1889 δείκνυσιν,
1569 1823 1860 1886 ἀδέσποτος

284 1901 441 1972 οὖσα,
495 1909 589 1962 καὶ
627 1911 989 1977 αὐτεξούσιος,
1039 1913 1116 1976 ὼς
1154 1913 1315 1968 εἰκὼν
1353 1915 1486 1968 Θεοῦ
1529 1913 1859 1969 κοινωνοῦσα

283 1996 365 2066 τῷ
388 1998 702 2071 ἀρχετύπῳ,
733 2002 853 2055 ἀντὶ
891 2003 1183 2072 βασιλικῶν
1231 2005 1452 2075 ἀμφίων
1482 2005 1580 2076 τὴν
1605 2004 1856 2076 λαμπρό-

284 2107 422 2161 τητα
458 2091 776 2164 ὲνδεδυμένη
805 2095 911 2148 τῶν
946 2094 1174 2166 ἀρετῶν,
1212 2094 1307 2148 καὶ⁵
1334 2095 1432 2165 τῆς
1466 2095 1739 2165 ἰδιωτικῆς
1765 2112 1859 2148 τα-

284 2197 353 2234 πε
361 2183 599 2253 ινότητος
629 2183 703 2255 μὴ
737 2185 962 2256 μετέχου
969 2203 1057 2240 σα.

354 2359 472 2412 Μία
495 2359 552 2413 δὲ
576 2359 804 2431 δύναμις
822 2362 1180 2434 ἀντιληπτικὴ
1203 2361 1312 2416 τῶν
1336 2363 1672 2433 πραγμάτων
1694 2363 1856 2426 αὐτὸς

280 2447 314 2499 ὁ
330 2447 410 2519 τῷ
431 2447 702 2520 ἀνθρώπῳ
722 2449 1038 2520 ἐγκείμενος
1059 2451 1202 2514 νοῦς·
1233 2452 1263 2504 6
1292 2451 1358 2504 δι’
1388 2452 1620 2504 ἑκάστου
1638 2449 1748 2504 τῶν
1774 2453 1858 2503 αἰ-

283 2540 598 2610 σθητηρίων
625 2539 856 2605 διεξιὼν,
901 2542 994 2594 καὶ
1031 2541 1138 2594 τῶν
1163 2542 1332 2594 ὄντων
1361 2541 1841 2611 ὲπιδρασσόμενος,

277 2628 395 2687 εἷόν
419 2649 502 2695 τις
526 2634 814 2704 χαρακτὴρ
839 2633 934 2701 τῆς
953 2633 1048 2687 τοῦ
1073 2632 1208 2687 Θεοῦ
1237 2636 1367 2705 μιᾶς
1388 2634 1596 2698 οὐσίας,
1616 2633 1726 2688 τῶν
1744 2651 1856 2687 ποι-

281 2722 450 2776 κίλων
495 2723 813 2793 ποιημάτων
864 2725 1231 2796 ἐνεργητικὸς.
1292 2725 1856 2796 Ἐπιστομιζέσθωσαν

279 2815 333 2866 οἰ
365 2813 613 2882 λέγοντες
646 2815 894 2886 ἀνόμοιον
923 2815 998 2886 τῷ
1028 2817 1202 2888 Πατρ).
1230 2817 1320 2870 τὸν
1345 2817 1491 2880 Υἰὸν,
1527 2817 1560 2887 ἢ
1603 2817 1663 2870 τὸ
1701 2817 1855 2886 ἆγιον

280 2904 512 2976 Πνεῦμα
544 2906 685 2959 κατὰ
704 2907 802 2978 τὴν
821 2907 1006 2960 οὐσίαν
1025 2925 1039 2938 ·
1061 2911 1088 2961 6
1113 2909 1240 2979 γὰρ,
1267 2907 1642 2978 Ποιήσωμεν,
1662 2907 1852 2973 εἰπὼν,

277 2996 380 3050 καὶ
408 2995 494 3049 διὰ
520 2996 618 3066 τῆς
648 2996 1013 3068 πληθυντικῆς
1031 2999 1433 3070 σημασίας,τὴν
1461 2998 1622 3067 ἀγίαν
1652 2999 1856 3071 Τριόυδα

279 3085 548 3157 δηλώσας,
581 3090 680 3142 οὐκ
719 3089 786 3142 ἂν
815 3091 912 3161 τῆς
943 3089 1146 3152 εἰκόνος
1192 3090 1492 3160 μοναδικῶς
1523 3091 1857 3162 ἐμνημόνευ-

277 3195 398 3242 σεν,
434 3178 592 3249 εἴπερ
623 3178 887 3250 ἀνομοίως
920 3175 1032 3252 εἶχε
1073 3179 1206 3252 πρὸς
1243 3179 1304 3234 τὸ
1346 3178 1686 3252 ἀρχέτυπον·
1728 3178 1855 3232 ἀδύ-

277 3282 442 3318 νατον
489 3265 595 3336 γὰρ
635 3267 764 3337 μίαν
809 3269 990 3322 εἰκόνα
1032 3270 1306 3342 διαφόροις
1351 3269 1679 3340 ὁμοιωθῆναι
1723 3286 1857 3342 μορ-

279 3359 445 3426 φαῖς·
498 3360 547 3410 εί
597 3359 706 3430 γάρ
758 3360 999 3431 διάφοροι
1046 3357 1185 3432 ἦσαν
1222 3362 1278 3414 αί
1321 3361 1530 3431 φύσεις,
1567 3361 1857 3432 διαφόρους

275 3447 380 3500 καὶ
410 3446 506 3510 τὰς
527 3449 738 3511 εἰκόνας
768 3451 1150 3521 ἀνεστήσαντο.

355 3538 397 3589 Γ
401 3539 563 3607 υμνὸς
605 3540 662 3594 δὲ
703 3541 806 3593 τῶν
837 3544 900 3595 ἐκ
925 3543 1022 3613 τῆς
1064 3541 1486 3611 φύσεωςόπλων
1517 3543 1610 3595 καὶ
1643 3558 1854 3611 προκα-

275 3627 580 3698 λυμμάτων
622 3632 650 3682 6
698 3630 1002 3701 ἄνθρωπος,
1046 3633 1106 3685 ού
1151 3633 1344 3704 κέρασι
1384 3632 1850 3702 καθωπλισμένος,

271 3718 382 3770 οὐκ
419 3718 620 3788 ὀνύχων
658 3723 881 3791 ἀκμαῖς,
913 3723 1012 3776 οὐκ
1043 3723 1274 3788 ὀδοῦσιν,
1303 3725 1336 3795 ἢ
1378 3724 1584 3796 κέντρῳ
1623 3723 1786 3789 ίώδει,
1817 3724 1850 3794 ἥ

267 3810 482 3881 τριχῶν
531 3812 809 3884 περιὸολῇ,
857 3814 890 3884 ἢ
936 3816 1233 3885 πτερωτὸς,
1284 3817 1346 3868 οὐ
1391 3817 1688 3887 ταχύπους,
1730 3817 1850 3870 οὐδὲ

269 3901 639 3972 πολύσαρκος
673 3906 766 3958 καὶ
789 3907 959 3959 ταῦτα
983 3907 1189 3976 μέλλων
1209 3908 1416 3979 ἄρχειν,
1441 3908 1659 3972 οἰκείοις
1691 3907 1851 3963 αὐτὸν

267 3990 462 4054 ὅπλοις
521 3994 829 4064 πεφράχθαι
883 3997 1081 4067 ἐχρῆν·
1143 3997 1278 4051 ἀλλά
1331 3998 1588 4062 εἰκότως·
1645 3999 1694 4051 εἰ
1741 3999 1850 4071 γὰρ

267 4081 449 4145 οὕτως
493 4078 624 4154 εἶχε,
651 4085 919 4157 θηριώδης
947 4105 1028 4150 τις
1055 4087 1121 4142 ἂν
1153 4084 1220 4159 ἦν
1251 4089 1341 4142 καὶ
1379 4090 1724 4160 δυσάντητος,
1757 4076 1850 4145 καὶ

266 4172 376 4242 τὴν
404 4173 541 4227 κατὰ
588 4175 760 4229 ἄλλων
815 4179 1062 4249 παρεῖδεν
1120 4179 1326 4250 ἀρχὴν,
1375 4179 1475 4250 τῆς
1535 4181 1858 4252 συνεργείας

267 4265 501 4319 ἐκείνων
546 4267 620 4337 μὴ
649 4266 920 4337 δεόμενος.
949 4269 1064 4322 Νῦν
1091 4270 1147 4323 δὲ
1187 4271 1248 4323 τὸ
1275 4270 1464 4324 δοκοῦν
1507 4271 1719 4335 ὲπιδεὲς
1749 4273 1849 4342 τῆς

269 4355 511 4426 φύσεως,
561 4359 781 4428 ἀφορμὴ
829 4359 964 4430 πρὸς
1008 4361 1068 4412 τὸ
1110 4364 1331 4432 κρατεῖν
1368 4361 1476 4414 τῶν
1521 4361 1846 4434 ὑποχειρίων

267 4446 416 4500 ἔστί.
447 4446 541 4499 Διά
561 4447 716 4500 τοῦτο
738 4451 864 4519 παρ’
885 4449 1048 4502 αὑτοῦ
1077 4452 1106 4502 6
1127 4451 1252 4522 βοῦς
1276 4453 1380 4506 ὑπὸ
1407 4451 1570 4522 ζυγὸν
1594 4456 1842 4529 εἰσήχθη,

267 4537 301 4590 ὁ
337 4534 496 4599 ἵππος
526 4537 899 4610 ὲπεδαμάσθη,
931 4543 963 4611 ἡ
995 4542 1283 4595 ἐπιστασία
1313 4543 1419 4596 τῶν
1445 4546 1730 4616 προϐάτων
1759 4549 1850 4604 διὰ

262 4627 372 4688 τὰς
413 4627 472 4692 ἐξ
497 4628 675 4692 αὐτῶν
722 4631 1104 4701 προσαγωγὰς,
1147 4633 1216 4686 τά
1262 4634 1538 4706 ἀχθοφόρα
1570 4637 1684 4701 ζῶα
1717 4639 1849 4692 ὑπέ-

267 4715 514 4780 ζευκται.
577 4718 635 4770 '0
679 4718 822 4772 κύων
859 4719 948 4773 διὰ
995 4721 1094 4790 τῆς
1130 4721 1238 4774 τῶν
1277 4723 1504 4778 ὀδόντων
1541 4725 1730 4797 λαϐῆς,
1786 4728 1846 4782 τὸ

266 4806 738 4874 καταγωνίζεσθαί
786 4827 900 4864 τινα
945 4813 1183 4884 παρέσχε
1217 4815 1324 4868 τῶν
1358 4814 1543 4880 ζώων·
1597 4821 1844 4889 κεράτων

263 4895 365 4946 καὶ
419 4894 623 4964 ὀνύχων
692 4899 1034 4971 ἰσχυρότερος
1088 4903 1428 4974 ἐπινενόηται
1497 4907 1526 4958 6
1602 4908 1837 4980 σίδηρος.

275 4981 645 5055 ’Υπηρετοῦσι
675 4987 731 5040 δὲ
765 4990 858 5042 καὶ
890 4990 957 5042 τὰ
978 4991 1156 5061 ὄρνεα,
1197 4996 1290 5049 καὶ
1323 4995 1383 5048 τὸ
1416 4997 1600 5052 πτίλον
1629 5000 1836 5054 αὐτῶν·

264 5073 363 5124 καὶ
393 5077 456 5126 ἐκ
475 5075 756 5146 δερμάτων
785 5081 893 5134 τῶν
924 5080 1076 5145 ζώων
1107 5084 1170 5136 τὸ
1210 5085 1495 5157 εῠτριπτον
1528 5090 1633 5144 τῶν
1668 5091 1841 5146 ποδῶν

262 5167 299 5234 ἡ
307 5165 425 5233 μῶν
451 5166 764 5240 διετηρήθη.

340 5443 413 5497 T6
447 5446 506 5500 δὲ
546 5449 724 5518 ὄρθιον
752 5452 934 5522 σχῆμα
963 5454 1057 5507 τοῦ
1097 5455 1404 5528 ἀνθρώπου,
1445 5459 1536 5512 καὶ
1575 5462 1631 5513 αί
1661 5464 1840 5534 χεῖρες

258 5533 364 5628 ⁸τῆς
391 5536 545 5628 ἀξίας
573 5538 874 5593 δεικνύουσι
905 5543 1001 5614 τὴν
1028 5544 1306 5616 διαφορὰν,
1336 5546 1443 5599 τῶν
1470 5547 1642 5602 ἄλλων
1683 5533 1835 5615 ζώων

255 5623 720 5692 ῦποκυπτόντων,
792 5629 955 5693 πόδας
1015 5631 1245 5701 ἐχόντων
1312 5634 1450 5688 κατὰ
1520 5636 1823 5708 ἔμπροσθεν

347 5801 390 5836 ⁸³
433 5806 567 5865 Gen.
615 5812 777 5903 1,26.

1664 341 2010 398 DIALOGUS
2081 341 2167 396 111.

3408 342 3546 400 1086

1969 457 2187 528 prodire
2206 496 2222 521 ,
2259 440 2436 525 neque
2462 465 2752 527 antequam
2783 454 3096 528 omnigenis
3121 455 3384 513 refertum
3412 471 3547 526 epu-

1969 549 2038 604 lis
2063 549 2372 602 convivium
2402 558 2776 618 appararetur,
2801 548 3079 603 introduci
3104 548 3539 603 convivatorem.

2040 639 2335 694 Pretiosior
2374 649 2555 694 autem
2594 648 2678 694 est
2709 640 2948 694 humana
2979 649 3175 693 natura
3206 639 3355 693 omni
3387 653 3543 693 crea-

1971 738 2091 784 tura
2111 745 2233 799 quae
2254 729 2434 784 oculis
2455 729 2722 784 cernitur.
2743 728 2878 784 Nam
2904 738 3097 785 caztera
3122 729 3341 799 quidem
3363 739 3544 784 creata

1969 835 2000 874 a
2031 820 2139 876 Deo
2165 822 2322 891 quasi
2343 837 2409 876 ex
2441 830 2685 890 tempore
2710 820 2850 875 facta
2876 831 3038 885 sunt,
3061 821 3225 876 simul
3246 836 3370 874 cum
3396 834 3546 874 man-

1967 912 2096 967 dato
2123 913 2364 970 exhibita
2392 932 2405 968 :
2440 913 2494 967 in
2526 913 2769 967 hominis
2799 922 2980 966 autem
3014 922 3287 967 structura
3317 912 3542 966 consul-

1969 1005 2102 1058 tatio
2140 1003 2424 1074 prmeedit,
2475 1004 2770 1072 omniaque
2815 1003 2882 1058 de
2928 1019 2993 1058 eo
3039 1003 3192 1073 prius
3234 1002 3544 1057 considerat

1917 1157 1937 1176 ο
1967 1095 2145 1149 ratio:
2183 1095 2317 1149 dixit
2341 1095 2488 1150 enim
2523 1094 2698 1149 Deus:
2731 1093 3023 1148 Faciamus
3055 1095 3314 1147 hominem
3351 1111 3542 1147 secun-

1965 1187 2089 1237 dum
2111 1185 2392 1253 imaginem
2421 1185 2486 1248 ⁸³,
2516 1194 2568 1239 et
2594 1200 2715 1252 quae
2739 1183 2806 1237 de
2830 1199 2895 1238 eo
2916 1194 3220 1254 sequuntur
3244 1201 3258 1250 ;
3289 1192 3350 1237 ut
3376 1185 3540 1238 etiam

1966 1283 2091 1329 ante
2117 1284 2296 1329 ortum
2331 1290 2490 1330 suum
2522 1274 2686 1328 homo
2711 1275 3029 1342 dignitatem
3063 1290 3217 1330 suam
3247 1274 3536 1329 obtineret.

1966 1365 2087 1420 ldeo
2120 1375 2174 1419 et
2211 1366 2494 1420 materiem
2532 1366 2601 1419 de
2634 1380 2740 1434 qua
2780 1366 3132 1430 conderetur,
3192 1366 3536 1435 praeparavit,

1963 1469 2017 1510 et
2053 1457 2120 1510 ad
2159 1457 2320 1525 quale
2357 1457 2634 1526 exemplar
2673 1457 3090 1512 similitudinem
3126 1456 3416 1512 habiturus
3445 1472 3538 1512 es-

1964 1556 2080 1610 set,
2113 1547 2413 1616 perpendit.
2451 1546 2757 1600 llumanam
2793 1547 2961 1616 igitur
2993 1559 3246 1600 naturam
3293 1547 3540 1616 optimus

1964 1635 2160 1691 artifex
2199 1636 2338 1691 Deus
2362 1637 2515 1691 Velut
2547 1652 2814 1707 organum
2860 1635 2928 1689 ad
2975 1637 3126 1705 regni
3177 1637 3535 1692 administra-

1966 1727 2168 1782 tionem
2202 1727 2455 1781 idoueum
2486 1726 2803 1792 fabricavit,
2837 1735 2894 1783 et
2927 1727 3123 1781 animae
3161 1726 3454 1796 privilegiis
3482 1737 3538 1780 et

1963 1817 2140 1874 forma
2179 1819 2426 1888 corporis
2463 1817 2713 1872 donavit.
2754 1817 3036 1888 Siquidem
3078 1818 3257 1872 anima
3298 1817 3534 1888 regalem

1963 1908 2305 1979 majestatem
2337 1909 2606 1973 ostendit,
2645 1907 2848 1963 nullius
2885 1907 3128 1962 dominio
3161 1907 3405 1977 subjecta
3428 1945 3444 1972 ,
3482 1919 3537 1962 et

1961 2001 2195 2070 propria:
2215 1999 2534 2070 potestatis,
2562 2007 2822 2069 tauquam
2853 2000 3034 2070 imago
3066 1999 3191 2065 Dei,
3221 1999 3534 2053 communia

1957 2108 2082 2148 cum
2113 2093 2406 2162 archetypo
2431 2092 2679 2161 quaedam
2714 2092 2952 2159 habens,
2981 2106 3079 2162 pro
3109 2091 3387 2162 regalibus
3416 2092 3536 2161 pal-

1956 2184 2047 2239 liis
2080 2183 2272 2238 induta
2307 2183 2597 2252 splendore
2630 2183 2894 2237 virtutum
2917 2223 2932 2249 ,
2967 2192 3022 2238 et
3051 2197 3176 2238 cum
3207 2182 3420 2252 plebeia
3445 2182 3532 2236 vi-

1957 2275 2111 2331 litate
2145 2275 2282 2328 nihil
2313 2275 2670 2346 participans.

2026 2365 2198 2420 Porro
2233 2381 2340 2420 una
2371 2366 2676 2436 perceptrix
2713 2381 2898 2422 rerum
2934 2364 3176 2420 facultas
3211 2363 3419 2419 homini
3451 2373 3537 2418 est

1957 2457 2123 2512 insita
2148 2493 2165 2520 ,
2201 2455 2463 2510 nimirum
2498 2471 2654 2510 mens
2677 2494 2692 2520 ,
2723 2471 2845 2525 quas
2877 2471 2973 2525 per
3002 2454 3246 2525 singulas
3272 2469 3534 2509 sensuum

1956 2548 2113 2605 sedes
2159 2547 2478 2603 discurrens
2525 2556 2580 2601 et
2619 2561 2706 2601 res
2743 2561 2937 2602 omnes
2975 2545 3429 2617 apprehendens,
3469 2561 3536 2601 ac

1957 2638 2107 2694 velut
2157 2637 2469 2707 exemplum
2511 2645 2566 2692 et
2608 2635 2790 2706 imago
2828 2636 3006 2691 unica:
3041 2636 3362 2691 substantia:
3396 2636 3537 2691 divi-

1962 2745 2076 2794 nae,
2098 2729 2377 2784 variarum
2405 2732 2785 2800 operationum
2809 2729 3051 2785 effectrix
3079 2739 3182 2784 est.
3211 2729 3420 2785 Sileant
3439 2730 3534 2799 qui

1957 2821 2159 2877 dicunt
2189 2819 2510 2890 inaequalem
2544 2819 2691 2876 Patri
2727 2819 2926 2876 Filium
2948 2861 2962 2885 ,
2993 2821 3079 2876 vel
3113 2818 3377 2890 Spiritum
3405 2835 3535 2875 san-

1957 2921 2106 2968 ctum
2142 2911 2445 2968 secundum
2474 2912 2840 2966 substantiam
2869 2929 2884 2967 :
2918 2927 3042 2966 nam
3083 2912 3177 2982 qui
3207 2911 3384 2976 dixit,
3416 2909 3530 2964 Fa-

1957 3006 2184 3069 ciamus,
2203 3003 2368 3072 idque
2396 3003 2592 3070 plurali
2621 3003 3048 3072 significatione,
3077 3011 3322 3058 sanctam
3345 3000 3532 3056 Trini-

1959 3103 2126 3149 tatem
2151 3091 2439 3147 manifeste
2464 3093 2700 3147 ostendit
2726 3109 2740 3158 ;
2771 3107 2944 3162 neque
2974 3092 3230 3162 imaginis
3257 3091 3530 3162 singulari

1959 3198 2190 3238 numero
2231 3183 2562 3237 mentionem
2595 3181 2846 3247 fecisset,
2876 3181 2924 3236 si
2954 3181 3021 3236 ad
3050 3182 3406 3252 archetypum
3451 3183 3536 3234 in-

1956 3275 2183 3349 aequalis
2206 3273 2401 3330 fuisset
2427 3291 2440 3327 :
2474 3273 2665 3345 nequit
2694 3274 2840 3328 enim
2867 3272 2984 3327 ﬁeri
3017 3282 3074 3328 ut
3103 3273 3284 3343 imago
3312 3289 3420 3328 uua
3446 3271 3533 3328 di-

1955 3369 2130 3424 versis
2168 3366 2362 3422 formis
2392 3367 2762 3436 respondeat;
2799 3382 2924 3420 nam
2960 3367 3007 3422 si
3037 3367 3268 3422 diversae
3300 3366 3535 3423 fuissent

1955 3469 2186 3524 naturae,
2209 3457 2456 3512 diversas
2475 3457 2640 3510 etiam
2669 3456 2933 3526 imagines
2957 3455 3350 3511 condidissent.

2022 3547 2216 3604 Nudus
2253 3558 2436 3603 autem
2459 3588 2473 3614 ,
2508 3555 2563 3602 et
2595 3561 2627 3600 a
2660 3555 2870 3601 natura:
2903 3546 3076 3602 armis
3109 3562 3176 3601 ac
3212 3548 3537 3602 munitioni-

1953 3640 2059 3696 bus
2096 3638 2389 3693 dcstitutus
2427 3646 2510 3692 est
2548 3637 2746 3705 homo,
2793 3652 2902 3691 non
2941 3637 3203 3692 cornibus
3242 3649 3491 3693 armatus
3515 3679 3532 3704 ,

1952 3748 2066 3788 non
2106 3730 2372 3801 unguium
2405 3729 2524 3784 acie
2547 3769 2564 3796 ,
2599 3745 2708 3784 non
2741 3728 2998 3787 dentibus
3026 3740 3120 3785 aut
3154 3733 3344 3788 aculeo
3374 3750 3534 3789 vene.

1954 3832 2086 3876 nato
2107 3861 2123 3887 ,
2159 3821 2311 3875 nullo
2349 3821 2586 3890 pilorum
2619 3821 2988 3889 operimento,
3025 3837 3134 3877 non
3169 3823 3348 3877 alatus
3371 3863 3386 3890 ,
3420 3839 3530 3878 non

1951 3914 2178 3984 pedibus
2221 3913 2387 3976 celer,
2429 3925 2606 3981 neque
2636 3925 2945 3968 carnosus:
2982 3919 3040 3966 at
3071 3927 3204 3969 vero
3242 3912 3394 3967 illum
3427 3914 3525 3982 qui

1951 4009 2322 4077 imperaturus
2375 4011 2522 4068 erat,
2578 4003 2818 4072 propriis
2861 4007 3031 4060 armis
3079 4005 3367 4075 oportebat
3408 4020 3534 4060 esse

1950 4099 2279 4154 instructum
2307 4113 2323 4164 ;
2355 4110 2544 4151 verum
2580 4110 2688 4148 non
2724 4094 2822 4150 abs
2854 4111 2912 4150 re
2946 4096 3106 4152 aliter
3138 4112 3226 4151 res
3255 4096 3437 4150 habet.
3471 4094 3529 4149 Si

1949 4193 2093 4247 enim
2129 4191 2208 4245 sic
2241 4194 2588 4257 comparatus
2628 4185 2803 4250 foret,
2846 4185 3056 4242 ferinus
3093 4186 3293 4256 aliquis
3331 4195 3386 4240 et
3424 4200 3524 4240 oc.

1949 4296 2116 4337 cursu
2150 4278 2407 4334 terribilis
2441 4283 2623 4341 esset,
2659 4276 3008 4348 aliorumque
3035 4277 3331 4348 negligeret
3359 4276 3524 4345 impe-

1947 4372 2096 4428 rium
2117 4411 2132 4437 ,
2167 4370 2385 4424 illorum
2415 4364 2683 4438 adj'utrice
2717 4381 2880 4437 opera
2920 4383 3026 4422 non
3060 4367 3330 4436 indigens.
3372 4364 3528 4420 Nunc

1957 4472 2138 4517 autem
2177 4461 2228 4514 id
2261 4459 2406 4529 quod
2443 4459 2656 4513 videtur
2694 4457 2884 4513 deesse
2920 4467 3161 4521 naturas,
3201 4457 3418 4512 occasio
3445 4467 3530 4512 est
3585 4493 3589 4498 ι

1957 4552 2025 4607 ad
2052 4549 2445 4620 capessendum
2470 4547 2524 4601 in
2547 4545 2795 4617 subjecta
2823 4547 3135 4617 imperium.
3166 4545 3290 4602 ldeo
3317 4548 3385 4601 ab
3411 4548 3530 4615 ipso

1955 4644 2056 4698 bos
2085 4644 2215 4712 jngo
2247 4639 2506 4694 subactus
2529 4649 2640 4703 est,
2665 4653 2840 4707 equus
2871 4637 3146 4704 domitus,
3179 4638 3366 4691 ovium
3399 4653 3528 4691 cura

1954 4733 2135 4787 habita
2164 4741 2384 4801 propter
2415 4738 2710 4799 proventus
2743 4728 2838 4796 qui
2868 4741 2932 4782 ex
2965 4728 3098 4796 ipsis
3132 4728 3528 4797 percipiuntur,

1951 4825 2208 4878 animalia
2237 4821 2474 4891 denique
2512 4819 2824 4890 bajulandis
2860 4819 3122 4873 oneribus
3164 4819 3361 4873 idonea
3395 4818 3528 4887 jugo

1949 4917 2170 4973 subacta
2199 4923 2345 4970 sunt.
2384 4913 2550 4968 Canis
2589 4912 2656 4967 ad
2697 4911 2949 4983 quaedam
2989 4911 3254 4965 animalia
3283 4912 3526 4966 dentium

1949 5003 2384 5077 apprehensione
2430 5003 2725 5056 obtinenda
2772 5002 2934 5056 datus
2976 5008 3103 5056 est:
3171 5001 3430 5056 cornibus
3473 5012 3528 5058 et

1952 5097 2222 5168 unguibus
2253 5093 2451 5148 fortius
2487 5092 2748 5161 quiddam
2781 5092 3152 5162 excogitatum
3183 5101 3268 5147 est
3297 5092 3524 5147 ferrum.

1947 5187 2256 5242 lnserviunt
2283 5185 2410 5238 item
2443 5197 2571 5237 aves
2601 5192 2655 5236 et
2686 5197 2876 5251 penna:
2908 5183 3153 5253 ipsarum
3183 5199 3199 5250 ;
3233 5191 3289 5238 et
3320 5199 3387 5238 ex
3415 5184 3525 5237 ani-

1949 5278 2172 5334 malium
2210 5275 2440 5346 pellibus
2478 5283 2710 5328 consuto
2744 5275 2930 5328 calceo
2961 5275 3162 5345 pedum
3193 5282 3515 5328 nostrorum
3616 5345 3622 5351 _

1951 5368 2222 5426 teneritati
2254 5365 2581 5421 consulitur.

2018 5461 2182 5515 Recta
2222 5459 2385 5514 etiam
2423 5457 2660 5514 hominis
2690 5458 2889 5523 facies,
2921 5467 2975 5512 et
3006 5473 3203 5512 manus
3229 5455 3515 5526 dignitatis

1945 5551 2318 5624 pmstantiam
2383 5549 2682 5606 ostendunt
2744 5566 2856 5621 pra:
2913 5551 3123 5606 caeteris
3185 5548 3515 5604 animalibus

1932 5647 2185 5702 deorsum
2219 5639 2595 5714 spectantibus
2616 5681 2630 5709 ,
2661 5656 2781 5712 quae
2812 5640 2974 5712 pedes
3019 5641 3220 5699 habent
3249 5643 3418 5701 etiam
3446 5640 3517 5696 ad
