4048 6222
453 362 587 419 1087

446 482 723 537 anteriora
752 480 990 537 membra
1013 520 1027 546 ,
1059 487 1345 552 propterea
1370 476 1519 548 quod
1550 476 1727 531 fulcro
1756 474 1845 528 illa
1879 474 2019 527 iudi-

447 576 652 638 gerent.
689 567 1063 637 Cooperantur
1102 576 1283 621 autem
1326 580 1518 619 manus
1558 564 1625 617 ad
1666 576 1881 615 omnem
1926 574 2019 612 ne-

448 656 759 710 cessitatem
798 664 907 710 tam
940 656 1083 711 bello
1116 670 1278 724 quam
1307 669 1438 724 pace
1465 695 1478 719 ,
1507 662 1562 707 et
1592 652 1645 705 in
1678 667 1777 705 usu
1810 665 2019 705 sermo-

448 742 534 795 nis
563 752 616 797 et
646 743 701 796 in
733 742 1037 797 scribendis
1071 741 1289 796 litteris.
1324 740 1663 809 Adaptamus
1682 738 1827 791 enim
1856 750 2018 791 voces

449 834 610 887 etiam
647 848 743 903 per
766 834 1008 903 ipsarum
1044 834 1271 903 figuram
1300 873 1314 895 ,
1352 833 1425 885 ita
1458 839 1515 883 ut
1548 830 1827 899 proprium
1859 828 2018 898 quid-

450 926 574 979 dam
606 927 886 980 rationalis
925 934 1131 979 natura:
1171 938 1367 977 manus
1402 923 1532 976 sint.
1569 920 1722 986 Quod
1763 920 1811 973 si
1850 918 2017 973 mani-

450 1018 553 1072 bus
582 1018 746 1071 homo
772 1026 1012 1081 careret,
1044 1017 1108 1071 ad
1135 1015 1545 1070 similitudinem
1574 1010 2017 1081 quadrupedum,

453 1110 519 1163 ad
556 1109 608 1162 id
647 1109 832 1178 utique
862 1116 1178 1177 comparata
1235 1106 1401 1161 lacics
1449 1113 1597 1160 esset
1644 1111 1864 1173 propter
1912 1102 2065 1179 cibi.

452 1198 869 1262 necessitatem,
922 1208 981 1252 ut
1034 1199 1099 1252 ad
1153 1199 1334 1253 cibum
1388 1196 1792 1259 extenderetur,
1855 1194 2016 1249 simul

451 1288 621 1343 exiles
647 1288 824 1343 forent
854 1305 1011 1343 nares
1036 1306 1050 1353 ;
1079 1289 1219 1343 unde
1242 1289 1549 1344 necessario
1571 1294 2014 1357 consequeretur,

450 1388 514 1433 ut
545 1381 882 1449 peregrinam
913 1396 1128 1450 quoque
1160 1395 1345 1435 vocem
1380 1379 1619 1433 haberet.

524 1468 854 1540 Organicum
888 1482 1066 1525 autem
1100 1472 1164 1525 ad
1200 1470 1433 1525 rationis
1461 1486 1620 1524 usum
1658 1478 1902 1538 paratum
1938 1476 2021 1522 est

454 1578 676 1631 corpus.
719 1562 1171 1631 Quandoquidem
1204 1563 1348 1615 enim
1396 1561 1725 1616 intellectilis
1767 1560 2015 1630 quaedam

454 1661 510 1706 et
534 1653 856 1720 incorporea
891 1669 977 1707 res
1007 1668 1161 1707 meus
1212 1661 1293 1706 est
1317 1693 1331 1717 ,
1370 1652 1459 1706 tali
1495 1646 1633 1720 opus
1683 1651 1872 1704 habuit
1903 1651 2020 1719 Opi-

456 1742 580 1795 ficio
602 1781 615 1803 ,
654 1750 713 1794 ut
743 1757 837 1809 per
867 1743 1104 1811 aliquam
1134 1742 1480 1796 artificiosam
1515 1742 1782 1795 rationem
1818 1750 2023 1793 motum

459 1842 620 1881 suum
655 1827 1063 1894 manifestaret,
1116 1831 1290 1883 instar
1344 1830 1532 1899 plectri
1582 1830 1797 1883 vocales
1845 1839 2027 1899 partes

456 1926 707 1987 tangens.
742 1917 945 1987 Duplex
978 1932 1159 1973 autem
1202 1930 1284 1974 est
1322 1921 1485 1989 hujus
1526 1921 1715 1990 organi
1764 1919 2022 1983 effectus,

457 2008 595 2063 alius
623 2008 840 2077 quidem
875 2011 1032 2075 soni,
1068 2012 1207 2065 alius
1242 2028 1367 2065 vero
1398 2012 1637 2065 auditus.
1682 2010 1746 2065 Et
1779 2010 1865 2065 ille
1896 2010 2022 2080 qui-

456 2100 578 2154 dem
615 2115 827 2170 semper
857 2102 1060 2170 aliquid
1096 2102 1326 2167 emittit,
1359 2102 1579 2156 auditus
1616 2111 1795 2155 autem
1825 2117 2019 2171 perpe-

454 2197 552 2244 tuo
581 2192 789 2260 recipit.
832 2191 1035 2261 Estque
1059 2192 1281 2261 dignum
1319 2192 1675 2245 admiratione
1697 2231 1711 2254 ,
1746 2194 2021 2261 quomodo

454 2279 707 2335 confusio
732 2282 878 2336 nulla
905 2283 995 2336 fiat
1020 2298 1112 2350 per
1135 2298 1230 2337 eos
1258 2284 1348 2351 qui
1377 2298 1471 2351 per
1498 2282 1673 2351 ipsum
1702 2283 2022 2352 ingeruntur

454 2385 735 2428 sermones
772 2382 825 2428 et
860 2375 1237 2445 cogitationes.
1278 2375 1335 2427 Id
1372 2375 1516 2443 quod
1547 2377 1710 2428 etiam
1746 2376 1799 2428 in
1828 2376 2020 2431 oculo-

452 2477 575 2517 rum
613 2463 931 2519 efficacitate
980 2468 1156 2520 locum
1208 2468 1391 2522 habet.
1438 2465 1573 2520 Nam
1609 2481 1703 2536 per
1738 2467 1835 2520 hos
1867 2483 2022 2523 mens

450 2568 517 2608 ea
546 2570 665 2624 qua:
690 2566 819 2610 sunt
847 2566 1000 2612 extra
1028 2572 1227 2628 corpus
1256 2560 1612 2628 apprehendit
1638 2577 1653 2614 :
1685 2562 2026 2630 unumquod-

452 2644 585 2700 iibet
631 2657 811 2703 autem
862 2663 1051 2703 eorum
1105 2667 1225 2719 quae
1276 2652 1420 2706 intro
1444 2650 1822 2721 'recipiuntur,
1867 2668 2022 2710 mens

450 2738 803 2801 examinans,
847 2743 1302 2798 convenientibus
1340 2744 1669 2814 cognitionis
1699 2746 1835 2799 locis
1866 2760 2023 2815 repo-

453 2828 564 2892 nit,
602 2830 893 2900 aliquoties
928 2847 995 2887 ex
1030 2831 1265 2890 diversis
1300 2851 1560 2891 sensuum
1604 2837 1826 2892 sedibus
1860 2853 2022 2891 unam

454 2921 819 2989 cognitionem
866 2924 1152 2987 excitans,
1206 2941 1508 2995 rursusque
1555 2941 1623 2981 ex
1672 2943 1782 2981 uno
1840 2928 2025 2998 aliquo

455 3025 619 3065 sensu
652 3013 800 3065 varia
831 3014 1135 3083 percipiens
1164 3033 1178 3080 ;
1210 3031 1334 3069 nam
1367 3017 1413 3070 si
1448 3018 1573 3085 quis
1614 3017 1888 3072 audiverit
1926 3034 2023 3073 uo-

454 3115 578 3154 men
606 3102 780 3157 mellis
800 3142 814 3165 ,
842 3104 1004 3171 idque
1031 3105 1261 3168 viderit,
1287 3105 1643 3175 olfeceritque
1706 3117 1762 3162 et
1788 3109 2025 3178 tetigerit

454 3200 619 3259 atque
643 3193 968 3260 gustaverit,
994 3208 1105 3246 rem
1135 3209 1296 3247 unam
1326 3210 1423 3264 per
1448 3196 1732 3253 universas
1760 3214 2020 3255 sensuum

456 3281 742 3336 facultates
770 3282 1042 3350 cognovit.
1081 3281 1274 3339 Varias
1315 3301 1443 3341 vero
1474 3303 1637 3344 voces
1669 3305 1766 3360 per
1798 3291 2022 3347 unicum

462 3372 705 3426 auditum
741 3374 1003 3443 percipit,
1038 3382 1092 3428 et
1128 3390 1223 3443 per
1252 3376 1425 3431 visum
1462 3378 1907 3457 diversigeneris
1937 3396 2024 3439 res

454 3464 802 3528 considerat,
832 3466 1080 3520 videlicet
1113 3468 1293 3522 album
1328 3477 1381 3523 et
1409 3468 1623 3537 nigrum
1646 3513 1659 3536 ,
1696 3480 1750 3527 et
1782 3471 2017 3529 fuscum.

524 3594 681 3647 Aliud
715 3610 841 3648 vero
882 3595 1136 3664 quiddam
1167 3612 1328 3665 quam
1362 3614 1559 3653 sensus
1606 3616 1759 3656 mens
1793 3610 1876 3657 est
1904 3619 1916 3654 ε
1976 3603 2021 3659 si

454 3685 599 3738 enim
635 3685 774 3739 idem
811 3694 973 3749 esset,
1011 3702 1135 3741 cum
1176 3703 1285 3741 uno
1314 3687 1498 3758 aliquo
1529 3691 1769 3759 ipsorum
1798 3692 2023 3749 haberet

456 3775 855 3845 cognationem,
897 3792 1019 3831 cum
1056 3778 1284 3848 simplex
1312 3780 1417 3844 sit;
1450 3797 1593 3836 nunc
1619 3792 1797 3838 autem
1839 3784 1892 3838 in
1928 3801 2020 3840 va-

456 3864 566 3918 rios
604 3881 799 3921 sensus
835 3882 1022 3935 sparsa
1054 3876 1157 3932 est,
1191 3878 1241 3923 et
1272 3886 1366 3939 per
1394 3887 1562 3925 unum
1592 3874 1888 3942 quemlibet
1918 3876 2023 3931 elli-

453 3955 655 4008 cacitcr
688 3955 817 4023 agit,
863 3956 915 4009 in
940 3957 1145 4011 unitate
1178 3958 1391 4013 varium
1428 3962 1687 4029 quiddam
1728 3964 2018 4031 exsistens,

454 4053 509 4099 et
546 4047 598 4099 iu
631 4047 891 4102 varietate
916 4064 1107 4102 unum.
1142 4048 1267 4105 ldeo
1298 4053 1661 4121 cognitionem
1694 4056 1880 4126 cﬂugit
1902 4058 2019 4127 ejus

456 4145 670 4201 natura,
710 4146 763 4192 ct
808 4154 869 4193 ea
907 4139 1023 4209 ipsa
1066 4155 1121 4194 re
1147 4141 1290 4210 quod
1338 4144 1593 4213 cognosci
1641 4158 1891 4215 nequeat,
1936 4148 2020 4204 in-

452 4230 997 4295 comprehcnsibilem
1034 4233 1180 4287 illam
1213 4243 1461 4289 naturam
1495 4235 1614 4305 ejus
1645 4247 2015 4306 repraesentat,

454 4319 547 4389 qui
575 4336 692 4373 eam
727 4319 1024 4375 secundum
1056 4320 1345 4391 imaginem
1383 4323 1658 4392 propriam
1695 4321 1840 4379 fecit.

526 4409 591 4465 Et
618 4411 1057 4480 quandoquidem
1095 4412 1240 4466 velut
1286 4412 1711 4469 instrumentum
1743 4416 2016 4485 quoddam

456 4501 727 4557 musicum
777 4517 977 4572 corpus
1024 4501 1370 4569 factum'est;
1419 4506 1877 4574 quemadmodum
1928 4525 2019 4563 ca-

454 4594 615 4648 nendi
644 4593 850 4663 peritus
894 4593 1083 4649 vitiato
1118 4594 1482 4650 instrumento
1519 4613 1672 4651 suam
1707 4608 1876 4653 artem
1924 4602 2017 4655 de-

454 4699 757 4746 monstrare
796 4691 1015 4760 nequit:
1050 4690 1125 4745 ita
1161 4701 1215 4746 et
1250 4708 1405 4747 mens
1443 4709 1539 4763 per
1582 4694 1893 4751 universum
1929 4714 2018 4753 or-

454 4796 652 4850 ganum
686 4782 961 4852 vagando,
998 4798 1093 4852 per
1119 4796 1517 4839 consentaneas
1549 4787 1649 4841 sibi
1676 4786 2019 4846 ellicacitates

453 4875 907 4942 unumquodlibet
955 4876 1323 4930 membrorum
1356 4878 1649 4947 attingens,
1696 4878 1748 4933 in
1794 4880 1860 4936 iis
1893 4882 2017 4951 qui-

452 4961 574 5016 dem
606 4963 696 5031 qui
726 4966 1043 5020 naturaliter
1074 4966 1249 5021 affecti
1276 4977 1422 5031 sunt,
1456 4968 1737 5037 proprium
1769 4969 2017 5026 effectum

453 5051 637 5116 habet,
676 5053 727 5105 in
771 5052 1004 5111 infirmis
1033 5064 1214 5111 autem
1259 5056 1505 5113 incﬂicax
1546 5067 1670 5114 est:
1722 5074 1832 5115 non
1874 5061 2017 5117 enim

452 5151 657 5214 partem
687 5143 905 5210 quidem
946 5147 1187 5218 attingit,
1216 5158 1421 5219 partem
1459 5165 1587 5207 vero
1617 5151 1839 5209 deserit.

523 5254 990 5322 Quemadmodum
1020 5258 1145 5314 item
1171 5277 1325 5317 mens
1356 5274 1581 5321 ornatur
1614 5268 2018 5338 pulchritudine

453 5347 614 5418 primi
637 5346 967 5417 exemplaris
994 5348 1183 5414 divini,
1209 5354 1372 5409 veluti
1390 5355 1504 5424 ejus
1523 5357 1839 5413 charactere
1868 5361 2016 5414 exal-

453 5447 599 5495 tata:
630 5440 712 5495 sic
750 5448 805 5494 et
837 5449 1030 5495 natura
1070 5456 1101 5495 a
1145 5454 1326 5499 mente
1362 5448 1741 5505 administrata
1767 5460 2013 5514 ornatur,

452 5532 869 5602 contineturque
902 5549 1095 5590 rursus
1122 5534 1191 5589 ab
1217 5534 1320 5591 hac
1346 5538 1621 5595 crassities
1655 5550 1857 5596 nostra:
1880 5541 2013 5596 sub-

453 5622 685 5687 stantiae,
705 5623 847 5685 circa
869 5642 1032 5695 quam
1057 5627 1299 5684 cernitur
1324 5638 1538 5685 natura.
1567 5630 1635 5687 Ut
1656 5642 1835 5687 autem
1861 5648 2014 5688 mens

452 5714 691 5768 virorum
727 5715 1066 5774 deformitate
1095 5720 1387 5774 obscurata
1432 5720 1669 5776 divinam
1711 5723 2014 5792 pulchritu~

459 5804 637 5861 dinem
672 5820 776 5861 non
812 5806 1065 5873 admittit,
1100 5810 1204 5865 nisi
1239 5820 1525 5881 repurgata
1555 5812 1755 5869 fuerit:
1786 5812 1857 5869 ita
1881 5830 2012 5885 quo-

1526 356 1585 411 S.
1626 347 2291 415 CESARlIﬁR‘ECOBIl
2334 345 2662 407 FRATRIS,

3565 329 3710 385 1088

2123 470 2293 535 κῶλα,
2341 469 2427 522 διὰ
2473 467 2527 520 δὲ
2570 466 2632 518 τὸ
2672 460 2875 516 δεῖσθαι
2922 457 3015 511 τοῦ
3064 454 3455 524 ὑπερείδοντος.
3507 451 3710 522 Συνερ-

2126 537 2281 626 γοῦσι
2313 558 2371 611 δέ
2412 558 2468 611 αί
2498 557 2679 625 χεῖρες
2710 551 2849 605 κατὰ
2882 549 3060 600 πᾶσαν
3105 544 3314 616 χρείαν·
3331 542 3423 595 ἐπὶ
3467 540 3709 610 πόλεμον

2122 650 2217 703 καὶ
2268 648 2509 718 εἰρήνην,
2561 644 2654 698 καὶ
2696 645 2762 712 τῇ
2807 639 2898 692 τοῦ
2946 638 3104 705 λόγου
3152 635 3331 705 χρείᾳ,
3367 634 3463 686 καὶ
3496 635 3554 684 ἐν
3590 632 3706 693 τοῖς

2122 741 2466 811 γράμμασιν.
2514 733 2916 806 Ἐναρμόζομεν
2957 730 3068 801 γὰρ
3112 728 3210 788 τὰς
3242 724 3425 793 φωνὰς
3470 723 3567 776 καὶ
3618 722 3708 774 διά

2120 829 2215 882 τοῦ
2247 827 2589 899 χαρακτῆρος
2631 821 2832 884 αὐτῶν,
2863 820 3002 873 ὥστε
3049 817 3144 870 καὶ
3182 816 3313 868 ἴδιον
3346 814 3442 881 τῆς
3477 811 3706 880 λογικῆς

2122 920 2339 991 φύσεως
2369 919 2427 972 αἱ
2460 916 2639 988 χεῖρές
2670 915 2825 966 εἰσιν.
2861 912 2923 964 Εἰ
2962 910 3019 963 δὲ
3050 908 3270 979 ἡμοίρει
3298 904 3405 959 τῶν
3436 902 3641 974 χειρῶν
3678 902 3707 952 6

2122 1010 2426 1083 ἄνθρωπος,
2480 1007 2601 1065 καθῗ
2652 1004 2947 1076 ὁμοιότητα
2994 1000 3101 1053 τῶν
3156 995 3497 1068 τετραπόδων
3545 1010 3709 1046 κατε-

2125 1100 2395 1169 σκευάσθη
2420 1099 2486 1153 ἂν
2508 1099 2569 1151 τὸ
2595 1098 2884 1169 πρόσωπον
2905 1092 2991 1145 διὰ
3018 1091 3116 1158 τὴν
3146 1090 3243 1159 τῆς
3261 1088 3465 1158 τροφῆς
3487 1084 3703 1155 χρείαν,

2121 1192 2197 1257 ὡς
2232 1192 2493 1263 προμήκη
2522 1190 2624 1260 τὴν
2665 1185 2877 1258 μορφὴν
2920 1178 3079 1247 εἶναι,
3120 1181 3216 1233 καὶ
3258 1179 3383 1240 τοὺς
3421 1176 3707 1247 μυκτῆρας

2122 1281 2587 1336 ἀπολεπτύνεσθαι
2608 1296 2620 1309 ·
2657 1279 2733 1341 ὡς
2760 1276 3071 1342 ἐπάναγκες
3101 1268 3239 1324 εἶναι
3267 1269 3363 1323 καὶ
3391 1267 3487 1338 τὴν
3520 1266 3707 1335 φωνὴν

2125 1374 2409 1427 ἀλλόκοτον
2448 1372 2614 1441 ἔχειν.

2208 1462 2528 1533 Ὄργανικὺν
2572 1461 2627 1513 δὲ
2679 1455 3089 1525 κατεσκευάσθη
3124 1454 3184 1505 τὸ
3231 1451 3389 1521 σῶμα
3430 1446 3567 1518 πρὸς
3606 1445 3707 1514 τὴν

2123 1552 2217 1605 τοῦ
2246 1553 2405 1621 λόγου
2438 1552 2645 1623 χρείαν.
2690 1550 2841 1602 Ἐπεὶ
2882 1550 3068 1618 νοερόν
3096 1564 3147 1598 τι
3181 1544 3391 1615 χρῆμα,
3432 1537 3528 1593 καὶ
3555 1537 3705 1591 ἀσώ-

2128 1643 2293 1712 ματόν
2343 1644 2489 1696 ἐστιν
2536 1644 2565 1695 6
2614 1641 2772 1705 νοῦς,
2826 1641 2926 1710 τῆς
2978 1638 3232 1707 τοιαύτης
3280 1633 3471 1705 ἐδεήθη
3529 1649 3705 1685 κατα-

2126 1732 2345 1802 σκευῆς,
2398 1732 2485 1784 ἴνα
2535 1731 2625 1784 διά
2694 1747 2839 1793 τινος
2865 1730 3105 1790 ἐπινοίας
3156 1725 3251 1796 τὴν
3277 1725 3492 1794 κίνησιν
3535 1721 3707 1775 αὑτοῦ

2123 1826 2383 1892 φανεροῖ,
2436 1822 2714 1893 πλήκτρου
2759 1821 2915 1889 δίκην
2967 1819 3073 1872 τῶν
3118 1815 3435 1886 φωνητικῶν
3494 1813 3701 1883 μορίων

2123 1911 2445 1981 ἁπτόμενος.
2479 1912 2650 1979 Διπλῆ
2678 1912 2739 1965 δὲ
2778 1912 2906 1980 περὶ
2937 1908 2997 1961 τὸ
3022 1909 3252 1979 ὄργανον
3284 1908 3316 1975 ή
3349 1903 3601 1974 ἐνέργεια
3621 1918 3635 1933 ο
3665 1905 3701 1971 ἡ

2131 2000 2229 2070 μὲν
2280 2000 2541 2071 ὴχητικὴ,
2583 2001 2703 2069 ἡδὲ
2738 2000 3033 2069 ἀκουστική
3058 2016 3071 2029 ·
3118 1999 3150 2067 ή
3188 1998 3285 2067 μὲν
3341 1994 3425 2049 ἀεί
3470 2012 3523 2047 τι
3565 2010 3703 2063 προ-

2129 2090 2286 2153 ίεται,
2318 2093 2351 2161 ή
2372 2090 2427 2143 δὲ
2454 2091 2591 2162 ἀκοὴ
2630 2092 2892 2161 δεχομένη
2912 2089 3197 2159 διηνεκῶς,
3235 2090 3328 2141 καὶ
3360 2086 3543 2157 θαῦμα
3587 2087 3707 2148 πῶς

2126 2179 2385 2251 σύγχυσις
2413 2181 2473 2233 οὐ
2502 2181 2711 2249 γίνεται
2752 2180 2843 2233 ἐπὶ
2887 2182 2999 2243 τοῖς
3031 2180 3097 2232 δι’
3130 2178 3300 2248 αὐτῆς
3329 2177 3706 2247 εἰσαγομένοις

2122 2270 2303 2337 λόγοις
2333 2288 2390 2323 τε
2423 2272 2515 2324 καὶ
2549 2273 2803 2341 νοήμασι.
2834 2270 3005 2323 Τοῦτο
3034 2270 3127 2323 καὶ
3155 2269 3246 2322 ἐπὶ
3271 2269 3368 2339 τῆς
3398 2269 3507 2323 τῶν
3527 2270 3706 2338 went-2

2122 2359 2397 2427 ἐνεργείας
2442 2359 2670 2427 γίνεται.
2717 2359 2826 2412 Καὶ
2873 2359 2962 2411 διὰ
3006 2358 3210 2411 τούτων
3244 2358 3351 2428 γὰρ
3380 2359 3408 2409 ό
3441 2357 3565 2420 νοῦς
3595 2357 3705 2409 τῶν

2122 2446 2225 2510 ἔξω
2244 2446 2336 2501 τοῦ
2372 2447 2619 2518 σώματος
2641 2446 3022 2518 ἐπιδράσσεται
3042 2463 3055 2476 ⁸
3084 2446 3315 2499 ἕκαστον
3344 2444 3402 2498 δὲ
3441 2445 3551 2497 τῶν
3586 2446 3704 2497 εἰσ-

2122 2536 2404 2607 αγομένων
2451 2540 2480 2590 6
2530 2537 2651 2599 νοῦς
2701 2536 2965 2600 ἐξετάζων
3011 2537 3123 2598 τοῖς
3187 2533 3540 2605 καταλλήλοις
3605 2536 3703 2604 τῆς

2122 2626 2375 2693 γνώσεως
2402 2626 2588 2688 τόποις
2619 2624 3019 2685 ἐναποτίθεται,
3056 2622 3316 2686 πολλάκις
3340 2623 3404 2675 ἑκ
3433 2622 3708 2692 διαφόρων

2122 2717 2489 2789 αἰσθητηρίων
2535 2717 2664 2788 μίαν
2694 2716 2895 2785 γνῶσιν
2938 2717 3302 2787 συνεγείρων⁶
3346 2715 3510 2769 πάλιν
3550 2714 3594 2768 δ’
3637 2717 3707 2768 ὲκ

2126 2811 2256 2881 μιᾶς
2285 2809 2392 2862 τῶν
2423 2808 2725 2880 αἰσθήσεσιν
2774 2808 2991 2862 ποικίλα
3025 2807 3457 2877 καταλαμϐάνων
3482 2825 3495 2839 ·
3541 2806 3707 2859 ἁκού-

2125 2916 2224 2963 σας
2248 2900 2355 2969 γάρ
2378 2917 2462 2962 τις
2480 2898 2575 2953 τοῦ
2600 2900 2861 2970 ὀνόματος
2881 2899 2974 2951 τοῦ
3001 2898 3237 2969 μέλιτος,
3268 2898 3363 2951 καὶ
3393 2897 3518 2951 ἰδὼν
3547 2897 3708 2963 αὐτὸ,

2126 2989 2219 3042 καὶ
2251 2989 2597 3061 όσφρανθεὶς,
2642 2976 2735 3042 καὶ
2771 2988 3067 3058 ἁψάμενος,
3112 2988 3203 3042 καὶ
3247 2988 3600 3057 γευσάμενος,
3644 2986 3709 3039 ἓν

2123 3080 2355 3150 πρᾶγμα
2394 3082 2460 3133 δι’
2487 3079 2623 3133 ὅλων
2667 3078 2772 3132 τῶν
2811 3079 3177 3151 αἰσθητηρίων
3206 3077 3485 3149 ἐγνώρισε.
3518 3079 3707 3131 Ποικί-

2122 3170 2218 3233 λας
2251 3170 2306 3223 δὲ
2336 3170 2518 3239 φωνὰς
2557 3170 2644 3225 διὰ
2686 3174 2815 3241 μιᾶς
2845 3172 2947 3242 τῆς
2992 3173 3160 3242 ἀκοῆς
3199 3171 3443 3238 ἐπέγνω·
3485 3170 3577 3221 καὶ
3608 3170 3705 3222 διὰ

2122 3262 2220 3333 τῆς
2256 3263 2499 3332 ὁράσεως
2539 3263 2870 3334 ἑτερογενῶν
2920 3262 3151 3334 θεωρίας
3190 3259 3461 3325 κατέλαϐε,
3492 3257 3699 3312 λευκοῦ

2123 3367 2185 3402 τε
2213 3350 2309 3404 καὶ
2345 3352 2596 3422 μέλανος,
2626 3353 2720 3406 καὶ
2755 3352 2934 3422 φαιοῦ.

2199 3595 2359 3649 Ἀλλο
2389 3595 2447 3650 δὲ
2485 3596 2637 3668 παρὰ
2674 3597 2772 3662 τὰς
2806 3597 3088 3668 αἰσθήσεις
3120 3595 3317 3650 ἐστὶνδ
3337 3592 3495 3658 νοῦς*
3518 3593 3567 3649 εἰ
3592 3595 3705 3665 γὰρ

2122 3687 2320 3741 ταύτὸν
2350 3683 2418 3758 ἦν
2473 3691 2541 3759 τῇ
2590 3687 2858 3759 αἰσθήσει,
2905 3688 3039 3760 πρὸς
3083 3687 3210 3759 μίαν
3256 3686 3435 3739 αὐτῶν
3477 3684 3589 3755 ἔχοι
3634 3685 3706 3738 ἂν

2122 3779 2449 3847 οἰκειότητα,
2482 3778 2686 3842 ἁπλοῦς
2729 3777 2839 3833 ῶν·
2883 3778 2977 3832 νῦν
3015 3778 3071 3832 δὲ
3113 3779 3192 3841 εἰς
3234 3777 3335 3847 τὴν
3379 3775 3705 3847 αἰσθητικὴν

2122 3866 2486 3937 πολυμέρειαν
2528 3867 2993 3937 διασπειρόμενος,
3043 3868 3136 3920 καὶ
3175 3867 3241 3919 δι’
3274 3864 3513 3936 ἑκάστης
3553 3866 3704 3934 ἐνερ-

2121 3958 2255 4026 γῶν,
2284 3959 2341 4011 ἐν
2376 3960 2625 4031 μονότητι
2652 3960 2711 4012 τὸ
2740 3959 2999 4024 ποικίλον,
3044 3960 3100 4011 ἐν
3128 3957 3372 4028 ποικιλίᾳ
3396 3955 3461 4010 τὸ
3498 3956 3588 4009 ἐν·
3622 3953 3706 4008 διδ

2121 4049 2215 4102 καὶ
2258 4049 2535 4118 διαφεύγει
2582 4049 2683 4120 τὴν
2705 4050 2905 4118 γνῶσιν
2948 4050 2981 4119 ή
3031 4048 3192 4119 φύσις
3235 4046 3437 4102 αὐτοῦ⁸
3480 4045 3575 4101 καὶ
3621 4044 3705 4114 τῷ

2121 4140 2241 4194 κατ’
2260 4139 2424 4193 αὐτὸν
2448 4139 2733 4211 ἀγνώστῳ,
2754 4140 2850 4211 τὴν
2874 4140 3258 4210 ἀκατάληπτον
3280 4138 3443 4209 φύσιν
3460 4136 3556 4192 τοῦ
3581 4137 3701 4190 κατ’

2120 4230 2300 4285 εἰκόνα
2327 4232 2532 4287 οἰκείαν
2560 4233 2883 4303 ποιήσαντος
2912 4232 3075 4286 αὐτὸν
3109 4230 3411 4301 παριστῶν.

2202 4425 2357 4479 Ἐπεὶ
2397 4424 2453 4479 δὲ
2486 4425 2561 4489 ῶς
2611 4443 2662 4478 τι
2687 4426 2945 4496 μουσικὸν
2971 4426 3200 4496 ὄργανον
3235 4425 3295 4479 τὺ
3340 4425 3501 4495 σῶμα
3541 4424 3701 4495 δεδηο

2122 4513 2479 4587 μιούργηταιο
2524 4515 2599 4580 ὡς
2646 4517 2899 4571 ἀδυνατεῖ
2940 4518 2969 4570 6
3018 4516 3275 4587 μελῳδεῖν
3313 4515 3700 4586 ἐπιστάμενος,

2118 4605 2284 4673 δεῖξαι
2327 4607 2425 4678 τὴν
2461 4606 2655 4677 τέχνην
2682 4608 2762 4670 εἰς
2795 4607 2893 4678 τὴν
2942 4605 3034 4660 τοῦ
3074 4607 3305 4680 ὀργάνου
3354 4606 3694 4678 ἀχρηστίαν·

2118 4698 2259 4751 οῦτω
2300 4698 2395 4752 καὶ
2440 4700 2467 4751 6
2499 4698 2623 4761 νοῦς
2666 4698 2869 4769 διήκων
2912 4698 2981 4752 δι’
3025 4698 3147 4751 ὅλου
3180 4698 3273 4751 τοῦ
3307 4688 3541 4767 ὀργάνου
3579 4698 3700 4758 ταῖς

2118 4792 2393 4859 νοητικαῖς
2430 4789 2751 4862 ἐνεργείαις,
2780 4790 3011 4844 ἑκάστου
3034 4790 3143 4843 τῶν
3179 4788 3359 4859 μελῶν
3386 4790 3700 4859 προσαπτό-

2122 4898 2300 4951 μενος,
2335 4882 2426 4935 ἐπὶ
2474 4881 2581 4935 τῶν
2622 4882 2721 4952 μὲν
2764 4882 2906 4936 κατὰ
2940 4880 3100 4951 φύσιν
3136 4880 3495 4950 διακειμένων
3526 4879 3588 4933 τὸ
3622 4880 3699 4932 οἱ»

2120 4972 2263 5023 κεῖον
2294 4971 2617 5041 ἐνήργησεν,
2659 4972 2751 5025 ἐπὶ
2775 4972 2832 5025 δὲ
2864 4971 2971 5026 τῶν
3010 4970 3378 5024 ἀσθενούντων
3405 4968 3701 5041 ¹ἰλιπράκτη·

2121 5079 2241 5115 σεν·
2288 5063 2348 5115 ού
2393 5063 2498 5133 γὰρ
2528 5063 2724 5134 μέρους
2755 5063 3006 5129 ἅπτεται,
3043 5062 3240 5135 μέρους
3275 5062 3333 5115 δὲ
3375 5062 3697 5132 ἀφίσταται.

2193 5279 2398 5349 Ὥσπερ
2424 5278 2480 5331 δὲ
2520 5281 2944 5349 κατακοσμεῖται
2996 5283 3024 5334 6
3054 5280 3180 5345 νοῦς
3214 5284 3281 5350 τῇ
3311 5280 3570 5351 ὁμοιώσει
3600 5280 3700 5335 τοῦ

2118 5366 2467 5437 πρωτοτύπου
2512 5366 2654 5420 θείου
2703 5368 2963 5433 κάλλους,
3010 5366 3121 5422 οἷόν
3171 5388 3222 5422 τι
3267 5370 3577 5439 κάτοπτρον
3617 5371 3695 5441 τῷ

2118 5455 2497 5526 ἐμφαινομένη)
2538 5458 2844 5527 χαρακτῆρι
2881 5459 3287 5530 μορφούμενον·
3336 5460 3482 5513 οὕτω
3521 5462 3618 5514 καὶ
3652 5464 3688 5531 ἡ

2116 5544 2275 5612 φύσις
2304 5546 2407 5600 ὑπὸ
2438 5546 2532 5600 τοῦ
2570 5547 2687 5611 νοὸς
2726 5549 3155 5619 οἰκονομουμένη
3198 5552 3515 5620 κοσμεῖται·
3562 5569 3690 5604 συν-

2116 5634 2293 5703 έχεται
2323 5634 2378 5687 δὲ
2404 5636 2563 5689 πάλιν
2586 5636 2677 5689 ὑπ’
2707 5637 2877 5708 αὐτῆς
2896 5638 2955 5691 τὸ
2976 5638 3160 5693 ὑλικὸν
3185 5640 3281 5709 τῆς
3310 5640 3687 5705 ὑποστάσεως,

2116 5724 2241 5794 περὶ
2270 5725 2334 5795 ἢν
2364 5726 2640 5798 θεωρεῖται
2672 5729 2704 5797 ἡ
2729 5727 2906 5797 φύσις.
2941 5728 3149 5799 ’Ὥσπερ
3170 5730 3224 5782 δὲ
3249 5734 3277 5784 6
3303 5730 3427 5793 νοῦς
3462 5729 3571 5785 ὑπὸ
3592 5730 3690 5799 τῆς

2116 5816 2383 5887 ἁμορξέας
2412 5819 2517 5875 τῶν
2550 5818 2732 5875 παθῶν
2766 5818 3047 5890 ζοφωθείς,
3092 5820 3309 5886 ἇδεκτος
3341 5820 3551 5891 γίνεται
3592 5820 3687 5877 τοῦ
