4048 6222
347 346 486 404 i089

349 458 497 511 θείου
525 454 774 520 κάλλους,
806 453 857 506 εἰ
888 453 962 525 μὴ
991 452 1305 525 ὲκκαθαρθῇ
1324 468 1338 483 ⁶
1380 452 1521 507 οὕτω
1551 454 1647 507 καὶ
1673 454 1707 524 ἡ
1751 455 1807 507 ὲν
1852 456 1918 525 τῇ

349 547 647 601 ὑποστάσει
671 544 933 616 νοουμένη
962 543 1123 613 φύσις
1144 547 1288 600 κατά
1307 562 1361 599 τι
1400 543 1666 610 παθοῦσα,
1693 544 1791 616 τὴν
1824 546 1919 598 τόῦ

347 638 468 703 νοὸς
510 635 793 707 ἐνέργειαν
835 634 898 687 οὐ
941 634 1166 689 δύναται
1203 634 1476 701 δέξασθαι,
1511 635 1563 688 εἰ
1595 633 1672 707 μὴ
1710 636 1792 698 εἰς
1822 633 1921 705 τὴν

347 726 624 801 προτέραν
660 724 932 797 ἐπανέλθῃ
962 726 1197 795 ὑγίειαν.

419 820 707 874 Δείκνυται
734 818 794 873 δὲ
830 818 925 872 καὶ
946 820 1011 873 ὲκ
1030 818 1244 883 τούτου,
1263 818 1347 873 ὅτι
1369 819 1399 872 6
1431 817 1557 882 νοῦς
1580 818 1679 889 τῆς
1708 817 1922 888 φύσεως

347 918 555 986 ἔχεται.
609 912 965 982 Συνεστὼσης
1025 912 1124 984 μὲν
1184 913 1314 984 γὰρ,
1382 912 1479 966 καὶ
1537 911 1918 983 ἐγρηγορυίας,

346 1008 563 1078 ὶνεργεῐ
584 1006 680 1060 καὶ
707 1007 939 1060 κινεῖται
959 1019 976 1035 ι
1021 1003 1351 1075 παρεθείσης
1372 1003 1431 1057 δὲ
1466 1002 1546 1074 τῷ
1581 1003 1732 1073 ῦπνῳ
1769 1003 1920 1070 μένει

345 1097 602 1166 ἀκίνητος
620 1110 635 1125 ⁸
673 1094 774 1158 τὰς
814 1094 873 1149 δὲ
916 1094 1037 1148 καθ’
1068 1092 1233 1147 ὕπνον
1265 1092 1584 1161 φαντασίας,
1628 1091 1921 1161 ίνδάλματά

344 1203 470 1241 τινα
502 1187 603 1256 τῆς
643 1184 786 1240 κατὰ
818 1183 911 1239 τὸν
948 1182 1073 1239 νοῦν
1105 1183 1385 1255 ἐνεργείας
1410 1182 1640 1251 οἰόμεθα
1659 1199 1673 1213 ·
1704 1183 1762 1235 ἐν
1790 1182 1917 1235 ἀτό-

347 1294 473 1341 ποις
498 1276 608 1347 γὰρ
646 1275 745 1330 καὶ
785 1274 1086 1346 ἀμηχάνοις
1115 1273 1376 1337 πολλάκις
1418 1267 1558 1327 εἷναί
1601 1289 1686 1337 τις
1734 1272 1914 1326 δοκεῖ·

345 1368 485 1440 ὅπερ
508 1368 608 1421 οὐκ
645 1367 712 1422 ἂν
740 1366 956 1435 ἐγένετο
983 1366 1040 1419 ὲν
1066 1366 1393 1437 ὲγρηγόρσει
1412 1380 1425 1395 ο
1459 1364 1698 1433 γίνονται
1732 1363 1790 1417 δὲ
1823 1364 1919 1418 καὶ

348 1459 459 1515 ἀπὸ
493 1459 594 1530 τῆς
629 1450 777 1528 ἠθῶν
804 1455 1191 1522 καταπάσεὼς
1223 1473 1384 1522 τισιν,
1418 1455 1512 1509 καὶ
1539 1455 1673 1510 ἄλλα
1701 1454 1799 1526 μὲν
1820 1455 1915 1508 τοῦ

346 1550 616 1623 ἀνδρείου,
656 1548 792 1603 ἄλλα
818 1547 876 1602 δὲ
903 1546 998 1601 τοῦ
1036 1547 1209 1601 δειλοῦ
1235 1547 1304 1601 τὰ
1334 1546 1695 1618 φαντάσματα
1719 1560 1733 1576 ⁸
1780 1546 1915 1615 ἀλλα

344 1642 444 1697 τοῦ
472 1641 790 1708 ἀκολάστου,
826 1639 920 1694 καὶ
956 1638 1090 1694 άλλα
1127 1639 1219 1693 τοῦ
1269 1639 1560 1711 σώφρονος,
1606 1637 1698 1692 τοῦ
1747 1655 1915 1710 μετα-

343 1733 559 1787 δοτικοῦ
596 1750 658 1786 τε
701 1732 796 1785 καὶ
829 1730 1139 1801 ἀπλήστου·
1186 1731 1495 1802 παραμένει
1521 1731 1629 1803 γὰρ
1659 1729 1737 1802 τῷ
1780 1746 1915 1801 μνηο

350 1822 554 1896 μονικῷ
576 1822 675 1893 τῆς
696 1821 881 1896 ψυχῆς
910 1822 1020 1877 τῶν
1042 1823 1354 1893 ὲφημερίων
1374 1821 1815 1892 ἐπιτηδευμάτων
1845 1819 1914 1874 τὰ

346 1915 685 1986 ἀπηχήματα
705 1929 721 1945 ο
754 1911 1010 1976 πολλάκις
1040 1912 1097 1965 δὲ
1134 1912 1384 1985 καὶπρὸς
1408 1913 1508 1976 τὰς
1537 1912 1695 1976 ποιάς
1723 1910 1911 1982 σωμά-

345 2024 454 2061 των
490 2004 753 2069 διαθέσεις
784 2004 980 2076 ὄνειροι
1008 2006 1244 2074 γίνονται
1268 2021 1282 2036 °
1318 2005 1461 2059 οῦτω
1492 2006 1599 2078 γὰρ
1625 2006 1654 2058 6
1680 1991 1918 2077 διψώδης

344 2097 406 2153 ὲν
435 2100 637 2168 πηγαῖς
664 2089 995 2162 εἶναιδοκεῖ,
1037 2096 1132 2149 καὶ
1164 2095 1418 2167 εὐωχίαις
1451 2096 1480 2150 6
1510 2095 1713 2168 τροφῆς
1748 2113 1916 2167 προσ-

342 2186 629 2257 δεόμενος·
687 2185 784 2240 καὶ
833 2184 1021 2249 ἁπλῶς
1076 2185 1414 2259 πολύτροπος
1464 2188 1499 2258 ἠ
1551 2186 1658 2240 τῶν
1691 2186 1912 2258 ὀνείρων

342 2273 466 2344 δψις
497 2274 632 2340 ἐστὶ,
687 2274 893 2345 ματαία
937 2273 1026 2328 δέ·
1065 2275 1095 2328 6
1123 2274 1231 2347 γὰρ
1256 2275 1380 2339 νοῦς
1420 2279 1485 2348 τῇ
1531 2276 1773 2348 ἀπραξίᾳ
1806 2274 1913 2330 τῶν

342 2365 647 2441 αἰσθήσεων
676 2364 766 2419 διὰ
792 2364 889 2419 τοῦ
915 2365 1085 2421 ὕπνου
1114 2366 1533 2437 συγκαλυφθεὶς,
1562 2366 1686 2421 οὔτε
1712 2367 1914 2439 ἐκλάμ-

342 2473 469 2510 πειν
496 2458 563 2510 δι’
601 2455 780 2510 αὐτῶν
805 2456 1047 2523 δύναται,
1078 2454 1202 2510 οὔτε
1240 2456 1518 2521 παντελῶς
1546 2457 1911 2512 κατασϐέννυ-

341 2563 454 2603 ται.
495 2547 557 2601 Εἰ
578 2547 635 2600 δὲ
659 2547 752 2601 καὶ
780 2548 811 2600 6
845 2547 947 2618 τῆς
970 2546 1243 2616 Αἰγύπτου
1270 2547 1487 2619 Φαραὼ,
1524 2548 1621 2602 καὶ
1644 2550 1672 2602 6
1697 2547 1909 2602 Ναϐου-

343 2636 625 2708 χοδονόσορ
646 2636 712 2690 δι’
736 2636 1001 2691 ἐνυπνίων
1026 2638 1106 2701 είς
1128 2636 1228 2706 τὴν
1254 2637 1362 2691 τῶν
1388 2636 1688 2708 μελλόντων
1710 2637 1911 2706 γνῶσιν

339 2726 677 2798 ὀδηγοῦνται,
728 2727 795 2782 δι’
840 2727 1025 2802 ἕτερον
1049 2728 1373 2800 ᾠκονομήθη
1421 2726 1578 2782 τοῦτο
1629 2728 1780 2801 παρὰ
1816 2728 1908 2783 τοῦ

341 2816 476 2870 Θεοῦ
497 2857 513 2883 ,
572 2818 658 2872 ἵνα
708 2818 995 2892 φανερωθῇ
1064 2821 1097 2892 ἡ
1169 2820 1523 2893 κεκρυμμένη
1579 2820 1687 2874 τῶν
1742 2820 1909 2891 ἁγίων

344 2908 524 2979 σοφία.

423 3070 624 3124 ’ἰστέον
656 3069 713 3124 δὲ
740 3072 821 3125 ὅτι
852 3064 947 3126 τοῦ
992 3072 1182 3144 νοητοῦ
1207 3073 1342 3144 πρὸς
1365 3072 1426 3127 τὸ
1450 3075 1760 3145 σωματικὸν
1792 3092 1907 3129 κοι-

344 3159 510 3214 νωνία
539 3161 811 3232 ἄφραστον
833 3150 928 3216 καὶ
953 3163 1302 3237 άνεπινόητον
1331 3164 1430 3239 τὴν
1454 3166 1747 3239 συνάφειαν
1771 3168 1902 3240 ἔχει.

341 3247 452 3301 Καὶ
479 3248 639 3303 τοῦτο
673 3251 1014 3325 προεγράφη.

888 3432 1136 3485 ΠΕΥΣΙΣ
1173 3435 1352 3490 ΡΜΑ’.

412 3519 610 3582 Καλῶς
651 3521 794 3576 πάνυ
840 3521 947 3576 τῶν
983 3520 1905 3599 περὶάνθρώπουδιευκρινηθέντων

337 3616 494 3688 ἡμῖν,
553 3613 652 3667 ποῦ
706 3629 789 3666 σοι
842 3611 989 3667 δοκεῖ
1039 3614 1303 3687 ὑπάρχειν
1349 3618 1378 3669 6
1434 3618 1791 3688 παράδεισος;
1848 3621 1907 3673 ἐν

338 3703 574 3777 οὐρανῷ,
620 3704 655 3775 ἢ
693 3703 785 3757 ἐπὶ
827 3703 971 3774 γῆςς
1022 3705 1086 3758 Οἱ
1152 3705 1250 3776 μὲν
1296 3706 1405 3778 γὰρ
1444 3707 1603 3761 αὑτὸν
1659 3707 1906 3777 λέγουσιν

339 3797 607 3868 ὑπάρχειν
660 3794 978 3867 ἐπουράνιον
1042 3795 1231 3867 νοητὸν
1255 3838 1270 3864 ,
1322 3799 1373 3851 οί
1424 3798 1481 3852 δὲ
1537 3799 1777 3869 ἐπίγειον
1822 3802 1906 3855 αἰ-

341 3888 557 3960 σθητόν.
659 3874 671 3885 ’

946 3981 1304 4049 Ἀπόκρισις.

421 4072 579 4144 Ἐμοὶ
626 4072 880 4145 αἰσθητὸς
939 4073 1088 4128 δοκεῖ
1135 4076 1420 4147 ὑπάρχειν,
1470 4077 1562 4130 καὶ
1613 4076 1705 4130 ἐπὶ
1766 4079 1902 4150 γῆς’

342 4164 530 4235 σαφῶς
569 4163 667 4218 καὶ
714 4164 963 4237 φανερῶς
1010 4165 1304 4241 διαρρήδην
1352 4164 1510 4220 τοῦτο
1556 4166 1763 4240 βοὼσης
1806 4169 1904 4242 τῆς

339 4255 489 4321 θείας
520 4256 760 4329 Γραφῆς.

400 4362 411 4375 '
886 4344 1135 4402 ΠΕΥΣῘΣ
1171 4347 1349 4403 PMB'.

404 4435 476 4490 Τί
497 4430 590 4491 οὖν
639 4435 881 4507 βούλεται
912 4436 1122 4501 Παῦλος
1163 4438 1355 4507 λέγων,
1389 4435 1532 4494 Οἲδα
1570 4438 1907 4510 ἄνθρωπον,

339 4527 455 4597 πρὸ
513 4526 665 4582 ἐτῶν
714 4527 1192 4597 δεκατεσσάρων,
1232 4529 1354 4584 εἴτε
1384 4530 1454 4584 ἐν
1505 4531 1751 4600 σώματι,
1784 4534 1905 4588 εἴτε

334 4618 513 4684 ἐκτὸς
533 4617 640 4673 τοῦ
678 4618 969 4689 σώματος,
1000 4622 1111 4675 οὐκ
1140 4619 1273 4674 οῖδα
1291 4636 1306 4651 ·
1336 4624 1369 4675 ὁ
1404 4621 1550 4688 Θεὸς
1569 4619 1731 4677 οἶδεν
1750 4640 1765 4657 ·
1805 4624 1902 4678 καί

335 4705 469 4763 οῖδα
500 4710 609 4763 τὸν
628 4697 920 4765 ’τοιοῦτον
943 4710 1268 4781 ξᾶνθρωπον
1294 4712 1633 4785 ἁρπαγέντα
1675 4718 1763 4782 είς
1798 4715 1906 4770 τὸν

334 4800 718 4868 παράδεισον,
748 4802 845 4855 καί
873 4803 1177 4872 ἀκηκοότα
1206 4801 1430 4873 ἄρρητα
1445 4804 1701 4875 ῥήματα,
1724 4802 1770 4860 ἃ
1791 4809 1903 4861 οὐκ

333 4890 480 4955 ἐξὸν
509 4888 797 4958 ἀνθρώπῳ
830 4890 1137 4961 λαλῆσαις
1170 4891 1230 4958 εξ
1250 4887 1326 4947 ὧν
1367 4892 1619 4965 δηλοῦται
1658 4894 1718 4947 ὲν
1740 4894 1902 4965 οὐρα-

334 4978 447 5039 νοῖς
491 4976 755 5048 ὑπάρχειν
785 4978 877 5032 τὸν
917 4979 1273 5051 παράδεισον·
1324 4982 1384 5035 οὐ
1414 4981 1522 5054 γὰρ
1557 4977 1730 5047 εἶπεν,
1771 4983 1903 5055 Ἀρ-

333 5064 578 5133 παγέντα
629 5067 712 5130 είς
758 5067 939 5137 τρίτον
987 5068 1235 5140 οὐρανὸν,
1291 5072 1542 5125 κάκεῖθεν
1588 5071 1901 5127 καταϐάντα

331 5157 414 5219 είς
441 5155 534 5208 τὸν
565 5156 891 5228 παράδεισον
921 5174 937 5193 ο
961 5158 1078 5212 ἀλλ’
1101 5161 1159 5213 ὲν
1202 5162 1268 5233 τῇ
1308 5161 1532 5233 ἁρπαγῇ
1573 5162 1901 5236 ἀμφοτέρων

331 5239 604 5315 ίμνήσθηδ
1574 5268 1583 5275 ο

941 5340 1293 5408 Ἆπύκρισις.

414 5423 556 5478 Ἀλλ’
586 5426 685 5480 οὐκ
734 5427 793 5481 ὲν
839 5430 941 5500 μιᾷ
986 5432 1246 5503 συντομία
1296 5431 1387 5486 τὸν
1432 5433 1658 5505 οὐρανὸν
1688 5435 1900 5492 καὶτὸν

333 5515 659 5587 παράδεισον
688 5523 1123 5593 συναπεφήνατο.
1158 5520 1345 5581 Εἶδον
1372 5525 1501 5599 γὰρ,
1558 5530 1741 5601 φησιν,
1791 5510 1898 5584 ἇν-

334 5609 572 5676 θρωπον
599 5608 938 5681 ἁρπαγέντα
967 5613 1079 5682 ἕως
1107 5618 1305 5686 τρίτου
1345 5620 1626 5690 οὐρανοῦ,
1658 5620 1752 5677 καὶ
1793 5621 1899 5679 πά-

406 5801 452 5834 ⁸³
488 5800 536 5859 ll
580 5804 709 5862 Cor.
749 5822 850 5877 xu,
886 5808 1009 5866 2-4.

1715 342 2060 399 υιΑιυιὶυδ
2090 343 2178 400 Ill.

3450 348 3593 404 i090

2027 470 2133 524 que
2184 460 2380 508 natura
2410 452 2574 509 alicui
2608 451 2889 509 vitiositati
2919 451 3178 516 obnoxia.
3227 454 3425 519 mentis
3458 469 3591 527 ope-

2025 545 2290 600 rationem
2333 543 2610 613 suscipere
2649 560 2759 600 non
2799 553 3001 611 potest,
3051 543 3156 599 nisi
3205 543 3272 600 ad
3301 545 3591 615 pristinam

2023 637 2243 694 redierit
2262 636 2571 693 sanitatem.

2088 801 2359 870 Praeterea
2387 812 2693 869 ostenditur
2721 828 2815 883 per
2847 815 2973 883 hoc,
2996 815 3145 886 quod
3168 831 3200 871 a
3229 826 3427 873 natura
3460 833 3593 889 pen-

2020 904 2112 960 det
2141 919 2315 961 mens.
2341 903 2477 960 Cum
2510 904 2657 960 enim
2688 904 2781 960 illa
2823 905 3076 963 consistit
3110 910 3170 962 et
3205 906 3441 964 excitata
3481 919 3590 975 est,

2019 994 2185 1049 etiam
2208 994 2324 1051 haec
2348 993 2533 1050 elﬁcax
2568 1003 2653 1051 est
2679 1004 2735 1049 et
2759 1004 3008 1051 movetur
3036 1015 3049 1053 :
3077 999 3381 1068 composita
3407 1009 3588 1055 autem

2019 1098 2237 1148 somno,
2282 1095 2467 1139 manet
2512 1084 2831 1141 immobilis.
2881 1084 3055 1142 Porro
3099 1103 3188 1144 res
3235 1090 3593 1162 imaginarias

1964 1168 1985 1187 '
2019 1191 2141 1246 quae
2187 1190 2282 1246 per
2327 1191 2583 1231 somnum
2630 1176 2789 1244 ﬁunt,
2834 1178 3130 1235 simulacra
3170 1183 3418 1250 quaedam
3465 1183 3588 1254 ejus

2018 1283 2139 1339 qua:
2187 1276 2272 1323 est
2309 1268 2363 1323 in
2405 1276 2588 1324 mente
2625 1269 2979 1340 operationis,
3021 1287 3143 1327 esse
3188 1282 3479 1343 putamus;
3528 1276 3588 1331 in

2017 1360 2154 1415 locis
2195 1361 2340 1415 enim
2378 1361 2615 1417 insolitis
2656 1370 2711 1417 et
2746 1364 3023 1433 perplexis
3055 1365 3346 1436 aliquoties
3387 1367 3591 1438 aliquis

2016 1452 2120 1508 sibi
2144 1452 2359 1509 videtur
2393 1468 2534 1520 esse,
2561 1455 2706 1524 quod
2734 1455 2789 1509 in
2817 1456 3073 1527 vigilante
3098 1459 3412 1528 neutiquam
3440 1460 3583 1515 acci-

2016 1544 2185 1600 deret.
2227 1545 2494 1601 Accidunt
2522 1557 2702 1601 autem
2736 1546 2851 1601 haec
2893 1548 3163 1617 aliquibus
3205 1559 3258 1604 et
3294 1564 3326 1605 a
3367 1565 3581 1606 morum

2016 1636 2426 1703 00nstitutione,
2469 1648 2710 1708 suntque
2739 1637 2844 1691 alia
2897 1636 3072 1702 fortis,
3119 1640 3226 1694 alia
3274 1640 3582 1697 meticulosi

2014 1725 2418 1795 phantasmata,
2464 1728 2570 1782 alia
2617 1727 3049 1797 intemperantis,
3089 1728 3192 1782 alia
3224 1728 3411 1795 sobrii,
3444 1745 3583 1800 pra:-

2016 1826 2161 1873 terea
2189 1826 2243 1873 et
2268 1819 2532 1885 liberalis,
2564 1828 2620 1875 et
2645 1820 2764 1890 ejus
2792 1820 2883 1890 qui
2916 1820 3241 1875 insatiabilis
3267 1829 3384 1888 est;
3405 1836 3584 1876 rema-

2015 1921 2146 1964 nent
2170 1911 2315 1965 enim
2363 1911 2418 1965 in
2449 1913 2643 1967 anima:
2667 1911 3052 1967 reminiscente
3093 1912 3222 1967 sede
3261 1912 3585 1968 diurnorum

2013 2001 2392 2056 exercitiorum
2422 2002 2578 2072 quasi
2613 2003 2826 2057 sonitus
2863 2001 3079 2056 relicti:
3113 2001 3402 2072 aliquoties
3420 2004 3591 2059 etiam.

2013 2092 2315 2148 secundum
2372 2082 2765 2163 corporearum
2814 2093 3143 2162 qualitatum
3187 2094 3589 2164 dispositiones

2013 2183 2287 2239 insomnia
2321 2183 2479 2240 ﬁunt.
2505 2184 2597 2239 Sic
2624 2184 2771 2240 enim
2802 2185 3112 2241 sitibundus
3151 2183 3219 2239 ad
3261 2184 3438 2242 fontes
3462 2200 3589 2240 esse

2013 2275 2116 2328 sibi
2148 2275 2400 2342 videtur;
2447 2283 2501 2329 et
2534 2274 2589 2329 in
2618 2276 2906 2342 conviviis,
2938 2275 3032 2346 qui
3074 2276 3181 2330 cibi
3227 2275 3444 2346 indigus
3474 2283 3581 2331 est.

2016 2364 2255 2435 Denique
2288 2365 2570 2436 multiplex
2596 2366 2936 2423 somniorum
2962 2367 3172 2438 species
3200 2374 3305 2430 est,
3342 2365 3437 2421 sed
3483 2380 3585 2420 va-

2013 2471 2118 2521 na;
2179 2471 2303 2509 nam
2360 2471 2517 2511 mens
2568 2466 2819 2512 cessante
2863 2471 3126 2512 sensuum
3159 2465 3281 2511 actu
3316 2471 3413 2526 per
3436 2470 3583 2511 som-

2010 2560 2141 2600 num
2184 2552 2453 2610 contecta,
2503 2560 2681 2615 neque
2725 2560 2819 2615 per
2852 2545 2998 2614 ipsos
3023 2544 3235 2600 elucere
3254 2552 3450 2615 potest,
3485 2560 3582 2600 ne-

2009 2650 2116 2704 que
2142 2649 2366 2705 prorsus
2395 2634 2781 2704 exstinguitur.
2816 2633 2969 2701 Quod
3001 2642 3181 2689 autem
3234 2650 3329 2689 rex
3359 2633 3581 2706 Egypti

2010 2726 2241 2791 Pharao,
2270 2733 2325 2781 et
2344 2723 2852 2781 Nabuchodonosor
2874 2740 2971 2796 per
2998 2724 3270 2781 insomnia
3298 2728 3364 2780 ad
3388 2740 3578 2783 eorum

2008 2817 2371 2889 cognitionem
2395 2816 2695 2882 ducuntur,
2727 2831 2849 2886 quae
2874 2815 3060 2871 futura
3080 2823 3259 2881 erant,
3288 2815 3338 2869 id
3361 2825 3580 2887 propter

2008 2908 2152 2964 aliud
2180 2925 2208 2963 a
2231 2907 2342 2964 Deo
2364 2909 2738 2978 dispensatum
2765 2917 2867 2975 est,
2897 2918 2958 2964 ut
2979 2907 3423 2965 manifestaretur
3451 2910 3579 2966 abs-

2008 3001 2223 3056 condita
2260 3007 2578 3055 sanctorum
2603 2998 2891 3068 sapientia.

2080 3091 2373 3147 Sciendum
2400 3105 2553 3152 vero,
2588 3090 2708 3159 ejus
2739 3089 2885 3160 quod
2918 3100 3001 3145 est
3027 3089 3337 3146 intellectile
3364 3091 3429 3145 ad
3455 3106 3579 3146 cor-
3660 3075 3667 3083 ’

2008 3198 2236 3257 porcam
2296 3182 2761 3249 communionem,
2816 3181 3144 3237 inell‘abilem
3195 3191 3251 3237 et
3302 3182 3580 3238 intellectu

2008 3274 2618 3347 incomprehensibilem
2659 3273 3100 3344 conjunctionem
3150 3272 3369 3330 habere.
3403 3274 3579 3345 Atque

2008 3366 2114 3423 hoc
2133 3367 2293 3422 etiam
2322 3366 2377 3420 in
2408 3364 2710 3436 praemissis
2739 3365 3002 3436 scriptum
3032 3373 3133 3419 est.

2418 3454 2933 3510 INTERROGATIO
2970 3454 3151 3511 CXLI.

2079 3546 2311 3612 Quando
2341 3547 2725 3616 percommode
2754 3544 2911 3601 nobis
2938 3545 3242 3615 exposuisti
3268 3562 3329 3601 ea
3353 3561 3475 3618 quae
3509 3546 3577 3602 ad

2007 3634 2283 3690 hominem
2303 3635 2610 3706 pertinent:
2638 3633 2729 3689 ubi
2754 3633 2849 3688 tibi
2880 3633 3093 3689 videtur
3116 3650 3242 3693 esse
3268 3638 3575 3706 paradisus,

2006 3742 2074 3781 an
2101 3726 2156 3780 in
2181 3728 2345 3791 caelo,
2385 3726 2473 3779 vel
2505 3727 2690 3781 terra?
2716 3724 2852 3780 Nam
2893 3726 2985 3781 alii
3016 3722 3231 3796 quidem
3272 3729 3447 3798 ipsum
3490 3730 3577 3783 di-

2008 3824 2142 3872 cunt
2182 3831 2302 3872 esse
2331 3814 2608 3869 cmlestem
2642 3822 2695 3870 et
2742 3814 3134 3880 intellectilem,
3185 3815 3277 3869 alii
3312 3830 3439 3870 vero
3474 3824 3603 3890 terg

2007 3919 2237 3965 restrem
2275 3923 2339 3963 ac
2376 3907 2653 3965 sensilem.

2634 3996 2944 4067 Responsio.
3046 4017 3051 4022 ·

2075 4085 2209 4142 Mihi
2246 4086 2466 4145 sensilis
2499 4102 2618 4144 esse
2653 4087 2889 4153 videtur,
2925 4095 2978 4142 et
3004 4086 3057 4141 in
3090 4095 3269 4156 terra;
3299 4090 3579 4148 luculente

2006 4194 2072 4235 ac
2096 4179 2385 4236 manifeste
2423 4180 2733 4250 disertequc
2766 4178 2818 4234 id
2857 4178 3196 4235 tradentibus
3224 4180 3443 4239 Litteris
3484 4199 3573 4239 sa-

2004 4268 2136 4325 eris.

2411 4357 2927 4415 INTERROGATIO
2962 4358 3169 4417 CXLII.

2077 4450 2218 4517 Quid
2251 4451 2417 4522 igitur
2452 4451 2555 4507 sibi
2581 4452 2696 4506 vult
2726 4451 2948 4519 Paulus,
2975 4451 3201 4507 dicens:
3234 4450 3374 4507 Novi
3400 4454 3572 4509 homi-

2004 4559 2144 4606 nem,
2176 4553 2296 4597 ante
2330 4558 2495 4596 annos
2528 4543 2945 4612 quatuordecim,
2973 4544 3078 4597 sive
3112 4543 3165 4596 in
3195 4560 3426 4613 corpore,
3467 4548 3575 4603 sive

2003 4642 2158 4687 extra
2193 4649 2400 4703 corpus,
2433 4633 2626 4699 nescio,
2666 4632 2802 4686 Deus
2841 4633 3021 4697 novit;
3050 4642 3101 4687 et
3128 4635 3246 4687 novi
3270 4634 3573 4705 hujusmodi

2004 4722 2264 4777 hominem
2310 4735 2521 4793 raptum
2562 4723 2618 4776 in
2654 4721 2983 4792 paradisum,
3032 4731 3082 4777 et
3126 4723 3336 4778 audisse
3377 4741 3570 4780 arcana

2003 4815 2177 4880 verba,
2200 4832 2317 4886 qum
2340 4817 2424 4887 {as
2454 4831 2557 4871 non
2586 4816 2654 4869 sit
2687 4814 2883 4868 homini
2915 4813 3057 4884 loqui
3082 4809 3159 4864 αν
3188 4813 3397 4881 Quibus
3427 4816 3570 4872 indi-

2003 4915 2164 4963 catur
2210 4908 2264 4962 in
2312 4908 2468 4964 cmlis
2516 4921 2639 4964 esse
2679 4906 3015 4976 paradisum.
3062 4903 3181 4961 Non
3218 4906 3361 4964 enim
3409 4907 3579 4977 dixit,

2004 5014 2064 5055 se
2104 5008 2318 5067 raptum
2372 5001 2425 5053 in
2469 5000 2685 5054 tertium
2737 5014 2911 5069 usque
2952 4999 3175 5066 cmlum,
3216 5008 3272 5057 et
3318 5000 3443 5057 inde
3475 5002 3567 5057 de-

2002 5090 2278 5146 scendisse
2304 5090 2356 5144 in
2390 5089 2745 5161 paradisum;
2794 5089 2890 5146 sed
2930 5089 2984 5145 in
3015 5101 3172 5163 raptu
3214 5100 3568 5166 utrorumque

2001 5185 2268 5241 meminit.

2631 5357 2931 5427 Responsio.

2076 5447 2145 5502 At
2173 5462 2279 5503 non
2311 5463 2422 5505 uno
2450 5451 2772 5520 compendio
2810 5453 3008 5508 calum
3052 5461 3107 5508 et
3143 5454 3452 5523 paradisum
3492 5456 3574 5513 si-

2004 5538 2119 5594 mul
2154 5537 2416 5595 deﬁnivit.
2452 5538 2592 5596 Novi
2611 5541 2781 5605 enim,
2816 5542 3013 5615 inquit,
3049 5543 3309 5598 hominem
3337 5553 3571 5615 raptum,

2004 5647 2166 5703 usque
2223 5630 2276 5687 in
2320 5631 2531 5687 tertium
2598 5629 2804 5700 mlum,
2866 5642 2922 5689 et
2974 5633 3180 5702 denuo,
3224 5631 3295 5691 In
3347 5638 3559 5705 paradi-
