4048 6222
463 345 594 401 I00!

463 472 599 510 sum.
632 451 955 508 Necessario
983 452 1146 522 igitur
1174 460 1352 507 vestra
1377 458 1568 506 contra
1599 466 1696 506 vos
1727 449 2040 519 usurpanda

465 546 597 599 mihi
627 560 731 598 vox
758 551 861 606 est,
894 543 1086 612 sicque
1120 543 1314 596 deinde
1345 541 1412 596 ad
1440 542 1654 596 articuli
1683 541 2039 611 quaestionem

465 634 806 688 redeundum
835 650 849 688 :
884 632 1065 687 dicitis
1093 633 1238 686 enim
1273 631 1450 700 ipsum
1496 647 1606 685 non
1635 631 1862 692 dixisse,
1895 631 2039 699 quod

462 723 825 786 descenderit,
851 724 942 778 sed
967 723 1109 793 quod
1131 731 1319 792 raptus
1348 722 1510 777 fuerit
1532 723 1586 776 in
1607 722 1922 792 paradisum
1949 740 1963 786 ;
1989 734 2041 776 et

464 815 588 868 inde
622 814 930 879 abstulerit,
972 822 1031 867 ut
1071 822 1313 884 apparet,
1361 812 1788 868 clarissimorum
1826 821 2038 882 patrum

463 897 762 956 doctrinas.
787 901 1241 971 Quandoquidem
1267 901 1410 955 enim
1451 915 1554 954 non
1594 900 1732 954 dixit
1763 915 1821 954 se
1849 915 2041 955 ascen-

463 993 607 1047 disse
636 994 689 1046 in
757 993 1091 1061 paradisum,
1147 993 1240 1046 sed
1296 1007 1362 1046 eo
1406 1003 1620 1060 raptum
1668 1006 1808 1052 esse,
1858 1005 2038 1043 annon

464 1083 747 1136 ascendit?
787 1081 842 1135 Si
876 1099 1003 1137 vero
1044 1083 1288 1136 ascendit
1318 1096 1442 1136 cum
1480 1088 1780 1149 raperetur,
1828 1087 2042 1132 constat

465 1175 610 1242 quod
654 1183 707 1227 et
747 1174 1091 1228 descenderit
1150 1173 1204 1226 in
1251 1172 1508 1243 paradiso
1567 1179 1778 1240 raptus.
1863 1169 2041 1237 Inquit
2085 1159 2096 1170 ’

464 1267 632 1328 enim,
681 1265 748 1318 Et
795 1267 912 1320 novi
958 1265 1261 1334 hujnsmodi
1300 1264 1560 1318 hominem
1605 1273 1815 1332 raptum
1853 1262 1906 1314 in
1945 1278 2039 1330 pa-

467 1358 725 1411 radisum.

857 1466 1376 1524 INTERROGATIO
1424 1465 1649 1522 CXLIII.

541 1584 644 1638 Sed
698 1584 826 1651 quia
890 1599 1051 1652 supra
1102 1599 1203 1637 nos
1257 1582 1454 1636 cmlum
1510 1579 1773 1643 cernitur,
1829 1585 2042 1631 constat

471 1674 647 1741 ipsum
689 1687 915 1725 ascensu
965 1687 1121 1725 usum
1173 1685 1314 1733 esse,
1362 1677 1420 1723 ut
1463 1682 1627 1738 supra
1671 1667 1847 1736 ipsum
1872 1673 2036 1728 esset,

469 1760 560 1813 ubi
591 1767 644 1811 et
671 1759 986 1826 paradisum
1017 1758 1390 1828 intelligimus.

1103 1848 1410 1917 Responsio.

541 1940 653 1994 Cur
688 1940 851 2010 igitur
883 1945 990 1993 non
1032 1948 1324 2008 utrumque
1357 1939 1694 2007 complexus,
1750 1938 1942 2008 inquit,
1973 1937 2041 1991 Et

469 2033 588 2085 novi
626 2031 932 2100 hujusmodi
963 2030 1224 2083 hominem
1259 2037 1472 2098 raptum
1506 2029 1556 2081 in
1590 2029 1772 2081 malum
1807 2039 1855 2081 et
1886 2045 2044 2097 para-

469 2125 683 2177 disum?
709 2123 801 2178 sed
827 2121 1112 2190 interiecto
1135 2119 1369 2173 articulo
1391 2119 1509 2171 loca
1532 2117 1800 2179 distinxit,
1822 2117 2038 2171 dicens:

471 2213 538 2266 Et
573 2213 688 2266 novi
715 2210 1015 2276 huiusmodi
1038 2209 1299 2262 hominem
1329 2217 1536 2275 raptum
1563 2207 1618 2260 in
1648 2207 1859 2259 tertium
1882 2222 2044 2274 usque

469 2304 674 2365 cretum,
709 2313 759 2356 et
793 2319 998 2365 rursus,
1040 2310 1252 2369 raptum
1286 2300 1340 2353 in
1387 2299 1722 2366 paradisum.
1766 2297 1898 2351 Illud
1946 2313 2045 2352 au-

470 2407 599 2460 tem,
629 2405 676 2450 et
711 2411 916 2458 rursus,
947 2393 1012 2448 ad
1043 2393 1211 2446 alium
1247 2385 1482 2461 aliquem
1525 2391 1704 2444 locum
1751 2389 2040 2445 transfert:

469 2488 536 2540 ad
571 2486 983 2542 similitudinem
1020 2481 1222 2537 montis
1245 2481 1439 2537 declivi
1465 2496 1661 2551 campo
1699 2480 2043 2543 circumdati,

469 2581 523 2633 in
558 2595 666 2649 quo
699 2579 742 2633 si
776 2577 899 2648 quis
934 2590 1053 2631 esse
1084 2574 1230 2639 velit,
1260 2589 1357 2644 per
1382 2573 1686 2644 ingressum
1711 2571 1766 2626 in
1793 2587 2046 2642 campum

470 2669 629 2724 facile
662 2669 714 2722 in
751 2683 875 2722 eum
907 2667 1216 2736 perveniet;
1255 2665 1300 2720 si
1332 2679 1459 2718 vero
1485 2664 1660 2734 primo
1685 2665 2048 2718 conscendere

470 2770 712 2816 montem
766 2759 1033 2822 voluerit,
1091 2767 1148 2812 et
1193 2771 1261 2811 ex
1314 2769 1380 2810 eo
1424 2756 1478 2809 in
1531 2769 1783 2824 campum
1832 2753 2044 2818 venire,

471 2853 699 2907 omnino
733 2849 1104 2907 necessarium
1134 2854 1217 2902 est
1254 2857 1314 2899 ut
1343 2845 1413 2899 ab
1441 2845 1658 2899 excelso
1703 2843 1957 2899 deveniat
1993 2844 2044 2897 in

469 2945 718 3015 planum.
766 2941 1140 2996 Consimiliter
1185 2946 1317 3008 puto
1360 2935 1900 3015 divum_Apostolum
1931 2935 2046 3004 pri-

399 3069 409 3078 -
472 3051 624 3089 mum
655 3034 878 3104 quidem
908 3033 1078 3087 caelos
1119 3030 1454 3099 ingressum,
1486 3025 1612 3080 inde
1643 3025 1697 3080 in
1733 3025 2048 3094 paradisum

471 3127 756 3181 devolasse
786 3124 1003 3179 deinde.
1049 3121 1178 3174 Fide
1208 3129 1389 3173 autem
1432 3117 1630 3188 dignus
1661 3126 1785 3171 ante
1817 3115 2048 3170 Paulum

472 3217 629 3273 testis
658 3229 840 3270 rerum
884 3213 1192 3267 divinarum
1225 3211 1437 3281 peritus
1470 3209 1559 3264 ille
1599 3208 1842 3276 Solomo,
1875 3207 2052 3263 sensi-

472 3310 579 3362 lem
616 3321 779 3376 super
821 3314 1022 3360 terram
1063 3302 1380 3374 paradisum
1413 3301 1706 3357 indicans:
1750 3300 2048 3364 Descendit,

475 3397 676 3468 inquit,
716 3398 884 3467 frater
913 3413 1055 3450 meus
1097 3395 1151 3447 in
1200 3393 1411 3446 hortum
1445 3408 1599 3446 suum
1625 3392 1692 3460 “,
1742 3391 1904 3447 simul
1944 3390 2052 3445 Do-

477 3489 614 3543 mini
658 3489 974 3558 signiticans
1011 3485 1257 3539 divinum
1291 3483 1347 3537 in
1387 3497 1610 3539 carnem
1655 3481 1969 3546 adventum,
1999 3489 2056 3535 et

476 3580 628 3634 Pauli
676 3579 730 3632 in
781 3579 898 3648 ipso
944 3584 1370 3648 praemonstrans
1417 3574 1740 3631 descensum
1775 3589 1839 3628 ex
1878 3572 2050 3636 ctelis,

477 3681 772 3741 postquam
799 3686 964 3740 supra
1002 3670 1152 3740 ipsos
1197 3685 1228 3724 a
1262 3679 1408 3724 terra
1445 3678 1633 3738 raptus
1665 3677 1831 3724 esset.
1862 3666 2054 3721 Frater

479 3772 660 3818 antem
710 3761 1023 3816 Solomonis
1069 3769 1124 3816 et
1159 3759 1315 3814 Pauli
1359 3759 1660 3815 secundum
1709 3773 1928 3813 carnem
1969 3766 2055 3812 est

477 3852 755 3916 Christus,
787 3851 879 3921 qui
910 3852 965 3905 in
995 3852 1214 3907 hortum
1242 3865 1403 3906 suum
1434 3849 1733 3906 descendit.
1765 3847 1831 3903 Et
1865 3864 2054 3903 rursus

479 3943 583 3998 alia
621 3944 831 3997 ratione
859 3942 1100 4010 ipsorum
1142 3937 1337 4005 frater,
1365 3940 1512 4009 quod
1554 3939 1716 3994 ambo
1755 3939 2055 4010 Synagogee

479 4033 686 4088 alumni
714 4031 859 4096 facti,
895 4031 1331 4088 circumcisionis
1358 4031 1592 4087 cultrum
1624 4030 1725 4085 sub
1745 4029 1878 4101 iugo
1921 4028 2056 4098 legis

480 4124 803 4179 tolerarunt.

867 4300 1378 4357 INTERROGATIO
1415 4299 1672 4356 CXLIII‘.

547 4396 689 4464 Quid
733 4394 943 4464 igitur?
982 4393 1120 4448 Num
1155 4394 1496 4448 Servatorem
1534 4391 1812 4446 Christum
1851 4403 1959 4444 non
1992 4387 2050 4442 in

483 4491 657 4553 oculis,
690 4487 782 4543 sed
823 4488 876 4540 in
912 4495 1052 4540 terra
1086 4493 1266 4554 putas,
1298 4485 1560 4549 animam,
1607 4484 1736 4537 dum
1768 4480 2052 4552 cruciﬁge-

485 4588 657 4644 retur,
681 4576 820 4646 apud
865 4574 1034 4629 Deum
1072 4575 1359 4644 deponere,
1409 4572 1719 4628 dicentem;
1777 4571 1961 4634 Pater,
2004 4570 2060 4622 in

484 4686 668 4723 manus
701 4677 819 4721 tuas
860 4664 1161 4719 commendo
1188 4665 1434 4732 spiritum
1480 4679 1651 4716 meum
1683 4662 1765 4714 3‘?
1797 4661 1864 4716 Et
1893 4661 1960 4715 ad
1984 4660 2062 4714 la—

487 4768 718 4821 tronem,
748 4756 915 4810 Hodie
942 4770 1143 4809 mecum
1171 4753 1272 4808 eris
1319 4755 1372 4807 in
1405 4753 1654 4822 paradiso
1677 4751 1765 4804 ⁸⁸⁸2
1811 4750 1867 4804 Si
1898 4750 2063 4820 igitur

488 4848 543 4900 in
569 4848 708 4900 coelo
752 4854 835 4900 est
867 4844 1006 4900 Deus
1041 4851 1094 4897 et
1124 4841 1283 4896 Pater
1317 4839 1542 4902 Christi,
1587 4837 1812 4892 omnino
1859 4837 1970 4891 illic
2006 4843 2062 4890 et

486 4938 770 5007 paradisus
801 4937 924 5002 erit,
951 4936 1004 4990 in
1035 4950 1196 5006 quem
1216 4933 1470 4988 Christus
1504 4947 1561 4987 se
1589 4929 1841 5001 promisit
1890 4928 2063 4982 intro-

488 5028 777 5083 ducturnm
796 5027 1059 5081 latronem
1086 5040 1270 5082 secum
1298 5023 1639 5079 crucifixum.

1116 5117 1423 5187 Responsio.

563 5205 948 5277 Blasphcmum
979 5213 1032 5258 et
1056 5215 1312 5262 extrema:
1352 5208 1636 5262 dementiae
1670 5205 1803 5260 mihi
1853 5204 2064 5259 videtur

490 5315 632 5366 esse,
667 5299 721 5352 in
760 5295 901 5352 caelo
939 5295 1021 5350 vel
1052 5298 1304 5364 paradiso
1335 5306 1570 5363 tantum,
1620 5306 1672 5352 et
1712 5312 1820 5350 non
1861 5295 2064 5365 ubique

490 5391 734 5446 divinum
777 5387 986 5442 Numen
1021 5400 1140 5442 esse
1194 5387 1448 5442 arbitrari
1485 5408 1498 5444 :
1533 5390 1585 5443 in
1626 5389 1882 5443 omnibus
1919 5387 2064 5442 enim

491 5485 779 5549 exsistens,
809 5481 990 5536 omnia
1023 5494 1239 5550 quoque
1263 5482 1655 5550 complectitur,
1681 5483 1942 5546 coelestia,
1963 5489 2068 5534 ter-

496 5577 712 5643 restria,
756 5575 1108 5630 subterranea
1144 5573 1412 5642 :proinde
1458 5584 1518 5630 et
1559 5575 1612 5630 in
1647 5589 1837 5628 orcum
1881 5575 2060 5643 ingre-

1512 339 1572 395 S.
1613 335 2279 401 CESARII,GREGORII
2325 334 2650 402 FRATRIS,

3577 337 3707 394 I091.

2141 449 2242 512 λιν,
2273 450 2314 500 Ε
2321 451 2374 514 lc
2416 449 2522 501 τὸν
2547 445 2930 514 παράδεισον.
2979 446 3215 514 Ἀνάγκη
3243 439 3335 499 οὖν
3361 449 3426 517 τῇ
3470 448 3708 522 ὑμετέρᾳ

2143 538 2263 591 καθ’
2295 537 2446 608 ὑμῶν
2475 535 2778 607 χρήσασθαι
2807 537 2976 606 φωνῇ,
3009 526 3113 588 εἶθ’
3140 533 3313 618 οὑτως
3357 536 3449 588 ἐπὶ
3478 537 3578 607 τὴν
3617 541 3710 609 ζὴ.

2139 645 2294 697 τησιν
2316 626 2408 679 τοῦ
2443 626 2641 698 ἄρθρου
2676 625 2929 694 φοιτῆσαι
2950 641 2965 656 ο
2999 624 3136 693 φατὲ
3165 624 3275 696 γὰρ
3323 626 3396 696 μὴ
3431 627 3711 697 εἰρηκέναι

2140 718 2322 778 αὐτὸν,
2359 718 2691 782 καταϐάντα,
2721 715 2834 770 ἀλλ’
2862 715 3180 786 ἁρπαγέντα
3208 718 3287 780 είς
3315 717 3405 769 τὸν
3449 720 3711 788 παράδειο

2142 825 2253 873 σον,
2282 809 2346 860 ἐκ
2389 807 2576 860 τούτου
2616 807 3022 874 ἀποσειόμενον,
3059 807 3134 869 ὡς
3157 805 3320 871 ἔοικε,
3346 807 3444 868 τὰς
3468 808 3576 861 τῶν
3603 810 3715 861 ἀοι-

2140 899 2312 967 δίμων
2367 893 2589 968 πατρῶν
2639 897 2905 960 παιδείας.
2965 898 3120 950 Ἐπεὶ
3148 898 3256 968 γὰρ
3290 899 3390 951 οὐκ
3428 899 3533 968 ἔφη
3581 901 3713 953 ἀνα-

2142 990 2331 1050 ϐάντα,
2361 989 2475 1042 ἀλλ’
2509 991 2844 1058 ἁρπαγέντα,
2882 991 3035 1061 παρὰ
3067 992 3222 1045 τοῦτο
3265 989 3354 1064 ἆρ’
3379 994 3477 1044 οὐκ
3521 994 3715 1047 ἀναϐἐο

2141 1077 2342 1148 ϐηκεν;
2401 1079 2464 1131 Εἰ
2513 1079 2569 1132 δὲ
2617 1079 2954 1150 ἀναϐέϐηκεν
2994 1083 3278 1151 άρπαγεὶς,
3332 1081 3573 1152 δηλονότι
3624 1086 3718 1137 καὶ

2141 1169 2512 1238 καταϐέϐηκεν
2545 1170 2602 1221 ἐν
2630 1170 2940 1242 παραδείσῳ
2969 1174 3258 1243 άρπαγείς.
3294 1174 3403 1226 Καὶ
3427 1171 3559 1230 οῖδα
3583 1157 3716 1246 ἰγὰρ,

2142 1261 2294 1329 φησὶ,
2328 1260 2436 1313 τὸν
2470 1260 2738 1316 τοιοῦτον
2773 1262 3087 1330 ἄνθρωπον
3113 1260 3454 1334 ἁρπαγέντα
3487 1268 3575 1333 εις
3610 1267 3720 1320 τὸν

2141 1349 2527 1419 παράδεισον.

2690 1466 2938 1518 ΠΕΥΣΙΣ
2975 1466 3151 1521 ΡΜΡ.

2224 1575 2363 1629 Ἀλλ’
2429 1576 2683 1648 ὑπεράνω
2729 1577 2887 1648 ἡμῶν
2940 1577 3213 1648 ὁρώμενος
3267 1577 3516 1648 οὐρανὸς,
3565 1579 3722 1651 δηλοῖ

2141 1667 2401 1721 ἀναϐάσει
2433 1667 2594 1720 αὐτὸν
2634 1669 2997 1739 χρησάμενον,
3057 1669 3312 1739 ὑπεράνω
3361 1669 3526 1723 αὐτοῦ
3561 1669 3720 1739 γενέ-

2144 1755 2289 1822 σθαι,
2331 1755 2457 1809 ἔνθα
2485 1757 2578 1810 καὶ
2609 1757 2700 1810 τὸν
2733 1758 3059 1828 παράδεισον
3093 1757 3337 1828 νοοῦμεν.

2751 1849 3113 1918 Ἀπόκρισις.

2215 1939 2312 1991 Διὰ
2341 1939 2392 1990 τί
2426 1932 2519 1991 οὖν
2551 1937 2624 2008 μὴ
2667 1937 2898 1991 συνελὼν
2927 1939 3054 2010 ἔφη,
3089 1941 3197 1994 Kal
3231 1937 3364 1996 οἶδα
3388 1941 3494 1995 τὸν
3523 1941 3724 1997 τοιοῦ-

2142 2041 2248 2079 τον
2292 2027 2604 2094 ἄνθρωπον
2649 2026 2988 2096 ἁρπαγέντα
3034 2031 3122 2095 είς
3175 2029 3282 2084 τὸν
3329 2031 3591 2098 οὐρανὸν
3623 2031 3725 2085 καί

2145 2117 2545 2186 παράδεισον;
2598 2118 2732 2172 ἀλλὰ
2787 2122 2854 2189 τῇ
2911 2119 3218 2193 μεσεμϐολῇ
3268 2122 3361 2175 τοῦ
3392 2123 3623 2194 ἄρθρου,
3657 2125 3724 2177 τὰ

2145 2209 2320 2280 χωρία
2359 2209 2628 2280 διέστησε,
2669 2211 2912 2279 φάσκων,
2953 2213 3062 2264 Kal
3113 2209 3247 2266 οἶδα
3293 2213 3400 2267 τὸν
3445 2213 3726 2268 τοιοῦτον

2145 2298 2457 2366 ἄνθρωπον
2506 2300 2844 2370 ἁρπαγέντα
2882 2300 2992 2366 ἕως
3049 2303 3245 2371 τρίτου
3293 2303 3552 2370 οὐρανοῦ
3574 2321 3589 2333 ·
3631 2302 3726 2357 και

2147 2396 2352 2453 πάλιν,
2376 2395 2718 2464 ἁρπαγέντα
2741 2398 2826 2462 εἰς
2851 2396 3220 2464 παράδεισον
3244 2415 3256 2426 ⁸
3288 2399 3351 2452 τὸ
3377 2400 3453 2465 δὲ,
3485 2399 3586 2451 καὶ
3616 2399 3725 2451 πά-

2144 2489 2264 2551 λιν,
2292 2485 2374 2554 ἐφ’
2427 2485 2613 2556 ἕτερον
2652 2485 2813 2540 τόπον
2855 2487 2978 2539 τινὰ
3029 2488 3379 2559 μεθίστησιν·
3428 2492 3572 2544 κατᾶ
3631 2493 3727 2561 τὴν

2147 2579 2332 2633 εἰκόνα
2373 2577 2466 2632 τοῦ
2499 2582 2692 2650 πρανεῖ
2729 2581 2897 2651 πεδίῳ
2943 2582 3309 2653 κυκλουμένου
3361 2585 3542 2656 ὅρους,
3599 2589 3658 2639 ἐν
3687 2581 3729 2655 ᾧ

2145 2687 2229 2734 τις
2277 2670 2524 2739 γενέσθαι
2579 2671 2874 2742 ἀγάμενος,
2940 2673 3028 2728 διὰ
3081 2675 3180 2746 τῆς
3237 2678 3331 2730 ἐπὶ
3387 2678 3481 2731 τοῦ
3537 2681 3726 2734 πεδίου

2149 2763 2392 2834 πορείας,
2425 2762 2681 2833 εὐμαρῶς
2709 2762 2882 2834 τούτῳ
2927 2766 3209 2837 ἐπιφοιτᾷ·
3258 2770 3305 2821 εἱ
3350 2769 3408 2822 δὲ
3439 2769 3729 2842 βουληθείη

2151 2851 2363 2921 πρῶτον
2396 2851 2650 2922 ἐπιϐῆναι
2684 2849 2760 2922 τῷ
2793 2851 2928 2924 δρει,
2977 2853 3035 2919 ὲξ
3091 2855 3254 2909 αὐτοῦ
3301 2856 3358 2910 δὲ
3403 2856 3481 2928 τῷ
3533 2859 3728 2930 πεδίῳ,

2153 2942 2302 2995 πᾶσα
2333 2940 2546 3012 ἀνάγκη
2581 2943 2642 2994 ὲκ
2674 2942 2768 2996 τοῦ
2817 2945 3021 3015 ὑψηλοῦ
3067 2945 3160 2998 ἐπὶ
3203 2945 3264 2999 τὸ
3312 2949 3518 3018 πρανὲς
3563 2951 3731 3004 αὐτὸν

2153 3031 2577 3102 παραγενέσθαι.
2630 3034 3032 3106 Παραπλησίως
3063 3037 3204 3090 δοκῶ
3236 3038 3326 3092 τὸν
3367 3037 3512 3108 ἱερὸν
3563 3040 3736 3096 Ἀπό-

2153 3120 2355 3184 στολον,
2399 3121 2610 3191 πρῶτον
2664 3123 2763 3194 μὲν
2817 3127 2929 3188 τοῖς
2976 3124 3224 3194 οὐρανοῖς
3272 3129 3724 3199 ὲπιφοιτήσαντα,

2151 3208 2358 3262 ἐκεῖθεν
2383 3210 2462 3272 είς
2490 3210 2582 3263 τὸν
2611 3212 2938 3281 παράδεισον
2979 3215 3338 3284 καταπτῆναι.
3384 3216 3728 3280 Ἀξιόπιστος

2151 3301 2208 3354 ἃ
2236 3301 2341 3372 πρὸ
2371 3301 2583 3355 Παύλου
2619 3303 2828 3375 μάρτυς
2855 3307 2883 3355 ὁ
2919 3305 3026 3358 τῶν
3056 3305 3216 3360 θείων
3255 3306 3411 3376 σοφὸς
3443 3305 3723 3378 Σολομὼν,

2152 3391 2407 3463 αἰσθητὸν
2427 3392 2521 3447 καὶ
2541 3393 2634 3446 ἐπὶ
2665 3390 2769 3462 γῆς
2791 3393 2964 3465 δηλῶν
2993 3395 3084 3448 τδν
3108 3397 3426 3468 παράδεισον
3446 3413 3460 3427 ·
3495 3397 3728 3467 Κατέόη

2153 3483 2284 3552 γὰρ,
2323 3484 2509 3554 φησιν,
2545 3487 2578 3538 ὁ
2614 3484 2938 3554 άδελςριδός
2965 3503 3084 3555 μου
3121 3489 3208 3552 εις
3240 3487 3347 3540 τὸν
3391 3486 3593 3555 κῆπον
3626 3492 3736 3543 αὑ-

2153 3573 2281 3638 τοῦ,
2321 3575 2455 3645 ὁμοῦ
2481 3575 2580 3646 τὴν
2611 3575 2704 3628 τοῦ
2729 3576 2933 3644 Κυρίου
2963 3578 3241 3648 σημαίνων
3269 3578 3590 3650 θεανδρικὴν
3614 3582 3736 3634 επι-

2155 3666 2423 3736 φοίτησιν,
2458 3667 2552 3720 καὶ
2577 3667 2676 3736 τὴν
2711 3666 2924 3721 Παύλου
2949 3669 3005 3720 ὲν
3041 3668 3190 3739 αὐτῷ
3222 3671 3538 3740 προφαίνων
3563 3672 3737 3726 κατάο

2155 3756 2313 3810 ϐασιν
2338 3756 2398 3822 ἐξ
2429 3757 2690 3828 οὐρανῶν,
2725 3758 2864 3830 μετὰ
2883 3759 2978 3830 τὴν
3005 3759 3115 3813 ἀπὸ
3138 3760 3238 3830 τῆς
3265 3761 3366 3832 γῆς
3394 3761 3536 3834 ὑπὲρ
3555 3763 3737 3816 αὐτῶν

2155 3846 2410 3917 ἁρπαγήν
2433 3862 2446 3875 ·
2483 3846 2708 3916 ἀδελφὸς
2737 3847 2794 3900 δὲ
2821 3848 3162 3919 Σολομῶντος
3207 3850 3299 3904 καὶ
3335 3851 3554 3905 Παύλου
3595 3854 3742 3909 κατὰ

2159 3937 2335 4008 σάρκα
2381 3938 2410 3989 ὁ
2435 3937 2692 4011 Χριστὸς,
2723 3939 2752 3990 ὁ
2791 3941 2871 4003 είς
2898 3941 2991 3995 τὸν
3023 3943 3227 4012 κόσμον
3266 3941 3433 3995 αὐτοῦ
3467 3945 3738 4010 καταϐάς.

2155 4028 2267 4080 Καὶ
2328 4027 2489 4081 πάλιν
2532 4028 2715 4101 ἕτερος
2747 4029 2971 4099 ἀδελφὸς
3019 4031 3220 4097 αὐτῶν,
3265 4033 3430 4103 ἄμφω
3468 4035 3569 4105 τῆς
3618 4054 3742 4090 συν-

2157 4119 2380 4189 αγωγῆς
2413 4118 2688 4172 ὐπότιτθοι
2729 4120 3026 4191 γενόμενοι,
3059 4122 3154 4176 καὶ
3194 4125 3292 4194 τῆς
3325 4127 3634 4198 περιτομῆς
3681 4127 3744 4181 τὸ

2162 4208 2398 4279 σιδήριον
2423 4211 2882 4281 καρτερήσαντες,
2917 4213 3010 4264 καὶ
3038 4211 3116 4281 τῷ
3142 4214 3289 4282 ζυγῷ
3315 4214 3408 4268 τοῦ
3439 4217 3636 4287 νόμον.

2715 4301 2960 4357 ΠΕΥΣΙΣ
2993 4305 3148 4357 ΡΜΡ
3169 4308 3206 4359 ⁸.
3671 4345 3686 4362 .

2225 4392 2288 4444 Τί
2335 4387 2457 4458 οὖν;
2506 4393 2733 4465 Σωτῆρα
2781 4395 3013 4465 Χριστὸν
3060 4397 3162 4450 οὑκ
3200 4400 3257 4452 ὲν
3303 4399 3575 4472 οὐρανοῖς,
3629 4398 3746 4458 ἀλλ’

2157 4484 2251 4538 ἐπὶ
2273 4487 2375 4554 γῆς
2401 4483 2636 4555 νομίζεις
2661 4486 2759 4556 τὴν
2780 4486 2955 4559 ψυχὴν
2980 4489 3038 4541 ὲν
3063 4489 3142 4560 τῷ
3173 4492 3537 4562 σταυροῦσθαι
3570 4513 3744 4568 παρα-

2159 4575 2420 4640 τίθεσθαι,
2450 4576 2691 4645 λέγοντα,
2724 4577 2936 4646 Πάτερ,
2974 4582 3062 4646 είς
3099 4581 3300 4651 χεῖράς
3334 4600 3453 4637 σου
3495 4587 3744 4655 παρατί-

2161 4670 2299 4736 θημι
2333 4667 2398 4720 τὸ
2430 4667 2662 4738 πνεῦμά
2691 4687 2807 4738 μου
2827 4687 2840 4700 ·
2875 4670 2967 4723 καὶ
3010 4671 3146 4742 πρὸς
3185 4672 3275 4725 τὸν
3305 4672 3530 4744 λῃστὴν,
3553 4675 3738 4744 Σήμε·

2153 4776 2269 4826 ρον
2299 4761 2427 4828 μετ’
2460 4759 2604 4828 ἐμοῦ
2643 4761 2759 4828 ἔσῃ
2801 4761 2870 4815 ἐν
2911 4759 2990 4826 τῷ
3037 4763 3416 4832 παραδείσῳ;
3461 4766 3525 4818 Εἰ
3557 4763 3658 4822 οὖν
3693 4769 3747 4818 ἐν

2163 4849 2376 4921 οὐρανῷ
2403 4851 2431 4902 ὁ
2460 4851 2589 4914 Θεὸς
2620 4852 2712 4904 καὶ
2738 4851 2924 4924 Πατὴρ
2953 4854 3046 4908 τοῦ
3082 4855 3339 4925 Χριστοῦ,
3375 4857 3494 4908 ἐκεῖ
3527 4859 3748 4920 πάντως

2165 4941 2257 4994 καὶ
2286 4941 2313 4992 ὁ
2346 4941 2686 5012 παράδεισος,
2719 4945 2774 4996 ἐν
2807 4936 2850 5011 ᾧ
2879 4945 2969 4998 τὸν
3005 4946 3203 5017 λῃστὴν
3240 4946 3484 5014 εἰσάγειν
3533 4950 3564 5000 ὁ
3613 4949 3750 5019 Χρι-

2167 5029 2288 5092 στὸς
2319 5030 2679 5100 ἐπηγγείλατο
2705 5034 3167 5105 συσταυρούμενον
3205 5036 3372 5104 αὐτῷ.

2785 5125 3134 5193 Ἀπόκρισις.

2237 5211 2583 5285 Βλάσφημον,
2628 5216 2723 5268 καὶ
2770 5215 2949 5287 πάσης
2987 5218 3172 5282 ἀνοίας
3213 5236 3302 5289 μοι
3352 5219 3522 5284 δοκεῖ,
3562 5221 3626 5273 ἐν
3673 5221 3760 5274 οὑ-

2171 5302 2316 5374 ρανῷ
2369 5304 2402 5375 ἢ
2448 5307 2756 5380 παραδείσῳ
2807 5309 2984 5378 μόνον,
3023 5310 3119 5362 καὶ
3162 5309 3235 5380 μὴ
3284 5311 3460 5382 πάντη
3495 5312 3556 5365 τὸ
3598 5314 3757 5367 Θεῖον

2168 5393 2405 5447 οἴεσθαι·
2451 5398 2508 5449 ὲν
2565 5400 2698 5450 πᾶσι
2743 5399 2852 5469 γὰρ
2907 5400 3170 5470 ὑπάρχον,
3225 5400 3321 5454 καὶ
3369 5401 3593 5455 πάντων
3637 5403 3757 5456 ἐστὶ

2171 5485 2515 5553 περιεκτικδν
2552 5487 2814 5559 οὐρανίων
2861 5507 2920 5542 τε
2965 5490 3058 5544 καὶ
3107 5491 3396 5559 ἐπιγείων,
3446 5492 3542 5544 καὶ
3583 5511 3761 5547 κατα-

2166 5569 2388 5640 χθονίων
2407 5589 2420 5604 ο
2451 5573 2589 5629 ὥστε
2615 5571 2706 5632 οὖν
2729 5578 2820 5632 καλ⁷
2853 5579 2908 5635 ὲν
2936 5579 3012 5650 τῷ
3035 5579 3136 5652 ᾄδῃ
3163 5582 3493 5652 φοιτήσασαν
3517 5581 3624 5653 τὴν
3651 5578 3757 5639 τοῦ

561 5759 607 5792 ⁸⁸
649 5766 805 5830 Cant.
855 5783 929 5836 Vl,
988 5767 1035 5834 Ι,
1081 5782 1191 5823 sec.
1249 5767 1411 5824 LXX.
1489 5770 1534 5802 ⁸⁸
1579 5769 1712 5826 Luc.
1749 5785 1907 5839 xxur,
1958 5771 2026 5826 46

2154 5771 2170 5804 ⁵
2217 5771 2349 5830 ibid.
2386 5774 2474 5830 45.
