4048 6222
267 255 403 313 1096

262 373 401 428 Θεοῦ
448 373 542 430 καὶ
592 374 764 445 Λόγου
819 374 1190 447 σαρκωθέντος
1221 374 1419 445 ψυχὴν,
1469 372 1528 427 ὲν
1568 373 1688 436 ταῖς
1737 389 1843 425 παι

264 464 469 536 τρῴαις
481 466 669 537 χερσὶν
702 465 873 538 αὐτὴν
910 467 1178 538 ὑπάρχειν
1204 464 1414 536 φαμέν·
1451 466 1509 517 ὲν
1539 463 1851 535 παραδείσῳ

263 553 322 607 δὲ
351 552 629 624 γινόμενον
656 555 891 628 Χριστὸν
925 558 991 628 τῇ
1022 555 1255 627 θεότητι,
1277 555 1372 610 καὶ
1402 553 1497 608 τοῦ
1525 551 1724 626 λῃστοῦ
1752 552 1852 625 τὴν

262 647 441 720 ψυχὴν
480 649 915 721 συνεπαγόμενον
933 667 948 681 ·
998 651 1092 705 καὶ
1142 650 1314 715 οὕτως
1348 652 1472 714 ταῖς
1512 648 1607 705 τοῦ
1647 649 1849 721 Γεννή-

260 753 424 810 τορος
478 739 757 811 παλάμαις
807 739 1170 795 ἐνδιαιτᾶσθαι
1236 740 1399 795 αὐτὸν
1458 736 1845 810 ὁμολογοῦμεν.

270 829 332 884 '0
361 826 474 903 γὰρ
502 829 649 896 Θεὸς
673 828 840 899 ἡμῶν
868 830 937 883 ἐν
961 830 1039 896 τῷ
1066 828 1296 900 οὐρανῷ
1333 828 1430 884 καί
1454 828 1523 883 ἐν
1547 828 1623 898 τῇ
1654 828 1752 899 τῇ,
1781 830 1852 884 ἐν

261 916 398 983 ταῖς
434 916 794 983 θαλάσσαις,
846 917 942 972 καὶ
998 918 1069 972 ἐν
1112 917 1335 984 πάσαις
1378 916 1505 986 ταῖς
1537 919 1848 991 ἀϐύσσοις,

264 1006 403 1077 φησὶ
430 1005 594 1060 Δαὸὶδ
623 1008 652 1060 6
676 1006 784 1060 τῶν
820 1006 979 1060 θείων
1009 1007 1242 1079 μελῳδός
1260 1025 1273 1038 ”
1302 1008 1395 1063 καὶ
1428 1008 1608 1074 πάλιν,
1638 1009 1757 1062 Ὅτι
1782 1009 1851 1063 ἐν

263 1096 343 1167 τῇ
375 1097 527 1166 χειρί
560 1097 750 1152 αὐτοῦ
794 1097 869 1151 τὰ
910 1097 1133 1167 πέρατα
1170 1096 1282 1168 τῆς
1315 1098 1459 1169 γῆς·
1490 1100 1586 1153 καὶ
1627 1099 1787 1154 πάλιν
1823 1101 1851 1153 6

264 1187 454 1253 αὐτὸς,
497 1186 633 1241 Ἐὰν
681 1188 879 1241 ἁναϐῶ
916 1190 1003 1255 είς
1039 1187 1145 1242 τὸν
1180 1190 1457 1258 οὐρανὸν,
1488 1190 1569 1244 σὺ
1604 1185 1847 1244 ἐκεῖ.εϊ’

264 1276 377 1330 ἐὰν
411 1275 642 1330 καταϐῶ
669 1280 755 1343 εις
791 1278 899 1331 τὸν
926 1278 1101 1347 ᾅδην,
1128 1278 1319 1348 πάρει.
1355 1281 1418 1334 El
1462 1280 1520 1334 δὲ
1560 1281 1589 1334 6
1624 1279 1850 1352 οὐρανὸς

266 1365 485 1421 πάντων
515 1366 663 1421 ἐστὶν
688 1366 1007 1439 ὑπέρτερος,
1039 1367 1172 1440 ᾅδης
1202 1369 1258 1423 δὲ
1299 1369 1410 1423 τῶν
1452 1369 1588 1423 ὅλων
1633 1368 1852 1440 βαθύτε-

269 1475 383 1529 ρος,
409 1459 468 1510 ὲν
487 1456 694 1521 τούτοις
717 1457 774 1511 δὲ
799 1457 860 1511 τὸ
879 1457 1030 1512 Θεῖον
1057 1458 1308 1531 ὑπάρχει,
1333 1460 1450 1530 ἅμα
1472 1477 1531 1514 τε
1555 1459 1650 1515 καὶ
1673 1460 1852 1516 πάντα

266 1550 544 1623 περιέχειν
569 1549 766 1620 βοῶσιν
786 1547 838 1604 'ol
862 1549 1159 1617 θεσπέσιοι,
1187 1552 1426 1623 δηλονότι
1455 1553 1549 1608 καὶ
1567 1555 1596 1606 ό
1618 1546 1850 1624 Χριστὸς

265 1645 334 1714 τῇ
371 1642 580 1713 θεότητι
612 1642 786 1714 πάντη
818 1642 1123 1716 συμπαρὼν
1148 1644 1229 1716 τῷ
1252 1645 1448 1715 Πατρὶ,
1475 1646 1535 1698 ὲν
1572 1648 1694 1709 ταῖς
1716 1662 1843 1717 χερ-

268 1734 356 1787 σὶν
411 1731 575 1788 αὐτοῦ
623 1732 977 1805 παρατίθεται
1025 1733 1125 1805 τὴν
1164 1735 1363 1805 ψυχήν.
1400 1736 1465 1789 El
1509 1734 1619 1806 γὰρ
1646 1738 1839 1808 ψυχαὶ

265 1820 757 1893 δικαίωνένχειρί
774 1824 1016 1895 Κυρίου,
1059 1826 1243 1891 καθώς
1272 1843 1437 1898 φησιν
1467 1829 1496 1881 6
1523 1827 1835 1899 Προφήτης,

268 1911 449 1984 πολλῷ
474 1913 673 1984 μᾶλλον
694 1913 788 1968 τοῦ
813 1913 949 1969 Θεοῦ
982 1917 1076 1970 καὶ
1112 1916 1286 1985 Λόγου
1302 1933 1317 1949 ο
1349 1917 1479 1988 παρ’
1505 1909 1566 1970 οὗ
1599 1917 1838 1985 ἐπίγειον

267 2003 365 2057 καὶ
388 2002 641 2075 αίσθητδν
676 2003 939 2077 ὑπάρχειν
964 2004 1056 2059 τὸν
1082 2005 1407 2077 παράδεισον
1437 2002 1798 2075 παιδευόμεθα
1817 2019 1832 2035 ο

266 2095 330 2148 ού
362 2094 469 2164 γάρ
500 2111 632 2167 φησι
664 2094 743 2165 τῷ
775 2093 868 2148 ἐπὶ
920 2094 1076 2160 ξύλου
1121 2096 1606 2168 συναπῃωρημένῳ
1646 2095 1841 2167 λῃστῇ,

267 2184 536 2256 Σήμερον
548 2186 676 2257 μετ’
702 2185 847 2256 ἐμοῦ
875 2187 990 2257 ἔσῃ
1005 2186 1076 2241 ἐν
1102 2186 1182 2254 τῷ
1206 2186 1576 2256 παραδείσῳ;
1604 2188 1844 2244 Ἀντεισ-

268 2280 391 2349 ἀγει
447 2279 624 2333 τοίνυν
661 2279 719 2331 ὲν
760 2279 1073 2351 παραδείσῳ
1115 2280 1145 2333 6
1187 2280 1279 2334 τὸν
1311 2279 1514 2351 λῃστὴν
1547 2279 1718 2351 Ἀδὰμ
1750 2281 1841 2348 ἐξ-

267 2371 475 2442 opicae,
497 2369 589 2423 τὸν
614 2368 853 2440 δυσμενῆ
883 2369 1087 2442 λῃστὴν
1118 2369 1364 2440 ἐλεήσας.

417 2441 424 2447 ⁷
828 2441 1077 2514 nam:
1104 2459 1282 2514 PMA'.

338 2552 402 2605 Τί
431 2548 527 2606 οὖν
567 2550 812 2622 βούλεται
851 2551 1099 2616 Ἡσαΐας,
1134 2553 1200 2605 ἑκ
1244 2550 1537 2623 προσώπου
1567 2553 1663 2608 τοῦ
1707 2554 1842 2608 Θεοῦ

265 2644 461 2718 λέγων,
503 2643 627 2699 Ἐπί
650 2642 767 2699 τῶν
790 2642 1005 2714 χειρῶν
1025 2660 1145 2715 μου
1186 2643 1574 2716 ἐζωγράφησά
1609 2661 1725 2700 σου
1771 2648 1843 2702 τὰ

267 2742 469 2810 τείχης
500 2741 637 2812 ὅπερ
669 2739 893 2811 νοοῦμεν
924 2740 1051 2811 περὶ
1087 2738 1182 2793 τοῦ
1215 2739 1537 2811 παραδείσου
1565 2741 1838 2809 λέγεσθαι.

268 2833 379 2888 Καὶ
402 2836 432 2886 6
470 2830 786 2895 ’Δπόστολυς
808 2830 866 2884 δὲ
895 2829 1051 2884 τοῦτο
1077 2829 1250 2901 δηλῶν
1277 2832 1499 2901 γράφει,
1540 2830 1603 2887 Ἠ
1623 2830 1694 2884 δὲ
1720 2830 1842 2885 ἅνω

280 2924 663 2994 Ἰερουσαλὴμ
709 2921 992 2992 ἐλευθέρα
1033 2921 1224 2988 ἐστὶν,
1266 2922 1394 2990 ἥτις
1441 2923 1615 2978 ἐστίν
1644 2922 1843 2994 μήτηρ

268 3013 466 3085 ἡμῶν·
504 3013 693 3085 ἥντινα
746 3011 846 3066 οὐκ
898 3008 1064 3081 ἄλλην
1119 3009 1411 3083 δοκοῦμεν,
1463 3010 1497 3081 ἢ
1545 3009 1636 3065 τὸν
1674 3009 1843 3081 παρά-

270 3105 461 3162 δεισον.

871 3198 1232 3268 Ἀπόκρισις.

339 3287 664 3361 Συνηγορεῖν
691 3245 1298 3361 μᾶλλονῡῖήῄκαδτηγορεῖν
1333 3302 1422 3359 μοι
1459 3285 1692 3353 ἐοίκατε,
1721 3284 1843 3339 ἀντὶ
1870 3245 1883 3256 ⁸

273 3378 598 3451 παραδείσου
644 3380 951 3450 φυτοκόμου
986 3380 1083 3436 καὶ
1125 3375 1518 3449 φρουροπώρου
1556 3375 1717 3431 πόλιν
1746 3374 1844 3429 καὶ

270 3469 424 3540 τείχη
458 3486 547 3540 μοι
576 3469 936 3542 παράγοντες.
970 3467 1073 3533 Τίς
1112 3468 1169 3523 δὲ
1207 3470 1301 3522 καὶ
1338 3466 1624 3537 ὁμωνυμία
1653 3481 1845 3536 παρα-

271 3559 449 3615 δείσου
480 3561 573 3614 καὶ
605 3553 975 3633 Ἰερουσαλὴμ,
1017 3559 1051 3631 ἢ
1099 3558 1330 3630 οὐρανοῦ
1378 3558 1473 3611 καὶ
1515 3557 1616 3627 τῆς
1664 3555 1843 3627 Ἑδὲμ,

273 3651 332 3703 ὲν
355 3643 391 3725 ᾖ
419 3649 511 3704 τὸν
551 3649 877 3720 παράδεισον
919 3647 1125 3719 Μωσῆς
1151 3647 1255 3701 ὑπὸ
1280 3644 1416 3700 Θεοῦ
1451 3644 1739 3715 γενόμενον
1760 3642 1849 3714 δη-

273 3744 375 3808 λοῖ,
405 3744 647 3813 φάσκων,
696 3740 805 3795 Καὶ
862 3741 1196 3810 ἐφύτευσεν
1233 3742 1267 3793 ό
1307 3738 1450 3805 Θεὸς
1482 3735 1849 3805 παράδεισον

270 3834 342 3888 ὲν
377 3832 549 3903 Ἐδὲμ
581 3832 729 3887 κατὰ
751 3830 1074 3897 ἀνατολάς·
1109 3829 1229 3899 οὐχὶ
1274 3828 1332 3881 δὲ
1375 3829 1434 3883 ὲν
1465 3826 1679 3899 οὐρανῷ
1707 3825 1849 3880 κατὰ

271 3923 562 3987 ἀνατολάς⁸
602 3924 709 3978 Καὶ
762 3922 943 3992 πηγὴ,
976 3921 1163 3992 φησὶν,
1207 3919 1511 3975 ἀναϐαίνει
1561 3917 1632 3983 ἐξ
1682 3917 1850 3987 Ἐδέμ

272 4016 531 4078 ποτίζειν
554 4014 663 4069 τὸν
690 4015 1083 4085 παράδεισον·
1119 4012 1237 4083 οὐχὶ
1263 4011 1319 4065 δὲ
1344 4009 1658 4093 καταϐαίνει
1682 4009 1741 4077 ἐξ
1767 4010 1852 4064 οὐ·

275 4106 468 4180 ρανοῦ·
498 4107 608 4162 Καὶ
653 4106 915 4176 ποταμὸς
957 4104 1341 4172 ἐκπορεύεται
1389 4101 1460 4166 ἐξ
1495 4099 1684 4171 Ἑδὲμ,
1728 4101 1849 4172 οὐχὶ

273 4200 329 4254 δὲ
353 4199 594 4253 κάτεισιν
615 4197 673 4265 ἐξ
697 4196 937 4270 οὐρανῶν
955 4213 971 4229 ·
1008 4189 1215 4260 οὗτος,
1248 4191 1401 4264 φησὶ,
1448 4191 1733 4262 μερίζεται
1762 4193 1849 4257 είς

273 4290 577 4359 τέσσαρας
611 4288 819 4359 ἀρχὰς,
847 4287 965 4358 οὐχὶ
986 4286 1044 4341 δὲ
1066 4286 1333 4359 καταρρεῖ
1352 4286 1433 4348 είς
1462 4283 1637 4356 ἀρχὰς
1660 4282 1849 4338 τέσσα-

276 4399 406 4456 ραςς
428 4380 541 4435 Ποῦ
586 4380 644 4433 δὲ
673 4381 732 4434 ὲν
770 4378 982 4451 οὐρανῷ
1028 4380 1206 4443 συκαῖ,
1246 4376 1507 4447 φοίνικες,
1553 4375 1648 4429 καὶ
1702 4374 1843 4446 ῥοαὶ,

276 4474 371 4529 καὶ
394 4471 469 4526 τά
492 4471 673 4538 λοιπά,
699 4466 780 4535 οἷς
806 4470 1129 4543 παράδεισος
1157 4467 1478 4536 πυκάζεται,
1511 4468 1605 4522 καὶ
1634 4468 1847 4523 θάλλειν

277 4564 524 4635 πέφυκες
561 4562 672 4619 Ποῦ
699 4563 756 4617 δὲ
782 4564 838 4616 ὲν
864 4562 1112 4634 οὐρανοῖς
1132 4560 1308 4633 κρήνη
1349 4560 1444 4613 καὶ
1474 4559 1726 4630 ποταμοὶ,
1752 4560 1849 4613 καὶ

278 4656 444 4726 φυτὸν
476 4653 865 4726 παραϐάσεως;
915 4653 1114 4706 ¹’Διιουε
1145 4649 1323 4706 τοίνυν
1352 4648 1448 4704 τοῦ
1492 4647 1847 4719 συγγραφέως

276 4745 400 4808 τοὺς
430 4745 498 4797 ὲκ
527 4743 653 4814 μιᾶς
692 4743 899 4814 κρήνης
945 4738 1312 4812 άπορῤἑοντας
1360 4737 1632 4808 τέσσαρας
1669 4753 1851 4790 ποτα-

281 4836 415 4905 μοὺς
438 4832 954 4906 προσαγορεύοντος,
981 4832 1076 4886 καὶ
1101 4831 1265 4886 οἱονεὶ
1288 4829 1850 4895 δακωλοδεικτοῦντος

279 4924 478 4986 αὐτοὺς
497 4926 563 4995 τῇ
594 4923 953 4995 προσηγορίᾳ.
980 4927 1087 4978 Καὶ
1119 4921 1306 4991 ὄνομα
1329 4919 1410 4985 τῷ
1435 4919 1525 4974 ἐνί
1557 4920 1848 4976 Φεισσών.

283 5010 472 5080 Οὗτος
502 5013 571 5067 δὲ
602 5014 717 5083 τὴν
743 5015 1070 5080 Αἰθιοπίαν,
1116 5013 1269 5085 φησὶ,
1303 5011 1400 5067 καί
1434 5011 1550 5080 τὴν
1592 5011 1855 5081 Ἰνδικὴν

280 5104 649 5173 παροδεύων,
681 5103 920 5175 Γάγγης
948 5103 1084 5173 παρ’
1106 5102 1304 5158 αὐτῶν
1322 5104 1820 5171 προσαγορεύεται
1836 5120 1851 5134 ·

281 5195 436 5266 παρὰ
493 5194 552 5250 δὲ
610 5195 864 5268 Ἕλλησιν
918 5195 1131 5267 Ἴστρος
1187 5195 1282 5248 καὶ
1340 5192 1498 5256 Ἰνδὸς
1574 5193 1814 5264 ποταμός
1835 5210 1851 5224 ⁵

283 5285 438 5356 παρὰ
463 5286 521 5339 δὲ
561 5286 838 5360 Ἰλλυριοῖς
862 5288 955 5341 καὶ
996 5286 1290 5348 Ῥιπιανοῖς
1313 5286 1424 5347 τοῖς
1450 5286 1731 5355 παροικοϊς
1760 5284 1852 5339 τοῦ

286 5378 537 5449 Ἴστρου,
589 5378 894 5449 Δανούϐηςο
952 5377 1104 5450 παρὰ
1157 5377 1213 5430 δὲ
1264 5374 1479 5439 Γάτθοις
1525 5374 1849 5440 Δουναῦτις·

284 5471 468 5524 πᾶσαν
491 5468 548 5523 δὲ
588 5468 687 5541 τὴν
713 5470 818 5541 γῆν
857 5470 1054 5525 Εύῖλάτ
1086 5467 1321 5532 κυκλῶν,
1347 5466 1442 5538 τὴν
1476 5468 1733 5540 δευτέραν
1763 5468 1855 5522 Al-

358 5653 407 5685 "
448 5651 593 5710 Psai.
628 5664 849 5715 cxxnv,
896 5648 949 5703 6.
1023 5648 1068 5680 ⁸⁸
1109 5645 1255 5701 Psal.
1293 5658 1436 5708 xcw,
1471 5644 1524 5698 ιι.
1590 5643 1643 5715 ί⁸⁹
1684 5641 2166 5715 Ρεειηεμτνιηλ
2294 5632 2507 5715 _“_§ap

1638 249 1990 311 DIALOGUS
2056 251 2145 308 III.

3384 258 3523 312 1091.

1950 372 2187 427 dientem
2217 372 2310 427 Dei
2331 381 2386 428 et
2426 371 2586 428 Verbi
2622 373 2888 428 incarnati
2929 386 3149 428 carnem
3184 374 3239 428 in
3282 376 3526 443 paternis

1953 462 2206 517 manibus
2242 477 2363 519 esse
2412 463 2666 519 dicimus.
2716 462 2773 518 In
2826 463 3081 534 paradiso
3127 471 3308 520 autem
3352 464 3526 522 fuisse

1949 552 2230 609 Christum
2259 554 2564 619 divinitate,
2603 563 2657 609 et
2693 570 2801 609 una
2830 555 3060 610 latronis
3080 554 3319 609 animam
3353 553 3527 610 addu-

1950 643 2118 710 xisse,
2170 645 2362 716 sicque
2414 646 2471 699 in
2500 645 2780 719 Genitoris
2828 646 3085 701 manibus
3130 646 3310 716 ipsum
3353 645 3525 703 fuisse

1951 734 2291 790 conﬁtemur.
2327 734 2468 790 Deus
2497 736 2642 791 enim
2673 745 2849 791 noster
2864 738 2918 791 in
2944 736 3096 799 ctelo,
3121 746 3170 791 et
3192 737 3248 790 in
3280 746 3442 804 terra,
3471 746 3524 792 et

1950 824 2006 879 in
2031 825 2187 892 mari,
2212 835 2259 879 et
2286 825 2340 878 in
2363 826 2604 882 omnibus
2638 826 2844 897 abyssis
2864 825 2934 894 ⁸⁷,
2972 827 3147 898 inquit
3180 825 3412 883 Davides
3436 826 3524 883 di-

1949 915 2199 972 vinorum
2250 916 2341 972 ille
2384 918 2685 972 carminum
2734 926 2926 974 auctor
2962 928 3056 975 :et
3108 935 3302 975 rursus
3333 938 3345 974 :
3371 918 3522 984 Quo-

1952 1009 2093 1061 niam
2122 1008 2176 1061 in
2199 1025 2358 1062 manu
2386 1009 2500 1077 ejus
2527 1021 2646 1063 sunt
2685 1010 2816 1078 fines
2852 1019 3007 1066 terra:
3024 1010 3071 1043 ⁸⁸
3093 1029 3108 1078 ;
3134 1019 3189 1066 et
3210 1011 3403 1066 iterum
3435 1010 3520 1066 iu-

1950 1101 2070 1171 quit
2112 1100 2253 1156 idem
2287 1119 2301 1156 :
2343 1101 2405 1156 Si
2430 1103 2484 1156 in
2525 1102 2710 1157 calum
2748 1104 3051 1167 ascendere,
3108 1113 3164 1156 tu
3194 1103 3308 1157 illic
3327 1119 3418 1169 es;
3471 1105 3521 1157 si

1927 1192 2259 1248 .descendero
2304 1193 2361 1247 in
2386 1209 2586 1260 arcum,
2649 1202 2703 1247 tu
2765 1194 2972 1248 ades”.
3020 1193 3173 1260 Quod
3227 1194 3270 1251 si
3316 1194 3518 1250 celum

1950 1286 2191 1341 omnium
2217 1294 2300 1341 est
2328 1301 2626 1352 summum,
2679 1301 2844 1342 orcus
2889 1296 3071 1342 autem
3115 1288 3358 1343 omnium
3395 1286 3519 1342 inti-

1949 1392 2096 1442 mus,
2122 1384 2175 1431 et
2207 1376 2262 1431 in
2293 1376 2360 1433 iis
2392 1375 2602 1433 Numen
2653 1387 2755 1443 est,
2792 1378 3062 1447 simulque
3102 1378 3280 1447 ipsum
3332 1377 3517 1433 omnia

1952 1466 2227 1522 continere
2298 1468 2539 1523 clamant
2590 1467 2694 1521 viri
2731 1467 2900 1522 divini
2929 1486 2942 1522 :
2970 1477 3203 1532 constat,
3240 1456 3412 1538 ,quod
3463 1480 3518 1525 et

1952 1554 2201 1612 Christus
2244 1557 2531 1613 divinitate
2575 1557 2778 1628 ubique
2821 1573 3062 1627 praesens
3100 1556 3269 1623 Patri,
3318 1560 3518 1614 nihilo-

1952 1648 2133 1703 minus
2173 1647 2228 1701 in
2258 1649 2513 1704 manibus
2544 1647 2665 1719 ejus
2678 1649 2990 1718 deposuerit
3020 1648 3353 1705 animam.Si
3369 1650 3516 1706 enim

1944 1736 2421 1806 animtejustorum
2449 1737 2505 1791 in
2536 1753 2701 1792 manu
2732 1737 2942 1792 Domini
2961 1739 3027 1804 ’°,
3055 1740 3517 1808 quemadmodum

1941 1822 2116 1897 inquit
2144 1826 2435 1898 Propheta,
2465 1827 2639 1882 multo
2665 1829 2838 1899 magis
2865 1828 2959 1884 Dei
2990 1838 3044 1884 et
3076 1830 3241 1885 Verbi
3267 1872 3282 1895 ,
3311 1830 3379 1886 de
3407 1846 3518 1902 quo

1938 1921 2247 1970 terrestrem
2289 1923 2345 1971 et
2383 1916 2639 1972 sensilem
2695 1932 2817 1974 esse
2847 1918 3162 1989 paradisum
3207 1921 3513 1990 docemur;

1939 2020 2049 2060 non
2071 2006 2214 2061 enim
2242 2007 2421 2079 inquit
2459 2009 2528 2064 ad
2580 2008 2847 2065 latronem
2896 2011 2950 2065 in
2975 2011 3123 2082 ligno
3168 2027 3355 2070 secum
3393 2030 3519 2072 sus-

1946 2108 2199 2164 pensum,
2242 2097 2413 2152 Hodie
2433 2115 2632 2154 mecum
2649 2100 2754 2155 eris
2776 2101 2831 2155 in
2851 2099 3141 2171 paradiso?
3168 2102 3399 2161 Reducit
3419 2106 3521 2177 igi-

1948 2193 2039 2241 tur
2068 2186 2120 2241 in
2160 2188 2476 2258 paradisum
2526 2191 2620 2262 qui
2658 2192 2925 2248 latronem
2973 2193 3243 2250 Adamum
3276 2196 3329 2250 in
3374 2197 3521 2253 exsi-

1946 2274 2079 2332 lium
2120 2288 2324 2350 egerat,
2371 2280 2655 2338 inimicum
2703 2284 2991 2350 latronem,
3056 2284 3216 2356 cujus
3262 2288 3520 2344 misertus

1945 2380 2079 2426 erat.

2324 2459 2839 2518 INTERROGATIO
2893 2461 3124 2518 CXLIV.

2013 2548 2153 2616 Quid
2190 2551 2355 2622 igitur
2393 2552 2497 2608 sibi
2545 2552 2659 2608 vult
2698 2552 2890 2619 Isaias,
2932 2552 2988 2607 in
3022 2567 3252 2624 persona
3296 2552 3389 2609 Dei
3433 2553 3519 2610 (Ιί⁴

1943 2655 2073 2696 oens
2106 2656 2118 2694 :
2154 2638 2221 2696 In
2254 2642 2507 2711 manibus
2541 2643 2669 2698 meis
2720 2644 2934 2713 depinxi
2973 2660 3152 2699 muros
3192 2644 3416 2699 tuos"?
3460 2643 3518 2700 Id

1945 2732 2091 2803 quod
2121 2733 2190 2788 de
2222 2735 2477 2804 paradiso
2505 2735 2613 2792 dici
2650 2736 3021 2806 intelligimus.
3051 2735 3156 2793 Sed
3195 2747 3251 2793 et
3276 2739 3517 2808 Aposto-

1944 2822 2030 2877 lus
2059 2822 2197 2877 idem
2232 2822 2317 2879 bis
2344 2823 2525 2880 verbis
2552 2824 2927 2890 indicat,_Quaz
2958 2841 3168 2880 sursum
3200 2838 3298 2893 est,
3325 2826 3520 2882 Πίονος

1947 2912 2170 2982 solyma,
2207 2912 2374 2967 libera
2421 2922 2517 2976 est,
2561 2930 2679 2984 quae
2733 2924 2810 2969 est
2867 2925 3036 2970 mater
3069 2926 3252 2970 nostra
3274 2916 3343 2971 ".
3384 2914 3521 2972 Eam

1948 3020 2076 3061 vero
2105 3005 2308 3059 nullam
2338 3013 2597 3076 putamus
2629 3005 2815 3071 aliam,
2849 3021 3014 3076 quam
3047 3006 3388 3078 paradisum.

2579 3184 2888 3256 Responsio.

2011 3273 2353 3330 Patrocinari
2410 3272 2596 3344 potius
2647 3289 2812 3345 quam
2858 3274 3137 3332 adversari
3192 3277 3325 3333 mihi
3373 3276 3524 3334 vide-

1944 3365 2077 3420 mini
2103 3379 2203 3435 pro
2230 3364 2489 3434 paradiso
2514 3364 2805 3420 arboribus
2828 3366 3044 3421 consito
3072 3376 3127 3422 et
3151 3382 3314 3437 poma
3345 3378 3526 3425 custo-

1946 3454 2149 3520 diente,
2177 3454 2453 3509 civitatem
2484 3461 2540 3508 et
2562 3468 2755 3509 muros
2784 3454 2919 3508 mihi
2940 3454 3294 3513 adducentes.
3313 3457 3413 3514 Est
3426 3475 3525 3515 au-

1948 3535 2056 3600 tem
2083 3544 2245 3599 etiam
2305 3541 2668 3612 aeqnivocatio
2723 3542 2962 3613 paradisi
3015 3551 3071 3599 et
3107 3543 3520 3619 Hierosolyma,

1950 3634 2036 3691 vel
2060 3634 2185 3691 οωιὶ
2210 3641 2266 3689 et
2299 3632 2492 3696 Edem,
2515 3632 2608 3687 ubi
2643 3632 2957 3702 paradisum
2987 3649 3017 3688 a
3050 3633 3162 3690 Deo
3176 3635 3376 3693 factum
3402 3638 3523 3696 Mo-

1949 3739 2036 3782 ses
2064 3724 2287 3791 indicat,
2319 3722 2504 3779 dieens
2531 3738 2546 3777 :
2583 3720 2654 3777 Et
2681 3722 2944 3792 plantavit
2969 3722 3109 3778 Deus
3137 3726 3444 3793 paradisum
3466 3731 3523 3783 in

1951 3813 2116 3869 Edem
2137 3814 2207 3868 ad
2244 3814 2494 3867 orientem
2517 3811 2564 3844 "
2594 3829 2609 3866 :
2644 3825 2754 3866 non
2792 3822 2972 3867 autem
3002 3813 3057 3869 in
3086 3814 3225 3869 caalo
3244 3815 3310 3870 ad
3336 3815 3521 3871 orien-

1949 3914 2078 3963 tem.
2134 3904 2203 3958 Et
2223 3903 2363 3973 fons,
2403 3901 2601 3972 inquit,
2629 3902 2865 3956 ascendit
2896 3918 2963 3959 ea:
3002 3902 3170 3958 Edent
3193 3906 3264 3959 ad
3290 3905 3524 3975 irrigan-

1948 3996 2077 4050 dum
2105 3992 2519 4065 paradisum”:
2558 4006 2667 4047 non
2702 4000 2905 4060 autem,
2939 3993 3221 4050 descendit
3256 4010 3325 4051 ex
3358 3996 3519 4053 caelo.

1949 4085 2021 4142 Et
2056 4086 2248 4156 ﬂuvius
2280 4083 2550 4156 egreditur
2575 4098 2641 4138 ea:
2669 4081 2915 4151 Edent”,
2932 4100 3043 4140 non
3071 4092 3274 4154 autem,
3298 4087 3524 4144 descen-

1947 4182 2028 4237 dit
2057 4196 2123 4238 ει
2146 4178 2321 4236 cadis.
2350 4177 2476 4243 Hic,
2506 4176 2705 4248 inquit,
2738 4177 2998 4232 dividitur
3023 4179 3080 4233 in
3118 4190 3348 4249 quatuor
3376 4180 3525 4250 prin-

1949 4274 2090 4344 cipia
2104 4273 2173 4337 ",
2198 4286 2309 4326 non
2341 4280 2549 4336 autem,
2577 4270 2834 4325 deorsum
2853 4270 2973 4327 ﬂuit
2992 4273 3045 4327 in
3067 4283 3302 4344 quatuor
3320 4275 3521 4345 capita.

1963 4365 2069 4421 Ubi
2097 4370 2277 4418 autem
2309 4362 2363 4416 in
2391 4360 2532 4416 coelo
2564 4368 2695 4415 sunt
2726 4359 2836 4425 ﬁci,
2872 4361 3084 4431 palmae,
3123 4364 3265 4418 mala
3301 4364 3522 4434 punica,

1954 4464 2147 4511 caetera
2172 4468 2295 4525 qua:
2329 4451 2620 4522 paradisus
2663 4450 2900 4521 plurima
2941 4454 3205 4517 continet,
3250 4463 3305 4509 et
3324 4455 3524 4524 quibus

1952 4547 2109 4602 ﬂoret
2130 4543 2486 4600 naturaliter?
2517 4541 2619 4598 Ubi
2654 4557 2785 4598 vero
2814 4542 2868 4597 in
2899 4543 3042 4598 coelo
3076 4542 3200 4599 fons
3218 4553 3271 4599 et
3299 4544 3523 4600 ﬂumina

1952 4647 2009 4696 et
2039 4637 2203 4710 arbor
2229 4632 2718 4704 transgressionis?
2764 4632 2905 4689 Audi
2951 4633 3114 4705 igitur
3142 4632 3384 4689 historia!
3425 4648 3523 4689 au-

1953 4739 2158 4787 ctorem
2182 4741 2246 4782 ex
2275 4739 2386 4780 uno
2417 4722 2572 4779 fonte
2598 4731 2836 4793 quatuor
2863 4721 3083 4776 ﬂumina
3112 4721 3383 4778 eﬂIuenlia
3408 4738 3525 4794 pro-

1947 4819 2313 4880 nuntiantem,
2342 4823 2398 4869 et
2429 4828 2490 4869 ea
2523 4813 2681 4883 quasi
2728 4811 2898 4882 digito
2926 4811 3387 4866 demonstrantcm
3430 4828 3525 4880 per

1949 4912 2120 4982 ipsam
2144 4905 2582 4978 appellationem.
2624 4901 2694 4955 Et
2721 4902 2814 4956 nni
2860 4917 3042 4955 nomen
3081 4899 3373 4957 Phison".
3421 4902 3524 4959 llic

1948 5018 2067 5057 vero
2120 4996 2474 5065 Etltiopiam,
2519 4993 2714 5063 inquit,
2768 5001 2819 5046 et
2856 4990 3070 5045 Indiam
3126 4993 3520 5061 praeterlabens,

1952 5088 2157 5158 Ganges
2191 5086 2256 5139 ab
2281 5085 2410 5153 ipsis
2446 5081 2749 5152 appellatur
2768 5081 2835 5137 ".
2890 5080 3048 5148 Apud
3083 5080 3303 5139 Graecos
3341 5094 3523 5140 autem

1954 5180 2091 5236 Ister
2111 5185 2165 5234 et
2196 5176 2361 5231 Indus
2398 5173 2595 5229 ﬂuvius
2642 5172 2867 5227 dicitur.
2905 5172 3062 5243 Apud
3094 5173 3305 5247 Illyrios
3342 5184 3525 5231 autem

1956 5286 2011 5333 et
2035 5274 2296 5343 Ripianos
2323 5269 2537 5325 accolas
2570 5266 2831 5334 ﬂuminis,
2848 5266 3087 5324 Danubis
3110 5286 3127 5334 ;
3152 5270 3294 5338 apud
3318 5268 3526 5325 Gothos

1957 5382 2090 5423 vero
2113 5360 2397 5417 Dunautis.
2417 5357 2645 5413 Omnem
2681 5372 2810 5412 vero
2835 5367 3035 5413 terram
3069 5356 3244 5411 Evilat
3294 5357 3529 5412 circum-

1963 5464 2101 5525 iens,
2127 5452 2422 5512 secundam
2454 5449 2705 5506 videlicet
2730 5447 3065 5519 Ethiopiam
3104 5455 3158 5503 et
3188 5455 3370 5518 partes
3404 5445 3529 5518 Ely-

2514 5675 2525 5687 .
2564 5647 2649 5695 lll,
2682 5631 2731 5685 l.
2765 5631 2810 5663 ἰ
2840 5626 2946 5687 lsa.
2984 5643 3134 5695 nix,
3166 5628 3255 5687 16.
3326 5632 3376 5667 ⁸⁸
3402 5626 3522 5689 Gal.

294 5700 970 5792 ιν,εὸ.”“ῐἰὂὲὶιῖ’ίί,ἐ.
1040 5719 1086 5750 οι
1118 5700 1248 5772 ibid.
1287 5716 1339 5769 6.
1414 5700 1459 5747 ίσ
1495 5714 1622 5770 ibid.
1663 5712 1748 5766 ιθ.
1824 5712 1871 5744 η
1910 5712 2047 5769 ibid.
2121 5700 2166 5745 ίτ
2198 5705 2329 5768 ibid.
2366 5700 2737 5761 tt.'”'ibid.
2782 5700 2869 5756 is.
