  <div class='ocr_page' id='page_1' title='image "/cluster/home/n/w/nwhite01/storage/ocr_20150623/38/hvd.32044069550002/555.png"; bbox 0 0 4048 6222; ppageno 0'>
   <div class='ocr_carea' id='block_1_1' title="bbox 535 293 669 351">
    <p class='ocr_par' dir='ltr' id='par_1_1' title="bbox 535 293 669 351">
     <span class='ocr_line' id='line_1_1' title="bbox 535 293 669 351; baseline -0.015 0"><span class='ocrx_word' id='word_1_1' title='bbox 535 293 669 351; x_wconf 77' lang='grc'><strong>1095</strong></span> 
     </span>
    </p>
   </div>
   <div class='ocr_carea' id='block_1_2' title="bbox 528 403 2095 476">
    <p class='ocr_par' dir='ltr' id='par_1_2' title="bbox 528 403 2095 476">
     <span class='ocr_line' id='line_1_2' title="bbox 528 403 2095 476; baseline -0.005 -12"><span class='ocrx_word' id='word_1_2' title='bbox 528 421 813 470; x_wconf 73' lang='lat' dir='ltr'><strong>mazorum,</strong></span> <span class='ocrx_word' id='word_1_3' title='bbox 851 420 1284 476; x_wconf 86' lang='lat' dir='ltr'><strong>percurrensque</strong></span> <span class='ocrx_word' id='word_1_4' title='bbox 1322 405 1552 474; x_wconf 80' lang='lat' dir='ltr'><strong>primam</strong></span> <span class='ocrx_word' id='word_1_5' title='bbox 1605 403 1963 471; x_wconf 66' lang='lat' dir='ltr'><strong>Ethiopiam,</strong></span> <span class='ocrx_word' id='word_1_6' title='bbox 2015 404 2095 457; x_wconf 84' lang='lat' dir='ltr'><strong>sic</strong></span> 
     </span>
    </p>
   </div>
   <div class='ocr_carea' id='block_1_3' title="bbox 528 497 2101 555">
    <p class='ocr_par' dir='ltr' id='par_1_3' title="bbox 528 497 2101 555">
     <span class='ocr_line' id='line_1_3' title="bbox 528 497 2101 555; baseline -0.004 0"><span class='ocrx_word' id='word_1_7' title='bbox 528 499 726 555; x_wconf 88' lang='lat' dir='ltr'><strong>deinde</strong></span> <span class='ocrx_word' id='word_1_8' title='bbox 756 515 949 555; x_wconf 87' lang='lat' dir='ltr'><strong>rursus</strong></span> <span class='ocrx_word' id='word_1_9' title='bbox 978 499 1184 554; x_wconf 77' lang='lat' dir='ltr'><strong>eﬂ’usus</strong></span> <span class='ocrx_word' id='word_1_10' title='bbox 1212 499 1277 551; x_wconf 91' lang='lat' dir='ltr'><strong>ad</strong></span> <span class='ocrx_word' id='word_1_11' title='bbox 1310 508 1557 552; x_wconf 88' lang='lat' dir='ltr'><strong>austrum</strong></span> <span class='ocrx_word' id='word_1_12' title='bbox 1574 506 1627 551; x_wconf 90' lang='lat' dir='ltr'><strong>et</strong></span> <span class='ocrx_word' id='word_1_13' title='bbox 1647 497 1984 551; x_wconf 79' lang='lat' dir='ltr'><strong>occidentem</strong></span> <span class='ocrx_word' id='word_1_14' title='bbox 2020 497 2101 549; x_wconf 80' lang='lat' dir='ltr'><strong>in—</strong></span> 
     </span>
    </p>
   </div>
   <div class='ocr_carea' id='block_1_4' title="bbox 531 586 2095 651">
    <p class='ocr_par' dir='ltr' id='par_1_4' title="bbox 531 586 2095 651">
     <span class='ocr_line' id='line_1_4' title="bbox 531 586 2095 651; baseline -0.004 -8"><span class='ocrx_word' id='word_1_15' title='bbox 531 598 613 645; x_wconf 90' lang='lat' dir='ltr'><strong>tra</strong></span> <span class='ocrx_word' id='word_1_16' title='bbox 636 589 833 645; x_wconf 84' lang='lat' dir='ltr'><strong>Gadira</strong></span> <span class='ocrx_word' id='word_1_17' title='bbox 855 630 869 651; x_wconf 93' lang='lat'><strong>,</strong></span> <span class='ocrx_word' id='word_1_18' title='bbox 896 590 949 643; x_wconf 93' lang='lat' dir='ltr'><strong>in</strong></span> <span class='ocrx_word' id='word_1_19' title='bbox 986 588 1254 643; x_wconf 84' lang='lat' dir='ltr'><strong>celebrem</strong></span> <span class='ocrx_word' id='word_1_20' title='bbox 1287 587 1435 641; x_wconf 91' lang='lat' dir='ltr'><strong>illum</strong></span> <span class='ocrx_word' id='word_1_21' title='bbox 1462 587 1757 642; x_wconf 67' lang='lat' dir='ltr'><strong>effunditur</strong></span> <span class='ocrx_word' id='word_1_22' title='bbox 1800 586 2095 641; x_wconf 75' lang='lat' dir='ltr'><strong>Oceanum.</strong></span> 
     </span>
    </p>
   </div>
   <div class='ocr_carea' id='block_1_5' title="bbox 950 788 1681 845">
    <p class='ocr_par' dir='ltr' id='par_1_5' title="bbox 950 788 1681 845">
     <span class='ocr_line' id='line_1_5' title="bbox 950 788 1681 845; baseline -0.004 0"><span class='ocrx_word' id='word_1_23' title='bbox 950 789 1462 845; x_wconf 80' lang='lat' dir='ltr'><strong>INTERROGATIO</strong></span> <span class='ocrx_word' id='word_1_24' title='bbox 1484 788 1681 844; x_wconf 79' lang='lat' dir='ltr'><strong>CXLV.</strong></span> 
     </span>
    </p>
   </div>
   <div class='ocr_carea' id='block_1_6' title="bbox 604 902 2099 973">
    <p class='ocr_par' dir='ltr' id='par_1_6' title="bbox 604 902 2099 973">
     <span class='ocr_line' id='line_1_6' title="bbox 604 902 2099 973; baseline -0.001 -16"><span class='ocrx_word' id='word_1_25' title='bbox 604 904 680 958; x_wconf 84' lang='lat' dir='ltr'><strong>Ne</strong></span> <span class='ocrx_word' id='word_1_26' title='bbox 717 906 958 958; x_wconf 89' lang='lat' dir='ltr'><strong>sermoni</strong></span> <span class='ocrx_word' id='word_1_27' title='bbox 1012 905 1171 958; x_wconf 76' lang='lat' dir='ltr'><strong>linem</strong></span> <span class='ocrx_word' id='word_1_28' title='bbox 1208 905 1295 958; x_wconf 87' lang='lat' dir='ltr'><strong>hic</strong></span> <span class='ocrx_word' id='word_1_29' title='bbox 1343 904 1607 973; x_wconf 76' lang='lat' dir='ltr'><strong>imponas,</strong></span> <span class='ocrx_word' id='word_1_30' title='bbox 1645 904 1870 971; x_wconf 87' lang='lat' dir='ltr'><strong>benigne</strong></span> <span class='ocrx_word' id='word_1_31' title='bbox 1918 902 2099 969; x_wconf 81' lang='lat' dir='ltr'><strong>Pater,</strong></span> 
     </span>
    </p>
   </div>
   <div class='ocr_carea' id='block_1_7' title="bbox 534 995 2100 1066">
    <p class='ocr_par' dir='ltr' id='par_1_7' title="bbox 534 995 2100 1066">
     <span class='ocr_line' id='line_1_7' title="bbox 534 995 2100 1066; baseline -0.001 -15"><span class='ocrx_word' id='word_1_32' title='bbox 534 998 625 1051; x_wconf 79' lang='lat' dir='ltr'><strong>sed</strong></span> <span class='ocrx_word' id='word_1_33' title='bbox 652 996 875 1051; x_wconf 79' lang='lat' dir='ltr'><strong>secundi</strong></span> <span class='ocrx_word' id='word_1_34' title='bbox 909 997 1148 1049; x_wconf 81' lang='lat' dir='ltr'><strong>ﬂuminis</strong></span> <span class='ocrx_word' id='word_1_35' title='bbox 1185 996 1447 1066; x_wconf 88' lang='lat' dir='ltr'><strong>impetum</strong></span> <span class='ocrx_word' id='word_1_36' title='bbox 1484 1009 1735 1050; x_wconf 84' lang='lat' dir='ltr'><strong>sermone</strong></span> <span class='ocrx_word' id='word_1_37' title='bbox 1762 995 2100 1059; x_wconf 81' lang='lat' dir='ltr'><strong>describens,</strong></span> 
     </span>
    </p>
   </div>
   <div class='ocr_carea' id='block_1_8' title="bbox 532 1088 1199 1155">
    <p class='ocr_par' dir='ltr' id='par_1_8' title="bbox 532 1088 1199 1155">
     <span class='ocr_line' id='line_1_8' title="bbox 532 1088 1199 1155; baseline 0.003 -16"><span class='ocrx_word' id='word_1_38' title='bbox 532 1088 767 1155; x_wconf 81' lang='lat' dir='ltr'><strong>perfecte</strong></span> <span class='ocrx_word' id='word_1_39' title='bbox 802 1102 898 1141; x_wconf 86' lang='lat' dir='ltr'><strong>nos</strong></span> <span class='ocrx_word' id='word_1_40' title='bbox 933 1088 1199 1141; x_wconf 82' lang='lat' dir='ltr'><strong>exhilara.</strong></span> 
     </span>
    </p>
   </div>
   <div class='ocr_carea' id='block_1_9' title="bbox 1168 1186 1471 1256">
    <p class='ocr_par' dir='ltr' id='par_1_9' title="bbox 1168 1186 1471 1256">
     <span class='ocr_line' id='line_1_9' title="bbox 1168 1186 1471 1256; baseline 0.003 -17"><span class='ocrx_word' id='word_1_41' title='bbox 1168 1186 1471 1256; x_wconf 76' lang='lat' dir='ltr'><strong>Responsio.</strong></span> 
     </span>
    </p>
   </div>
   <div class='ocr_carea' id='block_1_10' title="bbox 602 1278 2104 1350">
    <p class='ocr_par' dir='ltr' id='par_1_10' title="bbox 602 1278 2104 1350">
     <span class='ocr_line' id='line_1_10' title="bbox 602 1278 2104 1350; baseline -0.001 -15"><span class='ocrx_word' id='word_1_42' title='bbox 602 1280 892 1335; x_wconf 86' lang='lat' dir='ltr'><strong>Secundus</strong></span> <span class='ocrx_word' id='word_1_43' title='bbox 921 1278 1107 1332; x_wconf 87' lang='lat' dir='ltr'><strong>Gehon</strong></span> <span class='ocrx_word' id='word_1_44' title='bbox 1148 1288 1253 1343; x_wconf 87' lang='lat' dir='ltr'><strong>est,</strong></span> <span class='ocrx_word' id='word_1_45' title='bbox 1290 1280 1383 1348; x_wconf 89' lang='lat' dir='ltr'><strong>qui</strong></span> <span class='ocrx_word' id='word_1_46' title='bbox 1422 1278 1563 1347; x_wconf 88' lang='lat' dir='ltr'><strong>apud</strong></span> <span class='ocrx_word' id='word_1_47' title='bbox 1611 1278 1898 1350; x_wconf 62' lang='lat' dir='ltr'><strong>Egyptios</strong></span> <span class='ocrx_word' id='word_1_48' title='bbox 1949 1279 2104 1334; x_wconf 85' lang='lat' dir='ltr'><strong>Nilus</strong></span> 
     </span>
    </p>
   </div>
   <div class='ocr_carea' id='block_1_11' title="bbox 532 1375 2107 1447">
    <p class='ocr_par' dir='ltr' id='par_1_11' title="bbox 532 1375 2107 1447">
     <span class='ocr_line' id='line_1_11' title="bbox 532 1375 2107 1447; baseline 0.002 -17"><span class='ocrx_word' id='word_1_49' title='bbox 532 1378 849 1445; x_wconf 83' lang='lat' dir='ltr'><strong>appellatur,</strong></span> <span class='ocrx_word' id='word_1_50' title='bbox 880 1387 1044 1429; x_wconf 84' lang='lat' dir='ltr'><strong>totam</strong></span> <span class='ocrx_word' id='word_1_51' title='bbox 1080 1375 1351 1430; x_wconf 88' lang='lat' dir='ltr'><strong>inundans</strong></span> <span class='ocrx_word' id='word_1_52' title='bbox 1379 1376 1569 1429; x_wconf 87' lang='lat' dir='ltr'><strong>leniter</strong></span> <span class='ocrx_word' id='word_1_53' title='bbox 1588 1385 1641 1430; x_wconf 88' lang='lat' dir='ltr'><strong>et</strong></span> <span class='ocrx_word' id='word_1_54' title='bbox 1674 1377 1908 1446; x_wconf 82' lang='lat' dir='ltr'><strong>irrigans</strong></span> <span class='ocrx_word' id='word_1_55' title='bbox 1941 1386 2107 1447; x_wconf 89' lang='lat' dir='ltr'><strong>quot-</strong></span> 
     </span>
    </p>
   </div>
   <div class='ocr_carea' id='block_1_12' title="bbox 532 1465 2108 1537">
    <p class='ocr_par' dir='ltr' id='par_1_12' title="bbox 532 1465 2108 1537">
     <span class='ocr_line' id='line_1_12' title="bbox 532 1465 2108 1537; baseline 0.003 -18"><span class='ocrx_word' id='word_1_56' title='bbox 532 1468 689 1520; x_wconf 90' lang='lat' dir='ltr'><strong>annis</strong></span> <span class='ocrx_word' id='word_1_57' title='bbox 748 1465 1035 1535; x_wconf 50' lang='lat' dir='ltr'><strong>[Egyptum</strong></span> <span class='ocrx_word' id='word_1_58' title='bbox 1071 1483 1082 1517; x_wconf 90' lang='lat'><strong>:</strong></span> <span class='ocrx_word' id='word_1_59' title='bbox 1123 1466 1351 1520; x_wconf 87' lang='lat' dir='ltr'><strong>navibus</strong></span> <span class='ocrx_word' id='word_1_60' title='bbox 1409 1475 1589 1520; x_wconf 88' lang='lat' dir='ltr'><strong>autem</strong></span> <span class='ocrx_word' id='word_1_61' title='bbox 1651 1468 1942 1522; x_wconf 87' lang='lat' dir='ltr'><strong>transitqu</strong></span> <span class='ocrx_word' id='word_1_62' title='bbox 2012 1484 2108 1537; x_wconf 86' lang='lat' dir='ltr'><strong>per</strong></span> 
     </span>
    </p>
   </div>
   <div class='ocr_carea' id='block_1_13' title="bbox 531 1561 2110 1632">
    <p class='ocr_par' dir='ltr' id='par_1_13' title="bbox 531 1561 2110 1632">
     <span class='ocr_line' id='line_1_13' title="bbox 531 1561 2110 1632; baseline 0.003 -18"><span class='ocrx_word' id='word_1_63' title='bbox 531 1563 650 1615; x_wconf 91' lang='lat' dir='ltr'><strong>vela</strong></span> <span class='ocrx_word' id='word_1_64' title='bbox 705 1562 969 1629; x_wconf 69' lang='lat' dir='ltr'><strong>praabcns,</strong></span> <span class='ocrx_word' id='word_1_65' title='bbox 1034 1561 1299 1617; x_wconf 83' lang='lat' dir='ltr'><strong>arationis</strong></span> <span class='ocrx_word' id='word_1_66' title='bbox 1340 1577 1505 1631; x_wconf 88' lang='lat' dir='ltr'><strong>opera</strong></span> <span class='ocrx_word' id='word_1_67' title='bbox 1557 1562 1670 1617; x_wconf 86' lang='lat' dir='ltr'><strong>tieri</strong></span> <span class='ocrx_word' id='word_1_68' title='bbox 1714 1564 1999 1632; x_wconf 86' lang='lat' dir='ltr'><strong>permittit,</strong></span> <span class='ocrx_word' id='word_1_69' title='bbox 2053 1573 2110 1618; x_wconf 85' lang='lat' dir='ltr'><strong>et</strong></span> 
     </span>
    </p>
   </div>
   <div class='ocr_carea' id='block_1_14' title="bbox 532 1653 2104 1724">
    <p class='ocr_par' dir='ltr' id='par_1_14' title="bbox 532 1653 2104 1724">
     <span class='ocr_line' id='line_1_14' title="bbox 532 1653 2104 1724; baseline 0.002 -16"><span class='ocrx_word' id='word_1_70' title='bbox 532 1653 792 1722; x_wconf 80' lang='lat' dir='ltr'><strong>aquatilia</strong></span> <span class='ocrx_word' id='word_1_71' title='bbox 844 1668 902 1707; x_wconf 89' lang='lat' dir='ltr'><strong>se</strong></span> <span class='ocrx_word' id='word_1_72' title='bbox 962 1654 1311 1708; x_wconf 83' lang='lat' dir='ltr'><strong>terrestribus</strong></span> <span class='ocrx_word' id='word_1_73' title='bbox 1359 1668 1672 1724; x_wconf 76' lang='lat' dir='ltr'><strong>aggregare,</strong></span> <span class='ocrx_word' id='word_1_74' title='bbox 1721 1671 1955 1724; x_wconf 89' lang='lat' dir='ltr'><strong>quorum</strong></span> <span class='ocrx_word' id='word_1_75' title='bbox 1998 1657 2104 1711; x_wconf 87' lang='lat' dir='ltr'><strong>alia</strong></span> 
     </span>
    </p>
   </div>
   <div class='ocr_carea' id='block_1_15' title="bbox 534 1744 2105 1810">
    <p class='ocr_par' dir='ltr' id='par_1_15' title="bbox 534 1744 2105 1810">
     <span class='ocr_line' id='line_1_15' title="bbox 534 1744 2105 1810; baseline 0.004 -15"><span class='ocrx_word' id='word_1_76' title='bbox 534 1744 751 1810; x_wconf 88' lang='lat' dir='ltr'><strong>quidem</strong></span> <span class='ocrx_word' id='word_1_77' title='bbox 788 1744 968 1797; x_wconf 77' lang='lat' dir='ltr'><strong>herbis</strong></span> <span class='ocrx_word' id='word_1_78' title='bbox 1011 1753 1328 1809; x_wconf 88' lang='lat' dir='ltr'><strong>vescuntur,</strong></span> <span class='ocrx_word' id='word_1_79' title='bbox 1360 1745 1466 1799; x_wconf 78' lang='lat' dir='ltr'><strong>alia</strong></span> <span class='ocrx_word' id='word_1_80' title='bbox 1500 1760 1627 1799; x_wconf 86' lang='lat' dir='ltr'><strong>vero</strong></span> <span class='ocrx_word' id='word_1_81' title='bbox 1658 1755 1949 1800; x_wconf 85' lang='lat' dir='ltr'><strong>vescuntur</strong></span> <span class='ocrx_word' id='word_1_82' title='bbox 1980 1763 2105 1801; x_wconf 32' lang='lat' dir='ltr'><strong>care</strong></span> 
     </span>
    </p>
   </div>
   <div class='ocr_carea' id='block_1_16' title="bbox 534 1820 2100 1902">
    <p class='ocr_par' dir='ltr' id='par_1_16' title="bbox 534 1820 2100 1902">
     <span class='ocr_line' id='line_1_16' title="bbox 534 1820 2100 1902; baseline 0.006 -22"><span class='ocrx_word' id='word_1_83' title='bbox 534 1830 694 1883; x_wconf 83' lang='lat' dir='ltr'><strong>nibus</strong></span> <span class='ocrx_word' id='word_1_84' title='bbox 729 1848 741 1882; x_wconf 92' lang='lat'>:</span> <span class='ocrx_word' id='word_1_85' title='bbox 777 1831 1068 1884; x_wconf 75' lang='lat' dir='ltr'><strong>maximam</strong></span> <span class='ocrx_word' id='word_1_86' title='bbox 1093 1840 1279 1886; x_wconf 88' lang='lat' dir='ltr'><strong>autem</strong></span> <span class='ocrx_word' id='word_1_87' title='bbox 1318 1832 1708 1901; x_wconf 69' lang='lat' dir='ltr'><strong>praeterlabens</strong></span> <span class='ocrx_word' id='word_1_88' title='bbox 1742 1820 2100 1902; x_wconf 59' lang='lat' dir='ltr'><strong>Ethiopian»,</strong></span> 
     </span>
    </p>
   </div>
   <div class='ocr_carea' id='block_1_17' title="bbox 536 1921 2103 1993">
    <p class='ocr_par' dir='ltr' id='par_1_17' title="bbox 536 1921 2103 1993">
     <span class='ocr_line' id='line_1_17' title="bbox 536 1921 2103 1993; baseline 0.006 -22"><span class='ocrx_word' id='word_1_89' title='bbox 536 1933 632 1985; x_wconf 82' lang='lat' dir='ltr'><strong>per</strong></span> <span class='ocrx_word' id='word_1_90' title='bbox 674 1921 938 1975; x_wconf 84' lang='lat' dir='ltr'><strong>minorem</strong></span> <span class='ocrx_word' id='word_1_91' title='bbox 989 1922 1124 1987; x_wconf 84' lang='lat' dir='ltr'><strong>tluit,</strong></span> <span class='ocrx_word' id='word_1_92' title='bbox 1176 1939 1378 1993; x_wconf 87' lang='lat' dir='ltr'><strong>perque</strong></span> <span class='ocrx_word' id='word_1_93' title='bbox 1427 1924 1776 1989; x_wconf 84' lang='lat' dir='ltr'><strong>Anumetam,</strong></span> <span class='ocrx_word' id='word_1_94' title='bbox 1827 1934 1881 1980; x_wconf 90' lang='lat' dir='ltr'><strong>et</strong></span> <span class='ocrx_word' id='word_1_95' title='bbox 1924 1927 2103 1981; x_wconf 64' lang='lat' dir='ltr'><strong>Blem»</strong></span> 
     </span>
    </p>
   </div>
   <div class='ocr_carea' id='block_1_18' title="bbox 536 2012 2108 2081">
    <p class='ocr_par' dir='ltr' id='par_1_18' title="bbox 536 2012 2108 2081">
     <span class='ocr_line' id='line_1_18' title="bbox 536 2012 2108 2081; baseline 0.008 -21"><span class='ocrx_word' id='word_1_96' title='bbox 536 2023 737 2076; x_wconf 82' lang='lat' dir='ltr'><strong>myam,</strong></span> <span class='ocrx_word' id='word_1_97' title='bbox 769 2019 823 2063; x_wconf 91' lang='lat' dir='ltr'><strong>et</strong></span> <span class='ocrx_word' id='word_1_98' title='bbox 847 2012 1231 2077; x_wconf 81' lang='lat' dir='ltr'><strong>Auxumetam,</strong></span> <span class='ocrx_word' id='word_1_99' title='bbox 1278 2021 1333 2068; x_wconf 90' lang='lat' dir='ltr'><strong>et</strong></span> <span class='ocrx_word' id='word_1_100' title='bbox 1361 2023 1544 2081; x_wconf 85' lang='lat' dir='ltr'><strong>partes</strong></span> <span class='ocrx_word' id='word_1_101' title='bbox 1587 2014 1880 2071; x_wconf 88' lang='lat' dir='ltr'><strong>Thebaidis</strong></span> <span class='ocrx_word' id='word_1_102' title='bbox 1930 2026 1987 2071; x_wconf 91' lang='lat' dir='ltr'><strong>et</strong></span> <span class='ocrx_word' id='word_1_103' title='bbox 2014 2016 2108 2071; x_wconf 65' lang='lat'><strong>£-</strong></span> 
     </span>
    </p>
   </div>
   <div class='ocr_carea' id='block_1_19' title="bbox 535 2099 2107 2167">
    <p class='ocr_par' dir='ltr' id='par_1_19' title="bbox 535 2099 2107 2167">
     <span class='ocr_line' id='line_1_19' title="bbox 535 2099 2107 2167; baseline 0.008 -17"><span class='ocrx_word' id='word_1_104' title='bbox 535 2099 699 2167; x_wconf 83' lang='lat' dir='ltr'><strong>gypti.</strong></span> <span class='ocrx_word' id='word_1_105' title='bbox 724 2100 802 2153; x_wconf 88' lang='lat' dir='ltr'><strong>sic</strong></span> <span class='ocrx_word' id='word_1_106' title='bbox 827 2100 1021 2156; x_wconf 89' lang='lat' dir='ltr'><strong>deinde</strong></span> <span class='ocrx_word' id='word_1_107' title='bbox 1054 2102 1108 2157; x_wconf 85' lang='lat' dir='ltr'><strong>in</strong></span> <span class='ocrx_word' id='word_1_108' title='bbox 1149 2119 1297 2158; x_wconf 91' lang='lat' dir='ltr'><strong>mare</strong></span> <span class='ocrx_word' id='word_1_109' title='bbox 1322 2104 1639 2160; x_wconf 79' lang='lat' dir='ltr'><strong>eﬂ‘unditur.</strong></span> <span class='ocrx_word' id='word_1_110' title='bbox 1664 2106 1934 2162; x_wconf 85' lang='lat' dir='ltr'><strong>Jeremias</strong></span> <span class='ocrx_word' id='word_1_111' title='bbox 1962 2108 2107 2163; x_wconf 83' lang='lat' dir='ltr'><strong>inter</strong></span> 
     </span>
    </p>
   </div>
   <div class='ocr_carea' id='block_1_20' title="bbox 532 2188 2105 2261">
    <p class='ocr_par' dir='ltr' id='par_1_20' title="bbox 532 2188 2105 2261">
     <span class='ocr_line' id='line_1_20' title="bbox 532 2188 2105 2261; baseline 0.009 -22"><span class='ocrx_word' id='word_1_112' title='bbox 532 2188 670 2241; x_wconf 86' lang='lat' dir='ltr'><strong>alios</strong></span> <span class='ocrx_word' id='word_1_113' title='bbox 697 2198 843 2244; x_wconf 86' lang='lat' dir='ltr'><strong>vates</strong></span> <span class='ocrx_word' id='word_1_114' title='bbox 896 2193 1065 2245; x_wconf 87' lang='lat' dir='ltr'><strong>multa</strong></span> <span class='ocrx_word' id='word_1_115' title='bbox 1086 2202 1338 2261; x_wconf 70' lang='lat' dir='ltr'><strong>expertus</strong></span> <span class='ocrx_word' id='word_1_116' title='bbox 1389 2196 1688 2251; x_wconf 84' lang='lat' dir='ltr'><strong>certamina</strong></span> <span class='ocrx_word' id='word_1_117' title='bbox 1737 2213 1767 2251; x_wconf 92' lang='lat' dir='ltr'><strong>a</strong></span> <span class='ocrx_word' id='word_1_118' title='bbox 1820 2198 1993 2253; x_wconf 89' lang='lat' dir='ltr'><strong>reditu</strong></span> <span class='ocrx_word' id='word_1_119' title='bbox 2047 2200 2105 2253; x_wconf 80' lang='lat' dir='ltr'><strong>in</strong></span> 
     </span>
    </p>
   </div>
   <div class='ocr_carea' id='block_1_21' title="bbox 533 2277 2106 2351">
    <p class='ocr_par' dir='ltr' id='par_1_21' title="bbox 533 2277 2106 2351">
     <span class='ocr_line' id='line_1_21' title="bbox 533 2277 2106 2351; baseline 0.009 -20"><span class='ocrx_word' id='word_1_120' title='bbox 533 2277 825 2348; x_wconf 64' lang='lat' dir='ltr'><strong>Egyptum</strong></span> <span class='ocrx_word' id='word_1_121' title='bbox 860 2281 1111 2337; x_wconf 82' lang='lat' dir='ltr'><strong>inhibens</strong></span> <span class='ocrx_word' id='word_1_122' title='bbox 1145 2284 1409 2339; x_wconf 79' lang='lat' dir='ltr'><strong>furiosum</strong></span> <span class='ocrx_word' id='word_1_123' title='bbox 1444 2288 1717 2351; x_wconf 87' lang='lat' dir='ltr'><strong>lsraclem,</strong></span> <span class='ocrx_word' id='word_1_124' title='bbox 1768 2289 1969 2345; x_wconf 87' lang='lat' dir='ltr'><strong>diserte</strong></span> <span class='ocrx_word' id='word_1_125' title='bbox 2001 2292 2106 2345; x_wconf 80' lang='lat' dir='ltr'><strong>cla-</strong></span> 
     </span>
    </p>
   </div>
   <div class='ocr_carea' id='block_1_22' title="bbox 533 2371 2108 2445">
    <p class='ocr_par' dir='ltr' id='par_1_22' title="bbox 533 2371 2108 2445">
     <span class='ocr_line' id='line_1_22' title="bbox 533 2371 2108 2445; baseline 0.008 -23"><span class='ocrx_word' id='word_1_126' title='bbox 533 2371 856 2435; x_wconf 79' lang='lat' dir='ltr'><strong>mat:Qnid</strong></span> <span class='ocrx_word' id='word_1_127' title='bbox 908 2374 1001 2425; x_wconf 83' lang='lat' dir='ltr'><strong>tibi</strong></span> <span class='ocrx_word' id='word_1_128' title='bbox 1038 2391 1156 2428; x_wconf 88' lang='lat' dir='ltr'><strong>cum</strong></span> <span class='ocrx_word' id='word_1_129' title='bbox 1201 2375 1455 2445; x_wconf 68' lang='lat' dir='ltr'><strong>Afgyplo,</strong></span> <span class='ocrx_word' id='word_1_130' title='bbox 1514 2388 1570 2430; x_wconf 90' lang='lat' dir='ltr'><strong>ut</strong></span> <span class='ocrx_word' id='word_1_131' title='bbox 1628 2380 1897 2434; x_wconf 86' lang='lat' dir='ltr'><strong>turbatam</strong></span> <span class='ocrx_word' id='word_1_132' title='bbox 1955 2383 2108 2435; x_wconf 69' lang='lat' dir='ltr'><strong>bibas</strong></span> 
     </span>
    </p>
   </div>
   <div class='ocr_carea' id='block_1_23' title="bbox 531 2462 1910 2534">
    <p class='ocr_par' dir='ltr' id='par_1_23' title="bbox 531 2462 1910 2534">
     <span class='ocr_line' id='line_1_23' title="bbox 531 2462 1910 2534; baseline 0.009 -22"><span class='ocrx_word' id='word_1_133' title='bbox 531 2463 834 2531; x_wconf 75' lang='lat' dir='ltr'><strong>aquam”?</strong></span> <span class='ocrx_word' id='word_1_134' title='bbox 869 2462 981 2517; x_wconf 84' lang='lat' dir='ltr'><strong>Hoc</strong></span> <span class='ocrx_word' id='word_1_135' title='bbox 1014 2474 1119 2527; x_wconf 88' lang='lat' dir='ltr'><strong>est,</strong></span> <span class='ocrx_word' id='word_1_136' title='bbox 1162 2480 1360 2534; x_wconf 87' lang='lat' dir='ltr'><strong>aquam</strong></span> <span class='ocrx_word' id='word_1_137' title='bbox 1390 2465 1493 2521; x_wconf 87' lang='lat' dir='ltr'><strong>Nili</strong></span> <span class='ocrx_word' id='word_1_138' title='bbox 1527 2469 1910 2525; x_wconf 85' lang='lat' dir='ltr'><strong>turbulentam.</strong></span> 
     </span>
    </p>
   </div>
   <div class='ocr_carea' id='block_1_24' title="bbox 931 2574 1713 2638">
    <p class='ocr_par' dir='ltr' id='par_1_24' title="bbox 931 2574 1713 2638">
     <span class='ocr_line' id='line_1_24' title="bbox 931 2574 1713 2638; baseline 0.013 -10"><span class='ocrx_word' id='word_1_139' title='bbox 931 2574 1446 2634; x_wconf 78' lang='lat' dir='ltr'><strong>INTERROGATIO</strong></span> <span class='ocrx_word' id='word_1_140' title='bbox 1484 2581 1713 2638; x_wconf 80' lang='lat' dir='ltr'><strong>CXLVI.</strong></span> 
     </span>
    </p>
   </div>
   <div class='ocr_carea' id='block_1_25' title="bbox 602 2663 2101 2743">
    <p class='ocr_par' dir='ltr' id='par_1_25' title="bbox 602 2663 2101 2743">
     <span class='ocr_line' id='line_1_25' title="bbox 602 2663 2101 2743; baseline 0.009 -27"><span class='ocrx_word' id='word_1_141' title='bbox 602 2663 926 2730; x_wconf 62' lang='lat' dir='ltr'><strong>Quaesumus</strong></span> <span class='ocrx_word' id='word_1_142' title='bbox 964 2682 1031 2721; x_wconf 92' lang='lat' dir='ltr'><strong>ne</strong></span> <span class='ocrx_word' id='word_1_143' title='bbox 1075 2670 1316 2738; x_wconf 79' lang='lat' dir='ltr'><strong>graveris</strong></span> <span class='ocrx_word' id='word_1_144' title='bbox 1364 2681 1585 2741; x_wconf 88' lang='lat' dir='ltr'><strong>propter</strong></span> <span class='ocrx_word' id='word_1_145' title='bbox 1625 2674 1887 2743; x_wconf 81' lang='lat' dir='ltr'><strong>temporis</strong></span> <span class='ocrx_word' id='word_1_146' title='bbox 1931 2675 2101 2729; x_wconf 86' lang='lat' dir='ltr'><strong>brevi-</strong></span> 
     </span>
    </p>
   </div>
   <div class='ocr_carea' id='block_1_26' title="bbox 530 2756 2098 2831">
    <p class='ocr_par' dir='ltr' id='par_1_26' title="bbox 530 2756 2098 2831">
     <span class='ocr_line' id='line_1_26' title="bbox 530 2756 2098 2831; baseline 0.009 -24"><span class='ocrx_word' id='word_1_147' title='bbox 530 2762 694 2831; x_wconf 86' lang='lat' dir='ltr'><strong>tatem</strong></span> <span class='ocrx_word' id='word_1_148' title='bbox 731 2756 894 2810; x_wconf 88' lang='lat' dir='ltr'><strong>etiam</strong></span> <span class='ocrx_word' id='word_1_149' title='bbox 946 2772 1007 2810; x_wconf 90' lang='lat' dir='ltr'><strong>ea</strong></span> <span class='ocrx_word' id='word_1_150' title='bbox 1059 2759 1246 2827; x_wconf 88' lang='lat' dir='ltr'><strong>paucis</strong></span> <span class='ocrx_word' id='word_1_151' title='bbox 1288 2760 1591 2817; x_wconf 90' lang='lat' dir='ltr'><strong>edisserere</strong></span> <span class='ocrx_word' id='word_1_152' title='bbox 1622 2779 1741 2831; x_wconf 71' lang='lat' dir='ltr'><strong>qua:</strong></span> <span class='ocrx_word' id='word_1_153' title='bbox 1778 2764 1843 2819; x_wconf 86' lang='lat' dir='ltr'><strong>ad</strong></span> <span class='ocrx_word' id='word_1_154' title='bbox 1879 2766 2098 2820; x_wconf 85' lang='lat' dir='ltr'><strong>tertium</strong></span> 
     </span>
    </p>
   </div>
   <div class='ocr_carea' id='block_1_27' title="bbox 530 2830 1961 2919">
    <p class='ocr_par' dir='ltr' id='par_1_27' title="bbox 530 2830 1961 2919">
     <span class='ocr_line' id='line_1_27' title="bbox 530 2830 1961 2919; baseline 0.009 -20"><span class='ocrx_word' id='word_1_155' title='bbox 530 2830 756 2901; x_wconf 41' lang='lat' dir='ltr'><strong>ﬂiivium</strong></span> <span class='ocrx_word' id='word_1_156' title='bbox 793 2849 1081 2919; x_wconf 85' lang='lat' dir='ltr'><strong>pertinent,</strong></span> <span class='ocrx_word' id='word_1_157' title='bbox 1112 2851 1253 2904; x_wconf 87' lang='lat' dir='ltr'><strong>unde</strong></span> <span class='ocrx_word' id='word_1_158' title='bbox 1274 2851 1500 2917; x_wconf 90' lang='lat' dir='ltr'><strong>oriatur,</strong></span> <span class='ocrx_word' id='word_1_159' title='bbox 1538 2863 1584 2909; x_wconf 92' lang='lat' dir='ltr'><strong>et</strong></span> <span class='ocrx_word' id='word_1_160' title='bbox 1622 2856 1710 2909; x_wconf 90' lang='lat' dir='ltr'><strong>ubi</strong></span> <span class='ocrx_word' id='word_1_161' title='bbox 1730 2856 1961 2912; x_wconf 86' lang='lat' dir='ltr'><strong>desinat.</strong></span> 
     </span>
    </p>
   </div>
   <div class='ocr_carea' id='block_1_28' title="bbox 1160 2940 1462 3008">
    <p class='ocr_par' dir='ltr' id='par_1_28' title="bbox 1160 2940 1462 3008">
     <span class='ocr_line' id='line_1_28' title="bbox 1160 2940 1462 3008; baseline 0.013 -16"><span class='ocrx_word' id='word_1_162' title='bbox 1160 2940 1462 3008; x_wconf 73' lang='lat' dir='ltr'><strong>Responsio.</strong></span> 
     </span>
    </p>
   </div>
   <div class='ocr_carea' id='block_1_29' title="bbox 600 3028 2099 3107">
    <p class='ocr_par' dir='ltr' id='par_1_29' title="bbox 600 3028 2099 3107">
     <span class='ocr_line' id='line_1_29' title="bbox 600 3028 2099 3107; baseline 0.008 -28"><span class='ocrx_word' id='word_1_163' title='bbox 600 3028 703 3093; x_wconf 82' lang='lat' dir='ltr'><strong>Qui</strong></span> <span class='ocrx_word' id='word_1_164' title='bbox 741 3038 861 3096; x_wconf 85' lang='lat' dir='ltr'><strong>post</strong></span> <span class='ocrx_word' id='word_1_165' title='bbox 887 3030 1183 3083; x_wconf 81' lang='lat' dir='ltr'><strong>secundum</strong></span> <span class='ocrx_word' id='word_1_166' title='bbox 1229 3045 1295 3083; x_wconf 80' lang='lat' dir='ltr'><strong>ex</strong></span> <span class='ocrx_word' id='word_1_167' title='bbox 1345 3032 1532 3085; x_wconf 89' lang='lat' dir='ltr'><strong>eadem</strong></span> <span class='ocrx_word' id='word_1_168' title='bbox 1574 3035 1903 3105; x_wconf 86' lang='lat' dir='ltr'><strong>scaturigine</strong></span> <span class='ocrx_word' id='word_1_169' title='bbox 1972 3052 2099 3107; x_wconf 89' lang='lat' dir='ltr'><strong>pro-</strong></span> 
     </span>
    </p>
   </div>
   <div class='ocr_carea' id='block_1_30' title="bbox 529 3118 2095 3193">
    <p class='ocr_par' dir='ltr' id='par_1_30' title="bbox 529 3118 2095 3193">
     <span class='ocr_line' id='line_1_30' title="bbox 529 3118 2095 3193; baseline 0.007 -23"><span class='ocrx_word' id='word_1_170' title='bbox 529 3119 693 3180; x_wconf 79' lang='lat' dir='ltr'><strong>cedit,</strong></span> <span class='ocrx_word' id='word_1_171' title='bbox 728 3118 905 3188; x_wconf 83' lang='lat' dir='ltr'><strong>Tigris</strong></span> <span class='ocrx_word' id='word_1_172' title='bbox 946 3136 977 3172; x_wconf 89' lang='lat' dir='ltr'><strong>a</strong></span> <span class='ocrx_word' id='word_1_173' title='bbox 1011 3121 1191 3173; x_wconf 83' lang='lat' dir='ltr'><strong>divina</strong></span> <span class='ocrx_word' id='word_1_174' title='bbox 1228 3122 1530 3189; x_wconf 87' lang='lat' dir='ltr'><strong>appellatur</strong></span> <span class='ocrx_word' id='word_1_175' title='bbox 1586 3123 1922 3193; x_wconf 75' lang='lat' dir='ltr'><strong>Scriptura‘,</strong></span> <span class='ocrx_word' id='word_1_176' title='bbox 1979 3143 2095 3182; x_wconf 90' lang='lat' dir='ltr'><strong>ma-</strong></span> 
     </span>
    </p>
   </div>
   <div class='ocr_carea' id='block_1_31' title="bbox 532 3209 2097 3288">
    <p class='ocr_par' dir='ltr' id='par_1_31' title="bbox 532 3209 2097 3288">
     <span class='ocr_line' id='line_1_31' title="bbox 532 3209 2097 3288; baseline 0.008 -28"><span class='ocrx_word' id='word_1_177' title='bbox 532 3224 675 3261; x_wconf 91' lang='lat' dir='ltr'><strong>nans</strong></span> <span class='ocrx_word' id='word_1_178' title='bbox 703 3209 922 3276; x_wconf 86' lang='lat' dir='ltr'><strong>quidem</strong></span> <span class='ocrx_word' id='word_1_179' title='bbox 958 3220 1101 3263; x_wconf 90' lang='lat' dir='ltr'><strong>recta</strong></span> <span class='ocrx_word' id='word_1_180' title='bbox 1145 3226 1337 3266; x_wconf 90' lang='lat' dir='ltr'><strong>versus</strong></span> <span class='ocrx_word' id='word_1_181' title='bbox 1384 3210 1570 3283; x_wconf 82' lang='lat' dir='ltr'><strong>Syrus,</strong></span> <span class='ocrx_word' id='word_1_182' title='bbox 1617 3217 2097 3288; x_wconf 89' lang='lat' dir='ltr'><strong>pertransiensque</strong></span> 
     </span>
    </p>
   </div>
   <div class='ocr_carea' id='block_1_32' title="bbox 528 3297 2099 3373">
    <p class='ocr_par' dir='ltr' id='par_1_32' title="bbox 528 3297 2099 3373">
     <span class='ocr_line' id='line_1_32' title="bbox 528 3297 2099 3373; baseline 0.01 -23"><span class='ocrx_word' id='word_1_183' title='bbox 528 3307 708 3368; x_wconf 85' lang='lat' dir='ltr'><strong>partes</strong></span> <span class='ocrx_word' id='word_1_184' title='bbox 727 3297 984 3365; x_wconf 86' lang='lat' dir='ltr'><strong>Orientis,</strong></span> <span class='ocrx_word' id='word_1_185' title='bbox 1015 3301 1425 3356; x_wconf 86' lang='lat' dir='ltr'><strong>adimmensum</strong></span> <span class='ocrx_word' id='word_1_186' title='bbox 1468 3305 1701 3373; x_wconf 88' lang='lat' dir='ltr'><strong>spatium</strong></span> <span class='ocrx_word' id='word_1_187' title='bbox 1735 3316 1932 3362; x_wconf 90' lang='lat' dir='ltr'><strong>terram</strong></span> <span class='ocrx_word' id='word_1_188' title='bbox 1974 3311 2099 3365; x_wconf 84' lang='lat' dir='ltr'><strong>sub-</strong></span> 
     </span>
    </p>
   </div>
   <div class='ocr_carea' id='block_1_33' title="bbox 529 3389 2095 3470">
    <p class='ocr_par' dir='ltr' id='par_1_33' title="bbox 529 3389 2095 3470">
     <span class='ocr_line' id='line_1_33' title="bbox 529 3389 2095 3470; baseline 0.009 -28"><span class='ocrx_word' id='word_1_189' title='bbox 529 3389 591 3455; x_wconf 92' lang='lat' dir='ltr'><strong>it,</strong></span> <span class='ocrx_word' id='word_1_190' title='bbox 651 3405 955 3459; x_wconf 87' lang='lat' dir='ltr'><strong>rursusque</strong></span> <span class='ocrx_word' id='word_1_191' title='bbox 984 3391 1211 3461; x_wconf 81' lang='lat' dir='ltr'><strong>emergit</strong></span> <span class='ocrx_word' id='word_1_192' title='bbox 1241 3394 1292 3446; x_wconf 93' lang='lat' dir='ltr'><strong>in</strong></span> <span class='ocrx_word' id='word_1_193' title='bbox 1319 3392 1596 3459; x_wconf 86' lang='lat' dir='ltr'><strong>Armenia,</strong></span> <span class='ocrx_word' id='word_1_194' title='bbox 1636 3395 2003 3470; x_wconf 76' lang='lat' dir='ltr'><strong>dividiturque</strong></span> <span class='ocrx_word' id='word_1_195' title='bbox 2042 3402 2095 3456; x_wconf 90' lang='lat' dir='ltr'><strong>in</strong></span> 
     </span>
    </p>
   </div>
   <div class='ocr_carea' id='block_1_34' title="bbox 528 3480 1141 3551">
    <p class='ocr_par' dir='ltr' id='par_1_34' title="bbox 528 3480 1141 3551">
     <span class='ocr_line' id='line_1_34' title="bbox 528 3480 1141 3551; baseline 0.008 -19"><span class='ocrx_word' id='word_1_196' title='bbox 528 3480 747 3551; x_wconf 74' lang='lat' dir='ltr'><strong>regione</strong></span> <span class='ocrx_word' id='word_1_197' title='bbox 772 3481 1141 3551; x_wconf 85' lang='lat' dir='ltr'><strong>Assyriorum.</strong></span> 
     </span>
    </p>
   </div>
   <div class='ocr_carea' id='block_1_35' title="bbox 906 3591 1700 3656">
    <p class='ocr_par' dir='ltr' id='par_1_35' title="bbox 906 3591 1700 3656">
     <span class='ocr_line' id='line_1_35' title="bbox 906 3591 1700 3656; baseline 0.015 -12"><span class='ocrx_word' id='word_1_198' title='bbox 906 3591 1424 3650; x_wconf 78' lang='lat' dir='ltr'><strong>INTERROGATIO</strong></span> <span class='ocrx_word' id='word_1_199' title='bbox 1449 3596 1700 3656; x_wconf 77' lang='lat' dir='ltr'><strong>CXLVII.</strong></span> 
     </span>
    </p>
   </div>
   <div class='ocr_carea' id='block_1_36' title="bbox 602 3683 2093 3761">
    <p class='ocr_par' dir='ltr' id='par_1_36' title="bbox 602 3683 2093 3761">
     <span class='ocr_line' id='line_1_36' title="bbox 602 3683 2093 3761; baseline 0.008 -24"><span class='ocrx_word' id='word_1_200' title='bbox 602 3683 673 3737; x_wconf 89' lang='lat' dir='ltr'><strong>Ut</strong></span> <span class='ocrx_word' id='word_1_201' title='bbox 708 3684 929 3738; x_wconf 88' lang='lat' dir='ltr'><strong>solitum</strong></span> <span class='ocrx_word' id='word_1_202' title='bbox 967 3686 1071 3741; x_wconf 90' lang='lat' dir='ltr'><strong>hoc</strong></span> <span class='ocrx_word' id='word_1_203' title='bbox 1109 3686 1175 3741; x_wconf 92' lang='lat' dir='ltr'><strong>do</strong></span> <span class='ocrx_word' id='word_1_204' title='bbox 1201 3689 1449 3743; x_wconf 89' lang='lat' dir='ltr'><strong>oratione</strong></span> <span class='ocrx_word' id='word_1_205' title='bbox 1498 3699 1587 3744; x_wconf 88' lang='lat' dir='ltr'><strong>tua</strong></span> <span class='ocrx_word' id='word_1_206' title='bbox 1625 3692 1882 3761; x_wconf 90' lang='lat' dir='ltr'><strong>gaudium</strong></span> <span class='ocrx_word' id='word_1_207' title='bbox 1918 3696 2093 3761; x_wconf 89' lang='lat' dir='ltr'><strong>perci-</strong></span> 
     </span>
    </p>
   </div>
   <div class='ocr_carea' id='block_1_37' title="bbox 508 3774 2095 3845">
    <p class='ocr_par' dir='ltr' id='par_1_37' title="bbox 508 3774 2095 3845">
     <span class='ocr_line' id='line_1_37' title="bbox 508 3774 2095 3845; baseline 0.009 -21"><span class='ocrx_word' id='word_1_208' title='bbox 508 3774 772 3842; x_wconf 25' lang='lat' dir='ltr'><strong>rpiamus,</strong></span> <span class='ocrx_word' id='word_1_209' title='bbox 822 3775 983 3829; x_wconf 85' lang='lat' dir='ltr'><strong>etiam</strong></span> <span class='ocrx_word' id='word_1_210' title='bbox 1028 3785 1283 3845; x_wconf 89' lang='lat' dir='ltr'><strong>quartum</strong></span> <span class='ocrx_word' id='word_1_211' title='bbox 1332 3779 1488 3834; x_wconf 89' lang='lat' dir='ltr'><strong>nobis</strong></span> <span class='ocrx_word' id='word_1_212' title='bbox 1522 3780 1723 3835; x_wconf 84' lang='lat' dir='ltr'><strong>ﬂumen</strong></span> <span class='ocrx_word' id='word_1_213' title='bbox 1790 3784 2095 3839; x_wconf 84' lang='lat' dir='ltr'><strong>describere</strong></span> 
     </span>
    </p>
   </div>
   <div class='ocr_carea' id='block_1_38' title="bbox 526 3864 683 3918">
    <p class='ocr_par' dir='ltr' id='par_1_38' title="bbox 526 3864 683 3918">
     <span class='ocr_line' id='line_1_38' title="bbox 526 3864 683 3918; baseline -0.006 -2"><span class='ocrx_word' id='word_1_214' title='bbox 526 3864 683 3918; x_wconf 80' lang='lat' dir='ltr'><strong>velis.</strong></span> 
     </span>
    </p>
   </div>
   <div class='ocr_carea' id='block_1_39' title="bbox 1159 3954 1465 4025">
    <p class='ocr_par' dir='ltr' id='par_1_39' title="bbox 1159 3954 1465 4025">
     <span class='ocr_line' id='line_1_39' title="bbox 1159 3954 1465 4025; baseline 0.013 -18"><span class='ocrx_word' id='word_1_215' title='bbox 1159 3954 1465 4025; x_wconf 76' lang='lat' dir='ltr'><strong>Responsio.</strong></span> 
     </span>
    </p>
   </div>
   <div class='ocr_carea' id='block_1_40' title="bbox 591 4077 2087 4156">
    <p class='ocr_par' dir='ltr' id='par_1_40' title="bbox 591 4077 2087 4156">
     <span class='ocr_line' id='line_1_40' title="bbox 591 4077 2087 4156; baseline 0.008 -25"><span class='ocrx_word' id='word_1_216' title='bbox 591 4077 667 4132; x_wconf 81' lang='lat' dir='ltr'><strong>Ex</strong></span> <span class='ocrx_word' id='word_1_217' title='bbox 694 4080 880 4134; x_wconf 89' lang='lat' dir='ltr'><strong>eodem</strong></span> <span class='ocrx_word' id='word_1_218' title='bbox 908 4089 1065 4135; x_wconf 89' lang='lat' dir='ltr'><strong>utero</strong></span> <span class='ocrx_word' id='word_1_219' title='bbox 1092 4082 1374 4138; x_wconf 80' lang='lat' dir='ltr'><strong>exundans</strong></span> <span class='ocrx_word' id='word_1_220' title='bbox 1395 4091 1625 4152; x_wconf 83' lang='lat' dir='ltr'><strong>quartus</strong></span> <span class='ocrx_word' id='word_1_221' title='bbox 1642 4094 1724 4140; x_wconf 91' lang='lat' dir='ltr'><strong>est</strong></span> <span class='ocrx_word' id='word_1_222' title='bbox 1745 4085 2087 4156; x_wconf 80' lang='lat' dir='ltr'><strong>Euphrates’</strong></span> 
     </span>
    </p>
   </div>
   <div class='ocr_carea' id='block_1_41' title="bbox 434 4168 2082 4249">
    <p class='ocr_par' dir='ltr' id='par_1_41' title="bbox 434 4168 2082 4249">
     <span class='ocr_line' id='line_1_41' title="bbox 434 4168 2082 4249; baseline 0.008 -27"><span class='ocrx_word' id='word_1_223' title='bbox 434 4226 441 4231; x_wconf 56' lang='grc'><strong>,</strong></span> <span class='ocrx_word' id='word_1_224' title='bbox 519 4168 608 4223; x_wconf 89' lang='lat' dir='ltr'><strong>ille</strong></span> <span class='ocrx_word' id='word_1_225' title='bbox 638 4171 889 4236; x_wconf 81' lang='lat' dir='ltr'><strong>celebris,</strong></span> <span class='ocrx_word' id='word_1_226' title='bbox 929 4173 1022 4241; x_wconf 87' lang='lat' dir='ltr'><strong>qui</strong></span> <span class='ocrx_word' id='word_1_227' title='bbox 1064 4173 1226 4228; x_wconf 89' lang='lat' dir='ltr'><strong>etiam</strong></span> <span class='ocrx_word' id='word_1_228' title='bbox 1263 4174 1476 4230; x_wconf 89' lang='lat' dir='ltr'><strong>Indicos</strong></span> <span class='ocrx_word' id='word_1_229' title='bbox 1518 4178 1784 4245; x_wconf 89' lang='lat' dir='ltr'><strong>quosdam</strong></span> <span class='ocrx_word' id='word_1_230' title='bbox 1842 4181 2082 4249; x_wconf 84' lang='lat' dir='ltr'><strong>paradisi</strong></span> 
     </span>
    </p>
   </div>
   <div class='ocr_carea' id='block_1_42' title="bbox 516 4257 2080 4331">
    <p class='ocr_par' dir='ltr' id='par_1_42' title="bbox 516 4257 2080 4331">
     <span class='ocr_line' id='line_1_42' title="bbox 516 4257 2080 4331; baseline 0.01 -19"><span class='ocrx_word' id='word_1_231' title='bbox 516 4257 730 4315; x_wconf 79' lang='lat' dir='ltr'><strong>fructus</strong></span> <span class='ocrx_word' id='word_1_232' title='bbox 762 4260 1003 4331; x_wconf 79' lang='lat' dir='ltr'><strong>foliaque</strong></span> <span class='ocrx_word' id='word_1_233' title='bbox 1029 4279 1189 4319; x_wconf 88' lang='lat' dir='ltr'><strong>amne</strong></span> <span class='ocrx_word' id='word_1_234' title='bbox 1219 4280 1320 4319; x_wconf 91' lang='lat' dir='ltr'><strong>suo</strong></span> <span class='ocrx_word' id='word_1_235' title='bbox 1352 4267 1596 4331; x_wconf 85' lang='lat' dir='ltr'><strong>trahens,</strong></span> <span class='ocrx_word' id='word_1_236' title='bbox 1636 4268 1703 4322; x_wconf 91' lang='lat' dir='ltr'><strong>ad</strong></span> <span class='ocrx_word' id='word_1_237' title='bbox 1739 4285 1841 4325; x_wconf 91' lang='lat' dir='ltr'><strong>nos</strong></span> <span class='ocrx_word' id='word_1_238' title='bbox 1902 4281 2080 4327; x_wconf 90' lang='lat' dir='ltr'><strong>trans-</strong></span> 
     </span>
    </p>
   </div>
   <div class='ocr_carea' id='block_1_43' title="bbox 512 4350 2077 4422">
    <p class='ocr_par' dir='ltr' id='par_1_43' title="bbox 512 4350 2077 4422">
     <span class='ocr_line' id='line_1_43' title="bbox 512 4350 2077 4422; baseline 0.009 -20"><span class='ocrx_word' id='word_1_239' title='bbox 512 4350 683 4403; x_wconf 71' lang='lat' dir='ltr'><strong>vehit.</strong></span> <span class='ocrx_word' id='word_1_240' title='bbox 736 4351 841 4415; x_wconf 85' lang='lat' dir='ltr'><strong>Qui</strong></span> <span class='ocrx_word' id='word_1_241' title='bbox 883 4353 1161 4417; x_wconf 83' lang='lat' dir='ltr'><strong>similiter,</strong></span> <span class='ocrx_word' id='word_1_242' title='bbox 1199 4366 1257 4408; x_wconf 87' lang='lat' dir='ltr'><strong>ut</strong></span> <span class='ocrx_word' id='word_1_243' title='bbox 1295 4356 1468 4422; x_wconf 86' lang='lat' dir='ltr'><strong>alter,</strong></span> <span class='ocrx_word' id='word_1_244' title='bbox 1504 4373 1566 4411; x_wconf 79' lang='lat' dir='ltr'><strong>ex</strong></span> <span class='ocrx_word' id='word_1_245' title='bbox 1607 4359 1795 4413; x_wconf 87' lang='lat' dir='ltr'><strong>eadem</strong></span> <span class='ocrx_word' id='word_1_246' title='bbox 1842 4364 2077 4416; x_wconf 84' lang='lat' dir='ltr'><strong>scaturi-</strong></span> 
     </span>
    </p>
   </div>
   <div class='ocr_carea' id='block_1_44' title="bbox 511 4437 2082 4517">
    <p class='ocr_par' dir='ltr' id='par_1_44' title="bbox 511 4437 2082 4517">
     <span class='ocr_line' id='line_1_44' title="bbox 511 4437 2082 4517; baseline 0.011 -28"><span class='ocrx_word' id='word_1_247' title='bbox 511 4438 641 4507; x_wconf 23' lang='lat' dir='ltr'><strong>igiue</strong></span> <span class='ocrx_word' id='word_1_248' title='bbox 681 4437 875 4502; x_wconf 81' lang='lat' dir='ltr'><strong>ﬂuens,</strong></span> <span class='ocrx_word' id='word_1_249' title='bbox 911 4442 1300 4498; x_wconf 87' lang='lat' dir='ltr'><strong>subterraneus</strong></span> <span class='ocrx_word' id='word_1_250' title='bbox 1356 4446 1718 4517; x_wconf 83' lang='lat' dir='ltr'><strong>aliquousque</strong></span> <span class='ocrx_word' id='word_1_251' title='bbox 1776 4450 1996 4517; x_wconf 89' lang='lat' dir='ltr'><strong>labitur,</strong></span> <span class='ocrx_word' id='word_1_252' title='bbox 2029 4462 2082 4506; x_wconf 91' lang='lat' dir='ltr'><strong>et</strong></span> 
     </span>
    </p>
   </div>
   <div class='ocr_carea' id='block_1_45' title="bbox 516 4527 2081 4610">
    <p class='ocr_par' dir='ltr' id='par_1_45' title="bbox 516 4527 2081 4610">
     <span class='ocr_line' id='line_1_45' title="bbox 516 4527 2081 4610; baseline 0.008 -30"><span class='ocrx_word' id='word_1_253' title='bbox 516 4527 784 4583; x_wconf 72' lang='lat' dir='ltr'><strong>redundat</strong></span> <span class='ocrx_word' id='word_1_254' title='bbox 811 4530 967 4599; x_wconf 77' lang='lat' dir='ltr'><strong>juxta</strong></span> <span class='ocrx_word' id='word_1_255' title='bbox 1000 4532 1337 4599; x_wconf 82' lang='lat' dir='ltr'><strong>Armeniam,</strong></span> <span class='ocrx_word' id='word_1_256' title='bbox 1372 4536 1514 4591; x_wconf 90' lang='lat' dir='ltr'><strong>unde</strong></span> <span class='ocrx_word' id='word_1_257' title='bbox 1559 4547 1742 4592; x_wconf 88' lang='lat' dir='ltr'><strong>manat</strong></span> <span class='ocrx_word' id='word_1_258' title='bbox 1771 4554 1863 4608; x_wconf 87' lang='lat' dir='ltr'><strong>per</strong></span> <span class='ocrx_word' id='word_1_259' title='bbox 1904 4540 2081 4610; x_wconf 83' lang='lat' dir='ltr'><strong>Baby-</strong></span> 
     </span>
    </p>
   </div>
   <div class='ocr_carea' id='block_1_46' title="bbox 516 4614 2077 4694">
    <p class='ocr_par' dir='ltr' id='par_1_46' title="bbox 516 4614 2077 4694">
     <span class='ocr_line' id='line_1_46' title="bbox 516 4614 2077 4694; baseline 0.008 -25"><span class='ocrx_word' id='word_1_260' title='bbox 516 4614 717 4671; x_wconf 78' lang='lat' dir='ltr'><strong>lonem.</strong></span> <span class='ocrx_word' id='word_1_261' title='bbox 778 4618 823 4670; x_wconf 82' lang='grc' dir='ltr'>Α</span> <span class='ocrx_word' id='word_1_262' title='bbox 897 4620 1278 4689; x_wconf 86' lang='lat' dir='ltr'><strong>navigantibus</strong></span> <span class='ocrx_word' id='word_1_263' title='bbox 1346 4633 1525 4678; x_wconf 88' lang='lat' dir='ltr'><strong>autem</strong></span> <span class='ocrx_word' id='word_1_264' title='bbox 1596 4627 1821 4694; x_wconf 85' lang='lat' dir='ltr'><strong>quilibet</strong></span> <span class='ocrx_word' id='word_1_265' title='bbox 1886 4628 2077 4683; x_wconf 89' lang='lat' dir='ltr'><strong>horum</strong></span> 
     </span>
    </p>
   </div>
   <div class='ocr_carea' id='block_1_47' title="bbox 516 4710 2081 4790">
    <p class='ocr_par' dir='ltr' id='par_1_47' title="bbox 516 4710 2081 4790">
     <span class='ocr_line' id='line_1_47' title="bbox 516 4710 2081 4790; baseline 0.01 -30"><span class='ocrx_word' id='word_1_266' title='bbox 516 4710 777 4763; x_wconf 88' lang='lat' dir='ltr'><strong>transitur</strong></span> <span class='ocrx_word' id='word_1_267' title='bbox 807 4710 1073 4767; x_wconf 69' lang='lat' dir='ltr'><strong>immensa</strong></span> <span class='ocrx_word' id='word_1_268' title='bbox 1102 4712 1400 4769; x_wconf 77' lang='lat' dir='ltr'><strong>ferentibus</strong></span> <span class='ocrx_word' id='word_1_269' title='bbox 1434 4731 1598 4770; x_wconf 88' lang='lat' dir='ltr'><strong>onera</strong></span> <span class='ocrx_word' id='word_1_270' title='bbox 1658 4718 1909 4785; x_wconf 83' lang='lat' dir='ltr'><strong>navibus,</strong></span> <span class='ocrx_word' id='word_1_271' title='bbox 1957 4731 2081 4790; x_wconf 87' lang='lat' dir='ltr'><strong>post</strong></span> 
     </span>
    </p>
   </div>
   <div class='ocr_carea' id='block_1_48' title="bbox 514 4800 2076 4879">
    <p class='ocr_par' dir='ltr' id='par_1_48' title="bbox 514 4800 2076 4879">
     <span class='ocr_line' id='line_1_48' title="bbox 514 4800 2076 4879; baseline 0.01 -26"><span class='ocrx_word' id='word_1_272' title='bbox 514 4800 921 4858; x_wconf 84' lang='lat' dir='ltr'><strong>subterraneam</strong></span> <span class='ocrx_word' id='word_1_273' title='bbox 955 4804 1286 4879; x_wconf 76' lang='lat' dir='ltr'><strong>refusioncm</strong></span> <span class='ocrx_word' id='word_1_274' title='bbox 1319 4808 1385 4861; x_wconf 91' lang='lat' dir='ltr'><strong>ad</strong></span> <span class='ocrx_word' id='word_1_275' title='bbox 1414 4808 1691 4874; x_wconf 88' lang='lat' dir='ltr'><strong>ulteriora,</strong></span> <span class='ocrx_word' id='word_1_276' title='bbox 1718 4821 1975 4879; x_wconf 90' lang='lat' dir='ltr'><strong>tanquam</strong></span> <span class='ocrx_word' id='word_1_277' title='bbox 2008 4814 2076 4869; x_wconf 86' lang='lat' dir='ltr'><strong>ad</strong></span> 
     </span>
    </p>
   </div>
   <div class='ocr_carea' id='block_1_49' title="bbox 510 4878 2077 4963">
    <p class='ocr_par' dir='ltr' id='par_1_49' title="bbox 510 4878 2077 4963">
     <span class='ocr_line' id='line_1_49' title="bbox 510 4878 2077 4963; baseline 0.013 -26"><span class='ocrx_word' id='word_1_278' title='bbox 510 4890 821 4954; x_wconf 88' lang='lat' dir='ltr'><strong>paradisum</strong></span> <span class='ocrx_word' id='word_1_279' title='bbox 882 4910 977 4963; x_wconf 88' lang='lat' dir='ltr'><strong>per</strong></span> <span class='ocrx_word' id='word_1_280' title='bbox 1022 4878 1266 4951; x_wconf 68' lang='lat' dir='ltr'><strong>occultos</strong></span> <span class='ocrx_word' id='word_1_281' title='bbox 1324 4896 1444 4951; x_wconf 88' lang='lat' dir='ltr'><strong>illos</strong></span> <span class='ocrx_word' id='word_1_282' title='bbox 1504 4907 1715 4953; x_wconf 86' lang='lat' dir='ltr'><strong>meatus</strong></span> <span class='ocrx_word' id='word_1_283' title='bbox 1750 4878 2077 4959; x_wconf 82' lang='lat' dir='ltr'><strong>contendere</strong></span> 
     </span>
    </p>
   </div>
   <div class='ocr_carea' id='block_1_50' title="bbox 509 4979 2077 5061">
    <p class='ocr_par' dir='ltr' id='par_1_50' title="bbox 509 4979 2077 5061">
     <span class='ocr_line' id='line_1_50' title="bbox 509 4979 2077 5061; baseline 0.013 -33"><span class='ocrx_word' id='word_1_284' title='bbox 509 4979 841 5038; x_wconf 87' lang='lat' dir='ltr'><strong>volentibus.</strong></span> <span class='ocrx_word' id='word_1_285' title='bbox 912 4986 1113 5041; x_wconf 82' lang='lat' dir='ltr'><strong>Verum</strong></span> <span class='ocrx_word' id='word_1_286' title='bbox 1159 4988 1225 5042; x_wconf 91' lang='lat' dir='ltr'><strong>ad</strong></span> <span class='ocrx_word' id='word_1_287' title='bbox 1282 4989 1397 5042; x_wconf 90' lang='lat' dir='ltr'><strong>loca</strong></span> <span class='ocrx_word' id='word_1_288' title='bbox 1459 4988 1736 5045; x_wconf 86' lang='lat' dir='ltr'><strong>inaccessa</strong></span> <span class='ocrx_word' id='word_1_289' title='bbox 1794 4995 2077 5061; x_wconf 87' lang='lat' dir='ltr'><strong>pervenire</strong></span> 
     </span>
    </p>
   </div>
   <div class='ocr_carea' id='block_1_51' title="bbox 507 5066 2070 5153">
    <p class='ocr_par' dir='ltr' id='par_1_51' title="bbox 507 5066 2070 5153">
     <span class='ocr_line' id='line_1_51' title="bbox 507 5066 2070 5153; baseline 0.013 -33"><span class='ocrx_word' id='word_1_290' title='bbox 507 5066 711 5123; x_wconf 81' lang='lat' dir='ltr'><strong>frustra</strong></span> <span class='ocrx_word' id='word_1_291' title='bbox 742 5074 942 5139; x_wconf 89' lang='lat' dir='ltr'><strong>conati,</strong></span> <span class='ocrx_word' id='word_1_292' title='bbox 974 5092 1069 5145; x_wconf 91' lang='lat' dir='ltr'><strong>per</strong></span> <span class='ocrx_word' id='word_1_293' title='bbox 1100 5080 1313 5134; x_wconf 70' lang='lat' dir='ltr'><strong>adversi</strong></span> <span class='ocrx_word' id='word_1_294' title='bbox 1349 5080 1588 5135; x_wconf 78' lang='lat' dir='ltr'><strong>[luminis</strong></span> <span class='ocrx_word' id='word_1_295' title='bbox 1632 5082 2028 5153; x_wconf 85' lang='lat' dir='ltr'><strong>navigationem</strong></span> <span class='ocrx_word' id='word_1_296' title='bbox 2055 5127 2070 5151; x_wconf 92' lang='lat'><strong>,</strong></span> 
     </span>
    </p>
   </div>
   <div class='ocr_carea' id='block_1_52' title="bbox 506 5159 2079 5253">
    <p class='ocr_par' dir='ltr' id='par_1_52' title="bbox 506 5159 2079 5253">
     <span class='ocr_line' id='line_1_52' title="bbox 506 5159 2079 5253; baseline 0.015 -40"><span class='ocrx_word' id='word_1_297' title='bbox 506 5160 590 5214; x_wconf 90' lang='lat' dir='ltr'><strong>vel</strong></span> <span class='ocrx_word' id='word_1_298' title='bbox 626 5159 804 5214; x_wconf 87' lang='lat' dir='ltr'><strong>littora</strong></span> <span class='ocrx_word' id='word_1_299' title='bbox 839 5164 1063 5233; x_wconf 86' lang='lat' dir='ltr'><strong>legendo</strong></span> <span class='ocrx_word' id='word_1_300' title='bbox 1099 5170 1289 5225; x_wconf 91' lang='lat' dir='ltr'><strong>itinere</strong></span> <span class='ocrx_word' id='word_1_301' title='bbox 1325 5174 1565 5231; x_wconf 87' lang='lat' dir='ltr'><strong>terrestri</strong></span> <span class='ocrx_word' id='word_1_302' title='bbox 1598 5174 1786 5253; x_wconf 80' lang='lat' dir='ltr'><strong>saltem</strong></span> <span class='ocrx_word' id='word_1_303' title='bbox 1823 5178 2079 5249; x_wconf 86' lang='lat' dir='ltr'><strong>indagare</strong></span> 
     </span>
    </p>
   </div>
   <div class='ocr_carea' id='block_1_53' title="bbox 503 5250 2073 5341">
    <p class='ocr_par' dir='ltr' id='par_1_53' title="bbox 503 5250 2073 5341">
     <span class='ocr_line' id='line_1_53' title="bbox 503 5250 2073 5341; baseline 0.013 -37"><span class='ocrx_word' id='word_1_304' title='bbox 503 5250 713 5304; x_wconf 87' lang='lat' dir='ltr'><strong>aditum</strong></span> <span class='ocrx_word' id='word_1_305' title='bbox 744 5254 813 5304; x_wconf 80' lang='lat' dir='ltr'><strong>ad</strong></span> <span class='ocrx_word' id='word_1_306' title='bbox 847 5252 1025 5320; x_wconf 80' lang='lat' dir='ltr'><strong>ipsum</strong></span> <span class='ocrx_word' id='word_1_307' title='bbox 1093 5265 1392 5315; x_wconf 89' lang='lat' dir='ltr'><strong>tentarunt.</strong></span> <span class='ocrx_word' id='word_1_308' title='bbox 1450 5261 1529 5315; x_wconf 73' lang='lat' dir='ltr'><strong>Ex</strong></span> <span class='ocrx_word' id='word_1_309' title='bbox 1585 5250 1787 5334; x_wconf 85' lang='lat' dir='ltr'><strong>quibus</strong></span> <span class='ocrx_word' id='word_1_310' title='bbox 1834 5266 2073 5341; x_wconf 68' lang='lat' dir='ltr'><strong>Egyptii</strong></span> 
     </span>
    </p>
   </div>
   <div class='ocr_carea' id='block_1_54' title="bbox 502 5342 2072 5424">
    <p class='ocr_par' dir='ltr' id='par_1_54' title="bbox 502 5342 2072 5424">
     <span class='ocr_line' id='line_1_54' title="bbox 502 5342 2072 5424; baseline 0.014 -30"><span class='ocrx_word' id='word_1_311' title='bbox 502 5342 721 5412; x_wconf 88' lang='lat' dir='ltr'><strong>quidam</strong></span> <span class='ocrx_word' id='word_1_312' title='bbox 762 5359 917 5413; x_wconf 81' lang='lat' dir='ltr'><strong>aqme</strong></span> <span class='ocrx_word' id='word_1_313' title='bbox 951 5354 1171 5414; x_wconf 84' lang='lat' dir='ltr'><strong>potores</strong></span> <span class='ocrx_word' id='word_1_314' title='bbox 1195 5359 1251 5404; x_wconf 91' lang='lat' dir='ltr'><strong>et</strong></span> <span class='ocrx_word' id='word_1_315' title='bbox 1277 5354 1579 5409; x_wconf 88' lang='lat' dir='ltr'><strong>seminibus</strong></span> <span class='ocrx_word' id='word_1_316' title='bbox 1620 5368 1922 5424; x_wconf 88' lang='lat' dir='ltr'><strong>vescentes,</strong></span> <span class='ocrx_word' id='word_1_317' title='bbox 1978 5378 2072 5417; x_wconf 88' lang='lat' dir='ltr'><strong>ue-</strong></span> 
     </span>
    </p>
   </div>
   <div class='ocr_carea' id='block_1_55' title="bbox 502 5436 2067 5520">
    <p class='ocr_par' dir='ltr' id='par_1_55' title="bbox 502 5436 2067 5520">
     <span class='ocr_line' id='line_1_55' title="bbox 502 5436 2067 5520; baseline 0.014 -35"><span class='ocrx_word' id='word_1_318' title='bbox 502 5449 608 5502; x_wconf 91' lang='lat' dir='ltr'><strong>que</strong></span> <span class='ocrx_word' id='word_1_319' title='bbox 638 5450 829 5490; x_wconf 85' lang='lat' dir='ltr'><strong>crasso</strong></span> <span class='ocrx_word' id='word_1_320' title='bbox 866 5436 1009 5491; x_wconf 89' lang='lat' dir='ltr'><strong>victu</strong></span> <span class='ocrx_word' id='word_1_321' title='bbox 1052 5448 1237 5494; x_wconf 85' lang='lat' dir='ltr'><strong>nostro</strong></span> <span class='ocrx_word' id='word_1_322' title='bbox 1293 5443 1361 5497; x_wconf 89' lang='lat' dir='ltr'><strong>ab</strong></span> <span class='ocrx_word' id='word_1_323' title='bbox 1422 5446 1769 5503; x_wconf 89' lang='lat' dir='ltr'><strong>incunabulis</strong></span> <span class='ocrx_word' id='word_1_324' title='bbox 1821 5460 2067 5520; x_wconf 84' lang='lat' dir='ltr'><strong>utentes,</strong></span> 
     </span>
    </p>
   </div>
   <div class='ocr_carea' id='block_1_56' title="bbox 1628 281 2750 353">
    <p class='ocr_par' dir='ltr' id='par_1_56' title="bbox 1628 281 2750 353">
     <span class='ocr_line' id='line_1_56' title="bbox 1628 281 2750 353; baseline 0 -10"><span class='ocrx_word' id='word_1_325' title='bbox 1628 288 1685 346; x_wconf 85' lang='lat' dir='ltr'><strong>S.</strong></span> <span class='ocrx_word' id='word_1_326' title='bbox 1729 281 2385 353; x_wconf 56' lang='lat' dir='ltr'><strong>CAESARIlﬁREGOIlII</strong></span> <span class='ocrx_word' id='word_1_327' title='bbox 2419 282 2750 343; x_wconf 71' lang='lat' dir='ltr'><strong>FRA&#39;IRIS.</strong></span> 
     </span>
    </p>
   </div>
   <div class='ocr_carea' id='block_1_57' title="bbox 3646 287 3791 342">
    <p class='ocr_par' dir='ltr' id='par_1_57' title="bbox 3646 287 3791 342">
     <span class='ocr_line' id='line_1_57' title="bbox 3646 287 3791 342; baseline 0.014 -2"><span class='ocrx_word' id='word_1_328' title='bbox 3646 287 3791 342; x_wconf 71' lang='grc' dir='ltr'>ιουσ</span> 
     </span>
    </p>
   </div>
   <div class='ocr_carea' id='block_1_58' title="bbox 2201 400 3794 473">
    <p class='ocr_par' dir='ltr' id='par_1_58' title="bbox 2201 400 3794 473">
     <span class='ocr_line' id='line_1_58' title="bbox 2201 400 3794 473; baseline 0.004 -20"><span class='ocrx_word' id='word_1_329' title='bbox 2201 400 2415 454; x_wconf 85' lang='grc' dir='ltr'>θιοπίαν</span> <span class='ocrx_word' id='word_1_330' title='bbox 2465 402 2557 454; x_wconf 69' lang='grc' dir='ltr'><strong>καὶ</strong></span> <span class='ocrx_word' id='word_1_331' title='bbox 2605 402 2673 454; x_wconf 81' lang='grc' dir='ltr'><strong>τά</strong></span> <span class='ocrx_word' id='word_1_332' title='bbox 2718 402 2856 473; x_wconf 82' lang='grc' dir='ltr'>μέρη</span> <span class='ocrx_word' id='word_1_333' title='bbox 2911 401 3021 454; x_wconf 85' lang='grc' dir='ltr'>τῶν</span> <span class='ocrx_word' id='word_1_334' title='bbox 3057 400 3379 473; x_wconf 77' lang='grc' dir='ltr'>Ἐλυμαίων,</span> <span class='ocrx_word' id='word_1_335' title='bbox 3425 405 3518 457; x_wconf 71' lang='grc' dir='ltr'>καὶ</span> <span class='ocrx_word' id='word_1_336' title='bbox 3560 403 3794 460; x_wconf 78' lang='grc' dir='ltr'><strong>διαθέων</strong></span> 
     </span>
    </p>
   </div>
   <div class='ocr_carea' id='block_1_59' title="bbox 2199 489 3795 567">
    <p class='ocr_par' dir='ltr' id='par_1_59' title="bbox 2199 489 3795 567">
     <span class='ocr_line' id='line_1_59' title="bbox 2199 489 3795 567; baseline 0.003 -21"><span class='ocrx_word' id='word_1_337' title='bbox 2199 494 2298 563; x_wconf 84' lang='grc' dir='ltr'><strong>τὴν</strong></span> <span class='ocrx_word' id='word_1_338' title='bbox 2343 493 2565 564; x_wconf 80' lang='grc' dir='ltr'>πρώτην</span> <span class='ocrx_word' id='word_1_339' title='bbox 2617 493 2921 555; x_wconf 76' lang='grc' dir='ltr'><strong>Αἰθιοπίαν,</strong></span> <span class='ocrx_word' id='word_1_340' title='bbox 2968 489 3067 547; x_wconf 78' lang='grc' dir='ltr'>εἷθ’</span> <span class='ocrx_word' id='word_1_341' title='bbox 3108 494 3281 559; x_wconf 74' lang='grc' dir='ltr'>οὕτως</span> <span class='ocrx_word' id='word_1_342' title='bbox 3318 496 3525 567; x_wconf 77' lang='grc' dir='ltr'>ὲκρέων</span> <span class='ocrx_word' id='word_1_343' title='bbox 3579 499 3676 551; x_wconf 61' lang='grc' dir='ltr'><strong>ἐπὶ</strong></span> <span class='ocrx_word' id='word_1_344' title='bbox 3727 501 3795 551; x_wconf 78' lang='grc' dir='ltr'>τὰ</span> 
     </span>
    </p>
   </div>
   <div class='ocr_carea' id='block_1_60' title="bbox 2201 583 3787 656">
    <p class='ocr_par' dir='ltr' id='par_1_60' title="bbox 2201 583 3787 656">
     <span class='ocr_line' id='line_1_60' title="bbox 2201 583 3787 656; baseline 0.003 -21"><span class='ocrx_word' id='word_1_345' title='bbox 2201 583 2349 636; x_wconf 75' lang='grc' dir='ltr'>νότια</span> <span class='ocrx_word' id='word_1_346' title='bbox 2377 584 2471 636; x_wconf 79' lang='grc' dir='ltr'><strong>καὶ</strong></span> <span class='ocrx_word' id='word_1_347' title='bbox 2497 584 2595 654; x_wconf 85' lang='grc' dir='ltr'><strong>τὴν</strong></span> <span class='ocrx_word' id='word_1_348' title='bbox 2620 585 2857 656; x_wconf 80' lang='grc' dir='ltr'>ἑσπέραν</span> <span class='ocrx_word' id='word_1_349' title='bbox 2897 584 3097 638; x_wconf 75' lang='grc' dir='ltr'>ἔσωθεν</span> <span class='ocrx_word' id='word_1_350' title='bbox 3126 585 3417 656; x_wconf 77' lang='grc' dir='ltr'><strong>Γαδείρων,</strong></span> <span class='ocrx_word' id='word_1_351' title='bbox 3436 586 3517 647; x_wconf 85' lang='grc' dir='ltr'><strong>εἰς</strong></span> <span class='ocrx_word' id='word_1_352' title='bbox 3548 585 3643 638; x_wconf 76' lang='grc' dir='ltr'><strong>τὸν</strong></span> <span class='ocrx_word' id='word_1_353' title='bbox 3679 587 3787 639; x_wconf 71' lang='grc' dir='ltr'>διαι-</span> 
     </span>
    </p>
   </div>
   <div class='ocr_carea' id='block_1_61' title="bbox 2202 675 3039 748">
    <p class='ocr_par' dir='ltr' id='par_1_61' title="bbox 2202 675 3039 748">
     <span class='ocr_line' id='line_1_61' title="bbox 2202 675 3039 748; baseline 0.002 -19"><span class='ocrx_word' id='word_1_354' title='bbox 2202 675 2394 745; x_wconf 84' lang='grc' dir='ltr'>6όητον</span> <span class='ocrx_word' id='word_1_355' title='bbox 2417 677 2725 748; x_wconf 80' lang='grc' dir='ltr'>ἐκκρίνεται</span> <span class='ocrx_word' id='word_1_356' title='bbox 2769 677 3039 738; x_wconf 76' lang='grc' dir='ltr'>Ὠκεανόν.</span> 
     </span>
    </p>
   </div>
   <div class='ocr_carea' id='block_1_62' title="bbox 2763 792 3220 848">
    <p class='ocr_par' dir='ltr' id='par_1_62' title="bbox 2763 792 3220 848">
     <span class='ocr_line' id='line_1_62' title="bbox 2763 792 3220 848; baseline 0.007 -4"><span class='ocrx_word' id='word_1_357' title='bbox 2763 792 3010 845; x_wconf 80' lang='grc' dir='ltr'><strong>ΠΕΥΣΙΣ</strong></span> <span class='ocrx_word' id='word_1_358' title='bbox 3041 793 3220 848; x_wconf 76' lang='lat' dir='ltr'><strong>PME’.</strong></span> 
     </span>
    </p>
   </div>
   <div class='ocr_carea' id='block_1_63' title="bbox 2273 904 3789 978">
    <p class='ocr_par' dir='ltr' id='par_1_63' title="bbox 2273 904 3789 978">
     <span class='ocr_line' id='line_1_63' title="bbox 2273 904 3789 978; baseline 0.002 -22"><span class='ocrx_word' id='word_1_359' title='bbox 2273 904 2363 974; x_wconf 81' lang='grc' dir='ltr'><strong>Μὴ</strong></span> <span class='ocrx_word' id='word_1_360' title='bbox 2398 904 2630 959; x_wconf 74' lang='grc' dir='ltr'>ἐνταῦθα</span> <span class='ocrx_word' id='word_1_361' title='bbox 2675 904 2861 977; x_wconf 72' lang='grc' dir='ltr'>παύσῃ</span> <span class='ocrx_word' id='word_1_362' title='bbox 2904 906 2998 958; x_wconf 83' lang='grc' dir='ltr'><strong>τοὺ</strong></span> <span class='ocrx_word' id='word_1_363' title='bbox 3032 907 3231 974; x_wconf 83' lang='grc' dir='ltr'>λέγειν,</span> <span class='ocrx_word' id='word_1_364' title='bbox 3263 907 3541 974; x_wconf 72' lang='grc' dir='ltr'>φιλότεκνε</span> <span class='ocrx_word' id='word_1_365' title='bbox 3582 907 3789 978; x_wconf 81' lang='grc' dir='ltr'><strong>Πάτερ,</strong></span> 
     </span>
    </p>
   </div>
   <div class='ocr_carea' id='block_1_64' title="bbox 2203 994 3783 1069">
    <p class='ocr_par' dir='ltr' id='par_1_64' title="bbox 2203 994 3783 1069">
     <span class='ocr_line' id='line_1_64' title="bbox 2203 994 3783 1069; baseline 0.003 -22"><span class='ocrx_word' id='word_1_366' title='bbox 2203 994 2338 1047; x_wconf 81' lang='grc' dir='ltr'>ἀλλὰ</span> <span class='ocrx_word' id='word_1_367' title='bbox 2371 995 2584 1048; x_wconf 74' lang='grc' dir='ltr'>καὶτοῦ</span> <span class='ocrx_word' id='word_1_368' title='bbox 2619 996 2867 1066; x_wconf 78' lang='grc' dir='ltr'><strong>δευτέρου</strong></span> <span class='ocrx_word' id='word_1_369' title='bbox 2912 1000 3042 1067; x_wconf 82' lang='grc' dir='ltr'>ἡμῖν</span> <span class='ocrx_word' id='word_1_370' title='bbox 3084 997 3326 1067; x_wconf 79' lang='grc' dir='ltr'>ποταμοῦ</span> <span class='ocrx_word' id='word_1_371' title='bbox 3363 998 3459 1069; x_wconf 84' lang='grc' dir='ltr'>τὴν</span> <span class='ocrx_word' id='word_1_372' title='bbox 3504 998 3683 1069; x_wconf 79' lang='grc' dir='ltr'>ὁρμὴν</span> <span class='ocrx_word' id='word_1_373' title='bbox 3708 998 3783 1069; x_wconf 80' lang='grc' dir='ltr'><strong>τῷ</strong></span> 
     </span>
    </p>
   </div>
   <div class='ocr_carea' id='block_1_65' title="bbox 2203 1093 3267 1165">
    <p class='ocr_par' dir='ltr' id='par_1_65' title="bbox 2203 1093 3267 1165">
     <span class='ocr_line' id='line_1_65' title="bbox 2203 1093 3267 1165; baseline 0.003 -20"><span class='ocrx_word' id='word_1_374' title='bbox 2203 1093 2345 1165; x_wconf 83' lang='grc' dir='ltr'>λόγῳ</span> <span class='ocrx_word' id='word_1_375' title='bbox 2371 1093 2707 1165; x_wconf 67' lang='grc' dir='ltr'>διαγράφων,</span> <span class='ocrx_word' id='word_1_376' title='bbox 2737 1094 2957 1156; x_wconf 79' lang='grc' dir='ltr'><strong>τελείως</strong></span> <span class='ocrx_word' id='word_1_377' title='bbox 2990 1094 3267 1165; x_wconf 68' lang='grc' dir='ltr'>εεοφραινε.</span> 
     </span>
    </p>
   </div>
   <div class='ocr_carea' id='block_1_66' title="bbox 2828 1185 3175 1254">
    <p class='ocr_par' dir='ltr' id='par_1_66' title="bbox 2828 1185 3175 1254">
     <span class='ocr_line' id='line_1_66' title="bbox 2828 1185 3175 1254; baseline 0.003 -15"><span class='ocrx_word' id='word_1_378' title='bbox 2828 1185 3175 1254; x_wconf 78' lang='grc' dir='ltr'><strong>Ἀπόκρισις.</strong></span> 
     </span>
    </p>
   </div>
   <div class='ocr_carea' id='block_1_67' title="bbox 2275 1275 3788 1348">
    <p class='ocr_par' dir='ltr' id='par_1_67' title="bbox 2275 1275 3788 1348">
     <span class='ocr_line' id='line_1_67' title="bbox 2275 1275 3788 1348; baseline 0.001 -21"><span class='ocrx_word' id='word_1_379' title='bbox 2275 1275 2533 1348; x_wconf 74' lang='grc' dir='ltr'><strong>Δεύτερος</strong></span> <span class='ocrx_word' id='word_1_380' title='bbox 2578 1277 2721 1329; x_wconf 84' lang='grc' dir='ltr'>Γεὼν</span> <span class='ocrx_word' id='word_1_381' title='bbox 2755 1277 3008 1348; x_wconf 85' lang='grc' dir='ltr'>ὑπάρχει,</span> <span class='ocrx_word' id='word_1_382' title='bbox 3064 1280 3092 1330; x_wconf 87' lang='grc' dir='ltr'>ὁ</span> <span class='ocrx_word' id='word_1_383' title='bbox 3143 1280 3272 1347; x_wconf 72' lang='grc' dir='ltr'>παρ’</span> <span class='ocrx_word' id='word_1_384' title='bbox 3314 1276 3628 1344; x_wconf 76' lang='grc' dir='ltr'><strong>Αἰγυπτίοις</strong></span> <span class='ocrx_word' id='word_1_385' title='bbox 3666 1276 3788 1328; x_wconf 71' lang='grc' dir='ltr'><strong>Νεῖο</strong></span> 
     </span>
    </p>
   </div>
   <div class='ocr_carea' id='block_1_68' title="bbox 2204 1366 3785 1439">
    <p class='ocr_par' dir='ltr' id='par_1_68' title="bbox 2204 1366 3785 1439">
     <span class='ocr_line' id='line_1_68' title="bbox 2204 1366 3785 1439; baseline 0 -21"><span class='ocrx_word' id='word_1_386' title='bbox 2204 1366 2294 1430; x_wconf 85' lang='grc' dir='ltr'><strong>λος</strong></span> <span class='ocrx_word' id='word_1_387' title='bbox 2323 1369 2877 1439; x_wconf 79' lang='grc' dir='ltr'>προσαγορευόμενος,</span> <span class='ocrx_word' id='word_1_388' title='bbox 2918 1370 3093 1421; x_wconf 78' lang='grc' dir='ltr'>πᾶσαν</span> <span class='ocrx_word' id='word_1_389' title='bbox 3134 1368 3438 1431; x_wconf 75' lang='grc' dir='ltr'><strong>ἐπικλύζων</strong></span> <span class='ocrx_word' id='word_1_390' title='bbox 3478 1369 3650 1437; x_wconf 80' lang='grc' dir='ltr'>πρᾷος</span> <span class='ocrx_word' id='word_1_391' title='bbox 3691 1367 3785 1419; x_wconf 73' lang='grc' dir='ltr'><strong>καὶ</strong></span> 
     </span>
    </p>
   </div>
   <div class='ocr_carea' id='block_1_69' title="bbox 2206 1459 3790 1529">
    <p class='ocr_par' dir='ltr' id='par_1_69' title="bbox 2206 1459 3790 1529">
     <span class='ocr_line' id='line_1_69' title="bbox 2206 1459 3790 1529; baseline -0.001 -17"><span class='ocrx_word' id='word_1_392' title='bbox 2206 1459 2447 1529; x_wconf 84' lang='grc' dir='ltr'>ἁρδεύων</span> <span class='ocrx_word' id='word_1_393' title='bbox 2477 1460 2596 1513; x_wconf 85' lang='grc' dir='ltr'>κατ’</span> <span class='ocrx_word' id='word_1_394' title='bbox 2624 1459 2742 1523; x_wconf 77' lang='grc' dir='ltr'>ἔτος</span> <span class='ocrx_word' id='word_1_395' title='bbox 2773 1459 2869 1529; x_wconf 85' lang='grc' dir='ltr'>τὴν</span> <span class='ocrx_word' id='word_1_396' title='bbox 2894 1461 3167 1528; x_wconf 76' lang='grc' dir='ltr'>Αἴγυπτον</span> <span class='ocrx_word' id='word_1_397' title='bbox 3185 1476 3197 1488; x_wconf 80' lang='grc'>⁶</span> <span class='ocrx_word' id='word_1_398' title='bbox 3225 1460 3385 1511; x_wconf 75' lang='grc' dir='ltr'>ναυσὶ</span> <span class='ocrx_word' id='word_1_399' title='bbox 3418 1459 3472 1511; x_wconf 81' lang='grc' dir='ltr'><strong>δὲ</strong></span> <span class='ocrx_word' id='word_1_400' title='bbox 3510 1459 3790 1529; x_wconf 74' lang='grc' dir='ltr'>πορούμεο</span> 
     </span>
    </p>
   </div>
   <div class='ocr_carea' id='block_1_70' title="bbox 2207 1550 3790 1623">
    <p class='ocr_par' dir='ltr' id='par_1_70' title="bbox 2207 1550 3790 1623">
     <span class='ocr_line' id='line_1_70' title="bbox 2207 1550 3790 1623; baseline -0.001 -20"><span class='ocrx_word' id='word_1_401' title='bbox 2207 1566 2295 1615; x_wconf 85' lang='grc' dir='ltr'><strong>νος</strong></span> <span class='ocrx_word' id='word_1_402' title='bbox 2328 1552 2533 1620; x_wconf 76' lang='grc' dir='ltr'>μεταξὺ</span> <span class='ocrx_word' id='word_1_403' title='bbox 2565 1552 2671 1605; x_wconf 85' lang='grc' dir='ltr'><strong>τῶν</strong></span> <span class='ocrx_word' id='word_1_404' title='bbox 2722 1552 2991 1622; x_wconf 86' lang='grc' dir='ltr'>ἀρμένων,</span> <span class='ocrx_word' id='word_1_405' title='bbox 3038 1555 3151 1615; x_wconf 76' lang='grc' dir='ltr'>τοῖς</span> <span class='ocrx_word' id='word_1_406' title='bbox 3200 1552 3448 1623; x_wconf 78' lang='grc' dir='ltr'>ἀρότροις</span> <span class='ocrx_word' id='word_1_407' title='bbox 3504 1550 3790 1619; x_wconf 72' lang='grc' dir='ltr'>ἐπιτρέπει</span> 
     </span>
    </p>
   </div>
   <div class='ocr_carea' id='block_1_71' title="bbox 2206 1641 3789 1715">
    <p class='ocr_par' dir='ltr' id='par_1_71' title="bbox 2206 1641 3789 1715">
     <span class='ocr_line' id='line_1_71' title="bbox 2206 1641 3789 1715; baseline -0.001 -20"><span class='ocrx_word' id='word_1_408' title='bbox 2206 1643 2658 1715; x_wconf 77' lang='grc' dir='ltr'>ἐργάζεσθαι,καί</span> <span class='ocrx_word' id='word_1_409' title='bbox 2686 1644 2753 1695; x_wconf 77' lang='grc' dir='ltr'>τὰ</span> <span class='ocrx_word' id='word_1_410' title='bbox 2775 1644 2967 1714; x_wconf 72' lang='grc' dir='ltr'>ἔνυδρα</span> <span class='ocrx_word' id='word_1_411' title='bbox 2989 1648 3103 1704; x_wconf 88' lang='grc' dir='ltr'>τοῖς</span> <span class='ocrx_word' id='word_1_412' title='bbox 3124 1661 3183 1713; x_wconf 86' lang='grc' dir='ltr'><strong>χε</strong></span> <span class='ocrx_word' id='word_1_413' title='bbox 3195 1643 3397 1714; x_wconf 84' lang='grc' dir='ltr'>ρσαίοις</span> <span class='ocrx_word' id='word_1_414' title='bbox 3428 1641 3789 1709; x_wconf 73' lang='grc' dir='ltr'>συναγελάζεο</span> 
     </span>
    </p>
   </div>
   <div class='ocr_carea' id='block_1_72' title="bbox 2206 1733 3788 1808">
    <p class='ocr_par' dir='ltr' id='par_1_72' title="bbox 2206 1733 3788 1808">
     <span class='ocr_line' id='line_1_72' title="bbox 2206 1733 3788 1808; baseline -0.001 -19"><span class='ocrx_word' id='word_1_415' title='bbox 2206 1736 2353 1799; x_wconf 87' lang='grc' dir='ltr'>σθαι,</span> <span class='ocrx_word' id='word_1_416' title='bbox 2370 1737 2437 1790; x_wconf 83' lang='grc' dir='ltr'>τὰ</span> <span class='ocrx_word' id='word_1_417' title='bbox 2460 1737 2555 1807; x_wconf 83' lang='grc' dir='ltr'><strong>μὲν</strong></span> <span class='ocrx_word' id='word_1_418' title='bbox 2577 1737 2988 1807; x_wconf 79' lang='grc' dir='ltr'>ποιηὸοροὺντα,</span> <span class='ocrx_word' id='word_1_419' title='bbox 3008 1736 3073 1790; x_wconf 85' lang='grc' dir='ltr'><strong>τὰ</strong></span> <span class='ocrx_word' id='word_1_420' title='bbox 3096 1737 3153 1790; x_wconf 80' lang='grc' dir='ltr'>δὲ</span> <span class='ocrx_word' id='word_1_421' title='bbox 3174 1733 3593 1808; x_wconf 74' lang='grc' dir='ltr'>κρεηὸοροῦντα·</span> <span class='ocrx_word' id='word_1_422' title='bbox 3617 1734 3712 1804; x_wconf 74' lang='grc' dir='ltr'>τὴν</span> <span class='ocrx_word' id='word_1_423' title='bbox 3734 1734 3788 1787; x_wconf 77' lang='grc' dir='ltr'><strong>δὲ</strong></span> 
     </span>
    </p>
   </div>
   <div class='ocr_carea' id='block_1_73' title="bbox 2208 1824 3791 1898">
    <p class='ocr_par' dir='ltr' id='par_1_73' title="bbox 2208 1824 3791 1898">
     <span class='ocr_line' id='line_1_73' title="bbox 2208 1824 3791 1898; baseline -0.003 -18"><span class='ocrx_word' id='word_1_424' title='bbox 2208 1828 2468 1898; x_wconf 78' lang='grc' dir='ltr'>μεγίστην</span> <span class='ocrx_word' id='word_1_425' title='bbox 2500 1828 2730 1880; x_wconf 85' lang='grc' dir='ltr'>ὲπιθέων</span> <span class='ocrx_word' id='word_1_426' title='bbox 2758 1826 3060 1891; x_wconf 72' lang='grc' dir='ltr'>Αἰθιοπίαν,</span> <span class='ocrx_word' id='word_1_427' title='bbox 3101 1827 3309 1896; x_wconf 79' lang='grc' dir='ltr'>διαρρεῖ</span> <span class='ocrx_word' id='word_1_428' title='bbox 3352 1824 3447 1895; x_wconf 83' lang='grc' dir='ltr'>τὴν</span> <span class='ocrx_word' id='word_1_429' title='bbox 3501 1824 3791 1886; x_wconf 72' lang='grc' dir='ltr'>ἐλάσσονα,</span> 
     </span>
    </p>
   </div>
   <div class='ocr_carea' id='block_1_74' title="bbox 2217 1916 3787 1991">
    <p class='ocr_par' dir='ltr' id='par_1_74' title="bbox 2217 1916 3787 1991">
     <span class='ocr_line' id='line_1_74' title="bbox 2217 1916 3787 1991; baseline -0.005 -18"><span class='ocrx_word' id='word_1_430' title='bbox 2217 1921 2555 1991; x_wconf 82' lang='grc' dir='ltr'>Ἀνουμήτην</span> <span class='ocrx_word' id='word_1_431' title='bbox 2593 1938 2651 1973; x_wconf 84' lang='grc' dir='ltr'><strong>τε</strong></span> <span class='ocrx_word' id='word_1_432' title='bbox 2682 1921 2774 1972; x_wconf 72' lang='grc' dir='ltr'>καὶ</span> <span class='ocrx_word' id='word_1_433' title='bbox 2808 1918 3121 1990; x_wconf 83' lang='grc' dir='ltr'>Βλεμμύαν,</span> <span class='ocrx_word' id='word_1_434' title='bbox 3145 1919 3239 1970; x_wconf 77' lang='grc' dir='ltr'><strong>καὶ</strong></span> <span class='ocrx_word' id='word_1_435' title='bbox 3284 1916 3453 1982; x_wconf 76' lang='grc' dir='ltr'>Λύξου</span> <span class='ocrx_word' id='word_1_436' title='bbox 3463 1917 3662 1985; x_wconf 84' lang='grc' dir='ltr'>μήτην,</span> <span class='ocrx_word' id='word_1_437' title='bbox 3694 1916 3787 1968; x_wconf 76' lang='grc' dir='ltr'>καὶ</span> 
     </span>
    </p>
   </div>
   <div class='ocr_carea' id='block_1_75' title="bbox 2201 2002 3785 2082">
    <p class='ocr_par' dir='ltr' id='par_1_75' title="bbox 2201 2002 3785 2082">
     <span class='ocr_line' id='line_1_75' title="bbox 2201 2002 3785 2082; baseline -0.005 -18"><span class='ocrx_word' id='word_1_438' title='bbox 2201 2011 2269 2064; x_wconf 73' lang='grc' dir='ltr'>τὰ</span> <span class='ocrx_word' id='word_1_439' title='bbox 2318 2012 2459 2082; x_wconf 83' lang='grc' dir='ltr'>μέρη</span> <span class='ocrx_word' id='word_1_440' title='bbox 2511 2012 2610 2081; x_wconf 80' lang='grc' dir='ltr'>τῆς</span> <span class='ocrx_word' id='word_1_441' title='bbox 2666 2011 2933 2081; x_wconf 76' lang='grc' dir='ltr'>Θηϐαΐδος</span> <span class='ocrx_word' id='word_1_442' title='bbox 3008 2011 3103 2063; x_wconf 73' lang='grc' dir='ltr'>καὶ</span> <span class='ocrx_word' id='word_1_443' title='bbox 3147 2008 3446 2076; x_wconf 75' lang='grc' dir='ltr'>Αἰγύπτου,</span> <span class='ocrx_word' id='word_1_444' title='bbox 3482 2002 3581 2059; x_wconf 81' lang='grc' dir='ltr'>εἷθ’</span> <span class='ocrx_word' id='word_1_445' title='bbox 3612 2006 3785 2068; x_wconf 75' lang='grc' dir='ltr'>οὑτως</span> 
     </span>
    </p>
   </div>
   <div class='ocr_carea' id='block_1_76' title="bbox 2204 2099 3787 2173">
    <p class='ocr_par' dir='ltr' id='par_1_76' title="bbox 2204 2099 3787 2173">
     <span class='ocr_line' id='line_1_76' title="bbox 2204 2099 3787 2173; baseline -0.004 -18"><span class='ocrx_word' id='word_1_446' title='bbox 2204 2104 2284 2165; x_wconf 87' lang='grc' dir='ltr'><strong>εἰς</strong></span> <span class='ocrx_word' id='word_1_447' title='bbox 2336 2104 2432 2173; x_wconf 84' lang='grc' dir='ltr'>τὴν</span> <span class='ocrx_word' id='word_1_448' title='bbox 2492 2102 2763 2156; x_wconf 89' lang='grc' dir='ltr'>θάλασσαν</span> <span class='ocrx_word' id='word_1_449' title='bbox 2807 2101 3009 2171; x_wconf 84' lang='grc' dir='ltr'>ταύτην</span> <span class='ocrx_word' id='word_1_450' title='bbox 3065 2101 3397 2172; x_wconf 73' lang='grc' dir='ltr'>ἐκκρίνεται.</span> <span class='ocrx_word' id='word_1_451' title='bbox 3438 2099 3710 2169; x_wconf 81' lang='grc' dir='ltr'>Ἱερεμίας</span> <span class='ocrx_word' id='word_1_452' title='bbox 3759 2100 3787 2150; x_wconf 79' lang='grc' dir='ltr'><strong><em>ὁ</em></strong></span> 
     </span>
    </p>
   </div>
   <div class='ocr_carea' id='block_1_77' title="bbox 2202 2188 3785 2262">
    <p class='ocr_par' dir='ltr' id='par_1_77' title="bbox 2202 2188 3785 2262">
     <span class='ocr_line' id='line_1_77' title="bbox 2202 2188 3785 2262; baseline -0.003 -18"><span class='ocrx_word' id='word_1_453' title='bbox 2202 2192 2311 2245; x_wconf 84' lang='grc' dir='ltr'><strong>τῶν</strong></span> <span class='ocrx_word' id='word_1_454' title='bbox 2346 2192 2638 2262; x_wconf 81' lang='grc' dir='ltr'>προφητῶν</span> <span class='ocrx_word' id='word_1_455' title='bbox 2682 2193 2976 2255; x_wconf 88' lang='grc' dir='ltr'>πολύαθλος</span> <span class='ocrx_word' id='word_1_456' title='bbox 3010 2193 3108 2261; x_wconf 78' lang='grc' dir='ltr'><strong>τῆς</strong></span> <span class='ocrx_word' id='word_1_457' title='bbox 3154 2192 3240 2244; x_wconf 76' lang='grc' dir='ltr'><strong>ἐπ’</strong></span> <span class='ocrx_word' id='word_1_458' title='bbox 3272 2188 3543 2258; x_wconf 73' lang='grc' dir='ltr'>Αἴγυπτον</span> <span class='ocrx_word' id='word_1_459' title='bbox 3594 2189 3785 2240; x_wconf 85' lang='grc' dir='ltr'>παλιν-</span> 
     </span>
    </p>
   </div>
   <div class='ocr_carea' id='block_1_78' title="bbox 2202 2280 3783 2356">
    <p class='ocr_par' dir='ltr' id='par_1_78' title="bbox 2202 2280 3783 2356">
     <span class='ocr_line' id='line_1_78' title="bbox 2202 2280 3783 2356; baseline -0.003 -19"><span class='ocrx_word' id='word_1_460' title='bbox 2202 2284 2430 2355; x_wconf 90' lang='grc' dir='ltr'>δρομίας</span> <span class='ocrx_word' id='word_1_461' title='bbox 2458 2284 2654 2356; x_wconf 74' lang='grc' dir='ltr'>εἴργων</span> <span class='ocrx_word' id='word_1_462' title='bbox 2682 2284 2773 2337; x_wconf 80' lang='grc' dir='ltr'><strong>τὸν</strong></span> <span class='ocrx_word' id='word_1_463' title='bbox 2821 2285 3177 2355; x_wconf 74' lang='grc' dir='ltr'>φρενόλυσσον</span> <span class='ocrx_word' id='word_1_464' title='bbox 3224 2282 3461 2352; x_wconf 84' lang='grc' dir='ltr'>Ἰσραὴλ,</span> <span class='ocrx_word' id='word_1_465' title='bbox 3489 2280 3783 2351; x_wconf 68' lang='grc' dir='ltr'>διαρρήδην</span> 
     </span>
    </p>
   </div>
   <div class='ocr_carea' id='block_1_79' title="bbox 2206 2372 3783 2446">
    <p class='ocr_par' dir='ltr' id='par_1_79' title="bbox 2206 2372 3783 2446">
     <span class='ocr_line' id='line_1_79' title="bbox 2206 2372 3783 2446; baseline -0.003 -17"><span class='ocrx_word' id='word_1_466' title='bbox 2206 2375 2321 2446; x_wconf 77' lang='grc' dir='ltr'><strong>βοᾷ,</strong></span> <span class='ocrx_word' id='word_1_467' title='bbox 2354 2376 2419 2429; x_wconf 86' lang='grc' dir='ltr'>Τί</span> <span class='ocrx_word' id='word_1_468' title='bbox 2438 2372 2541 2429; x_wconf 78' lang='grc' dir='ltr'>σοὶ</span> <span class='ocrx_word' id='word_1_469' title='bbox 2566 2376 2664 2428; x_wconf 83' lang='grc' dir='ltr'><strong>καί</strong></span> <span class='ocrx_word' id='word_1_470' title='bbox 2696 2375 2770 2443; x_wconf 75' lang='grc' dir='ltr'><strong>τῇ</strong></span> <span class='ocrx_word' id='word_1_471' title='bbox 2798 2377 3069 2444; x_wconf 72' lang='grc' dir='ltr'>Αἰγύπτῳ</span> <span class='ocrx_word' id='word_1_472' title='bbox 3106 2375 3211 2430; x_wconf 88' lang='grc' dir='ltr'><strong>τοῦ</strong></span> <span class='ocrx_word' id='word_1_473' title='bbox 3241 2373 3398 2427; x_wconf 78' lang='grc' dir='ltr'>πιεῖν</span> <span class='ocrx_word' id='word_1_474' title='bbox 3431 2373 3588 2441; x_wconf 82' lang='grc' dir='ltr'>ὕδωρ</span> <span class='ocrx_word' id='word_1_475' title='bbox 3626 2376 3783 2425; x_wconf 83' lang='grc' dir='ltr'>τεθο-</span> 
     </span>
    </p>
   </div>
   <div class='ocr_carea' id='block_1_80' title="bbox 2203 2466 3221 2537">
    <p class='ocr_par' dir='ltr' id='par_1_80' title="bbox 2203 2466 3221 2537">
     <span class='ocr_line' id='line_1_80' title="bbox 2203 2466 3221 2537; baseline -0.001 -16"><span class='ocrx_word' id='word_1_476' title='bbox 2203 2466 2507 2536; x_wconf 75' lang='grc' dir='ltr'>λωμένον;</span> <span class='ocrx_word' id='word_1_477' title='bbox 2533 2466 2639 2519; x_wconf 80' lang='grc' dir='ltr'>Τοῦ</span> <span class='ocrx_word' id='word_1_478' title='bbox 2662 2467 2853 2519; x_wconf 80' lang='grc' dir='ltr'>Νείλου</span> <span class='ocrx_word' id='word_1_479' title='bbox 2878 2466 3022 2537; x_wconf 79' lang='grc' dir='ltr'>ὕδωρ</span> <span class='ocrx_word' id='word_1_480' title='bbox 3051 2466 3221 2520; x_wconf 88' lang='grc' dir='ltr'>θολόν.</span> 
     </span>
    </p>
   </div>
   <div class='ocr_carea' id='block_1_81' title="bbox 2767 2578 3261 2644">
    <p class='ocr_par' dir='ltr' id='par_1_81' title="bbox 2767 2578 3261 2644">
     <span class='ocr_line' id='line_1_81' title="bbox 2767 2578 3261 2644; baseline 0.004 -13"><span class='ocrx_word' id='word_1_481' title='bbox 2767 2580 3013 2632; x_wconf 78' lang='grc' dir='ltr'>ηΕΥΣιΣ</span> <span class='ocrx_word' id='word_1_482' title='bbox 3070 2578 3261 2644; x_wconf 65' lang='lat' dir='ltr'><strong>me&quot;.</strong></span> 
     </span>
    </p>
   </div>
   <div class='ocr_carea' id='block_1_82' title="bbox 2274 2669 3781 2741">
    <p class='ocr_par' dir='ltr' id='par_1_82' title="bbox 2274 2669 3781 2741">
     <span class='ocr_line' id='line_1_82' title="bbox 2274 2669 3781 2741; baseline -0.001 -17"><span class='ocrx_word' id='word_1_483' title='bbox 2274 2672 2517 2740; x_wconf 85' lang='grc' dir='ltr'>Δεόμεθά</span> <span class='ocrx_word' id='word_1_484' title='bbox 2538 2688 2631 2724; x_wconf 92' lang='grc' dir='ltr'><strong>σου</strong></span> <span class='ocrx_word' id='word_1_485' title='bbox 2659 2671 2732 2741; x_wconf 78' lang='grc' dir='ltr'>μὴ</span> <span class='ocrx_word' id='word_1_486' title='bbox 2760 2671 2985 2740; x_wconf 76' lang='grc' dir='ltr'>ὀκνῆσαι</span> <span class='ocrx_word' id='word_1_487' title='bbox 3018 2670 3106 2723; x_wconf 77' lang='grc' dir='ltr'><strong>διὰ</strong></span> <span class='ocrx_word' id='word_1_488' title='bbox 3134 2670 3303 2741; x_wconf 74' lang='grc' dir='ltr'>βραχὺ</span> <span class='ocrx_word' id='word_1_489' title='bbox 3329 2670 3429 2739; x_wconf 74' lang='grc' dir='ltr'>τῆς</span> <span class='ocrx_word' id='word_1_490' title='bbox 3455 2670 3623 2741; x_wconf 80' lang='grc' dir='ltr'>ὧρας,</span> <span class='ocrx_word' id='word_1_491' title='bbox 3648 2669 3781 2723; x_wconf 72' lang='grc' dir='ltr'>ἀλλὰ</span> 
     </span>
    </p>
   </div>
   <div class='ocr_carea' id='block_1_83' title="bbox 2202 2756 3779 2829">
    <p class='ocr_par' dir='ltr' id='par_1_83' title="bbox 2202 2756 3779 2829">
     <span class='ocr_line' id='line_1_83' title="bbox 2202 2756 3779 2829; baseline -0.002 -17"><span class='ocrx_word' id='word_1_492' title='bbox 2202 2760 2269 2812; x_wconf 83' lang='grc' dir='ltr'><strong>δι’</strong></span> <span class='ocrx_word' id='word_1_493' title='bbox 2296 2759 2558 2829; x_wconf 73' lang='grc' dir='ltr'>ἑπιτόμου</span> <span class='ocrx_word' id='word_1_494' title='bbox 2588 2760 2763 2811; x_wconf 75' lang='grc' dir='ltr'>εἰπεῖν</span> <span class='ocrx_word' id='word_1_495' title='bbox 2797 2758 2889 2810; x_wconf 68' lang='grc' dir='ltr'><strong>καὶ</strong></span> <span class='ocrx_word' id='word_1_496' title='bbox 2915 2758 2983 2809; x_wconf 84' lang='grc' dir='ltr'>τὰ</span> <span class='ocrx_word' id='word_1_497' title='bbox 3011 2757 3135 2827; x_wconf 75' lang='grc' dir='ltr'>περὶ</span> <span class='ocrx_word' id='word_1_498' title='bbox 3157 2756 3248 2809; x_wconf 74' lang='grc' dir='ltr'>τοῦ</span> <span class='ocrx_word' id='word_1_499' title='bbox 3275 2757 3458 2826; x_wconf 84' lang='grc' dir='ltr'>τρίτου</span> <span class='ocrx_word' id='word_1_500' title='bbox 3488 2756 3779 2827; x_wconf 80' lang='grc' dir='ltr'>ῥεύματος,</span> 
     </span>
    </p>
   </div>
   <div class='ocr_carea' id='block_1_84' title="bbox 2205 2848 3248 2923">
    <p class='ocr_par' dir='ltr' id='par_1_84' title="bbox 2205 2848 3248 2923">
     <span class='ocr_line' id='line_1_84' title="bbox 2205 2848 3248 2923; baseline -0.003 -17"><span class='ocrx_word' id='word_1_501' title='bbox 2205 2852 2365 2906; x_wconf 85' lang='grc' dir='ltr'>πόθεν</span> <span class='ocrx_word' id='word_1_502' title='bbox 2389 2851 2631 2923; x_wconf 78' lang='grc' dir='ltr'>ἄρχεται,</span> <span class='ocrx_word' id='word_1_503' title='bbox 2659 2850 2753 2905; x_wconf 77' lang='grc' dir='ltr'>καὶ</span> <span class='ocrx_word' id='word_1_504' title='bbox 2790 2849 2892 2903; x_wconf 74' lang='grc' dir='ltr'><strong>πού</strong></span> <span class='ocrx_word' id='word_1_505' title='bbox 2918 2848 3248 2903; x_wconf 79' lang='grc' dir='ltr'>καταλείπει.</span> 
     </span>
    </p>
   </div>
   <div class='ocr_carea' id='block_1_85' title="bbox 2810 2940 3171 3009">
    <p class='ocr_par' dir='ltr' id='par_1_85' title="bbox 2810 2940 3171 3009">
     <span class='ocr_line' id='line_1_85' title="bbox 2810 2940 3171 3009; baseline 0 -13"><span class='ocrx_word' id='word_1_506' title='bbox 2810 2940 3171 3009; x_wconf 78' lang='grc' dir='ltr'>Ἀπόκρισις.</span> 
     </span>
    </p>
   </div>
   <div class='ocr_carea' id='block_1_86' title="bbox 2280 3029 3781 3102">
    <p class='ocr_par' dir='ltr' id='par_1_86' title="bbox 2280 3029 3781 3102">
     <span class='ocr_line' id='line_1_86' title="bbox 2280 3029 3781 3102; baseline -0.002 -19"><span class='ocrx_word' id='word_1_507' title='bbox 2280 3033 2341 3083; x_wconf 84' lang='lat'><strong>&#39;0</strong></span> <span class='ocrx_word' id='word_1_508' title='bbox 2374 3032 2509 3102; x_wconf 84' lang='grc' dir='ltr'>μετὰ</span> <span class='ocrx_word' id='word_1_509' title='bbox 2541 3034 2630 3085; x_wconf 76' lang='grc' dir='ltr'>τὸν</span> <span class='ocrx_word' id='word_1_510' title='bbox 2669 3032 2917 3100; x_wconf 85' lang='grc' dir='ltr'>δεύτερον</span> <span class='ocrx_word' id='word_1_511' title='bbox 2960 3031 3056 3100; x_wconf 80' lang='grc' dir='ltr'><strong>τῆς</strong></span> <span class='ocrx_word' id='word_1_512' title='bbox 3100 3029 3268 3099; x_wconf 81' lang='grc' dir='ltr'>αὐτῆς</span> <span class='ocrx_word' id='word_1_513' title='bbox 3296 3029 3558 3099; x_wconf 82' lang='grc' dir='ltr'>ὑδροχόης</span> <span class='ocrx_word' id='word_1_514' title='bbox 3585 3042 3781 3099; x_wconf 77' lang='grc' dir='ltr'>προερ-</span> 
     </span>
    </p>
   </div>
   <div class='ocr_carea' id='block_1_87' title="bbox 2198 3118 3783 3192">
    <p class='ocr_par' dir='ltr' id='par_1_87' title="bbox 2198 3118 3783 3192">
     <span class='ocr_line' id='line_1_87' title="bbox 2198 3118 3783 3192; baseline -0.002 -19"><span class='ocrx_word' id='word_1_515' title='bbox 2198 3122 2440 3192; x_wconf 76' lang='grc' dir='ltr'>χόμενος,</span> <span class='ocrx_word' id='word_1_516' title='bbox 2474 3121 2662 3192; x_wconf 84' lang='grc' dir='ltr'>Τίγρις</span> <span class='ocrx_word' id='word_1_517' title='bbox 2691 3121 2793 3174; x_wconf 81' lang='grc' dir='ltr'><strong>ὑπὸ</strong></span> <span class='ocrx_word' id='word_1_518' title='bbox 2839 3122 2929 3190; x_wconf 82' lang='grc' dir='ltr'>τῆς</span> <span class='ocrx_word' id='word_1_519' title='bbox 2961 3119 3109 3183; x_wconf 88' lang='grc' dir='ltr'>θείας</span> <span class='ocrx_word' id='word_1_520' title='bbox 3143 3118 3605 3189; x_wconf 82' lang='grc' dir='ltr'>προσαγορεύεται</span> <span class='ocrx_word' id='word_1_521' title='bbox 3634 3118 3783 3187; x_wconf 82' lang='grc' dir='ltr'>Γρα-</span> 
     </span>
    </p>
   </div>
   <div class='ocr_carea' id='block_1_88' title="bbox 2198 3208 3781 3282">
    <p class='ocr_par' dir='ltr' id='par_1_88' title="bbox 2198 3208 3781 3282">
     <span class='ocr_line' id='line_1_88' title="bbox 2198 3208 3781 3282; baseline -0.003 -18"><span class='ocrx_word' id='word_1_522' title='bbox 2198 3214 2324 3282; x_wconf 84' lang='grc' dir='ltr'>φῆς,</span> <span class='ocrx_word' id='word_1_523' title='bbox 2354 3212 2721 3281; x_wconf 81' lang='grc' dir='ltr'>πορευόμενος</span> <span class='ocrx_word' id='word_1_524' title='bbox 2745 3212 2840 3280; x_wconf 80' lang='grc' dir='ltr'><strong>μὲν</strong></span> <span class='ocrx_word' id='word_1_525' title='bbox 2867 3211 2987 3263; x_wconf 77' lang='grc' dir='ltr'>κατ’</span> <span class='ocrx_word' id='word_1_526' title='bbox 3017 3209 3263 3272; x_wconf 80' lang='grc' dir='ltr'>ἐναντίας</span> <span class='ocrx_word' id='word_1_527' title='bbox 3297 3208 3517 3277; x_wconf 85' lang='grc' dir='ltr'>Συρίων,</span> <span class='ocrx_word' id='word_1_528' title='bbox 3559 3208 3781 3275; x_wconf 74' lang='grc' dir='ltr'>διαφοι-</span> 
     </span>
    </p>
   </div>
   <div class='ocr_carea' id='block_1_89' title="bbox 2196 3295 3780 3371">
    <p class='ocr_par' dir='ltr' id='par_1_89' title="bbox 2196 3295 3780 3371">
     <span class='ocr_line' id='line_1_89' title="bbox 2196 3295 3780 3371; baseline -0.003 -18"><span class='ocrx_word' id='word_1_529' title='bbox 2196 3299 2304 3353; x_wconf 84' lang='grc' dir='ltr'>τῶν</span> <span class='ocrx_word' id='word_1_530' title='bbox 2344 3299 2401 3352; x_wconf 80' lang='grc' dir='ltr'>δὲ</span> <span class='ocrx_word' id='word_1_531' title='bbox 2444 3300 2513 3353; x_wconf 77' lang='grc' dir='ltr'>τὰ</span> <span class='ocrx_word' id='word_1_532' title='bbox 2561 3300 2699 3371; x_wconf 86' lang='grc' dir='ltr'>μέρη</span> <span class='ocrx_word' id='word_1_533' title='bbox 2741 3299 2841 3368; x_wconf 84' lang='grc' dir='ltr'>τῆς</span> <span class='ocrx_word' id='word_1_534' title='bbox 2880 3297 3069 3368; x_wconf 75' lang='grc' dir='ltr'>Ἐᾠας,</span> <span class='ocrx_word' id='word_1_535' title='bbox 3099 3296 3241 3351; x_wconf 84' lang='grc' dir='ltr'>δύνει</span> <span class='ocrx_word' id='word_1_536' title='bbox 3290 3296 3388 3348; x_wconf 78' lang='grc' dir='ltr'><strong>ὑπὸ</strong></span> <span class='ocrx_word' id='word_1_537' title='bbox 3425 3295 3520 3365; x_wconf 81' lang='grc' dir='ltr'><strong>τὴν</strong></span> <span class='ocrx_word' id='word_1_538' title='bbox 3570 3296 3780 3366; x_wconf 79' lang='grc' dir='ltr'>χέρσον</span> 
     </span>
    </p>
   </div>
   <div class='ocr_carea' id='block_1_90' title="bbox 2196 3388 3783 3461">
    <p class='ocr_par' dir='ltr' id='par_1_90' title="bbox 2196 3388 3783 3461">
     <span class='ocr_line' id='line_1_90' title="bbox 2196 3388 3783 3461; baseline -0.003 -16"><span class='ocrx_word' id='word_1_539' title='bbox 2196 3392 2514 3461; x_wconf 84' lang='grc' dir='ltr'>ὲπάπειρον,</span> <span class='ocrx_word' id='word_1_540' title='bbox 2548 3392 2642 3443; x_wconf 75' lang='grc' dir='ltr'>καὶ</span> <span class='ocrx_word' id='word_1_541' title='bbox 2680 3390 3059 3459; x_wconf 78' lang='grc' dir='ltr'>άναπαφλάζει</span> <span class='ocrx_word' id='word_1_542' title='bbox 3087 3390 3246 3445; x_wconf 86' lang='grc' dir='ltr'>πάλιν</span> <span class='ocrx_word' id='word_1_543' title='bbox 3274 3388 3409 3441; x_wconf 79' lang='grc' dir='ltr'>κατὰ</span> <span class='ocrx_word' id='word_1_544' title='bbox 3438 3388 3537 3458; x_wconf 78' lang='grc' dir='ltr'>τὴν</span> <span class='ocrx_word' id='word_1_545' title='bbox 3581 3389 3783 3459; x_wconf 67' lang='grc' dir='ltr'>Ἀρμε-</span> 
     </span>
    </p>
   </div>
   <div class='ocr_carea' id='block_1_91' title="bbox 2195 3479 3651 3552">
    <p class='ocr_par' dir='ltr' id='par_1_91' title="bbox 2195 3479 3651 3552">
     <span class='ocr_line' id='line_1_91' title="bbox 2195 3479 3651 3552; baseline -0.003 -14"><span class='ocrx_word' id='word_1_546' title='bbox 2195 3484 2334 3548; x_wconf 88' lang='grc' dir='ltr'>νίαν,</span> <span class='ocrx_word' id='word_1_547' title='bbox 2364 3480 2777 3552; x_wconf 84' lang='grc' dir='ltr'>διατεμνόμενος</span> <span class='ocrx_word' id='word_1_548' title='bbox 2802 3483 2859 3535; x_wconf 74' lang='grc' dir='ltr'>ὲν</span> <span class='ocrx_word' id='word_1_549' title='bbox 2887 3484 2951 3551; x_wconf 84' lang='grc' dir='ltr'>τῇ</span> <span class='ocrx_word' id='word_1_550' title='bbox 2981 3482 3089 3535; x_wconf 85' lang='grc' dir='ltr'>τῶν</span> <span class='ocrx_word' id='word_1_551' title='bbox 3139 3482 3437 3552; x_wconf 85' lang='grc' dir='ltr'>Ἀσσυρίων</span> <span class='ocrx_word' id='word_1_552' title='bbox 3470 3479 3651 3551; x_wconf 73' lang='grc' dir='ltr'>χώρα.</span> 
     </span>
    </p>
   </div>
   <div class='ocr_carea' id='block_1_92' title="bbox 2762 3602 3229 3655">
    <p class='ocr_par' dir='ltr' id='par_1_92' title="bbox 2762 3602 3229 3655">
     <span class='ocr_line' id='line_1_92' title="bbox 2762 3602 3229 3655; baseline -0.004 0"><span class='ocrx_word' id='word_1_553' title='bbox 2762 3603 3009 3655; x_wconf 80' lang='grc' dir='ltr'><strong>ΠΕΥΣῙΣ</strong></span> <span class='ocrx_word' id='word_1_554' title='bbox 3043 3602 3194 3655; x_wconf 84' lang='lat' dir='ltr'><strong>PMZ&#39;</strong></span> <span class='ocrx_word' id='word_1_555' title='bbox 3218 3641 3229 3653; x_wconf 95' lang='lat'><strong>.</strong></span> 
     </span>
    </p>
   </div>
   <div class='ocr_carea' id='block_1_93' title="bbox 2265 3690 3777 3766">
    <p class='ocr_par' dir='ltr' id='par_1_93' title="bbox 2265 3690 3777 3766">
     <span class='ocr_line' id='line_1_93' title="bbox 2265 3690 3777 3766; baseline -0.004 -19"><span class='ocrx_word' id='word_1_556' title='bbox 2265 3695 2471 3758; x_wconf 84' lang='grc' dir='ltr'>Πλείως</span> <span class='ocrx_word' id='word_1_557' title='bbox 2489 3698 2636 3766; x_wconf 79' lang='grc' dir='ltr'>ἡμᾶς</span> <span class='ocrx_word' id='word_1_558' title='bbox 2660 3696 2964 3766; x_wconf 60' lang='grc' dir='ltr'>εὐφραίνων</span> <span class='ocrx_word' id='word_1_559' title='bbox 2988 3693 3062 3763; x_wconf 79' lang='grc' dir='ltr'>τῷ</span> <span class='ocrx_word' id='word_1_560' title='bbox 3091 3692 3250 3760; x_wconf 79' lang='grc' dir='ltr'>λόγῳ,</span> <span class='ocrx_word' id='word_1_561' title='bbox 3274 3692 3367 3743; x_wconf 68' lang='grc' dir='ltr'><strong>καὶ</strong></span> <span class='ocrx_word' id='word_1_562' title='bbox 3394 3690 3488 3744; x_wconf 79' lang='grc' dir='ltr'><strong>τού</strong></span> <span class='ocrx_word' id='word_1_563' title='bbox 3518 3690 3777 3760; x_wconf 76' lang='grc' dir='ltr'>τετάρτου</span> 
     </span>
    </p>
   </div>
   <div class='ocr_carea' id='block_1_94' title="bbox 2194 3784 3269 3857">
    <p class='ocr_par' dir='ltr' id='par_1_94' title="bbox 2194 3784 3269 3857">
     <span class='ocr_line' id='line_1_94' title="bbox 2194 3784 3269 3857; baseline -0.001 -20"><span class='ocrx_word' id='word_1_564' title='bbox 2194 3787 2324 3856; x_wconf 78' lang='grc' dir='ltr'>ἡμῖν</span> <span class='ocrx_word' id='word_1_565' title='bbox 2356 3788 2453 3856; x_wconf 76' lang='grc' dir='ltr'><strong>τὴν</strong></span> <span class='ocrx_word' id='word_1_566' title='bbox 2489 3787 2679 3857; x_wconf 73' lang='grc' dir='ltr'>ῥώμην</span> <span class='ocrx_word' id='word_1_567' title='bbox 2714 3790 2885 3839; x_wconf 74' lang='grc' dir='ltr'>εἰπεῖν</span> <span class='ocrx_word' id='word_1_568' title='bbox 2915 3784 3269 3849; x_wconf 80' lang='grc' dir='ltr'>καταξίωσον,</span> 
     </span>
    </p>
   </div>
   <div class='ocr_carea' id='block_1_95' title="bbox 2812 3968 3158 4034">
    <p class='ocr_par' dir='ltr' id='par_1_95' title="bbox 2812 3968 3158 4034">
     <span class='ocr_line' id='line_1_95' title="bbox 2812 3968 3158 4034; baseline -0.003 -13"><span class='ocrx_word' id='word_1_569' title='bbox 2812 3968 3158 4034; x_wconf 69' lang='grc' dir='ltr'>Ἀπόκρισις.</span> 
     </span>
    </p>
   </div>
   <div class='ocr_carea' id='block_1_96' title="bbox 2276 4094 3774 4169">
    <p class='ocr_par' dir='ltr' id='par_1_96' title="bbox 2276 4094 3774 4169">
     <span class='ocr_line' id='line_1_96' title="bbox 2276 4094 3774 4169; baseline 0.002 -21"><span class='ocrx_word' id='word_1_570' title='bbox 2276 4096 2332 4148; x_wconf 82' lang='grc' dir='ltr'>Ὁ</span> <span class='ocrx_word' id='word_1_571' title='bbox 2378 4095 2478 4165; x_wconf 78' lang='grc' dir='ltr'>τῆς</span> <span class='ocrx_word' id='word_1_572' title='bbox 2539 4095 2707 4164; x_wconf 81' lang='grc' dir='ltr'>αὑτῆς</span> <span class='ocrx_word' id='word_1_573' title='bbox 2760 4094 2947 4165; x_wconf 79' lang='grc' dir='ltr'>νηδύος</span> <span class='ocrx_word' id='word_1_574' title='bbox 2995 4095 3460 4165; x_wconf 80' lang='grc' dir='ltr'>ἐκκυμαινόμενος</span> <span class='ocrx_word' id='word_1_575' title='bbox 3516 4099 3774 4169; x_wconf 75' lang='grc' dir='ltr'>τέταρτος</span> 
     </span>
    </p>
   </div>
   <div class='ocr_carea' id='block_1_97' title="bbox 2190 4186 3770 4259">
    <p class='ocr_par' dir='ltr' id='par_1_97' title="bbox 2190 4186 3770 4259">
     <span class='ocr_line' id='line_1_97' title="bbox 2190 4186 3770 4259; baseline 0.003 -19"><span class='ocrx_word' id='word_1_576' title='bbox 2190 4188 2421 4258; x_wconf 78' lang='grc' dir='ltr'>ὑπάρχει</span> <span class='ocrx_word' id='word_1_577' title='bbox 2452 4187 2736 4259; x_wconf 77' lang='grc' dir='ltr'>Εὐφράτης</span> <span class='ocrx_word' id='word_1_578' title='bbox 2768 4189 2796 4239; x_wconf 91' lang='grc' dir='ltr'>ὁ</span> <span class='ocrx_word' id='word_1_579' title='bbox 2823 4186 3101 4257; x_wconf 79' lang='grc' dir='ltr'>διαϐόητος</span> <span class='ocrx_word' id='word_1_580' title='bbox 3122 4204 3134 4217; x_wconf 70' lang='grc'><strong>⁸</strong></span> <span class='ocrx_word' id='word_1_581' title='bbox 3162 4190 3189 4241; x_wconf 86' lang='grc' dir='ltr'>ὁ</span> <span class='ocrx_word' id='word_1_582' title='bbox 3226 4189 3316 4241; x_wconf 74' lang='grc' dir='ltr'><strong>καὶ</strong></span> <span class='ocrx_word' id='word_1_583' title='bbox 3355 4191 3582 4255; x_wconf 77' lang='grc' dir='ltr'>Ἰνδικάς</span> <span class='ocrx_word' id='word_1_584' title='bbox 3620 4210 3770 4256; x_wconf 86' lang='grc' dir='ltr'>τινας</span> 
     </span>
    </p>
   </div>
   <div class='ocr_carea' id='block_1_98' title="bbox 2189 4278 3770 4355">
    <p class='ocr_par' dir='ltr' id='par_1_98' title="bbox 2189 4278 3770 4355">
     <span class='ocr_line' id='line_1_98' title="bbox 2189 4278 3770 4355; baseline 0.004 -24"><span class='ocrx_word' id='word_1_585' title='bbox 2189 4280 2287 4347; x_wconf 75' lang='grc' dir='ltr'>τῆς</span> <span class='ocrx_word' id='word_1_586' title='bbox 2319 4278 2413 4331; x_wconf 76' lang='grc' dir='ltr'><strong>τού</strong></span> <span class='ocrx_word' id='word_1_587' title='bbox 2445 4279 2767 4349; x_wconf 84' lang='grc' dir='ltr'>παραδείσου</span> <span class='ocrx_word' id='word_1_588' title='bbox 2808 4279 3201 4351; x_wconf 78' lang='grc' dir='ltr'>φθινοπωρείας</span> <span class='ocrx_word' id='word_1_589' title='bbox 3234 4283 3326 4335; x_wconf 75' lang='grc' dir='ltr'><strong>καὶ</strong></span> <span class='ocrx_word' id='word_1_590' title='bbox 3359 4284 3665 4353; x_wconf 76' lang='grc' dir='ltr'>φυλλοροῆς</span> <span class='ocrx_word' id='word_1_591' title='bbox 3692 4284 3770 4355; x_wconf 79' lang='grc' dir='ltr'>τῷ</span> 
     </span>
    </p>
   </div>
   <div class='ocr_carea' id='block_1_99' title="bbox 2190 4362 3767 4445">
    <p class='ocr_par' dir='ltr' id='par_1_99' title="bbox 2190 4362 3767 4445">
     <span class='ocr_line' id='line_1_99' title="bbox 2190 4362 3767 4445; baseline 0.003 -24"><span class='ocrx_word' id='word_1_592' title='bbox 2190 4369 2389 4439; x_wconf 75' lang='grc' dir='ltr'>ῥείθρῳ</span> <span class='ocrx_word' id='word_1_593' title='bbox 2422 4371 2845 4441; x_wconf 77' lang='grc' dir='ltr'>ἐπισυρόμενος,</span> <span class='ocrx_word' id='word_1_594' title='bbox 2905 4373 2999 4424; x_wconf 74' lang='grc' dir='ltr'><strong>καὶ</strong></span> <span class='ocrx_word' id='word_1_595' title='bbox 3034 4372 3363 4443; x_wconf 78' lang='grc' dir='ltr'>διακομίζων</span> <span class='ocrx_word' id='word_1_596' title='bbox 3402 4376 3537 4444; x_wconf 79' lang='grc' dir='ltr'>ἡμῖν</span> <span class='ocrx_word' id='word_1_597' title='bbox 3570 4362 3767 4445; x_wconf 78' lang='grc' dir='ltr'>ὁμοίως</span> 
     </span>
    </p>
   </div>
   <div class='ocr_carea' id='block_1_100' title="bbox 2186 4460 3762 4537">
    <p class='ocr_par' dir='ltr' id='par_1_100' title="bbox 2186 4460 3762 4537">
     <span class='ocr_line' id='line_1_100' title="bbox 2186 4460 3762 4537; baseline 0.004 -24"><span class='ocrx_word' id='word_1_598' title='bbox 2186 4460 2264 4529; x_wconf 83' lang='grc' dir='ltr'>τῷ</span> <span class='ocrx_word' id='word_1_599' title='bbox 2319 4461 2607 4531; x_wconf 79' lang='grc' dir='ltr'>ὁμοκρήνῳ</span> <span class='ocrx_word' id='word_1_600' title='bbox 2656 4461 2741 4530; x_wconf 80' lang='grc' dir='ltr'><strong>ἐφ’</strong></span> <span class='ocrx_word' id='word_1_601' title='bbox 2798 4462 2978 4515; x_wconf 79' lang='grc' dir='ltr'>ἱκανὸν</span> <span class='ocrx_word' id='word_1_602' title='bbox 3047 4463 3300 4531; x_wconf 82' lang='grc' dir='ltr'>ὑπόγειος</span> <span class='ocrx_word' id='word_1_603' title='bbox 3344 4464 3762 4537; x_wconf 75' lang='grc' dir='ltr'>καθιστάμενος,</span> 
     </span>
    </p>
   </div>
   <div class='ocr_carea' id='block_1_101' title="bbox 2185 4552 3760 4626">
    <p class='ocr_par' dir='ltr' id='par_1_101' title="bbox 2185 4552 3760 4626">
     <span class='ocr_line' id='line_1_101' title="bbox 2185 4552 3760 4626; baseline 0.004 -21"><span class='ocrx_word' id='word_1_604' title='bbox 2185 4552 2498 4615; x_wconf 72' lang='grc' dir='ltr'>ἀναϐλύζων</span> <span class='ocrx_word' id='word_1_605' title='bbox 2540 4553 2697 4606; x_wconf 84' lang='grc' dir='ltr'>πάλιν</span> <span class='ocrx_word' id='word_1_606' title='bbox 2745 4554 2884 4608; x_wconf 78' lang='grc' dir='ltr'>κατὰ</span> <span class='ocrx_word' id='word_1_607' title='bbox 2915 4555 3014 4625; x_wconf 81' lang='grc' dir='ltr'>τὴν</span> <span class='ocrx_word' id='word_1_608' title='bbox 3055 4556 3364 4626; x_wconf 73' lang='grc' dir='ltr'>Ἀρμενίαν,</span> <span class='ocrx_word' id='word_1_609' title='bbox 3412 4559 3621 4611; x_wconf 80' lang='grc' dir='ltr'>ἐκεῖθεν</span> <span class='ocrx_word' id='word_1_610' title='bbox 3649 4559 3760 4612; x_wconf 71' lang='grc' dir='ltr'>διαο</span> 
     </span>
    </p>
   </div>
   <div class='ocr_carea' id='block_1_102' title="bbox 2186 4642 3761 4717">
    <p class='ocr_par' dir='ltr' id='par_1_102' title="bbox 2186 4642 3761 4717">
     <span class='ocr_line' id='line_1_102' title="bbox 2186 4642 3761 4717; baseline 0.004 -24"><span class='ocrx_word' id='word_1_611' title='bbox 2186 4642 2367 4706; x_wconf 76' lang='grc' dir='ltr'>ϐλύζει</span> <span class='ocrx_word' id='word_1_612' title='bbox 2401 4645 2496 4714; x_wconf 78' lang='grc' dir='ltr'><strong>τὴν</strong></span> <span class='ocrx_word' id='word_1_613' title='bbox 2524 4644 2832 4699; x_wconf 80' lang='grc' dir='ltr'>Βαϐυλῶνα,</span> <span class='ocrx_word' id='word_1_614' title='bbox 2866 4644 3285 4717; x_wconf 78' lang='grc' dir='ltr'>Ναυσιπορείται</span> <span class='ocrx_word' id='word_1_615' title='bbox 3315 4646 3371 4699; x_wconf 82' lang='grc' dir='ltr'>δὲ</span> <span class='ocrx_word' id='word_1_616' title='bbox 3404 4647 3611 4701; x_wconf 89' lang='grc' dir='ltr'>τούτων</span> <span class='ocrx_word' id='word_1_617' title='bbox 3638 4650 3761 4700; x_wconf 69' lang='grc' dir='ltr'>ἑκα-</span> 
     </span>
    </p>
   </div>
   <div class='ocr_carea' id='block_1_103' title="bbox 2185 4735 3758 4809">
    <p class='ocr_par' dir='ltr' id='par_1_103' title="bbox 2185 4735 3758 4809">
     <span class='ocr_line' id='line_1_103' title="bbox 2185 4735 3758 4809; baseline 0.002 -22"><span class='ocrx_word' id='word_1_618' title='bbox 2185 4750 2308 4797; x_wconf 87' lang='grc' dir='ltr'>στος</span> <span class='ocrx_word' id='word_1_619' title='bbox 2345 4735 2691 4807; x_wconf 81' lang='grc' dir='ltr'>μυριοφόροις</span> <span class='ocrx_word' id='word_1_620' title='bbox 2722 4737 2960 4799; x_wconf 80' lang='grc' dir='ltr'>ὁλκάσιν,</span> <span class='ocrx_word' id='word_1_621' title='bbox 2992 4737 3125 4807; x_wconf 78' lang='grc' dir='ltr'>μετὰ</span> <span class='ocrx_word' id='word_1_622' title='bbox 3158 4738 3253 4808; x_wconf 84' lang='grc' dir='ltr'>τὴν</span> <span class='ocrx_word' id='word_1_623' title='bbox 3286 4739 3540 4807; x_wconf 84' lang='grc' dir='ltr'>ὑπόγειον</span> <span class='ocrx_word' id='word_1_624' title='bbox 3569 4740 3758 4809; x_wconf 81' lang='grc' dir='ltr'>χέωσιν</span> 
     </span>
    </p>
   </div>
   <div class='ocr_carea' id='block_1_104' title="bbox 2183 4822 3759 4899">
    <p class='ocr_par' dir='ltr' id='par_1_104' title="bbox 2183 4822 3759 4899">
     <span class='ocr_line' id='line_1_104' title="bbox 2183 4822 3759 4899; baseline 0.005 -25"><span class='ocrx_word' id='word_1_625' title='bbox 2183 4826 2261 4887; x_wconf 83' lang='grc' dir='ltr'><strong>εἰς</strong></span> <span class='ocrx_word' id='word_1_626' title='bbox 2288 4824 2356 4877; x_wconf 74' lang='grc' dir='ltr'><strong>τά</strong></span> <span class='ocrx_word' id='word_1_627' title='bbox 2384 4824 2667 4878; x_wconf 81' lang='grc' dir='ltr'>ἐπέκεινα·</span> <span class='ocrx_word' id='word_1_628' title='bbox 2698 4822 2807 4879; x_wconf 78' lang='grc' dir='ltr'>οἷον</span> <span class='ocrx_word' id='word_1_629' title='bbox 2833 4827 2924 4879; x_wconf 74' lang='grc' dir='ltr'><strong>ἐπὶ</strong></span> <span class='ocrx_word' id='word_1_630' title='bbox 2958 4827 3046 4879; x_wconf 80' lang='grc' dir='ltr'>τὸν</span> <span class='ocrx_word' id='word_1_631' title='bbox 3074 4828 3400 4897; x_wconf 79' lang='grc' dir='ltr'>παράδεισον</span> <span class='ocrx_word' id='word_1_632' title='bbox 3433 4833 3500 4899; x_wconf 75' lang='grc' dir='ltr'>τῇ</span> <span class='ocrx_word' id='word_1_633' title='bbox 3529 4831 3759 4883; x_wconf 77' lang='grc' dir='ltr'>καταδύ-</span> 
     </span>
    </p>
   </div>
   <div class='ocr_carea' id='block_1_105' title="bbox 2184 4917 3761 4984">
    <p class='ocr_par' dir='ltr' id='par_1_105' title="bbox 2184 4917 3761 4984">
     <span class='ocr_line' id='line_1_105' title="bbox 2184 4917 3761 4984; baseline 0.004 -17"><span class='ocrx_word' id='word_1_634' title='bbox 2184 4931 2266 4968; x_wconf 89' lang='grc' dir='ltr'><strong>σει</strong></span> <span class='ocrx_word' id='word_1_635' title='bbox 2318 4917 2777 4984; x_wconf 83' lang='grc' dir='ltr'>άποσφάλλοντες·</span> <span class='ocrx_word' id='word_1_636' title='bbox 2827 4919 2920 4971; x_wconf 69' lang='grc' dir='ltr'>καὶ</span> <span class='ocrx_word' id='word_1_637' title='bbox 2970 4920 3268 4972; x_wconf 78' lang='grc' dir='ltr'>ἁνεπίὸατα</span> <span class='ocrx_word' id='word_1_638' title='bbox 3320 4920 3623 4984; x_wconf 74' lang='grc' dir='ltr'>ποιοῦντες.</span> <span class='ocrx_word' id='word_1_639' title='bbox 3654 4924 3761 4984; x_wconf 79' lang='grc' dir='ltr'>τοῖς</span> 
     </span>
    </p>
   </div>
   <div class='ocr_carea' id='block_1_106' title="bbox 2181 5006 3760 5083">
    <p class='ocr_par' dir='ltr' id='par_1_106' title="bbox 2181 5006 3760 5083">
     <span class='ocr_line' id='line_1_106' title="bbox 2181 5006 3760 5083; baseline 0.004 -25"><span class='ocrx_word' id='word_1_640' title='bbox 2181 5006 2268 5059; x_wconf 75' lang='grc' dir='ltr'>διὰ</span> <span class='ocrx_word' id='word_1_641' title='bbox 2294 5006 2387 5060; x_wconf 77' lang='grc' dir='ltr'><strong>τοῦ</strong></span> <span class='ocrx_word' id='word_1_642' title='bbox 2415 5008 2675 5073; x_wconf 84' lang='grc' dir='ltr'>ἀνάπλου,</span> <span class='ocrx_word' id='word_1_643' title='bbox 2716 5010 2747 5079; x_wconf 80' lang='grc' dir='ltr'>ἢ</span> <span class='ocrx_word' id='word_1_644' title='bbox 2800 5010 2897 5079; x_wconf 83' lang='grc' dir='ltr'>τῆς</span> <span class='ocrx_word' id='word_1_645' title='bbox 2929 5010 3035 5062; x_wconf 82' lang='grc' dir='ltr'><strong>τῶν</strong></span> <span class='ocrx_word' id='word_1_646' title='bbox 3066 5012 3261 5078; x_wconf 69' lang='grc' dir='ltr'>ἡῖόνων</span> <span class='ocrx_word' id='word_1_647' title='bbox 3294 5013 3654 5083; x_wconf 73' lang='grc' dir='ltr'>παραδρομῆς</span> <span class='ocrx_word' id='word_1_648' title='bbox 3677 5012 3760 5065; x_wconf 68' lang='grc' dir='ltr'>διὰ</span> 
     </span>
    </p>
   </div>
   <div class='ocr_carea' id='block_1_107' title="bbox 2185 5097 3755 5172">
    <p class='ocr_par' dir='ltr' id='par_1_107' title="bbox 2185 5097 3755 5172">
     <span class='ocr_line' id='line_1_107' title="bbox 2185 5097 3755 5172; baseline 0.005 -23"><span class='ocrx_word' id='word_1_649' title='bbox 2185 5097 2379 5167; x_wconf 88' lang='grc' dir='ltr'>χέρσου</span> <span class='ocrx_word' id='word_1_650' title='bbox 2414 5098 2641 5167; x_wconf 79' lang='grc' dir='ltr'>ἰχνεύειν</span> <span class='ocrx_word' id='word_1_651' title='bbox 2674 5100 3027 5168; x_wconf 86' lang='grc' dir='ltr'>πειρωμένοις</span> <span class='ocrx_word' id='word_1_652' title='bbox 3064 5101 3161 5171; x_wconf 79' lang='grc' dir='ltr'><strong>τὴν</strong></span> <span class='ocrx_word' id='word_1_653' title='bbox 3196 5102 3279 5153; x_wconf 77' lang='grc' dir='ltr'>ἐπ’</span> <span class='ocrx_word' id='word_1_654' title='bbox 3314 5101 3477 5154; x_wconf 73' lang='grc' dir='ltr'>αὑτὸν</span> <span class='ocrx_word' id='word_1_655' title='bbox 3516 5104 3755 5172; x_wconf 79' lang='grc' dir='ltr'>πορείαν.</span> 
     </span>
    </p>
   </div>
   <div class='ocr_carea' id='block_1_108' title="bbox 2196 5182 3758 5264">
    <p class='ocr_par' dir='ltr' id='par_1_108' title="bbox 2196 5182 3758 5264">
     <span class='ocr_line' id='line_1_108' title="bbox 2196 5182 3758 5264; baseline 0.003 -24"><span class='ocrx_word' id='word_1_656' title='bbox 2196 5188 2284 5254; x_wconf 81' lang='grc' dir='ltr'><strong>Ἐξ</strong></span> <span class='ocrx_word' id='word_1_657' title='bbox 2323 5182 2397 5242; x_wconf 84' lang='grc' dir='ltr'>ὧν</span> <span class='ocrx_word' id='word_1_658' title='bbox 2434 5206 2574 5253; x_wconf 87' lang='grc' dir='ltr'>τινες</span> <span class='ocrx_word' id='word_1_659' title='bbox 2602 5190 2698 5260; x_wconf 85' lang='grc' dir='ltr'><strong>τῆς</strong></span> <span class='ocrx_word' id='word_1_660' title='bbox 2730 5192 3003 5259; x_wconf 82' lang='grc' dir='ltr'>Αἰγύπτου</span> <span class='ocrx_word' id='word_1_661' title='bbox 3042 5193 3328 5261; x_wconf 85' lang='grc' dir='ltr'>ὑδροπόται</span> <span class='ocrx_word' id='word_1_662' title='bbox 3379 5194 3473 5246; x_wconf 74' lang='grc' dir='ltr'>καὶ</span> <span class='ocrx_word' id='word_1_663' title='bbox 3521 5210 3758 5264; x_wconf 86' lang='grc' dir='ltr'>σπερμο-</span> 
     </span>
    </p>
   </div>
   <div class='ocr_carea' id='block_1_109' title="bbox 2182 5276 3753 5356">
    <p class='ocr_par' dir='ltr' id='par_1_109' title="bbox 2182 5276 3753 5356">
     <span class='ocr_line' id='line_1_109' title="bbox 2182 5276 3753 5356; baseline 0.006 -27"><span class='ocrx_word' id='word_1_664' title='bbox 2182 5276 2455 5348; x_wconf 81' lang='grc' dir='ltr'>6όροιέξω</span> <span class='ocrx_word' id='word_1_665' title='bbox 2496 5280 2596 5349; x_wconf 81' lang='grc' dir='ltr'>τῆς</span> <span class='ocrx_word' id='word_1_666' title='bbox 2627 5282 2747 5336; x_wconf 84' lang='grc' dir='ltr'>καθ’</span> <span class='ocrx_word' id='word_1_667' title='bbox 2780 5284 2928 5351; x_wconf 79' lang='grc' dir='ltr'>ἡμᾶς</span> <span class='ocrx_word' id='word_1_668' title='bbox 2968 5283 3194 5353; x_wconf 84' lang='grc' dir='ltr'>παχείας</span> <span class='ocrx_word' id='word_1_669' title='bbox 3235 5284 3443 5354; x_wconf 87' lang='grc' dir='ltr'>διαίτης</span> <span class='ocrx_word' id='word_1_670' title='bbox 3480 5285 3548 5337; x_wconf 82' lang='grc' dir='ltr'>ὲκ</span> <span class='ocrx_word' id='word_1_671' title='bbox 3586 5302 3753 5356; x_wconf 78' lang='grc' dir='ltr'>σπαρο</span> 
     </span>
    </p>
   </div>
   <div class='ocr_carea' id='block_1_110' title="bbox 2179 5372 3753 5448">
    <p class='ocr_par' dir='ltr' id='par_1_110' title="bbox 2179 5372 3753 5448">
     <span class='ocr_line' id='line_1_110' title="bbox 2179 5372 3753 5448; baseline 0.004 -24"><span class='ocrx_word' id='word_1_672' title='bbox 2179 5372 2358 5438; x_wconf 88' lang='grc' dir='ltr'>γάνων</span> <span class='ocrx_word' id='word_1_673' title='bbox 2404 5372 2757 5444; x_wconf 84' lang='grc' dir='ltr'>ὑπάρχοντες,</span> <span class='ocrx_word' id='word_1_674' title='bbox 2810 5377 3239 5446; x_wconf 78' lang='grc' dir='ltr'>ἐπισιτισάμενοι</span> <span class='ocrx_word' id='word_1_675' title='bbox 3275 5380 3609 5448; x_wconf 84' lang='grc' dir='ltr'>σπερμάτων</span> <span class='ocrx_word' id='word_1_676' title='bbox 3644 5379 3753 5431; x_wconf 80' lang='grc' dir='ltr'>δια-</span> 
     </span>
    </p>
   </div>
   <div class='ocr_carea' id='block_1_111' title="bbox 2178 5464 3751 5539">
    <p class='ocr_par' dir='ltr' id='par_1_111' title="bbox 2178 5464 3751 5539">
     <span class='ocr_line' id='line_1_111' title="bbox 2178 5464 3751 5539; baseline 0.004 -24"><span class='ocrx_word' id='word_1_677' title='bbox 2178 5464 2369 5532; x_wconf 81' lang='grc' dir='ltr'>φοράς.</span> <span class='ocrx_word' id='word_1_678' title='bbox 2419 5465 2513 5516; x_wconf 71' lang='grc' dir='ltr'><strong>καί⁸</strong></span> <span class='ocrx_word' id='word_1_679' title='bbox 2563 5465 2942 5536; x_wconf 82' lang='grc' dir='ltr'>πληρώσαντες</span> <span class='ocrx_word' id='word_1_680' title='bbox 2999 5468 3184 5531; x_wconf 74' lang='grc' dir='ltr'>ἱκανὰς</span> <span class='ocrx_word' id='word_1_681' title='bbox 3224 5468 3330 5521; x_wconf 84' lang='grc' dir='ltr'><strong>τῶν</strong></span> <span class='ocrx_word' id='word_1_682' title='bbox 3373 5468 3542 5539; x_wconf 82' lang='grc' dir='ltr'>νηῶν,</span> <span class='ocrx_word' id='word_1_683' title='bbox 3594 5470 3652 5522; x_wconf 77' lang='grc' dir='ltr'><strong>τδ</strong></span> <span class='ocrx_word' id='word_1_684' title='bbox 3700 5468 3751 5521; x_wconf 79' lang='grc' dir='ltr'><strong>δὲ</strong></span> 
     </span>
    </p>
   </div>
   <div class='ocr_carea' id='block_1_112' title="bbox 502 5522 2091 5631">
    <p class='ocr_par' dir='ltr' id='par_1_112' title="bbox 502 5522 2069 5607">
     <span class='ocr_line' id='line_1_112' title="bbox 502 5522 2069 5607; baseline 0.015 -33"><span class='ocrx_word' id='word_1_685' title='bbox 502 5522 842 5579; x_wconf 86' lang='lat' dir='ltr'><strong>diversorum</strong></span> <span class='ocrx_word' id='word_1_686' title='bbox 923 5528 1191 5583; x_wconf 88' lang='lat' dir='ltr'><strong>seminum</strong></span> <span class='ocrx_word' id='word_1_687' title='bbox 1249 5544 1553 5589; x_wconf 83' lang='lat' dir='ltr'><strong>commeatu</strong></span> <span class='ocrx_word' id='word_1_688' title='bbox 1607 5550 1956 5607; x_wconf 88' lang='lat' dir='ltr'><strong>comparato,</strong></span> <span class='ocrx_word' id='word_1_689' title='bbox 2014 5552 2069 5597; x_wconf 91' lang='lat' dir='ltr'><strong>et</strong></span> 
     </span>
    </p>
   </div>
   <div class='ocr_carea' id='block_1_113' title="bbox 2195 5522 3751 5631">
    <p class='ocr_par' dir='ltr' id='par_1_113' title="bbox 2195 5554 3751 5631">
     <span class='ocr_line' id='line_1_113' title="bbox 2195 5554 3751 5631; baseline 0.006 -26"><span class='ocrx_word' id='word_1_690' title='bbox 2195 5554 2335 5622; x_wconf 77' lang='grc' dir='ltr'>ρέρον</span> <span class='ocrx_word' id='word_1_691' title='bbox 2362 5555 2556 5619; x_wconf 79' lang='grc' dir='ltr'>αὑτοὺς</span> <span class='ocrx_word' id='word_1_692' title='bbox 2588 5557 2796 5627; x_wconf 81' lang='grc' dir='ltr'>ῥεῖθρον</span> <span class='ocrx_word' id='word_1_693' title='bbox 2826 5557 3037 5628; x_wconf 73' lang='grc' dir='ltr'>ἕτοιμον</span> <span class='ocrx_word' id='word_1_694' title='bbox 3058 5559 3217 5611; x_wconf 83' lang='grc' dir='ltr'>πότον</span> <span class='ocrx_word' id='word_1_695' title='bbox 3248 5559 3484 5629; x_wconf 77' lang='grc' dir='ltr'>ἔχοντες,</span> <span class='ocrx_word' id='word_1_696' title='bbox 3506 5561 3585 5631; x_wconf 79' lang='grc' dir='ltr'>τῷ</span> <span class='ocrx_word' id='word_1_697' title='bbox 3614 5559 3751 5627; x_wconf 77' lang='grc' dir='ltr'>αὑτῷ</span> 
     </span>
    </p>
   </div>
   <div class='ocr_carea' id='block_1_114' title="bbox 501 5615 2091 5720">
    <p class='ocr_par' dir='ltr' id='par_1_114' title="bbox 501 5615 2066 5694">
     <span class='ocr_line' id='line_1_114' title="bbox 501 5615 2066 5694; baseline 0.015 -28"><span class='ocrx_word' id='word_1_698' title='bbox 501 5615 687 5670; x_wconf 89' lang='lat' dir='ltr'><strong>multis</strong></span> <span class='ocrx_word' id='word_1_699' title='bbox 718 5618 952 5688; x_wconf 82' lang='lat' dir='ltr'><strong>impletis</strong></span> <span class='ocrx_word' id='word_1_700' title='bbox 997 5620 1251 5688; x_wconf 88' lang='lat' dir='ltr'><strong>navibus,</strong></span> <span class='ocrx_word' id='word_1_701' title='bbox 1311 5625 1622 5693; x_wconf 77' lang='lat' dir='ltr'><strong>expeditum</strong></span> <span class='ocrx_word' id='word_1_702' title='bbox 1682 5638 1865 5694; x_wconf 89' lang='lat' dir='ltr'><strong>potum</strong></span> <span class='ocrx_word' id='word_1_703' title='bbox 1900 5647 1962 5687; x_wconf 80' lang='lat' dir='ltr'><strong>ex</strong></span> <span class='ocrx_word' id='word_1_704' title='bbox 2000 5649 2066 5689; x_wconf 90' lang='lat' dir='ltr'><strong>eo</strong></span> 
     </span>
    </p>
   </div>
   <div class='ocr_carea' id='block_1_115' title="bbox 2195 5615 3752 5720">
    <p class='ocr_par' dir='ltr' id='par_1_115' title="bbox 2195 5615 3752 5720">
     <span class='ocr_line' id='line_1_115' title="bbox 2195 5615 3752 5720; baseline 0.008 -25"><span class='ocrx_word' id='word_1_705' title='bbox 2195 5615 2268 5695; x_wconf 67' lang='lat' dir='ltr'><strong>tai</strong></span> <span class='ocrx_word' id='word_1_706' title='bbox 2300 5642 2368 5697; x_wconf 81' lang='grc' dir='ltr'>τὰ</span> <span class='ocrx_word' id='word_1_707' title='bbox 2399 5615 2599 5715; x_wconf 71' lang='grc' dir='ltr'>ὄσπρια</span> <span class='ocrx_word' id='word_1_708' title='bbox 2622 5615 2865 5710; x_wconf 80' lang='grc' dir='ltr'>δεύοντες</span> <span class='ocrx_word' id='word_1_709' title='bbox 2886 5662 2898 5676; x_wconf 74' lang='grc'><em>³</em></span> <span class='ocrx_word' id='word_1_710' title='bbox 2930 5615 3022 5702; x_wconf 71' lang='grc' dir='ltr'><strong>καὶ</strong></span> <span class='ocrx_word' id='word_1_711' title='bbox 3065 5648 3198 5719; x_wconf 73' lang='grc' dir='ltr'>πρὸς</span> <span class='ocrx_word' id='word_1_712' title='bbox 3235 5615 3752 5720; x_wconf 44' lang='grc' dir='ltr'><strong>ἐδωδὴν-ὲξέυμειρίζ</strong></span> 
     </span>
    </p>
   </div>
   <div class='ocr_carea' id='block_1_116' title="bbox 568 5754 1767 5832">
    <p class='ocr_par' dir='ltr' id='par_1_116' title="bbox 568 5754 1767 5832">
     <span class='ocr_line' id='line_1_116' title="bbox 568 5754 1767 5832; baseline 0.01 -23"><span class='ocrx_word' id='word_1_713' title='bbox 568 5754 613 5786; x_wconf 82' lang='grc'><strong><em>⁹⁹</em></strong></span> <span class='ocrx_word' id='word_1_714' title='bbox 640 5754 837 5813; x_wconf 81' lang='lat' dir='ltr'><strong>Jcrcm.</strong></span> <span class='ocrx_word' id='word_1_715' title='bbox 873 5775 932 5828; x_wconf 86' lang='grc' dir='ltr'><strong>ιι,</strong></span> <span class='ocrx_word' id='word_1_716' title='bbox 961 5763 1042 5816; x_wconf 77' lang='grc'><strong>18.</strong></span> <span class='ocrx_word' id='word_1_717' title='bbox 1122 5772 1135 5796; x_wconf 77' lang='grc'>³</span> <span class='ocrx_word' id='word_1_718' title='bbox 1162 5765 1295 5821; x_wconf 87' lang='lat' dir='ltr'><strong>Gen.</strong></span> <span class='ocrx_word' id='word_1_719' title='bbox 1329 5767 1503 5832; x_wconf 56' lang='lat'><strong>“,14.</strong></span> <span class='ocrx_word' id='word_1_720' title='bbox 1582 5770 1601 5799; x_wconf 84' lang='grc'>¹</span> <span class='ocrx_word' id='word_1_721' title='bbox 1631 5769 1767 5823; x_wconf 87' lang='lat' dir='ltr'><strong>ibid.</strong></span> 
     </span>
    </p>
   </div>
  </div>
