  <div class='ocr_page' id='page_1' title='image "/cluster/home/n/w/nwhite01/storage/ocr_20150623/38/njp.32101077772570/022.png"; bbox 0 0 1942 3039; ppageno 0'>
   <div class='ocr_carea' id='block_1_1' title="bbox 118 120 1751 157">
    <p class='ocr_par' dir='ltr' id='par_1_1' title="bbox 118 120 1751 157">
     <span class='ocr_line' id='line_1_1' title="bbox 118 120 1751 157; baseline -0.006 0"><span class='ocrx_word' id='word_1_1' title='bbox 118 128 155 157; x_wconf 70' lang='lat'><strong>29</strong></span> <span class='ocrx_word' id='word_1_2' title='bbox 726 126 848 155; x_wconf 86' lang='lat' dir='ltr'><strong>SECTIO</strong></span> <span class='ocrx_word' id='word_1_3' title='bbox 867 126 899 154; x_wconf 89' lang='lat' dir='ltr'><strong>II.</strong></span> <span class='ocrx_word' id='word_1_4' title='bbox 920 125 1114 153; x_wconf 67' lang='lat' dir='ltr'><strong>EPITAPIIIA.</strong></span> <span class='ocrx_word' id='word_1_5' title='bbox 1715 120 1751 149; x_wconf 80' lang='lat'><strong>&#39;50</strong></span> 
     </span>
    </p>
   </div>
   <div class='ocr_carea' id='block_1_2' title="bbox 120 184 774 220">
    <p class='ocr_par' dir='ltr' id='par_1_2' title="bbox 120 184 774 220">
     <span class='ocr_line' id='line_1_2' title="bbox 120 184 774 220; baseline -0.003 -8"><span class='ocrx_word' id='word_1_6' title='bbox 120 185 260 220; x_wconf 65' lang='grc' dir='ltr'>κάλλιμος</span> <span class='ocrx_word' id='word_1_7' title='bbox 276 184 375 219; x_wconf 71' lang='grc' dir='ltr'><strong>ἠϊθέων</strong></span> <span class='ocrx_word' id='word_1_8' title='bbox 386 184 537 220; x_wconf 82' lang='grc' dir='ltr'><strong>Εὑφήμιος,</strong></span> <span class='ocrx_word' id='word_1_9' title='bbox 553 184 580 211; x_wconf 79' lang='grc' dir='ltr'><strong>εἴ</strong></span> <span class='ocrx_word' id='word_1_10' title='bbox 593 185 652 211; x_wconf 81' lang='grc' dir='ltr'>ποτ’</span> <span class='ocrx_word' id='word_1_11' title='bbox 666 184 714 219; x_wconf 72' lang='grc' dir='ltr'><strong>ἔην</strong></span> <span class='ocrx_word' id='word_1_12' title='bbox 730 193 774 219; x_wconf 81' lang='grc' dir='ltr'><strong>γε,</strong></span> 
     </span>
    </p>
   </div>
   <div class='ocr_carea' id='block_1_3' title="bbox 156 229 768 266">
    <p class='ocr_par' dir='ltr' id='par_1_3' title="bbox 156 229 768 266">
     <span class='ocr_line' id='line_1_3' title="bbox 156 229 768 266; baseline 0 -10"><span class='ocrx_word' id='word_1_13' title='bbox 156 231 297 265; x_wconf 76' lang='grc' dir='ltr'>Κάλλιμος</span> <span class='ocrx_word' id='word_1_14' title='bbox 311 231 340 257; x_wconf 75' lang='grc' dir='ltr'>ὲν</span> <span class='ocrx_word' id='word_1_15' title='bbox 356 230 455 265; x_wconf 84' lang='grc' dir='ltr'><strong>χώροις</strong></span> <span class='ocrx_word' id='word_1_16' title='bbox 472 229 560 266; x_wconf 78' lang='grc' dir='ltr'>χῶρος</span> <span class='ocrx_word' id='word_1_17' title='bbox 576 230 614 256; x_wconf 73' lang='grc' dir='ltr'><strong>ὅδ’</strong></span> <span class='ocrx_word' id='word_1_18' title='bbox 634 229 768 261; x_wconf 82' lang='grc' dir='ltr'><strong>Ἠλύσιος.</strong></span> 
     </span>
    </p>
   </div>
   <div class='ocr_carea' id='block_1_4' title="bbox 119 274 838 310">
    <p class='ocr_par' dir='ltr' id='par_1_4' title="bbox 119 274 838 310">
     <span class='ocr_line' id='line_1_4' title="bbox 119 274 838 310; baseline -0.001 -9"><span class='ocrx_word' id='word_1_19' title='bbox 119 275 253 302; x_wconf 77' lang='grc' dir='ltr'>Τοῦνεκεν</span> <span class='ocrx_word' id='word_1_20' title='bbox 269 277 309 306; x_wconf 76' lang='grc' dir='ltr'><strong>εἰς</strong></span> <span class='ocrx_word' id='word_1_21' title='bbox 322 275 350 301; x_wconf 79' lang='grc' dir='ltr'>ἓν</span> <span class='ocrx_word' id='word_1_22' title='bbox 359 276 484 310; x_wconf 79' lang='grc' dir='ltr'><strong>ἄγερθεν,</strong></span> <span class='ocrx_word' id='word_1_23' title='bbox 499 276 559 301; x_wconf 71' lang='grc' dir='ltr'>ἐπεὶ</span> <span class='ocrx_word' id='word_1_24' title='bbox 569 275 641 310; x_wconf 71' lang='grc' dir='ltr'>ζωὴν</span> <span class='ocrx_word' id='word_1_25' title='bbox 656 276 704 310; x_wconf 82' lang='grc' dir='ltr'><strong>μὲν</strong></span> <span class='ocrx_word' id='word_1_26' title='bbox 719 274 838 309; x_wconf 76' lang='grc' dir='ltr'>ἕλειψεν·</span> 
     </span>
    </p>
   </div>
   <div class='ocr_carea' id='block_1_5' title="bbox 157 319 768 356">
    <p class='ocr_par' dir='ltr' id='par_1_5' title="bbox 157 319 768 356">
     <span class='ocr_line' id='line_1_5' title="bbox 157 319 768 356; baseline -0.003 -8"><span class='ocrx_word' id='word_1_27' title='bbox 157 321 190 349; x_wconf 85' lang='lat' dir='ltr'><strong>I0</strong></span> <span class='ocrx_word' id='word_1_28' title='bbox 205 321 316 356; x_wconf 80' lang='grc' dir='ltr'>Οὖνομσ.</span> <span class='ocrx_word' id='word_1_29' title='bbox 327 321 349 347; x_wconf 85' lang='grc' dir='ltr'><strong>δ’</strong></span> <span class='ocrx_word' id='word_1_30' title='bbox 364 319 397 347; x_wconf 82' lang='grc' dir='ltr'><strong>αὖ</strong></span> <span class='ocrx_word' id='word_1_31' title='bbox 412 320 493 356; x_wconf 84' lang='grc' dir='ltr'><strong>χώρῳ</strong></span> <span class='ocrx_word' id='word_1_32' title='bbox 507 321 636 347; x_wconf 78' lang='grc' dir='ltr'><strong>κάλλιπεν</strong></span> <span class='ocrx_word' id='word_1_33' title='bbox 648 319 768 354; x_wconf 78' lang='grc' dir='ltr'><strong>ἠγαθέῳ.</strong></span> 
     </span>
    </p>
   </div>
   <div class='ocr_carea' id='block_1_6' title="bbox 351 376 679 411">
    <p class='ocr_par' dir='ltr' id='par_1_6' title="bbox 351 376 679 411">
     <span class='ocr_line' id='line_1_6' title="bbox 351 376 679 411; baseline -0.006 -6"><span class='ocrx_word' id='word_1_34' title='bbox 351 379 411 407; x_wconf 85' lang='grc' dir='ltr'><strong>ΛΖ’.</strong></span> <span class='ocrx_word' id='word_1_35' title='bbox 433 379 485 411; x_wconf 82' lang='grc' dir='ltr'><strong>Εὶς</strong></span> <span class='ocrx_word' id='word_1_36' title='bbox 509 376 679 404; x_wconf 75' lang='grc' dir='ltr'><strong>Ἐλλάδων.</strong></span> 
     </span>
    </p>
   </div>
   <div class='ocr_carea' id='block_1_7' title="bbox 120 430 788 468">
    <p class='ocr_par' dir='ltr' id='par_1_7' title="bbox 120 430 788 468">
     <span class='ocr_line' id='line_1_7' title="bbox 120 430 788 468; baseline -0.004 -8"><span class='ocrx_word' id='word_1_37' title='bbox 120 434 180 460; x_wconf 75' lang='lat' dir='ltr'><strong>Alei</strong></span> <span class='ocrx_word' id='word_1_38' title='bbox 198 442 240 460; x_wconf 86' lang='grc' dir='ltr'>σοι</span> <span class='ocrx_word' id='word_1_39' title='bbox 253 433 313 465; x_wconf 83' lang='grc' dir='ltr'>νόος</span> <span class='ocrx_word' id='word_1_40' title='bbox 329 431 377 468; x_wconf 82' lang='grc' dir='ltr'>ἦεν</span> <span class='ocrx_word' id='word_1_41' title='bbox 392 434 421 464; x_wconf 84' lang='grc' dir='ltr'><strong>ἐς</strong></span> <span class='ocrx_word' id='word_1_42' title='bbox 436 433 560 468; x_wconf 82' lang='grc' dir='ltr'>οὐρανὸν,</span> <span class='ocrx_word' id='word_1_43' title='bbox 575 432 629 458; x_wconf 78' lang='grc' dir='ltr'>οὐδ’</span> <span class='ocrx_word' id='word_1_44' title='bbox 644 432 690 458; x_wconf 73' lang='grc' dir='ltr'><strong>ἐπὶ</strong></span> <span class='ocrx_word' id='word_1_45' title='bbox 707 430 788 465; x_wconf 85' lang='grc' dir='ltr'><strong>γαίης</strong></span> 
     </span>
    </p>
   </div>
   <div class='ocr_carea' id='block_1_8' title="bbox 158 477 716 514">
    <p class='ocr_par' dir='ltr' id='par_1_8' title="bbox 158 477 716 514">
     <span class='ocr_line' id='line_1_8' title="bbox 158 477 716 514; baseline -0.004 -10"><span class='ocrx_word' id='word_1_46' title='bbox 158 478 285 514; x_wconf 79' lang='grc' dir='ltr'><strong>Ἦρειδες</strong></span> <span class='ocrx_word' id='word_1_47' title='bbox 297 477 439 512; x_wconf 76' lang='grc' dir='ltr'><strong>χθαμαλῆς</strong></span> <span class='ocrx_word' id='word_1_48' title='bbox 455 477 538 512; x_wconf 78' lang='grc' dir='ltr'>ῖχνιον</span> <span class='ocrx_word' id='word_1_49' title='bbox 551 477 605 503; x_wconf 84' lang='grc' dir='ltr'>οὐδ’</span> <span class='ocrx_word' id='word_1_50' title='bbox 616 477 716 510; x_wconf 82' lang='grc' dir='ltr'>ὀλίγον.</span> 
     </span>
    </p>
   </div>
   <div class='ocr_carea' id='block_1_9' title="bbox 121 520 857 558">
    <p class='ocr_par' dir='ltr' id='par_1_9' title="bbox 121 520 857 558">
     <span class='ocr_line' id='line_1_9' title="bbox 121 520 857 558; baseline -0.004 -8"><span class='ocrx_word' id='word_1_51' title='bbox 121 523 254 550; x_wconf 79' lang='grc' dir='ltr'>Τοῡνεκεν</span> <span class='ocrx_word' id='word_1_52' title='bbox 265 524 302 555; x_wconf 82' lang='grc' dir='ltr'><strong>ὡς</strong></span> <span class='ocrx_word' id='word_1_53' title='bbox 317 524 398 558; x_wconf 76' lang='grc' dir='ltr'>τάχος</span> <span class='ocrx_word' id='word_1_54' title='bbox 408 521 489 558; x_wconf 80' lang='grc' dir='ltr'>ἦλθες</span> <span class='ocrx_word' id='word_1_55' title='bbox 505 523 558 550; x_wconf 78' lang='grc' dir='ltr'>ἀπὸ</span> <span class='ocrx_word' id='word_1_56' title='bbox 569 523 671 558; x_wconf 77' lang='grc' dir='ltr'><strong>χθονός.</strong></span> <span class='ocrx_word' id='word_1_57' title='bbox 685 521 815 554; x_wconf 84' lang='grc' dir='ltr'>Εὺλάλιος</span> <span class='ocrx_word' id='word_1_58' title='bbox 828 520 857 547; x_wconf 77' lang='grc' dir='ltr'><strong>δὲ</strong></span> 
     </span>
    </p>
   </div>
   <div class='ocr_carea' id='block_1_10' title="bbox 156 568 769 605">
    <p class='ocr_par' dir='ltr' id='par_1_10' title="bbox 156 568 769 605">
     <span class='ocr_line' id='line_1_10' title="bbox 156 568 769 605; baseline -0.002 -10"><span class='ocrx_word' id='word_1_59' title='bbox 156 569 208 605; x_wconf 78' lang='grc' dir='ltr'>Σὴν</span> <span class='ocrx_word' id='word_1_60' title='bbox 224 569 300 595; x_wconf 82' lang='grc' dir='ltr'>κόνιν</span> <span class='ocrx_word' id='word_1_61' title='bbox 314 569 449 605; x_wconf 69' lang='grc' dir='ltr'><strong>ἀμφιέπει</strong></span> <span class='ocrx_word' id='word_1_62' title='bbox 467 569 513 601; x_wconf 83' lang='grc' dir='ltr'><strong>σὸς</strong></span> <span class='ocrx_word' id='word_1_63' title='bbox 532 569 623 603; x_wconf 84' lang='grc' dir='ltr'><strong>κάσις,</strong></span> <span class='ocrx_word' id='word_1_64' title='bbox 639 568 769 596; x_wconf 82' lang='grc' dir='ltr'><strong>Ἐλλάδιε.</strong></span> 
     </span>
    </p>
   </div>
   <div class='ocr_carea' id='block_1_11' title="bbox 421 625 610 653">
    <p class='ocr_par' dir='ltr' id='par_1_11' title="bbox 421 625 610 653">
     <span class='ocr_line' id='line_1_11' title="bbox 421 625 610 653; baseline 0 -1"><span class='ocrx_word' id='word_1_65' title='bbox 421 625 487 652; x_wconf 83' lang='lat' dir='ltr'><strong>AH&#39;.</strong></span> <span class='ocrx_word' id='word_1_66' title='bbox 505 626 610 653; x_wconf 76' lang='grc' dir='ltr'><strong>Ἄλλο.</strong></span> 
     </span>
    </p>
   </div>
   <div class='ocr_carea' id='block_1_12' title="bbox 121 679 840 716">
    <p class='ocr_par' dir='ltr' id='par_1_12' title="bbox 121 679 840 716">
     <span class='ocr_line' id='line_1_12' title="bbox 121 679 840 716; baseline 0.001 -10"><span class='ocrx_word' id='word_1_67' title='bbox 121 679 172 706; x_wconf 78' lang='grc' dir='ltr'><strong>Τὸν</strong></span> <span class='ocrx_word' id='word_1_68' title='bbox 186 679 293 716; x_wconf 80' lang='grc' dir='ltr'>νεαρὸν,</span> <span class='ocrx_word' id='word_1_69' title='bbox 307 680 418 716; x_wconf 82' lang='grc' dir='ltr'><strong>Χριστῷ</strong></span> <span class='ocrx_word' id='word_1_70' title='bbox 433 680 461 707; x_wconf 84' lang='grc' dir='ltr'><strong>δὲ</strong></span> <span class='ocrx_word' id='word_1_71' title='bbox 480 680 579 716; x_wconf 80' lang='grc' dir='ltr'><strong>μέγαν,</strong></span> <span class='ocrx_word' id='word_1_72' title='bbox 595 679 687 707; x_wconf 88' lang='grc' dir='ltr'>πολιόν</span> <span class='ocrx_word' id='word_1_73' title='bbox 702 689 733 706; x_wconf 85' lang='grc' dir='ltr'>τε</span> <span class='ocrx_word' id='word_1_74' title='bbox 751 680 840 715; x_wconf 78' lang='grc' dir='ltr'>νόημα</span> 
     </span>
    </p>
   </div>
   <div class='ocr_carea' id='block_1_13' title="bbox 930 179 1609 217">
    <p class='ocr_par' dir='ltr' id='par_1_13' title="bbox 930 179 1609 217">
     <span class='ocr_line' id='line_1_13' title="bbox 930 179 1609 217; baseline -0.004 -8"><span class='ocrx_word' id='word_1_75' title='bbox 930 185 954 212; x_wconf 77' lang='grc' dir='ltr'><strong>Α</strong></span> <span class='ocrx_word' id='word_1_76' title='bbox 1003 183 1097 217; x_wconf 84' lang='grc' dir='ltr'>Χῶρος</span> <span class='ocrx_word' id='word_1_77' title='bbox 1108 182 1145 209; x_wconf 81' lang='grc' dir='ltr'><strong>ὅδ’</strong></span> <span class='ocrx_word' id='word_1_78' title='bbox 1160 181 1326 215; x_wconf 72' lang='grc' dir='ltr'>ἁθλοφόρων,</span> <span class='ocrx_word' id='word_1_79' title='bbox 1346 179 1480 206; x_wconf 76' lang='grc' dir='ltr'>Ἑλλάδι-ον</span> <span class='ocrx_word' id='word_1_80' title='bbox 1493 179 1609 214; x_wconf 80' lang='grc' dir='ltr'><strong>κατέχω.</strong></span> 
     </span>
    </p>
   </div>
   <div class='ocr_carea' id='block_1_14' title="bbox 965 225 1646 262">
    <p class='ocr_par' dir='ltr' id='par_1_14' title="bbox 965 225 1646 262">
     <span class='ocr_line' id='line_1_14' title="bbox 965 225 1646 262; baseline -0.006 -8"><span class='ocrx_word' id='word_1_81' title='bbox 965 228 1002 254; x_wconf 80' lang='grc' dir='ltr'><strong>Οὐ</strong></span> <span class='ocrx_word' id='word_1_82' title='bbox 1015 228 1134 262; x_wconf 75' lang='grc' dir='ltr'>νέμεσις.</span> <span class='ocrx_word' id='word_1_83' title='bbox 1148 227 1254 256; x_wconf 83' lang='grc' dir='ltr'>Κείνοις</span> <span class='ocrx_word' id='word_1_84' title='bbox 1269 226 1322 261; x_wconf 71' lang='grc' dir='ltr'><strong>γὰρ</strong></span> <span class='ocrx_word' id='word_1_85' title='bbox 1335 226 1439 260; x_wconf 79' lang='grc' dir='ltr'><strong>ὁμοίϊον</strong></span> <span class='ocrx_word' id='word_1_86' title='bbox 1453 225 1535 258; x_wconf 79' lang='grc' dir='ltr'>ἄλγος</span> <span class='ocrx_word' id='word_1_87' title='bbox 1549 225 1646 260; x_wconf 58' lang='grc' dir='ltr'>ἁνὲξλη</span> 
     </span>
    </p>
   </div>
   <div class='ocr_carea' id='block_1_15' title="bbox 1001 270 1600 310">
    <p class='ocr_par' dir='ltr' id='par_1_15' title="bbox 1001 270 1600 310">
     <span class='ocr_line' id='line_1_15' title="bbox 1001 270 1600 310; baseline 0 -12"><span class='ocrx_word' id='word_1_88' title='bbox 1001 273 1115 310; x_wconf 60' lang='grc' dir='ltr'>Σθεννρς</span> <span class='ocrx_word' id='word_1_89' title='bbox 1131 271 1278 298; x_wconf 80' lang='grc' dir='ltr'>ἀντιπάλου</span> <span class='ocrx_word' id='word_1_90' title='bbox 1292 271 1338 297; x_wconf 73' lang='grc' dir='ltr'>τοῦ</span> <span class='ocrx_word' id='word_1_91' title='bbox 1355 270 1493 306; x_wconf 83' lang='grc' dir='ltr'>φΟονεροῖο</span> <span class='ocrx_word' id='word_1_92' title='bbox 1509 271 1600 306; x_wconf 79' lang='grc' dir='ltr'>μόθον.</span> 
     </span>
    </p>
   </div>
   <div class='ocr_carea' id='block_1_16' title="bbox 1264 327 1451 354">
    <p class='ocr_par' dir='ltr' id='par_1_16' title="bbox 1264 327 1451 354">
     <span class='ocr_line' id='line_1_16' title="bbox 1264 327 1451 354; baseline 0.005 -1"><span class='ocrx_word' id='word_1_93' title='bbox 1264 327 1326 353; x_wconf 86' lang='grc' dir='ltr'><strong>ΛΘ¹.</strong></span> <span class='ocrx_word' id='word_1_94' title='bbox 1347 327 1451 354; x_wconf 74' lang='grc' dir='ltr'><strong>Ἀλλο.</strong></span> 
     </span>
    </p>
   </div>
   <div class='ocr_carea' id='block_1_17' title="bbox 963 382 1697 419">
    <p class='ocr_par' dir='ltr' id='par_1_17' title="bbox 963 382 1697 419">
     <span class='ocr_line' id='line_1_17' title="bbox 963 382 1697 419; baseline -0.001 -9"><span class='ocrx_word' id='word_1_95' title='bbox 963 382 1069 415; x_wconf 76' lang='grc' dir='ltr'>Μικρὸν</span> <span class='ocrx_word' id='word_1_96' title='bbox 1089 383 1138 419; x_wconf 81' lang='grc' dir='ltr'><strong>μὲν</strong></span> <span class='ocrx_word' id='word_1_97' title='bbox 1153 382 1295 414; x_wconf 84' lang='grc' dir='ltr'>πνείεσκες</span> <span class='ocrx_word' id='word_1_98' title='bbox 1310 383 1356 409; x_wconf 74' lang='grc' dir='ltr'><strong>ἐπὶ</strong></span> <span class='ocrx_word' id='word_1_99' title='bbox 1374 382 1448 417; x_wconf 78' lang='grc' dir='ltr'>χθονὶ</span> <span class='ocrx_word' id='word_1_100' title='bbox 1464 382 1564 418; x_wconf 80' lang='grc' dir='ltr'>σαρκὸς</span> <span class='ocrx_word' id='word_1_101' title='bbox 1580 383 1697 419; x_wconf 84' lang='grc' dir='ltr'><strong>ἀνάγκῃ,</strong></span> 
     </span>
    </p>
   </div>
   <div class='ocr_carea' id='block_1_18' title="bbox 1000 427 1548 464">
    <p class='ocr_par' dir='ltr' id='par_1_18' title="bbox 1000 427 1548 464">
     <span class='ocr_line' id='line_1_18' title="bbox 1000 427 1548 464; baseline -0.002 -9"><span class='ocrx_word' id='word_1_102' title='bbox 1000 429 1115 456; x_wconf 81' lang='grc' dir='ltr'>Πλείονα.</span> <span class='ocrx_word' id='word_1_103' title='bbox 1129 429 1156 455; x_wconf 81' lang='grc' dir='ltr'><strong>δὲ</strong></span> <span class='ocrx_word' id='word_1_104' title='bbox 1169 429 1242 464; x_wconf 84' lang='grc' dir='ltr'><strong>ζωῆς</strong></span> <span class='ocrx_word' id='word_1_105' title='bbox 1256 428 1335 463; x_wconf 81' lang='grc' dir='ltr'>ὑψόθι</span> <span class='ocrx_word' id='word_1_106' title='bbox 1352 429 1448 463; x_wconf 82' lang='grc' dir='ltr'>μοῖραν</span> <span class='ocrx_word' id='word_1_107' title='bbox 1466 427 1548 462; x_wconf 72' lang='grc' dir='ltr'>ἔχεις,</span> 
     </span>
    </p>
   </div>
   <div class='ocr_carea' id='block_1_19' title="bbox 970 473 1653 510">
    <p class='ocr_par' dir='ltr' id='par_1_19' title="bbox 970 473 1653 510">
     <span class='ocr_line' id='line_1_19' title="bbox 970 473 1653 510; baseline -0.004 -8"><span class='ocrx_word' id='word_1_108' title='bbox 970 474 1101 507; x_wconf 83' lang='grc' dir='ltr'>Ἐλλάδιε,</span> <span class='ocrx_word' id='word_1_109' title='bbox 1114 475 1243 510; x_wconf 80' lang='grc' dir='ltr'>Χριστοῖο</span> <span class='ocrx_word' id='word_1_110' title='bbox 1261 474 1332 509; x_wconf 77' lang='grc' dir='ltr'><strong>μέγα</strong></span> <span class='ocrx_word' id='word_1_111' title='bbox 1347 473 1425 505; x_wconf 82' lang='grc' dir='ltr'>κλέος</span> <span class='ocrx_word' id='word_1_112' title='bbox 1435 482 1442 489; x_wconf 94' lang='grc'><strong>·</strong></span> <span class='ocrx_word' id='word_1_113' title='bbox 1459 474 1483 499; x_wconf 76' lang='grc' dir='ltr'>εἰ</span> <span class='ocrx_word' id='word_1_114' title='bbox 1499 473 1528 499; x_wconf 81' lang='grc' dir='ltr'>δὲ</span> <span class='ocrx_word' id='word_1_115' title='bbox 1538 473 1653 509; x_wconf 82' lang='grc' dir='ltr'><strong>τάχιστα.</strong></span> 
     </span>
    </p>
   </div>
   <div class='ocr_carea' id='block_1_20' title="bbox 1000 519 1609 557">
    <p class='ocr_par' dir='ltr' id='par_1_20' title="bbox 1000 519 1609 557">
     <span class='ocr_line' id='line_1_20' title="bbox 1000 519 1609 557; baseline -0.003 -9"><span class='ocrx_word' id='word_1_116' title='bbox 1000 521 1113 557; x_wconf 83' lang='grc' dir='ltr'>Δεσμῶν</span> <span class='ocrx_word' id='word_1_117' title='bbox 1128 520 1266 556; x_wconf 79' lang='grc' dir='ltr'><strong>ὲξελύθης,</strong></span> <span class='ocrx_word' id='word_1_118' title='bbox 1282 520 1361 546; x_wconf 82' lang='grc' dir='ltr'>τοῦτο</span> <span class='ocrx_word' id='word_1_119' title='bbox 1375 519 1458 555; x_wconf 84' lang='grc' dir='ltr'><strong>γέρας</strong></span> <span class='ocrx_word' id='word_1_120' title='bbox 1469 519 1609 554; x_wconf 81' lang='grc' dir='ltr'><strong>καμάτων.</strong></span> 
     </span>
    </p>
   </div>
   <div class='ocr_carea' id='block_1_21' title="bbox 1187 577 1526 611">
    <p class='ocr_par' dir='ltr' id='par_1_21' title="bbox 1187 577 1526 611">
     <span class='ocr_line' id='line_1_21' title="bbox 1187 577 1526 611; baseline -0.006 -6"><span class='ocrx_word' id='word_1_121' title='bbox 1187 578 1233 605; x_wconf 88' lang='grc' dir='ltr'><strong>Μ’.</strong></span> <span class='ocrx_word' id='word_1_122' title='bbox 1248 578 1303 611; x_wconf 76' lang='grc' dir='ltr'><strong>Εἰς</strong></span> <span class='ocrx_word' id='word_1_123' title='bbox 1318 577 1526 611; x_wconf 78' lang='grc' dir='ltr'><strong>Μαρτινιανόν.</strong></span> 
     </span>
    </p>
   </div>
   <div class='ocr_carea' id='block_1_22' title="bbox 965 630 1666 665">
    <p class='ocr_par' dir='ltr' id='par_1_22' title="bbox 965 630 1666 665">
     <span class='ocr_line' id='line_1_22' title="bbox 965 630 1666 665; baseline -0.003 -5"><span class='ocrx_word' id='word_1_124' title='bbox 965 633 998 661; x_wconf 83' lang='grc' dir='ltr'>Εἴ</span> <span class='ocrx_word' id='word_1_125' title='bbox 1011 642 1053 665; x_wconf 84' lang='grc' dir='ltr'><strong>τις</strong></span> <span class='ocrx_word' id='word_1_126' title='bbox 1067 634 1203 665; x_wconf 83' lang='grc' dir='ltr'><strong>Τάνταλός</strong></span> <span class='ocrx_word' id='word_1_127' title='bbox 1216 635 1289 660; x_wconf 75' lang='grc' dir='ltr'>ἐστιν</span> <span class='ocrx_word' id='word_1_128' title='bbox 1305 634 1333 660; x_wconf 79' lang='grc' dir='ltr'>ἐν</span> <span class='ocrx_word' id='word_1_129' title='bbox 1347 633 1440 659; x_wconf 76' lang='grc' dir='ltr'>ὕδασιν</span> <span class='ocrx_word' id='word_1_130' title='bbox 1454 630 1517 664; x_wconf 80' lang='grc' dir='ltr'>αὖος</span> <span class='ocrx_word' id='word_1_131' title='bbox 1533 631 1666 664; x_wconf 83' lang='grc' dir='ltr'><strong>ἀπίστοις,</strong></span> 
     </span>
    </p>
   </div>
   <div class='ocr_carea' id='block_1_23' title="bbox 999 677 1627 716">
    <p class='ocr_par' dir='ltr' id='par_1_23' title="bbox 999 677 1627 716">
     <span class='ocr_line' id='line_1_23' title="bbox 999 677 1627 716; baseline -0.003 -10"><span class='ocrx_word' id='word_1_132' title='bbox 999 680 1033 707; x_wconf 75' lang='lat' dir='ltr'><strong>Et</strong></span> <span class='ocrx_word' id='word_1_133' title='bbox 1046 689 1088 712; x_wconf 84' lang='grc' dir='ltr'>τις</span> <span class='ocrx_word' id='word_1_134' title='bbox 1098 680 1169 716; x_wconf 83' lang='grc' dir='ltr'>ὑπὲρ</span> <span class='ocrx_word' id='word_1_135' title='bbox 1188 679 1309 715; x_wconf 79' lang='grc' dir='ltr'><strong>κεφαλῆς</strong></span> <span class='ocrx_word' id='word_1_136' title='bbox 1329 679 1427 715; x_wconf 82' lang='grc' dir='ltr'>πέτρος</span> <span class='ocrx_word' id='word_1_137' title='bbox 1445 678 1488 706; x_wconf 83' lang='grc' dir='ltr'><strong>ἀεὶ</strong></span> <span class='ocrx_word' id='word_1_138' title='bbox 1506 677 1627 713; x_wconf 72' lang='grc' dir='ltr'><strong>φοϐέων·</strong></span> 
     </span>
    </p>
   </div>
   <div class='ocr_carea' id='block_1_24' title="bbox 370 756 1312 794">
    <p class='ocr_par' dir='ltr' id='par_1_24' title="bbox 370 756 1312 794">
     <span class='ocr_line' id='line_1_24' title="bbox 370 756 1312 794; baseline 0.003 -10"><span class='ocrx_word' id='word_1_139' title='bbox 370 757 489 794; x_wconf 72' lang='lat' dir='ltr'><strong>Pulcher</strong></span> <span class='ocrx_word' id='word_1_140' title='bbox 505 757 576 794; x_wconf 84' lang='lat' dir='ltr'><strong>inter</strong></span> <span class='ocrx_word' id='word_1_141' title='bbox 593 757 788 794; x_wconf 76' lang='lat' dir='ltr'><strong>adolescentes</strong></span> <span class='ocrx_word' id='word_1_142' title='bbox 800 756 979 794; x_wconf 71' lang='lat' dir='ltr'><strong>Euphemius,</strong></span> <span class='ocrx_word' id='word_1_143' title='bbox 995 757 1019 785; x_wconf 90' lang='lat' dir='ltr'><strong>si</strong></span> <span class='ocrx_word' id='word_1_144' title='bbox 1034 758 1097 793; x_wconf 88' lang='lat' dir='ltr'><strong>quis</strong></span> <span class='ocrx_word' id='word_1_145' title='bbox 1113 766 1234 794; x_wconf 84' lang='lat' dir='ltr'><strong>unquam</strong></span> <span class='ocrx_word' id='word_1_146' title='bbox 1250 759 1312 793; x_wconf 80' lang='lat' dir='ltr'><strong>fuit,</strong></span> 
     </span>
    </p>
   </div>
   <div class='ocr_carea' id='block_1_25' title="bbox 407 786 942 827">
    <p class='ocr_par' dir='ltr' id='par_1_25' title="bbox 407 786 942 827">
     <span class='ocr_line' id='line_1_25' title="bbox 407 786 942 827; baseline 0.004 -9"><span class='ocrx_word' id='word_1_147' title='bbox 407 786 522 819; x_wconf 58' lang='lat' dir='ltr'><strong>liulcher</strong></span> <span class='ocrx_word' id='word_1_148' title='bbox 544 792 571 819; x_wconf 91' lang='lat' dir='ltr'><strong>in</strong></span> <span class='ocrx_word' id='word_1_149' title='bbox 589 793 746 827; x_wconf 80' lang='lat' dir='ltr'><strong>agris&#39;ager</strong></span> <span class='ocrx_word' id='word_1_150' title='bbox 764 793 807 819; x_wconf 86' lang='lat' dir='ltr'><strong>hic</strong></span> <span class='ocrx_word' id='word_1_151' title='bbox 822 786 942 827; x_wconf 83' lang='lat' dir='ltr'><strong>Elysius.</strong></span> 
     </span>
    </p>
   </div>
   <div class='ocr_carea' id='block_1_26' title="bbox 371 827 1261 862">
    <p class='ocr_par' dir='ltr' id='par_1_26' title="bbox 371 827 1261 862">
     <span class='ocr_line' id='line_1_26' title="bbox 371 827 1261 862; baseline 0.004 -9"><span class='ocrx_word' id='word_1_152' title='bbox 371 827 547 862; x_wconf 77' lang='lat' dir='ltr'><strong>Quapropter</strong></span> <span class='ocrx_word' id='word_1_153' title='bbox 562 828 589 854; x_wconf 93' lang='lat' dir='ltr'><strong>in</strong></span> <span class='ocrx_word' id='word_1_154' title='bbox 607 835 691 854; x_wconf 91' lang='lat' dir='ltr'><strong>unum</strong></span> <span class='ocrx_word' id='word_1_155' title='bbox 710 835 878 860; x_wconf 84' lang='lat' dir='ltr'><strong>convenere,</strong></span> <span class='ocrx_word' id='word_1_156' title='bbox 895 827 1030 861; x_wconf 85' lang='lat' dir='ltr'><strong>siquidem</strong></span> <span class='ocrx_word' id='word_1_157' title='bbox 1045 828 1130 855; x_wconf 87' lang='lat' dir='ltr'><strong>vitam</strong></span> <span class='ocrx_word' id='word_1_158' title='bbox 1151 829 1261 862; x_wconf 84' lang='lat' dir='ltr'><strong>amisit;</strong></span> 
     </span>
    </p>
   </div>
   <div class='ocr_carea' id='block_1_27' title="bbox 407 861 989 897">
    <p class='ocr_par' dir='ltr' id='par_1_27' title="bbox 407 861 989 897">
     <span class='ocr_line' id='line_1_27' title="bbox 407 861 989 897; baseline 0 -8"><span class='ocrx_word' id='word_1_159' title='bbox 407 861 441 890; x_wconf 84' lang='lat' dir='ltr'><strong>l0</strong></span> <span class='ocrx_word' id='word_1_160' title='bbox 456 861 560 890; x_wconf 83' lang='lat' dir='ltr'><strong>Nomen</strong></span> <span class='ocrx_word' id='word_1_161' title='bbox 576 868 666 889; x_wconf 82' lang='lat' dir='ltr'><strong>autem</strong></span> <span class='ocrx_word' id='word_1_162' title='bbox 682 862 740 889; x_wconf 88' lang='lat' dir='ltr'><strong>loco</strong></span> <span class='ocrx_word' id='word_1_163' title='bbox 756 862 869 897; x_wconf 85' lang='lat' dir='ltr'><strong>reliquit</strong></span> <span class='ocrx_word' id='word_1_164' title='bbox 885 862 989 889; x_wconf 86' lang='lat' dir='ltr'><strong>divino.</strong></span> 
     </span>
    </p>
   </div>
   <div class='ocr_carea' id='block_1_28' title="bbox 619 909 1259 945">
    <p class='ocr_par' dir='ltr' id='par_1_28' title="bbox 619 909 1259 945">
     <span class='ocr_line' id='line_1_28' title="bbox 619 909 1259 945; baseline 0.003 -9"><span class='ocrx_word' id='word_1_165' title='bbox 619 910 848 945; x_wconf 73' lang='lat'><strong>1122-1123</strong></span> <span class='ocrx_word' id='word_1_166' title='bbox 869 909 1002 937; x_wconf 81' lang='lat' dir='ltr'><strong>xxxvn.</strong></span> <span class='ocrx_word' id='word_1_167' title='bbox 1024 909 1058 937; x_wconf 87' lang='lat' dir='ltr'><strong>In</strong></span> <span class='ocrx_word' id='word_1_168' title='bbox 1074 909 1259 938; x_wconf 77' lang='lat' dir='ltr'><strong>Helladium‘.</strong></span> 
     </span>
    </p>
   </div>
   <div class='ocr_carea' id='block_1_29' title="bbox 371 957 1311 993">
    <p class='ocr_par' dir='ltr' id='par_1_29' title="bbox 371 957 1311 993">
     <span class='ocr_line' id='line_1_29' title="bbox 371 957 1311 993; baseline 0.001 -9"><span class='ocrx_word' id='word_1_169' title='bbox 371 957 484 993; x_wconf 73' lang='lat' dir='ltr'><strong>Semper</strong></span> <span class='ocrx_word' id='word_1_170' title='bbox 500 961 544 984; x_wconf 85' lang='lat' dir='ltr'><strong>tua</strong></span> <span class='ocrx_word' id='word_1_171' title='bbox 563 957 818 993; x_wconf 20' lang='lat' dir='ltr'><strong>mensrvcrsabatur</strong></span> <span class='ocrx_word' id='word_1_172' title='bbox 833 957 861 984; x_wconf 92' lang='lat' dir='ltr'><strong>in</strong></span> <span class='ocrx_word' id='word_1_173' title='bbox 877 957 988 989; x_wconf 75' lang='lat' dir='ltr'><strong>cmlum,</strong></span> <span class='ocrx_word' id='word_1_174' title='bbox 1005 965 1095 992; x_wconf 87' lang='lat' dir='ltr'><strong>neque</strong></span> <span class='ocrx_word' id='word_1_175' title='bbox 1111 965 1194 993; x_wconf 84' lang='lat' dir='ltr'><strong>super</strong></span> <span class='ocrx_word' id='word_1_176' title='bbox 1209 961 1311 986; x_wconf 79' lang='lat' dir='ltr'><strong>terram</strong></span> 
     </span>
    </p>
   </div>
   <div class='ocr_carea' id='block_1_30' title="bbox 407 992 1080 1026">
    <p class='ocr_par' dir='ltr' id='par_1_30' title="bbox 407 992 1080 1026">
     <span class='ocr_line' id='line_1_30' title="bbox 407 992 1080 1026; baseline 0.001 -8"><span class='ocrx_word' id='word_1_177' title='bbox 407 992 543 1019; x_wconf 86' lang='lat' dir='ltr'><strong>Humilem</strong></span> <span class='ocrx_word' id='word_1_178' title='bbox 561 992 690 1019; x_wconf 86' lang='lat' dir='ltr'><strong>ﬁrmabas</strong></span> <span class='ocrx_word' id='word_1_179' title='bbox 707 992 852 1026; x_wconf 76' lang='lat' dir='ltr'><strong>vestigium</strong></span> <span class='ocrx_word' id='word_1_180' title='bbox 867 993 909 1019; x_wconf 85' lang='lat' dir='ltr'><strong>vel</strong></span> <span class='ocrx_word' id='word_1_181' title='bbox 927 993 1080 1026; x_wconf 85' lang='lat' dir='ltr'><strong>paululum.</strong></span> 
     </span>
    </p>
   </div>
   <div class='ocr_carea' id='block_1_31' title="bbox 370 1027 1203 1061">
    <p class='ocr_par' dir='ltr' id='par_1_31' title="bbox 370 1027 1203 1061">
     <span class='ocr_line' id='line_1_31' title="bbox 370 1027 1203 1061; baseline 0.002 -8"><span class='ocrx_word' id='word_1_182' title='bbox 370 1027 457 1061; x_wconf 86' lang='lat' dir='ltr'><strong>Quam</strong></span> <span class='ocrx_word' id='word_1_183' title='bbox 474 1027 509 1054; x_wconf 89' lang='lat' dir='ltr'><strong>ob</strong></span> <span class='ocrx_word' id='word_1_184' title='bbox 523 1034 579 1053; x_wconf 88' lang='lat' dir='ltr'><strong>rem</strong></span> <span class='ocrx_word' id='word_1_185' title='bbox 597 1027 743 1054; x_wconf 80' lang='lat' dir='ltr'><strong>celerrime</strong></span> <span class='ocrx_word' id='word_1_186' title='bbox 758 1027 850 1054; x_wconf 86' lang='lat' dir='ltr'><strong>abiisti</strong></span> <span class='ocrx_word' id='word_1_187' title='bbox 866 1035 881 1054; x_wconf 86' lang='lat' dir='ltr'><strong>a</strong></span> <span class='ocrx_word' id='word_1_188' title='bbox 897 1031 981 1054; x_wconf 84' lang='lat' dir='ltr'><strong>terra.</strong></span> <span class='ocrx_word' id='word_1_189' title='bbox 999 1027 1122 1054; x_wconf 85' lang='lat' dir='ltr'><strong>Eulalius</strong></span> <span class='ocrx_word' id='word_1_190' title='bbox 1137 1034 1203 1055; x_wconf 88' lang='lat' dir='ltr'><strong>vero</strong></span> 
     </span>
    </p>
   </div>
   <div class='ocr_carea' id='block_1_32' title="bbox 405 1061 1153 1097">
    <p class='ocr_par' dir='ltr' id='par_1_32' title="bbox 405 1061 1153 1097">
     <span class='ocr_line' id='line_1_32' title="bbox 405 1061 1153 1097; baseline -0.001 -7"><span class='ocrx_word' id='word_1_191' title='bbox 405 1061 495 1090; x_wconf 85' lang='lat' dir='ltr'><strong>Tuum</strong></span> <span class='ocrx_word' id='word_1_192' title='bbox 509 1062 629 1089; x_wconf 88' lang='lat' dir='ltr'><strong>cinerem</strong></span> <span class='ocrx_word' id='word_1_193' title='bbox 644 1062 820 1097; x_wconf 89' lang='lat' dir='ltr'><strong>amplectitur</strong></span> <span class='ocrx_word' id='word_1_194' title='bbox 836 1061 924 1090; x_wconf 76' lang='lat' dir='ltr'><strong>frater</strong></span> <span class='ocrx_word' id='word_1_195' title='bbox 939 1067 1015 1094; x_wconf 87' lang='lat' dir='ltr'><strong>tuus,</strong></span> <span class='ocrx_word' id='word_1_196' title='bbox 1033 1061 1153 1090; x_wconf 88' lang='lat' dir='ltr'><strong>Helladi.</strong></span> 
     </span>
    </p>
   </div>
   <div class='ocr_carea' id='block_1_33' title="bbox 806 1113 1105 1142">
    <p class='ocr_par' dir='ltr' id='par_1_33' title="bbox 806 1113 1105 1142">
     <span class='ocr_line' id='line_1_33' title="bbox 806 1113 1105 1142; baseline -0.003 0"><span class='ocrx_word' id='word_1_197' title='bbox 806 1113 952 1142; x_wconf 79' lang='lat' dir='ltr'><strong>XXXVIII.</strong></span> <span class='ocrx_word' id='word_1_198' title='bbox 973 1115 1054 1142; x_wconf 80' lang='lat' dir='ltr'><strong>Aliud</strong></span> <span class='ocrx_word' id='word_1_199' title='bbox 1072 1115 1105 1141; x_wconf 87' lang='lat'><strong>“.</strong></span> 
     </span>
    </p>
   </div>
   <div class='ocr_carea' id='block_1_34' title="bbox 369 1159 1217 1198">
    <p class='ocr_par' dir='ltr' id='par_1_34' title="bbox 369 1159 1217 1198">
     <span class='ocr_line' id='line_1_34' title="bbox 369 1159 1217 1198; baseline 0.002 -10"><span class='ocrx_word' id='word_1_200' title='bbox 369 1159 511 1198; x_wconf 75' lang='lat' dir='ltr'><strong>Juyenem,</strong></span> <span class='ocrx_word' id='word_1_201' title='bbox 528 1163 639 1191; x_wconf 87' lang='lat' dir='ltr'><strong>Christo</strong></span> <span class='ocrx_word' id='word_1_202' title='bbox 655 1166 902 1198; x_wconf 20' lang='lat' dir='ltr'><strong>autemimagnum,</strong></span> <span class='ocrx_word' id='word_1_203' title='bbox 924 1171 1073 1198; x_wconf 86' lang='lat' dir='ltr'><strong>senemque</strong></span> <span class='ocrx_word' id='word_1_204' title='bbox 1088 1163 1217 1196; x_wconf 86' lang='lat' dir='ltr'><strong>consilio,</strong></span> 
     </span>
    </p>
   </div>
   <div class='ocr_carea' id='block_1_35' title="bbox 406 1196 1064 1233">
    <p class='ocr_par' dir='ltr' id='par_1_35' title="bbox 406 1196 1064 1233">
     <span class='ocr_line' id='line_1_35' title="bbox 406 1196 1064 1233; baseline 0.002 -9"><span class='ocrx_word' id='word_1_205' title='bbox 406 1196 494 1224; x_wconf 90' lang='lat' dir='ltr'><strong>Locus</strong></span> <span class='ocrx_word' id='word_1_206' title='bbox 510 1198 554 1225; x_wconf 92' lang='lat' dir='ltr'><strong>hic</strong></span> <span class='ocrx_word' id='word_1_207' title='bbox 571 1203 734 1233; x_wconf 82' lang='lat' dir='ltr'><strong>martyrum,</strong></span> <span class='ocrx_word' id='word_1_208' title='bbox 751 1196 906 1225; x_wconf 66' lang='lat' dir='ltr'><strong>Ilelladium</strong></span> <span class='ocrx_word' id='word_1_209' title='bbox 925 1196 1064 1226; x_wconf 79' lang='lat' dir='ltr'><strong>contineo.</strong></span> 
     </span>
    </p>
   </div>
   <div class='ocr_carea' id='block_1_36' title="bbox 370 1230 1278 1268">
    <p class='ocr_par' dir='ltr' id='par_1_36' title="bbox 370 1230 1278 1268">
     <span class='ocr_line' id='line_1_36' title="bbox 370 1230 1278 1268; baseline 0.001 -9"><span class='ocrx_word' id='word_1_210' title='bbox 370 1230 426 1268; x_wconf 65' lang='lat' dir='ltr'><strong>Nec</strong></span> <span class='ocrx_word' id='word_1_211' title='bbox 446 1230 653 1268; x_wconf 50' lang='lat' dir='ltr'><strong>indignandum:</strong></span> <span class='ocrx_word' id='word_1_212' title='bbox 671 1233 727 1260; x_wconf 92' lang='lat' dir='ltr'><strong>Illis</strong></span> <span class='ocrx_word' id='word_1_213' title='bbox 745 1233 819 1260; x_wconf 90' lang='lat' dir='ltr'><strong>enim</strong></span> <span class='ocrx_word' id='word_1_214' title='bbox 835 1233 953 1261; x_wconf 86' lang='lat' dir='ltr'><strong>similem</strong></span> <span class='ocrx_word' id='word_1_215' title='bbox 978 1233 1103 1261; x_wconf 76' lang='lat' dir='ltr'><strong>dolorem</strong></span> <span class='ocrx_word' id='word_1_216' title='bbox 1126 1233 1278 1266; x_wconf 85' lang='lat' dir='ltr'><strong>sustinuit,</strong></span> 
     </span>
    </p>
   </div>
   <div class='ocr_carea' id='block_1_37' title="bbox 405 1266 959 1303">
    <p class='ocr_par' dir='ltr' id='par_1_37' title="bbox 405 1266 959 1303">
     <span class='ocr_line' id='line_1_37' title="bbox 405 1266 959 1303; baseline 0.004 -10"><span class='ocrx_word' id='word_1_217' title='bbox 405 1266 589 1303; x_wconf 66' lang='lat' dir='ltr'><strong>Exstinguens</strong></span> <span class='ocrx_word' id='word_1_218' title='bbox 608 1268 713 1295; x_wconf 90' lang='lat' dir='ltr'><strong>inimici</strong></span> <span class='ocrx_word' id='word_1_219' title='bbox 728 1268 813 1296; x_wconf 85' lang='lat' dir='ltr'><strong>invidi</strong></span> <span class='ocrx_word' id='word_1_220' title='bbox 827 1275 959 1303; x_wconf 75' lang='lat' dir='ltr'><strong>pugnam.</strong></span> 
     </span>
    </p>
   </div>
   <div class='ocr_carea' id='block_1_38' title="bbox 816 1316 1104 1345">
    <p class='ocr_par' dir='ltr' id='par_1_38' title="bbox 816 1316 1104 1345">
     <span class='ocr_line' id='line_1_38' title="bbox 816 1316 1104 1345; baseline 0 -1"><span class='ocrx_word' id='word_1_221' title='bbox 816 1316 938 1345; x_wconf 85' lang='lat' dir='ltr'><strong>XXXIX.</strong></span> <span class='ocrx_word' id='word_1_222' title='bbox 968 1317 1046 1344; x_wconf 70' lang='lat' dir='ltr'><strong>Aliud</strong></span> <span class='ocrx_word' id='word_1_223' title='bbox 1059 1318 1104 1345; x_wconf 82' lang='grc'><strong>“”⁶.</strong></span> 
     </span>
    </p>
   </div>
   <div class='ocr_carea' id='block_1_39' title="bbox 371 1363 1250 1400">
    <p class='ocr_par' dir='ltr' id='par_1_39' title="bbox 371 1363 1250 1400">
     <span class='ocr_line' id='line_1_39' title="bbox 371 1363 1250 1400; baseline 0.002 -9"><span class='ocrx_word' id='word_1_224' title='bbox 371 1363 469 1391; x_wconf 88' lang='lat' dir='ltr'><strong>Parum</strong></span> <span class='ocrx_word' id='word_1_225' title='bbox 484 1365 593 1400; x_wconf 85' lang='lat' dir='ltr'><strong>quidem</strong></span> <span class='ocrx_word' id='word_1_226' title='bbox 614 1365 725 1400; x_wconf 83' lang='lat' dir='ltr'><strong>spirasti</strong></span> <span class='ocrx_word' id='word_1_227' title='bbox 745 1373 829 1398; x_wconf 83' lang='lat' dir='ltr'><strong>super</strong></span> <span class='ocrx_word' id='word_1_228' title='bbox 843 1370 945 1393; x_wconf 87' lang='lat' dir='ltr'><strong>terram</strong></span> <span class='ocrx_word' id='word_1_229' title='bbox 959 1365 1054 1393; x_wconf 81' lang='lat' dir='ltr'><strong>carnis</strong></span> <span class='ocrx_word' id='word_1_230' title='bbox 1071 1365 1250 1400; x_wconf 84' lang='lat' dir='ltr'><strong>necessitate,</strong></span> 
     </span>
    </p>
   </div>
   <div class='ocr_carea' id='block_1_40' title="bbox 407 1399 1072 1433">
    <p class='ocr_par' dir='ltr' id='par_1_40' title="bbox 407 1399 1072 1433">
     <span class='ocr_line' id='line_1_40' title="bbox 407 1399 1072 1433; baseline 0.003 -7"><span class='ocrx_word' id='word_1_231' title='bbox 407 1399 539 1433; x_wconf 75' lang='lat' dir='ltr'><strong>Maiorem</strong></span> <span class='ocrx_word' id='word_1_232' title='bbox 554 1399 698 1427; x_wconf 33' lang='lat' dir='ltr'><strong>vcro’vita:</strong></span> <span class='ocrx_word' id='word_1_233' title='bbox 716 1401 743 1427; x_wconf 94' lang='lat' dir='ltr'><strong>in</strong></span> <span class='ocrx_word' id='word_1_234' title='bbox 759 1401 837 1428; x_wconf 76' lang='lat' dir='ltr'><strong>cmlis</strong></span> <span class='ocrx_word' id='word_1_235' title='bbox 853 1404 957 1428; x_wconf 81' lang='lat' dir='ltr'><strong>sortem</strong></span> <span class='ocrx_word' id='word_1_236' title='bbox 975 1401 1072 1433; x_wconf 82' lang='lat' dir='ltr'><strong>habes,</strong></span> 
     </span>
    </p>
   </div>
   <div class='ocr_carea' id='block_1_41' title="bbox 372 1434 1193 1471">
    <p class='ocr_par' dir='ltr' id='par_1_41' title="bbox 372 1434 1193 1471">
     <span class='ocr_line' id='line_1_41' title="bbox 372 1434 1193 1471; baseline 0.001 -9"><span class='ocrx_word' id='word_1_237' title='bbox 372 1434 485 1471; x_wconf 73' lang='lat' dir='ltr'><strong>Helladi.</strong></span> <span class='ocrx_word' id='word_1_238' title='bbox 502 1436 603 1462; x_wconf 84' lang='lat' dir='ltr'><strong>Christi</strong></span> <span class='ocrx_word' id='word_1_239' title='bbox 617 1443 744 1471; x_wconf 75' lang='lat' dir='ltr'><strong>magunum</strong></span> <span class='ocrx_word' id='word_1_240' title='bbox 761 1437 864 1468; x_wconf 82' lang='lat' dir='ltr'><strong>decus;</strong></span> <span class='ocrx_word' id='word_1_241' title='bbox 879 1436 952 1470; x_wconf 88' lang='lat' dir='ltr'><strong>quod</strong></span> <span class='ocrx_word' id='word_1_242' title='bbox 965 1443 1030 1463; x_wconf 87' lang='lat' dir='ltr'><strong>vero</strong></span> <span class='ocrx_word' id='word_1_243' title='bbox 1046 1435 1193 1463; x_wconf 87' lang='lat' dir='ltr'><strong>celerrime</strong></span> 
     </span>
    </p>
   </div>
   <div class='ocr_carea' id='block_1_42' title="bbox 406 1468 1088 1506">
    <p class='ocr_par' dir='ltr' id='par_1_42' title="bbox 406 1468 1088 1506">
     <span class='ocr_line' id='line_1_42' title="bbox 406 1468 1088 1506; baseline 0 -9"><span class='ocrx_word' id='word_1_244' title='bbox 406 1468 532 1498; x_wconf 81' lang='lat' dir='ltr'><strong>Vinculis</strong></span> <span class='ocrx_word' id='word_1_245' title='bbox 547 1471 654 1498; x_wconf 84' lang='lat' dir='ltr'><strong>solutus</strong></span> <span class='ocrx_word' id='word_1_246' title='bbox 664 1468 709 1504; x_wconf 63' lang='lat' dir='ltr'><strong>cs,</strong></span> <span class='ocrx_word' id='word_1_247' title='bbox 723 1471 775 1498; x_wconf 86' lang='lat' dir='ltr'><strong>hoc</strong></span> <span class='ocrx_word' id='word_1_248' title='bbox 792 1468 934 1506; x_wconf 64' lang='lat' dir='ltr'><strong>praemium</strong></span> <span class='ocrx_word' id='word_1_249' title='bbox 951 1471 1088 1498; x_wconf 86' lang='lat' dir='ltr'><strong>laborum.</strong></span> 
     </span>
    </p>
   </div>
   <div class='ocr_carea' id='block_1_43' title="bbox 758 1521 1153 1550">
    <p class='ocr_par' dir='ltr' id='par_1_43' title="bbox 758 1521 1153 1550">
     <span class='ocr_line' id='line_1_43' title="bbox 758 1521 1153 1550; baseline 0.003 -1"><span class='ocrx_word' id='word_1_250' title='bbox 758 1521 814 1549; x_wconf 83' lang='lat' dir='ltr'><strong>XL.</strong></span> <span class='ocrx_word' id='word_1_251' title='bbox 837 1522 871 1549; x_wconf 87' lang='lat' dir='ltr'><strong>In</strong></span> <span class='ocrx_word' id='word_1_252' title='bbox 890 1521 1087 1549; x_wconf 81' lang='lat' dir='ltr'><strong>Martinianum</strong></span> <span class='ocrx_word' id='word_1_253' title='bbox 1099 1523 1153 1550; x_wconf 84' lang='lat'><strong>“&quot;.</strong></span> 
     </span>
    </p>
   </div>
   <div class='ocr_carea' id='block_1_44' title="bbox 374 1567 1117 1602">
    <p class='ocr_par' dir='ltr' id='par_1_44' title="bbox 374 1567 1117 1602">
     <span class='ocr_line' id='line_1_44' title="bbox 374 1567 1117 1602; baseline 0 -7"><span class='ocrx_word' id='word_1_254' title='bbox 374 1567 402 1595; x_wconf 88' lang='lat' dir='ltr'><strong>Si</strong></span> <span class='ocrx_word' id='word_1_255' title='bbox 421 1568 482 1602; x_wconf 83' lang='lat' dir='ltr'><strong>quis</strong></span> <span class='ocrx_word' id='word_1_256' title='bbox 497 1568 630 1596; x_wconf 82' lang='lat' dir='ltr'><strong>Tantalus</strong></span> <span class='ocrx_word' id='word_1_257' title='bbox 644 1572 686 1596; x_wconf 87' lang='lat' dir='ltr'><strong>est</strong></span> <span class='ocrx_word' id='word_1_258' title='bbox 699 1569 771 1595; x_wconf 87' lang='lat' dir='ltr'><strong>inter</strong></span> <span class='ocrx_word' id='word_1_259' title='bbox 786 1568 885 1595; x_wconf 84' lang='lat' dir='ltr'><strong>inﬁdas</strong></span> <span class='ocrx_word' id='word_1_260' title='bbox 901 1568 999 1595; x_wconf 84' lang='lat' dir='ltr'><strong>sitiens</strong></span> <span class='ocrx_word' id='word_1_261' title='bbox 1020 1575 1117 1602; x_wconf 86' lang='lat' dir='ltr'><strong>aquas,</strong></span> 
     </span>
    </p>
   </div>
   <div class='ocr_carea' id='block_1_45' title="bbox 410 1603 1118 1639">
    <p class='ocr_par' dir='ltr' id='par_1_45' title="bbox 410 1603 1118 1639">
     <span class='ocr_line' id='line_1_45' title="bbox 410 1603 1118 1639; baseline -0.001 -8"><span class='ocrx_word' id='word_1_262' title='bbox 410 1604 439 1631; x_wconf 81' lang='lat' dir='ltr'><strong>Si</strong></span> <span class='ocrx_word' id='word_1_263' title='bbox 453 1604 516 1639; x_wconf 86' lang='lat' dir='ltr'><strong>quis</strong></span> <span class='ocrx_word' id='word_1_264' title='bbox 533 1604 680 1631; x_wconf 87' lang='lat' dir='ltr'><strong>imminens</strong></span> <span class='ocrx_word' id='word_1_265' title='bbox 697 1603 779 1639; x_wconf 78' lang='lat' dir='ltr'><strong>capiti</strong></span> <span class='ocrx_word' id='word_1_266' title='bbox 793 1603 863 1639; x_wconf 88' lang='lat' dir='ltr'><strong>lapis</strong></span> <span class='ocrx_word' id='word_1_267' title='bbox 877 1611 986 1638; x_wconf 87' lang='lat' dir='ltr'><strong>semper</strong></span> <span class='ocrx_word' id='word_1_268' title='bbox 1000 1608 1118 1637; x_wconf 81' lang='lat' dir='ltr'><strong>terrens,</strong></span> 
     </span>
    </p>
   </div>
   <div class='ocr_carea' id='block_1_46' title="bbox 153 1666 1745 1718">
    <p class='ocr_par' dir='ltr' id='par_1_46' title="bbox 153 1666 1745 1718">
     <span class='ocr_line' id='line_1_46' title="bbox 153 1666 1745 1718; baseline 0.001 -9"><span class='ocrx_word' id='word_1_269' title='bbox 153 1682 162 1718; x_wconf 59' lang='grc' dir='ltr'><em>ξ</em></span> <span class='ocrx_word' id='word_1_270' title='bbox 175 1681 314 1718; x_wconf 83' lang='lat' dir='ltr'><strong>Scriptum</strong></span> <span class='ocrx_word' id='word_1_271' title='bbox 328 1689 373 1718; x_wconf 69' lang='lat' dir='ltr'><strong>an.</strong></span> <span class='ocrx_word' id='word_1_272' title='bbox 387 1681 449 1708; x_wconf 80' lang='lat' dir='ltr'><strong>57L</strong></span> <span class='ocrx_word' id='word_1_273' title='bbox 463 1681 586 1718; x_wconf 34' lang='lat' dir='ltr'><strong>—”Alias</strong></span> <span class='ocrx_word' id='word_1_274' title='bbox 599 1666 736 1718; x_wconf 57' lang='lat' dir='ltr'><strong>Murator:</strong></span> <span class='ocrx_word' id='word_1_275' title='bbox 746 1681 791 1708; x_wconf 71' lang='grc'><strong>47.</strong></span> <span class='ocrx_word' id='word_1_276' title='bbox 832 1680 1009 1718; x_wconf 50' lang='lat' dir='ltr'><strong>:Scriptum</strong></span> <span class='ocrx_word' id='word_1_277' title='bbox 1025 1689 1069 1718; x_wconf 84' lang='lat' dir='ltr'><strong>an.</strong></span> <span class='ocrx_word' id='word_1_278' title='bbox 1077 1681 1134 1718; x_wconf 22' lang='lat'><strong>7571</strong></span> <span class='ocrx_word' id='word_1_279' title='bbox 1151 1696 1187 1701; x_wconf 93' lang='lat'><strong>—-</strong></span> <span class='ocrx_word' id='word_1_280' title='bbox 1197 1680 1274 1718; x_wconf 55' lang='lat' dir='ltr'><strong>Alias</strong></span> <span class='ocrx_word' id='word_1_281' title='bbox 1286 1680 1417 1708; x_wconf 83' lang='lat' dir='ltr'><strong>Murator.</strong></span> <span class='ocrx_word' id='word_1_282' title='bbox 1432 1681 1477 1709; x_wconf 71' lang='lat'><strong>48.</strong></span> <span class='ocrx_word' id='word_1_283' title='bbox 1499 1682 1530 1693; x_wconf 80' lang='lat'>&quot;‘</span> <span class='ocrx_word' id='word_1_284' title='bbox 1548 1680 1684 1718; x_wconf 87' lang='lat' dir='ltr'><strong>Scriptum</strong></span> <span class='ocrx_word' id='word_1_285' title='bbox 1700 1689 1745 1710; x_wconf 83' lang='lat' dir='ltr'><strong>an.</strong></span> 
     </span>
    </p>
   </div>
   <div class='ocr_carea' id='block_1_47' title="bbox 125 1716 530 1745">
    <p class='ocr_par' dir='ltr' id='par_1_47' title="bbox 125 1716 530 1745">
     <span class='ocr_line' id='line_1_47' title="bbox 125 1716 530 1745; baseline 0.005 -2"><span class='ocrx_word' id='word_1_286' title='bbox 125 1717 185 1744; x_wconf 73' lang='lat'><strong>5&#39;“.</strong></span> <span class='ocrx_word' id='word_1_287' title='bbox 197 1716 327 1745; x_wconf 27' lang='lat' dir='ltr'><strong>—’A|ias</strong></span> <span class='ocrx_word' id='word_1_288' title='bbox 340 1716 471 1744; x_wconf 85' lang='lat' dir='ltr'><strong>Murator.</strong></span> <span class='ocrx_word' id='word_1_289' title='bbox 484 1717 530 1745; x_wconf 67' lang='lat'><strong>49.</strong></span> 
     </span>
    </p>
   </div>
   <div class='ocr_carea' id='block_1_48' title="bbox 160 1793 911 1829">
    <p class='ocr_par' dir='ltr' id='par_1_48' title="bbox 160 1793 911 1829">
     <span class='ocr_line' id='line_1_48' title="bbox 160 1793 911 1829; baseline -0.001 -8"><span class='ocrx_word' id='word_1_290' title='bbox 160 1793 178 1821; x_wconf 84' lang='lat'><strong>9</strong></span> <span class='ocrx_word' id='word_1_291' title='bbox 199 1793 347 1829; x_wconf 59' lang='lat' dir='ltr'><strong>&#39;ArspOsr.</strong></span> <span class='ocrx_word' id='word_1_292' title='bbox 370 1793 487 1826; x_wconf 64' lang='lat' dir='ltr'><strong>Gratiae,</strong></span> <span class='ocrx_word' id='word_1_293' title='bbox 508 1797 539 1821; x_wconf 80' lang='lat' dir='ltr'><strong>ut</strong></span> <span class='ocrx_word' id='word_1_294' title='bbox 557 1795 648 1829; x_wconf 81' lang='lat' dir='ltr'><strong>placet</strong></span> <span class='ocrx_word' id='word_1_295' title='bbox 671 1793 840 1826; x_wconf 84' lang='lat' dir='ltr'><strong>Muratorio,</strong></span> <span class='ocrx_word' id='word_1_296' title='bbox 866 1793 911 1820; x_wconf 88' lang='lat' dir='ltr'><strong>vel</strong></span> 
     </span>
    </p>
   </div>
   <div class='ocr_carea' id='block_1_49' title="bbox 126 1828 910 1890">
    <p class='ocr_par' dir='ltr' id='par_1_49' title="bbox 126 1828 910 1890">
     <span class='ocr_line' id='line_1_49' title="bbox 126 1828 910 1890; baseline 0 -35"><span class='ocrx_word' id='word_1_297' title='bbox 126 1829 224 1890; x_wconf 40' lang='lat' dir='ltr'><strong>[mlius</strong></span> <span class='ocrx_word' id='word_1_298' title='bbox 244 1828 413 1864; x_wconf 83' lang='lat' dir='ltr'><strong>Euphemius</strong></span> <span class='ocrx_word' id='word_1_299' title='bbox 436 1834 463 1857; x_wconf 87' lang='lat' dir='ltr'><strong>et</strong></span> <span class='ocrx_word' id='word_1_300' title='bbox 482 1828 575 1863; x_wconf 76' lang='lat' dir='ltr'><strong>locus,</strong></span> <span class='ocrx_word' id='word_1_301' title='bbox 597 1830 642 1857; x_wconf 90' lang='lat' dir='ltr'><strong>cui</strong></span> <span class='ocrx_word' id='word_1_302' title='bbox 666 1829 786 1857; x_wconf 90' lang='lat' dir='ltr'><strong>moriens</strong></span> <span class='ocrx_word' id='word_1_303' title='bbox 809 1836 910 1856; x_wconf 87' lang='lat' dir='ltr'><strong>nomen</strong></span> 
     </span>
     <span class='ocr_line' id='line_1_50' title="bbox 128 1868 248 1890; baseline 0 0"><span class='ocrx_word' id='word_1_304' title='bbox 128 1872 156 1890; x_wconf 88' lang='lat' dir='ltr'><strong>re</strong></span> <span class='ocrx_word' id='word_1_305' title='bbox 169 1868 248 1890; x_wconf 85' lang='lat' dir='ltr'><strong>Inutt.</strong></span> 
     </span>
    </p>
   </div>
   <div class='ocr_carea' id='block_1_50' title="bbox 128 1864 248 1898">
    <p class='ocr_par' dir='ltr' id='par_1_50' title="bbox 128 1864 248 1898">
     <span class='ocr_line' id='line_1_51' title="bbox 128 1864 248 1898; baseline 0.008 -8"><span class='ocrx_word' id='word_1_306' title='bbox 128 1864 248 1898; x_wconf 77' lang='lat' dir='ltr'><strong>reliquit.</strong></span> 
     </span>
    </p>
   </div>
   <div class='ocr_carea' id='block_1_51' title="bbox 162 1893 911 1932">
    <p class='ocr_par' dir='ltr' id='par_1_51' title="bbox 162 1893 911 1932">
     <span class='ocr_line' id='line_1_52' title="bbox 162 1893 911 1932; baseline 0 -7"><span class='ocrx_word' id='word_1_307' title='bbox 162 1893 293 1926; x_wconf 83' lang='lat' dir='ltr'><strong>XXXVII.</strong></span> <span class='ocrx_word' id='word_1_308' title='bbox 319 1897 382 1925; x_wconf 87' lang='grc' dir='ltr'><strong>Τιτ.</strong></span> <span class='ocrx_word' id='word_1_309' title='bbox 403 1900 455 1932; x_wconf 69' lang='grc' dir='ltr'><strong>Εἰς</strong></span> <span class='ocrx_word' id='word_1_310' title='bbox 474 1899 636 1927; x_wconf 77' lang='grc' dir='ltr'>Ἐλλάδιον.</span> <span class='ocrx_word' id='word_1_311' title='bbox 661 1899 791 1932; x_wconf 81' lang='lat' dir='ltr'><strong>Quamvis</strong></span> <span class='ocrx_word' id='word_1_312' title='bbox 813 1898 911 1926; x_wconf 86' lang='lat' dir='ltr'><strong>Billius</strong></span> 
     </span>
    </p>
   </div>
   <div class='ocr_carea' id='block_1_52' title="bbox 127 1933 912 1969">
    <p class='ocr_par' dir='ltr' id='par_1_52' title="bbox 127 1933 912 1969">
     <span class='ocr_line' id='line_1_53' title="bbox 127 1933 912 1969; baseline -0.001 -8"><span class='ocrx_word' id='word_1_313' title='bbox 127 1934 154 1961; x_wconf 91' lang='lat' dir='ltr'><strong>in</strong></span> <span class='ocrx_word' id='word_1_314' title='bbox 171 1935 249 1969; x_wconf 76' lang='lat' dir='ltr'><strong>notis</strong></span> <span class='ocrx_word' id='word_1_315' title='bbox 262 1933 294 1960; x_wconf 85' lang='lat' dir='ltr'><strong>ad</strong></span> <span class='ocrx_word' id='word_1_316' title='bbox 310 1933 438 1961; x_wconf 78' lang='lat' dir='ltr'><strong>Carmina</strong></span> <span class='ocrx_word' id='word_1_317' title='bbox 454 1933 573 1969; x_wconf 82' lang='lat' dir='ltr'><strong>Gregorii</strong></span> <span class='ocrx_word' id='word_1_318' title='bbox 596 1941 657 1969; x_wconf 61' lang='lat' dir='ltr'><strong>qua;</strong></span> <span class='ocrx_word' id='word_1_319' title='bbox 672 1934 768 1965; x_wconf 84' lang='lat' dir='ltr'><strong>edidit,</strong></span> <span class='ocrx_word' id='word_1_320' title='bbox 786 1941 840 1969; x_wconf 83' lang='lat' dir='ltr'><strong>non</strong></span> <span class='ocrx_word' id='word_1_321' title='bbox 856 1934 912 1960; x_wconf 92' lang='lat' dir='ltr'><strong>nisi</strong></span> 
     </span>
    </p>
   </div>
   <div class='ocr_carea' id='block_1_53' title="bbox 127 1968 911 2004">
    <p class='ocr_par' dir='ltr' id='par_1_53' title="bbox 127 1968 911 2004">
     <span class='ocr_line' id='line_1_54' title="bbox 127 1968 911 2004; baseline -0.001 -8"><span class='ocrx_word' id='word_1_322' title='bbox 127 1977 211 1996; x_wconf 93' lang='lat' dir='ltr'><strong>unum</strong></span> <span class='ocrx_word' id='word_1_323' title='bbox 228 1968 380 1996; x_wconf 87' lang='lat' dir='ltr'><strong>Helladium</strong></span> <span class='ocrx_word' id='word_1_324' title='bbox 397 1968 538 2004; x_wconf 72' lang='lat' dir='ltr'><strong>agnoscat,</strong></span> <span class='ocrx_word' id='word_1_325' title='bbox 551 1968 621 1997; x_wconf 82' lang='lat' dir='ltr'><strong>alius</strong></span> <span class='ocrx_word' id='word_1_326' title='bbox 638 1969 661 1996; x_wconf 87' lang='lat' dir='ltr'><strong>is</strong></span> <span class='ocrx_word' id='word_1_327' title='bbox 681 1973 756 1996; x_wconf 88' lang='lat' dir='ltr'><strong>certe</strong></span> <span class='ocrx_word' id='word_1_328' title='bbox 768 1969 802 1995; x_wconf 87' lang='lat' dir='ltr'><strong>ab</strong></span> <span class='ocrx_word' id='word_1_329' title='bbox 819 1968 911 1995; x_wconf 88' lang='lat' dir='ltr'><strong>Hella-</strong></span> 
     </span>
    </p>
   </div>
   <div class='ocr_carea' id='block_1_54' title="bbox 127 2003 910 2038">
    <p class='ocr_par' dir='ltr' id='par_1_54' title="bbox 127 2003 910 2038">
     <span class='ocr_line' id='line_1_55' title="bbox 127 2003 910 2038; baseline -0.001 -7"><span class='ocrx_word' id='word_1_330' title='bbox 127 2005 172 2031; x_wconf 90' lang='lat' dir='ltr'><strong>dio</strong></span> <span class='ocrx_word' id='word_1_331' title='bbox 190 2004 283 2031; x_wconf 84' lang='lat' dir='ltr'><strong>Basilii</strong></span> <span class='ocrx_word' id='word_1_332' title='bbox 305 2005 396 2038; x_wconf 74' lang='lat' dir='ltr'><strong>magni</strong></span> <span class='ocrx_word' id='word_1_333' title='bbox 419 2003 599 2032; x_wconf 83' lang='lat' dir='ltr'><strong>successore:</strong></span> <span class='ocrx_word' id='word_1_334' title='bbox 615 2005 694 2036; x_wconf 84' lang='lat' dir='ltr'><strong>alius,</strong></span> <span class='ocrx_word' id='word_1_335' title='bbox 719 2005 842 2038; x_wconf 85' lang='lat' dir='ltr'><strong>inquam,</strong></span> <span class='ocrx_word' id='word_1_336' title='bbox 859 2003 910 2031; x_wconf 88' lang='lat' dir='ltr'><strong>iste</strong></span> 
     </span>
    </p>
   </div>
   <div class='ocr_carea' id='block_1_55' title="bbox 126 2038 910 2074">
    <p class='ocr_par' dir='ltr' id='par_1_55' title="bbox 126 2038 910 2074">
     <span class='ocr_line' id='line_1_56' title="bbox 126 2038 910 2074; baseline -0.001 -8"><span class='ocrx_word' id='word_1_337' title='bbox 126 2044 177 2070; x_wconf 86' lang='lat' dir='ltr'><strong>est,</strong></span> <span class='ocrx_word' id='word_1_338' title='bbox 195 2038 415 2074; x_wconf 87' lang='lat' dir='ltr'><strong>quandoquidem</strong></span> <span class='ocrx_word' id='word_1_339' title='bbox 435 2040 578 2074; x_wconf 87' lang='lat' dir='ltr'><strong>episcopus</strong></span> <span class='ocrx_word' id='word_1_340' title='bbox 603 2039 688 2066; x_wconf 81' lang='lat' dir='ltr'><strong>fuisse</strong></span> <span class='ocrx_word' id='word_1_341' title='bbox 709 2046 847 2073; x_wconf 84' lang='lat' dir='ltr'><strong>nunquam</strong></span> <span class='ocrx_word' id='word_1_342' title='bbox 871 2039 910 2065; x_wconf 87' lang='lat' dir='ltr'><strong>le-</strong></span> 
     </span>
    </p>
   </div>
   <div class='ocr_carea' id='block_1_56' title="bbox 125 2074 907 2108">
    <p class='ocr_par' dir='ltr' id='par_1_56' title="bbox 125 2074 907 2108">
     <span class='ocr_line' id='line_1_57' title="bbox 125 2074 907 2108; baseline 0 -8"><span class='ocrx_word' id='word_1_343' title='bbox 125 2075 210 2108; x_wconf 78' lang='lat' dir='ltr'><strong>gitur,</strong></span> <span class='ocrx_word' id='word_1_344' title='bbox 229 2074 410 2108; x_wconf 82' lang='lat' dir='ltr'><strong>imo.juvenis</strong></span> <span class='ocrx_word' id='word_1_345' title='bbox 425 2075 503 2101; x_wconf 89' lang='lat' dir='ltr'><strong>obiit.</strong></span> <span class='ocrx_word' id='word_1_346' title='bbox 517 2074 595 2107; x_wconf 83' lang='lat' dir='ltr'><strong>Quod</strong></span> <span class='ocrx_word' id='word_1_347' title='bbox 609 2074 642 2100; x_wconf 88' lang='lat' dir='ltr'><strong>ad</strong></span> <span class='ocrx_word' id='word_1_348' title='bbox 655 2074 788 2100; x_wconf 82' lang='lat' dir='ltr'><strong>Eulaliutn</strong></span> <span class='ocrx_word' id='word_1_349' title='bbox 801 2075 907 2106; x_wconf 88' lang='lat' dir='ltr'><strong>attinet,</strong></span> 
     </span>
    </p>
   </div>
   <div class='ocr_carea' id='block_1_57' title="bbox 126 2109 910 2144">
    <p class='ocr_par' dir='ltr' id='par_1_57' title="bbox 126 2109 910 2144">
     <span class='ocr_line' id='line_1_58' title="bbox 126 2109 910 2144; baseline -0.001 -9"><span class='ocrx_word' id='word_1_350' title='bbox 126 2110 243 2144; x_wconf 91' lang='lat' dir='ltr'><strong>primum</strong></span> <span class='ocrx_word' id='word_1_351' title='bbox 259 2110 320 2136; x_wconf 62' lang='lat' dir='ltr'><strong>vitae</strong></span> <span class='ocrx_word' id='word_1_352' title='bbox 333 2109 491 2136; x_wconf 70' lang='lat' dir='ltr'><strong>monasticae</strong></span> <span class='ocrx_word' id='word_1_353' title='bbox 502 2110 655 2136; x_wconf 87' lang='lat' dir='ltr'><strong>institutum</strong></span> <span class='ocrx_word' id='word_1_354' title='bbox 671 2113 802 2139; x_wconf 83' lang='lat' dir='ltr'><strong>sectatus,</strong></span> <span class='ocrx_word' id='word_1_355' title='bbox 812 2109 910 2144; x_wconf 76' lang='lat' dir='ltr'><strong>deinde</strong></span> 
     </span>
    </p>
   </div>
   <div class='ocr_carea' id='block_1_58' title="bbox 126 2143 910 2176">
    <p class='ocr_par' dir='ltr' id='par_1_58' title="bbox 126 2143 910 2176">
     <span class='ocr_line' id='line_1_59' title="bbox 126 2143 910 2176; baseline 0 -6"><span class='ocrx_word' id='word_1_356' title='bbox 126 2149 154 2170; x_wconf 90' lang='lat' dir='ltr'><strong>ut</strong></span> <span class='ocrx_word' id='word_1_357' title='bbox 166 2144 316 2171; x_wconf 86' lang='lat' dir='ltr'><strong>verisimile</strong></span> <span class='ocrx_word' id='word_1_358' title='bbox 329 2147 382 2176; x_wconf 87' lang='lat' dir='ltr'><strong>est,</strong></span> <span class='ocrx_word' id='word_1_359' title='bbox 397 2144 527 2172; x_wconf 60' lang='lat' dir='ltr'><strong>Ecclesia:</strong></span> <span class='ocrx_word' id='word_1_360' title='bbox 547 2144 738 2176; x_wconf 73' lang='lat' dir='ltr'><strong>Nazianzcnze,</strong></span> <span class='ocrx_word' id='word_1_361' title='bbox 757 2151 823 2171; x_wconf 82' lang='lat' dir='ltr'><strong>cura</strong></span> <span class='ocrx_word' id='word_1_362' title='bbox 841 2143 910 2170; x_wconf 86' lang='lat' dir='ltr'><strong>Gre-</strong></span> 
     </span>
    </p>
   </div>
   <div class='ocr_carea' id='block_1_59' title="bbox 125 2178 431 2214">
    <p class='ocr_par' dir='ltr' id='par_1_59' title="bbox 125 2178 431 2214">
     <span class='ocr_line' id='line_1_60' title="bbox 125 2178 431 2214; baseline 0 -10"><span class='ocrx_word' id='word_1_363' title='bbox 125 2178 204 2214; x_wconf 76' lang='lat' dir='ltr'><strong>gorii,</strong></span> <span class='ocrx_word' id='word_1_364' title='bbox 219 2178 364 2214; x_wconf 59' lang='lat' dir='ltr'><strong>pgel&#39;ectus</strong></span> <span class='ocrx_word' id='word_1_365' title='bbox 378 2182 431 2205; x_wconf 89' lang='lat' dir='ltr'><strong>est.</strong></span> 
     </span>
    </p>
   </div>
   <div class='ocr_carea' id='block_1_60' title="bbox 159 2212 910 2247">
    <p class='ocr_par' dir='ltr' id='par_1_60' title="bbox 159 2212 910 2247">
     <span class='ocr_line' id='line_1_61' title="bbox 159 2212 910 2247; baseline 0.001 -7"><span class='ocrx_word' id='word_1_366' title='bbox 159 2212 295 2241; x_wconf 60' lang='lat' dir='ltr'><strong>XL.”I‘|1&#39;.</strong></span> <span class='ocrx_word' id='word_1_367' title='bbox 309 2214 360 2246; x_wconf 76' lang='grc' dir='ltr'><strong>Εἰς</strong></span> <span class='ocrx_word' id='word_1_368' title='bbox 375 2215 585 2247; x_wconf 81' lang='grc' dir='ltr'><strong>Μαρτινιανόν.</strong></span> <span class='ocrx_word' id='word_1_369' title='bbox 601 2212 668 2241; x_wconf 85' lang='lat' dir='ltr'><strong>Gens</strong></span> <span class='ocrx_word' id='word_1_370' title='bbox 683 2213 910 2241; x_wconf 79' lang='lat' dir='ltr'><strong>Martinianorum</strong></span> 
     </span>
    </p>
   </div>
   <div class='ocr_carea' id='block_1_61' title="bbox 567 1716 1234 1752">
    <p class='ocr_par' dir='ltr' id='par_1_61' title="bbox 567 1716 1234 1752">
     <span class='ocr_line' id='line_1_62' title="bbox 567 1716 1234 1752; baseline -0.003 -7"><span class='ocrx_word' id='word_1_371' title='bbox 627 1716 765 1752; x_wconf 85' lang='lat' dir='ltr'><strong>Scriptum</strong></span> <span class='ocrx_word' id='word_1_372' title='bbox 780 1724 826 1743; x_wconf 90' lang='lat' dir='ltr'><strong>an.</strong></span> <span class='ocrx_word' id='word_1_373' title='bbox 838 1716 901 1744; x_wconf 75' lang='lat'><strong>572.</strong></span> <span class='ocrx_word' id='word_1_374' title='bbox 914 1731 950 1737; x_wconf 95' lang='lat'><strong>—</strong></span> <span class='ocrx_word' id='word_1_375' title='bbox 961 1717 1037 1744; x_wconf 82' lang='lat' dir='ltr'><strong>Alias</strong></span> <span class='ocrx_word' id='word_1_376' title='bbox 1059 1717 1194 1743; x_wconf 89' lang='lat' dir='ltr'><strong>Murator.</strong></span> <span class='ocrx_word' id='word_1_377' title='bbox 1207 1717 1234 1744; x_wconf 78' lang='lat'><strong>5.</strong></span> 
     </span>
    </p>
   </div>
   <div class='ocr_carea' id='block_1_62' title="bbox 961 1792 1748 1830">
    <p class='ocr_par' dir='ltr' id='par_1_62' title="bbox 961 1792 1748 1830">
     <span class='ocr_line' id='line_1_63' title="bbox 961 1792 1748 1830; baseline 0.001 -10"><span class='ocrx_word' id='word_1_378' title='bbox 961 1793 1013 1830; x_wconf 79' lang='lat' dir='ltr'><strong>[uit</strong></span> <span class='ocrx_word' id='word_1_379' title='bbox 1029 1794 1169 1830; x_wconf 4' lang='lat' dir='ltr'><strong>illustris);</strong></span> <span class='ocrx_word' id='word_1_380' title='bbox 1179 1793 1354 1830; x_wconf 78' lang='lat' dir='ltr'><strong>plurimorum</strong></span> <span class='ocrx_word' id='word_1_381' title='bbox 1369 1794 1487 1821; x_wconf 80' lang='lat' dir='ltr'><strong>meminit</strong></span> <span class='ocrx_word' id='word_1_382' title='bbox 1498 1792 1673 1825; x_wconf 81' lang='lat' dir='ltr'><strong>Maratorius,</strong></span> <span class='ocrx_word' id='word_1_383' title='bbox 1689 1795 1748 1830; x_wconf 85' lang='lat' dir='ltr'><strong>qui-</strong></span> 
     </span>
    </p>
   </div>
   <div class='ocr_carea' id='block_1_63' title="bbox 962 1829 1748 1862">
    <p class='ocr_par' dir='ltr' id='par_1_63' title="bbox 962 1829 1748 1862">
     <span class='ocr_line' id='line_1_64' title="bbox 962 1829 1748 1862; baseline 0.001 -7"><span class='ocrx_word' id='word_1_384' title='bbox 962 1829 1010 1856; x_wconf 78' lang='lat' dir='ltr'><strong>bus</strong></span> <span class='ocrx_word' id='word_1_385' title='bbox 1031 1829 1098 1855; x_wconf 85' lang='lat' dir='ltr'><strong>alios</strong></span> <span class='ocrx_word' id='word_1_386' title='bbox 1116 1829 1213 1856; x_wconf 87' lang='lat' dir='ltr'><strong>addere</strong></span> <span class='ocrx_word' id='word_1_387' title='bbox 1225 1829 1304 1862; x_wconf 80' lang='lat' dir='ltr'><strong>facile</strong></span> <span class='ocrx_word' id='word_1_388' title='bbox 1324 1834 1400 1856; x_wconf 81' lang='lat' dir='ltr'><strong>esset.</strong></span> <span class='ocrx_word' id='word_1_389' title='bbox 1419 1829 1484 1862; x_wconf 82' lang='lat' dir='ltr'><strong>Quis</strong></span> <span class='ocrx_word' id='word_1_390' title='bbox 1509 1838 1568 1857; x_wconf 85' lang='lat' dir='ltr'><strong>vero</strong></span> <span class='ocrx_word' id='word_1_391' title='bbox 1592 1830 1636 1856; x_wconf 83' lang='lat' dir='ltr'><strong>ille</strong></span> <span class='ocrx_word' id='word_1_392' title='bbox 1653 1830 1698 1861; x_wconf 80' lang='lat' dir='ltr'><strong>sit.</strong></span> <span class='ocrx_word' id='word_1_393' title='bbox 1714 1830 1748 1856; x_wconf 87' lang='lat' dir='ltr'><strong>ad</strong></span> 
     </span>
    </p>
   </div>
   <div class='ocr_carea' id='block_1_64' title="bbox 962 1864 1749 1899">
    <p class='ocr_par' dir='ltr' id='par_1_64' title="bbox 962 1864 1749 1899">
     <span class='ocr_line' id='line_1_65' title="bbox 962 1864 1749 1899; baseline 0.003 -10"><span class='ocrx_word' id='word_1_394' title='bbox 962 1872 1036 1899; x_wconf 81' lang='lat' dir='ltr'><strong>quem</strong></span> <span class='ocrx_word' id='word_1_395' title='bbox 1047 1865 1196 1898; x_wconf 82' lang='lat' dir='ltr'><strong>pertineant</strong></span> <span class='ocrx_word' id='word_1_396' title='bbox 1208 1864 1352 1899; x_wconf 79' lang='lat' dir='ltr'><strong>epitap/tia,</strong></span> <span class='ocrx_word' id='word_1_397' title='bbox 1362 1873 1413 1891; x_wconf 90' lang='lat' dir='ltr'><strong>non</strong></span> <span class='ocrx_word' id='word_1_398' title='bbox 1427 1865 1512 1890; x_wconf 80' lang='lat' dir='ltr'><strong>ausint</strong></span> <span class='ocrx_word' id='word_1_399' title='bbox 1523 1873 1650 1892; x_wconf 77' lang='lat' dir='ltr'><strong>asserere.</strong></span> <span class='ocrx_word' id='word_1_400' title='bbox 1664 1865 1749 1898; x_wconf 80' lang='lat' dir='ltr'><strong>Quid-</strong></span> 
     </span>
    </p>
   </div>
   <div class='ocr_carea' id='block_1_65' title="bbox 961 1899 1748 1933">
    <p class='ocr_par' dir='ltr' id='par_1_65' title="bbox 961 1899 1748 1933">
     <span class='ocr_line' id='line_1_66' title="bbox 961 1899 1748 1933; baseline 0.004 -9"><span class='ocrx_word' id='word_1_401' title='bbox 961 1899 1024 1933; x_wconf 83' lang='lat' dir='ltr'><strong>quid</strong></span> <span class='ocrx_word' id='word_1_402' title='bbox 1039 1900 1084 1931; x_wconf 78' lang='lat' dir='ltr'><strong>st’t,</strong></span> <span class='ocrx_word' id='word_1_403' title='bbox 1099 1900 1121 1925; x_wconf 86' lang='lat' dir='ltr'><strong>is</strong></span> <span class='ocrx_word' id='word_1_404' title='bbox 1145 1899 1191 1926; x_wconf 84' lang='lat' dir='ltr'><strong>ille</strong></span> <span class='ocrx_word' id='word_1_405' title='bbox 1206 1899 1280 1926; x_wconf 77' lang='lat' dir='ltr'><strong>nobis</strong></span> <span class='ocrx_word' id='word_1_406' title='bbox 1299 1908 1354 1927; x_wconf 83' lang='lat' dir='ltr'><strong>esse</strong></span> <span class='ocrx_word' id='word_1_407' title='bbox 1370 1899 1551 1926; x_wconf 79' lang='lat' dir='ltr'><strong>Martinianus</strong></span> <span class='ocrx_word' id='word_1_408' title='bbox 1575 1901 1687 1931; x_wconf 77' lang='lat' dir='ltr'><strong>videtur,</strong></span> <span class='ocrx_word' id='word_1_409' title='bbox 1703 1901 1748 1933; x_wconf 81' lang='lat' dir='ltr'><strong>qui</strong></span> 
     </span>
    </p>
   </div>
   <div class='ocr_carea' id='block_1_66' title="bbox 961 1934 1748 1969">
    <p class='ocr_par' dir='ltr' id='par_1_66' title="bbox 961 1934 1748 1969">
     <span class='ocr_line' id='line_1_67' title="bbox 961 1934 1748 1969; baseline 0.001 -9"><span class='ocrx_word' id='word_1_410' title='bbox 961 1935 1077 1969; x_wconf 66' lang='lat' dir='ltr'><strong>primum</strong></span> <span class='ocrx_word' id='word_1_411' title='bbox 1088 1934 1197 1967; x_wconf 64' lang='lat' dir='ltr'><strong>Africa,</strong></span> <span class='ocrx_word' id='word_1_412' title='bbox 1207 1934 1300 1961; x_wconf 89' lang='lat' dir='ltr'><strong>deinde</strong></span> <span class='ocrx_word' id='word_1_413' title='bbox 1306 1934 1404 1964; x_wconf 55' lang='lat' dir='ltr'><strong>Romae.</strong></span> <span class='ocrx_word' id='word_1_414' title='bbox 1414 1939 1438 1960; x_wconf 87' lang='lat' dir='ltr'><strong>et</strong></span> <span class='ocrx_word' id='word_1_415' title='bbox 1449 1939 1537 1967; x_wconf 82' lang='lat' dir='ltr'><strong>postea</strong></span> <span class='ocrx_word' id='word_1_416' title='bbox 1549 1936 1597 1961; x_wconf 86' lang='lat' dir='ltr'><strong>toti</strong></span> <span class='ocrx_word' id='word_1_417' title='bbox 1611 1935 1748 1969; x_wconf 78' lang='lat' dir='ltr'><strong>prwfeetus</strong></span> 
     </span>
    </p>
   </div>
   <div class='ocr_carea' id='block_1_67' title="bbox 963 1968 1749 2004">
    <p class='ocr_par' dir='ltr' id='par_1_67' title="bbox 963 1968 1749 2004">
     <span class='ocr_line' id='line_1_68' title="bbox 963 1968 1749 2004; baseline 0.003 -9"><span class='ocrx_word' id='word_1_418' title='bbox 963 1968 1052 1996; x_wconf 75' lang='lat' dir='ltr'><strong>Italia:</strong></span> <span class='ocrx_word' id='word_1_419' title='bbox 1062 1969 1124 2003; x_wconf 80' lang='lat' dir='ltr'><strong>fuit,</strong></span> <span class='ocrx_word' id='word_1_420' title='bbox 1137 1969 1171 1995; x_wconf 88' lang='lat' dir='ltr'><strong>ad</strong></span> <span class='ocrx_word' id='word_1_421' title='bbox 1182 1977 1257 2004; x_wconf 85' lang='lat' dir='ltr'><strong>quem</strong></span> <span class='ocrx_word' id='word_1_422' title='bbox 1268 1974 1355 1996; x_wconf 68' lang='lat' dir='ltr'><strong>exstat</strong></span> <span class='ocrx_word' id='word_1_423' title='bbox 1372 1969 1468 1996; x_wconf 82' lang='lat' dir='ltr'><strong>Basilii</strong></span> <span class='ocrx_word' id='word_1_424' title='bbox 1484 1969 1573 2004; x_wconf 82' lang='lat' dir='ltr'><strong>Magni</strong></span> <span class='ocrx_word' id='word_1_425' title='bbox 1587 1971 1700 2004; x_wconf 83' lang='lat' dir='ltr'><strong>epistola</strong></span> <span class='ocrx_word' id='word_1_426' title='bbox 1716 1970 1749 1998; x_wconf 69' lang='lat'><strong>74</strong></span> 
     </span>
    </p>
   </div>
   <div class='ocr_carea' id='block_1_68' title="bbox 963 2004 1747 2039">
    <p class='ocr_par' dir='ltr' id='par_1_68' title="bbox 963 2004 1747 2039">
     <span class='ocr_line' id='line_1_69' title="bbox 963 2004 1747 2039; baseline 0 -8"><span class='ocrx_word' id='word_1_427' title='bbox 963 2012 1035 2031; x_wconf 72' lang='lat' dir='ltr'><strong>noue</strong></span> <span class='ocrx_word' id='word_1_428' title='bbox 1048 2004 1110 2031; x_wconf 84' lang='lat' dir='ltr'><strong>edit.</strong></span> <span class='ocrx_word' id='word_1_429' title='bbox 1127 2005 1213 2038; x_wconf 87' lang='lat' dir='ltr'><strong>(tom.</strong></span> <span class='ocrx_word' id='word_1_430' title='bbox 1227 2004 1271 2035; x_wconf 88' lang='lat' dir='ltr'><strong>Ill,</strong></span> <span class='ocrx_word' id='word_1_431' title='bbox 1288 2012 1348 2039; x_wconf 76' lang='lat' dir='ltr'><strong>pag.</strong></span> <span class='ocrx_word' id='word_1_432' title='bbox 1363 2004 1441 2038; x_wconf 77' lang='lat'><strong>168),</strong></span> <span class='ocrx_word' id='word_1_433' title='bbox 1461 2004 1524 2030; x_wconf 87' lang='lat' dir='ltr'><strong>olim</strong></span> <span class='ocrx_word' id='word_1_434' title='bbox 1542 2005 1604 2036; x_wconf 76' lang='grc'><strong>574,</strong></span> <span class='ocrx_word' id='word_1_435' title='bbox 1624 2014 1667 2031; x_wconf 83' lang='grc' dir='ltr'><strong>αη.</strong></span> <span class='ocrx_word' id='word_1_436' title='bbox 1684 2005 1747 2036; x_wconf 83' lang='grc'><strong>571,</strong></span> 
     </span>
    </p>
   </div>
   <div class='ocr_carea' id='block_1_69' title="bbox 964 2039 1749 2074">
    <p class='ocr_par' dir='ltr' id='par_1_69' title="bbox 964 2039 1749 2074">
     <span class='ocr_line' id='line_1_70' title="bbox 964 2039 1749 2074; baseline 0.003 -9"><span class='ocrx_word' id='word_1_437' title='bbox 964 2047 1016 2074; x_wconf 81' lang='lat' dir='ltr'><strong>qua</strong></span> <span class='ocrx_word' id='word_1_438' title='bbox 1031 2048 1089 2065; x_wconf 85' lang='lat' dir='ltr'><strong>eum</strong></span> <span class='ocrx_word' id='word_1_439' title='bbox 1101 2044 1176 2073; x_wconf 84' lang='lat' dir='ltr'><strong>rogat</strong></span> <span class='ocrx_word' id='word_1_440' title='bbox 1192 2043 1221 2065; x_wconf 89' lang='lat' dir='ltr'><strong>ut</strong></span> <span class='ocrx_word' id='word_1_441' title='bbox 1240 2040 1425 2073; x_wconf 80' lang='lat' dir='ltr'><strong>imperatorem</strong></span> <span class='ocrx_word' id='word_1_442' title='bbox 1443 2039 1531 2070; x_wconf 84' lang='lat' dir='ltr'><strong>adeat.</strong></span> <span class='ocrx_word' id='word_1_443' title='bbox 1547 2045 1571 2067; x_wconf 89' lang='lat' dir='ltr'><strong>et</strong></span> <span class='ocrx_word' id='word_1_444' title='bbox 1588 2040 1749 2067; x_wconf 81' lang='lat' dir='ltr'><strong>demonstret</strong></span> 
     </span>
    </p>
   </div>
   <div class='ocr_carea' id='block_1_70' title="bbox 964 2074 1750 2110">
    <p class='ocr_par' dir='ltr' id='par_1_70' title="bbox 964 2074 1750 2110">
     <span class='ocr_line' id='line_1_71' title="bbox 964 2074 1750 2110; baseline 0.003 -10"><span class='ocrx_word' id='word_1_445' title='bbox 964 2078 1065 2108; x_wconf 86' lang='lat' dir='ltr'><strong>quanta</strong></span> <span class='ocrx_word' id='word_1_446' title='bbox 1082 2082 1113 2101; x_wconf 72' lang='lat' dir='ltr'><strong>ea;</strong></span> <span class='ocrx_word' id='word_1_447' title='bbox 1128 2074 1300 2110; x_wconf 80' lang='lat' dir='ltr'><strong>distractione</strong></span> <span class='ocrx_word' id='word_1_448' title='bbox 1315 2074 1488 2108; x_wconf 76' lang='lat' dir='ltr'><strong>Cappadocire</strong></span> <span class='ocrx_word' id='word_1_449' title='bbox 1505 2081 1696 2110; x_wconf 81' lang='lat' dir='ltr'><strong>consequantur</strong></span> <span class='ocrx_word' id='word_1_450' title='bbox 1708 2077 1750 2102; x_wconf 83' lang='lat' dir='ltr'><strong>in—</strong></span> 
     </span>
    </p>
   </div>
   <div class='ocr_carea' id='block_1_71' title="bbox 964 2109 1750 2145">
    <p class='ocr_par' dir='ltr' id='par_1_71' title="bbox 964 2109 1750 2145">
     <span class='ocr_line' id='line_1_72' title="bbox 964 2109 1750 2145; baseline 0.005 -11"><span class='ocrx_word' id='word_1_451' title='bbox 964 2109 1111 2135; x_wconf 85' lang='lat' dir='ltr'><strong>commoda.</strong></span> <span class='ocrx_word' id='word_1_452' title='bbox 1128 2109 1226 2136; x_wconf 83' lang='lat' dir='ltr'><strong>Omnia</strong></span> <span class='ocrx_word' id='word_1_453' title='bbox 1238 2110 1403 2141; x_wconf 80' lang='lat' dir='ltr'><strong>conveniunt,</strong></span> <span class='ocrx_word' id='word_1_454' title='bbox 1415 2110 1465 2136; x_wconf 77' lang='lat' dir='ltr'><strong>viri</strong></span> <span class='ocrx_word' id='word_1_455' title='bbox 1482 2111 1576 2137; x_wconf 81' lang='lat' dir='ltr'><strong>merita</strong></span> <span class='ocrx_word' id='word_1_456' title='bbox 1588 2109 1680 2145; x_wconf 68' lang='lat' dir='ltr'><strong>qualia</strong></span> <span class='ocrx_word' id='word_1_457' title='bbox 1693 2111 1750 2137; x_wconf 81' lang='lat' dir='ltr'><strong>Ba-</strong></span> 
     </span>
    </p>
   </div>
   <div class='ocr_carea' id='block_1_72' title="bbox 964 2144 1749 2180">
    <p class='ocr_par' dir='ltr' id='par_1_72' title="bbox 964 2144 1749 2180">
     <span class='ocr_line' id='line_1_73' title="bbox 964 2144 1749 2180; baseline 0.003 -10"><span class='ocrx_word' id='word_1_458' title='bbox 964 2145 1040 2170; x_wconf 78' lang='lat' dir='ltr'><strong>silius</strong></span> <span class='ocrx_word' id='word_1_459' title='bbox 1062 2144 1238 2180; x_wconf 74' lang='lat' dir='ltr'><strong>commendat,</strong></span> <span class='ocrx_word' id='word_1_460' title='bbox 1262 2153 1293 2170; x_wconf 86' lang='lat' dir='ltr'><strong>ac</strong></span> <span class='ocrx_word' id='word_1_461' title='bbox 1315 2145 1404 2178; x_wconf 83' lang='lat' dir='ltr'><strong>patria</strong></span> <span class='ocrx_word' id='word_1_462' title='bbox 1426 2153 1483 2178; x_wconf 72' lang='lat' dir='ltr'><strong>qua:</strong></span> <span class='ocrx_word' id='word_1_463' title='bbox 1501 2150 1526 2172; x_wconf 83' lang='lat' dir='ltr'><strong>et</strong></span> <span class='ocrx_word' id='word_1_464' title='bbox 1544 2146 1571 2171; x_wconf 84' lang='lat' dir='ltr'><strong>in</strong></span> <span class='ocrx_word' id='word_1_465' title='bbox 1582 2147 1657 2180; x_wconf 79' lang='lat' dir='ltr'><strong>epist.</strong></span> <span class='ocrx_word' id='word_1_466' title='bbox 1678 2152 1702 2172; x_wconf 86' lang='lat' dir='ltr'><strong>et</strong></span> <span class='ocrx_word' id='word_1_467' title='bbox 1713 2146 1749 2178; x_wconf 73' lang='grc' dir='ltr'><strong>,ἰη</strong></span> 
     </span>
    </p>
   </div>
   <div class='ocr_carea' id='block_1_73' title="bbox 963 2178 1749 2213">
    <p class='ocr_par' dir='ltr' id='par_1_73' title="bbox 963 2178 1749 2213">
     <span class='ocr_line' id='line_1_74' title="bbox 963 2178 1749 2213; baseline 0.001 -8"><span class='ocrx_word' id='word_1_468' title='bbox 963 2179 1103 2213; x_wconf 75' lang='lat' dir='ltr'><strong>epitapltiis</strong></span> <span class='ocrx_word' id='word_1_469' title='bbox 1124 2179 1151 2205; x_wconf 89' lang='lat' dir='ltr'><strong>in</strong></span> <span class='ocrx_word' id='word_1_470' title='bbox 1162 2178 1356 2206; x_wconf 79' lang='lat' dir='ltr'><strong>Martinianum</strong></span> <span class='ocrx_word' id='word_1_471' title='bbox 1368 2179 1543 2213; x_wconf 78' lang='lat' dir='ltr'><strong>Cappadocia:</strong></span> <span class='ocrx_word' id='word_1_472' title='bbox 1559 2178 1663 2208; x_wconf 81' lang='lat' dir='ltr'><strong>nomine</strong></span> <span class='ocrx_word' id='word_1_473' title='bbox 1678 2181 1749 2208; x_wconf 81' lang='lat' dir='ltr'><strong>desi-</strong></span> 
     </span>
    </p>
   </div>
   <div class='ocr_carea' id='block_1_74' title="bbox 963 2214 1749 2251">
    <p class='ocr_par' dir='ltr' id='par_1_74' title="bbox 963 2214 1749 2251">
     <span class='ocr_line' id='line_1_75' title="bbox 963 2214 1749 2251; baseline 0.004 -11"><span class='ocrx_word' id='word_1_474' title='bbox 963 2219 1080 2248; x_wconf 85' lang='lat' dir='ltr'><strong>gnatur.‘</strong></span> <span class='ocrx_word' id='word_1_475' title='bbox 1097 2214 1146 2241; x_wconf 84' lang='lat' dir='ltr'><strong>viri</strong></span> <span class='ocrx_word' id='word_1_476' title='bbox 1157 2219 1245 2241; x_wconf 88' lang='lat' dir='ltr'><strong>autent</strong></span> <span class='ocrx_word' id='word_1_477' title='bbox 1259 2215 1354 2242; x_wconf 85' lang='lat' dir='ltr'><strong>merita</strong></span> <span class='ocrx_word' id='word_1_478' title='bbox 1366 2223 1397 2243; x_wconf 86' lang='lat' dir='ltr'><strong>ea</strong></span> <span class='ocrx_word' id='word_1_479' title='bbox 1411 2220 1471 2242; x_wconf 85' lang='lat' dir='ltr'><strong>sunt</strong></span> <span class='ocrx_word' id='word_1_480' title='bbox 1486 2216 1518 2243; x_wconf 86' lang='lat' dir='ltr'><strong>de</strong></span> <span class='ocrx_word' id='word_1_481' title='bbox 1527 2215 1620 2251; x_wconf 81' lang='lat' dir='ltr'><strong>quibus</strong></span> <span class='ocrx_word' id='word_1_482' title='bbox 1633 2216 1749 2250; x_wconf 64' lang='lat' dir='ltr'><strong>epistolis</strong></span> 
     </span>
    </p>
   </div>
   <div class='ocr_carea' id='block_1_75' title="bbox 763 2293 1105 2324">
    <p class='ocr_par' dir='ltr' id='par_1_75' title="bbox 763 2293 1105 2324">
     <span class='ocr_line' id='line_1_76' title="bbox 763 2293 1105 2324; baseline -0.003 -1"><span class='ocrx_word' id='word_1_483' title='bbox 763 2294 929 2324; x_wconf 81' lang='lat' dir='ltr'><strong>METRICA</strong></span> <span class='ocrx_word' id='word_1_484' title='bbox 955 2293 1105 2323; x_wconf 81' lang='lat' dir='ltr'><strong>VERSIO.</strong></span> 
     </span>
    </p>
   </div>
   <div class='ocr_carea' id='block_1_76' title="bbox 126 2353 806 2392">
    <p class='ocr_par' dir='ltr' id='par_1_76' title="bbox 126 2353 806 2392">
     <span class='ocr_line' id='line_1_77' title="bbox 126 2353 806 2392; baseline 0.007 -11"><span class='ocrx_word' id='word_1_485' title='bbox 126 2353 270 2392; x_wconf 53' lang='lat' dir='ltr'><strong>Formosos</strong></span> <span class='ocrx_word' id='word_1_486' title='bbox 287 2355 401 2390; x_wconf 84' lang='lat' dir='ltr'><strong>puic‘lier</strong></span> <span class='ocrx_word' id='word_1_487' title='bbox 413 2356 527 2391; x_wconf 84' lang='lat' dir='ltr'><strong>juvenes</strong></span> <span class='ocrx_word' id='word_1_488' title='bbox 543 2356 709 2392; x_wconf 80' lang='lat' dir='ltr'><strong>Eupliemius</strong></span> <span class='ocrx_word' id='word_1_489' title='bbox 726 2358 806 2390; x_wconf 86' lang='lat' dir='ltr'><strong>inter,</strong></span> 
     </span>
    </p>
   </div>
   <div class='ocr_carea' id='block_1_77' title="bbox 159 2390 730 2428">
    <p class='ocr_par' dir='ltr' id='par_1_77' title="bbox 159 2390 730 2428">
     <span class='ocr_line' id='line_1_78' title="bbox 159 2390 730 2428; baseline 0.007 -12"><span class='ocrx_word' id='word_1_490' title='bbox 159 2390 274 2428; x_wconf 73' lang='lat' dir='ltr'><strong>I’ulclier</strong></span> <span class='ocrx_word' id='word_1_491' title='bbox 303 2397 329 2418; x_wconf 93' lang='lat' dir='ltr'><strong>et</strong></span> <span class='ocrx_word' id='word_1_492' title='bbox 346 2392 372 2418; x_wconf 91' lang='lat' dir='ltr'><strong>in</strong></span> <span class='ocrx_word' id='word_1_493' title='bbox 390 2390 462 2427; x_wconf 65' lang='lat' dir='ltr'><strong>agris</strong></span> <span class='ocrx_word' id='word_1_494' title='bbox 477 2392 520 2419; x_wconf 86' lang='lat' dir='ltr'><strong>hic</strong></span> <span class='ocrx_word' id='word_1_495' title='bbox 534 2390 598 2427; x_wconf 77' lang='lat' dir='ltr'><strong>ager</strong></span> <span class='ocrx_word' id='word_1_496' title='bbox 614 2393 730 2428; x_wconf 83' lang='lat' dir='ltr'><strong>Elysius.</strong></span> 
     </span>
    </p>
   </div>
   <div class='ocr_carea' id='block_1_78' title="bbox 126 2425 851 2461">
    <p class='ocr_par' dir='ltr' id='par_1_78' title="bbox 126 2425 851 2461">
     <span class='ocr_line' id='line_1_79' title="bbox 126 2425 851 2461; baseline 0.004 -9"><span class='ocrx_word' id='word_1_497' title='bbox 126 2425 190 2461; x_wconf 76' lang='lat' dir='ltr'><strong>llinc</strong></span> <span class='ocrx_word' id='word_1_498' title='bbox 210 2426 246 2452; x_wconf 85' lang='lat' dir='ltr'><strong>ibi</strong></span> <span class='ocrx_word' id='word_1_499' title='bbox 261 2425 419 2454; x_wconf 77' lang='lat' dir='ltr'><strong>convenere</strong></span> <span class='ocrx_word' id='word_1_500' title='bbox 429 2428 525 2460; x_wconf 86' lang='lat' dir='ltr'><strong>simul;</strong></span> <span class='ocrx_word' id='word_1_501' title='bbox 542 2425 603 2454; x_wconf 79' lang='lat' dir='ltr'><strong>nam</strong></span> <span class='ocrx_word' id='word_1_502' title='bbox 621 2425 722 2454; x_wconf 75' lang='lat' dir='ltr'><strong>lumina</strong></span> <span class='ocrx_word' id='word_1_503' title='bbox 738 2428 851 2461; x_wconf 83' lang='lat' dir='ltr'><strong>clausit;</strong></span> 
     </span>
    </p>
   </div>
   <div class='ocr_carea' id='block_1_79' title="bbox 160 2460 715 2490">
    <p class='ocr_par' dir='ltr' id='par_1_79' title="bbox 160 2460 715 2490">
     <span class='ocr_line' id='line_1_80' title="bbox 160 2460 715 2490; baseline 0.005 -3"><span class='ocrx_word' id='word_1_504' title='bbox 160 2460 213 2488; x_wconf 84' lang='lat' dir='ltr'><strong>Sed</strong></span> <span class='ocrx_word' id='word_1_505' title='bbox 229 2466 309 2488; x_wconf 73' lang='lat' dir='ltr'><strong>terra:</strong></span> <span class='ocrx_word' id='word_1_506' title='bbox 325 2469 426 2489; x_wconf 89' lang='lat' dir='ltr'><strong>nomen</strong></span> <span class='ocrx_word' id='word_1_507' title='bbox 440 2463 558 2490; x_wconf 89' lang='lat' dir='ltr'><strong>contulit</strong></span> <span class='ocrx_word' id='word_1_508' title='bbox 573 2463 715 2490; x_wconf 80' lang='lat' dir='ltr'><strong>eximium.</strong></span> 
     </span>
    </p>
   </div>
   <div class='ocr_carea' id='block_1_80' title="bbox 360 2514 691 2535">
    <p class='ocr_par' dir='ltr' id='par_1_80' title="bbox 360 2514 691 2535">
     <span class='ocr_line' id='line_1_81' title="bbox 360 2514 691 2535; baseline 0.003 -2"><span class='ocrx_word' id='word_1_509' title='bbox 360 2514 462 2534; x_wconf 71' lang='lat' dir='ltr'><strong>XXXVII.</strong></span> <span class='ocrx_word' id='word_1_510' title='bbox 483 2515 510 2535; x_wconf 79' lang='lat' dir='ltr'><strong>IN</strong></span> <span class='ocrx_word' id='word_1_511' title='bbox 527 2515 691 2535; x_wconf 73' lang='lat' dir='ltr'><strong>EELLADIUM.</strong></span> 
     </span>
    </p>
   </div>
   <div class='ocr_carea' id='block_1_81' title="bbox 316 2553 713 2589">
    <p class='ocr_par' dir='ltr' id='par_1_81' title="bbox 316 2553 713 2589">
     <span class='ocr_line' id='line_1_82' title="bbox 316 2553 713 2589; baseline 0.003 -10"><span class='ocrx_word' id='word_1_512' title='bbox 316 2553 368 2587; x_wconf 83' lang='lat' dir='ltr'><strong>(A.</strong></span> <span class='ocrx_word' id='word_1_513' title='bbox 382 2553 415 2580; x_wconf 87' lang='lat' dir='ltr'><strong><em>B.</em></strong></span> <span class='ocrx_word' id='word_1_514' title='bbox 427 2553 535 2581; x_wconf 88' lang='lat' dir='ltr'><strong>Caillau</strong></span> <span class='ocrx_word' id='word_1_515' title='bbox 551 2554 713 2589; x_wconf 82' lang='lat' dir='ltr'><strong>interprete.)</strong></span> 
     </span>
    </p>
   </div>
   <div class='ocr_carea' id='block_1_82' title="bbox 126 2596 791 2633">
    <p class='ocr_par' dir='ltr' id='par_1_82' title="bbox 126 2596 791 2633">
     <span class='ocr_line' id='line_1_83' title="bbox 126 2596 791 2633; baseline 0.002 -9"><span class='ocrx_word' id='word_1_516' title='bbox 126 2596 238 2633; x_wconf 68' lang='lat' dir='ltr'><strong>Semper</strong></span> <span class='ocrx_word' id='word_1_517' title='bbox 251 2602 342 2625; x_wconf 87' lang='lat' dir='ltr'><strong>mente</strong></span> <span class='ocrx_word' id='word_1_518' title='bbox 358 2598 421 2632; x_wconf 90' lang='lat' dir='ltr'><strong>polo</strong></span> <span class='ocrx_word' id='word_1_519' title='bbox 434 2606 566 2633; x_wconf 61' lang='lat' dir='ltr'><strong>prasens.</strong></span> <span class='ocrx_word' id='word_1_520' title='bbox 583 2598 697 2633; x_wconf 76' lang='lat' dir='ltr'><strong>vestigia</strong></span> <span class='ocrx_word' id='word_1_521' title='bbox 712 2602 791 2625; x_wconf 67' lang='lat' dir='ltr'><strong>terra:</strong></span> 
     </span>
    </p>
   </div>
   <div class='ocr_carea' id='block_1_83' title="bbox 158 2631 765 2667">
    <p class='ocr_par' dir='ltr' id='par_1_83' title="bbox 158 2631 765 2667">
     <span class='ocr_line' id='line_1_84' title="bbox 158 2631 765 2667; baseline 0.002 -9"><span class='ocrx_word' id='word_1_522' title='bbox 158 2631 253 2659; x_wconf 67' lang='lat' dir='ltr'><strong>Fiiisti</strong></span> <span class='ocrx_word' id='word_1_523' title='bbox 272 2631 412 2667; x_wconf 81' lang='lat' dir='ltr'><strong>nunquam</strong></span> <span class='ocrx_word' id='word_1_524' title='bbox 431 2631 542 2660; x_wconf 80' lang='lat' dir='ltr'><strong>sordida</strong></span> <span class='ocrx_word' id='word_1_525' title='bbox 557 2634 598 2661; x_wconf 91' lang='lat' dir='ltr'><strong>vel</strong></span> <span class='ocrx_word' id='word_1_526' title='bbox 613 2631 765 2659; x_wconf 83' lang='lat' dir='ltr'><strong>minimum.</strong></span> 
     </span>
    </p>
   </div>
   <div class='ocr_carea' id='block_1_84' title="bbox 126 2666 809 2703">
    <p class='ocr_par' dir='ltr' id='par_1_84' title="bbox 126 2666 809 2703">
     <span class='ocr_line' id='line_1_85' title="bbox 126 2666 809 2703; baseline 0.003 -9"><span class='ocrx_word' id='word_1_527' title='bbox 126 2666 186 2703; x_wconf 67' lang='lat' dir='ltr'><strong>Inde</strong></span> <span class='ocrx_word' id='word_1_528' title='bbox 201 2668 257 2694; x_wconf 91' lang='lat' dir='ltr'><strong>cito</strong></span> <span class='ocrx_word' id='word_1_529' title='bbox 273 2666 405 2695; x_wconf 80' lang='lat' dir='ltr'><strong>mundum</strong></span> <span class='ocrx_word' id='word_1_530' title='bbox 423 2668 542 2703; x_wconf 86' lang='lat' dir='ltr'><strong>liquisti:</strong></span> <span class='ocrx_word' id='word_1_531' title='bbox 560 2668 729 2702; x_wconf 81' lang='lat' dir='ltr'><strong>amplexibus</strong></span> <span class='ocrx_word' id='word_1_532' title='bbox 744 2675 809 2696; x_wconf 79' lang='lat' dir='ltr'><strong>ossa</strong></span> 
     </span>
    </p>
   </div>
   <div class='ocr_carea' id='block_1_85' title="bbox 156 2702 732 2730">
    <p class='ocr_par' dir='ltr' id='par_1_85' title="bbox 156 2702 732 2730">
     <span class='ocr_line' id='line_1_86' title="bbox 156 2702 732 2730; baseline 0.002 -1"><span class='ocrx_word' id='word_1_533' title='bbox 156 2702 253 2730; x_wconf 85' lang='lat' dir='ltr'><strong>Frater</strong></span> <span class='ocrx_word' id='word_1_534' title='bbox 267 2708 295 2730; x_wconf 84' lang='lat' dir='ltr'><strong>at</strong></span> <span class='ocrx_word' id='word_1_535' title='bbox 308 2703 430 2730; x_wconf 86' lang='lat' dir='ltr'><strong>Eulalius</strong></span> <span class='ocrx_word' id='word_1_536' title='bbox 443 2702 516 2730; x_wconf 87' lang='lat' dir='ltr'><strong>nunc</strong></span> <span class='ocrx_word' id='word_1_537' title='bbox 528 2703 593 2730; x_wconf 89' lang='lat' dir='ltr'><strong>colit</strong></span> <span class='ocrx_word' id='word_1_538' title='bbox 609 2703 732 2730; x_wconf 81' lang='lat' dir='ltr'><strong>Ilell‘adii.</strong></span> 
     </span>
    </p>
   </div>
   <div class='ocr_carea' id='block_1_86' title="bbox 415 2754 637 2776">
    <p class='ocr_par' dir='ltr' id='par_1_86' title="bbox 415 2754 637 2776">
     <span class='ocr_line' id='line_1_87' title="bbox 415 2754 637 2776; baseline 0.009 -3"><span class='ocrx_word' id='word_1_539' title='bbox 415 2754 528 2774; x_wconf 72' lang='lat' dir='ltr'><strong>XXXVIII.</strong></span> <span class='ocrx_word' id='word_1_540' title='bbox 546 2756 637 2776; x_wconf 82' lang='lat' dir='ltr'><strong>ALIUD.</strong></span> 
     </span>
    </p>
   </div>
   <div class='ocr_carea' id='block_1_87' title="bbox 371 2789 660 2825">
    <p class='ocr_par' dir='ltr' id='par_1_87' title="bbox 371 2789 660 2825">
     <span class='ocr_line' id='line_1_88' title="bbox 371 2789 660 2825; baseline 0 -8"><span class='ocrx_word' id='word_1_541' title='bbox 371 2789 485 2825; x_wconf 88' lang='lat' dir='ltr'><strong>(Eodem</strong></span> <span class='ocrx_word' id='word_1_542' title='bbox 499 2790 660 2825; x_wconf 80' lang='lat' dir='ltr'><strong>interprete.)</strong></span> 
     </span>
    </p>
   </div>
   <div class='ocr_carea' id='block_1_88' title="bbox 124 2836 887 2874">
    <p class='ocr_par' dir='ltr' id='par_1_88' title="bbox 124 2836 887 2874">
     <span class='ocr_line' id='line_1_89' title="bbox 124 2836 887 2874; baseline 0.004 -9"><span class='ocrx_word' id='word_1_543' title='bbox 124 2836 210 2866; x_wconf 74' lang='lat' dir='ltr'><strong>Mente</strong></span> <span class='ocrx_word' id='word_1_544' title='bbox 226 2844 332 2871; x_wconf 85' lang='lat' dir='ltr'><strong>senem,</strong></span> <span class='ocrx_word' id='word_1_545' title='bbox 343 2845 526 2874; x_wconf 75' lang='lat' dir='ltr'><strong>magnumque</strong></span> <span class='ocrx_word' id='word_1_546' title='bbox 538 2836 604 2873; x_wconf 89' lang='lat' dir='ltr'><strong>Deo,</strong></span> <span class='ocrx_word' id='word_1_547' title='bbox 616 2837 786 2874; x_wconf 85' lang='lat' dir='ltr'><strong>juvenilibus</strong></span> <span class='ocrx_word' id='word_1_548' title='bbox 797 2838 887 2873; x_wconf 80' lang='lat' dir='ltr'><strong>annis,</strong></span> 
     </span>
    </p>
   </div>
   <div class='ocr_carea' id='block_1_89' title="bbox 926 2356 1565 2390">
    <p class='ocr_par' dir='ltr' id='par_1_89' title="bbox 926 2356 1565 2390">
     <span class='ocr_line' id='line_1_90' title="bbox 926 2356 1565 2390; baseline 0 -7"><span class='ocrx_word' id='word_1_549' title='bbox 926 2363 946 2390; x_wconf 77' lang='grc' dir='ltr'><strong>Β</strong></span> <span class='ocrx_word' id='word_1_550' title='bbox 994 2356 1137 2384; x_wconf 81' lang='lat' dir='ltr'><strong>Victorum</strong></span> <span class='ocrx_word' id='word_1_551' title='bbox 1153 2357 1231 2384; x_wconf 90' lang='lat' dir='ltr'><strong>locus</strong></span> <span class='ocrx_word' id='word_1_552' title='bbox 1246 2357 1291 2384; x_wconf 90' lang='lat' dir='ltr'><strong>hic</strong></span> <span class='ocrx_word' id='word_1_553' title='bbox 1304 2357 1460 2385; x_wconf 86' lang='lat' dir='ltr'><strong>Helladium</strong></span> <span class='ocrx_word' id='word_1_554' title='bbox 1477 2360 1565 2384; x_wconf 86' lang='lat' dir='ltr'><strong>teneo.</strong></span> 
     </span>
    </p>
   </div>
   <div class='ocr_carea' id='block_1_90' title="bbox 961 2391 1628 2424">
    <p class='ocr_par' dir='ltr' id='par_1_90' title="bbox 961 2391 1628 2424">
     <span class='ocr_line' id='line_1_91' title="bbox 961 2391 1628 2424; baseline -0.001 -5"><span class='ocrx_word' id='word_1_555' title='bbox 961 2391 1016 2419; x_wconf 86' lang='lat' dir='ltr'><strong>Nec</strong></span> <span class='ocrx_word' id='word_1_556' title='bbox 1034 2393 1130 2419; x_wconf 80' lang='lat' dir='ltr'><strong>subeat</strong></span> <span class='ocrx_word' id='word_1_557' title='bbox 1146 2393 1223 2420; x_wconf 90' lang='lat' dir='ltr'><strong>livor.</strong></span> <span class='ocrx_word' id='word_1_558' title='bbox 1242 2392 1352 2420; x_wconf 84' lang='lat' dir='ltr'><strong>Similes</strong></span> <span class='ocrx_word' id='word_1_559' title='bbox 1368 2393 1430 2419; x_wconf 89' lang='lat' dir='ltr'><strong>tulit</strong></span> <span class='ocrx_word' id='word_1_560' title='bbox 1449 2392 1493 2419; x_wconf 91' lang='lat' dir='ltr'><strong>ille</strong></span> <span class='ocrx_word' id='word_1_561' title='bbox 1508 2392 1628 2424; x_wconf 90' lang='lat' dir='ltr'><strong>dolores,</strong></span> 
     </span>
    </p>
   </div>
   <div class='ocr_carea' id='block_1_91' title="bbox 995 2427 1559 2463">
    <p class='ocr_par' dir='ltr' id='par_1_91' title="bbox 995 2427 1559 2463">
     <span class='ocr_line' id='line_1_92' title="bbox 995 2427 1559 2463; baseline -0.004 -9"><span class='ocrx_word' id='word_1_562' title='bbox 995 2427 1178 2463; x_wconf 81' lang='lat' dir='ltr'><strong>Exstinguens</strong></span> <span class='ocrx_word' id='word_1_563' title='bbox 1193 2427 1281 2455; x_wconf 81' lang='lat' dir='ltr'><strong>hostis</strong></span> <span class='ocrx_word' id='word_1_564' title='bbox 1298 2428 1401 2462; x_wconf 86' lang='lat' dir='ltr'><strong>perﬁda</strong></span> <span class='ocrx_word' id='word_1_565' title='bbox 1418 2428 1470 2454; x_wconf 86' lang='lat' dir='ltr'><strong>tela</strong></span> <span class='ocrx_word' id='word_1_566' title='bbox 1485 2427 1559 2453; x_wconf 89' lang='lat' dir='ltr'><strong>mali.</strong></span> 
     </span>
    </p>
   </div>
   <div class='ocr_carea' id='block_1_92' title="bbox 1265 2480 1465 2500">
    <p class='ocr_par' dir='ltr' id='par_1_92' title="bbox 1265 2480 1465 2500">
     <span class='ocr_line' id='line_1_93' title="bbox 1265 2480 1465 2500; baseline -0.005 0"><span class='ocrx_word' id='word_1_567' title='bbox 1265 2481 1359 2500; x_wconf 77' lang='lat' dir='ltr'><strong>XXXIX.</strong></span> <span class='ocrx_word' id='word_1_568' title='bbox 1376 2480 1465 2500; x_wconf 77' lang='lat' dir='ltr'><strong>ALIUD.</strong></span> 
     </span>
    </p>
   </div>
   <div class='ocr_carea' id='block_1_93' title="bbox 1207 2517 1501 2553">
    <p class='ocr_par' dir='ltr' id='par_1_93' title="bbox 1207 2517 1501 2553">
     <span class='ocr_line' id='line_1_94' title="bbox 1207 2517 1501 2553; baseline 0 -9"><span class='ocrx_word' id='word_1_569' title='bbox 1207 2518 1218 2552; x_wconf 87' lang='lat'><strong>(</strong></span> <span class='ocrx_word' id='word_1_570' title='bbox 1227 2517 1324 2545; x_wconf 87' lang='lat' dir='ltr'><strong>Eodem</strong></span> <span class='ocrx_word' id='word_1_571' title='bbox 1340 2517 1501 2553; x_wconf 82' lang='lat' dir='ltr'><strong>interprete.)</strong></span> 
     </span>
    </p>
   </div>
   <div class='ocr_carea' id='block_1_94' title="bbox 906 2561 1644 2598">
    <p class='ocr_par' dir='ltr' id='par_1_94' title="bbox 906 2561 1644 2598">
     <span class='ocr_line' id='line_1_95' title="bbox 906 2561 1644 2598; baseline 0.003 -11"><span class='ocrx_word' id='word_1_572' title='bbox 906 2578 911 2584; x_wconf 62' lang='grc' dir='ltr'>ι</span> <span class='ocrx_word' id='word_1_573' title='bbox 963 2561 1208 2598; x_wconf 20' lang='grc' dir='ltr'><strong>δρῇνιιςιίγρθιιὶυηι</strong></span> <span class='ocrx_word' id='word_1_574' title='bbox 1223 2563 1252 2589; x_wconf 93' lang='lat' dir='ltr'><strong>in</strong></span> <span class='ocrx_word' id='word_1_575' title='bbox 1268 2563 1358 2591; x_wconf 89' lang='lat' dir='ltr'><strong>terris.</strong></span> <span class='ocrx_word' id='word_1_576' title='bbox 1374 2562 1414 2590; x_wconf 91' lang='lat' dir='ltr'><strong>sic</strong></span> <span class='ocrx_word' id='word_1_577' title='bbox 1427 2570 1510 2590; x_wconf 85' lang='lat' dir='ltr'><strong>carne</strong></span> <span class='ocrx_word' id='word_1_578' title='bbox 1524 2562 1644 2598; x_wconf 82' lang='lat' dir='ltr'><strong>iubente,</strong></span> 
     </span>
    </p>
   </div>
   <div class='ocr_carea' id='block_1_95' title="bbox 998 2595 1537 2630">
    <p class='ocr_par' dir='ltr' id='par_1_95' title="bbox 998 2595 1537 2630">
     <span class='ocr_line' id='line_1_96' title="bbox 998 2595 1537 2630; baseline 0.004 -8"><span class='ocrx_word' id='word_1_579' title='bbox 998 2595 1027 2623; x_wconf 90' lang='lat' dir='ltr'><strong>In</strong></span> <span class='ocrx_word' id='word_1_580' title='bbox 1041 2595 1119 2624; x_wconf 70' lang='lat' dir='ltr'><strong>caelis</strong></span> <span class='ocrx_word' id='word_1_581' title='bbox 1135 2597 1232 2624; x_wconf 88' lang='lat' dir='ltr'><strong>melior</strong></span> <span class='ocrx_word' id='word_1_582' title='bbox 1250 2598 1297 2625; x_wconf 78' lang='lat' dir='ltr'><strong>seti</strong></span> <span class='ocrx_word' id='word_1_583' title='bbox 1312 2597 1361 2623; x_wconf 90' lang='lat' dir='ltr'><strong>tibi</strong></span> <span class='ocrx_word' id='word_1_584' title='bbox 1379 2598 1433 2624; x_wconf 83' lang='lat' dir='ltr'><strong>vita</strong></span> <span class='ocrx_word' id='word_1_585' title='bbox 1446 2595 1537 2630; x_wconf 67' lang='lat' dir='ltr'><strong>datur&#39;,</strong></span> 
     </span>
    </p>
   </div>
   <div class='ocr_carea' id='block_1_96' title="bbox 963 2630 1745 2670">
    <p class='ocr_par' dir='ltr' id='par_1_96' title="bbox 963 2630 1745 2670">
     <span class='ocr_line' id='line_1_97' title="bbox 963 2630 1745 2670; baseline 0.003 -12"><span class='ocrx_word' id='word_1_586' title='bbox 963 2630 1078 2670; x_wconf 62' lang='lat' dir='ltr'><strong>Helladi,</strong></span> <span class='ocrx_word' id='word_1_587' title='bbox 1091 2631 1178 2670; x_wconf 71' lang='lat' dir='ltr'><strong>nonor</strong></span> <span class='ocrx_word' id='word_1_588' title='bbox 1189 2632 1290 2659; x_wconf 87' lang='lat' dir='ltr'><strong>Christi</strong></span> <span class='ocrx_word' id='word_1_589' title='bbox 1306 2632 1428 2670; x_wconf 61' lang='lat' dir='ltr'><strong>fulgens;</strong></span> <span class='ocrx_word' id='word_1_590' title='bbox 1441 2633 1514 2670; x_wconf 86' lang='lat' dir='ltr'><strong>quod</strong></span> <span class='ocrx_word' id='word_1_591' title='bbox 1526 2633 1636 2670; x_wconf 71' lang='lat' dir='ltr'><strong>vincula</strong></span> <span class='ocrx_word' id='word_1_592' title='bbox 1646 2636 1745 2670; x_wconf 74' lang='lat' dir='ltr'><strong>praesto</strong></span> 
     </span>
    </p>
   </div>
   <div class='ocr_carea' id='block_1_97' title="bbox 996 2665 1587 2702">
    <p class='ocr_par' dir='ltr' id='par_1_97' title="bbox 996 2665 1587 2702">
     <span class='ocr_line' id='line_1_98' title="bbox 996 2665 1587 2702; baseline 0.007 -10"><span class='ocrx_word' id='word_1_593' title='bbox 996 2665 1115 2702; x_wconf 79' lang='lat' dir='ltr'><strong>Rupisti,</strong></span> <span class='ocrx_word' id='word_1_594' title='bbox 1131 2667 1184 2694; x_wconf 85' lang='lat' dir='ltr'><strong>hoc</strong></span> <span class='ocrx_word' id='word_1_595' title='bbox 1199 2675 1305 2695; x_wconf 88' lang='lat' dir='ltr'><strong>merces</strong></span> <span class='ocrx_word' id='word_1_596' title='bbox 1320 2665 1402 2702; x_wconf 75' lang='lat' dir='ltr'><strong>digna</strong></span> <span class='ocrx_word' id='word_1_597' title='bbox 1418 2665 1512 2696; x_wconf 83' lang='lat' dir='ltr'><strong>labore</strong></span> <span class='ocrx_word' id='word_1_598' title='bbox 1526 2668 1587 2696; x_wconf 85' lang='lat' dir='ltr'><strong>tibi.</strong></span> 
     </span>
    </p>
   </div>
   <div class='ocr_carea' id='block_1_98' title="bbox 1276 2719 1431 2740">
    <p class='ocr_par' dir='ltr' id='par_1_98' title="bbox 1276 2719 1431 2740">
     <span class='ocr_line' id='line_1_99' title="bbox 1276 2719 1431 2740; baseline -0.006 -1"><span class='ocrx_word' id='word_1_599' title='bbox 1276 2720 1321 2740; x_wconf 73' lang='lat' dir='ltr'><strong>XL.</strong></span> <span class='ocrx_word' id='word_1_600' title='bbox 1341 2719 1431 2739; x_wconf 74' lang='lat' dir='ltr'><strong>ALIUD.</strong></span> 
     </span>
    </p>
   </div>
   <div class='ocr_carea' id='block_1_99' title="bbox 1206 2758 1502 2795">
    <p class='ocr_par' dir='ltr' id='par_1_99' title="bbox 1206 2758 1502 2795">
     <span class='ocr_line' id='line_1_100' title="bbox 1206 2758 1502 2795; baseline 0.007 -10"><span class='ocrx_word' id='word_1_601' title='bbox 1206 2758 1216 2792; x_wconf 90' lang='lat'><strong>(</strong></span> <span class='ocrx_word' id='word_1_602' title='bbox 1223 2758 1321 2786; x_wconf 83' lang='lat' dir='ltr'><strong>Eodem</strong></span> <span class='ocrx_word' id='word_1_603' title='bbox 1343 2759 1502 2795; x_wconf 83' lang='lat' dir='ltr'><strong>interprete.)</strong></span> 
     </span>
    </p>
   </div>
   <div class='ocr_carea' id='block_1_100' title="bbox 959 2802 1595 2840">
    <p class='ocr_par' dir='ltr' id='par_1_100' title="bbox 959 2802 1595 2840">
     <span class='ocr_line' id='line_1_101' title="bbox 959 2802 1595 2840; baseline 0.003 -9"><span class='ocrx_word' id='word_1_604' title='bbox 959 2802 1058 2840; x_wconf 76' lang='lat' dir='ltr'><strong>Infitias</strong></span> <span class='ocrx_word' id='word_1_605' title='bbox 1075 2804 1099 2832; x_wconf 91' lang='lat' dir='ltr'><strong>si</strong></span> <span class='ocrx_word' id='word_1_606' title='bbox 1115 2805 1177 2840; x_wconf 88' lang='lat' dir='ltr'><strong>quis</strong></span> <span class='ocrx_word' id='word_1_607' title='bbox 1191 2805 1250 2834; x_wconf 91' lang='lat' dir='ltr'><strong>sitit</strong></span> <span class='ocrx_word' id='word_1_608' title='bbox 1267 2805 1337 2832; x_wconf 92' lang='lat' dir='ltr'><strong>inter</strong></span> <span class='ocrx_word' id='word_1_609' title='bbox 1354 2805 1484 2833; x_wconf 82' lang='lat' dir='ltr'><strong>Tantalus</strong></span> <span class='ocrx_word' id='word_1_610' title='bbox 1497 2805 1595 2840; x_wconf 86' lang='lat' dir='ltr'><strong>undas,</strong></span> 
     </span>
    </p>
   </div>
   <div class='ocr_carea' id='block_1_101' title="bbox 997 2839 1615 2877">
    <p class='ocr_par' dir='ltr' id='par_1_101' title="bbox 997 2839 1615 2877">
     <span class='ocr_line' id='line_1_102' title="bbox 997 2839 1615 2877; baseline 0.005 -11"><span class='ocrx_word' id='word_1_611' title='bbox 997 2839 1051 2867; x_wconf 83' lang='lat' dir='ltr'><strong>Aut</strong></span> <span class='ocrx_word' id='word_1_612' title='bbox 1068 2841 1151 2876; x_wconf 82' lang='lat' dir='ltr'><strong>capiti</strong></span> <span class='ocrx_word' id='word_1_613' title='bbox 1167 2845 1273 2871; x_wconf 85' lang='lat' dir='ltr'><strong>terrens</strong></span> <span class='ocrx_word' id='word_1_614' title='bbox 1290 2840 1414 2870; x_wconf 81' lang='lat' dir='ltr'><strong>imminet</strong></span> <span class='ocrx_word' id='word_1_615' title='bbox 1429 2849 1515 2877; x_wconf 86' lang='lat' dir='ltr'><strong>usque</strong></span> <span class='ocrx_word' id='word_1_616' title='bbox 1531 2839 1615 2877; x_wconf 75' lang='lat' dir='ltr'><strong>lapis:</strong></span> 
     </span>
    </p>
   </div>
  </div>
