1942 3039
210 106 245 136 75
549 103 578 132 S.
599 102 764 131 GREGORII
783 101 907 129 TIIEOL.
926 101 1109 129 CARMINUM
1130 99 1233 129 LIBER
1254 101 1286 129 ll.
1307 100 1503 130 IIISTOBICA.

209 168 245 196 45
262 165 409 201 ὀκταὲτηζ
419 165 492 192 λαοίο
507 163 649 199 θεόφρονος
662 164 724 198 ἡνία
737 163 826 195 τείνας
835 172 841 178 ”

203 244 205 253 γ
246 213 334 241 Τοῦτο
348 212 427 248 μόνον
441 211 495 238 τῶν
512 210 576 241 σῶν,
588 206 611 236 ὧ
625 210 753 241 Βασίλει’,
768 209 868 243 ὀλίγον.

211 260 337 295 Χαίροις,
353 255 376 285 ὦ
391 258 530 285 Βασίλειε·
548 256 596 283 καὶ
610 257 633 282 εἱ
651 256 728 287 λιπες
740 255 827 291 ἡμέας
839 255 940 291 ἔμπης,

203 295 208 331 l
250 305 269 333 Γ
272 303 402 340 ρηγορίου
419 303 479 329 τόδε
495 310 536 328 σοι
553 302 662 338 γράμμ’
677 301 875 336 ὲπιτυμὸίδιον,

213 350 307 382 Μῦθος
317 350 365 381 ὅδ’,
376 349 413 383 ὃν,
423 348 565 382 φιλέεσκες
573 356 580 364 ·
596 347 667 383 ἔχεις
679 347 769 383 χρέος,
777 343 800 373 ὦ
814 347 947 380 Basilus,

248 397 283 424 50
303 397 358 431 Τῆς
373 395 473 430 φιλίης,
488 395 534 421 καί
547 403 588 422 σοι
602 395 688 428 δῶρον
701 394 913 421 ἁπευκτότατον.

214 443 375 479 Γρηγόριος,
391 441 526 473 Βασίλειε,
545 443 594 477 τεῇ
612 441 689 476 κονίῃ
701 441 822 476 ἀνέθηκα

250 489 311 515 Τῶν
328 487 558 524 ἐπιγραμματίων
571 487 649 522 τήνδε
664 487 829 514 δυωδεκῶα.

235 558 302 584 PK'.
329 556 380 588 Εὶς
401 555 556 590 Μακρὶναν
581 554 637 587 τὴν
660 553 798 588 ἀδελφὴν
823 553 876 580 τοῦ
899 553 984 587 ἁγίου

522 590 694 617 Βασιλείου.

218 647 355 684 Παρθένον
367 646 531 681 αἱγλήεσσαν
547 644 600 679 ἔχω
615 644 698 676 κόνις,
713 645 739 671 ετ
751 644 801 670 τιν’
813 643 922 676 ἀκούεις

251 693 396 730 Μακρίναν
415 690 561 727 Ἐμμελίου
577 690 751 726 πρωτότοκον
766 690 898 726 μεγάλης,

1015 166 1037 194 Λ
1056 163 1091 189 Ἦ
1108 163 1217 189 πάντων
1231 163 1337 198 ἀνδρῶν
1352 162 1432 189 λάϐεν
1444 161 1566 197 ὄμματα,
1578 162 1624 188 νῦν
1641 163 1663 190 δ’
1677 162 1717 190 ὲνὶ
1733 163 1845 192 πάντων

1091 210 1110 235 Γ
1113 209 1218 245 λώσσῃ,
1235 209 1283 236 καὶ
1300 209 1407 235 πάντων
1422 208 1552 244 φέρτερον
1569 206 1647 243 εὖχος
1663 209 1731 244 ἔχει.

1148 269 1235 295 PKA'.
1254 268 1306 300 Εὶς
1319 268 1340 293 Ε
1344 266 1466 293 ὺσέειον
1481 266 1529 293 καὶ
1548 267 1750 294 Βασίλισσαν.

1053 314 1192 346 Εὑσέὸιος,
1211 314 1369 345 Βασίλισσα,
1388 313 1537 349 μεγακλέες
1551 313 1646 339 ἔνΘαὸε
1663 315 1768 340 κεῖνται

1090 359 1188 386 Ξωλῶν
1207 359 1330 394 ἠγαθέων
1348 359 1361 385 0
1366 359 1495 395 ρὲμματα
1508 360 1529 385 Χ
1534 359 1691 394 ριστοφόρα,

1056 405 1108 432 Καὶ
1121 406 1223 440 Νόννης
1239 405 1338 441 ζαθέης
1352 405 1422 441 ἱερὸν
1433 405 1528 440 δέμας.
1541 405 1634 436 Ὅστις
1647 404 1772 440 ἀμείϐεις

1091 452 1191 479 Τούσδε
1206 452 1316 486 τάφους,
1330 451 1422 486 ψυχῶν
1444 451 1530 486 μνώεο
1543 451 1597 477 τῶν
1617 451 1752 486 μεγάλων.

1284 507 1371 533 ΡΚΒ¹.
1392 508 1443 539 ΕΖς
1456 506 1613 540 Γεώργιον.

1059 553 1117 580 Καὶ
1132 553 1175 585 σὺ,
1189 553 1335 588 Γεωργίοιο
1351 553 1426 586 φίλον
1441 552 1534 587 δέμας,
1549 551 1641 578 ἐνθάδε
1655 552 1754 583 κεῖσαι,

1096 599 1144 630 Ὃς
1161 599 1261 630 πολλὰς
1277 598 1386 633 Χριστῷ
1405 598 1513 633 πέμψας
1530 597 1614 630 ἁγνὰς
1630 596 1736 627 θυσίας.

1057 644 1109 670 Σὺν
1123 644 1151 671 δὲ
1168 645 1318 679 κασιγνήτη
1335 644 1424 678 σῶμα,
1441 644 1551 680 φρένας,
1565 644 1581 678 ἠ
1597 642 1744 669 Basiliam:

1093 689 1176 717 Ξυνὸν
1191 691 1246 726 ἔχει
1260 690 1364 725 μεγάλη
1378 690 1426 717 καὶ
1442 691 1537 725 τάφον,
1552 690 1588 721 ὼς
1604 688 1701 724 βίοτον.

468 781 504 810 45
522 780 591 817 Octo
609 789 696 808 annos
715 782 751 817 pii
771 781 863 816 populi
878 780 1000 817 habenas
1017 781 1149 814 tenuisti;
1380 782 1388 795 '

504 816 561 844 Hoc
576 817 664 844 solum
680 815 778 844 intuis
791 815 884 846 rebus.
900 823 916 842 0
931 815 1023 848 Basili,
1040 824 1152 851 parvum
1169 820 1221 844 est.

468 851 545 884 Vale,
559 859 575 877 ο
589 851 688 883 Basili;
705 855 732 879 et
747 852 809 878 licet
824 859 875 879 nos
892 851 1045 885 reliqueris,

503 887 526 914 Α
540 886 670 922 Gregorio
686 887 737 914 hoc
753 887 802 914 tibi
815 892 857 914 est
873 886 1053 922 epitaphium,

468 921 518 950 Hic
530 920 632 952 seruio,
649 929 728 956 quem
745 922 874 954 amabas;
895 921 977 948 habes
989 921 1155 956 persolutum
1171 921 1219 948 tibi
1235 921 1369 953 debitum,
1389 928 1405 948 ο
1419 920 1512 953 Basili,

503 957 538 984 50
557 957 699 989 Amicitiae,
714 961 737 984 et
752 957 873 984 oblatum
892 957 939 982 tibi
952 956 1052 983 donum
1069 957 1267 984 tristissimum.

467 991 626 1027 Gregorius,
645 992 739 1024 Basili,
753 996 805 1019 tuae
821 991 917 1018 favillae
931 992 1017 1018 obtuli

502 1027 705 1063 Epigrammata
719 1027 777 1054 htec
790 1027 943 1054 duodecim.

696 1071 778 1100 CXX.
801 1071 833 1099 1η
855 1071 1005 1099 Macrinam
1019 1073 1103 1099 sancti
1115 1071 1212 1099 Basilii
1228 1081 1345 1099 serarent
1358 1074 1377 1098 θ.

467 1117 608 1152 Virginem
621 1117 737 1145 nobilem
754 1118 874 1144 tumulus
889 1118 984 1150 habeo,
1001 1118 1023 1144 si
1040 1125 1121 1152 quam
1137 1117 1215 1145 audis

532 1150 653 1180 a'crinam
670 1153 793 1180 Emmelii
809 1153 1012 1187 primogenitum
1026 1150 1140 1187 magum,

468 1187 534 1223 Quae
544 1188 665 1215 omnium
677 1188 797 1214 virorum
812 1187 898 1214 oculis
911 1188 999 1218 latuit.
1015 1195 1088 1214 nunc
1103 1195 1167 1215 vero
1185 1188 1210 1214 in
1229 1189 1351 1216 omnium

504 1223 609 1258 Lingua
624 1223 720 1256 fertur,
735 1227 762 1250 et
776 1223 897 1250 omnium
912 1223 1042 1257 optimam
1058 1223 1172 1258 gloriam
1191 1223 1283 1251 habet.

765 1266 858 1294 CXXI.
880 1266 912 1294 lu
927 1266 1068 1294 Eusebium
1082 1271 1107 1293 et
1123 1267 1320 1295 Basiliscum

470 1315 606 1343 Eusebius
620 1319 647 1342 et
662 1314 803 1346 Basilissa,
818 1314 938 1341 illustres
951 1314 994 1341 hic
1010 1314 1112 1348 jaccnt,

507 1349 637 1378 Xolorum
649 1350 803 1377 divinorqu
816 1350 916 1376 alumni
929 1349 1095 1381 Christiferi,

471 1385 505 1412 Et
515 1385 618 1413 Nonnaa
628 1385 734 1413 eximiae
750 1392 857 1412 sacrum
870 1392 979 1420 corpus.
990 1384 1150 1420 Quicunque
1165 1385 1288 1420 praeteris

1808 103 1843 132 76

259 1707 270 1717 ‘
289 1704 424 1741 Scriptum
435 1714 479 1733 an.
490 1706 552 1734 380.
565 1721 600 1726 —
611 1707 684 1734 Alias
700 1706 828 1734 Murator.
846 1707 905 1734 I5l.

506 1419 562 1448 Hos
579 1420 707 1453 tumulos,
723 1420 875 1447 animarum
890 1426 1024 1446 memento
1038 1419 1207 1455 magnarum.

874 1466 979 1494 CXXII.
1000 1465 1033 1493 In
1052 1466 1243 1502 Georgium”.

471 1511 514 1539 Tu
531 1519 651 1547 quoque,
671 1511 778 1546 Georgii
793 1512 909 1539 amicum
924 1519 1035 1547 corpus,
1051 1513 1095 1539 hic
1110 1513 1196 1546 jaces,

510 1547 560 1580 Qui
576 1547 675 1575 multas
689 1547 798 1574 Christo
812 1547 933 1574 obtulisti
952 1555 1035 1582 puras
1050 1548 1164 1574 hostias.

477 1580 564 1617 Simul
576 1587 666 1609 autem
681 1590 809 1616 germana
822 1589 937 1617 corpore
952 1580 979 1609 'et
995 1587 1083 1609 mente
1097 1582 1225 1609 Basilissa

512 1616 608 1652 Magna
622 1625 765 1645 commune
777 1618 856 1645 habet
869 1616 1036 1652 sepulcrum,
1055 1621 1084 1644 ut
1097 1617 1191 1645 vitam.

224 1749 270 1768 an.
286 1741 390 1769 384.—
399 1742 472 1769 Alias
483 1741 613 1768 Murator.
630 1742 674 1768 50.

263 1829 298 1866 I9
316 1830 416 1866 Χρέος.
436 1829 508 1866 Κεςέ
519 1830 583 1864 993,
601 1831 700 1866 χειρός.

316 1864 370 1903 reﬂ
384 1864 559 1903 xprlyfﬂeg.
574 1866 636 1903 _99_5_,
646 1864 696 1901 τεῇ
712 1865 784 1894 κόνει
798 1867 872 1903 τήνδ’
883 1866 1012 1902 ἀνέθηκα.

228 1899 352 1936 Α.γςοιι).
368 1902 415 1936 τξῇ
432 1901 488 1936 κόνι
500 1901 557 1936 τῇδ’
569 1899 699 1936 ἀνέθηκαξ

264 1935 299 1962 52
313 1928 498 1962 Δυωδέὂιάδιι.
518 1928 634 1962 ϋυοᾱεεί

227 1969 303 1998 ditur
324 1978 445 2007 carmen,
467 1978 582 2005 quarum
607 1971 694 2007 prima
715 1969 870 1999 extenditur
890 1980 905 1999 a
926 1973 1016 2007 primo

227 2013 310 2032 versu
321 2005 354 2032 ad
370 2007 526 2039 septimum,
542 2006 660 2033 secunda
674 2013 689 2032 a
703 2007 818 2040 septimo
832 2008 865 2034 ad
879 2005 1015 2035 decimum

228 2041 357 2072 tertium;
376 2041 457 2067 tertia
476 2048 490 2067 a
511 2040 616 2068 decimo
641 2041 722 2068 tertio
748 2042 781 2069 ad
805 2042 940 2069 decimum
967 2049 1017 2069 n0<

540 1935 663 1963 uodecim
687 1943 780 1963 revera
796 1937 823 1964 in
837 1941 928 1972 partes
944 1936 1015 1963 divi-

945 1709 964 1717 “
985 1705 1121 1742 Scriptum
1140 1715 1184 1735 an.
1204 1707 1266 1735 582.
1281 1722 1316 1727 —
1331 1707 1404 1735 Alias
1422 1707 1551 1735 Murator.
1577 1707 1621 1735 46.

1712 1707 1850 1744 Scriptum

1067 1835 1140 1863 lum;
1165 1831 1278 1866 septima
1305 1837 1320 1857 a
1341 1830 1482 1858 tricesimo
1502 1831 1599 1865 quinto
1622 1830 1655 1858 ad
1681 1831 1849 1862 tricesimum

1066 1874 1186 1899 nonum;
1211 1871 1307 1904 octava
1325 1873 1340 1892 ο
1361 1866 1500 1904 tricesimo
1517 1873 1591 1904 nono
1614 1866 1647 1893 ad
1673 1868 1850 1904 quadragesi-

1067 1909 1140 1938 mum
1155 1901 1264 1938 tertium
1278 1910 1285 1933 ;
1303 1909 1374 1938 nona
1391 1909 1405 1928 a
1420 1900 1629 1938 quadragesimo
1643 1900 1722 1938 tertio
1737 1903 1771 1929 ad
1781 1900 1851 1938 qua-

1067 1936 1250 1973 dragesimum
1283 1936 1423 1973 quintum;
1458 1936 1562 1973 decima
1593 1943 1607 1962 a
1640 1936 1850 1973 quatllfagesitrio

1068 1972 1164 2005 quinto
1185 1972 1218 1998 ad
1237 1972 1475 2006 quadragesimum
1491 1972 1652 2006 septimum;
1674 1972 1818 2000 undecima
1835 1983 1850 2001 ιι

1068 2006 1277 2041 quadragesimo
1291 2008 1408 2040 septimo
1425 2007 1458 2033 ad
1475 2007 1712 2042 quadragesimum
1728 2016 1850 2042 nonum;

1071 2041 1230 2079 duodecima
1252 2049 1268 2068 a
1290 2042 1499 2076 quadragesimo
1517 2049 1590 2079 nono
1606 2041 1640 2068 ad
1654 2041 1851 2079 quinquagesiQ

227 2083 310 2108 num;
328 2080 424 2109 quarta
445 2083 459 2102 a
480 2075 587 2102 decimo
608 2083 681 2103 nono
704 2075 737 2102 ad
754 2077 917 2111 rvicesimum
935 2077 1015 2111 quili-

228 2113 304 2143 tum;
317 2110 412 2144 quinta
434 2117 449 2137 a
471 2111 602 2138 vicesimo
617 2111 713 2146 quinto
726 2110 759 2137 ad
772 2110 1014 2146 tricesimum’pri-

227 2152 320 2179 mum;
336 2148 413 2173 sexta
424 2153 439 2172 a
451 2146 589 2173 tricesimo
604 2146 693 2180 primo
708 2146 740 2172 ad
754 2147 921 2174 tricesimum
934 2147 1014 2180 quin-

1068 2077 1293 2112 mumriprimum;
1312 2081 1374 2111 post
1390 2077 1611 2112 quamrsequitur
1623 2077 1773 2106 conclusio.

1103 2111 1228 2148 0191.1
1246 2111 1427 2148 Baqllw'oiz.
1440 2111 1513 2148 Infra
1528 2119 1613 2139 carm.
1628 2114 1752 2148 sequenti
1767 2112 1852 2142 Geor-

1069 2147 1130 2182 gius
1147 2146 1285 2174 Basilissa:
1303 2146 1387 2174 frater
1403 2147 1567 2182 appellatur.

869 2235 1035 2266 METRICA
1057 2236 1204 2267 VERSIO.

227 2331 337 2361 Octonis
354 2330 434 2358 annis
445 2330 537 2366 populi
551 2330 751 2366 esrmoderatus
768 2330 890 2359 habenas

261 2366 441 2398 Christicolae,
457 2367 540 2400 inque
555 2365 609 2401 tuis
624 2367 675 2401 hoc
691 2365 742 2392 fuit
756 2366 895 2401 exiguum.

228 2401 250 2429 0
263 2401 356 2433 Basili,
370 2401 476 2434 valeas;
495 2404 525 2428 ut
540 2400 595 2427 sint
615 2400 663 2427 tibi
679 2404 773 2428 nostra
789 2400 894 2434 relicta,

263 2436 321 2464 Hoc
337 2436 384 2463 tibi
397 2435 520 2471 Gregorii
535 2434 649 2471 funebre
664 2442 776 2471 carmen
791 2436 886 2467 habes,

228 2472 445 2506 Sermonemque
456 2470 526 2498 'oIim
542 2470 592 2498 tibi
607 2470 732 2506 charum.
749 2470 843 2506 Debita
858 2471 959 2499 amoris

262 2506 365 2541 Nempe
377 2505 467 2541 soluta
481 2506 530 2533 tibi
546 2505 636 2532 tristia
650 2505 722 2532 dona
736 2505 812 2532 mihi.

227 2540 385 2576 Gregorius.
396 2540 489 2572 Basili,
505 2548 569 2568 ecce
583 2544 631 2567 tuo
642 2540 726 2567 cineri
740 2541 791 2567 ista
806 2541 920 2572 sacravi,

263 2575 329 2609 Quae
343 2576 385 2603 bis
401 2584 448 2603 sex
464 2580 592 2603 constant
606 2579 692 2602 metra
708 2576 926 2610 cpigrammatiis.

285 2627 349 2648 CXI.
388 2629 414 2648 IN
433 2628 569 2648 IACIHNAI
589 2628 682 2648 SANCTI
701 2628 798 2648 BASILII
818 2628 950 2648 SOIIOIIEI.

417 2667 460 2703 (Α.
480 2667 513 2694 Β.
534 2666 640 2694 Caillau
659 2666 818 2702 interprete.)

227 2712 375 2740 Macrinam
391 2717 470 2740 teneo
482 2712 584 2739 claram
603 2711 687 2740 ferale
703 2713 828 2747 puellam,

263 2747 392 2780 Marmor,
410 2755 492 2782 quam
510 2748 598 2781 primo
613 2748 726 2782 protulit
741 2747 902 2774 Emmelium
920 2756 926 2774 :

227 2782 294 2816 Quae
306 2788 420 2810 cunctos
438 2782 544 2817 fugiens
559 2784 665 2814 oculos,
682 2790 755 2810 nunc
769 2782 855 2810 fertur
870 2783 896 2809 in
912 2789 960 2808 ora

263 2818 442 2851 Cunctorum,
461 2822 488 2845 et
504 2824 631 2853 magnum
646 2824 745 2846 nomen
763 2818 863 2852 ubique
879 2821 961 2845 tenet.

1030 2334 1050 2361 Β

1192 2340 1266 2360 ‘XXI.
1305 2341 1331 2360 IN
1350 2341 1483 2361 EUSEBIUM
1501 2341 1536 2360 ΕΤ
1556 2341 1722 2361 BASILISSAI.

1307 2380 1316 2415 (
1332 2379 1429 2407 Eodem
1444 2381 1591 2414 interprete.
1601 2379 1610 2415 )

1062 2437 1206 2468 Eusebius,
1223 2435 1362 2468 Basilissa,
1377 2436 1467 2471 jacent
1482 2436 1536 2468 hic,
1554 2436 1665 2464 nomine
1685 2435 1763 2468 clari,

1098 2471 1200 2499 Divina:
1214 2471 1291 2499 XOIEB
1307 2472 1421 2506 pignora
1435 2471 1601 2502 christil‘era,

1061 2507 1095 2534 Et
1111 2514 1195 2534 sacrae
1209 2514 1309 2541 corpus
1326 2506 1438 2534 Nonnae.
1455 2506 1616 2541 Quicunque
1630 2506 1764 2541 sepulcris

1096 2542 1208 2574 Obvius,
1224 2541 1276 2568 ah!
1293 2545 1398 2569 tuentes
1415 2545 1504 2569 mente
1521 2549 1622 2572 repone
1637 2542 1706 2576 pias.

1297 2606 1382 2626 CXXII.
1420 2606 1445 2625 IN
1464 2605 1609 2626 GEORGIUI.

1304 2653 1421 2688 (Eadem
1437 2655 1602 2689 interprete.)

1063 2709 1113 2737 IIic
1125 2717 1190 2737 caro
1206 2713 1235 2736 tu
1251 2710 1367 2737 recubas
1385 2710 1460 2736 chari
1475 2710 1574 2738 dilecta
1590 2709 1703 2745 Georgi,

1097 2745 1183 2779 Cujus
1197 2745 1293 2780 dextra
1310 2745 1384 2772 dedit
1400 2753 1513 2772 munera
1533 2753 1601 2780 pura
1618 2745 1688 2777 Deo;

1063 2780 1200 2816 Et‘tecuna
1213 2779 1342 2807 Basilissa
1359 2780 1457 2812 simul;
1472 2779 1618 2808 comiflune
1630 2780 1788 2816 sepulcrum

1101 2814 1234 2848 Possidet,
1249 2820 1279 2843 ut
1292 2816 1386 2848 vitam,
1403 2823 1528 2851 corpore,
1546 2819 1636 2844 mente
1652 2814 1741 2844 soror.

1862 2745 1872 2772 ι
