1942 3039
151 98 186 126 85
487 100 515 128 S.
535 101 699 130 GREGORII
718 103 842 131 THEOL.
863 104 1042 134 CARMINUM
1061 106 1161 135 LIBER
1180 107 1213 136 II.
1235 107 1429 137 HISTORICA.
1732 108 1771 140 εὖ

327 155 363 182 Β¹.
376 155 427 188 Εἰς
441 156 597 190 Σιγιίντιον
606 157 758 193 ἐρημιτην.

185 212 295 246 Χαίρων
313 212 361 246 μὲν
374 209 465 246 ἦλθον,
475 211 513 243 ὡς
523 212 604 239 πόθου
621 213 724 240 σὸἐσων
738 214 836 249 φλόγα,

150 257 207 292 Τῆς
222 257 270 292 σῆς
287 257 316 283 ὃν
330 255 402 292 εἶχον
418 257 508 283 ἐνθέου
523 258 676 290 ὰυνουσίας.

156 303 232 329 Ἐπεὶ
241 302 269 328 δὲ
285 303 388 338 κρήνας
402 299 479 338 εὖρον
495 303 629 338 ἀκρήνους
642 304 745 338 σαφῶς,

150 348 244 383 lin-(ﬁ;
252 347 373 383 ἀπούσης
385 349 446 383 ἐμοὶ
462 349 653 384 ποτιμωτάτης
664 369 671 381 ,

150 395 167 422 5
188 393 319 429 Ἀπῆλθον
335 391 413 425 αὖθις
428 394 475 420 καὶ
489 393 550 429 μάλ’
563 395 787 430 ἐστυγνασμένος,

151 441 201 467 ’Ἑν
218 439 376 475 προσλαϐών
387 447 394 455 ⁸
410 439 438 466 τί
450 440 547 472 τοῦτο;
561 440 672 476 διψῆσαι
689 441 779 468 πλέον.

149 485 237 521 Εὗχου
249 486 271 512 δ’
285 486 359 521 ὅμως
373 494 417 521 μοι
427 486 556 521 δευτέραν
571 486 724 521 συντυχίαν,

151 532 246 562 Ὅπως
260 531 458 566 κατασϐέσαιμι
472 531 520 566 τὴν
537 531 637 566 πολλὴν
646 531 743 566 φλόγα,

150 575 248 604 Λαϐὼν
261 585 298 608 τι,
313 577 360 604 καὶ
378 576 428 608 δεῖ,
443 571 497 602 τῶν
514 576 580 602 Θεοῦ
589 576 742 611 νοημάτων.

382 630 420 657 Γ¹,
436 631 487 663 Εἰς
504 630 702 664 Εὺπραξίους.

151 672 218 702 οὐδὲ
236 675 285 710 μὲν
299 675 328 702 ὲν
342 676 477 711 πυμάτοις
491 675 655 711 Εὺπράξιος,
666 676 727 702 οὐδὲ
745 675 793 712 μὲν
805 676 882 709 ἄλλος
892 684 900 692 ·

186 719 286 756 Οὕνομ’
301 720 331 747 ἓν
345 721 505 757 ἀμφότεροι,
522 721 607 756 θυμὸν
623 722 729 756 ἔχοντες
745 721 803 755 ἕνα,

947 164 971 192 Α
984 161 1132 197 Γρηγορίου
1147 163 1237 198 ἱερῆος
1251 163 1454 199 ὑποδρηστῆρες
1463 163 1579 199 ἄριστοι,

1025 207 1078 233 Τοῦ
1092 209 1137 234 καὶ
1147 207 1193 234 νῦν
1203 208 1321 243 λάτριες,
1340 208 1411 236 κεῖθι
1422 210 1616 246 παρεσταότες.

1117 275 1168 307 Εἰς
1183 274 1355 310 Φιλάγριον,
1369 275 1419 302 καὶ
1434 275 1510 309 πρὸς
1523 275 1692 310 ὑπομονήν.

991 331 1083 357 Ἔστιν
1104 330 1274 364 Ἐπικτήτοιο
1294 330 1365 366 μέγα
1378 331 1456 362 κλέος
1470 331 1498 357 ὲν
1512 331 1692 367 προτέροισιν,

1025 376 1118 402 Ἔστιν
1136 375 1299 411 Ἀναξάρχου
1311 384 1318 391 '
1334 372 1372 403 ὧν
1387 377 1401 402 ὁ
1419 376 1468 411 μὲν
1482 376 1633 411 ἀγνύμενος

989 419 1025 447 Τδ
1034 420 1111 452 κλέος
1124 420 1174 446 οὐκ
1188 420 1327 454 ἀλέγιζεν·
1343 421 1357 447 ὁ
1375 421 1397 447 δ’
1410 421 1493 456 ὅλμον
1510 423 1603 457 χεῖρας
1622 422 1728 456 ἔχοντος

1024 465 1196 500 Κοπτόμενός
1212 465 1237 499 γ’
1253 465 1333 491 ὲὸὁα·
1349 465 1480 492 Πτίσσετε
1496 465 1542 492 ’τὸν
1555 465 1680 493 θύλακον.

988 509 1006 536 5
1028 509 1106 536 Ἀλλὰ
1123 510 1154 536 σὺ
1176 510 1222 536 καὶ
1237 510 1345 546 δηναιὰ,
1366 510 1504 546 Φιλάγριε,
1534 512 1639 546 σώματι
1657 512 1770 547 κάμνων

1024 555 1199 591 Δαπτομένῳ,
1215 555 1303 591 ψυχὴν
1321 556 1379 583 αἱὲν
1393 556 1529 592 ἄπληκτον
1543 556 1624 592 ἔχεις.

1297 621 1334 648 Ε’.
1357 621 1456 649 Ἄλλο.

990 677 1022 703 Εἰ
1037 677 1073 712 μή
1095 685 1135 703 σοι
1148 677 1233 712 δέμας
1245 675 1290 713 ἦε,
1306 677 1444 713 Φιλάγριε,
1461 677 1555 704 τόσσον
1569 676 1688 710 ἀκιδνὸν,

1024 722 1128 749 Οὖποτε
1147 723 1196 758 σῆς
1211 723 1311 759 ἀρετῆς
1328 723 1427 759 κάρτος
1438 723 1471 750 ἂν
1486 722 1658 759 ἐφρασάμην,

768 799 800 827 II.
823 799 855 827 In
874 799 1022 836 Sigantium
1038 801 1203 827 eramitam‘.

441 842 570 880 Gaudeas
579 844 688 878 quidem
700 844 773 877 veni,
787 849 816 870 ut
832 844 966 871 llammam
979 845 1107 872 desiderii
1123 845 1340 880 exstinguerem,

404 876 464 914 Quo
478 876 637 912 ﬂagrabam,
652 879 774 906 ccelestis
793 880 831 905 tui
847 887 1021 914 congressus.

404 911 503 950 Yerum
518 911 766 950 postquaml‘ontes
781 915 881 950 reperi,
901 911 947 948 qui
963 915 1052 948 reipsa
1069 914 1158 941 fontes
1175 921 1227 941 non
1243 918 1333 946 erant,

406 946 546 981 Siquidem
560 946 653 975 aberat
666 949 726 976 fons
745 946 1022 982 tnihi'dulcis'simus;

404 981 421 1018 ξ
440 983 536 1008 Statim
554 984 654 1011 recessi
672 991 768 1018 magno
785 992 902 1011 maerore
915 984 1040 1016 allectus,

402 1015 469 1053 Bern
481 1025 562 1044 unam
582 1015 746 1046 consecutus
761 1026 767 1043 :
787 1027 911 1053 quaenam
925 1020 970 1045 illa
981 1019 993 1046 ἶ)
1005 1024 1034 1046 ut
1051 1020 1156 1046 sitirem
1169 1019 1266 1053 magis.

402 1051 504 1087 Precor
515 1056 606 1079 tamen
620 1054 685 1080 mihi
700 1051 816 1080 alterum
834 1062 1022 1087 congressum,

403 1085 439 1123 Ut
455 1088 625 1123 exstinguam
642 1089 776 1123 ingentem
790 1085 935 1119 flammam,

402 1121 568 1157 Accipiendo
587 1127 614 1150 et
626 1121 806 1158 impertiendo
820 1124 921 1159 aliquid
934 1123 1090 1150 divinarum
1105 1124 1312 1159 cogitationum.

827 1182 870 1208 Ill.
900 1181 932 1208 In
952 1181 1099 1215 Eupraxios

403 1222 496 1263 Reque
508 1225 579 1251 inter
592 1225 707 1263 ultimos
717 1225 884 1263 Eupraxius,
905 1235 992 1263 neque
1010 1227 1096 1257 alter;

437 1258 541 1286 Nomen
556 1268 639 1287 unum
656 1261 745 1292 ambo,
760 1258 885 1288 animum
906 1258 1035 1289 habentes
1053 1270 1147 1288 unum.

403 1293 526 1335 Gregorii
540 1295 689 1335 sacerdotis
703 1296 824 1335 ministri
837 1296 931 1335 optimi
942 1316 950 1327 ,

438 1327 558 1364 Ejusque
572 1330 654 1357 etiam
670 1338 744 1357 nunc
761 1327 875 1367 famuli,
892 1332 946 1358 illic
963 1331 1113 1358 adstantes.

690 1379 734 1407 IV.
754 1379 787 1407 In
803 1379 969 1415 Philagrium
987 1385 1013 1408 et
1034 1381 1068 1407 ad
1082 1382 1281 1415 patientiamm

404 1423 459 1460 Est
471 1424 589 1460 Epicteti
606 1431 702 1459 magna
717 1425 803 1460 gloria
825 1426 896 1452 inter
909 1426 1023 1459 primos,

440 1459 488 1487 Est
495 1459 671 1493 ’Anaxarchi;
683 1459 799 1494 quorum
816 1461 861 1487 ille
873 1460 1034 1488 confractus

403 1495 523 1522 Gloriam
539 1502 593 1520 non
609 1495 720 1521 curabat
734 1505 740 1522 :
759 1495 805 1522 hic
821 1503 885 1523 vero
900 1497 1031 1522 mortario
1046 1503 1146 1522 manus
1162 1498 1283 1527 tenente,

439 1530 504 1556 Cum
521 1529 679 1556 tunderetur
693 1530 828 1557 clamabat
846 1540 853 1557 :
868 1530 985 1557 'I‘undite
998 1536 1097 1557 utrem.

404 1563 422 1591 5
439 1563 493 1599 Sed
506 1568 534 1590 tu
552 1571 659 1599 quoque
675 1564 804 1591 diuturna
821 1565 903 1596 mala,
922 1565 1052 1599 Philagri.
1071 1571 1186 1598 corpore
1203 1563 1294 1592 ferens

438 1598 579 1632 Lacerato,
596 1598 716 1626 animum
730 1607 837 1634 semper
849 1598 1048 1634 impercussum
1063 1600 1158 1626 habes.

755 1645 981 1680 1166-1167
1002 1644 1034 1671 V.
1053 1644 1134 1671 Aliud
1148 1645 1205 1671 ηη,

406 1689 465 1727 Nisi
479 1690 528 1718 tibi
542 1698 642 1726 corpus
659 1691 763 1723 fuisset,
780 1692 909 1727 Philagri,
927 1697 984 1719 tam
997 1693 1143 1723 imbecille,

443 1725 652 1761 Nunquam’tuae
669 1727 778 1755 virtutis
796 1725 870 1755 vires
883 1727 1132 1761 deprehendissem.

193 1802 288 1830 ‘Alias
300 1801 362 1830 BiII.
378 1802 440 1836 I06,
456 1810 517 1839 pag.
531 1803 591 1830 180.

194 1879 227 1908 ll.
243 1880 340 1909 TITUL.
366 1883 419 1915 Εἰς
441 1881 608 1916 Σιγάντιον.
631 1881 775 1910 Probabile
798 1885 840 1910 est
868 1882 941 1909 hunc

157 1916 283 1952 eumdem
297 1924 358 1943 esse
374 1924 407 1944 ac
426 1917 630 1952 praecedentem.
646 1917 775 1944 CMLLAU.

195 1950 238 1977 III.
253 1950 649 1988 ΤιτυιηΕῑςἙὺπραξίουςρ
669 1952 726 1988 Duo
751 1952 789 1979 illi
812 1952 939 1988 Eupraxii

159 1986 340 2022 inservierant
362 1987 389 2013 in
413 1994 493 2014 sacro
520 1987 670 2022 ministerio
694 1987 835 2021 Gregorio,
853 1986 939 2022 quem

159 2020 325 2048 Muratorius
344 2025 422 2056 putat
444 2028 505 2048 esse
530 2020 691 2055 Gregorium
716 2020 875 2051 seniorem,‘
890 2021 937 2048 sed

159 2055 235 2082 nullo
250 2055 333 2083 nixus
353 2055 538 2083 fundamento.
562 2056 617 2083 Hos
632 2057 713 2083 etiam
729 2065 826 2084 versus
844 2057 878 2083 ab
894 2056 938 2082 in-

159 2094 236 2125 legro
252 2090 344 2125 aliquo
367 2092 488 2117 carmine
511 2091 674 2118 Nazianzeni
699 2093 807 2119 avulsos
831 2094 938 2121 censet,

160 2125 240 2160 quale
263 2125 330 2152 illud
350 2130 392 2153 est
409 2126 443 2152 ad
459 2125 610 2153 llelleuium
626 2126 657 2153 de
672 2125 819 2159 Monac/tis,
838 2126 886 2153 ubi
905 2126 939 2153 de

630 1805 649 1814 "
660 1803 736 1831 Alias
748 1802 879 1831 Murator.
896 1803 956 1830 184.

994 1804 1025 1814 ·“
1048 1804 1122 1831 Alias
1134 1803 1266 1830 Murator.
1280 1801 1343 1830 I96.
1379 1801 1426 1813 ““
1438 1801 1514 1829 Alias
1527 1799 1659 1828 Murator.
1676 1799 1738 1828 197.

995 1882 1090 1909 multis
1106 1881 1175 1909 viris
1192 1881 1244 1916 piis
1266 1881 1380 1916 agitura
1393 1879 1645 1916 Illicmpenersimile
1664 1878 1777 1916 distichi

995 1918 1078 1944 unius
1104 1913 1246 1944 exordium
1275 1913 1406 1943 occurrit.
1436 1913 1503 1942 Vide
1531 1914 1579 1941 lib.
1599 1922 1630 1946 ll,
1657 1918 1723 1941 sect.
1747 1913 1777 1945 2,

993 1960 1079 1979 carm.
1096 1960 1115 1982 ι,
1131 1960 1202 1979 vers.
1216 1951 1276 1977 171.

1028 1986 1073 2013 IV.
1091 1986 1188 2013 TITUL.
1203 1987 1255 2018 Εἰς
1266 1985 1433 2020 Φιλάγριον.
1445 1983 1609 2019 Philagrius,
1625 1991 1658 2010 ex
1671 1982 1779 2010 inlimis

994 2021 1117 2057 Gregorii
1137 2021 1328 2057 familiaribus.
1344 2021 1440 2057 multis
1459 2020 1679 2057 grarissimisque
1698 2025 1772 2057 mors

992 2057 1034 2084 bis
1049 2052 1178 2083 'aﬂlictus.
1196 2056 1292 2082 miram
1308 2055 1452 2082 exhibebat
1461 2052 1641 2087 patientiam.
1657 2052 1772 2080 Exstant

993 2092 1086 2127 plures
1101 2091 1134 2118 ad
1151 2098 1213 2118 eum
1231 2089 1355 2125 Gregorii
1370 2089 1502 2125 epistola.

806 2203 973 2234 METRICA
981 2201 1128 2232 VERSIO.

347 2272 378 2292 II.
399 2272 425 2291 IN
444 2272 588 2292 SIGANTIUM
611 2273 759 2292 EBEMITLI.

417 2319 509 2356 (Bittio
523 2320 685 2354 interprete.)

196 2375 287 2403 Laetus
304 2374 413 2409 quidem
429 2375 487 2410 ipse
504 2383 641 2407 veneram,
660 2380 690 2402 ut
705 2376 902 2410 restinguerem

162 2410 254 2442 Sitim.
270 2410 380 2437 videndi
395 2418 455 2444 qua:
471 2410 579 2437 tenebat.
596 2419 637 2437 me
650 2411 700 2437 tui.

162 2447 212 2473 Ast
227 2451 257 2473 ut
272 2449 409 2472 carentem
426 2445 500 2472 fonte
514 2445 613 2472 fontem
627 2445 733 2480 repperi

162 2481 275 2514 (Aberat
289 2480 360 2507 enim
372 2483 429 2506 tum
446 2479 506 2507 fons
519 2480 584 2507 mihi
597 2479 794 2513 dulcissimus),

162 2515 246 2542 Tristi
263 2515 364 2542 recessi
378 2519 468 2541 mente
482 2522 576 2542 rursus
589 2515 744 2547 admodum,

161 2550 219 2577 lloc
237 2555 334 2576 nactus
349 2557 442 2580 unum.
460 2549 546 2583 major
563 2554 592 2576 ut
603 2555 705 2584 premat
724 2550 794 2577 sitis.

161 2585 196 2620 ᾼι
211 2590 240 2612 tu
255 2592 375 2619 precare,
391 2592 488 2620 rursus
505 2588 538 2620 uti
551 2586 586 2611 mi
602 2586 679 2620 copia

161 2619 221 2646 Fiat
237 2620 286 2650 tui,
302 2627 356 2653 quo
371 2619 517 2646 maximum
532 2619 620 2654 ignem
637 2619 828 2654 comprimam,

163 2654 266 2689 Deique
281 2661 360 2681 sensa
376 2654 436 2681 dem
456 2653 515 2685 tibi,
533 2662 638 2681 sumam
653 2659 679 2682 et
693 2653 784 2683 simul.

420 2717 459 2736 Ill.
480 2717 506 2736 IN
527 2717 686 2738 EUPRAXIOS.

351 2755 394 2791 (Α.
415 2755 447 2782 Β.
465 2755 572 2783 Caillau
592 2756 752 2791 interprete.)

166 2810 224 2839 Non
242 2811 311 2845 apud
323 2815 459 2840 extremos
473 2811 638 2847 Eupraxius,
655 2820 725 2840 unus
740 2815 766 2839 et
781 2812 850 2840 alter
863 2820 871 2838 :

962 2267 983 2295 Β
1033 2261 1122 2288 Unum
1134 2261 1214 2288 ambo
1228 2267 1336 2294 nomen,
1351 2268 1430 2288 mens
1445 2260 1527 2288 habet
1537 2267 1590 2288 una
1605 2260 1685 2289 duos.

998 2296 1121 2330 Gregorii
1136 2300 1230 2331 mysta:
1246 2296 1317 2322 sacri
1333 2295 1431 2330 ﬁdique
1447 2296 1576 2327 ministri,

1034 2331 1084 2358 Hic
1100 2331 1193 2358 famuli
1213 2334 1316 2358 stantes
1330 2331 1402 2358 illius
1416 2331 1482 2357 estis
1496 2330 1594 2359 adhuc.

1108 2383 1144 2403 ιν.
1166 2382 1192 2401 IN
1211 2382 1374 2402 ΡιιιιΑῦιυυιι
1390 2382 1424 2401 ΕΤ
1437 2383 1470 2401 AD
1489 2382 1664 2402 PATIENTIAI.

1240 2421 1349 2456 (Eodem
1370 2421 1531 2455 interprete.)

997 2466 1093 2501 Fulget
1110 2466 1223 2500 Epicteti
1241 2474 1324 2501 super
1338 2467 1437 2501 inclyta
1452 2466 1536 2499 gloria
1552 2470 1677 2500 cunctos,

1030 2501 1126 2536 Fulget
1137 2502 1301 2528 Anaxarchi.
1319 2501 1432 2528 Fractus
1446 2501 1517 2528 enim
1533 2502 1578 2528 ille
1593 2501 1678 2528 decus

998 2536 1138 2570 Despexit,
1154 2537 1222 2562 dura
1237 2544 1302 2563 vero
1317 2537 1360 2562 hic
1377 2537 1498 2563 calcante
1510 2541 1638 2563 cruentas

1033 2571 1103 2598 Mole
1120 2579 1225 2602 manus,
1242 2575 1357 2598 tunsus:
1373 2570 1500 2603 Tundite,
1517 2571 1594 2602 dixit,
1610 2576 1709 2597 utrem.

998 2605 1038 2634 Tn
1053 2613 1170 2640 quoque,
1185 2610 1212 2632 tu
1229 2606 1317 2632 lacero
1333 2611 1443 2640 portans
1459 2606 1529 2632 mala
1545 2606 1632 2641 longa,
1646 2605 1776 2640 Philagri,

1032 2640 1161 2675 Corpore,
1178 2641 1232 2667 vim
1247 2641 1316 2667 ιιι-ιιιί
1331 2641 1450 2675 pectoris
1468 2648 1553 2675 usque
1568 2647 1653 2668 tenes.

1319 2693 1345 2712 ν.
1370 2693 1459 2712 ALIUD.

1244 2731 1355 2766 (Eodem
1372 2731 1533 2767 interprete.)

999 2776 1027 2805 Si
1043 2777 1091 2804 tibi
1107 2785 1160 2804 non
1176 2777 1277 2804 fuerint
1292 2782 1344 2804 tam
1361 2777 1488 2812 languida
1503 2777 1634 2811 membra,
1647 2775 1776 2812 Philagri,

1031 2812 1093 2840 Non
1106 2817 1152 2840 tua
1167 2813 1273 2840 virtutis
1284 2812 1326 2840 vis
1339 2813 1404 2839 mihi
1421 2816 1484 2840 nota
1501 2812 1579 2840 foret.
