1942 3039
87 175 138 202 “5

390 230 457 257 NH'.
477 230 581 257 Ἄλλο.

84 275 182 309 Τεῖχος
193 274 234 301 ἐνὶ
249 274 424 309 προ-πόδεσσι,
439 274 486 301 καὶ
497 274 597 310 δροιος,
609 274 683 301 ἔνθεν
697 275 791 303 ἔπειτα

120 320 239 352 ’Υπτιος
255 320 287 346 ὲκ
299 320 418 354 λαγόνων
432 321 471 351 εις
486 319 514 346 ἓν
524 320 717 356 ἀγειρομένων,

84 365 196 399 Τύμῆος
208 365 266 400 ἔην,
279 364 434 401 καθύπερθε
445 365 526 398 λόφου
539 364 629 399 λόφος.
645 365 724 392 Ἀλλὰ
733 366 760 392 τί
772 365 872 400 mina;

120 410 206 438 Οὐδὲν
222 410 405 446 χρυσοφίλοις,
420 410 446 436 οῖ
459 411 488 445 μ’
503 409 627 442 ἐτίναξεν
643 410 713 438 ὅλον.

384 467 448 494 NE)’.
465 467 571 494 Ἄλλο.

85 511 199 547 Νεκρῶν
212 512 297 547 νεκρὰ
308 512 384 538 πέλει
398 513 445 539 καὶ
461 513 599 548 μνήματα.
614 514 662 544 Ὃς
675 514 697 540 δ’
713 513 847 550 ἀνεγείρει

121 558 232 593 Ῥύμὸον
247 558 403 593 ἀριπρεπέα
418 560 450 593 τῇ
465 559 532 590 κόνι,
550 560 608 585 τοῖα.
622 559 712 586 πάθοι.

85 604 121 631 οὺ
137 603 191 639 γὰρ
206 603 239 630 ἂν
253 601 330 634 οὗτος
345 603 415 638 ἀνὴρ
431 603 476 629 τὸν
491 603 556 638 ἐμὸν
569 604 653 638 τάφον
667 604 844 637 ἐξαλάπαξεν,

120 649 151 674 El
167 647 205 683 μὴ
221 647 320 683 χρυσὸν
335 647 407 683 ἔχειν
422 647 522 682 ἤλπετο
539 647 571 674 ἐκ
585 648 696 676 νεκύων.

401 704 438 731 Ξ¹.
455 704 559 731 Ἀλλο.

87 751 146 783 Τίς,
160 751 246 784 τίνος;
262 752 299 778 Οὐ
315 751 395 786 κενεὴ
409 750 494 786 στήλη
505 757 511 764 ·
525 751 580 785 πρὸ
593 750 647 786 γὰρ
660 751 744 778 ὤλετο
759 751 873 787 τύμϐου.

663 173 783 201 SECTIO
800 173 832 202 II.
847 173 1106 202 EPIGRAMMA‘TA.

888 236 908 264 Λ
958 233 1006 264 Τίς
1022 232 1131 267 χρόνοςι
1151 231 1263 267 ’Λρχαίη
1284 230 1403 266 σήματος
1416 229 1542 266 ἐργασίη.

1654 170 1708 198 ιιι

923 279 971 310 Τίς
987 278 1015 304 δὲ
1030 279 1154 313 ἐνήρατο,
1167 277 1238 308 εἰπὲ,
1253 277 1349 311 φθόνος
1361 276 1438 309 τόδε;
1457 277 1553 311 Χεῖρες
1566 274 1674 322 ἁλιτρα¹ι

956 323 1088 355 Γείτονος.
1101 323 1144 354 Ὡς
1157 323 1183 350 τι
1197 323 1291 357 λάϐοι;
1309 322 1414 358 Χρυσὺν
1430 322 1484 357 ἔχοι
1500 321 1618 356 auo-tim.

1224 388 1285 416 ΞΝ.
1304 390 1408 416 Ἀλλο.

924 447 1018 478 Ὅστις
1033 446 1098 480 ἐμὸν
1110 446 1184 481 παρὰ
1200 446 1274 481 σῆμα
1288 446 1381 480 φέρεις
1395 444 1474 475 πόδα,
1491 444 1544 470 (alii
1560 451 1592 478 με
1605 442 1690 469 ταῦτα.

955 492 1008 518 Τοῦ
1022 491 1232 526 νεοκληρονόμου
1250 491 1329 526 χερσὶ
1345 490 1453 517 παθόντ’
1472 489 1583 520 ἀδίκως.

922 538 959 563 Οὺ
975 537 1029 571 γὰρ
1042 536 1101 572 ἔχον
1116 536 1214 571 χρυσόν
1228 545 1257 562 τε
1269 537 1316 563 καὶ
1327 536 1456 571 ἄργυρον,
1471 535 1527 562 ἀλλ’
1543 533 1683 569 ὲδοκήθην,

959 582 1061 609 Κάλλεῖ
1078 581 1243 617 μαρμαίρων
1261 581 1411 608 τοσσατίων
1425 581 1554 614 λαγόνων.

1224 649 1283 678 ΞΒ¹.
1301 649 1405 677 Ἀλλο.

959 706 1041 741 Στῆθι
1052 707 1146 739 πέλας,
1157 706 1203 733 καὶ
1214 705 1330 733 χλαῦσον
1343 704 1403 732 ἰδὼν
1413 703 1471 730 τόδε
1484 704 1559 738 σῆμα
1569 702 1708 734 θανόντος·

924 752 1016 779 Εἴποτ’
1027 751 1090 787 ἔην·
1106 752 1154 779 νῦν
1168 751 1244 788 (μὴν)
1261 751 1290 778 δὲ
1302 751 1387 785 τάφου
1402 749 1550 785 δηλήμονος
1562 747 1657 783 ἀνδρὸς

796 827 885 855 LVIII.
900 828 981 854 Aliud
998 829 1016 855 ⁴.

334 872 429 909 Murus
446 873 472 901 in
488 874 589 902 montis
603 874 751 906 radicibus,
765 879 791 901 et
806 879 926 907 erectus,
944 875 1008 902 hinc
1021 874 1149 909 deinceps

368 908 489 942 Supinns
500 917 533 936 ex
548 909 681 936 lateribus
699 910 725 936 in
744 918 827 937 unum
844 910 966 938 collectis

334 943 470 980 Trimulus
484 952 570 976 eram,
584 944 663 971 collis
679 952 762 979 supra
781 945 886 972 collem.
906 944 959 972 Sed
976 945 1041 980 quid
1056 945 1131 972 haec?

368 977 442 1005 Nihil
454 986 551 1007 aurum
564 977 730 1012 amantibus,
744 980 792 1015 qui
807 988 850 1007 me
865 984 951 1007 totum
967 977 1160 1008 excusserunt.

793 1027 860 1055 LIX.
879 1029 959 1055 Aliud
973 1029 1003 1056 “.

334 1071 502 1109 Mo_rtuorum
519 1076 625 1100 mortua
641 1080 749 1108 quoque
766 1079 830 1100 sunt
845 1079 1032 1101 monumenta.
1050 1073 1102 1107 Qui
1119 1078 1208 1101 autem
1224 1073 1304 1109 erigit

370 1107 513 1135 Tumulum
533 1107 712 1142 magniliéum
720 1108 816 1140 cineri,
831 1110 894 1136 talia
911 1109 1038 1143 patiatur.

335 1141 393 1178 Non
411 1143 484 1170 enim
500 1143 551 1170 iste
566 1141 607 1169 vir
623 1151 712 1170 meum
733 1144 890 1178 sepulcrum
907 1141 1053 1176 vastasset,

369 1177 428 1205 Nisi
442 1185 539 1205 aurum
557 1177 660 1205 habere
675 1177 815 1213 sperasset
832 1187 864 1205 ex
883 1180 1009 1207 mortuis.

796 1223 852 1252 LX.
871 1223 953 1251 Aliud
971 1225 1014 1250 “‘.

334 1268 413 1305 Quis,
428 1268 526 1305 cujus?
540 1268 599 1296 Non
616 1268 706 1305 inanis
719 1269 816 1305 cippus
830 1279 836 1297 :
852 1273 915 1298 ante
929 1270 1001 1297 enim
1016 1270 1151 1297 tumulum
1163 1277 1275 1298 eversus
1291 1273 1334 1298 est

371 1303 513 1337 Quodnam
523 1304 651 1340 tempus?
667 1303 785 1340 Antiqua
803 1309 845 1332 est
859 1305 1029 1332 monumenti
1046 1309 1196 1333 structura.

335 1338 403 1372 Quis
417 1343 507 1367 autem
522 1339 573 1365 hoc
588 1338 657 1365 livor
672 1338 794 1371 sustulit,
811 1340 876 1366 dic?
894 1339 990 1367 Manus
1005 1340 1128 1368 scelesta:

374 1373 468 1401 Vicini.
487 1374 521 1401 Ut
536 1374 601 1409 quid
617 1376 741 1409 caperet?
756 1374 790 1402 Ut
809 1383 906 1402 aurum
925 1375 1037 1403 haberet
1051 1375 1077 1402 in
1095 1375 1214 1403 tenebris
1227 1375 1376 1403 conditum.

774 1420 840 1447 LXI.
867 1421 947 1447 Aliud
969 1422 1021 1448 “".

337 1468 500 1502 Quicunque
514 1475 605 1494 meum
625 1467 657 1494 ad
675 1467 810 1495 tumulum
826 1467 881 1496 fers
896 1468 1003 1502 pedem.
1021 1473 1090 1496 serto
1106 1477 1149 1496 me
1166 1469 1223 1496 haec

371 1503 438 1530 Novi
450 1502 564 1530 limredis
578 1503 704 1537 manibus
720 1511 830 1537 passum
847 1503 957 1536 injuste.

339 1537 565 1573 1190-1191
586 1536 644 1564 Non
659 1536 731 1565 enini
751 1538 881 1565 habebam
899 1545 994 1565 aurum
1008 1543 1035 1566 et
1054 1542 1206 1573 argentum,
1224 1538 1271 1566 sed
1291 1538 1366 1567 visus
1386 1545 1446 1567 sum
1461 1538 1570 1571 habere,

396 1573 580 1600 ulchritudiue
595 1573 723 1601 renidens
735 1577 872 1600 tantorum
890 1573 1038 1607 parietum.

770 1620 848 1647 LXII.
867 1621 948 1647 Aliud

376 1665 448 1694 Siste
465 1666 579 1701 gradum
597 1667 718 1700 propius,
735 1670 762 1692 et
777 1667 838 1702 lnge
857 1667 966 1694 intuens
981 1666 1033 1694 hoc
1051 1671 1257 1695 monumentum
1279 1667 1397 1700 mortui;

338 1701 492 1736 Aliquando
508 1709 582 1729 eram
596 1710 603 1734 ;
622 1710 695 1728 nunc
709 1706 800 1729 autem
821 1702 940 1736 sepulcri
956 1702 1049 1729 miseri
1068 1703 1117 1728 viri

125 1781 133 1788 '
141 1777 217 1805 Alias
223 1776 353 1805 Murator.
368 1778 427 1805 148.

90 1812 223 1840 Murator.
238 1813 299 1840 152.

465 1781 484 1789 "
493 1778 567 1806 Alias
579 1777 710 1806 Murator.
722 1778 783 1805 149.

124 1890 217 1918 LVIII.
237 1891 255 1918 ι
273 1891 484 1925 Χρυσορίλοις.
504 1891 554 1918 Ms.
575 1891 763 1926 χρυσοφίλαις.

126 1926 181 1953 LX.
195 1927 209 1953 1
231 1926 292 1959 Τις,
302 1927 403 1959 τίνοςς
418 1925 600 1961 Dialogismus
615 1931 657 1953 est
677 1927 705 1953 in
721 1933 782 1960 ~quo
796 1925 879 1953 verba

92 1961 187 1988 Grzeca
199 1981 206 1991 .
223 1969 278 1988 non
298 1962 325 1988 in
340 1969 395 1987 uno
411 1966 539 1996 corrupta
551 1962 620 1995 loco,
630 1962 720 1988 locum
731 1961 879 1988 divinatio-

91 1997 172 2023 nibns
186 1997 296 2026 dedere.
312 1996 400 2031 inquit
418 1996 591 2023 Muratorius.

126 2030 197 2058 LXI.
217 2032 230 2058 1
250 2031 361 2066 Φέρεις.
378 2031 405 2058 In
418 2033 610 2066 menuscriptis
625 2031 765 2059 codicibus
783 2031 880 2066 legitur

111 2066 179 2093 έοει.

90 2075 208 2128 “BI-II.
222 2101 240 2128 2
261 2100 370 2136 Τάφου.
396 2100 446 2129 Με.
467 2101 563 2135 τάφον,
578 2109 628 2136 pro
650 2109 705 2136 quo
717 2102 808 2136 posuit
822 2099 880 2127 Mu-

90 2137 211 2164 ratorius
226 2136 323 2170 τάφου,
338 2143 388 2172 nec
402 2136 548 2164 immerito.
558 2136 691 2172 Loquitur
703 2136 835 2169 tumulus,
852 2139 879 2162 et

90 2172 180 2206 inquit
195 2179 226 2199 se
238 2172 304 2198 OIIl'll
318 2171 370 2206 viri
386 2172 487 2198 mortui
512 2171 597 2199 fuisse
608 2171 837 2202 ’monnmentum.
852 2174 880 2196 at

89 2205 164 2235 nunc
183 2214 216 2235 se
236 2214 299 2235 esse
318 2205 437 2234 infelicis
453 2210 560 2234 tantum
580 2208 698 2242 sepulcri
719 2213 879 2234 monumen-

863 1779 936 1807 Alias
950 1779 1081 1806 Murator.
1090 1779 1152 1807 150.

1192 1779 1318 1807 ""Alias
1327 1779 1456 1807 Murator.
1472 1779 1534 1807 15L
1573 1779 1627 1791 “'“
1637 1777 1712 1806 Alias

933 1896 1001 1918 tum.
1020 1890 1098 1923 Quod
1112 1890 1135 1917 si
1153 1891 1182 1917 τὸ
1195 1890 1346 1926 δηλήμονος
1363 1890 1550 1926 interpretaris
1565 1891 1714 1925 perditissi-

932 1927 969 1952 mi
983 1934 1014 1952 ac
1034 1926 1129 1960 nefarii
1147 1926 1207 1957 viri,
1222 1925 1336 1953 'sensus
1361 1927 1412 1953 erit
1427 1934 1434 1951 :
1448 1925 1516 1953 Olim
1533 1927 1653 1953 testabar
1669 1927 1713 1954 hic

933 1961 1069 1987 hominem
1082 1960 1173 1994 jacere
1199 1961 1349 1995 sepultum;
1364 1961 1571 1996 nuncrdejectus
1594 1962 1713 1996 viatores

934 2003 1031 2022 moneo
1045 1995 1078 2023 de
1091 1996 1250 2023 exsecrabili
1270 1996 1409 2023 ell‘ossoris
1432 1995 1562 2023 facinore.
1586 1995 1626 2023 Ita
1655 1995 1714 2023 Mu-

933 2030 1063 2059 ratorius.
1080 2044 1117 2051 —

933 2065 1060 2101 mendum
1073 2065 1200 2101 aliquod.
1211 2073 1272 2092 cum
1282 2073 1381 2101 versus
1395 2065 1531 2093 secundus
1546 2074 1599 2093 una
1610 2067 1714 2101 syllaba

932 2100 1040 2126 deﬁciat
1053 2109 1060 2127 :
1073 2100 1164 2126 Εἴποτ¹
1189 2100 1246 2135 ἔην,
1263 2100 1310 2126 νῦν
1326 2100 1354 2126 δὲ
1372 2100 1467 2135 τάφου,
1482 2105 1546 2133 etc.,
1558 2102 1601 2128 cui
1616 2100 1715 2129 mendo

933 2138 963 2171 ut
982 2142 1153 2171 occurrerem
1170 2135 1331 2171 expletivam
1348 2135 1418 2171 intra
1437 2137 1620 2170 parentliesim
1636 2137 1714 2171 posui

934 2170 1019 2205 (μήν).
1030 2169 1106 2197 Adde
1118 2170 1191 2204 quod
1206 2169 1331 2198 libenter
1345 2169 1508 2206 crediderim
1529 2171 1608 2198 aliter
1622 2169 1715 2206 dispo-

933 2205 1052 2232 nendum
1065 2213 1127 2233 esse
1142 2210 1305 2240 punctorum
1322 2205 1445 2232 ordinem
1473 2206 1510 2233 ita
1530 2210 1559 2234 ut
1583 2206 1610 2233 in
1626 2205 1715 2242 primo

742 2275 907 2304 METRICA
919 2273 1068 2304 VERSIO.

387 2346 464 2366 LVIII.
486 2346 576 2366 ALIUD.

281 2384 326 2419 (A.
343 2384 375 2411 Β.
392 2384 499 2411 Caillau
521 2384 684 2419 interprete.)

91 2430 194 2458 Montis
208 2430 236 2458 in
253 2431 384 2458 extremis
399 2438 495 2457 murus
511 2434 576 2462 stat,
589 2430 687 2457 deinde
706 2429 820 2464 supinus

127 2467 196 2493 Cum
212 2473 327 2500 surgens
343 2465 371 2492 in
386 2464 457 2492 idem
473 2465 561 2492 tendit
575 2469 721 2499 utrumque
732 2466 818 2500 flatus,

93 2501 208 2535 Magnus
221 2499 296 2527 eram
310 2501 418 2535 cippus,
436 2500 571 2534 collisque
587 2499 615 2526 in
631 2499 710 2526 colle.
725 2499 795 2532 Quid
810 2499 881 2527 ista?

128 2509 134 2526 Ι
154 2509 208 2528 “US
221 2509 296 2527 eram
310 2509 418 2535 ctppus,
436 2509 571 2534 COIIISQUC
587 2509 615 2526 IIl
631 2509 710 2526 COIIC.
725 2509 772 2532 QIII

128 2509 173 2563 lgil
185 2535 306 2570 cupidis,
319 2543 436 2570 quorum
450 2542 493 2562 me
508 2542 605 2563 manus
616 2534 670 2570 egit
687 2535 772 2561 humi.

402 2586 460 2606 ιιι.
481 2585 572 2606 ALIUD.

338 2623 449 2659 (Eodem
473 2623 634 2660 interprete.)

92 2669 329 2711 Et_defunctorum
337 2670 443 2710 Ituniuli
459 2670 579 2711 periere.
588 2669 748 2711 septumum

129 2704 303 2739 Magniﬁcum
320 2705 405 2732 cineri
422 2704 468 2739 qni
485 2705 559 2735 facit,
574 2705 625 2732 ista
640 2704 718 2731 ferat.

93 2738 218 2774 Namque
233 2747 322 2767 meum
333 2738 471 2774 nunquam
484 2740 593 2766 bustum
606 2743 741 2767 vastasset
756 2739 878 2774 iniquus,

129 2773 162 2802 Ni
174 2773 251 2802 lucri
267 2774 356 2810 gelido
370 2773 435 2809 spes
449 2775 518 2802 foret
529 2782 563 2802 ex
579 2774 680 2802 cinere.

410 2828 456 2847 ιιι.
475 2827 564 2847 ALIUD.

342 2854 453 2891 (Eodem
470 2855 632 2889 interprete.)

96 2900 178 2935 Quis,
194 2900 296 2937 cujus?
307 2899 368 2928 Non
380 2908 447 2929 vana
461 2900 513 2928 fuit
524 2920 531 2933 ,
550 2900 660 2929 bustum
675 2904 737 2929 ante
751 2901 878 2928 columna

896 2342 916 2368 Β
967 2336 1073 2364 Diruta.

1092 2336 1157 2369 Quze
1172 2337 1426 2371 tumuliitempora?
1439 2335 1535 2363 Forma
1550 2341 1638 2363 vetus.

931 2371 998 2404 Quis
1014 2371 1075 2398 tulit
1087 2371 1160 2398 hunc
1173 2371 1260 2398 livor?
1275 2370 1365 2398 Vicini
1379 2371 1474 2398 dextra
1490 2372 1609 2399 scelesti.

963 2406 997 2433 Ut
1010 2406 1075 2441 quid
1091 2407 1217 2434 haberet!
1234 2406 1317 2441 Opes,
1332 2414 1402 2441 quas
1420 2414 1486 2432 cava
1500 2407 1571 2434 celat
1586 2407 1696 2434 humus.

1246 2471 1301 2490 LXI.
1321 2470 1410 2490 ALIUD.

1174 2507 1286 2541 (Eodem
1306 2509 1467 2542 interprete.)

930 2568 1017 2596 lstum
1030 2567 1156 2602 quisquis
1172 2566 1231 2594 adis
1243 2566 1390 2602 tumulum,
1407 2573 1450 2592 me
1464 2566 1532 2602 scito
1546 2566 1663 2594 recentis

968 2600 1088 2630 Ausihns
1104 2600 1218 2629 liaaredis
1232 2606 1307 2628 tanta
1324 2601 1420 2627 tulisse
1437 2600 1518 2627 mala.

904 2671 906 2673 ι
932 2637 992 2666 Non
1005 2645 1102 2665 aurum
1115 2637 1188 2673 intus
1197 2637 1311 2667 habens,
1326 2635 1501 2673 frustrasnm
1514 2635 1589 2673 visus
1602 2636 1712 2670 habere.

968 2673 1009 2701 Ad
1027 2673 1131 2701 celsum
1142 2671 1240 2699 tollens
1255 2671 1355 2698 maania
1369 2670 1481 2704 pulchra
1492 2671 1595 2706 polum.

1241 2735 1306 2754 LXII.
1326 2735 1417 2754 ALIUD.

1184 2772 1297 2809 (Eodem
1310 2773 1458 2807 interprete.
1463 2785 1471 2808 ;

967 2829 1012 2858 Sis
1027 2829 1150 2865 propius,
1162 2829 1294 2865 pluraque
1315 2829 1419 2857 videns.
1437 2828 1550 2856 Sacrum
1572 2833 1651 2865 antea
1665 2829 1715 2858 bu—

932 2899 1058 2929 Defuncti
1073 2900 1179 2928 stabam
1200 2910 1206 2928 :
1225 2900 1318 2928 miseri
1336 2907 1396 2929 sum
1412 2900 1491 2930 trime
1509 2864 1663 2936 sepuHEI-Im

1138 2030 1275 2065 Quidquid
1305 2031 1350 2063 sit,
1383 2037 1487 2058 certum
1504 2035 1546 2058 est
1567 2031 1609 2058 hic
1623 2032 1714 2059 inesse
1767 2032 1771 2035 ⁴
