1942 3039
222 161 271 188 ιετ

219 221 275 255 Τὴν
287 219 429 254 σκαπάνην
437 219 480 245 ἐπ’
488 218 621 254 ἄρουρανο
633 218 700 252 ὲμοῦ
714 219 736 244 δ’
745 219 797 246 ἄπο
808 219 1009 255 χάζεοτύμϐου,
1022 222 1045 251 Α

256 266 355 297 Χάζεο.
369 265 452 292 Οὐδὲν
462 264 516 300 ἔχω
531 265 601 300 πλὴν
614 264 735 297 ζακότων
751 265 861 292 νεκύων.

220 311 251 337 EI
270 310 304 342 α’,
316 311 448 345 ἄπληστε,
461 311 555 345 τάφων
571 310 712 346 δηλήμονα
723 312 794 337 τοῖον
810 311 928 344 ἐόλπειν,

255 356 396 388 Heio-calo;
407 356 439 383 ἂν
452 356 515 391 τῇδε
528 357 575 383 καὶ
592 356 688 391 τροχὸς
700 357 846 392 ἐκρέματο.

219 402 252 429 15
269 403 352 428 Τίπτε
371 403 400 437 μ’
415 402 566 437 ἀνοχλίζεις
580 402 673 429 κενεὸν
684 402 786 437 edem;
811 403 907 430 ὐστέα
923 403 1008 439 μοῦνα

257 447 364 480 Κεύοω,
377 448 544 484 καὶσποδιὴν
559 449 644 474 τοῖσιν
658 449 862 484 ἐπερχομένοις.

527 493 583 527 ιιΒς
600 495 705 521 Ἄλλο.

219 538 331 574 Τύμσος
344 538 400 573 ἐγὼ
417 539 531 574 τύμϐων
546 540 764 576 πανυπέρτατος.
786 540 868 567 Ἀλλά
883 541 910 576 μ’
927 540 1008 575 ἕῳξεν

253 586 301 617 Ὧς
315 594 375 612 τινα
391 586 444 612 τῶν
464 586 568 613 πολλῶν
588 587 749 622 ἀνδροφόνος
763 588 889 623 παλάμη.

225 631 400 668 Ἀνδροφόνος
413 632 526 668 παλάμη
544 642 578 668 με
590 633 712 660 διώλεσε.
730 635 836 670 Λὴξατε
850 633 972 669 τύμϐων,

253 678 361 714 Θνητοὶ,
379 679 425 705 καὶ
441 679 570 715 κτερέων,
585 679 661 705 Δεῦτ’
675 680 722 706 ἐπὶ
733 679 830 715 νεκρὰ,
846 679 935 710 κύνες.

219 723 235 750 5
251 723 327 749 Δεῦτ’
339 723 385 750 ἐπὶ
404 725 497 759 νεκρὰ,
517 723 607 754 κύνες.
632 723 740 758 Χρυσοῢ
755 724 894 760 διζήτορες
912 723 1008 760 ἄνδρες

255 769 324 804 Ἤδη
341 769 388 796 καὶ
400 769 503 796 νεκύων
516 769 709 804 χρυσολογοῦσι
722 769 806 796 κόνιν.

525 813 580 848 ψ.
599 816 700 842 Ἄλλο.

220 860 316 892 ’Δλλος
329 860 433 896 τύμϐον
446 860 535 896 ἔγειρε
547 869 553 875 ·
574 861 606 887 σὺ
621 860 642 886 δ’
659 859 773 892 ὤλεσας.
795 860 891 892 ’Δλλος
905 860 1006 895 ὲγείροι

551 158 581 186 S.
598 157 763 186 GREGORII
781 158 908 186 TIIEOL.
928 158 1111 201 CARMINUM
1132 159 1234 187 LIBER
1252 160 1284 186 II.
1306 159 1491 187 IllSTORlCA

1797 163 1848 192 RB

1097 221 1147 246 Σὸν
1159 221 1253 255 τάφον,
1270 220 1336 255 εἴγε
1355 221 1434 256 Θέμις
1443 228 1451 235 ·
1467 220 1546 252 ἄλλος
1561 220 1641 256 ἔραζε
1654 221 1737 256 βάλοι.

1063 266 1131 300 Ἤδη
1148 266 1194 292 καὶ
1206 266 1349 293 νεκύεσσιν
1359 266 1493 301 ἐπέχραον
1509 266 1534 292 οἱ
1549 266 1703 302 φιλόχρυσοι
1714 276 1722 284 ι

1095 312 1211 346 Φεύγετε
1224 313 1247 339 δ’
1262 314 1293 340 ὲκ
1306 313 1428 348 τύμϐων,
1446 313 1472 338 εἰ
1492 312 1594 344 σθένος,
1614 314 1638 339 οἱ
1656 313 1792 349 φθίμενοι.

1059 358 1076 385 5
1095 358 1179 385 Τίπτε
1196 359 1224 394 μ’
1241 358 1408 394 ἁνοχλίζειςς
1427 359 1530 386 νεκύων
1541 359 1662 395 ἀμενηνὰ
1674 360 1782 396 κάρηνα

1095 404 1189 432 Μοῦνα
1206 405 1296 440 ᾳέρωῐ
1310 404 1428 440 Τύμεων
1439 405 1531 437 ὀστέα,
1549 405 1662 437 πλοῦτος
1674 405 1756 437 ἅπας.

1058 450 1202 484 Δαίμονας,
1217 450 1244 476 οἵ
1260 459 1294 485 με
1311 449 1429 485 ἔχουσιν,
1444 450 1549 477 ἀλεύεο.
1562 450 1626 477 Οὗτι
1643 451 1697 486 γὰρ
1711 451 1777 478 ἄλλο

1095 495 1204 530 Τύμῦος
1221 495 1283 529 ἔχω.
1298 494 1416 529 Τύμόων
1426 495 1518 528 ὀστέα,
1537 494 1651 526 πλοῦτος
1665 496 1747 528 ἄπας.

1059 540 1090 566 Εἰ
1103 540 1204 576 χρυσοῦ
1221 540 1303 575 δόμος
1317 538 1366 575 ἦεν
1382 541 1442 572 ὅλος
1459 541 1554 575 τάφος,
1569 538 1591 568 ὦ
1607 541 1764 577 φιλόχρυςε,

1096 586 1129 612 10
1146 586 1245 612 Οὖποτ⁴
1260 585 1313 612 ἔδει
1326 586 1400 620 τοίην
1414 588 1493 622 χεῖρα.
1509 587 1602 622 φέρειν
1615 586 1768 622 φθιμένοις.

1057 630 1133 666 Λήθη
1146 631 1192 657 καὶ
1205 631 1266 665 σιγὴ
1280 630 1382 657 νεκύων
1395 631 1494 666 γέρας·
1504 631 1541 662 ὡς
1553 630 1689 663 ἀλάπαξεν

1094 673 1190 708 Οὗτος,
1202 676 1268 711 ἐμὸν
1280 676 1386 708 πολλοῖς
1400 676 1483 711 Θῆκεν
1496 676 1597 711 ἄεισμα
1609 676 1704 711 τάφον.

1058 723 1139 749 Πάντ*
1152 722 1228 757 ἔχετε
1245 721 1370 753 ζώοντες.
1391 722 1468 757 Ἐμοὶ
1484 722 1506 748 δ’
1519 722 1604 757 ὀλίγοι
1618 731 1648 749 τε
1663 723 1733 757 φίλοι
1751 731 1765 749 τ

1092 769 1163 800 Aie;
1182 768 1220 803 τῷ
1235 768 1366 803 φθιμένῳ.
1379 768 1470 795 Φεῑδεο
1482 769 1514 795 σὺ
1529 769 1634 801 νέκυος.

1059 813 1092 840 15
1109 814 1146 840 Οὐ
1158 813 1259 849 χρυσοῦ
1278 813 1359 848 δόμος
1374 813 1431 849 εἰμί
1442 822 1448 828 ·
1466 814 1492 839 τί
1506 814 1639 849 τέμνομαι
1651 813 1732 845 αὐτὸς
1746 814 1846 849 Ξγωγε;

1091 860 1113 886 Τ
1116 859 1211 894 ὑμεος,
1222 859 1251 886 ὃν
1266 859 1393 894 ὀχλίζεις,
1413 859 1528 892 πλοῦτος
1545 859 1612 895 ἐμοῦ
1625 860 1727 892 νέκυος.

465 938 592 973 Ligouem
607 938 685 966 mitte
701 939 727 965 in
746 946 810 965 arva
825 948 831 965 :
846 939 893 966 sed
911 946 926 965 a
944 946 1005 965 meo
1021 938 1117 972 procul
1135 941 1194 964 esto
1209 937 1344 970 sepulcro,

504 974 568 1001 Esto
581 974 686 1008 procul.
701 973 773 1000 Nihil
789 974 863 1000 aliud
877 974 964 1001 habeo
982 978 1081 1008 praeter
1097 973 1176 999 valde
1196 973 1281 1000 iratos
1297 977 1431 1000 mortuos.

465 1008 494 1035 Si
513 1013 550 1038 te.
566 1016 657 1041 avare,
672 1009 839 1036 tumulorum
856 1009 1014 1036 etl'ossorem
1032 1009 1084 1035 huc
1096 1015 1261 1043 sperassem,

501 1043 585 1079 Palus
598 1044 642 1070 hic
659 1049 732 1071 certe
747 1048 774 1071 et
791 1047 851 1071 rota
866 1044 1052 1079 pependisset.

465 1078 498 1105 I5
517 1078 587 1111 Quid
602 1086 645 1105 me
660 1086 754 1111 vexas,
769 1077 884 1106 vacuum
902 1077 1056 1105 tumulum?
1071 1077 1139 1106 Ossa
1158 1077 1217 1105 sola

499 1113 582 1149 Tegn,
593 1119 621 1141 et
634 1114 755 1141 cinerem
767 1114 972 1141 accedentibus.

928 1157 1004 1185 XCII.
1026 1157 1107 1184 Aliud
1118 1159 1136 1185 ‘.

463 1203 597 1231 Tumulus
609 1211 659 1238 ego
676 1207 842 1230 tumulorum
858 1202 1122 1237 prazstantissnuus:
1138 1201 1186 1229 sed
1202 1209 1245 1230 me
1261 1202 1334 1237 rupit

502 1238 534 1265 Ut
551 1240 667 1273 aliquem
680 1246 695 1266 e
710 1238 802 1265 multis
818 1238 1075 1273 homicidamanus.

464 1272 606 1301 Homicida
623 1280 721 1300 manus
734 1281 777 1300 me
791 1273 935 1300 destruxit.
949 1272 1063 1299 Cessate
1078 1272 1192 1299 tumulis

500 1309 639 1339 Mortales,
656 1312 682 1335 et
696 1308 845 1342 exsequiis.
863 1307 958 1335 Venite
969 1307 1002 1333 ad
1016 1307 1162 1337 cadavera.
1177 1315 1272 1334 canes.

463 1343 480 1370 5
499 1343 594 1371 Venite
606 1343 639 1370 ad
655 1343 799 1375 cadavera,
813 1351 905 1370 canes.
924 1342 988 1368 Auri
1003 1343 1208 1376 conquisitores
1222 1343 1273 1369 Viri

497 1378 557 1407 Jam
574 1383 600 1406 et
613 1383 784 1405 mortuorum
799 1385 912 1405 aureum
929 1378 1062 1411 colligunt
1082 1378 1215 1404 cinerem.

911 1425 1004 1453 XCIII.
1024 1425 1104 1452 Aliud

462 1473 540 1501 Alius
553 1474 687 1501 tumulum
700 1473 788 1501 erexit
801 1481 808 1500 :
825 1475 854 1499 tu
868 1480 934 1500 vero
947 1472 1119 1500 destruxisti.
1137 1473 1216 1500 Alius
1233 1473 1320 1507 erigat

498 1509 586 1536 Tuum
604 1509 748 1539 tumulum.
768 1510 790 1535 si
805 1511 896 1534 tamen
911 1516 1019 1542 :equum
1032 1513 1088 1541 est;
1105 1508 1175 1535 alius
1191 1509 1267 1535 humi
1283 1513 1398 1536 sternat.

462 1544 521 1572 Jam
536 1549 562 1571 et
576 1550 698 1571 mortuos
713 1543 845 1570 invadunt
860 1543 919 1570 auri
931 1542 1042 1577 cupidi;

497 1578 593 1613 Fugite
610 1587 625 1606 e
641 1579 766 1609 tumulis,
783 1578 805 1605 si
821 1582 952 1612 potestas.
965 1585 982 1604 ο
999 1580 1109 1605 mortui.

461 1615 478 1642 5
498 1614 568 1646 Quid
581 1621 625 1640 me
635 1613 739 1641 vexas?
752 1617 922 1648 mortuorum
937 1613 1074 1640 imbecilla
1091 1614 1181 1648 capita

498 1649 615 1675 Tantum
629 1649 768 1675 contineo.
788 1647 968 1674 Tunmlorum
983 1655 1056 1680 ossa,
1073 1647 1174 1676 divitia:
1188 1657 1294 1677 omnes.

461 1683 574 1716 Geuios,
587 1684 633 1718 qui
648 1691 691 1710 me
705 1683 857 1718 possident,
872 1682 944 1717 fuge.
959 1681 1033 1709 Nihil
1044 1684 1116 1710 enim
1129 1685 1202 1711 aliud

497 1716 630 1745 Tumulus
643 1716 780 1746 contineo.
801 1716 981 1744 Tumulorum
997 1725 1072 1749 ossa.
1089 1719 1191 1746 divitiae
1208 1727 1315 1746 omnes.

461 1752 490 1780 Si
510 1761 593 1780 aurea
607 1753 706 1780 domus
722 1757 795 1780 esset
810 1757 897 1779 totum
912 1752 964 1778 hoc
980 1752 1104 1784 bustum,
1118 1762 1135 1780 ο
1150 1762 1243 1785 avare,
1268 1754 1271 1760 '

497 1789 530 1814 I0
548 1787 603 1815 Nec
619 1788 660 1815 Ias
675 1787 785 1822 quidem
800 1791 874 1814 esset
885 1787 1000 1814 mortuis
1016 1787 1071 1814 vim
1087 1789 1168 1816 talem
1185 1790 1295 1817 inferre.

461 1823 567 1860 Oblivio
583 1827 610 1850 et
625 1823 763 1860 silentium
778 1826 947 1860 mortuorum
962 1823 1103 1860 praemium
1120 1833 1126 1850 :
1142 1825 1363 1860 quandoquidem
1382 1827 1500 1854 vastavit

498 1857 559 1888 Iste.
576 1865 665 1884 meum
681 1858 774 1884 multis
789 1857 907 1884 fabulam
922 1857 986 1884 fecit
1001 1857 1165 1891 sepulcruni.

463 1892 693 1931 1202:1203
712 1891 808 1931 Omnia
826 1892 934 1923 habete.
952 1892 1084 1931 viventes.
1102 1893 1167 1921 Mihi
1182 1898 1209 1922 et
1224 1896 1314 1931 pauci,
1327 1901 1354 1924 et
1371 1896 1448 1924 chari

498 1925 744 1962 Laﬁde’s’m’ortuo.
760 1925 845 1953 Parce
859 1931 888 1953 tu
901 1928 1046 1954 exstincto.

461 1962 572 1999 I5_Non
585 1970 667 1999 aurea
682 1962 854 1999 domussum
871 1971 877 1988 :
891 1962 956 1999 quid
969 1962 1085 1997 diripior
1099 1963 1156 1998 ipse
1167 1965 1237 1999 ego?

497 1997 642 2030 Tumulus,
655 2005 735 2032 quem
750 1997 856 2031 dejicis,
868 1997 935 2023 mihi
951 2002 1060 2025 mortuo
1072 1997 1136 2026 sunt
1147 1997 1257 2027 divitiae.

265 2068 360 2096 ‘Alias
373 2067 503 2096 Murator.
524 2069 583 2096 181.
625 2071 644 2080 ’⁸
660 2069 734 2096 Alias
749 2067 880 2095 Murator.
898 2067 960 2094 182.

246 2150 282 2179 ll‘l
292 2149 439 2180 Ζακότων,
453 2152 505 2176 etc.
525 2148 608 2176 Valde
626 2148 724 2175 iratum
738 2148 858 2174 cadaver.

865 2207 1033 2237 METRICA
1045 2204 1194 2235 VERSIO.

211 2272 282 2310 Arva
294 2273 347 2308 ligo
360 2274 458 2309 pulset.
475 2274 573 2302 Nostro
588 2275 683 2310 procul
696 2279 755 2303 esto
773 2275 909 2310 sepulcro,
1013 2276 1034 2302 Β

248 2308 312 2335 Esto
327 2308 431 2343 procul.
448 2310 560 2338 Cineres
575 2308 695 2345 possidet
712 2311 751 2337 ira
765 2308 849 2337 meos.

211 2342 240 2370 Si
250 2348 280 2379 te
295 2342 346 2371 huc
363 2353 526 2379 sperassent,
544 2342 711 2372 tuiuulorum
725 2345 839 2373 eﬂ‘ossor
856 2352 945 2377 avare,

246 2378 297 2406 llic
311 2378 389 2414 palus
412 2380 542 2414 pendens.
560 2386 587 2407 et
602 2385 659 2407 rota
675 2388 745 2407 smva
761 2380 842 2409 foret.

404 2426 448 2461 (Α.
466 2426 500 2453 Β.
520 2426 626 2453 Caillau
642 2427 803 2462 interprete.)

209 2478 279 2512 Q-iid
293 2486 406 2506 vacuum
419 2487 502 2507 vexas
514 2480 668 2507 tumulum?
682 2480 861 2508 chientibus
876 2488 939 2508 ossa

244 2515 308 2541 b‘ola
324 2519 396 2551 tego,
410 2519 437 2542 et
449 2515 570 2542 cinerem
581 2523 661 2550 quem
678 2516 745 2544 levis
757 2524 824 2543 aura
838 2517 919 2551 rapit.

1349 2276 1424 2296 XCIII.
1449 2275 1539 2296 ALIUD.

1297 2303 1424 2338 (Salvim‘o
1439 2303 1600 2339 interprete.)

1055 2340 1139 2374 Erigit
1157 2339 1201 2366 hic
1216 2340 1349 2366 tumulum
1364 2348 1370 2366 :
1386 2343 1415 2365 tu
1429 2344 1523 2366 contra
1539 2338 1676 2372 destruis;
1690 2348 1763 2368 unus

1090 2375 1191 2409 Erigat,
1209 2379 1291 2408 atque
1303 2375 1371 2400 alter
1384 2374 1507 2401 destruat
1526 2374 1631 2402 huncce
1647 2375 1708 2402 tibi.

1053 2408 1114 2436 Vita
1131 2408 1189 2436 auri
1204 2409 1294 2443 cupidi
1310 2409 1452 2436 defunctos
1468 2410 1681 2444 aggrediuntur;

1089 2444 1227 2479 Aulugite,
1244 2445 1381 2479 exstincti,
1398 2445 1421 2470 si
1439 2449 1512 2478 pote.
1529 2445 1563 2472 de
1578 2445 1701 2474 tumulis.

1245 2479 1286 2514 (Λ.
1311 2479 1342 2505 Β.
1362 2478 1468 2506 Caillau
1486 2480 1647 2514 interprete.)

1053 2514 1123 2548 Quid
1138 2518 1166 2541 tu
1184 2522 1227 2541 me
1246 2514 1349 2541 vexas?
1369 2513 1462 2541 Insunt
1474 2515 1539 2542 mihi
1552 2520 1660 2542 mortua
1671 2520 1776 2544 tantum

1087 2550 1218 2584 Corpora.
1233 2548 1340 2576 Divitiae
1354 2550 1458 2576 scilicet
1471 2557 1535 2578 ossa
1548 2558 1624 2578 meae.

1051 2585 1178 2612 Astantes
1191 2585 1252 2619 fuge
1267 2589 1294 2611 tu
1309 2585 1414 2619 genios.
1427 2584 1470 2611 Nil
1484 2585 1601 2619 amplius
1616 2585 1672 2613 illic

1085 2620 1131 2646 Est
1143 2618 1340 2646 mihiIDtvitia:
1355 2619 1459 2647 scilicet
1471 2618 1537 2647 ossa
1549 2628 1625 2648 mete.

1050 2654 1140 2682 Aurea
1155 2655 1178 2681 si
1196 2659 1282 2681 totum
1301 2655 1351 2681 hoc
1368 2655 1477 2682 bustqu
1495 2655 1594 2683 domus
1606 2659 1690 2689 esset,
1708 2663 1801 2689 avare,

1085 2689 1139 2716 Nec
1155 2691 1180 2716 vi
1195 2689 1339 2716 defunctos
1355 2689 1396 2716 fas
1410 2692 1512 2724 agitare
1527 2689 1605 2718 foret.

1049 2723 1164 2751 Praemia
1182 2725 1318 2752 defunctis
1334 2729 1399 2755 sunt
1415 2723 1469 2752 alta
1486 2725 1594 2753 silentia
1612 2726 1719 2759 noctis;

1086 2759 1129 2786 Fit
1143 2759 1224 2786 modo
1243 2759 1290 2786 sed
1305 2760 1413 2786 bustum
1429 2760 1518 2786 fabula
1534 2768 1602 2788 vana
1615 2761 1726 2789 cadens.

1050 2794 1147 2831 Omnia
1162 2794 1217 2831 sint
1229 2795 1309 2831 viv_is.
1326 2794 1408 2822 Pauci
1425 2795 1556 2830 charique
1569 2800 1718 2831 supersunt

1084 2829 1119 2856 Mi
1136 2829 1249 2864 lapides.
1266 2829 1371 2866 Functo
1386 2831 1491 2864 parcite
1506 2829 1577 2864 luce,
1589 2829 1696 2866 precor.

1050 2865 1138 2902 Aurea
1154 2872 1208 2902 non
1226 2865 1306 2902 sedes
1320 2872 1371 2902 ego
1385 2873 1455 2893 sum.
1476 2865 1547 2899 Quid
1562 2864 1655 2894 vastor
1671 2864 1786 2902 inique!

1086 2899 1170 2930 Quem
1184 2898 1270 2931 laedis.
1288 2898 1353 2928 solae
1368 2905 1431 2929 sunt
1444 2898 1510 2929 mihi
1525 2901 1622 2938 cippus
1634 2910 1712 2937 opes.

510 2579 575 2598 xcu.
596 2579 688 2600 ALIUD.
707 2572 712 2606 Ι

308 2627 438 2664 ιεαινὶιιὶο
453 2634 602 2665 interprete,
618 2639 635 2658 a
649 2631 725 2658 nobis
736 2631 896 2668 emendato.)

210 2681 276 2723 sum
295 2686 408 2723 tumulis
425 2687 548 2723 tumulus
559 2688 638 2723 longe
656 2688 800 2716 sublimior
815 2698 822 2716 :
839 2693 866 2716 at
882 2697 926 2718 me

247 2719 373 2760 ltupithut
387 2728 403 2748 e
421 2719 619 2760 multisununf
631 2723 765 2760 homicida
781 2733 889 2752 uiantis.

210 2752 408 2796 Destruxitume
423 2756 558 2796 homicida
573 2766 680 2796 manus.
695 2758 806 2796 Qessate
819 2759 954 2796 sepulcris

243 2788 453 2825 Exrseqlliisque,
469 2792 604 2819 homines.
621 2793 738 2825 Quzerite
751 2788 884 2825 membra.
901 2802 993 2823 canes.

209 2822 340 2863 Membra,
355 2822 550 2863 canes'rabidi.
566 2822 720 2863 couq'uirite
737 2834 854 2858 mortua.
869 2822 960 2858 Bustis

241 2859 374 2888 Auratum
386 2862 503 2890 cinerem
516 2871 583 2898 gens
599 2859 737 2892 sitibuuda
751 2865 827 2899 petit.
