1942 3039
126 154 178 182 145

126 214 159 240 Τί
172 214 195 241 δ’
212 213 288 245 Earl;
303 213 362 248 μῶν
376 221 407 247 γε
418 212 559 248 δυσμενῶν
572 211 736 246 ἀγγέλλεται

127 259 213 293 Λόχος
231 259 363 293 κρυφαῖος
379 257 489 284 ἑστάναι
501 258 562 283 κατ’
576 257 727 292 εὐφρόνηνς

127 304 163 332 95
179 305 246 337 Χορ.
271 304 401 338 Ἔννυχος
415 303 494 338 ὄχλος
509 303 537 329 ὲν
553 303 659 339 ϐορύϐῳ
675 303 786 339 συρῤἐει
796 312 802 318 ·

129 350 246 385 Στρατὺν
264 349 341 376 πόλιν
356 358 386 375 τε
402 350 491 376 πᾶσαν
511 348 544 375 ἂν
559 349 660 383 δρφνοιν
677 349 778 383 βλέπω,

129 396 302 430 Λαμπτῆρας
315 396 475 430 εἰσφέροντα
492 395 539 422 καὶ
553 394 638 420 πολλὰ
658 393 732 429 ξίφη.

131 441 231 469 Θεοτό.
247 442 302 468 Καὶ
318 441 366 468 νῦν
383 441 451 478 πρὸς
468 441 542 476 ἡμᾶς
554 441 601 467 νῦν
619 441 661 472 τίς
674 441 702 467 ὲν
718 439 820 475 σπουδῇ
840 439 920 470 ποδὸς

131 488 246 523 Στείχει,
263 488 322 515 νέον
336 497 362 514 τι
377 488 483 524 πρᾶγμ’
500 487 569 522 ἔχων
583 487 648 519 ἴσως
661 487 762 522 φράσαι
774 495 782 518 ;

132 534 184 561 100
202 535 272 564 Ἴδω,
285 535 311 561 τί
324 534 406 567 λέξει,
420 534 467 561 καὶ
478 533 527 560 τίν’
545 533 657 568 ἀγγελεῖ
671 533 759 568 λόγον.

131 582 199 615 Χορ.
212 581 322 612 Πότνια,
336 581 430 613 πότνα,
448 580 599 616 σεμνοτάτη
615 579 746 616 Παρθένε,

129 628 174 658 Αἱ,
193 629 233 659 αἶ,
246 628 285 660 αἶ,
298 627 340 654 at!

130 673 220 709 Πολλὴ
235 673 283 709 μὲν
299 675 328 700 ἐν
342 673 470 708 βροτοῖσι,
485 673 553 700 κούκ
571 672 722 707 ἀνώνυμος,

136 719 220 755 Ἀγνὴ
232 719 375 755 κέκλησαι,
391 719 473 754 τῆσδε
486 719 538 754 γῆς
554 719 609 745 ὅσοι
626 718 704 744 πέδον

132 765 184 793 105
198 765 323 799 Ναίουσι,
334 764 457 800 λαμπρὸν
475 764 532 799 φῶς
550 762 666 798 ὁρῶντες
685 761 761 797 ἡλίου
772 770 778 776 “

801 152 975 181 CHRISTUS
993 151 1150 180 PATIENS.

933 216 956 244 Α
970 212 1010 238 Τὰ
1020 211 1066 238 νῦν
1077 211 1105 237 δὲ
1118 209 1229 241 τάλαιν’,
1245 209 1261 244 ἡ
1281 207 1363 234 πάλαι
1377 205 1509 242 μακαρία.

1707 144 1761 173 146

972 258 1071 286 Θεοτό.
1086 257 1118 283 Τί
1129 256 1151 282 δ’
1169 255 1257 287 ἐστίν;
1270 252 1288 289 ἦ
1303 263 1353 280 που
1363 253 1405 284 τίς
1418 253 1444 287 μ’
1455 251 1613 278 ἀποκτεῖναι
1628 249 1716 281 θέλεις

971 303 1039 335 Χορ.
1053 301 1119 331 Οὐκ,
1137 299 1205 326 ἀλλὰ
1218 299 1285 330 Παῖς
1299 297 1409 333 Θνήσκει
1428 296 1471 328 σὸς
1484 295 1528 322 ὑπ’
1541 294 1706 329 ἀλαστόρων.

973 347 1072 374 Θεοτό.
1085 346 1119 372 Οἵ
1130 345 1190 380 μοιῐ
1206 345 1231 371 τί
1243 344 1346 377 λέξεις;
1363 343 1400 373 ὥς
1414 342 1440 378 μ’
1453 340 1606 372 ἀπώλεσας.
1621 339 1714 375 γύναιῑ

973 392 1024 419 HO
1039 393 1106 426 Xop.
1124 391 1168 422 Ὠς
1178 390 1265 417 οὐκέτ’
1278 390 1352 420 ὄντος
1366 388 1453 419 Υἱέως
1465 387 1589 422 φρόντιζε
1601 386 1644 421 δή.

974 438 1073 465 Θεοτό.
1085 435 1120 463 Ὠ
1133 437 1207 464 δεινὰ
1217 436 1317 468 λέξασ’,
1329 435 1388 471 οὒχί
1403 433 1571 469 συγκλείσεις
1587 433 1688 468 ardua;

973 483 1024 509 Καὶ
1039 483 1093 509 πᾶν
1110 481 1237 517 μεθήσεις
1249 480 1373 516 ἀπρεπὲς
1385 480 1460 515 ῥῆμα
1477 478 1567 513 φέρειν
1580 486 1587 510 ;

973 530 1025 555 Τὸν
1040 528 1093 555 ὅντ’
1106 528 1148 555 ἀεὶ
1162 527 1226 562 γὰρ,
1244 526 1339 562 μηκέθ
1351 524 1420 552 εἶναι
1431 525 1489 556 πῶς
1498 525 1602 559 λέγεις;

973 575 1104 610 Εὔφημος
1119 575 1184 607 ἴσθι,
1200 573 1251 601 κᾶν
1267 573 1293 600 τί
1307 581 1346 599 σοι
1360 571 1438 608 χρεία
1449 571 1547 605 λέγειν,

975 622 1026 649 115
1042 622 1106 656 Λὲγ’
1118 621 1155 652 ὡς
1171 620 1314 656 προσήκει,
1328 618 1389 654 μηδ’
1401 617 1538 652 ἀτιμάσῃς
1550 616 1626 644 Θεόν.

974 667 1058 698 Favi;
1071 666 1125 702 γὰρ
1138 665 1192 692 ἀπὸ
1204 665 1321 700 χρυσέας
1332 663 1444 690 ἐϐλαστέ
1457 671 1499 698 μοι
1509 670 1516 677 ο

976 713 1076 740 Καινὸν
1090 712 1118 738 δὲ
1131 712 1233 738 πιτνεῐν
1248 707 1306 745 αἷμ’
1322 709 1368 736 ὑπ’
1384 708 1487 744 ἀνέρων
1502 707 1580 735 Θεοῦ.

975 758 1070 785 ﬂavam
1088 757 1119 783 τὸ
1132 756 1276 789 ἀθάνατον,
1288 756 1338 782 οὐκ
1353 754 1409 790 ἕχει
1421 754 1511 788 λόγον.

389 840 458 873 Quid
479 847 544 867 vero
559 840 620 867 est?
637 847 701 866 num
721 845 780 873 quat
797 837 915 873 hostium
930 836 1071 864 nuntiatur

389 872 494 904 Cohors
509 875 616 903 occulta
635 878 708 902 stare
720 872 768 909 per
783 872 912 900 noctem?

389 912 424 939 95
440 910 519 938 Chor.
541 910 679 937 Nocturna
696 906 775 936 turba
793 915 855 936 cum
871 907 989 934 tumultu
1005 906 1134 936 conﬂuit;

389 946 544 973 Exercitum
560 945 771 978 universamque
787 944 882 970 urbem
897 943 924 969 in
939 943 1059 970 obscuro
1073 942 1190 972 intueor,

390 980 474 1008 Faces
493 985 520 1008 et
541 980 671 1014 plurimos
686 979 792 1014 gladios
808 979 947 1005 ferentem.

391 1016 465 1051 Deip.
488 1015 521 1042 Et
536 1013 609 1042 nunc
623 1014 656 1051 ad
672 1013 722 1041 nos
739 1015 801 1048 quis
817 1014 884 1051 pede
899 1013 1007 1051 concito

390 1045 480 1083 vmiu,
497 1058 594 1077 novatn
611 1050 729 1084 aliquam
747 1045 803 1076 rem
817 1045 914 1076 Torsan
932 1048 1046 1084 habens,
1061 1045 1284 1084 quam‘nuntiet?

393 1087 440 1113 ltlt)
460 1081 598 1116 Noverim,
617 1081 682 1120 quid
699 1085 838 1145 loqpfatur,
852 1090 879 1111 et
894 1091 975 1122 quem
992 1081 1212 1120 ferat’nuntium.

393 1120 622 1145 Iulia-1915
642 1119 721 1145 Char.
767 1119 915 1145 eneranda.
933 1118 1097 1145 veneranda.
1113 1121 1211 1144 casttss

391 1119 632 1156 1214-12157
642 1119 721 1147 (Πιον-

390 1157 458 1188 lleu,
477 1155 541 1188 heu,
559 1158 622 1188 heu,
638 1155 707 1182 heu!

767 1114 1097 1151 eneranda','veneranda,
1113 1115 1268 1144 castissima
1281 1114 1374 1151 Virgo,

389 1187 512 1219 Celebris
527 1191 636 1225 quidem
654 1191 724 1217 inter
739 1189 877 1221 homines,
894 1193 921 1217 et
935 1196 989 1216 non
1003 1187 1142 1223 ignobilis,

390 1227 471 1253 Casta
488 1226 607 1258 mearis,
622 1226 777 1260 quicunque
793 1225 863 1252 hanc
879 1225 1002 1251 tellurem

390 1262 442 1289 105
462 1261 601 1293 Habitant,
618 1259 751 1295 fulgidum
766 1259 888 1287 videntes
903 1260 995 1286 lumen
1011 1259 1095 1292 solis;

390 1296 467 1324 Nunc
482 1297 592 1329 miseraI
611 1304 671 1330 qua:
686 1296 761 1330 prius
777 1295 867 1323 beata.

389 1332 465 1364 Deip.
487 1330 557 1364 Quid
576 1329 676 1366 igitur?
687 1329 754 1357 hum
769 1331 831 1365 quis
846 1339 888 1366 me
900 1331 959 1358 vult
973 1329 1118 1366 occidere?

390 1367 471 1394 Chor.
488 1364 681 1402 Nequaquam,
699 1366 745 1393 sed
763 1364 826 1392 tuus
842 1365 926 1392 Filius
940 1365 1120 1402 scelestarum
1136 1371 1218 1402 manu
1235 1364 1315 1399 perit.

391 1402 466 1436 Deip.
487 1399 548 1429 lleu
567 1399 625 1429 me!
643 1401 708 1436 quid
724 1401 811 1428 dicis?
824 1407 853 1427 ut
865 1408 907 1428 me
921 1399 1074 1435 perdidisti,
1087 1400 1207 1436 mulier!

391 1435 444 1463 “0
462 1436 542 1464 Chor.
564 1437 602 1464 Dc
618 1435 686 1463 Filio
702 1442 750 1464 tuo
762 1440 890 1470 tanquam
909 1440 1018 1462 mortuo
1032 1435 1133 1470 cogita.

393 1472 470 1506 Deip.
491 1472 513 1500 0
527 1473 630 1499 atrocia
649 1472 748 1503 locuta,
766 1479 820 1498 non
835 1470 946 1497 claudes
967 1470 1018 1496 os?
1053 1505 1057 1506 γ
1073 1496 1077 1500 ,

393 1505 449 1535 Nec
463 1515 570 1535 onmem
586 1507 696 1534 omittes
712 1507 869 1534 indecorum
885 1512 1038 1533 sermonem
1052 1505 1146 1539 loqui?

394 1542 538 1569 IEternum
553 1550 680 1577 namque.
696 1542 833 1576 quomodo
846 1541 901 1575 jam
920 1549 972 1567 non
987 1540 1118 1577 exsistere
1132 1541 1190 1568 ais?

395 1577 495 1605 Fausta
511 1576 644 1612 precarer:
660 1581 687 1604 et
702 1578 724 1604 si
737 1577 802 1612 quid
824 1577 988 1612 loquendum
1006 1576 1146 1612 habueris,

396 1613 447 1640 115
468 1610 526 1644 υἰέ,
541 1616 571 1640 ιιι
583 1613 672 1643 decet,
688 1610 776 1647 neque
793 1610 877 1639 Deum
896 1611 996 1646 injuria
1014 1610 1126 1637 allicias.

395 1647 432 1674 Bx
451 1649 536 1682 stirpe
553 1648 624 1674 enint
639 1655 722 1674 aurea
742 1647 805 1674 mihi
821 1654 931 1682 germen
945 1647 1078 1678 elllnruit;

391 1681 552 1717 Novumque
568 1683 594 1709 id
608 1687 693 1714 esset,
711 1686 740 1709 ul.
758 1682 802 1709 Dei
821 1689 904 1709 cruor
918 1682 1041 1708 ellluerct
1057 1688 1140 1708 manu
1154 1681 1324 1709 mortalium.

391 1717 464 1745 Fieri
482 1726 537 1745 non
550 1722 638 1752 potest
652 1721 682 1744 ιιι
700 1718 865 1744 immortalis
881 1718 1024 1744 moriatur.

174 1796 210 1824 95
230 1797 260 1823 Tl
275 1795 300 1823 δ’
311 1796 394 1828 ἐστί;
409 1796 475 1830 μῶν
493 1804 525 1831 γε
544 1795 713 1830 δυσμενῶν,
730 1800 783 1831 etc.
801 1795 846 1822 Sic
861 1795 926 1823 ibid.

139 1840 212 1859 vers.
230 1832 261 1859 9t
279 1831 379 1859 {lineas
408 1830 505 1859 iisdem
521 1831 580 1859 fere
597 1832 710 1859 vocibus
728 1830 871 1858 [lectorem
887 1833 930 1858 in-

140 1872 271 1894 ωινοαῐιι.

177 1875 298 1930 έῖελῖἑτ·
312 1902 471 1936 εὐφρόνην.
490 1900 589 1932 Noctu,
602 1909 648 1936 per
661 1902 744 1928 noctis
759 1901 875 1928 silentia.

178 1938 212 1965 98
234 1938 281 1964 Ἐν
296 1936 416 1970 σπουδῇ
435 1936 537 1969 ποδός.
562 1937 628 1964 Ibid.
655 1937 757 1964 chorus
777 1937 871 1963 [Encas
884 1936 931 1963 ad-

140 1978 253 1999 ventum
271 1974 386 2000 nuntiat.
405 1973 474 2000 Male
486 1971 594 1999 Hoillet.
612 1972 673 2003 pede
689 1972 805 1998 turbido.

178 2008 227 2034 101
250 2009 368 2040 "deria,
385 2009 491 2035 πότνα.
509 2007 575 2042 Reg.
592 2007 662 2034 Med.
681 2007 788 2038 πότνια,
804 2007 910 2033 πότνια.

179 2043 231 2071 105
247 2043 351 2077 Πολλὴ
366 2043 424 2078 μὲν
437 2044 472 2070 ἐν
482 2042 630 2078 βροτοῖσι.
652 2042 801 2078 Ρνωςιιινα,
817 2043 925 2073 eximia,

142 2079 213 2105 inter
228 2079 353 2105 mortales
368 2077 550 2105 celebrata‘es.
566 2077 622 2105 Nec
638 2077 706 2105 bene
725 2077 833 2105 lioillet.
850 2078 930 2105 vertit

143 2115 245 2146 crebro,
263 2115 397 2148 siquidem
413 2115 426 2141 ὁ
440 2113 533 2145 πολύς,
548 2113 618 2139 idem
634 2116 675 2140 est
687 2120 718 2140 ac
731 2113 874 2140 clarissimi
885 2121 929 2148 ge-

143 2150 225 2180 neris,
243 2150 314 2184 quod
334 2149 446 2183 exponit
461 2157 514 2175 vox
536 2156 664 2184 sequens,
691 2148 759 2184 κούκ
776 2148 928 2184 ἀνώνυμος.

144 2184 184 2212 Ita
209 2183 338 2220 prologus
361 2184 499 2219 Hippolyti
516 2185 587 2219 apud
612 2183 734 2218 Euripid.
748 2184 864 2218 incipit:
891 2183 931 2210 sic

983 1795 1054 1823 enim
1072 1794 1145 1822 fatur
1158 1794 1252 1822 Venus
1269 1802 1340 1822 vers.
1360 1794 1384 1827 1,
1401 1795 1418 1821 2
1431 1798 1456 1821 et
1470 1794 1497 1821 4.

1021 1831 1071 1858 109
1093 1831 1127 1857 Οἵ
1138 1831 1207 1865 μοι]
1223 1830 1250 1856 τί
1263 1830 1380 1862 λέξε1ς;
1401 1829 1447 1856 Sic
1461 1829 1573 1857 thdra
1587 1838 1665 1858 suam
1680 1832 1767 1860 nutri-

985 1874 1044 1892 cem
1060 1866 1218 1900 alloquitur.
1235 1873 1306 1892 vers.
1320 1866 1381 1895 555.
1398 1870 1424 1892 et
1438 1865 1510 1900 apud
1531 1865 1603 1892 Med.
1625 1865 1690 1893 Jaso
1712 1875 1772 1894 mu-

986 1901 1100 1928 lieribus
1118 1901 1263 1935 respondet
1275 1908 1346 1927 vers.
1365 1900 1442 1928 1510.

1021 1936 1072 1962 110
1094 1936 1141 1969 Ὡς
1155 1935 1252 1963 οὐκέτ’
1270 1935 1367 1967 ὄντος.
1387 1936 1433 1962 Sic
1448 1935 1515 1962 ibid.
1534 1943 1605 1962 vers.
1622 1936 1689 1963 1511
1706 1937 1772 1965 cho~

984 1978 1032 1998 rus
1049 1971 1177 1998 Jasonem
1193 1971 1227 1998 de
1243 1970 1317 1997 czcde
1333 1971 1448 1996 liliorum
1465 1977 1577 1998 suorum
1594 1971 1711 1999 edocet:

1024 2007 1068 2037 Ὡς
1080 2007 1169 2032 οὐκέτ’
1184 2006 1268 2032 ὄντων
1286 2005 1340 2032 σῶν
1352 2006 1454 2042 τέκνων
1469 2005 1594 2042 φρόντιζε
1612 2006 1654 2042 δή.

1018 2041 1112 2076 Cogita
1128 2042 1208 2075 igitur
1225 2046 1348 2076 tanquam
1365 2041 1396 2068 de
1412 2042 1522 2067 mortuis
1539 2041 1626 2068 liberis
1639 2042 1701 2069 luis.

1021 2077 1068 2103 111
1086 2075 1124 2104 Ὦ
1139 2076 1223 2104 δεινὰ
1236 2075 1353 2107 λέξασ’,
1368 2081 1421 2102 etc.
1441 2075 1614 2103 Sie‘l’haadra
1636 2077 1772 2104 nutricem

984 2120 1063 2141 suam
1076 2113 1198 2146 increpat
1215 2119 1287 2138 vers.
1305 2111 1465 2139 1198ρ1499.

1020 2147 1071 2174 ita
1093 2146 1129 2173 Τὸ
1145 2147 1305 2174 ἀθάνατον.
1325 2146 1391 2181 Heg.
1407 2147 1452 2173 τὸν
1472 2146 1616 2174 ἀθάνατον.
1629 2146 1702 2174 Fieri
1720 2155 1771 2174 non

983 2187 1078 2218 potest,
1094 2186 1123 2208 ut
1142 2184 1187 2218 qui
1201 2187 1239 2209 est
1253 2182 1424 2215 inmortalis,
1444 2182 1584 2209 moriatur.

794 2263 960 2293 METRICA
971 2262 1119 2293 VERSIO.

146 2346 167 2372 E
184 2351 260 2381 porta
276 2346 367 2373 anheli
382 2356 389 2372 :
405 2345 470 2380 quid
485 2345 545 2373 rei?
564 2345 605 2372 An
622 2344 827 2381 quodrnuntius

144 2380 226 2408 Venit
241 2382 362 2408 cohortis
378 2381 497 2408 hostium
515 2380 711 2415 irrepentium?

146 2417 226 2443 Chor.
247 2416 387 2444 Nocturna
405 2417 484 2444 turba
500 2423 562 2442 cum
572 2414 692 2442 tumultu
708 2414 821 2442 canlluit
836 2423 843 2441 :

146 2451 303 2479 Exercitum
319 2455 404 2478 totam
423 2459 470 2486 per
485 2451 580 2478 urbem
597 2451 742 2484 conspicor

145 2487 175 2513 In
191 2491 270 2513 nocte
287 2494 372 2521 opaca
389 2486 505 2521 plurima
522 2490 656 2512 armatum
671 2486 730 2512 face

147 2521 179 2548 Et
193 2529 259 2549 ense
274 2523 370 2548 multo.
386 2521 462 2556 Deip.
479 2521 577 2548 Nescio
592 2521 653 2554 quis
670 2521 752 2548 etiam
766 2521 835 2556 pede

146 2556 294 2584 Contendit
309 2557 341 2583 ad
355 2565 405 2584 nos
420 2556 541 2586 turbido.
558 2557 628 2583 forte
644 2560 673 2582 ut
688 2557 750 2584 novi

146 2591 217 2625 Quid
232 2592 339 2619 nuntiet
355 2593 433 2619 nobis
447 2601 452 2618 :
466 2592 543 2626 juvat
558 2592 705 2618 resciscere

147 2627 252 2661 Ecquid
270 2634 403 2654 novarum
418 2627 532 2654 nuntius
549 2634 639 2654 rerum
655 2626 773 2653 advenit.

147 2660 227 2689 Chor.
241 2661 342 2689 Pudica
353 2670 370 2688 o
381 2661 475 2697 Virgo,
490 2666 577 2694 casta,
586 2662 748 2691 veneranda.
761 2661 806 2695 ab,
816 2660 868 2696 ah,
881 2660 915 2688 ah
927 2661 934 2687 !

147 2697 252 2733 Crebro
265 2697 375 2732 quidem
389 2701 419 2724 tu
434 2701 510 2727 casta
525 2698 614 2733 magni
629 2697 748 2733 nominis

148 2732 205 2767 llas
221 2732 293 2759 inter
307 2740 402 2760 omnes
415 2733 498 2765 dicta,
513 2740 582 2767 quas
593 2739 644 2759 suo
657 2739 672 2759 e
687 2732 747 2759 sinu

147 2766 283 2794 Prodtmt
299 2768 363 2794 olim
381 2772 464 2800 terra,
481 2766 595 2802 quaeque
612 2767 681 2793 hanc
695 2766 819 2802 incolunt

149 2802 206 2829 llnc
221 2803 357 2830 intuentes
372 2799 519 2830 candidum
537 2799 604 2830 solis
618 2799 719 2836 jubar':

148 2837 226 2865 Nunc
239 2838 295 2872 jam
316 2838 425 2869 misera,
441 2839 517 2865 beata
531 2845 591 2872 qua).
605 2837 694 2864 fueras
709 2837 796 2872 prius.

151 2872 229 2908 Deip.
250 2872 323 2906 Quid
336 2873 389 2901 ista
403 2873 549 2909 trepidatio
568 2872 678 2901 subita?
691 2872 759 2901 Num
772 2873 846 2909 quod
857 2881 907 2902 sua

948 2347 971 2377 Β
985 2343 1067 2371 Manu
1083 2347 1163 2378 parat
1179 2351 1222 2371 me
1237 2343 1336 2378 aliquis
1351 2343 1466 2370 scelesta
1483 2342 1596 2370 tollere?

987 2379 1067 2407 Chor.
1083 2376 1147 2406 Non
1164 2379 1190 2406 id
1206 2376 1325 2413 quidem,
1342 2386 1435 2405 verum
1449 2381 1513 2413 tuus
1522 2377 1597 2413 quod
1610 2376 1694 2404 Filius

987 2414 1087 2442 Misere
1098 2422 1113 2441 a
1128 2412 1252 2441 scelestis
1261 2414 1377 2441 tollitur.
1391 2413 1468 2447 Deip.
1480 2412 1538 2439 Vah
1549 2413 1555 2439 !
1567 2413 1698 2447 quidnam
1709 2413 1751 2440 ais
1762 2413 1772 2440 ‘3

990 2449 1024 2488 _lJ:l
1040 2449 1184 2488 perdidisti
1200 2457 1253 2488 me,
1271 2449 1387 2475 mulier!
1404 2448 1485 2475 Chor.
1499 2447 1555 2488 ligo
1568 2449 1624 2488 jam
1639 2449 1719 2482 quasi

987 2483 1047 2512 Non
1064 2485 1181 2519 amplius
1198 2483 1265 2510 Nato
1280 2489 1407 2511 manente
1419 2483 1555 2518 prospicio
1573 2483 1632 2510 tibi.

988 2519 1065 2554 Deip.
1085 2517 1174 2546 Ornon
1191 2519 1302 2546 ferenda
1317 2517 1469 2553 proferens,
1486 2517 1543 2545 non
1559 2517 1704 2553 impudens

988 2556 1025 2582 Us
1040 2554 1202 2585 continebis,
1215 2554 1398 2588 indecensque
1408 2553 1517 2581 desines

989 2589 1091 2616 Eﬂ‘crre
1106 2590 1227 2616 dictum?
1241 2589 1362 2623 Namque
1374 2594 1434 2616 etnn
1452 2588 1499 2623 qui
1512 2595 1620 2622 semper
1632 2592 1684 2621 est,

989 2625 1111 2657 Quunam
1124 2632 1170 2651 ore
1182 2624 1250 2652 dicis
1265 2632 1326 2652 esse
1336 2624 1391 2658 jam
1406 2631 1460 2650 non
1472 2623 1606 2658 amplius?

989 2660 1062 2686 Bona
1079 2659 1171 2692 verba,
1186 2667 1288 2693 quaeso.
1306 2663 1332 2686 et
1352 2659 1375 2686 si
1388 2659 1436 2685 tibi
1451 2664 1493 2685 est
1506 2666 1574 2686 usus
1587 2659 1673 2686 datus,

990 2695 1097 2730 Aliquis
1113 2695 1252 2729 loquendi,
1272 2694 1382 2728 loquere
1397 2695 1468 2730 sicut
1482 2699 1508 2721 te
1519 2694 1609 2727 decet,

989 2730 1043 2757 Nec
1057 2730 1183 2757 indecora
1198 2737 1262 2757 voce
1278 2729 1425 2756 dehonesta
1439 2729 1533 2755 Deum.

989 2765 1010 2791 lC
1025 2766 1109 2800 stirpe
1121 2773 1231 2800 germen
1249 2772 1331 2791 aurea
1344 2765 1395 2791 hoc
1409 2764 1481 2790 cedit
1497 2763 1562 2800 mihi
1578 2773 1584 2790 :

989 2799 1146 2835 Novumque
1159 2800 1185 2827 id
1199 2804 1283 2831 esset,
1300 2803 1330 2826 ut
1345 2807 1427 2826 manu
1441 2799 1597 2835 mortalium

989 2834 1177 2863 l'lllulitleretur
1194 2836 1232 2863 sic
1243 2835 1289 2862 Dei
1303 2835 1414 2869 sanguis
1427 2843 1434 2867 ;
1457 2834 1527 2862 mori

989 2872 1039 2904 Qui
1053 2871 1139 2906 possit
1153 2876 1252 2905 autem,
1266 2871 1310 2898 cui
1324 2870 1393 2898 mori
1405 2877 1545 2905 nunquam
1558 2869 1659 2898 datur!
