  <div class='ocr_page' id='page_1' title='image "/cluster/home/n/w/nwhite01/storage/ocr_20150623/38/njp.32101077772570/082.png"; bbox 0 0 1942 3039; ppageno 0'>
   <div class='ocr_carea' id='block_1_1' title="bbox 135 119 186 146">
    <p class='ocr_par' dir='ltr' id='par_1_1' title="bbox 135 119 186 146">
     <span class='ocr_line' id='line_1_1' title="bbox 135 119 186 146; baseline 0 0"><span class='ocrx_word' id='word_1_1' title='bbox 135 119 186 146; x_wconf 68' lang='grc'><strong>119</strong></span> 
     </span>
    </p>
   </div>
   <div class='ocr_carea' id='block_1_2' title="bbox 133 178 805 215">
    <p class='ocr_par' dir='ltr' id='par_1_2' title="bbox 133 178 805 215">
     <span class='ocr_line' id='line_1_2' title="bbox 133 178 805 215; baseline -0.006 -8"><span class='ocrx_word' id='word_1_2' title='bbox 133 181 186 207; x_wconf 65' lang='lat'><strong>“5</strong></span> <span class='ocrx_word' id='word_1_3' title='bbox 201 181 234 207; x_wconf 84' lang='grc' dir='ltr'><strong>Τί</strong></span> <span class='ocrx_word' id='word_1_4' title='bbox 246 180 268 207; x_wconf 83' lang='grc' dir='ltr'><strong>δ’</strong></span> <span class='ocrx_word' id='word_1_5' title='bbox 281 180 402 215; x_wconf 75' lang='grc' dir='ltr'><strong>ἐγκαλῶν</strong></span> <span class='ocrx_word' id='word_1_6' title='bbox 415 179 553 215; x_wconf 75' lang='grc' dir='ltr'><strong>προῦδωκε</strong></span> <span class='ocrx_word' id='word_1_7' title='bbox 570 178 786 213; x_wconf 73' lang='grc' dir='ltr'>παντευερχέτην</span> <span class='ocrx_word' id='word_1_8' title='bbox 798 186 805 210; x_wconf 87' lang='grc'>;</span> 
     </span>
    </p>
   </div>
   <div class='ocr_carea' id='block_1_3' title="bbox 134 224 711 263">
    <p class='ocr_par' dir='ltr' id='par_1_3' title="bbox 134 224 711 263">
     <span class='ocr_line' id='line_1_3' title="bbox 134 224 711 263; baseline -0.009 -9"><span class='ocrx_word' id='word_1_9' title='bbox 134 229 170 254; x_wconf 82' lang='grc' dir='ltr'>Ἣ</span> <span class='ocrx_word' id='word_1_10' title='bbox 186 228 227 258; x_wconf 83' lang='grc' dir='ltr'><strong>τίς</strong></span> <span class='ocrx_word' id='word_1_11' title='bbox 240 227 309 262; x_wconf 78' lang='grc' dir='ltr'>λαϐὴ</span> <span class='ocrx_word' id='word_1_12' title='bbox 325 226 462 263; x_wconf 82' lang='grc' dir='ltr'><strong>δράματος</strong></span> <span class='ocrx_word' id='word_1_13' title='bbox 475 224 509 261; x_wconf 84' lang='grc' dir='ltr'>ἧν</span> <span class='ocrx_word' id='word_1_14' title='bbox 525 225 564 260; x_wconf 84' lang='grc' dir='ltr'>τῷ</span> <span class='ocrx_word' id='word_1_15' title='bbox 581 224 711 259; x_wconf 54' lang='lat' dir='ltr'><strong>parvom;</strong></span> 
     </span>
    </p>
   </div>
   <div class='ocr_carea' id='block_1_4' title="bbox 134 270 851 307">
    <p class='ocr_par' dir='ltr' id='par_1_4' title="bbox 134 270 851 307">
     <span class='ocr_line' id='line_1_4' title="bbox 134 270 851 307; baseline -0.006 -7"><span class='ocrx_word' id='word_1_16' title='bbox 134 275 204 307; x_wconf 83' lang='grc' dir='ltr'>Χορ.</span> <span class='ocrx_word' id='word_1_17' title='bbox 215 273 315 299; x_wconf 80' lang='grc' dir='ltr'>Ἀκουε</span> <span class='ocrx_word' id='word_1_18' title='bbox 331 272 412 304; x_wconf 80' lang='grc' dir='ltr'>τοῦδ’,</span> <span class='ocrx_word' id='word_1_19' title='bbox 426 272 454 303; x_wconf 79' lang='grc' dir='ltr'><strong>ὃς</strong></span> <span class='ocrx_word' id='word_1_20' title='bbox 469 280 509 298; x_wconf 79' lang='grc' dir='ltr'><strong>σοι</strong></span> <span class='ocrx_word' id='word_1_21' title='bbox 522 271 628 306; x_wconf 80' lang='grc' dir='ltr'>τρανῶς</span> <span class='ocrx_word' id='word_1_22' title='bbox 643 270 719 296; x_wconf 79' lang='grc' dir='ltr'>πάντ’</span> <span class='ocrx_word' id='word_1_23' title='bbox 732 270 851 304; x_wconf 81' lang='grc' dir='ltr'>ἀγγελεῖ.</span> 
     </span>
    </p>
   </div>
   <div class='ocr_carea' id='block_1_5' title="bbox 137 314 784 352">
    <p class='ocr_par' dir='ltr' id='par_1_5' title="bbox 137 314 784 352">
     <span class='ocr_line' id='line_1_5' title="bbox 137 314 784 352; baseline -0.008 -7"><span class='ocrx_word' id='word_1_24' title='bbox 137 318 220 352; x_wconf 69' lang='grc' dir='ltr'><strong>Ἀγγ.</strong></span> <span class='ocrx_word' id='word_1_25' title='bbox 241 318 350 349; x_wconf 75' lang='grc' dir='ltr'>Ἄκουε,</span> <span class='ocrx_word' id='word_1_26' title='bbox 366 316 479 351; x_wconf 83' lang='grc' dir='ltr'><strong>τλῆμον,</strong></span> <span class='ocrx_word' id='word_1_27' title='bbox 489 316 506 350; x_wconf 89' lang='grc' dir='ltr'>ἡ</span> <span class='ocrx_word' id='word_1_28' title='bbox 521 315 551 341; x_wconf 68' lang='grc' dir='ltr'><strong>τὺ</strong></span> <span class='ocrx_word' id='word_1_29' title='bbox 568 315 631 350; x_wconf 74' lang='grc' dir='ltr'>πρὶν</span> <span class='ocrx_word' id='word_1_30' title='bbox 643 314 784 344; x_wconf 76' lang='grc' dir='ltr'>πανολϐία.</span> 
     </span>
    </p>
   </div>
   <div class='ocr_carea' id='block_1_6' title="bbox 135 360 714 396">
    <p class='ocr_par' dir='ltr' id='par_1_6' title="bbox 135 360 714 396">
     <span class='ocr_line' id='line_1_6' title="bbox 135 360 714 396; baseline -0.007 -6"><span class='ocrx_word' id='word_1_31' title='bbox 135 363 234 390; x_wconf 69' lang='grc' dir='ltr'>’Ἄκουε</span> <span class='ocrx_word' id='word_1_32' title='bbox 249 362 295 395; x_wconf 81' lang='grc' dir='ltr'><strong>οὓς</strong></span> <span class='ocrx_word' id='word_1_33' title='bbox 312 371 352 389; x_wconf 85' lang='grc' dir='ltr'><strong>σοι</strong></span> <span class='ocrx_word' id='word_1_34' title='bbox 368 362 507 396; x_wconf 78' lang='grc' dir='ltr'><strong>δυστυχεῖς</strong></span> <span class='ocrx_word' id='word_1_35' title='bbox 520 361 596 396; x_wconf 82' lang='grc' dir='ltr'><strong>φέρω</strong></span> <span class='ocrx_word' id='word_1_36' title='bbox 609 360 714 394; x_wconf 82' lang='grc' dir='ltr'><strong>λόγους.</strong></span> 
     </span>
    </p>
   </div>
   <div class='ocr_carea' id='block_1_7' title="bbox 136 401 850 442">
    <p class='ocr_par' dir='ltr' id='par_1_7' title="bbox 136 401 850 442">
     <span class='ocr_line' id='line_1_7' title="bbox 136 401 850 442; baseline -0.008 -6"><span class='ocrx_word' id='word_1_37' title='bbox 136 410 189 436; x_wconf 74' lang='grc'><strong>150</strong></span> <span class='ocrx_word' id='word_1_38' title='bbox 205 409 303 435; x_wconf 75' lang='grc' dir='ltr'><strong>Θεοῑό.</strong></span> <span class='ocrx_word' id='word_1_39' title='bbox 321 407 365 439; x_wconf 76' lang='grc' dir='ltr'>Αἰ,</span> <span class='ocrx_word' id='word_1_40' title='bbox 379 408 423 434; x_wconf 74' lang='lat' dir='ltr'><strong>ait</strong></span> <span class='ocrx_word' id='word_1_41' title='bbox 440 406 620 442; x_wconf 82' lang='grc' dir='ltr'><strong>διοιχόμεσθα,</strong></span> <span class='ocrx_word' id='word_1_42' title='bbox 633 405 711 440; x_wconf 78' lang='grc' dir='ltr'>δῆλος</span> <span class='ocrx_word' id='word_1_43' title='bbox 727 401 751 431; x_wconf 78' lang='grc' dir='ltr'>εἳ</span> <span class='ocrx_word' id='word_1_44' title='bbox 769 404 850 440; x_wconf 80' lang='grc' dir='ltr'>λόγῳ,</span> 
     </span>
    </p>
   </div>
   <div class='ocr_carea' id='block_1_8' title="bbox 135 451 706 490">
    <p class='ocr_par' dir='ltr' id='par_1_8' title="bbox 135 451 706 490">
     <span class='ocr_line' id='line_1_8' title="bbox 135 451 706 490; baseline -0.007 -9"><span class='ocrx_word' id='word_1_45' title='bbox 135 455 237 481; x_wconf 83' lang='grc' dir='ltr'>Κακῶν</span> <span class='ocrx_word' id='word_1_46' title='bbox 249 454 302 490; x_wconf 82' lang='grc' dir='ltr'>γὰρ</span> <span class='ocrx_word' id='word_1_47' title='bbox 316 454 402 489; x_wconf 74' lang='grc' dir='ltr'>ἥκεις,</span> <span class='ocrx_word' id='word_1_48' title='bbox 419 453 456 484; x_wconf 86' lang='grc' dir='ltr'><strong>ὼς</strong></span> <span class='ocrx_word' id='word_1_49' title='bbox 471 452 566 484; x_wconf 69' lang='grc' dir='ltr'>ἔοικεν,</span> <span class='ocrx_word' id='word_1_50' title='bbox 583 451 706 486; x_wconf 81' lang='grc' dir='ltr'><strong>ἄγγελος.</strong></span> 
     </span>
    </p>
   </div>
   <div class='ocr_carea' id='block_1_9' title="bbox 170 496 920 534">
    <p class='ocr_par' dir='ltr' id='par_1_9' title="bbox 170 496 920 534">
     <span class='ocr_line' id='line_1_9' title="bbox 170 496 920 534; baseline -0.007 -7"><span class='ocrx_word' id='word_1_51' title='bbox 170 501 246 534; x_wconf 75' lang='lat' dir='ltr'><strong>&#39;Arr.</strong></span> <span class='ocrx_word' id='word_1_52' title='bbox 261 499 360 526; x_wconf 79' lang='grc' dir='ltr'>Κακῶν</span> <span class='ocrx_word' id='word_1_53' title='bbox 378 499 436 534; x_wconf 82' lang='grc' dir='ltr'>μὲν,</span> <span class='ocrx_word' id='word_1_54' title='bbox 448 498 554 533; x_wconf 85' lang='grc' dir='ltr'><strong>ἀληθῶν</strong></span> <span class='ocrx_word' id='word_1_55' title='bbox 567 497 589 524; x_wconf 87' lang='grc' dir='ltr'><strong>δ’</strong></span> <span class='ocrx_word' id='word_1_56' title='bbox 600 497 684 532; x_wconf 78' lang='grc' dir='ltr'><strong>ὅμως.</strong></span> <span class='ocrx_word' id='word_1_57' title='bbox 700 497 732 523; x_wconf 85' lang='grc' dir='ltr'>Τί</span> <span class='ocrx_word' id='word_1_58' title='bbox 746 496 800 532; x_wconf 85' lang='grc' dir='ltr'>γὰρ</span> <span class='ocrx_word' id='word_1_59' title='bbox 814 496 920 532; x_wconf 79' lang='grc' dir='ltr'><strong>φράσω;</strong></span> 
     </span>
    </p>
   </div>
   <div class='ocr_carea' id='block_1_10' title="bbox 142 541 706 578">
    <p class='ocr_par' dir='ltr' id='par_1_10' title="bbox 142 541 706 578">
     <span class='ocr_line' id='line_1_10' title="bbox 142 541 706 578; baseline -0.005 -7"><span class='ocrx_word' id='word_1_60' title='bbox 142 545 218 571; x_wconf 83' lang='grc' dir='ltr'><strong>Ἐπεὶ</strong></span> <span class='ocrx_word' id='word_1_61' title='bbox 230 543 261 570; x_wconf 81' lang='grc' dir='ltr'><strong>τὺ</strong></span> <span class='ocrx_word' id='word_1_62' title='bbox 273 544 364 578; x_wconf 80' lang='grc' dir='ltr'>πάσχα</span> <span class='ocrx_word' id='word_1_63' title='bbox 376 543 478 574; x_wconf 81' lang='grc' dir='ltr'>καινὸν,</span> <span class='ocrx_word' id='word_1_64' title='bbox 490 542 527 574; x_wconf 84' lang='grc' dir='ltr'><strong>ὡς</strong></span> <span class='ocrx_word' id='word_1_65' title='bbox 538 541 600 577; x_wconf 70' lang='grc' dir='ltr'>ἔφη,</span> <span class='ocrx_word' id='word_1_66' title='bbox 616 543 706 577; x_wconf 82' lang='grc' dir='ltr'><strong>φάγοι,</strong></span> 
     </span>
    </p>
   </div>
   <div class='ocr_carea' id='block_1_11' title="bbox 135 587 746 624">
    <p class='ocr_par' dir='ltr' id='par_1_11' title="bbox 135 587 746 624">
     <span class='ocr_line' id='line_1_11' title="bbox 135 587 746 624; baseline -0.007 -7"><span class='ocrx_word' id='word_1_67' title='bbox 135 590 259 622; x_wconf 73' lang='grc' dir='ltr'><strong>Μύσταις</strong></span> <span class='ocrx_word' id='word_1_68' title='bbox 271 589 380 624; x_wconf 71' lang='grc' dir='ltr'>ἄριστον</span> <span class='ocrx_word' id='word_1_69' title='bbox 393 588 535 623; x_wconf 69' lang='grc' dir='ltr'>παραθεὶς,</span> <span class='ocrx_word' id='word_1_70' title='bbox 548 587 653 614; x_wconf 86' lang='grc' dir='ltr'>δεῖπνον</span> <span class='ocrx_word' id='word_1_71' title='bbox 665 587 746 622; x_wconf 82' lang='grc' dir='ltr'>μέγα,</span> 
     </span>
    </p>
   </div>
   <div class='ocr_carea' id='block_1_12' title="bbox 136 633 825 669">
    <p class='ocr_par' dir='ltr' id='par_1_12' title="bbox 136 633 825 669">
     <span class='ocr_line' id='line_1_12' title="bbox 136 633 825 669; baseline -0.004 -7"><span class='ocrx_word' id='word_1_72' title='bbox 136 636 189 663; x_wconf 81' lang='grc'><strong>155</strong></span> <span class='ocrx_word' id='word_1_73' title='bbox 203 635 297 667; x_wconf 82' lang='grc' dir='ltr'>Δείξας</span> <span class='ocrx_word' id='word_1_74' title='bbox 310 635 334 661; x_wconf 93' lang='grc' dir='ltr'>τ’</span> <span class='ocrx_word' id='word_1_75' title='bbox 351 635 381 661; x_wconf 83' lang='grc' dir='ltr'>ὲν</span> <span class='ocrx_word' id='word_1_76' title='bbox 394 634 534 668; x_wconf 81' lang='grc' dir='ltr'><strong>αἰνίγμασι</strong></span> <span class='ocrx_word' id='word_1_77' title='bbox 549 633 594 660; x_wconf 81' lang='grc' dir='ltr'>τὸν</span> <span class='ocrx_word' id='word_1_78' title='bbox 609 633 689 660; x_wconf 76' lang='grc' dir='ltr'>αὐτοῦ</span> <span class='ocrx_word' id='word_1_79' title='bbox 706 633 825 669; x_wconf 79' lang='grc' dir='ltr'>πράτην·</span> 
     </span>
    </p>
   </div>
   <div class='ocr_carea' id='block_1_13' title="bbox 137 679 728 715">
    <p class='ocr_par' dir='ltr' id='par_1_13' title="bbox 137 679 728 715">
     <span class='ocr_line' id='line_1_13' title="bbox 137 679 728 715; baseline -0.003 -7"><span class='ocrx_word' id='word_1_80' title='bbox 137 683 253 708; x_wconf 78' lang='grc' dir='ltr'><strong>Ἔπειτα</strong></span> <span class='ocrx_word' id='word_1_81' title='bbox 264 680 343 715; x_wconf 77' lang='grc' dir='ltr'>νίψας</span> <span class='ocrx_word' id='word_1_82' title='bbox 356 680 410 706; x_wconf 86' lang='grc' dir='ltr'>τῶν</span> <span class='ocrx_word' id='word_1_83' title='bbox 423 679 549 715; x_wconf 80' lang='grc' dir='ltr'>μαθητῶν</span> <span class='ocrx_word' id='word_1_84' title='bbox 562 680 624 710; x_wconf 83' lang='grc' dir='ltr'>τοὺς</span> <span class='ocrx_word' id='word_1_85' title='bbox 636 679 728 711; x_wconf 75' lang='grc' dir='ltr'>πόδας,</span> 
     </span>
    </p>
   </div>
   <div class='ocr_carea' id='block_1_14' title="bbox 136 724 678 760">
    <p class='ocr_par' dir='ltr' id='par_1_14' title="bbox 136 724 678 760">
     <span class='ocr_line' id='line_1_14' title="bbox 136 724 678 760; baseline -0.006 -7"><span class='ocrx_word' id='word_1_86' title='bbox 136 727 266 759; x_wconf 81' lang='grc' dir='ltr'>Ἐξεισιν,</span> <span class='ocrx_word' id='word_1_87' title='bbox 277 726 314 758; x_wconf 66' lang='grc' dir='ltr'><strong>ὡς</strong></span> <span class='ocrx_word' id='word_1_88' title='bbox 329 725 432 758; x_wconf 79' lang='grc' dir='ltr'>εῖθιστ“,</span> <span class='ocrx_word' id='word_1_89' title='bbox 445 724 541 751; x_wconf 80' lang='grc' dir='ltr'>ἐλαιῶν</span> <span class='ocrx_word' id='word_1_90' title='bbox 555 725 594 756; x_wconf 73' lang='grc' dir='ltr'>εἰς</span> <span class='ocrx_word' id='word_1_91' title='bbox 607 724 678 760; x_wconf 80' lang='grc' dir='ltr'>ὅρος,</span> 
     </span>
    </p>
   </div>
   <div class='ocr_carea' id='block_1_15' title="bbox 135 770 781 808">
    <p class='ocr_par' dir='ltr' id='par_1_15' title="bbox 135 770 781 808">
     <span class='ocr_line' id='line_1_15' title="bbox 135 770 781 808; baseline -0.006 -8"><span class='ocrx_word' id='word_1_92' title='bbox 135 773 228 800; x_wconf 83' lang='grc' dir='ltr'>Εὶπών</span> <span class='ocrx_word' id='word_1_93' title='bbox 242 779 271 799; x_wconf 83' lang='grc' dir='ltr'><strong>τε</strong></span> <span class='ocrx_word' id='word_1_94' title='bbox 290 772 405 808; x_wconf 81' lang='grc' dir='ltr'><strong>μύσταις</strong></span> <span class='ocrx_word' id='word_1_95' title='bbox 418 770 496 798; x_wconf 79' lang='grc' dir='ltr'>πάνθ’</span> <span class='ocrx_word' id='word_1_96' title='bbox 510 770 581 805; x_wconf 67' lang='grc' dir='ltr'>ειπερ</span> <span class='ocrx_word' id='word_1_97' title='bbox 594 770 676 797; x_wconf 80' lang='grc' dir='ltr'>τανῦν</span> <span class='ocrx_word' id='word_1_98' title='bbox 692 770 781 803; x_wconf 83' lang='grc' dir='ltr'><strong>πάθοι,</strong></span> 
     </span>
    </p>
   </div>
   <div class='ocr_carea' id='block_1_16' title="bbox 804 115 1147 144">
    <p class='ocr_par' dir='ltr' id='par_1_16' title="bbox 804 115 1147 144">
     <span class='ocr_line' id='line_1_16' title="bbox 804 115 1147 144; baseline -0.006 0"><span class='ocrx_word' id='word_1_99' title='bbox 804 115 976 144; x_wconf 81' lang='lat' dir='ltr'><strong>CHRISTUS</strong></span> <span class='ocrx_word' id='word_1_100' title='bbox 993 115 1147 143; x_wconf 81' lang='lat' dir='ltr'><strong>PATIENS.</strong></span> 
     </span>
    </p>
   </div>
   <div class='ocr_carea' id='block_1_17' title="bbox 935 174 1533 211">
    <p class='ocr_par' dir='ltr' id='par_1_17' title="bbox 935 174 1533 211">
     <span class='ocr_line' id='line_1_17' title="bbox 935 174 1533 211; baseline -0.007 -7"><span class='ocrx_word' id='word_1_101' title='bbox 935 180 957 207; x_wconf 73' lang='grc' dir='ltr'>Α</span> <span class='ocrx_word' id='word_1_102' title='bbox 972 178 1142 211; x_wconf 80' lang='grc' dir='ltr'>Καταρτίσας</span> <span class='ocrx_word' id='word_1_103' title='bbox 1158 177 1260 208; x_wconf 82' lang='grc' dir='ltr'><strong>πάντας</strong></span> <span class='ocrx_word' id='word_1_104' title='bbox 1275 184 1303 202; x_wconf 86' lang='grc' dir='ltr'><strong>τε</strong></span> <span class='ocrx_word' id='word_1_105' title='bbox 1321 174 1533 210; x_wconf 81' lang='grc' dir='ltr'>μυσταγωγιαις,</span> 
     </span>
    </p>
   </div>
   <div class='ocr_carea' id='block_1_18' title="bbox 1705 113 1761 141">
    <p class='ocr_par' dir='ltr' id='par_1_18' title="bbox 1705 113 1761 141">
     <span class='ocr_line' id='line_1_18' title="bbox 1705 113 1761 141; baseline 0 -1"><span class='ocrx_word' id='word_1_106' title='bbox 1705 113 1761 141; x_wconf 72' lang='grc' dir='ltr'><strong>151Γ</strong></span> 
     </span>
    </p>
   </div>
   <div class='ocr_carea' id='block_1_19' title="bbox 972 218 1695 255">
    <p class='ocr_par' dir='ltr' id='par_1_19' title="bbox 972 218 1695 255">
     <span class='ocr_line' id='line_1_19' title="bbox 972 218 1695 255; baseline -0.007 -6"><span class='ocrx_word' id='word_1_107' title='bbox 972 223 1022 250; x_wconf 82' lang='grc'><strong>160</strong></span> <span class='ocrx_word' id='word_1_108' title='bbox 1035 222 1142 254; x_wconf 87' lang='grc' dir='ltr'>Πολλοῖς</span> <span class='ocrx_word' id='word_1_109' title='bbox 1158 221 1203 254; x_wconf 79' lang='grc' dir='ltr'>ξὺν</span> <span class='ocrx_word' id='word_1_110' title='bbox 1216 221 1304 253; x_wconf 84' lang='grc' dir='ltr'>ἄλλοις</span> <span class='ocrx_word' id='word_1_111' title='bbox 1316 222 1362 247; x_wconf 78' lang='grc' dir='ltr'>καὶ</span> <span class='ocrx_word' id='word_1_112' title='bbox 1373 220 1429 248; x_wconf 78' lang='grc' dir='ltr'><strong>τάδ’</strong></span> <span class='ocrx_word' id='word_1_113' title='bbox 1441 218 1501 247; x_wconf 84' lang='grc' dir='ltr'>εἷπε</span> <span class='ocrx_word' id='word_1_114' title='bbox 1514 219 1581 255; x_wconf 79' lang='grc' dir='ltr'>πρὸς</span> <span class='ocrx_word' id='word_1_115' title='bbox 1593 218 1658 245; x_wconf 77' lang='grc' dir='ltr'>Θεὸν</span> <span class='ocrx_word' id='word_1_116' title='bbox 1667 226 1675 232; x_wconf 89' lang='grc'><strong>·</strong></span> <span class='ocrx_word' id='word_1_117' title='bbox 1693 225 1695 228; x_wconf 90' lang='grc'>·</span> 
     </span>
    </p>
   </div>
   <div class='ocr_carea' id='block_1_20' title="bbox 973 265 1601 303">
    <p class='ocr_par' dir='ltr' id='par_1_20' title="bbox 973 265 1601 303">
     <span class='ocr_line' id='line_1_20' title="bbox 973 265 1601 303; baseline -0.006 -9"><span class='ocrx_word' id='word_1_118' title='bbox 973 279 982 294; x_wconf 79' lang='grc' dir='ltr'><strong>ι</strong></span> <span class='ocrx_word' id='word_1_119' title='bbox 1001 269 1102 302; x_wconf 76' lang='grc' dir='ltr'>Πάτερ,</span> <span class='ocrx_word' id='word_1_120' title='bbox 1117 268 1242 303; x_wconf 79' lang='grc' dir='ltr'><strong>μέγιστον</strong></span> <span class='ocrx_word' id='word_1_121' title='bbox 1255 267 1301 294; x_wconf 82' lang='grc' dir='ltr'>νῦν</span> <span class='ocrx_word' id='word_1_122' title='bbox 1314 266 1437 302; x_wconf 84' lang='grc' dir='ltr'>πὰρασχέ</span> <span class='ocrx_word' id='word_1_123' title='bbox 1452 274 1496 301; x_wconf 89' lang='grc' dir='ltr'><strong>μοι</strong></span> <span class='ocrx_word' id='word_1_124' title='bbox 1510 265 1601 296; x_wconf 82' lang='grc' dir='ltr'>κλέος·</span> 
     </span>
    </p>
   </div>
   <div class='ocr_carea' id='block_1_21' title="bbox 970 309 1551 348">
    <p class='ocr_par' dir='ltr' id='par_1_21' title="bbox 970 309 1551 348">
     <span class='ocr_line' id='line_1_21' title="bbox 970 309 1551 348; baseline -0.007 -9"><span class='ocrx_word' id='word_1_125' title='bbox 970 313 1006 340; x_wconf 85' lang='grc' dir='ltr'>Τὸ</span> <span class='ocrx_word' id='word_1_126' title='bbox 1021 313 1094 348; x_wconf 82' lang='grc' dir='ltr'>παρὰ</span> <span class='ocrx_word' id='word_1_127' title='bbox 1107 313 1147 338; x_wconf 74' lang='grc' dir='ltr'><strong>σοὶ</strong></span> <span class='ocrx_word' id='word_1_128' title='bbox 1164 313 1219 347; x_wconf 71' lang='grc' dir='ltr'><strong>γὰρ</strong></span> <span class='ocrx_word' id='word_1_129' title='bbox 1234 312 1272 347; x_wconf 79' lang='grc' dir='ltr'><strong>μὴ</strong></span> <span class='ocrx_word' id='word_1_130' title='bbox 1285 311 1370 337; x_wconf 84' lang='grc' dir='ltr'>λιπών</span> <span class='ocrx_word' id='word_1_131' title='bbox 1384 319 1448 336; x_wconf 83' lang='grc' dir='ltr'>ποτε</span> <span class='ocrx_word' id='word_1_132' title='bbox 1463 309 1551 341; x_wconf 81' lang='grc' dir='ltr'><strong>κλέος,</strong></span> 
     </span>
    </p>
   </div>
   <div class='ocr_carea' id='block_1_22' title="bbox 969 356 1583 394">
    <p class='ocr_par' dir='ltr' id='par_1_22' title="bbox 969 356 1583 394">
     <span class='ocr_line' id='line_1_22' title="bbox 969 356 1583 394; baseline -0.003 -10"><span class='ocrx_word' id='word_1_133' title='bbox 969 359 1016 390; x_wconf 81' lang='grc' dir='ltr'>Εἰς</span> <span class='ocrx_word' id='word_1_134' title='bbox 1033 359 1122 394; x_wconf 78' lang='grc' dir='ltr'>μεῖζον</span> <span class='ocrx_word' id='word_1_135' title='bbox 1134 358 1200 393; x_wconf 77' lang='grc' dir='ltr'><strong>ἥξω,</strong></span> <span class='ocrx_word' id='word_1_136' title='bbox 1212 357 1330 392; x_wconf 75' lang='grc' dir='ltr'><strong>δυσμενῆ</strong></span> <span class='ocrx_word' id='word_1_137' title='bbox 1344 356 1448 383; x_wconf 82' lang='grc' dir='ltr'>κτανὼν</span> <span class='ocrx_word' id='word_1_138' title='bbox 1463 356 1565 391; x_wconf 84' lang='grc' dir='ltr'>βροτῶν</span> <span class='ocrx_word' id='word_1_139' title='bbox 1576 363 1583 371; x_wconf 89' lang='grc'><strong>·</strong></span> 
     </span>
    </p>
   </div>
   <div class='ocr_carea' id='block_1_23' title="bbox 971 401 1569 439">
    <p class='ocr_par' dir='ltr' id='par_1_23' title="bbox 971 401 1569 439">
     <span class='ocr_line' id='line_1_23' title="bbox 971 401 1569 439; baseline -0.005 -9"><span class='ocrx_word' id='word_1_140' title='bbox 971 404 1056 439; x_wconf 86' lang='grc' dir='ltr'>Ἐθνη</span> <span class='ocrx_word' id='word_1_141' title='bbox 1071 412 1101 429; x_wconf 85' lang='grc' dir='ltr'><strong>τε</strong></span> <span class='ocrx_word' id='word_1_142' title='bbox 1112 403 1191 434; x_wconf 82' lang='grc' dir='ltr'><strong>διδοῖς</strong></span> <span class='ocrx_word' id='word_1_143' title='bbox 1206 402 1284 429; x_wconf 83' lang='grc' dir='ltr'>πάντ’</span> <span class='ocrx_word' id='word_1_144' title='bbox 1297 401 1382 437; x_wconf 78' lang='grc' dir='ltr'>ἔχοντι</span> <span class='ocrx_word' id='word_1_145' title='bbox 1396 402 1462 437; x_wconf 84' lang='grc' dir='ltr'><strong>πρὸς</strong></span> <span class='ocrx_word' id='word_1_146' title='bbox 1479 401 1569 428; x_wconf 79' lang='grc' dir='ltr'>σέθεν·</span> 
     </span>
    </p>
   </div>
   <div class='ocr_carea' id='block_1_24' title="bbox 970 446 1632 483">
    <p class='ocr_par' dir='ltr' id='par_1_24' title="bbox 970 446 1632 483">
     <span class='ocr_line' id='line_1_24' title="bbox 970 446 1632 483; baseline -0.009 -6"><span class='ocrx_word' id='word_1_147' title='bbox 970 450 1022 477; x_wconf 83' lang='grc'><strong>165</strong></span> <span class='ocrx_word' id='word_1_148' title='bbox 1035 449 1130 476; x_wconf 79' lang='grc' dir='ltr'>Λαϐὼν</span> <span class='ocrx_word' id='word_1_149' title='bbox 1144 449 1171 475; x_wconf 85' lang='grc' dir='ltr'><strong>δὲ</strong></span> <span class='ocrx_word' id='word_1_150' title='bbox 1183 449 1295 480; x_wconf 81' lang='grc' dir='ltr'>πάντας,</span> <span class='ocrx_word' id='word_1_151' title='bbox 1306 449 1329 483; x_wconf 85' lang='grc' dir='ltr'><strong>χ’</strong></span> <span class='ocrx_word' id='word_1_152' title='bbox 1343 448 1381 479; x_wconf 64' lang='lat' dir='ltr'><strong>ib;</strong></span> <span class='ocrx_word' id='word_1_153' title='bbox 1395 448 1529 482; x_wconf 81' lang='grc' dir='ltr'>ἀριστεῖον</span> <span class='ocrx_word' id='word_1_154' title='bbox 1543 446 1632 481; x_wconf 78' lang='grc' dir='ltr'>σφέων</span> 
     </span>
    </p>
   </div>
   <div class='ocr_carea' id='block_1_25' title="bbox 976 490 1572 531">
    <p class='ocr_par' dir='ltr' id='par_1_25' title="bbox 976 490 1572 531">
     <span class='ocr_line' id='line_1_25' title="bbox 976 490 1572 531; baseline -0.007 -10"><span class='ocrx_word' id='word_1_155' title='bbox 976 492 1226 531; x_wconf 76' lang='grc' dir='ltr'>Ὑπερκρεμασθεὶς</span> <span class='ocrx_word' id='word_1_156' title='bbox 1238 490 1302 526; x_wconf 80' lang='grc' dir='ltr'>αὗγε</span> <span class='ocrx_word' id='word_1_157' title='bbox 1317 493 1376 518; x_wconf 82' lang='grc' dir='ltr'>σαῖν</span> <span class='ocrx_word' id='word_1_158' title='bbox 1388 491 1476 526; x_wconf 80' lang='grc' dir='ltr'>χεροῖν</span> <span class='ocrx_word' id='word_1_159' title='bbox 1489 490 1572 524; x_wconf 83' lang='grc' dir='ltr'><strong>νέμω.</strong></span> 
     </span>
    </p>
   </div>
   <div class='ocr_carea' id='block_1_26' title="bbox 970 536 1545 576">
    <p class='ocr_par' dir='ltr' id='par_1_26' title="bbox 970 536 1545 576">
     <span class='ocr_line' id='line_1_26' title="bbox 970 536 1545 576; baseline -0.012 -9"><span class='ocrx_word' id='word_1_160' title='bbox 970 539 1157 576; x_wconf 81' lang='grc' dir='ltr'><strong>Κυδρούμενος</strong></span> <span class='ocrx_word' id='word_1_161' title='bbox 1174 538 1201 565; x_wconf 81' lang='grc' dir='ltr'><strong>δὲ</strong></span> <span class='ocrx_word' id='word_1_162' title='bbox 1214 539 1269 569; x_wconf 84' lang='grc' dir='ltr'>τοῖς</span> <span class='ocrx_word' id='word_1_163' title='bbox 1285 536 1545 572; x_wconf 61' lang='grc' dir='ltr'><strong>ἀριστεὺμασίςμου,</strong></span> 
     </span>
    </p>
   </div>
   <div class='ocr_carea' id='block_1_27' title="bbox 970 579 1518 620">
    <p class='ocr_par' dir='ltr' id='par_1_27' title="bbox 970 579 1518 620">
     <span class='ocr_line' id='line_1_27' title="bbox 970 579 1518 620; baseline -0.013 -7"><span class='ocrx_word' id='word_1_164' title='bbox 970 586 1055 613; x_wconf 68' lang='grc' dir='ltr'>Κάλει</span> <span class='ocrx_word' id='word_1_165' title='bbox 1070 585 1161 620; x_wconf 80' lang='grc' dir='ltr'>φίλους</span> <span class='ocrx_word' id='word_1_166' title='bbox 1179 586 1217 615; x_wconf 75' lang='grc' dir='ltr'><strong>εἰς</strong></span> <span class='ocrx_word' id='word_1_167' title='bbox 1230 584 1318 611; x_wconf 77' lang='grc' dir='ltr'>δαῖτα.</span> <span class='ocrx_word' id='word_1_168' title='bbox 1331 583 1472 617; x_wconf 76' lang='grc' dir='ltr'>Μακάριος</span> <span class='ocrx_word' id='word_1_169' title='bbox 1485 579 1518 611; x_wconf 79' lang='grc' dir='ltr'>εἴ,</span> 
     </span>
    </p>
   </div>
   <div class='ocr_carea' id='block_1_28' title="bbox 970 629 1466 666">
    <p class='ocr_par' dir='ltr' id='par_1_28' title="bbox 970 629 1466 666">
     <span class='ocr_line' id='line_1_28' title="bbox 970 629 1466 666; baseline -0.01 -7"><span class='ocrx_word' id='word_1_170' title='bbox 970 632 1111 666; x_wconf 77' lang='grc' dir='ltr'>Μακάριος</span> <span class='ocrx_word' id='word_1_171' title='bbox 1127 631 1214 658; x_wconf 80' lang='grc' dir='ltr'>τοιάδε</span> <span class='ocrx_word' id='word_1_172' title='bbox 1228 629 1441 665; x_wconf 79' lang='grc' dir='ltr'><strong>διειργασμένος.</strong></span> <span class='ocrx_word' id='word_1_173' title='bbox 1458 638 1466 652; x_wconf 75' lang='grc' dir='ltr'><strong>ι</strong></span> 
     </span>
    </p>
   </div>
   <div class='ocr_carea' id='block_1_29' title="bbox 972 673 1586 711">
    <p class='ocr_par' dir='ltr' id='par_1_29' title="bbox 972 673 1586 711">
     <span class='ocr_line' id='line_1_29' title="bbox 972 673 1586 711; baseline -0.008 -7"><span class='ocrx_word' id='word_1_174' title='bbox 972 678 1022 705; x_wconf 86' lang='grc'><strong>170</strong></span> <span class='ocrx_word' id='word_1_175' title='bbox 1041 678 1069 704; x_wconf 77' lang='grc' dir='ltr'>Ὀ</span> <span class='ocrx_word' id='word_1_176' title='bbox 1083 678 1104 703; x_wconf 74' lang='grc' dir='ltr'><strong>δ’</strong></span> <span class='ocrx_word' id='word_1_177' title='bbox 1124 675 1202 707; x_wconf 72' lang='grc' dir='ltr'>αὖθις</span> <span class='ocrx_word' id='word_1_178' title='bbox 1216 676 1325 711; x_wconf 73' lang='grc' dir='ltr'>ἀφίησιν</span> <span class='ocrx_word' id='word_1_179' title='bbox 1340 676 1377 706; x_wconf 76' lang='grc' dir='ltr'><strong>ὡς</strong></span> <span class='ocrx_word' id='word_1_180' title='bbox 1394 674 1511 710; x_wconf 78' lang='grc' dir='ltr'>βροντῶν</span> <span class='ocrx_word' id='word_1_181' title='bbox 1524 673 1586 705; x_wconf 69' lang='grc' dir='ltr'>ὅπα,</span> 
     </span>
    </p>
   </div>
   <div class='ocr_carea' id='block_1_30' title="bbox 971 720 1483 758">
    <p class='ocr_par' dir='ltr' id='par_1_30' title="bbox 971 720 1483 758">
     <span class='ocr_line' id='line_1_30' title="bbox 971 720 1483 758; baseline -0.008 -9"><span class='ocrx_word' id='word_1_182' title='bbox 971 723 1063 758; x_wconf 88' lang='grc' dir='ltr'><strong>Δηλῶν</strong></span> <span class='ocrx_word' id='word_1_183' title='bbox 1078 722 1204 757; x_wconf 75' lang='grc' dir='ltr'><strong>κλεῖσμὸν</strong></span> <span class='ocrx_word' id='word_1_184' title='bbox 1219 721 1324 757; x_wconf 79' lang='grc' dir='ltr'>αἰθεροτ</span> <span class='ocrx_word' id='word_1_185' title='bbox 1329 721 1402 756; x_wconf 80' lang='grc' dir='ltr'><strong>ρὸμῳ</strong></span> <span class='ocrx_word' id='word_1_186' title='bbox 1418 720 1465 755; x_wconf 68' lang='grc' dir='ltr'><strong>βοῗιΙ</strong></span> <span class='ocrx_word' id='word_1_187' title='bbox 1477 729 1483 734; x_wconf 88' lang='grc'><strong>·</strong></span> 
     </span>
    </p>
   </div>
   <div class='ocr_carea' id='block_1_31' title="bbox 972 764 1655 802">
    <p class='ocr_par' dir='ltr' id='par_1_31' title="bbox 972 764 1655 802">
     <span class='ocr_line' id='line_1_31' title="bbox 972 764 1655 802; baseline -0.009 -6"><span class='ocrx_word' id='word_1_188' title='bbox 972 769 1026 796; x_wconf 74' lang='grc' dir='ltr'><strong>Καὶ</strong></span> <span class='ocrx_word' id='word_1_189' title='bbox 1046 768 1117 802; x_wconf 73' lang='grc' dir='ltr'>πρὶν</span> <span class='ocrx_word' id='word_1_190' title='bbox 1137 767 1271 799; x_wconf 53' lang='lat' dir='ltr'><strong>alariae,</strong></span> <span class='ocrx_word' id='word_1_191' title='bbox 1290 766 1347 793; x_wconf 75' lang='grc' dir='ltr'><em>νῦν</em></span> <span class='ocrx_word' id='word_1_192' title='bbox 1367 767 1477 792; x_wconf 60' lang='lat' dir='ltr'><strong>mis/7‘0&quot;.)</strong></span> <span class='ocrx_word' id='word_1_193' title='bbox 1494 772 1530 791; x_wconf 85' lang='grc' dir='ltr'>σε</span> <span class='ocrx_word' id='word_1_194' title='bbox 1551 764 1655 791; x_wconf 76' lang='grc' dir='ltr'><strong>πλέον.</strong></span> 
     </span>
    </p>
   </div>
   <div class='ocr_carea' id='block_1_32' title="bbox 389 843 1360 880">
    <p class='ocr_par' dir='ltr' id='par_1_32' title="bbox 389 843 1360 880">
     <span class='ocr_line' id='line_1_32' title="bbox 389 843 1360 880; baseline -0.004 -6"><span class='ocrx_word' id='word_1_195' title='bbox 389 848 441 875; x_wconf 76' lang='grc'><strong>145</strong></span> <span class='ocrx_word' id='word_1_196' title='bbox 458 847 519 880; x_wconf 85' lang='lat' dir='ltr'><strong>Quo</strong></span> <span class='ocrx_word' id='word_1_197' title='bbox 534 847 647 874; x_wconf 84' lang='lat' dir='ltr'><strong>crimine</strong></span> <span class='ocrx_word' id='word_1_198' title='bbox 662 851 751 874; x_wconf 85' lang='lat' dir='ltr'><strong>autem</strong></span> <span class='ocrx_word' id='word_1_199' title='bbox 765 846 886 874; x_wconf 90' lang='lat' dir='ltr'><strong>omnium</strong></span> <span class='ocrx_word' id='word_1_200' title='bbox 901 847 1034 874; x_wconf 91' lang='lat' dir='ltr'><strong>bonorum</strong></span> <span class='ocrx_word' id='word_1_201' title='bbox 1055 845 1209 880; x_wconf 85' lang='lat' dir='ltr'><strong>largitorem</strong></span> <span class='ocrx_word' id='word_1_202' title='bbox 1224 843 1360 879; x_wconf 87' lang='lat' dir='ltr'><strong>prodidit?</strong></span> 
     </span>
    </p>
   </div>
   <div class='ocr_carea' id='block_1_33' title="bbox 388 880 1120 917">
    <p class='ocr_par' dir='ltr' id='par_1_33' title="bbox 388 880 1120 917">
     <span class='ocr_line' id='line_1_33' title="bbox 388 880 1120 917; baseline -0.005 -8"><span class='ocrx_word' id='word_1_203' title='bbox 388 884 442 909; x_wconf 87' lang='lat' dir='ltr'><strong>Aut</strong></span> <span class='ocrx_word' id='word_1_204' title='bbox 457 890 538 917; x_wconf 91' lang='lat' dir='ltr'><strong>quam</strong></span> <span class='ocrx_word' id='word_1_205' title='bbox 554 882 683 909; x_wconf 81' lang='lat' dir='ltr'><strong>facinoris</strong></span> <span class='ocrx_word' id='word_1_206' title='bbox 699 889 793 908; x_wconf 80' lang='lat' dir='ltr'><strong>ansam</strong></span> <span class='ocrx_word' id='word_1_207' title='bbox 811 881 972 908; x_wconf 84' lang='lat' dir='ltr'><strong>furibundus</strong></span> <span class='ocrx_word' id='word_1_208' title='bbox 982 880 1120 917; x_wconf 74' lang='lat' dir='ltr'><strong>arripuit?</strong></span> 
     </span>
    </p>
   </div>
   <div class='ocr_carea' id='block_1_34' title="bbox 388 915 1130 951">
    <p class='ocr_par' dir='ltr' id='par_1_34' title="bbox 388 915 1130 951">
     <span class='ocr_line' id='line_1_34' title="bbox 388 915 1130 951; baseline -0.004 -7"><span class='ocrx_word' id='word_1_209' title='bbox 388 915 473 944; x_wconf 57' lang='lat' dir='ltr'><strong>Char:</strong></span> <span class='ocrx_word' id='word_1_210' title='bbox 486 917 557 944; x_wconf 82' lang='lat' dir='ltr'><strong>Audi</strong></span> <span class='ocrx_word' id='word_1_211' title='bbox 574 917 657 949; x_wconf 89' lang='lat' dir='ltr'><strong>hunc,</strong></span> <span class='ocrx_word' id='word_1_212' title='bbox 673 917 719 951; x_wconf 88' lang='lat' dir='ltr'><strong>qui</strong></span> <span class='ocrx_word' id='word_1_213' title='bbox 740 917 789 944; x_wconf 88' lang='lat' dir='ltr'><strong>tibi</strong></span> <span class='ocrx_word' id='word_1_214' title='bbox 807 921 898 951; x_wconf 85' lang='lat' dir='ltr'><strong>aperte</strong></span> <span class='ocrx_word' id='word_1_215' title='bbox 914 916 1004 943; x_wconf 81' lang='lat' dir='ltr'><strong>omnia</strong></span> <span class='ocrx_word' id='word_1_216' title='bbox 1022 915 1130 951; x_wconf 80' lang='lat' dir='ltr'><strong>referet.</strong></span> 
     </span>
    </p>
   </div>
   <div class='ocr_carea' id='block_1_35' title="bbox 389 950 1154 987">
    <p class='ocr_par' dir='ltr' id='par_1_35' title="bbox 389 950 1154 987">
     <span class='ocr_line' id='line_1_35' title="bbox 389 950 1154 987; baseline -0.005 -8"><span class='ocrx_word' id='word_1_217' title='bbox 389 952 473 979; x_wconf 87' lang='lat' dir='ltr'><strong>Nunt.</strong></span> <span class='ocrx_word' id='word_1_218' title='bbox 492 952 573 983; x_wconf 82' lang='lat' dir='ltr'><strong>Audi,</strong></span> <span class='ocrx_word' id='word_1_219' title='bbox 588 960 604 979; x_wconf 92' lang='lat'><strong>0</strong></span> <span class='ocrx_word' id='word_1_220' title='bbox 619 950 730 982; x_wconf 80' lang='lat' dir='ltr'><strong>misera,</strong></span> <span class='ocrx_word' id='word_1_221' title='bbox 744 959 803 987; x_wconf 71' lang='lat' dir='ltr'><strong>qua:</strong></span> <span class='ocrx_word' id='word_1_222' title='bbox 818 950 893 986; x_wconf 79' lang='lat' dir='ltr'><strong>prius</strong></span> <span class='ocrx_word' id='word_1_223' title='bbox 910 959 971 978; x_wconf 90' lang='lat' dir='ltr'><strong>eras</strong></span> <span class='ocrx_word' id='word_1_224' title='bbox 985 950 1154 980; x_wconf 80' lang='lat' dir='ltr'><strong>felicissima,</strong></span> 
     </span>
    </p>
   </div>
   <div class='ocr_carea' id='block_1_36' title="bbox 387 988 470 1018">
    <p class='ocr_par' dir='ltr' id='par_1_36' title="bbox 387 988 470 1018">
     <span class='ocr_line' id='line_1_36' title="bbox 387 988 470 1018; baseline -0.012 -4"><span class='ocrx_word' id='word_1_225' title='bbox 387 988 470 1018; x_wconf 77' lang='lat' dir='ltr'><strong>Audi.</strong></span> 
     </span>
    </p>
   </div>
   <div class='ocr_carea' id='block_1_37' title="bbox 482 986 996 1021">
    <p class='ocr_par' dir='ltr' id='par_1_37' title="bbox 482 986 996 1021">
     <span class='ocr_line' id='line_1_37' title="bbox 482 986 996 1021; baseline -0.004 -7"><span class='ocrx_word' id='word_1_226' title='bbox 482 994 552 1021; x_wconf 84' lang='lat' dir='ltr'><strong>quos</strong></span> <span class='ocrx_word' id='word_1_227' title='bbox 567 987 690 1014; x_wconf 79' lang='lat' dir='ltr'><strong>infelices</strong></span> <span class='ocrx_word' id='word_1_228' title='bbox 706 986 759 1013; x_wconf 82' lang='lat' dir='ltr'><strong>tibi</strong></span> <span class='ocrx_word' id='word_1_229' title='bbox 770 986 830 1015; x_wconf 78' lang='lat' dir='ltr'><strong>fero</strong></span> <span class='ocrx_word' id='word_1_230' title='bbox 847 993 996 1013; x_wconf 82' lang='lat' dir='ltr'><strong>sermones.</strong></span> 
     </span>
    </p>
   </div>
   <div class='ocr_carea' id='block_1_38' title="bbox 389 1019 1228 1056">
    <p class='ocr_par' dir='ltr' id='par_1_38' title="bbox 389 1019 1228 1056">
     <span class='ocr_line' id='line_1_38' title="bbox 389 1019 1228 1056; baseline -0.005 -7"><span class='ocrx_word' id='word_1_231' title='bbox 389 1022 440 1049; x_wconf 81' lang='grc'><strong>150</strong></span> <span class='ocrx_word' id='word_1_232' title='bbox 455 1019 531 1056; x_wconf 68' lang='grc' dir='ltr'><strong>οεῖρ.</strong></span> <span class='ocrx_word' id='word_1_233' title='bbox 552 1020 611 1054; x_wconf 90' lang='lat' dir='ltr'><strong>Hei,</strong></span> <span class='ocrx_word' id='word_1_234' title='bbox 631 1021 673 1049; x_wconf 87' lang='lat' dir='ltr'><strong>hei</strong></span> <span class='ocrx_word' id='word_1_235' title='bbox 688 1022 694 1048; x_wconf 94' lang='lat' dir='ltr'><strong>l</strong></span> <span class='ocrx_word' id='word_1_236' title='bbox 712 1022 840 1056; x_wconf 85' lang='lat' dir='ltr'><strong>perimus,</strong></span> <span class='ocrx_word' id='word_1_237' title='bbox 857 1021 996 1056; x_wconf 84' lang='lat' dir='ltr'><strong>signiﬁcas</strong></span> <span class='ocrx_word' id='word_1_238' title='bbox 1016 1020 1066 1047; x_wconf 90' lang='lat' dir='ltr'><strong>hoc</strong></span> <span class='ocrx_word' id='word_1_239' title='bbox 1083 1019 1205 1046; x_wconf 88' lang='lat' dir='ltr'><strong>oratione</strong></span> <span class='ocrx_word' id='word_1_240' title='bbox 1222 1028 1228 1044; x_wconf 87' lang='lat'>:</span> 
     </span>
    </p>
   </div>
   <div class='ocr_carea' id='block_1_39' title="bbox 388 1055 1021 1088">
    <p class='ocr_par' dir='ltr' id='par_1_39' title="bbox 388 1055 1021 1088">
     <span class='ocr_line' id='line_1_39' title="bbox 388 1055 1021 1088; baseline -0.005 -4"><span class='ocrx_word' id='word_1_241' title='bbox 388 1057 467 1087; x_wconf 83' lang='lat' dir='ltr'><strong>Nam,</strong></span> <span class='ocrx_word' id='word_1_242' title='bbox 485 1055 515 1084; x_wconf 88' lang='lat' dir='ltr'><strong>ut</strong></span> <span class='ocrx_word' id='word_1_243' title='bbox 529 1056 646 1088; x_wconf 89' lang='lat' dir='ltr'><strong>videtur,</strong></span> <span class='ocrx_word' id='word_1_244' title='bbox 660 1057 737 1083; x_wconf 81' lang='lat' dir='ltr'><strong>venis</strong></span> <span class='ocrx_word' id='word_1_245' title='bbox 750 1057 862 1083; x_wconf 91' lang='lat' dir='ltr'><strong>nuntius</strong></span> <span class='ocrx_word' id='word_1_246' title='bbox 878 1055 1021 1082; x_wconf 84' lang='lat' dir='ltr'><strong>malorum.</strong></span> 
     </span>
    </p>
   </div>
   <div class='ocr_carea' id='block_1_40' title="bbox 425 1087 1326 1125">
    <p class='ocr_par' dir='ltr' id='par_1_40' title="bbox 425 1087 1326 1125">
     <span class='ocr_line' id='line_1_40' title="bbox 425 1087 1326 1125; baseline -0.004 -7"><span class='ocrx_word' id='word_1_247' title='bbox 425 1090 510 1118; x_wconf 81' lang='lat' dir='ltr'><strong>Nunt.</strong></span> <span class='ocrx_word' id='word_1_248' title='bbox 524 1091 656 1118; x_wconf 82' lang='lat' dir='ltr'><strong>Malorum</strong></span> <span class='ocrx_word' id='word_1_249' title='bbox 669 1091 805 1125; x_wconf 86' lang='lat' dir='ltr'><strong>equidem,</strong></span> <span class='ocrx_word' id='word_1_250' title='bbox 822 1095 848 1117; x_wconf 91' lang='lat' dir='ltr'><strong>at</strong></span> <span class='ocrx_word' id='word_1_251' title='bbox 861 1094 1006 1117; x_wconf 83' lang='lat' dir='ltr'><strong>certorum.</strong></span> <span class='ocrx_word' id='word_1_252' title='bbox 1022 1089 1091 1122; x_wconf 83' lang='lat' dir='ltr'><strong>Quid</strong></span> <span class='ocrx_word' id='word_1_253' title='bbox 1106 1088 1177 1116; x_wconf 88' lang='lat' dir='ltr'><strong>enim</strong></span> <span class='ocrx_word' id='word_1_254' title='bbox 1194 1087 1326 1123; x_wconf 77' lang='lat' dir='ltr'><strong>eloquar?</strong></span> 
     </span>
    </p>
   </div>
   <div class='ocr_carea' id='block_1_41' title="bbox 387 1125 1109 1161">
    <p class='ocr_par' dir='ltr' id='par_1_41' title="bbox 387 1125 1109 1161">
     <span class='ocr_line' id='line_1_41' title="bbox 387 1125 1109 1161; baseline -0.004 -8"><span class='ocrx_word' id='word_1_255' title='bbox 387 1125 535 1161; x_wconf 85' lang='lat' dir='ltr'><strong>Postquam</strong></span> <span class='ocrx_word' id='word_1_256' title='bbox 555 1127 655 1161; x_wconf 84' lang='lat' dir='ltr'><strong>pascha</strong></span> <span class='ocrx_word' id='word_1_257' title='bbox 669 1134 780 1155; x_wconf 81' lang='lat' dir='ltr'><strong>novum.</strong></span> <span class='ocrx_word' id='word_1_258' title='bbox 798 1130 827 1152; x_wconf 91' lang='lat' dir='ltr'><strong>ut</strong></span> <span class='ocrx_word' id='word_1_259' title='bbox 845 1126 902 1160; x_wconf 88' lang='lat' dir='ltr'><strong>ipse</strong></span> <span class='ocrx_word' id='word_1_260' title='bbox 916 1125 992 1161; x_wconf 81' lang='lat' dir='ltr'><strong>dixit,</strong></span> <span class='ocrx_word' id='word_1_261' title='bbox 1007 1125 1109 1151; x_wconf 89' lang='lat' dir='ltr'><strong>edisset</strong></span> 
     </span>
    </p>
   </div>
   <div class='ocr_carea' id='block_1_42' title="bbox 389 1160 1137 1196">
    <p class='ocr_par' dir='ltr' id='par_1_42' title="bbox 389 1160 1137 1196">
     <span class='ocr_line' id='line_1_42' title="bbox 389 1160 1137 1196; baseline -0.003 -9"><span class='ocrx_word' id='word_1_262' title='bbox 389 1160 536 1196; x_wconf 86' lang='lat' dir='ltr'><strong>Discipulis</strong></span> <span class='ocrx_word' id='word_1_263' title='bbox 552 1160 694 1196; x_wconf 76' lang='lat' dir='ltr'><strong>prandium</strong></span> <span class='ocrx_word' id='word_1_264' title='bbox 710 1168 858 1196; x_wconf 86' lang='lat' dir='ltr'><strong>apponens,</strong></span> <span class='ocrx_word' id='word_1_265' title='bbox 877 1160 1006 1196; x_wconf 81' lang='lat' dir='ltr'><strong>grandem</strong></span> <span class='ocrx_word' id='word_1_266' title='bbox 1021 1167 1137 1196; x_wconf 67' lang='lat' dir='ltr'><strong>cinnata,</strong></span> 
     </span>
    </p>
   </div>
   <div class='ocr_carea' id='block_1_43' title="bbox 389 1196 442 1224">
    <p class='ocr_par' dir='ltr' id='par_1_43' title="bbox 389 1196 442 1224">
     <span class='ocr_line' id='line_1_43' title="bbox 389 1196 442 1224; baseline 0.019 -1"><span class='ocrx_word' id='word_1_267' title='bbox 389 1196 442 1224; x_wconf 83' lang='grc'><strong>155</strong></span> 
     </span>
    </p>
   </div>
   <div class='ocr_carea' id='block_1_44' title="bbox 482 1193 1297 1231">
    <p class='ocr_par' dir='ltr' id='par_1_44' title="bbox 482 1193 1297 1231">
     <span class='ocr_line' id='line_1_44' title="bbox 482 1193 1297 1231; baseline -0.006 -7"><span class='ocrx_word' id='word_1_268' title='bbox 482 1193 688 1231; x_wconf 83' lang='lat' dir='ltr'><strong>esigtiassetque</strong></span> <span class='ocrx_word' id='word_1_269' title='bbox 706 1193 753 1230; x_wconf 80' lang='lat' dir='ltr'><strong>per</strong></span> <span class='ocrx_word' id='word_1_270' title='bbox 770 1193 1044 1231; x_wconf 43' lang='lat' dir='ltr'><strong>modunn-.enignratis</strong></span> <span class='ocrx_word' id='word_1_271' title='bbox 1059 1194 1099 1231; x_wconf 87' lang='lat' dir='ltr'><strong>sui</strong></span> <span class='ocrx_word' id='word_1_272' title='bbox 1118 1193 1297 1227; x_wconf 72' lang='lat' dir='ltr'><strong>proditorem,</strong></span> 
     </span>
    </p>
   </div>
   <div class='ocr_carea' id='block_1_45' title="bbox 388 1229 1130 1264">
    <p class='ocr_par' dir='ltr' id='par_1_45' title="bbox 388 1229 1130 1264">
     <span class='ocr_line' id='line_1_45' title="bbox 388 1229 1130 1264; baseline -0.005 -6"><span class='ocrx_word' id='word_1_273' title='bbox 388 1232 428 1258; x_wconf 85' lang='lat' dir='ltr'><strong>Ac</strong></span> <span class='ocrx_word' id='word_1_274' title='bbox 441 1229 539 1258; x_wconf 79' lang='lat' dir='ltr'><strong>deinde</strong></span> <span class='ocrx_word' id='word_1_275' title='bbox 554 1229 684 1258; x_wconf 77' lang='lat' dir='ltr'><strong>abluisset</strong></span> <span class='ocrx_word' id='word_1_276' title='bbox 699 1229 811 1257; x_wconf 76' lang='lat' dir='ltr'><strong>suorum</strong></span> <span class='ocrx_word' id='word_1_277' title='bbox 828 1230 1021 1264; x_wconf 88' lang='lat' dir='ltr'><strong>discipulorum</strong></span> <span class='ocrx_word' id='word_1_278' title='bbox 1039 1229 1130 1264; x_wconf 79' lang='lat' dir='ltr'><strong>pedes,</strong></span> 
     </span>
    </p>
   </div>
   <div class='ocr_carea' id='block_1_46' title="bbox 388 1262 1317 1300">
    <p class='ocr_par' dir='ltr' id='par_1_46' title="bbox 388 1262 1317 1300">
     <span class='ocr_line' id='line_1_46' title="bbox 388 1262 1317 1300; baseline -0.003 -8"><span class='ocrx_word' id='word_1_279' title='bbox 388 1265 546 1300; x_wconf 81' lang='lat' dir='ltr'><strong>Egreditur.</strong></span> <span class='ocrx_word' id='word_1_280' title='bbox 559 1265 636 1299; x_wconf 92' lang='lat' dir='ltr'><strong>juxta</strong></span> <span class='ocrx_word' id='word_1_281' title='bbox 653 1273 756 1292; x_wconf 89' lang='lat' dir='ltr'><strong>morem</strong></span> <span class='ocrx_word' id='word_1_282' title='bbox 773 1273 862 1295; x_wconf 87' lang='lat' dir='ltr'><strong>suum.</strong></span> <span class='ocrx_word' id='word_1_283' title='bbox 882 1262 914 1291; x_wconf 73' lang='lat' dir='ltr'><strong>ad</strong></span> <span class='ocrx_word' id='word_1_284' title='bbox 935 1262 1054 1291; x_wconf 80' lang='lat' dir='ltr'><strong>montem</strong></span> <span class='ocrx_word' id='word_1_285' title='bbox 1072 1264 1150 1290; x_wconf 86' lang='lat' dir='ltr'><strong>olivis</strong></span> <span class='ocrx_word' id='word_1_286' title='bbox 1168 1262 1317 1295; x_wconf 87' lang='lat' dir='ltr'><strong>consitum,</strong></span> 
     </span>
    </p>
   </div>
   <div class='ocr_carea' id='block_1_47' title="bbox 389 1300 1078 1335">
    <p class='ocr_par' dir='ltr' id='par_1_47' title="bbox 389 1300 1078 1335">
     <span class='ocr_line' id='line_1_47' title="bbox 389 1300 1078 1335; baseline -0.003 -8"><span class='ocrx_word' id='word_1_287' title='bbox 389 1300 514 1335; x_wconf 86' lang='lat' dir='ltr'><strong>Cumque</strong></span> <span class='ocrx_word' id='word_1_288' title='bbox 527 1301 585 1328; x_wconf 85' lang='lat' dir='ltr'><strong>suis</strong></span> <span class='ocrx_word' id='word_1_289' title='bbox 598 1301 689 1326; x_wconf 84' lang='lat' dir='ltr'><strong>omnia</strong></span> <span class='ocrx_word' id='word_1_290' title='bbox 705 1300 756 1328; x_wconf 85' lang='lat' dir='ltr'><strong>sibi</strong></span> <span class='ocrx_word' id='word_1_291' title='bbox 775 1300 883 1327; x_wconf 88' lang='lat' dir='ltr'><strong>ferenda</strong></span> <span class='ocrx_word' id='word_1_292' title='bbox 897 1300 1078 1330; x_wconf 79' lang='lat' dir='ltr'><strong>enuntiasset,</strong></span> 
     </span>
    </p>
   </div>
   <div class='ocr_carea' id='block_1_48' title="bbox 388 1335 946 1370">
    <p class='ocr_par' dir='ltr' id='par_1_48' title="bbox 388 1335 946 1370">
     <span class='ocr_line' id='line_1_48' title="bbox 388 1335 946 1370; baseline -0.002 -8"><span class='ocrx_word' id='word_1_293' title='bbox 388 1335 564 1370; x_wconf 88' lang='lat' dir='ltr'><strong>Cunctosqne</strong></span> <span class='ocrx_word' id='word_1_294' title='bbox 582 1343 661 1362; x_wconf 87' lang='lat' dir='ltr'><strong>sacro</strong></span> <span class='ocrx_word' id='word_1_295' title='bbox 676 1335 810 1362; x_wconf 85' lang='lat' dir='ltr'><strong>tirmasset</strong></span> <span class='ocrx_word' id='word_1_296' title='bbox 822 1335 946 1369; x_wconf 82' lang='lat' dir='ltr'><strong>mystico,</strong></span> 
     </span>
    </p>
   </div>
   <div class='ocr_carea' id='block_1_49' title="bbox 390 1369 1150 1405">
    <p class='ocr_par' dir='ltr' id='par_1_49' title="bbox 390 1369 1150 1405">
     <span class='ocr_line' id='line_1_49' title="bbox 390 1369 1150 1405; baseline -0.004 -8"><span class='ocrx_word' id='word_1_297' title='bbox 390 1369 441 1405; x_wconf 74' lang='grc'><strong>160</strong></span> <span class='ocrx_word' id='word_1_298' title='bbox 459 1369 532 1397; x_wconf 81' lang='lat' dir='ltr'><strong>Inter</strong></span> <span class='ocrx_word' id='word_1_299' title='bbox 545 1370 622 1405; x_wconf 86' lang='lat' dir='ltr'><strong>plura</strong></span> <span class='ocrx_word' id='word_1_300' title='bbox 639 1370 702 1402; x_wconf 88' lang='lat' dir='ltr'><strong>alia,</strong></span> <span class='ocrx_word' id='word_1_301' title='bbox 718 1369 751 1396; x_wconf 87' lang='lat' dir='ltr'><strong>ad</strong></span> <span class='ocrx_word' id='word_1_302' title='bbox 767 1370 851 1398; x_wconf 88' lang='lat' dir='ltr'><strong>Deum</strong></span> <span class='ocrx_word' id='word_1_303' title='bbox 869 1370 925 1397; x_wconf 69' lang='lat' dir='ltr'><strong>haec</strong></span> <span class='ocrx_word' id='word_1_304' title='bbox 942 1373 1068 1405; x_wconf 75' lang='lat' dir='ltr'><strong>precatus</strong></span> <span class='ocrx_word' id='word_1_305' title='bbox 1084 1372 1126 1395; x_wconf 87' lang='lat' dir='ltr'><strong>est</strong></span> <span class='ocrx_word' id='word_1_306' title='bbox 1143 1377 1150 1394; x_wconf 91' lang='lat'>:</span> 
     </span>
    </p>
   </div>
   <div class='ocr_carea' id='block_1_50' title="bbox 392 1403 1096 1440">
    <p class='ocr_par' dir='ltr' id='par_1_50' title="bbox 392 1403 1096 1440">
     <span class='ocr_line' id='line_1_50' title="bbox 392 1403 1096 1440; baseline -0.001 -9"><span class='ocrx_word' id='word_1_307' title='bbox 392 1414 403 1440; x_wconf 64' lang='grc' dir='ltr'>ι</span> <span class='ocrx_word' id='word_1_308' title='bbox 419 1404 511 1438; x_wconf 78' lang='lat' dir='ltr'><strong>Pater,</strong></span> <span class='ocrx_word' id='word_1_309' title='bbox 529 1403 675 1432; x_wconf 83' lang='lat' dir='ltr'><strong>maximam</strong></span> <span class='ocrx_word' id='word_1_310' title='bbox 685 1412 763 1440; x_wconf 80' lang='lat' dir='ltr'><strong>nunc</strong></span> <span class='ocrx_word' id='word_1_311' title='bbox 779 1406 867 1440; x_wconf 73' lang='lat' dir='ltr'><strong>prmbe</strong></span> <span class='ocrx_word' id='word_1_312' title='bbox 882 1403 1096 1440; x_wconf 82' lang='lat' dir='ltr'><strong>mihi&#39;gloriam;</strong></span> 
     </span>
    </p>
   </div>
   <div class='ocr_carea' id='block_1_51' title="bbox 389 1437 1322 1474">
    <p class='ocr_par' dir='ltr' id='par_1_51' title="bbox 389 1437 1322 1474">
     <span class='ocr_line' id='line_1_51' title="bbox 389 1437 1322 1474; baseline -0.003 -8"><span class='ocrx_word' id='word_1_313' title='bbox 389 1439 442 1473; x_wconf 84' lang='lat' dir='ltr'><strong>Qui</strong></span> <span class='ocrx_word' id='word_1_314' title='bbox 455 1448 515 1468; x_wconf 89' lang='lat' dir='ltr'><strong>eam</strong></span> <span class='ocrx_word' id='word_1_315' title='bbox 528 1448 607 1474; x_wconf 90' lang='lat' dir='ltr'><strong>quam</strong></span> <span class='ocrx_word' id='word_1_316' title='bbox 622 1439 692 1474; x_wconf 89' lang='lat' dir='ltr'><strong>apud</strong></span> <span class='ocrx_word' id='word_1_317' title='bbox 712 1443 737 1466; x_wconf 87' lang='lat' dir='ltr'><strong>te</strong></span> <span class='ocrx_word' id='word_1_318' title='bbox 754 1437 850 1471; x_wconf 77' lang='lat' dir='ltr'><strong>habeo,</strong></span> <span class='ocrx_word' id='word_1_319' title='bbox 869 1437 1006 1474; x_wconf 63' lang='lat' dir='ltr'><strong>nunquam</strong></span> <span class='ocrx_word' id='word_1_320' title='bbox 1024 1438 1179 1473; x_wconf 81' lang='lat' dir='ltr'><strong>reliquerim</strong></span> <span class='ocrx_word' id='word_1_321' title='bbox 1197 1437 1322 1472; x_wconf 79' lang='lat' dir='ltr'><strong>gloriam,</strong></span> 
     </span>
    </p>
   </div>
   <div class='ocr_carea' id='block_1_52' title="bbox 387 1474 1156 1509">
    <p class='ocr_par' dir='ltr' id='par_1_52' title="bbox 387 1474 1156 1509">
     <span class='ocr_line' id='line_1_52' title="bbox 387 1474 1156 1509; baseline -0.004 -7"><span class='ocrx_word' id='word_1_322' title='bbox 387 1475 427 1502; x_wconf 86' lang='lat' dir='ltr'><strong>Ad</strong></span> <span class='ocrx_word' id='word_1_323' title='bbox 445 1475 574 1509; x_wconf 85' lang='lat' dir='ltr'><strong>majorem</strong></span> <span class='ocrx_word' id='word_1_324' title='bbox 590 1474 712 1503; x_wconf 89' lang='lat' dir='ltr'><strong>evadam.</strong></span> <span class='ocrx_word' id='word_1_325' title='bbox 730 1474 808 1502; x_wconf 90' lang='lat' dir='ltr'><strong>hoste</strong></span> <span class='ocrx_word' id='word_1_326' title='bbox 825 1475 978 1502; x_wconf 83' lang='lat' dir='ltr'><strong>mortalium</strong></span> <span class='ocrx_word' id='word_1_327' title='bbox 994 1478 1134 1509; x_wconf 74' lang='lat' dir='ltr'><strong>perempto</strong></span> <span class='ocrx_word' id='word_1_328' title='bbox 1150 1483 1156 1499; x_wconf 85' lang='lat'><strong>:</strong></span> 
     </span>
    </p>
   </div>
   <div class='ocr_carea' id='block_1_53' title="bbox 387 1509 1053 1544">
    <p class='ocr_par' dir='ltr' id='par_1_53' title="bbox 387 1509 1053 1544">
     <span class='ocr_line' id='line_1_53' title="bbox 387 1509 1053 1544; baseline -0.003 -7"><span class='ocrx_word' id='word_1_329' title='bbox 387 1509 538 1544; x_wconf 80' lang='lat' dir='ltr'><strong>Omniaque</strong></span> <span class='ocrx_word' id='word_1_330' title='bbox 552 1517 584 1537; x_wconf 80' lang='lat' dir='ltr'><strong>ex</strong></span> <span class='ocrx_word' id='word_1_331' title='bbox 600 1515 625 1537; x_wconf 88' lang='lat' dir='ltr'><strong>te</strong></span> <span class='ocrx_word' id='word_1_332' title='bbox 639 1510 787 1544; x_wconf 85' lang='lat' dir='ltr'><strong>possidenti</strong></span> <span class='ocrx_word' id='word_1_333' title='bbox 804 1510 837 1537; x_wconf 86' lang='lat' dir='ltr'><strong>da</strong></span> <span class='ocrx_word' id='word_1_334' title='bbox 854 1510 919 1536; x_wconf 90' lang='lat' dir='ltr'><strong>mihi</strong></span> <span class='ocrx_word' id='word_1_335' title='bbox 936 1515 1030 1544; x_wconf 82' lang='lat' dir='ltr'><strong>gentes</strong></span> <span class='ocrx_word' id='word_1_336' title='bbox 1047 1517 1053 1535; x_wconf 94' lang='lat'><em>:</em></span> 
     </span>
    </p>
   </div>
   <div class='ocr_carea' id='block_1_54' title="bbox 389 1541 1248 1579">
    <p class='ocr_par' dir='ltr' id='par_1_54' title="bbox 389 1541 1248 1579">
     <span class='ocr_line' id='line_1_54' title="bbox 389 1541 1248 1579; baseline -0.003 -8"><span class='ocrx_word' id='word_1_337' title='bbox 389 1543 442 1572; x_wconf 75' lang='grc'><strong>165</strong></span> <span class='ocrx_word' id='word_1_338' title='bbox 459 1541 581 1579; x_wconf 71' lang='lat' dir='ltr'><strong>cumque</strong></span> <span class='ocrx_word' id='word_1_339' title='bbox 595 1541 690 1572; x_wconf 77' lang='lat' dir='ltr'><strong>omhes</strong></span> <span class='ocrx_word' id='word_1_340' title='bbox 704 1545 865 1579; x_wconf 84' lang='lat' dir='ltr'><strong>acceperim.</strong></span> <span class='ocrx_word' id='word_1_341' title='bbox 887 1548 913 1572; x_wconf 87' lang='lat' dir='ltr'><strong>et</strong></span> <span class='ocrx_word' id='word_1_342' title='bbox 930 1541 958 1571; x_wconf 83' lang='grc' dir='ltr'>ιῖι</span> <span class='ocrx_word' id='word_1_343' title='bbox 973 1541 1248 1579; x_wconf 73' lang='lat' dir='ltr'><strong>ipsarumpraemium</strong></span> 
     </span>
    </p>
   </div>
   <div class='ocr_carea' id='block_1_55' title="bbox 390 1578 1161 1614">
    <p class='ocr_par' dir='ltr' id='par_1_55' title="bbox 390 1578 1161 1614">
     <span class='ocr_line' id='line_1_55' title="bbox 390 1578 1161 1614; baseline -0.003 -8"><span class='ocrx_word' id='word_1_344' title='bbox 390 1578 546 1614; x_wconf 73' lang='lat' dir='ltr'><strong>Suspensus</strong></span> <span class='ocrx_word' id='word_1_345' title='bbox 557 1579 666 1612; x_wconf 82' lang='lat' dir='ltr'><strong>fuerim,</strong></span> <span class='ocrx_word' id='word_1_346' title='bbox 683 1580 737 1607; x_wconf 91' lang='lat' dir='ltr'><strong>tuis</strong></span> <span class='ocrx_word' id='word_1_347' title='bbox 752 1580 848 1606; x_wconf 81' lang='lat' dir='ltr'><strong>iterum</strong></span> <span class='ocrx_word' id='word_1_348' title='bbox 864 1579 989 1606; x_wconf 86' lang='lat' dir='ltr'><strong>manibus</strong></span> <span class='ocrx_word' id='word_1_349' title='bbox 1006 1578 1161 1613; x_wconf 87' lang='lat' dir='ltr'><strong>rependam.</strong></span> 
     </span>
    </p>
   </div>
   <div class='ocr_carea' id='block_1_56' title="bbox 389 1613 1141 1648">
    <p class='ocr_par' dir='ltr' id='par_1_56' title="bbox 389 1613 1141 1648">
     <span class='ocr_line' id='line_1_56' title="bbox 389 1613 1141 1648; baseline -0.004 -6"><span class='ocrx_word' id='word_1_350' title='bbox 389 1613 541 1642; x_wconf 77' lang='lat' dir='ltr'><strong>Gloriosior</strong></span> <span class='ocrx_word' id='word_1_351' title='bbox 557 1614 669 1642; x_wconf 85' lang='lat' dir='ltr'><strong>eﬂ‘ectus</strong></span> <span class='ocrx_word' id='word_1_352' title='bbox 681 1622 714 1641; x_wconf 85' lang='lat' dir='ltr'><strong>ex</strong></span> <span class='ocrx_word' id='word_1_353' title='bbox 730 1615 866 1648; x_wconf 67' lang='lat' dir='ltr'><strong>praeclaris</strong></span> <span class='ocrx_word' id='word_1_354' title='bbox 881 1613 1049 1641; x_wconf 79' lang='lat' dir='ltr'><strong>facinoribus</strong></span> <span class='ocrx_word' id='word_1_355' title='bbox 1063 1613 1141 1644; x_wconf 84' lang='lat' dir='ltr'><strong>meis,</strong></span> 
     </span>
    </p>
   </div>
   <div class='ocr_carea' id='block_1_57' title="bbox 390 1648 1002 1681">
    <p class='ocr_par' dir='ltr' id='par_1_57' title="bbox 390 1648 1002 1681">
     <span class='ocr_line' id='line_1_57' title="bbox 390 1648 1002 1681; baseline 0 -5"><span class='ocrx_word' id='word_1_356' title='bbox 390 1649 477 1676; x_wconf 84' lang='lat' dir='ltr'><strong>Invita</strong></span> <span class='ocrx_word' id='word_1_357' title='bbox 495 1649 597 1677; x_wconf 87' lang='lat' dir='ltr'><strong>amicos</strong></span> <span class='ocrx_word' id='word_1_358' title='bbox 612 1650 644 1676; x_wconf 83' lang='lat' dir='ltr'><strong>ad</strong></span> <span class='ocrx_word' id='word_1_359' title='bbox 660 1650 826 1676; x_wconf 87' lang='lat' dir='ltr'><strong>convivium.</strong></span> <span class='ocrx_word' id='word_1_360' title='bbox 844 1648 942 1676; x_wconf 84' lang='lat' dir='ltr'><strong>Beatus</strong></span> <span class='ocrx_word' id='word_1_361' title='bbox 956 1657 1002 1681; x_wconf 82' lang='lat' dir='ltr'><strong>es;</strong></span> 
     </span>
    </p>
   </div>
   <div class='ocr_carea' id='block_1_58' title="bbox 390 1683 883 1719">
    <p class='ocr_par' dir='ltr' id='par_1_58' title="bbox 390 1683 883 1719">
     <span class='ocr_line' id='line_1_58' title="bbox 390 1683 883 1719; baseline -0.002 -8"><span class='ocrx_word' id='word_1_362' title='bbox 390 1684 489 1719; x_wconf 80' lang='lat' dir='ltr'><strong>Beatus</strong></span> <span class='ocrx_word' id='word_1_363' title='bbox 501 1692 541 1716; x_wconf 87' lang='lat' dir='ltr'><strong>es,</strong></span> <span class='ocrx_word' id='word_1_364' title='bbox 557 1684 602 1719; x_wconf 90' lang='lat' dir='ltr'><strong>qui</strong></span> <span class='ocrx_word' id='word_1_365' title='bbox 618 1684 682 1711; x_wconf 87' lang='lat' dir='ltr'><strong>talia</strong></span> <span class='ocrx_word' id='word_1_366' title='bbox 699 1683 855 1719; x_wconf 85' lang='lat' dir='ltr'><strong>perfeceris.</strong></span> <span class='ocrx_word' id='word_1_367' title='bbox 874 1694 883 1710; x_wconf 75' lang='grc' dir='ltr'><strong>ι</strong></span> 
     </span>
    </p>
   </div>
   <div class='ocr_carea' id='block_1_59' title="bbox 391 1718 1087 1754">
    <p class='ocr_par' dir='ltr' id='par_1_59' title="bbox 391 1718 1087 1754">
     <span class='ocr_line' id='line_1_59' title="bbox 391 1718 1087 1754; baseline 0.001 -9"><span class='ocrx_word' id='word_1_368' title='bbox 391 1718 443 1754; x_wconf 64' lang='grc'><strong>170</strong></span> <span class='ocrx_word' id='word_1_369' title='bbox 455 1719 491 1745; x_wconf 72' lang='lat' dir='ltr'><strong>‘At</strong></span> <span class='ocrx_word' id='word_1_370' title='bbox 507 1718 573 1754; x_wconf 70' lang='lat' dir='ltr'><strong>ipse</strong></span> <span class='ocrx_word' id='word_1_371' title='bbox 582 1727 688 1750; x_wconf 86' lang='lat' dir='ltr'><strong>rursus,</strong></span> <span class='ocrx_word' id='word_1_372' title='bbox 708 1723 736 1746; x_wconf 91' lang='lat' dir='ltr'><strong>ut</strong></span> <span class='ocrx_word' id='word_1_373' title='bbox 751 1724 848 1746; x_wconf 84' lang='lat' dir='ltr'><strong>tonans</strong></span> <span class='ocrx_word' id='word_1_374' title='bbox 861 1719 962 1746; x_wconf 84' lang='lat' dir='ltr'><strong>emittit</strong></span> <span class='ocrx_word' id='word_1_375' title='bbox 981 1726 1087 1750; x_wconf 88' lang='lat' dir='ltr'><strong>vocem,</strong></span> 
     </span>
    </p>
   </div>
   <div class='ocr_carea' id='block_1_60' title="bbox 389 1752 516 1781">
    <p class='ocr_par' dir='ltr' id='par_1_60' title="bbox 389 1752 516 1781">
     <span class='ocr_line' id='line_1_60' title="bbox 389 1752 516 1781; baseline 0.008 -1"><span class='ocrx_word' id='word_1_376' title='bbox 389 1752 516 1781; x_wconf 82' lang='lat' dir='ltr'><strong>Testatus</strong></span> 
     </span>
    </p>
   </div>
   <div class='ocr_carea' id='block_1_61' title="bbox 531 1754 1119 1787">
    <p class='ocr_par' dir='ltr' id='par_1_61' title="bbox 531 1754 1119 1787">
     <span class='ocr_line' id='line_1_61' title="bbox 531 1754 1119 1787; baseline 0.002 -7"><span class='ocrx_word' id='word_1_377' title='bbox 531 1754 645 1787; x_wconf 88' lang='lat' dir='ltr'><strong>gloriam</strong></span> <span class='ocrx_word' id='word_1_378' title='bbox 661 1755 780 1781; x_wconf 89' lang='lat' dir='ltr'><strong>clamore</strong></span> <span class='ocrx_word' id='word_1_379' title='bbox 795 1754 892 1781; x_wconf 71' lang='lat' dir='ltr'><strong>etelum</strong></span> <span class='ocrx_word' id='word_1_380' title='bbox 910 1758 1097 1781; x_wconf 86' lang='lat' dir='ltr'><strong>commovente</strong></span> <span class='ocrx_word' id='word_1_381' title='bbox 1113 1763 1119 1781; x_wconf 91' lang='lat'><strong>:</strong></span> 
     </span>
    </p>
   </div>
   <div class='ocr_carea' id='block_1_62' title="bbox 391 1788 1332 1824">
    <p class='ocr_par' dir='ltr' id='par_1_62' title="bbox 391 1788 1332 1824">
     <span class='ocr_line' id='line_1_62' title="bbox 391 1788 1332 1824; baseline -0.001 -8"><span class='ocrx_word' id='word_1_382' title='bbox 391 1788 624 1824; x_wconf 72' lang='lat'><strong>1218-1219</strong></span> <span class='ocrx_word' id='word_1_383' title='bbox 638 1788 701 1816; x_wconf 88' lang='lat' dir='ltr'><strong>Jam</strong></span> <span class='ocrx_word' id='word_1_384' title='bbox 718 1793 740 1816; x_wconf 81' lang='lat' dir='ltr'><strong>te</strong></span> <span class='ocrx_word' id='word_1_385' title='bbox 752 1789 907 1824; x_wconf 77' lang='lat' dir='ltr'><strong>gloriﬁcavi,</strong></span> <span class='ocrx_word' id='word_1_386' title='bbox 923 1797 990 1816; x_wconf 83' lang='lat' dir='ltr'><strong>nunc</strong></span> <span class='ocrx_word' id='word_1_387' title='bbox 1005 1790 1116 1823; x_wconf 75' lang='lat' dir='ltr'><strong>amplius</strong></span> <span class='ocrx_word' id='word_1_388' title='bbox 1130 1793 1153 1816; x_wconf 81' lang='lat' dir='ltr'><strong>te</strong></span> <span class='ocrx_word' id='word_1_389' title='bbox 1169 1788 1332 1824; x_wconf 80' lang='lat' dir='ltr'><strong>gloriﬁcnbo.</strong></span> 
     </span>
    </p>
   </div>
   <div class='ocr_carea' id='block_1_63' title="bbox 178 1864 919 1901">
    <p class='ocr_par' dir='ltr' id='par_1_63' title="bbox 178 1864 919 1901">
     <span class='ocr_line' id='line_1_63' title="bbox 178 1864 919 1901; baseline 0.001 -9"><span class='ocrx_word' id='word_1_390' title='bbox 178 1865 228 1901; x_wconf 74' lang='grc'><strong>149</strong></span> <span class='ocrx_word' id='word_1_391' title='bbox 246 1865 349 1901; x_wconf 60' lang='grc' dir='ltr'><strong>Ἄκουε</strong></span> <span class='ocrx_word' id='word_1_392' title='bbox 364 1864 428 1898; x_wconf 85' lang='grc' dir='ltr'><strong>οῦς,</strong></span> <span class='ocrx_word' id='word_1_393' title='bbox 441 1869 495 1893; x_wconf 87' lang='lat' dir='ltr'><strong>etc.</strong></span> <span class='ocrx_word' id='word_1_394' title='bbox 513 1865 559 1892; x_wconf 90' lang='lat' dir='ltr'><strong>Sic</strong></span> <span class='ocrx_word' id='word_1_395' title='bbox 575 1866 644 1900; x_wconf 88' lang='lat' dir='ltr'><strong>apud</strong></span> <span class='ocrx_word' id='word_1_396' title='bbox 656 1865 789 1901; x_wconf 20' lang='lat' dir='ltr'><strong>iEuripid.</strong></span> <span class='ocrx_word' id='word_1_397' title='bbox 807 1865 919 1894; x_wconf 87' lang='lat' dir='ltr'><strong>nuntius</strong></span> 
     </span>
    </p>
   </div>
   <div class='ocr_carea' id='block_1_64' title="bbox 141 1900 920 1935">
    <p class='ocr_par' dir='ltr' id='par_1_64' title="bbox 141 1900 920 1935">
     <span class='ocr_line' id='line_1_64' title="bbox 141 1900 920 1935; baseline 0.003 -8"><span class='ocrx_word' id='word_1_398' title='bbox 141 1900 189 1935; x_wconf 84' lang='lat' dir='ltr'><strong>qui</strong></span> <span class='ocrx_word' id='word_1_399' title='bbox 214 1900 376 1935; x_wconf 77' lang='lat' dir='ltr'><strong>sententiam</strong></span> <span class='ocrx_word' id='word_1_400' title='bbox 397 1901 493 1928; x_wconf 88' lang='lat' dir='ltr'><strong>mortis</strong></span> <span class='ocrx_word' id='word_1_401' title='bbox 506 1901 636 1928; x_wconf 85' lang='lat' dir='ltr'><strong>adversus</strong></span> <span class='ocrx_word' id='word_1_402' title='bbox 649 1900 772 1928; x_wconf 83' lang='lat' dir='ltr'><strong>Orestem</strong></span> <span class='ocrx_word' id='word_1_403' title='bbox 794 1905 821 1928; x_wconf 91' lang='lat' dir='ltr'><strong>et</strong></span> <span class='ocrx_word' id='word_1_404' title='bbox 835 1901 920 1935; x_wconf 85' lang='lat' dir='ltr'><strong>ipsius</strong></span> 
     </span>
    </p>
   </div>
   <div class='ocr_carea' id='block_1_65' title="bbox 141 1934 919 1971">
    <p class='ocr_par' dir='ltr' id='par_1_65' title="bbox 141 1934 919 1971">
     <span class='ocr_line' id='line_1_65' title="bbox 141 1934 919 1971; baseline 0.001 -9"><span class='ocrx_word' id='word_1_405' title='bbox 141 1934 424 1971; x_wconf 7' lang='lat' dir='ltr'><strong>wrorenglectljam,</strong></span> <span class='ocrx_word' id='word_1_406' title='bbox 437 1936 471 1963; x_wconf 85' lang='lat' dir='ltr'><strong>ab</strong></span> <span class='ocrx_word' id='word_1_407' title='bbox 482 1936 587 1971; x_wconf 79' lang='lat' dir='ltr'><strong>Argivis</strong></span> <span class='ocrx_word' id='word_1_408' title='bbox 603 1937 682 1971; x_wconf 79' lang='lat' dir='ltr'><strong>latam</strong></span> <span class='ocrx_word' id='word_1_409' title='bbox 698 1941 801 1971; x_wconf 81' lang='lat' dir='ltr'><strong>narrat,</strong></span> <span class='ocrx_word' id='word_1_410' title='bbox 818 1934 919 1963; x_wconf 24' lang='lat'><strong>“7855.</strong></span> 
     </span>
    </p>
   </div>
   <div class='ocr_carea' id='block_1_66' title="bbox 180 1969 921 2006">
    <p class='ocr_par' dir='ltr' id='par_1_66' title="bbox 180 1969 921 2006">
     <span class='ocr_line' id='line_1_66' title="bbox 180 1969 921 2006; baseline 0.003 -10"><span class='ocrx_word' id='word_1_411' title='bbox 180 1970 232 2006; x_wconf 80' lang='grc'><strong>150</strong></span> <span class='ocrx_word' id='word_1_412' title='bbox 241 1969 284 2001; x_wconf 71' lang='lat' dir='ltr'><strong>Ai,</strong></span> <span class='ocrx_word' id='word_1_413' title='bbox 290 1969 342 2006; x_wconf 62' lang='lat' dir='ltr'><strong>gl!</strong></span> <span class='ocrx_word' id='word_1_414' title='bbox 357 1969 556 2006; x_wconf 66' lang='grc' dir='ltr'><strong>διοιχόμεσᾱα,</strong></span> <span class='ocrx_word' id='word_1_415' title='bbox 568 1975 620 1998; x_wconf 89' lang='lat' dir='ltr'><strong>etc.</strong></span> <span class='ocrx_word' id='word_1_416' title='bbox 630 1970 675 1998; x_wconf 87' lang='lat' dir='ltr'><strong>Sic</strong></span> <span class='ocrx_word' id='word_1_417' title='bbox 684 1970 750 2000; x_wconf 88' lang='lat' dir='ltr'><strong>ibid.</strong></span> <span class='ocrx_word' id='word_1_418' title='bbox 761 1979 816 2006; x_wconf 67' lang='lat' dir='ltr'><strong>pra:</strong></span> <span class='ocrx_word' id='word_1_419' title='bbox 828 1971 921 1999; x_wconf 87' lang='lat' dir='ltr'><strong>dolore</strong></span> 
     </span>
    </p>
   </div>
   <div class='ocr_carea' id='block_1_67' title="bbox 142 2004 647 2037">
    <p class='ocr_par' dir='ltr' id='par_1_67' title="bbox 142 2004 647 2037">
     <span class='ocr_line' id='line_1_67' title="bbox 142 2004 647 2037; baseline 0.006 -7"><span class='ocrx_word' id='word_1_420' title='bbox 142 2005 275 2031; x_wconf 85' lang='lat' dir='ltr'><strong>exclamat</strong></span> <span class='ocrx_word' id='word_1_421' title='bbox 290 2004 494 2036; x_wconf 44' lang='lat' dir='ltr'><strong>Electra,&quot;ve&#39;rs.</strong></span> <span class='ocrx_word' id='word_1_422' title='bbox 507 2006 568 2037; x_wconf 82' lang='lat'><strong>856.</strong></span> <span class='ocrx_word' id='word_1_423' title='bbox 584 2006 647 2033; x_wconf 83' lang='grc'><strong>857.</strong></span> 
     </span>
    </p>
   </div>
   <div class='ocr_carea' id='block_1_68' title="bbox 173 2039 921 2081">
    <p class='ocr_par' dir='ltr' id='par_1_68' title="bbox 173 2039 921 2081">
     <span class='ocr_line' id='line_1_68' title="bbox 173 2039 921 2081; baseline 0.004 -16"><span class='ocrx_word' id='word_1_424' title='bbox 173 2039 230 2081; x_wconf 49' lang='grc'><strong>158</strong></span> <span class='ocrx_word' id='word_1_425' title='bbox 246 2039 344 2066; x_wconf 74' lang='grc' dir='ltr'><strong>Εἰπὼν</strong></span> <span class='ocrx_word' id='word_1_426' title='bbox 358 2048 398 2067; x_wconf 82' lang='grc' dir='ltr'>τε.</span> <span class='ocrx_word' id='word_1_427' title='bbox 413 2041 452 2068; x_wconf 83' lang='lat' dir='ltr'><strong>lta</strong></span> <span class='ocrx_word' id='word_1_428' title='bbox 464 2041 607 2076; x_wconf 83' lang='lat' dir='ltr'><strong>legendum</strong></span> <span class='ocrx_word' id='word_1_429' title='bbox 623 2041 739 2069; x_wconf 88' lang='lat' dir='ltr'><strong>videtur.</strong></span> <span class='ocrx_word' id='word_1_430' title='bbox 753 2041 824 2068; x_wconf 89' lang='lat' dir='ltr'><strong>Edit.</strong></span> <span class='ocrx_word' id='word_1_431' title='bbox 839 2040 921 2068; x_wconf 79' lang='grc' dir='ltr'>εἰπὼν</span> 
     </span>
    </p>
   </div>
   <div class='ocr_carea' id='block_1_69' title="bbox 142 2082 207 2104">
    <p class='ocr_par' dir='ltr' id='par_1_69' title="bbox 142 2082 207 2104">
     <span class='ocr_line' id='line_1_69' title="bbox 142 2082 207 2104; baseline 0 -5"><span class='ocrx_word' id='word_1_432' title='bbox 142 2082 207 2104; x_wconf 84' lang='grc' dir='ltr'>τοις.</span> 
     </span>
    </p>
   </div>
   <div class='ocr_carea' id='block_1_70' title="bbox 180 2108 924 2146">
    <p class='ocr_par' dir='ltr' id='par_1_70' title="bbox 180 2108 924 2146">
     <span class='ocr_line' id='line_1_70' title="bbox 180 2108 924 2146; baseline 0.003 -11"><span class='ocrx_word' id='word_1_433' title='bbox 180 2108 232 2136; x_wconf 76' lang='grc'><strong>162</strong></span> <span class='ocrx_word' id='word_1_434' title='bbox 248 2108 282 2136; x_wconf 87' lang='grc' dir='ltr'><strong>Τὸ</strong></span> <span class='ocrx_word' id='word_1_435' title='bbox 296 2109 375 2143; x_wconf 82' lang='grc' dir='ltr'><strong>παρὰ</strong></span> <span class='ocrx_word' id='word_1_436' title='bbox 395 2111 455 2137; x_wconf 78' lang='grc' dir='ltr'><strong>σοι.</strong></span> <span class='ocrx_word' id='word_1_437' title='bbox 473 2110 525 2144; x_wconf 79' lang='lat' dir='ltr'><strong>Qui</strong></span> <span class='ocrx_word' id='word_1_438' title='bbox 536 2119 604 2144; x_wconf 86' lang='lat' dir='ltr'><strong>eam,</strong></span> <span class='ocrx_word' id='word_1_439' title='bbox 620 2119 698 2146; x_wconf 80' lang='lat' dir='ltr'><strong>quam</strong></span> <span class='ocrx_word' id='word_1_440' title='bbox 711 2111 780 2145; x_wconf 82' lang='lat' dir='ltr'><strong>apud</strong></span> <span class='ocrx_word' id='word_1_441' title='bbox 794 2116 817 2138; x_wconf 85' lang='lat' dir='ltr'><strong>te</strong></span> <span class='ocrx_word' id='word_1_442' title='bbox 832 2111 924 2144; x_wconf 84' lang='lat' dir='ltr'><strong>habeo,</strong></span> 
     </span>
    </p>
   </div>
   <div class='ocr_carea' id='block_1_71' title="bbox 973 1865 1760 1902">
    <p class='ocr_par' dir='ltr' id='par_1_71' title="bbox 973 1865 1760 1902">
     <span class='ocr_line' id='line_1_71' title="bbox 973 1865 1760 1902; baseline 0 -10"><span class='ocrx_word' id='word_1_443' title='bbox 973 1874 1106 1901; x_wconf 80' lang='lat' dir='ltr'><strong>nunquam</strong></span> <span class='ocrx_word' id='word_1_444' title='bbox 1120 1865 1269 1901; x_wconf 81' lang='lat' dir='ltr'><strong>reliquerim</strong></span> <span class='ocrx_word' id='word_1_445' title='bbox 1284 1866 1406 1902; x_wconf 74' lang='lat' dir='ltr'><strong>gloriam,</strong></span> <span class='ocrx_word' id='word_1_446' title='bbox 1424 1866 1457 1892; x_wconf 80' lang='lat' dir='ltr'><strong>ad</strong></span> <span class='ocrx_word' id='word_1_447' title='bbox 1475 1866 1606 1902; x_wconf 75' lang='lat' dir='ltr'><strong>majorem</strong></span> <span class='ocrx_word' id='word_1_448' title='bbox 1630 1866 1760 1895; x_wconf 58' lang='lat' dir='ltr'><strong>evadant.»</strong></span> 
     </span>
    </p>
   </div>
   <div class='ocr_carea' id='block_1_72' title="bbox 973 1901 1754 1937">
    <p class='ocr_par' dir='ltr' id='par_1_72' title="bbox 973 1901 1754 1937">
     <span class='ocr_line' id='line_1_72' title="bbox 973 1901 1754 1937; baseline -0.001 -9"><span class='ocrx_word' id='word_1_449' title='bbox 973 1902 1051 1937; x_wconf 81' lang='lat' dir='ltr'><strong>quari</strong></span> <span class='ocrx_word' id='word_1_450' title='bbox 1071 1909 1135 1937; x_wconf 74' lang='lat' dir='ltr'><strong>novo</strong></span> <span class='ocrx_word' id='word_1_451' title='bbox 1158 1909 1216 1928; x_wconf 85' lang='lat' dir='ltr'><strong>eam</strong></span> <span class='ocrx_word' id='word_1_452' title='bbox 1238 1901 1342 1933; x_wconf 73' lang='lat' dir='ltr'><strong>cuntqu</strong></span> <span class='ocrx_word' id='word_1_453' title='bbox 1368 1901 1513 1937; x_wconf 78' lang='lat' dir='ltr'><strong>complebo,</strong></span> <span class='ocrx_word' id='word_1_454' title='bbox 1540 1902 1754 1937; x_wconf 68' lang='grc' dir='ltr'>ιιιᾳίυιριιεδὶοηὶε</span> 
     </span>
    </p>
   </div>
   <div class='ocr_carea' id='block_1_73' title="bbox 975 1936 1762 1971">
    <p class='ocr_par' dir='ltr' id='par_1_73' title="bbox 975 1936 1762 1971">
     <span class='ocr_line' id='line_1_73' title="bbox 975 1936 1762 1971; baseline 0 -8"><span class='ocrx_word' id='word_1_455' title='bbox 975 1936 1106 1971; x_wconf 79' lang='lat' dir='ltr'><strong>triumpho</strong></span> <span class='ocrx_word' id='word_1_456' title='bbox 1121 1941 1146 1963; x_wconf 83' lang='lat' dir='ltr'><strong>et</strong></span> <span class='ocrx_word' id='word_1_457' title='bbox 1161 1937 1401 1963; x_wconf 66' lang='lat' dir='ltr'><strong>animm-umbram.</strong></span> <span class='ocrx_word' id='word_1_458' title='bbox 1413 1936 1467 1964; x_wconf 79' lang='lat' dir='ltr'><strong>Nec</strong></span> <span class='ocrx_word' id='word_1_459' title='bbox 1484 1937 1552 1963; x_wconf 85' lang='lat' dir='ltr'><strong>bene</strong></span> <span class='ocrx_word' id='word_1_460' title='bbox 1570 1936 1649 1963; x_wconf 74' lang='grc'><strong>110111.</strong></span> <span class='ocrx_word' id='word_1_461' title='bbox 1665 1946 1671 1963; x_wconf 89' lang='lat'>:</span> <span class='ocrx_word' id='word_1_462' title='bbox 1689 1936 1762 1968; x_wconf 63' lang='lat' dir='ltr'><strong>Qum</strong></span> 
     </span>
    </p>
   </div>
   <div class='ocr_carea' id='block_1_74' title="bbox 975 1971 1764 2006">
    <p class='ocr_par' dir='ltr' id='par_1_74' title="bbox 975 1971 1764 2006">
     <span class='ocr_line' id='line_1_74' title="bbox 975 1971 1764 2006; baseline 0 -8"><span class='ocrx_word' id='word_1_463' title='bbox 975 1976 1035 1998; x_wconf 84' lang='lat' dir='ltr'><strong>ante</strong></span> <span class='ocrx_word' id='word_1_464' title='bbox 1052 1976 1106 1999; x_wconf 78' lang='lat' dir='ltr'><strong>lota</strong></span> <span class='ocrx_word' id='word_1_465' title='bbox 1120 1971 1237 2006; x_wconf 81' lang='lat' dir='ltr'><strong>proﬂuit,</strong></span> <span class='ocrx_word' id='word_1_466' title='bbox 1262 1971 1340 2006; x_wconf 86' lang='lat' dir='ltr'><strong>quasi</strong></span> <span class='ocrx_word' id='word_1_467' title='bbox 1364 1972 1463 2006; x_wconf 81' lang='lat' dir='ltr'><strong>legeret</strong></span> <span class='ocrx_word' id='word_1_468' title='bbox 1484 1971 1563 2006; x_wconf 69' lang='grc' dir='ltr'>παρὰ</span> <span class='ocrx_word' id='word_1_469' title='bbox 1574 1971 1629 1997; x_wconf 79' lang='grc' dir='ltr'><strong>σοῦ.</strong></span> <span class='ocrx_word' id='word_1_470' title='bbox 1646 1971 1684 1998; x_wconf 87' lang='lat' dir='ltr'><strong>lta</strong></span> <span class='ocrx_word' id='word_1_471' title='bbox 1701 1971 1764 2006; x_wconf 80' lang='lat' dir='ltr'><strong>fere-</strong></span> 
     </span>
    </p>
   </div>
   <div class='ocr_carea' id='block_1_75' title="bbox 976 2004 1756 2041">
    <p class='ocr_par' dir='ltr' id='par_1_75' title="bbox 976 2004 1756 2041">
     <span class='ocr_line' id='line_1_75' title="bbox 976 2004 1756 2041; baseline 0 -8"><span class='ocrx_word' id='word_1_472' title='bbox 976 2006 1072 2034; x_wconf 85' lang='lat' dir='ltr'><strong>iisdem</strong></span> <span class='ocrx_word' id='word_1_473' title='bbox 1101 2004 1202 2038; x_wconf 80' lang='lat' dir='ltr'><strong>verbis.</strong></span> <span class='ocrx_word' id='word_1_474' title='bbox 1228 2011 1256 2032; x_wconf 91' lang='lat' dir='ltr'><strong>at</strong></span> <span class='ocrx_word' id='word_1_475' title='bbox 1270 2004 1401 2033; x_wconf 31' lang='lat' dir='ltr'><strong>&#39;diverso‘</strong></span> <span class='ocrx_word' id='word_1_476' title='bbox 1415 2014 1499 2034; x_wconf 88' lang='lat' dir='ltr'><strong>sensu</strong></span> <span class='ocrx_word' id='word_1_477' title='bbox 1524 2004 1622 2041; x_wconf 75' lang='lat' dir='ltr'><strong>Eurip.</strong></span> <span class='ocrx_word' id='word_1_478' title='bbox 1656 2004 1756 2033; x_wconf 77' lang='lat' dir='ltr'><strong>Bacch.</strong></span> 
     </span>
    </p>
   </div>
   <div class='ocr_carea' id='block_1_76' title="bbox 976 2041 1512 2072">
    <p class='ocr_par' dir='ltr' id='par_1_76' title="bbox 976 2041 1512 2072">
     <span class='ocr_line' id='line_1_76' title="bbox 976 2041 1512 2072; baseline -0.004 -4"><span class='ocrx_word' id='word_1_479' title='bbox 976 2049 1047 2068; x_wconf 89' lang='lat' dir='ltr'><strong>vers.</strong></span> <span class='ocrx_word' id='word_1_480' title='bbox 1065 2041 1141 2072; x_wconf 70' lang='lat'><strong>1255,</strong></span> <span class='ocrx_word' id='word_1_481' title='bbox 1157 2041 1235 2072; x_wconf 79' lang='grc'><strong>1257,</strong></span> <span class='ocrx_word' id='word_1_482' title='bbox 1246 2045 1301 2068; x_wconf 89' lang='lat' dir='ltr'><strong>etc.</strong></span> <span class='ocrx_word' id='word_1_483' title='bbox 1507 2046 1512 2051; x_wconf 84' lang='lat'><strong><em>‘</em></strong></span> 
     </span>
    </p>
   </div>
   <div class='ocr_carea' id='block_1_77' title="bbox 1014 2076 1754 2111">
    <p class='ocr_par' dir='ltr' id='par_1_77' title="bbox 1014 2076 1754 2111">
     <span class='ocr_line' id='line_1_77' title="bbox 1014 2076 1754 2111; baseline -0.003 -8"><span class='ocrx_word' id='word_1_484' title='bbox 1014 2077 1061 2103; x_wconf 84' lang='grc'><strong>171</strong></span> <span class='ocrx_word' id='word_1_485' title='bbox 1078 2078 1238 2111; x_wconf 79' lang='grc' dir='ltr'><strong>Κλεῖσμόν.</strong></span> <span class='ocrx_word' id='word_1_486' title='bbox 1263 2076 1364 2102; x_wconf 81' lang='lat' dir='ltr'><strong>Auctor</strong></span> <span class='ocrx_word' id='word_1_487' title='bbox 1387 2076 1524 2111; x_wconf 74' lang='lat' dir='ltr'><strong>tragmdia:</strong></span> <span class='ocrx_word' id='word_1_488' title='bbox 1545 2077 1650 2104; x_wconf 73' lang='lat' dir='ltr'><strong>seriem</strong></span> <span class='ocrx_word' id='word_1_489' title='bbox 1664 2083 1754 2102; x_wconf 88' lang='lat' dir='ltr'><strong>rerum</strong></span> 
     </span>
    </p>
   </div>
   <div class='ocr_carea' id='block_1_78' title="bbox 979 2110 1753 2147">
    <p class='ocr_par' dir='ltr' id='par_1_78' title="bbox 979 2110 1753 2147">
     <span class='ocr_line' id='line_1_78' title="bbox 979 2110 1753 2147; baseline -0.003 -8"><span class='ocrx_word' id='word_1_490' title='bbox 979 2116 1116 2147; x_wconf 83' lang='lat' dir='ltr'><strong>gestarum</strong></span> <span class='ocrx_word' id='word_1_491' title='bbox 1137 2119 1191 2138; x_wconf 89' lang='lat' dir='ltr'><strong>non</strong></span> <span class='ocrx_word' id='word_1_492' title='bbox 1214 2111 1351 2139; x_wconf 82' lang='lat' dir='ltr'><strong>observat.</strong></span> <span class='ocrx_word' id='word_1_493' title='bbox 1376 2110 1475 2139; x_wconf 81' lang='lat' dir='ltr'><strong>Orante</strong></span> <span class='ocrx_word' id='word_1_494' title='bbox 1496 2111 1604 2146; x_wconf 89' lang='lat' dir='ltr'><strong>quidem</strong></span> <span class='ocrx_word' id='word_1_495' title='bbox 1631 2111 1753 2142; x_wconf 86' lang='lat' dir='ltr'><strong>Domino,</strong></span> 
     </span>
    </p>
   </div>
   <div class='ocr_carea' id='block_1_79' title="bbox 782 2179 1110 2210">
    <p class='ocr_par' dir='ltr' id='par_1_79' title="bbox 782 2179 1110 2210">
     <span class='ocr_line' id='line_1_79' title="bbox 782 2179 1110 2210; baseline -0.003 0"><span class='ocrx_word' id='word_1_496' title='bbox 782 2180 948 2210; x_wconf 80' lang='lat' dir='ltr'><strong>METRICA</strong></span> <span class='ocrx_word' id='word_1_497' title='bbox 964 2179 1110 2210; x_wconf 83' lang='lat' dir='ltr'><strong>VERSIO.</strong></span> 
     </span>
    </p>
   </div>
   <div class='ocr_carea' id='block_1_80' title="bbox 143 2239 855 2277">
    <p class='ocr_par' dir='ltr' id='par_1_80' title="bbox 143 2239 855 2277">
     <span class='ocr_line' id='line_1_80' title="bbox 143 2239 855 2277; baseline 0.006 -11"><span class='ocrx_word' id='word_1_498' title='bbox 143 2239 205 2277; x_wconf 73' lang='lat' dir='ltr'><strong>Quo</strong></span> <span class='ocrx_word' id='word_1_499' title='bbox 217 2240 330 2268; x_wconf 87' lang='lat' dir='ltr'><strong>crimine</strong></span> <span class='ocrx_word' id='word_1_500' title='bbox 348 2247 437 2269; x_wconf 89' lang='lat' dir='ltr'><strong>autem</strong></span> <span class='ocrx_word' id='word_1_501' title='bbox 451 2248 534 2276; x_wconf 81' lang='lat' dir='ltr'><strong>agens</strong></span> <span class='ocrx_word' id='word_1_502' title='bbox 546 2249 622 2270; x_wconf 88' lang='lat' dir='ltr'><strong>reum</strong></span> <span class='ocrx_word' id='word_1_503' title='bbox 637 2242 713 2269; x_wconf 93' lang='lat' dir='ltr'><strong>illum</strong></span> <span class='ocrx_word' id='word_1_504' title='bbox 726 2242 855 2277; x_wconf 86' lang='lat' dir='ltr'><strong>prodidit,</strong></span> 
     </span>
    </p>
   </div>
   <div class='ocr_carea' id='block_1_81' title="bbox 143 2274 777 2312">
    <p class='ocr_par' dir='ltr' id='par_1_81' title="bbox 143 2274 777 2312">
     <span class='ocr_line' id='line_1_81' title="bbox 143 2274 777 2312; baseline 0.003 -11"><span class='ocrx_word' id='word_1_505' title='bbox 143 2274 288 2312; x_wconf 68' lang='lat' dir='ltr'><strong>Perspecta</strong></span> <span class='ocrx_word' id='word_1_506' title='bbox 305 2277 331 2303; x_wconf 87' lang='lat' dir='ltr'><strong>itt</strong></span> <span class='ocrx_word' id='word_1_507' title='bbox 352 2285 445 2304; x_wconf 88' lang='lat' dir='ltr'><strong>omnes</strong></span> <span class='ocrx_word' id='word_1_508' title='bbox 460 2274 540 2312; x_wconf 58' lang='lat' dir='ltr'><strong>cujus</strong></span> <span class='ocrx_word' id='word_1_509' title='bbox 552 2281 594 2304; x_wconf 89' lang='lat' dir='ltr'><strong>est</strong></span> <span class='ocrx_word' id='word_1_510' title='bbox 606 2274 777 2312; x_wconf 78' lang='lat' dir='ltr'><strong>benignitas?</strong></span> 
     </span>
    </p>
   </div>
   <div class='ocr_carea' id='block_1_82' title="bbox 143 2310 753 2346">
    <p class='ocr_par' dir='ltr' id='par_1_82' title="bbox 143 2310 753 2346">
     <span class='ocr_line' id='line_1_82' title="bbox 143 2310 753 2346; baseline 0.003 -10"><span class='ocrx_word' id='word_1_511' title='bbox 143 2310 200 2346; x_wconf 68' lang='grc' dir='ltr'>ᾼιιι</span> <span class='ocrx_word' id='word_1_512' title='bbox 215 2319 275 2346; x_wconf 64' lang='lat' dir='ltr'><strong>qua:</strong></span> <span class='ocrx_word' id='word_1_513' title='bbox 295 2311 396 2339; x_wconf 86' lang='lat' dir='ltr'><strong>furoris</strong></span> <span class='ocrx_word' id='word_1_514' title='bbox 410 2310 501 2338; x_wconf 76' lang='lat' dir='ltr'><strong>causa</strong></span> <span class='ocrx_word' id='word_1_515' title='bbox 511 2317 565 2339; x_wconf 90' lang='lat' dir='ltr'><strong>tam</strong></span> <span class='ocrx_word' id='word_1_516' title='bbox 581 2310 753 2346; x_wconf 34' lang='lat' dir='ltr'><strong>magni‘fuit?</strong></span> 
     </span>
    </p>
   </div>
   <div class='ocr_carea' id='block_1_83' title="bbox 144 2344 885 2382">
    <p class='ocr_par' dir='ltr' id='par_1_83' title="bbox 144 2344 885 2382">
     <span class='ocr_line' id='line_1_83' title="bbox 144 2344 885 2382; baseline 0.005 -11"><span class='ocrx_word' id='word_1_517' title='bbox 144 2344 232 2382; x_wconf 52' lang='lat' dir='ltr'><strong>(litor.—</strong></span> <span class='ocrx_word' id='word_1_518' title='bbox 246 2346 314 2382; x_wconf 62' lang='lat' dir='ltr'><strong>:‘tudi</strong></span> <span class='ocrx_word' id='word_1_519' title='bbox 331 2347 411 2378; x_wconf 87' lang='lat' dir='ltr'><strong>hunc,</strong></span> <span class='ocrx_word' id='word_1_520' title='bbox 428 2350 521 2382; x_wconf 88' lang='lat' dir='ltr'><strong>aperte</strong></span> <span class='ocrx_word' id='word_1_521' title='bbox 534 2347 580 2381; x_wconf 90' lang='lat' dir='ltr'><strong>qui</strong></span> <span class='ocrx_word' id='word_1_522' title='bbox 594 2344 641 2374; x_wconf 73' lang='lat' dir='ltr'><strong>tibi</strong></span> <span class='ocrx_word' id='word_1_523' title='bbox 655 2348 746 2382; x_wconf 82' lang='lat' dir='ltr'><strong>omnia</strong></span> <span class='ocrx_word' id='word_1_524' title='bbox 758 2347 885 2375; x_wconf 83' lang='lat' dir='ltr'><strong>disseret.</strong></span> 
     </span>
    </p>
   </div>
   <div class='ocr_carea' id='block_1_84' title="bbox 147 2380 853 2416">
    <p class='ocr_par' dir='ltr' id='par_1_84' title="bbox 147 2380 853 2416">
     <span class='ocr_line' id='line_1_84' title="bbox 147 2380 853 2416; baseline 0.006 -10"><span class='ocrx_word' id='word_1_525' title='bbox 147 2380 233 2416; x_wconf 61' lang='lat' dir='ltr'><strong>illum.</strong></span> <span class='ocrx_word' id='word_1_526' title='bbox 255 2381 329 2408; x_wconf 79' lang='lat' dir='ltr'><strong>Nune</strong></span> <span class='ocrx_word' id='word_1_527' title='bbox 346 2380 455 2414; x_wconf 73' lang='lat' dir='ltr'><strong>misera,</strong></span> <span class='ocrx_word' id='word_1_528' title='bbox 469 2380 549 2416; x_wconf 86' lang='lat' dir='ltr'><strong>paulo</strong></span> <span class='ocrx_word' id='word_1_529' title='bbox 564 2386 591 2409; x_wconf 89' lang='lat' dir='ltr'><strong>et</strong></span> <span class='ocrx_word' id='word_1_530' title='bbox 607 2387 670 2409; x_wconf 87' lang='lat' dir='ltr'><strong>ante</strong></span> <span class='ocrx_word' id='word_1_531' title='bbox 686 2381 853 2416; x_wconf 89' lang='lat' dir='ltr'><strong>felicissima,</strong></span> 
     </span>
    </p>
   </div>
   <div class='ocr_carea' id='block_1_85' title="bbox 146 2415 695 2444">
    <p class='ocr_par' dir='ltr' id='par_1_85' title="bbox 146 2415 695 2444">
     <span class='ocr_line' id='line_1_85' title="bbox 146 2415 695 2444; baseline 0.004 -2"><span class='ocrx_word' id='word_1_532' title='bbox 146 2415 216 2442; x_wconf 81' lang='lat' dir='ltr'><strong>Audi</strong></span> <span class='ocrx_word' id='word_1_533' title='bbox 233 2416 281 2443; x_wconf 89' lang='lat' dir='ltr'><strong>tibi</strong></span> <span class='ocrx_word' id='word_1_534' title='bbox 295 2424 354 2444; x_wconf 72' lang='lat' dir='ltr'><strong>nua:</strong></span> <span class='ocrx_word' id='word_1_535' title='bbox 368 2415 487 2444; x_wconf 77' lang='lat' dir='ltr'><strong>infausta</strong></span> <span class='ocrx_word' id='word_1_536' title='bbox 499 2416 571 2444; x_wconf 85' lang='lat' dir='ltr'><strong>dicta</strong></span> <span class='ocrx_word' id='word_1_537' title='bbox 589 2418 695 2444; x_wconf 90' lang='lat' dir='ltr'><strong>nuntio.</strong></span> 
     </span>
    </p>
   </div>
   <div class='ocr_carea' id='block_1_86' title="bbox 146 2450 929 2488">
    <p class='ocr_par' dir='ltr' id='par_1_86' title="bbox 146 2450 929 2488">
     <span class='ocr_line' id='line_1_86' title="bbox 146 2450 929 2488; baseline 0.005 -12"><span class='ocrx_word' id='word_1_538' title='bbox 146 2450 221 2488; x_wconf 63' lang='lat' dir='ltr'><strong>Qeip.</strong></span> <span class='ocrx_word' id='word_1_539' title='bbox 229 2450 394 2488; x_wconf 81' lang='lat' dir='ltr'><strong>Occidimus,</strong></span> <span class='ocrx_word' id='word_1_540' title='bbox 403 2451 453 2478; x_wconf 87' lang='lat' dir='ltr'><strong>heu</strong></span> <span class='ocrx_word' id='word_1_541' title='bbox 463 2452 470 2478; x_wconf 85' lang='grc'><strong>1</strong></span> <span class='ocrx_word' id='word_1_542' title='bbox 480 2456 611 2488; x_wconf 86' lang='lat' dir='ltr'><strong>quantum</strong></span> <span class='ocrx_word' id='word_1_543' title='bbox 620 2460 653 2480; x_wconf 85' lang='lat' dir='ltr'><strong>ex</strong></span> <span class='ocrx_word' id='word_1_544' title='bbox 661 2452 716 2479; x_wconf 91' lang='lat' dir='ltr'><strong>tuis</strong></span> <span class='ocrx_word' id='word_1_545' title='bbox 725 2451 816 2488; x_wconf 80' lang='lat' dir='ltr'><strong>verbis</strong></span> <span class='ocrx_word' id='word_1_546' title='bbox 825 2452 911 2488; x_wconf 89' lang='lat' dir='ltr'><strong>liquet</strong></span> <span class='ocrx_word' id='word_1_547' title='bbox 921 2461 929 2486; x_wconf 84' lang='lat'><strong>;</strong></span> 
     </span>
    </p>
   </div>
   <div class='ocr_carea' id='block_1_87' title="bbox 146 2485 792 2520">
    <p class='ocr_par' dir='ltr' id='par_1_87' title="bbox 146 2485 792 2520">
     <span class='ocr_line' id='line_1_87' title="bbox 146 2485 792 2520; baseline 0.002 -8"><span class='ocrx_word' id='word_1_548' title='bbox 146 2485 278 2520; x_wconf 75' lang='lat' dir='ltr'><strong>Malorum</strong></span> <span class='ocrx_word' id='word_1_549' title='bbox 296 2487 381 2518; x_wconf 83' lang='lat' dir='ltr'><strong>adest,</strong></span> <span class='ocrx_word' id='word_1_550' title='bbox 397 2490 425 2513; x_wconf 94' lang='lat' dir='ltr'><strong>ut</strong></span> <span class='ocrx_word' id='word_1_551' title='bbox 435 2492 477 2514; x_wconf 83' lang='lat' dir='ltr'><strong>est</strong></span> <span class='ocrx_word' id='word_1_552' title='bbox 490 2485 649 2520; x_wconf 78' lang='lat' dir='ltr'><strong>verisimile,</strong></span> <span class='ocrx_word' id='word_1_553' title='bbox 667 2487 792 2514; x_wconf 88' lang='lat' dir='ltr'><strong>nuntius.</strong></span> 
     </span>
    </p>
   </div>
   <div class='ocr_carea' id='block_1_88' title="bbox 183 2519 858 2556">
    <p class='ocr_par' dir='ltr' id='par_1_88' title="bbox 183 2519 858 2556">
     <span class='ocr_line' id='line_1_88' title="bbox 183 2519 858 2556; baseline 0.004 -10"><span class='ocrx_word' id='word_1_554' title='bbox 183 2519 268 2547; x_wconf 83' lang='lat' dir='ltr'><strong>Nunt.</strong></span> <span class='ocrx_word' id='word_1_555' title='bbox 289 2520 353 2548; x_wconf 87' lang='lat' dir='ltr'><strong>Esto</strong></span> <span class='ocrx_word' id='word_1_556' title='bbox 368 2522 511 2553; x_wconf 83' lang='lat' dir='ltr'><strong>malorum,</strong></span> <span class='ocrx_word' id='word_1_557' title='bbox 525 2529 588 2549; x_wconf 86' lang='lat' dir='ltr'><strong>vera</strong></span> <span class='ocrx_word' id='word_1_558' title='bbox 603 2529 664 2556; x_wconf 68' lang='lat' dir='ltr'><strong>quae</strong></span> <span class='ocrx_word' id='word_1_559' title='bbox 678 2522 740 2549; x_wconf 90' lang='lat' dir='ltr'><strong>novi</strong></span> <span class='ocrx_word' id='word_1_560' title='bbox 756 2527 858 2550; x_wconf 87' lang='lat' dir='ltr'><strong>tamen.</strong></span> 
     </span>
    </p>
   </div>
   <div class='ocr_carea' id='block_1_89' title="bbox 145 2554 904 2591">
    <p class='ocr_par' dir='ltr' id='par_1_89' title="bbox 145 2554 904 2591">
     <span class='ocr_line' id='line_1_89' title="bbox 145 2554 904 2591; baseline 0.004 -9"><span class='ocrx_word' id='word_1_561' title='bbox 145 2554 216 2591; x_wconf 70' lang='lat' dir='ltr'><strong>Quid</strong></span> <span class='ocrx_word' id='word_1_562' title='bbox 229 2556 300 2582; x_wconf 89' lang='lat' dir='ltr'><strong>enim</strong></span> <span class='ocrx_word' id='word_1_563' title='bbox 313 2556 441 2591; x_wconf 84' lang='lat' dir='ltr'><strong>eloquar?</strong></span> <span class='ocrx_word' id='word_1_564' title='bbox 456 2556 601 2591; x_wconf 84' lang='lat' dir='ltr'><strong>Postquam</strong></span> <span class='ocrx_word' id='word_1_565' title='bbox 613 2554 683 2584; x_wconf 80' lang='lat' dir='ltr'><strong>novo</strong></span> <span class='ocrx_word' id='word_1_566' title='bbox 696 2557 796 2591; x_wconf 82' lang='lat' dir='ltr'><strong>pascha</strong></span> <span class='ocrx_word' id='word_1_567' title='bbox 812 2558 904 2591; x_wconf 90' lang='lat' dir='ltr'><strong>modo,</strong></span> 
     </span>
    </p>
   </div>
   <div class='ocr_carea' id='block_1_90' title="bbox 147 2589 677 2626">
    <p class='ocr_par' dir='ltr' id='par_1_90' title="bbox 147 2589 677 2626">
     <span class='ocr_line' id='line_1_90' title="bbox 147 2589 677 2626; baseline 0.008 -10"><span class='ocrx_word' id='word_1_568' title='bbox 147 2589 182 2626; x_wconf 82' lang='lat' dir='ltr'><strong>Ut</strong></span> <span class='ocrx_word' id='word_1_569' title='bbox 198 2590 267 2618; x_wconf 85' lang='lat' dir='ltr'><strong>dixit</strong></span> <span class='ocrx_word' id='word_1_570' title='bbox 280 2590 335 2623; x_wconf 89' lang='lat' dir='ltr'><strong>ille,</strong></span> <span class='ocrx_word' id='word_1_571' title='bbox 351 2589 462 2623; x_wconf 77' lang='lat' dir='ltr'><strong>edisset,</strong></span> <span class='ocrx_word' id='word_1_572' title='bbox 479 2589 604 2626; x_wconf 80' lang='lat' dir='ltr'><strong>apposito</strong></span> <span class='ocrx_word' id='word_1_573' title='bbox 619 2593 677 2620; x_wconf 90' lang='lat' dir='ltr'><strong>suis</strong></span> 
     </span>
    </p>
   </div>
   <div class='ocr_carea' id='block_1_91' title="bbox 146 2625 693 2661">
    <p class='ocr_par' dir='ltr' id='par_1_91' title="bbox 146 2625 693 2661">
     <span class='ocr_line' id='line_1_91' title="bbox 146 2625 693 2661; baseline 0.004 -9"><span class='ocrx_word' id='word_1_574' title='bbox 146 2625 285 2661; x_wconf 49' lang='lat' dir='ltr'><strong>épostolis</strong></span> <span class='ocrx_word' id='word_1_575' title='bbox 301 2627 382 2661; x_wconf 84' lang='lat' dir='ltr'><strong>epulo</strong></span> <span class='ocrx_word' id='word_1_576' title='bbox 400 2626 478 2653; x_wconf 88' lang='lat' dir='ltr'><strong>hilari</strong></span> <span class='ocrx_word' id='word_1_577' title='bbox 492 2625 523 2653; x_wconf 76' lang='lat' dir='ltr'><strong>et</strong></span> <span class='ocrx_word' id='word_1_578' title='bbox 535 2634 625 2659; x_wconf 65' lang='lat' dir='ltr'><strong>caena.</strong></span> <span class='ocrx_word' id='word_1_579' title='bbox 642 2634 693 2654; x_wconf 92' lang='lat' dir='ltr'><strong>suo</strong></span> 
     </span>
    </p>
   </div>
   <div class='ocr_carea' id='block_1_92' title="bbox 145 2659 625 2696">
    <p class='ocr_par' dir='ltr' id='par_1_92' title="bbox 145 2659 625 2696">
     <span class='ocr_line' id='line_1_92' title="bbox 145 2659 625 2696; baseline 0 -8"><span class='ocrx_word' id='word_1_580' title='bbox 145 2659 179 2696; x_wconf 57' lang='lat' dir='ltr'><strong>Et</strong></span> <span class='ocrx_word' id='word_1_581' title='bbox 193 2659 468 2688; x_wconf 57' lang='lat' dir='ltr'><strong>indicato&#39;venditore</strong></span> <span class='ocrx_word' id='word_1_582' title='bbox 481 2662 625 2696; x_wconf 77' lang='lat' dir='ltr'><strong>:enigmate</strong></span> 
     </span>
    </p>
   </div>
   <div class='ocr_carea' id='block_1_93' title="bbox 146 2694 787 2731">
    <p class='ocr_par' dir='ltr' id='par_1_93' title="bbox 146 2694 787 2731">
     <span class='ocr_line' id='line_1_93' title="bbox 146 2694 787 2731; baseline 0.002 -9"><span class='ocrx_word' id='word_1_583' title='bbox 146 2694 309 2731; x_wconf 52' lang='lat' dir='ltr'><strong>Verborum,</strong></span> <span class='ocrx_word' id='word_1_584' title='bbox 325 2701 352 2723; x_wconf 92' lang='lat' dir='ltr'><strong>et</strong></span> <span class='ocrx_word' id='word_1_585' title='bbox 365 2695 427 2723; x_wconf 90' lang='lat' dir='ltr'><strong>inde</strong></span> <span class='ocrx_word' id='word_1_586' title='bbox 443 2694 556 2730; x_wconf 75' lang='lat' dir='ltr'><strong>pedibus</strong></span> <span class='ocrx_word' id='word_1_587' title='bbox 570 2696 670 2723; x_wconf 86' lang='lat' dir='ltr'><strong>ablutis</strong></span> <span class='ocrx_word' id='word_1_588' title='bbox 686 2696 787 2731; x_wconf 82' lang='lat' dir='ltr'><strong>gregis,</strong></span> 
     </span>
    </p>
   </div>
   <div class='ocr_carea' id='block_1_94' title="bbox 146 2730 765 2766">
    <p class='ocr_par' dir='ltr' id='par_1_94' title="bbox 146 2730 765 2766">
     <span class='ocr_line' id='line_1_94' title="bbox 146 2730 765 2766; baseline 0.002 -9"><span class='ocrx_word' id='word_1_589' title='bbox 146 2730 193 2766; x_wconf 71' lang='lat' dir='ltr'><strong>[lle</strong></span> <span class='ocrx_word' id='word_1_590' title='bbox 208 2739 240 2758; x_wconf 77' lang='lat' dir='ltr'><strong>ex</strong></span> <span class='ocrx_word' id='word_1_591' title='bbox 256 2735 366 2766; x_wconf 87' lang='lat' dir='ltr'><strong>recepto</strong></span> <span class='ocrx_word' id='word_1_592' title='bbox 381 2739 455 2758; x_wconf 90' lang='lat' dir='ltr'><strong>more</strong></span> <span class='ocrx_word' id='word_1_593' title='bbox 470 2731 532 2762; x_wconf 85' lang='lat' dir='ltr'><strong>sibi,</strong></span> <span class='ocrx_word' id='word_1_594' title='bbox 552 2736 671 2758; x_wconf 87' lang='lat' dir='ltr'><strong>montem</strong></span> <span class='ocrx_word' id='word_1_595' title='bbox 687 2730 765 2758; x_wconf 81' lang='lat' dir='ltr'><strong>ocius</strong></span> 
     </span>
    </p>
   </div>
   <div class='ocr_carea' id='block_1_95' title="bbox 146 2764 717 2800">
    <p class='ocr_par' dir='ltr' id='par_1_95' title="bbox 146 2764 717 2800">
     <span class='ocr_line' id='line_1_95' title="bbox 146 2764 717 2800; baseline 0.004 -9"><span class='ocrx_word' id='word_1_596' title='bbox 146 2764 226 2792; x_wconf 79' lang='lat' dir='ltr'><strong>Petiit</strong></span> <span class='ocrx_word' id='word_1_597' title='bbox 236 2764 482 2796; x_wconf 30' lang='lat' dir='ltr'><strong>olivis‘consitum,</strong></span> <span class='ocrx_word' id='word_1_598' title='bbox 496 2773 611 2800; x_wconf 90' lang='lat' dir='ltr'><strong>cumque</strong></span> <span class='ocrx_word' id='word_1_599' title='bbox 625 2767 717 2793; x_wconf 90' lang='lat' dir='ltr'><strong>omnia</strong></span> 
     </span>
    </p>
   </div>
   <div class='ocr_carea' id='block_1_96' title="bbox 147 2799 657 2833">
    <p class='ocr_par' dir='ltr' id='par_1_96' title="bbox 147 2799 657 2833">
     <span class='ocr_line' id='line_1_96' title="bbox 147 2799 657 2833; baseline 0 -6"><span class='ocrx_word' id='word_1_600' title='bbox 147 2799 204 2827; x_wconf 86' lang='lat' dir='ltr'><strong>Sibi</strong></span> <span class='ocrx_word' id='word_1_601' title='bbox 218 2801 329 2828; x_wconf 84' lang='lat' dir='ltr'><strong>ferenda</strong></span> <span class='ocrx_word' id='word_1_602' title='bbox 341 2801 523 2833; x_wconf 83' lang='lat' dir='ltr'><strong>enuntiasset,</strong></span> <span class='ocrx_word' id='word_1_603' title='bbox 538 2799 657 2828; x_wconf 17' lang='lat' dir='ltr'><strong>elisaero</strong></span> 
     </span>
    </p>
   </div>
   <div class='ocr_carea' id='block_1_97' title="bbox 147 2834 820 2871">
    <p class='ocr_par' dir='ltr' id='par_1_97' title="bbox 147 2834 820 2871">
     <span class='ocr_line' id='line_1_97' title="bbox 147 2834 820 2871; baseline 0.003 -9"><span class='ocrx_word' id='word_1_604' title='bbox 147 2834 297 2864; x_wconf 81' lang='lat' dir='ltr'><strong>Firmasset</strong></span> <span class='ocrx_word' id='word_1_605' title='bbox 309 2843 414 2869; x_wconf 86' lang='lat' dir='ltr'><strong>omnes,</strong></span> <span class='ocrx_word' id='word_1_606' title='bbox 430 2839 563 2871; x_wconf 86' lang='lat' dir='ltr'><strong>quotquot</strong></span> <span class='ocrx_word' id='word_1_607' title='bbox 575 2840 678 2870; x_wconf 85' lang='lat' dir='ltr'><strong>essent,</strong></span> <span class='ocrx_word' id='word_1_608' title='bbox 695 2837 820 2871; x_wconf 76' lang='lat' dir='ltr'><strong>mystico,</strong></span> 
     </span>
    </p>
   </div>
   <div class='ocr_carea' id='block_1_98' title="bbox 940 2242 1701 2277">
    <p class='ocr_par' dir='ltr' id='par_1_98' title="bbox 940 2242 1701 2277">
     <span class='ocr_line' id='line_1_98' title="bbox 940 2242 1701 2277; baseline -0.003 -7"><span class='ocrx_word' id='word_1_609' title='bbox 940 2247 961 2274; x_wconf 84' lang='grc' dir='ltr'>Β</span> <span class='ocrx_word' id='word_1_610' title='bbox 976 2243 1012 2270; x_wconf 88' lang='lat' dir='ltr'><strong>Ut</strong></span> <span class='ocrx_word' id='word_1_611' title='bbox 1028 2247 1124 2270; x_wconf 68' lang='lat' dir='ltr'><strong>(uetera</strong></span> <span class='ocrx_word' id='word_1_612' title='bbox 1140 2246 1255 2274; x_wconf 78' lang='lat' dir='ltr'><strong>taceam,</strong></span> <span class='ocrx_word' id='word_1_613' title='bbox 1271 2243 1305 2270; x_wconf 86' lang='lat' dir='ltr'><strong>ad</strong></span> <span class='ocrx_word' id='word_1_614' title='bbox 1322 2242 1406 2270; x_wconf 84' lang='lat' dir='ltr'><strong>Deum</strong></span> <span class='ocrx_word' id='word_1_615' title='bbox 1421 2244 1479 2270; x_wconf 64' lang='lat' dir='ltr'><strong>hmo</strong></span> <span class='ocrx_word' id='word_1_616' title='bbox 1493 2247 1620 2277; x_wconf 88' lang='lat' dir='ltr'><strong>precatus</strong></span> <span class='ocrx_word' id='word_1_617' title='bbox 1636 2245 1701 2268; x_wconf 80' lang='lat' dir='ltr'><strong>est:</strong></span> 
     </span>
    </p>
   </div>
   <div class='ocr_carea' id='block_1_99' title="bbox 979 2277 1724 2312">
    <p class='ocr_par' dir='ltr' id='par_1_99' title="bbox 979 2277 1724 2312">
     <span class='ocr_line' id='line_1_99' title="bbox 979 2277 1724 2312; baseline 0.001 -10"><span class='ocrx_word' id='word_1_618' title='bbox 979 2287 988 2302; x_wconf 76' lang='grc' dir='ltr'><strong>ε</strong></span> <span class='ocrx_word' id='word_1_619' title='bbox 1004 2278 1081 2305; x_wconf 83' lang='lat' dir='ltr'><strong>Nunc</strong></span> <span class='ocrx_word' id='word_1_620' title='bbox 1093 2278 1161 2312; x_wconf 85' lang='lat' dir='ltr'><strong>jam,</strong></span> <span class='ocrx_word' id='word_1_621' title='bbox 1175 2277 1256 2305; x_wconf 84' lang='lat' dir='ltr'><strong>Pater</strong></span> <span class='ocrx_word' id='word_1_622' title='bbox 1273 2278 1319 2308; x_wconf 86' lang='lat' dir='ltr'><strong>mi,</strong></span> <span class='ocrx_word' id='word_1_623' title='bbox 1334 2278 1448 2312; x_wconf 78' lang='lat' dir='ltr'><strong>gloriam</strong></span> <span class='ocrx_word' id='word_1_624' title='bbox 1463 2286 1522 2312; x_wconf 63' lang='lat' dir='ltr'><strong>qua:</strong></span> <span class='ocrx_word' id='word_1_625' title='bbox 1535 2278 1652 2304; x_wconf 82' lang='lat' dir='ltr'><strong>maxima</strong></span> <span class='ocrx_word' id='word_1_626' title='bbox 1667 2281 1724 2308; x_wconf 62' lang='lat' dir='ltr'><strong>est,</strong></span> 
     </span>
    </p>
   </div>
   <div class='ocr_carea' id='block_1_100' title="bbox 975 2312 1585 2348">
    <p class='ocr_par' dir='ltr' id='par_1_100' title="bbox 975 2312 1585 2348">
     <span class='ocr_line' id='line_1_100' title="bbox 975 2312 1585 2348; baseline -0.003 -8"><span class='ocrx_word' id='word_1_627' title='bbox 975 2312 1052 2340; x_wconf 87' lang='lat' dir='ltr'><strong>llanc</strong></span> <span class='ocrx_word' id='word_1_628' title='bbox 1065 2313 1162 2340; x_wconf 80' lang='lat' dir='ltr'><strong>exhibe</strong></span> <span class='ocrx_word' id='word_1_629' title='bbox 1175 2322 1182 2339; x_wconf 88' lang='lat'>:</span> <span class='ocrx_word' id='word_1_630' title='bbox 1197 2320 1258 2348; x_wconf 83' lang='lat' dir='ltr'><strong>nam</strong></span> <span class='ocrx_word' id='word_1_631' title='bbox 1275 2320 1334 2347; x_wconf 68' lang='lat' dir='ltr'><strong>qua:</strong></span> <span class='ocrx_word' id='word_1_632' title='bbox 1347 2313 1474 2347; x_wconf 90' lang='lat' dir='ltr'><strong>perennis</strong></span> <span class='ocrx_word' id='word_1_633' title='bbox 1488 2313 1585 2348; x_wconf 83' lang='lat' dir='ltr'><strong>gloria,</strong></span> 
     </span>
    </p>
   </div>
   <div class='ocr_carea' id='block_1_101' title="bbox 975 2347 1483 2382">
    <p class='ocr_par' dir='ltr' id='par_1_101' title="bbox 975 2347 1483 2382">
     <span class='ocr_line' id='line_1_101' title="bbox 975 2347 1483 2382; baseline -0.002 -8"><span class='ocrx_word' id='word_1_634' title='bbox 975 2348 998 2374; x_wconf 77' lang='grc' dir='ltr'>Α</span> <span class='ocrx_word' id='word_1_635' title='bbox 1017 2353 1042 2375; x_wconf 90' lang='lat' dir='ltr'><strong>te</strong></span> <span class='ocrx_word' id='word_1_636' title='bbox 1056 2348 1102 2375; x_wconf 90' lang='lat' dir='ltr'><strong>illa</strong></span> <span class='ocrx_word' id='word_1_637' title='bbox 1115 2351 1172 2374; x_wconf 89' lang='lat' dir='ltr'><strong>tota</strong></span> <span class='ocrx_word' id='word_1_638' title='bbox 1186 2347 1306 2382; x_wconf 86' lang='lat' dir='ltr'><strong>profluit,</strong></span> <span class='ocrx_word' id='word_1_639' title='bbox 1327 2347 1483 2374; x_wconf 87' lang='lat' dir='ltr'><strong>mortalium</strong></span> 
     </span>
    </p>
   </div>
   <div class='ocr_carea' id='block_1_102' title="bbox 977 2382 1547 2417">
    <p class='ocr_par' dir='ltr' id='par_1_102' title="bbox 977 2382 1547 2417">
     <span class='ocr_line' id='line_1_102' title="bbox 977 2382 1547 2417; baseline -0.002 -8"><span class='ocrx_word' id='word_1_640' title='bbox 977 2382 1060 2411; x_wconf 89' lang='lat' dir='ltr'><strong>lloste</strong></span> <span class='ocrx_word' id='word_1_641' title='bbox 1074 2386 1223 2417; x_wconf 88' lang='lat' dir='ltr'><strong>perempto,</strong></span> <span class='ocrx_word' id='word_1_642' title='bbox 1238 2382 1379 2409; x_wconf 83' lang='lat' dir='ltr'><strong>clariorem</strong></span> <span class='ocrx_word' id='word_1_643' title='bbox 1394 2389 1547 2416; x_wconf 85' lang='lat' dir='ltr'><strong>consequar</strong></span> 
     </span>
    </p>
   </div>
   <div class='ocr_carea' id='block_1_103' title="bbox 978 2417 1499 2452">
    <p class='ocr_par' dir='ltr' id='par_1_103' title="bbox 978 2417 1499 2452">
     <span class='ocr_line' id='line_1_103' title="bbox 978 2417 1499 2452; baseline -0.002 -8"><span class='ocrx_word' id='word_1_644' title='bbox 978 2417 1011 2444; x_wconf 87' lang='lat' dir='ltr'><strong>Et</strong></span> <span class='ocrx_word' id='word_1_645' title='bbox 1026 2418 1184 2452; x_wconf 86' lang='lat' dir='ltr'><strong>ampliorem</strong></span> <span class='ocrx_word' id='word_1_646' title='bbox 1201 2426 1206 2444; x_wconf 93' lang='lat'>:</span> <span class='ocrx_word' id='word_1_647' title='bbox 1222 2425 1290 2451; x_wconf 87' lang='lat' dir='ltr'><strong>quas</strong></span> <span class='ocrx_word' id='word_1_648' title='bbox 1306 2421 1353 2443; x_wconf 89' lang='lat' dir='ltr'><strong>tuo</strong></span> <span class='ocrx_word' id='word_1_649' title='bbox 1368 2417 1499 2444; x_wconf 78' lang='lat' dir='ltr'><strong>beneficio</strong></span> 
     </span>
    </p>
   </div>
   <div class='ocr_carea' id='block_1_104' title="bbox 978 2451 1632 2487">
    <p class='ocr_par' dir='ltr' id='par_1_104' title="bbox 978 2451 1632 2487">
     <span class='ocr_line' id='line_1_104' title="bbox 978 2451 1632 2487; baseline -0.005 -7"><span class='ocrx_word' id='word_1_650' title='bbox 978 2451 1080 2487; x_wconf 64' lang='lat' dir='ltr'><strong>ﬁentes</strong></span> <span class='ocrx_word' id='word_1_651' title='bbox 1092 2461 1142 2487; x_wconf 82' lang='lat' dir='ltr'><strong>ego</strong></span> <span class='ocrx_word' id='word_1_652' title='bbox 1157 2452 1253 2485; x_wconf 83' lang='lat' dir='ltr'><strong>habeo,</strong></span> <span class='ocrx_word' id='word_1_653' title='bbox 1269 2451 1302 2478; x_wconf 90' lang='lat' dir='ltr'><strong>da</strong></span> <span class='ocrx_word' id='word_1_654' title='bbox 1317 2451 1393 2483; x_wconf 90' lang='lat' dir='ltr'><strong>mihi,</strong></span> <span class='ocrx_word' id='word_1_655' title='bbox 1409 2459 1477 2485; x_wconf 86' lang='lat' dir='ltr'><strong>quas</strong></span> <span class='ocrx_word' id='word_1_656' title='bbox 1493 2451 1632 2487; x_wconf 64' lang='lat' dir='ltr'><strong>praemium</strong></span> 
     </span>
    </p>
   </div>
   <div class='ocr_carea' id='block_1_105' title="bbox 977 2486 1568 2522">
    <p class='ocr_par' dir='ltr' id='par_1_105' title="bbox 977 2486 1568 2522">
     <span class='ocr_line' id='line_1_105' title="bbox 977 2486 1568 2522; baseline -0.002 -8"><span class='ocrx_word' id='word_1_657' title='bbox 977 2486 1120 2522; x_wconf 67' lang='lat' dir='ltr'><strong>Tanquam</strong></span> <span class='ocrx_word' id='word_1_658' title='bbox 1134 2487 1172 2513; x_wconf 89' lang='lat' dir='ltr'><strong>rei</strong></span> <span class='ocrx_word' id='word_1_659' title='bbox 1185 2491 1268 2522; x_wconf 74' lang='lat' dir='ltr'><strong>gestze</strong></span> <span class='ocrx_word' id='word_1_660' title='bbox 1282 2487 1350 2522; x_wconf 85' lang='lat' dir='ltr'><strong>bene</strong></span> <span class='ocrx_word' id='word_1_661' title='bbox 1361 2491 1497 2520; x_wconf 85' lang='lat' dir='ltr'><strong>acceptas.</strong></span> <span class='ocrx_word' id='word_1_662' title='bbox 1513 2486 1568 2514; x_wconf 87' lang='lat' dir='ltr'><strong>tuis</strong></span> 
     </span>
    </p>
   </div>
   <div class='ocr_carea' id='block_1_106' title="bbox 976 2496 1654 2561">
    <p class='ocr_par' dir='ltr' id='par_1_106' title="bbox 976 2496 1654 2561">
     <span class='ocr_line' id='line_1_106' title="bbox 983 2496 1568 2522; baseline 0 -8"><span class='ocrx_word' id='word_1_663' title='bbox 983 2496 1034 2514; x_wconf 79' lang='lat' dir='ltr'><strong>Ian</strong></span> <span class='ocrx_word' id='word_1_664' title='bbox 1057 2496 1120 2514; x_wconf 86' lang='lat' dir='ltr'><strong>nam</strong></span> <span class='ocrx_word' id='word_1_665' title='bbox 1134 2496 1172 2513; x_wconf 77' lang='lat' dir='ltr'><strong>l&#39;Cl</strong></span> <span class='ocrx_word' id='word_1_666' title='bbox 1185 2496 1268 2522; x_wconf 69' lang='lat' dir='ltr'><strong>gestu:</strong></span> <span class='ocrx_word' id='word_1_667' title='bbox 1282 2496 1350 2513; x_wconf 72' lang='lat' dir='ltr'><strong>DCHB</strong></span> <span class='ocrx_word' id='word_1_668' title='bbox 1361 2496 1497 2520; x_wconf 80' lang='lat' dir='ltr'><strong>acceptas,</strong></span> <span class='ocrx_word' id='word_1_669' title='bbox 1513 2496 1568 2514; x_wconf 76' lang='lat' dir='ltr'><strong>lulS</strong></span> 
     </span>
     <span class='ocr_line' id='line_1_107' title="bbox 976 2496 1654 2561; baseline -0.003 -12"><span class='ocrx_word' id='word_1_670' title='bbox 976 2496 1098 2561; x_wconf 54' lang='lat' dir='ltr'><strong>ﬁedgam</strong></span> <span class='ocrx_word' id='word_1_671' title='bbox 1108 2522 1238 2561; x_wconf 78' lang='lat' dir='ltr'><strong>_vicissin_1</strong></span> <span class='ocrx_word' id='word_1_672' title='bbox 1252 2521 1379 2561; x_wconf 76' lang='lat' dir='ltr'><strong>manibus</strong></span> <span class='ocrx_word' id='word_1_673' title='bbox 1398 2525 1475 2561; x_wconf 78' lang='lat' dir='ltr'><strong>actus</strong></span> <span class='ocrx_word' id='word_1_674' title='bbox 1491 2522 1518 2549; x_wconf 93' lang='lat' dir='ltr'><strong>in</strong></span> <span class='ocrx_word' id='word_1_675' title='bbox 1533 2529 1654 2554; x_wconf 87' lang='lat' dir='ltr'><strong>crucem,</strong></span> 
     </span>
    </p>
   </div>
   <div class='ocr_carea' id='block_1_107' title="bbox 977 2555 1434 2592">
    <p class='ocr_par' dir='ltr' id='par_1_107' title="bbox 977 2555 1434 2592">
     <span class='ocr_line' id='line_1_108' title="bbox 977 2555 1434 2592; baseline -0.007 -7"><span class='ocrx_word' id='word_1_676' title='bbox 977 2557 1089 2592; x_wconf 82' lang='lat' dir='ltr'><strong>Meaque</strong></span> <span class='ocrx_word' id='word_1_677' title='bbox 1107 2557 1193 2584; x_wconf 87' lang='lat' dir='ltr'><strong>factus</strong></span> <span class='ocrx_word' id='word_1_678' title='bbox 1207 2557 1307 2583; x_wconf 81' lang='lat' dir='ltr'><strong>clarior</strong></span> <span class='ocrx_word' id='word_1_679' title='bbox 1320 2555 1434 2592; x_wconf 76' lang='lat' dir='ltr'><strong>victoria</strong></span> 
     </span>
    </p>
   </div>
   <div class='ocr_carea' id='block_1_108' title="bbox 975 2590 1527 2626">
    <p class='ocr_par' dir='ltr' id='par_1_108' title="bbox 975 2590 1527 2626">
     <span class='ocr_line' id='line_1_109' title="bbox 975 2590 1527 2626; baseline -0.002 -7"><span class='ocrx_word' id='word_1_680' title='bbox 975 2590 1063 2619; x_wconf 80' lang='lat' dir='ltr'><strong>Invita</strong></span> <span class='ocrx_word' id='word_1_681' title='bbox 1078 2592 1181 2619; x_wconf 90' lang='lat' dir='ltr'><strong>amicos</strong></span> <span class='ocrx_word' id='word_1_682' title='bbox 1200 2596 1294 2626; x_wconf 84' lang='lat' dir='ltr'><strong>gratus</strong></span> <span class='ocrx_word' id='word_1_683' title='bbox 1308 2590 1342 2618; x_wconf 88' lang='lat' dir='ltr'><strong>ad</strong></span> <span class='ocrx_word' id='word_1_684' title='bbox 1359 2590 1527 2618; x_wconf 87' lang='lat' dir='ltr'><strong>convivium.</strong></span> 
     </span>
    </p>
   </div>
   <div class='ocr_carea' id='block_1_109' title="bbox 975 2626 1684 2662">
    <p class='ocr_par' dir='ltr' id='par_1_109' title="bbox 975 2626 1684 2662">
     <span class='ocr_line' id='line_1_110' title="bbox 975 2626 1684 2662; baseline 0 -8"><span class='ocrx_word' id='word_1_685' title='bbox 975 2626 998 2662; x_wconf 77' lang='grc' dir='ltr'>ο</span> <span class='ocrx_word' id='word_1_686' title='bbox 1017 2627 1177 2662; x_wconf 24' lang='grc' dir='ltr'>ιθνὶιθθιυιιι,</span> <span class='ocrx_word' id='word_1_687' title='bbox 1198 2631 1239 2653; x_wconf 85' lang='lat' dir='ltr'><strong>ter</strong></span> <span class='ocrx_word' id='word_1_688' title='bbox 1256 2627 1374 2662; x_wconf 83' lang='lat' dir='ltr'><strong>beatum,</strong></span> <span class='ocrx_word' id='word_1_689' title='bbox 1395 2626 1517 2660; x_wconf 84' lang='lat' dir='ltr'><strong>inquam,</strong></span> <span class='ocrx_word' id='word_1_690' title='bbox 1533 2630 1565 2656; x_wconf 81' lang='lat' dir='ltr'><strong>et.</strong></span> <span class='ocrx_word' id='word_1_691' title='bbox 1575 2630 1684 2662; x_wconf 85' lang='lat' dir='ltr'><strong>quater,</strong></span> 
     </span>
    </p>
   </div>
   <div class='ocr_carea' id='block_1_110' title="bbox 973 2661 1548 2689">
    <p class='ocr_par' dir='ltr' id='par_1_110' title="bbox 973 2661 1548 2689">
     <span class='ocr_line' id='line_1_111' title="bbox 973 2661 1548 2689; baseline 0 -1"><span class='ocrx_word' id='word_1_692' title='bbox 973 2661 1024 2688; x_wconf 88' lang='lat' dir='ltr'><strong>Cui</strong></span> <span class='ocrx_word' id='word_1_693' title='bbox 1037 2661 1130 2688; x_wconf 82' lang='lat' dir='ltr'><strong>datum</strong></span> <span class='ocrx_word' id='word_1_694' title='bbox 1146 2662 1181 2688; x_wconf 90' lang='lat' dir='ltr'><strong>sit</strong></span> <span class='ocrx_word' id='word_1_695' title='bbox 1195 2661 1286 2688; x_wconf 87' lang='lat' dir='ltr'><strong>omnia</strong></span> <span class='ocrx_word' id='word_1_696' title='bbox 1299 2661 1356 2687; x_wconf 61' lang='lat' dir='ltr'><strong>hare</strong></span> <span class='ocrx_word' id='word_1_697' title='bbox 1372 2661 1523 2689; x_wconf 86' lang='lat' dir='ltr'><strong>exsolvere.</strong></span> <span class='ocrx_word' id='word_1_698' title='bbox 1540 2673 1548 2688; x_wconf 79' lang='grc' dir='ltr'><strong>ι</strong></span> 
     </span>
    </p>
   </div>
   <div class='ocr_carea' id='block_1_111' title="bbox 974 2695 1541 2730">
    <p class='ocr_par' dir='ltr' id='par_1_111' title="bbox 974 2695 1541 2730">
     <span class='ocr_line' id='line_1_112' title="bbox 974 2695 1541 2730; baseline 0.002 -8"><span class='ocrx_word' id='word_1_699' title='bbox 974 2697 1009 2722; x_wconf 81' lang='lat' dir='ltr'><strong>At</strong></span> <span class='ocrx_word' id='word_1_700' title='bbox 1024 2696 1082 2730; x_wconf 89' lang='lat' dir='ltr'><strong>ipse</strong></span> <span class='ocrx_word' id='word_1_701' title='bbox 1099 2703 1193 2722; x_wconf 90' lang='lat' dir='ltr'><strong>vocem</strong></span> <span class='ocrx_word' id='word_1_702' title='bbox 1206 2703 1303 2722; x_wconf 91' lang='lat' dir='ltr'><strong>rursus</strong></span> <span class='ocrx_word' id='word_1_703' title='bbox 1317 2695 1372 2722; x_wconf 88' lang='lat' dir='ltr'><strong>edit</strong></span> <span class='ocrx_word' id='word_1_704' title='bbox 1385 2699 1415 2722; x_wconf 89' lang='lat' dir='ltr'><strong>ut</strong></span> <span class='ocrx_word' id='word_1_705' title='bbox 1431 2700 1541 2729; x_wconf 90' lang='lat' dir='ltr'><strong>tonans,</strong></span> 
     </span>
    </p>
   </div>
   <div class='ocr_carea' id='block_1_112' title="bbox 974 2730 1536 2765">
    <p class='ocr_par' dir='ltr' id='par_1_112' title="bbox 974 2730 1536 2765">
     <span class='ocr_line' id='line_1_113' title="bbox 974 2730 1536 2765; baseline 0.002 -8"><span class='ocrx_word' id='word_1_706' title='bbox 974 2730 1098 2757; x_wconf 81' lang='lat' dir='ltr'><strong>Clamore</strong></span> <span class='ocrx_word' id='word_1_707' title='bbox 1111 2731 1209 2757; x_wconf 69' lang='lat' dir='ltr'><strong>cmlum</strong></span> <span class='ocrx_word' id='word_1_708' title='bbox 1224 2733 1410 2764; x_wconf 77' lang='lat' dir='ltr'><strong>permovente,</strong></span> <span class='ocrx_word' id='word_1_709' title='bbox 1423 2732 1536 2765; x_wconf 84' lang='lat' dir='ltr'><strong>gloriam</strong></span> 
     </span>
    </p>
   </div>
   <div class='ocr_carea' id='block_1_113' title="bbox 975 2765 1522 2801">
    <p class='ocr_par' dir='ltr' id='par_1_113' title="bbox 975 2765 1522 2801">
     <span class='ocr_line' id='line_1_114' title="bbox 975 2765 1522 2801; baseline 0.002 -8"><span class='ocrx_word' id='word_1_710' title='bbox 975 2765 1103 2801; x_wconf 55' lang='lat' dir='ltr'><strong>Testatus</strong></span> <span class='ocrx_word' id='word_1_711' title='bbox 1118 2765 1192 2801; x_wconf 78' lang='lat' dir='ltr'><strong>illam</strong></span> <span class='ocrx_word' id='word_1_712' title='bbox 1207 2765 1306 2791; x_wconf 87' lang='lat' dir='ltr'><strong>Filium</strong></span> <span class='ocrx_word' id='word_1_713' title='bbox 1322 2772 1375 2801; x_wconf 81' lang='lat' dir='ltr'><strong>qua</strong></span> <span class='ocrx_word' id='word_1_714' title='bbox 1390 2766 1522 2801; x_wconf 85' lang='lat' dir='ltr'><strong>cingeret,</strong></span> 
     </span>
    </p>
   </div>
   <div class='ocr_carea' id='block_1_114' title="bbox 974 2799 1591 2836">
    <p class='ocr_par' dir='ltr' id='par_1_114' title="bbox 974 2799 1591 2836">
     <span class='ocr_line' id='line_1_115' title="bbox 974 2799 1591 2836; baseline 0.008 -10"><span class='ocrx_word' id='word_1_715' title='bbox 974 2800 1031 2836; x_wconf 53' lang='lat' dir='ltr'><strong>liae</strong></span> <span class='ocrx_word' id='word_1_716' title='bbox 1047 2808 1113 2827; x_wconf 89' lang='lat' dir='ltr'><strong>voce</strong></span> <span class='ocrx_word' id='word_1_717' title='bbox 1127 2810 1132 2827; x_wconf 84' lang='lat'><strong>:</strong></span> <span class='ocrx_word' id='word_1_718' title='bbox 1145 2799 1207 2827; x_wconf 74' lang='lat' dir='ltr'><strong>1am</strong></span> <span class='ocrx_word' id='word_1_719' title='bbox 1225 2806 1247 2827; x_wconf 84' lang='lat' dir='ltr'><strong>te</strong></span> <span class='ocrx_word' id='word_1_720' title='bbox 1263 2799 1346 2835; x_wconf 65' lang='lat' dir='ltr'><strong>gloria</strong></span> <span class='ocrx_word' id='word_1_721' title='bbox 1363 2799 1490 2836; x_wconf 68' lang='lat' dir='ltr'><strong>insignem</strong></span> <span class='ocrx_word' id='word_1_722' title='bbox 1505 2804 1591 2836; x_wconf 76' lang='lat' dir='ltr'><strong>prius,</strong></span> 
     </span>
    </p>
   </div>
   <div class='ocr_carea' id='block_1_115' title="bbox 976 2834 1507 2871">
    <p class='ocr_par' dir='ltr' id='par_1_115' title="bbox 976 2834 1507 2871">
     <span class='ocr_line' id='line_1_116' title="bbox 976 2834 1507 2871; baseline 0.006 -9"><span class='ocrx_word' id='word_1_723' title='bbox 976 2834 1080 2871; x_wconf 78' lang='lat' dir='ltr'><strong>Majore</strong></span> <span class='ocrx_word' id='word_1_724' title='bbox 1092 2835 1173 2862; x_wconf 81' lang='lat' dir='ltr'><strong>multo</strong></span> <span class='ocrx_word' id='word_1_725' title='bbox 1190 2840 1214 2863; x_wconf 81' lang='lat' dir='ltr'><strong>et</strong></span> <span class='ocrx_word' id='word_1_726' title='bbox 1231 2834 1358 2871; x_wconf 65' lang='lat' dir='ltr'><strong>anipliore</strong></span> <span class='ocrx_word' id='word_1_727' title='bbox 1372 2834 1507 2865; x_wconf 62' lang='lat' dir='ltr'><strong>ornatu-re.</strong></span> 
     </span>
    </p>
   </div>
  </div>
