1942 3039
79 143 127 168 157

79 200 201 225 Ἦκιστα
215 198 292 225 τοῦδε
309 199 395 234 λῆμμ’
409 199 460 233 ἔφυ
476 200 645 233 τυραννικόν.

86 244 195 278 Ῥαγεὶς
209 244 265 279 γὰρ
278 236 397 279 aiax-pd»;
415 244 557 277 πάγκακον
573 244 664 279 ῥήξεις
680 244 756 281 κέαρ.

87 289 158 315 Ἀλλ’
175 288 235 315 οὔτι
247 288 332 324 ταύτῃ
345 289 432 316 ταῦτα
445 289 500 324 (μή
517 289 557 315 σοί
571 297 623 315 που
639 289 744 325 δόκει),

83 334 142 360 Ἔτ’
158 335 197 365 εἰς
212 334 319 368 ἀγῶνας
336 334 367 360 σύ
383 342 412 360 τε
436 334 484 360 καὶ
501 335 647 369 μιαιφόνοι,

81 380 134 406 255
152 380 208 407 Καὶ
226 381 293 406 πᾶσι
312 380 489 415 συνδράσασιν
503 380 533 406 οὐ
548 380 661 415 σμικροὶ
672 381 748 408 πόνοι
759 390 765 397 ·

80 426 207 453 Αἶσοοιτο
220 426 242 452 δ’
257 425 346 452 αὐτῶν
361 425 445 460 δῆμος
461 425 590 461 ὑϐριστὴς
609 426 691 458 ἄπας,

84 472 119 497 'H
133 479 175 497 τοι
188 471 313 502 θανόντος
323 491 331 502 ,
349 471 364 506 ἢ
381 470 448 504 φάος
459 471 625 506 δεδορκότος,

81 516 136 546 Οὓς
151 517 226 551 νᾶμα
238 516 322 551 πυρὸς
333 514 409 547 αὖθις
423 516 593 548 ὑποδέξεται.

88 561 193 597 ’(Ιροῶς
206 562 330 588 λέλεκται
345 561 430 596 μῦθος
444 562 562 597 ἀψευδὴς
583 561 626 588 ὅδε
637 569 643 576 ·

82 609 138 636 260
157 609 260 639 Ἀκου’,
276 608 370 639 Ἰούδα,
389 607 443 634 σῶν
458 607 551 634 κακῶν
566 607 742 640 κατάστασιν,

83 655 139 680 Καί
149 663 190 680 τοι
205 653 334 689 προκόψω
347 655 373 688 γ’
390 654 480 686 οὐδὲν,
494 654 510 688 ἢ
532 654 632 688 σκῆψιν
652 654 745 689 μόνην.

83 701 120 727 Οὐ
135 700 191 736 γὰρ
203 700 268 732 Θεός
285 709 314 726 σε
331 701 479 736 σωφρονεῖν
497 700 664 734 ἀναγκάσει”

89 746 132 774 Ἑν
143 748 178 782 τῇ
195 747 355 782 προαιρέσει
368 747 396 772 δὲ
409 747 455 772 καὶ
469 745 566 782 γνώμῃ
586 746 688 782 βροτῶν

724 142 899 171 CHRISTUS
918 143 1076 171 PATIENS.

1653 141 1706 170 158

919 202 956 227 Τὸ
967 202 1114 236 σωφρονεῖν
1130 200 1232 227 ἔνεστιν
1243 201 1283 232 εἰς
1300 201 1333 227 τὰ
1348 200 1425 227 πάντ’
1439 201 1491 227 ἀεί.
1505 210 1514 226 ι

919 247 972 274 265
991 247 1072 273 Ταῦτ’
1090 244 1166 272 εἶπεν
1176 266 1183 277 ,
1201 247 1251 272 οὐκ
1264 243 1313 271 οἶδ’
1326 245 1440 279 ἄγγελός
1454 254 1495 277 τις
1511 246 1528 280 ἢ
1545 244 1639 281 βροτὸς

920 292 992 328 Πρὸς
1005 293 1085 319 αὐτὸν
1095 312 1102 323 ,
1122 291 1159 323 ὡς
1173 292 1282 327 εἴρηκα,
1301 291 1345 318 τὸν
1360 291 1548 326 Λογοπράτην.

956 338 1056 364 Θεοτό.
1074 335 1109 363 Ὦ
1124 339 1190 371 γαῖα
1207 338 1293 372 μῆτερ
1304 356 1311 368 ,
1332 337 1408 372 ἡλίου
1420 337 1443 362 τ“
1459 336 1623 371 ἀναπτυχαὶ,

917 383 987 410 Οἶων
1002 383 1088 417 λόγων
1101 383 1220 418 ἆρῤητον
1233 382 1369 417 ale-ﬁmus"
1385 382 1455 408 ῦπαι

917 428 982 463 Τάχ’
998 428 1028 460 ἐξ
1041 427 1140 454 ὀπαδοῦ
1153 428 1255 463 δρᾶμα,
1273 428 1336 459 Παῖ,
1353 426 1520 462 κατηρτύθη,

917 474 970 501 270
987 474 1035 500 Ὃν
1051 473 1181 504 πολλάκις
1196 472 1300 505 ἔδειξας
1315 472 1435 507 αἰνιγμῷ
1449 472 1535 506 φίλοις
1547 481 1553 487 ι

918 520 956 546 Οὐ
970 520 1024 555 γάρ
1040 520 1064 545 α’
1082 519 1159 546 ἔλαϐε
1171 518 1248 544 τῶνδ’
1265 518 1294 550 ὃς
1313 518 1398 549 αἴτιος
1412 518 1516 545 κακῶν.

925 562 960 590 Ὦ
972 564 1142 597 παγκάκιστε
1152 584 1159 595 ,
1175 563 1253 590 τοῦτο
1263 563 1317 598 γάρ
1332 564 1356 588 σ¹
1369 564 1455 590 εἰπεῖν
1471 563 1534 598 ἔχω,

920 610 956 635 Σὺ
972 609 1048 636 ταῦτ’
1060 609 1175 643 ἔδρασας
1185 629 1192 640 ,
1212 609 1257 635 σὸν
1271 609 1386 644 προδοὺς
1405 609 1568 644 εὐεργέτην

920 655 957 681 Σὰ
970 654 1066 687 ταῦτα,
1079 656 1174 690 δαῖμον
1184 664 1191 670 ·
1204 654 1245 686 τίς
1259 655 1314 690 γὰρ
1327 655 1360 681 ἂν
1374 655 1454 686 ἄλλος
1469 654 1533 681 ποτὲ

919 700 972 727 275
988 700 1127 736 Ἔδρασεν,
1146 701 1162 735 ἢ
1177 700 1304 735 βούλευσε
1314 700 1449 735 δυσμενὴς
1463 700 1549 735 ἀνήρ;

921 744 1022 771 Ὀλοιθ¹
1040 747 1054 772 ὁ
1065 745 1166 781 δράσας
1179 754 1185 760 ·
1200 746 1216 781 ὴ
1233 745 1294 780 δίκη
1306 745 1328 771 δ’
1339 745 1493 780 ἐφίσταται,

337 825 403 860 Ejus
415 824 520 850 lucrum
538 823 565 850 in
582 823 725 859 tyrannide
737 823 809 860 liaud
823 823 941 858 positum
960 827 1015 860 est.

337 858 458 894 crepans
468 859 540 886 enim
552 858 667 893 turpiter
683 859 801 893 pessima
819 866 928 893 rumpes
944 858 1058 885 viscera.

340 891 437 922 Verum
450 902 536 928 neque
552 891 665 921 eatenus
680 891 736 920 lucc
749 899 828 920 erunt
838 891 889 928 (ne;
903 894 951 920 libi
969 900 1084 928 usquam
1098 891 1164 919 illud
1179 891 1368 926 persuadeas),

338 929 466 956 Adbuete
480 932 507 955 ct
522 930 670 956 sceleratos
684 929 754 955 bella
768 932 889 959 manent,

338 965 392 991 255
409 963 440 990 Et
454 971 549 990 omnes
560 964 686 990 conscios
701 963 769 989 mala
781 963 960 996 gravissima.

338 999 404 1031 Qua:
415 999 513 1026 sentiet
525 999 615 1026 innuis
631 999 707 1032 plebs
722 1003 860 1033 proterva,

340 1030 403 1061 Sive
419 1042 480 1060 cum
493 1039 616 1061 mortuus
631 1030 712 1060 i‘ucrit
723 1030 861 1065 Christus,
877 1033 934 1060 sive
948 1040 1010 1060 cum
1025 1032 1114 1060 lucem
1135 1030 1274 1061 redivivus
1297 1031 1452 1068 aSpexcrit,

338 1069 426 1102 Quam
440 1068 568 1103 deinceps
583 1069 654 1103 ignis
673 1068 771 1095 lluvius
787 1068 912 1102 excipiet.

340 1103 422 1131 Recte
439 1103 540 1130 editum
559 1108 601 1130 est
618 1104 690 1130 istud
708 1103 849 1130 infallibile
860 1103 1017 1130 oraculum:

339 1139 392 1165 260
406 1138 487 1169 Audi,
505 1137 584 1169 .Iuda,
602 1142 702 1165 statum
719 1142 827 1165 tuorum
845 1138 991 1168 malorum,

340 1173 401 1200 Etsi
416 1173 482 1200 niliil
495 1174 645 1208 prolieiam,
664 1173 716 1199 nisi
731 1172 804 1207 quod
820 1173 1024 1200 excusationem
1041 1172 1166 1200 habeam.

340 1208 433 1243 Neque
443 1208 514 1235 enim
531 1208 602 1235 Deus
616 1212 642 1235 te
657 1208 690 1234 ad
707 1208 843 1235 saniorem
860 1212 978 1235 mentem
997 1212 1076 1243 coget
1093 1217 1099 1236 :

340 1243 427 1270 Penes
444 1244 584 1270 arbitrium
599 1247 625 1270 et
640 1243 806 1270 voluntatem
827 1243 982 1270 mortalium

341 1278 442 1312 Sapere
454 1282 613 1312 estsemper
629 1278 662 1304 ad
677 1278 777 1304 munia.
797 1286 806 1302 ι

340 1310 394 1340 263
409 1313 470 1340 Ηίθο
483 1310 605 1348 protulit,
618 1313 736 1348 angelus
747 1321 781 1339 an
798 1313 890 1344 homo,
908 1313 1053 1346 incertum,

341 1348 381 1375 Ad
397 1347 487 1378 hunc,
496 1352 524 1374 ut
534 1348 602 1380 dixi,
616 1347 695 1374 Verbi
710 1348 889 1374 venditorem.

339 1389 357 1418 δέ
376 1382 453 1416 Deip.
472 1382 494 1410 Ο
513 1387 585 1409 terra
603 1386 699 1414 mater,
712 1384 828 1417 etelique
843 1382 937 1418 plagae,

342 1417 468 1450 Qualium
482 1425 638 1445 sermonum
656 1417 794 1444 infandam
807 1418 897 1444 audivi
913 1419 1023 1445 voceml

342 1452 426 1488 Forte
442 1454 476 1479 ab
487 1453 533 1480 illo
546 1453 691 1486 discipulo,
707 1451 767 1482 Fili.
785 1452 889 1479 facinus
904 1457 1088 1488 perpetratum
1104 1457 1157 1486 est,

342 1487 395 1523 370
411 1487 495 1520 Quem
516 1495 586 1522 szepe
602 1488 708 1515 dilectis
719 1488 835 1514 obscure
849 1487 1016 1523 designasti;

342 1522 435 1557 Neque
450 1523 522 1550 enim
543 1527 568 1550 te
585 1523 673 1554 latuit,
691 1523 754 1557 quis
772 1526 865 1549 auctor
881 1528 954 1550 esset
969 1523 1113 1550 tnalorum.

342 1557 365 1592 Ο
381 1558 557 1592 nequissime.
570 1557 693 1585 sie-enim
713 1562 738 1584 te
752 1565 766 1583 a

788 1557 888 1591 pellare
902 1565 984 1592 queo,

342 1565 365 1584 υ
381 1565 557 1592 nequissime.
570 1565 693 1585 sneenim
713 1565 738 1584 te
752 1565 888 1618 appellare
902 1565 984 1592 queo,

342 1591 406 1620 Haac
425 1593 523 1623 fecisti,
539 1600 601 1619 cum
615 1597 688 1619 tuum
697 1592 764 1619 bene
777 1596 896 1619 actorem
910 1591 1062 1627 prodideris
1076 1601 1083 1620 :

342 1627 462 1659 Daemon,
480 1633 525 1654 tua
539 1627 595 1654 hinc
610 1632 673 1654 sunt
688 1636 695 1659 ;
708 1627 769 1661 quis
784 1628 854 1654 enim
870 1635 989 1662 unquam
1002 1628 1072 1655 alius

340 1662 394 1690 275
408 1662 537 1694 Fecisset,
555 1666 684 1689 auctorve
700 1663 795 1690 luisset
811 1662 957 1689 inimicus?

341 1696 437 1724 Pereat
454 1701 549 1725 auctor
561 1697 690 1724 sceleris:
707 1697 830 1724 imminet
845 1702 935 1725 autem
950 1697 1087 1730 vindicta,

124 1751 178 1789 25I
193 1751 286 1779 Τοῦδε
296 1752 389 1787 λῆμμ’
401 1753 479 1789 Eng
483 1753 548 1788 Reg.
559 1753 628 1779 τοῦδ’
640 1753 690 1788 ἔφυ
702 1753 808 1789 λῆμμα.
821 1752 875 1780 Sed

89 1785 227 1814 claudicat
248 1785 375 1814 metrum.
400 1785 445 1815 sic
461 1785 552 1823 Eurip.
573 1785 666 1816 Creon
680 1785 778 1817 Medeae
793 1795 874 1824 repo-

90 1822 131 1848 nit
147 1829 216 1849 vers.
230 1822 283 1849 548
298 1832 304 1849 ;

90 1826 131 1848 nit
147 1829 216 1849 vers.
230 1826 283 1849 548
298 1832 304 1849 ;

144 1857 262 1894 ’ᾟκιστα
278 1857 378 1893 τούμὸν
393 1857 478 1894 λῆμμ’
492 1858 541 1893 ἔφυ
555 1859 724 1894 τυραννικόν.

144 1891 256 1919 Animus
269 1891 339 1919 meus
354 1891 460 1920 minime
475 1891 517 1920 est
530 1891 692 1921 turuimicua.

125 1926 178 1953 257
196 1928 230 1954 Ἦ
246 1935 290 1954 τοι
303 1928 458 1962 θανόντος,
474 1934 527 1955 etc.
540 1926 615 1963 Legit
631 1928 811 1956 Combeiisius
825 1928 874 1955 θα-

89 1961 192 1998 νόντες,
214 1962 426 1998 ειᾉδεδορκότες,
447 1964 500 1990 sive
523 1961 630 1994 morini,
645 1965 697 1991 sive
712 1965 778 1991 lucis
794 1972 876 1990 usura

90 1997 218 2034 fragiles.
234 1996 400 2034 Minius'rbene
416 1999 520 2034 Boilla:
537 1998 606 2025 Solus
622 1999 847 2034 wlernumjubar.

126 2031 180 2058 260
195 2033 304 2064 'Axov‘,
322 2033 424 2060 Ἰούδα.
440 2033 476 2060 Ita
488 2033 597 2067 Hippol.
608 2042 679 2062 vers.
694 2031 762 2061 I'Zlili
775 2035 876 2062 chorus

91 2065 228 2094 Theseum
247 2068 279 2094 de
293 2068 372 2095 malis
386 2069 443 2096 suis
462 2065 604 2096 certiorem
621 2069 695 2096 lacit.

126 2101 177 2138 26l
195 2102 229 2128 Ἦ
241 2101 369 2138 σκῆψιν.
381 2108 435 2130 etc.
450 2103 511 2130 Nisi
526 2109 626 2130 tantum
639 2109 667 2130 ut
677 2105 759 2138 o/Iicio
770 2104 876 2138 functus

91 2137 192 2168 ridear,
209 2137 247 2163 rel
263 2146 392 2165 moneam.
416 2139 507 2166 Minus
531 2145 655 2166 accurate
670 2137 751 2166 licill.
769 2137 775 2166 ἐ
796 2139 878 2166 Verba

91 2171 161 2214 πυρί
167 2169 268 2214 printer
277 2174 357 2214 perit.

127 2206 180 2233 262
196 2208 237 2233 Οὐ
252 2206 307 2242 γὰρ
323 2208 404 2240 Θεός,
420 2212 473 2235 etc.
495 2208 556 2236 IIa'e
570 2209 686 2236 mutatio
702 2209 814 2243 requirit
833 2208 874 2235 ai-

91 2241 185 2269 tlatuiu
202 2241 306 2277 gratiae,
323 2250 374 2270 nec
388 2243 466 2271 aliter
480 2245 507 2271 in
524 2249 617 2271 nostra
631 2241 767 2272 voluntate
777 2249 804 2271 et
815 2244 875 2270 ani-

927 1762 971 1781 ma
987 1758 1030 1782 est
1052 1762 1148 1789 sapere
1169 1762 1201 1781 ac
1220 1754 1392 1789 resipiscere,
1410 1754 1540 1789 quidquid
1561 1759 1655 1780 auctor
1673 1752 1713 1779 vi-

927 1789 1024 1851 gpa‘tur
1048 1790 1159 1818 sentire.
1187 1789 1371 1825 Combeﬁsius.
1390 1789 1430 1817 Ita
1447 1790 1502 1816 l'erc
1519 1789 1615 1816 Bacch.
1639 1797 1711 1816 vers.

983 1844 989 1851 .
1002 1830 1056 1851 etc.

963 1825 989 1854 4,
1002 1830 1056 1853 etc.

963 1859 1016 1895 267
1030 1858 1062 1886 Ὦ
1079 1860 1146 1895 γαῖα
1157 1859 1261 1894 μῆτερ,
1278 1863 1332 1887 etc.
1352 1859 1390 1895 Ita
1407 1859 1541 1894 IIippolyt.
1562 1867 1632 1886 vers.
1649 1858 1711 1889 601.

928 1894 991 1926 60⁸1,
1008 1894 1142 1922 exclamat
1163 1897 1198 1921 ob
1218 1896 1352 1922 incestum
1378 1894 1497 1921 Plizedrie
1514 1902 1631 1920 amorem
1651 1898 1711 1920 stu-

927 1929 1061 1964 pefactus.
1078 1930 1143 1957 Ibid.
1160 1931 1248 1963 ἡλίου
1267 1931 1291 1956 τ’
1308 1929 1713 1963 ἀναπτυχιιί,ειι>1ἱριαῃω,ἰηι-

929 1963 1034 1992 inemus
1049 1966 1187 1997 circuitus,
1212 1965 1275 1991 solis
1299 1965 1450 1998 explicatio,
1468 1973 1525 1999 quw
1539 1971 1641 1990 natura:
1659 1963 1713 1990 the-

929 2008 1023 2027 sauros
1038 2001 1162 2034 explicat,
1180 2000 1238 2034 gelu
1252 2005 1374 2026 concreta
1387 2001 1474 2026 calore
1488 2001 1626 2030 resolvens,
1642 2005 1695 2026 etc.

963 2035 1016 2062 270
1029 2035 1090 2062 Ὃν.
1107 2035 1235 2062 Mendose
1252 2035 1326 2067 editi,
1343 2035 1368 2062 ὅ.

963 2069 1012 2097 271
1036 2071 1077 2096 οὐ
1093 2070 1148 2104 γάρ
1167 2071 1196 2096 σ¹
1212 2070 1310 2102 ἔλαθε,
1329 2075 1381 2096 etc.
1396 2069 1435 2096 Ita
1456 2069 1558 2101 Medea,
1573 2076 1645 2096 vers.
1659 2067 1713 2095 332

929 2103 1022 2132 Jovem
1036 2103 1199 2139 deprecatur
1213 2113 1220 2131 :

982 2138 1098 2175 Ζεῦ,.μὴ
1115 2139 1191 2166 λάθοι
1208 2148 1237 2165 σε
1254 2139 1330 2165 τῶνδ’
1345 2139 1374 2171 ὃς
1393 2139 1476 2171 αἴτιος
1487 2138 1589 2166 κακῶν.

981 2173 1098 2209 Jupiter,
1121 2183 1172 2202 non
1197 2174 1278 2202 lateat
1304 2180 1326 2201 te
1352 2175 1374 2201 is
1398 2175 1441 2209 qui
1461 2179 1553 2244 auclpr
1570 2179 1607 2235 εῗι
1621 2173 1713 2199 horum

1538 2218 1578 2234 "Ill
1593 2217 1678 2235 arum.

1538 2217 1678 2235 llltlllll‘unl.

964 2243 1018 2270 272
1033 2242 1067 2271 Ὠ
1088 2244 1285 2278 παγκάκιστε,
1298 2248 1351 2271 etc.
1368 2242 1434 2271 Ibid.
1449 2242 1596 2271 vcrs.'465.

733 2301 900 2331 METRICA
913 2299 1062 2330 VERSIO.

92 2360 154 2397 Vim
167 2360 268 2397 sancit.
282 2368 296 2388 a
310 2368 364 2396 quo
375 2362 411 2388 sit
427 2362 519 2397 procul
532 2362 671 2397 tyrannica

91 2396 189 2431 Omnis
204 2396 286 2424 libido
302 2405 309 2422 :
326 2396 465 2431 ruptus’et
480 2396 630 2424 l'mdissime

93 2430 182 2467 Etiam
196 2430 255 2467 ipsa
272 2430 381 2466 rumpes
397 2433 503 2459 viscera
518 2433 623 2459 medius
636 2439 768 2467 crepans,

93 2466 148 2502 ξω
161 2466 215 2502 ista
235 2465 281 2502 (ne
296 2470 324 2493 tu
335 2465 410 2494 Torte
430 2468 477 2494 tibi
491 2467 667 2502 persuadeas)

92 2500 153 2528 Non
174 2501 215 2528 sic
229 2501 342 2528 abibunt
356 2511 363 2528 :
379 2505 406 2529 te
418 2507 444 2529 et
459 2500 521 2530 tuos
541 2502 629 2530 adhuc
648 2500 758 2529 manent

93 2535 175 2563 Viros
189 2540 321 2563 cruentos
337 2536 419 2567 bella.
439 2539 566 2565 conscios
584 2542 676 2564 manet

93 2570 193 2606 Ingens
208 2571 360 2603 calamitas,
375 2580 455 2606 quam
467 2573 583 2600 scelesta
599 2573 698 2599 sentiet

92 2605 173 2641 Plebs
187 2606 289 2638 omnis,
304 2606 362 2633 sive
375 2605 497 2634 mortuos
513 2607 633 2635 tumulus
645 2610 732 2641 tegat,

95 2640 159 2668 Sive
173 2641 312 2668 intuentes
325 2641 392 2669 solis
403 2645 535 2669 azternum
552 2642 633 2676 jubar
642 2662 648 2674 ,

94 2676 169 2709 Quos
185 2676 297 2710 rapidus
316 2677 386 2711 ignis
404 2677 532 2711 corripiet
543 2677 577 2710 Win
593 2681 743 2711 posterum.

95 2711 152 2738 Vox
168 2711 213 2738 illa
227 2717 301 2738 certo
316 2711 393 2739 [luxit
404 2719 437 2738 ex
452 2713 582 2739 oraculo:

95 2746 206 2778 Audito,
224 2745 304 2778 Juda,
322 2747 384 2780 quis
402 2747 442 2773 tui
454 2747 595 2774 infortunii

97 2781 190 2816 titatus
206 2782 253 2813 sit,
270 2786 298 2808 at
309 2782 355 2816 qui
368 2782 449 2809 verba
460 2782 498 2808 nil
514 2787 609 2816 praeter
626 2781 713 2815 perit;

96 2815 160 2851 Nam
172 2821 209 2848 te,
226 2821 255 2843 ut
271 2815 401 2851 resipias,
419 2825 472 2843 non
493 2815 563 2844 Deus
581 2817 716 2850 coegerit:

98 2850 248 2880 Mortalium
264 2850 341 2880 mens
357 2852 416 2880 sola
429 2859 489 2888 qua:
501 2859 529 2880 re
541 2852 567 2879 in
582 2852 700 2887 qualibet

887 2365 909 2392 Β
924 2361 1020 2397 Libero
1035 2367 1106 2397 agat,
1120 2367 1146 2389 et
1163 2369 1270 2396 semper
1281 2361 1402 2389 modeste
1415 2361 1523 2395 deligat.
1547 2371 1556 2387 ι

930 2396 993 2423 Haec
1010 2396 1143 2424 venditori
1159 2398 1200 2431 (ut
1216 2397 1307 2431 retuli)
1324 2397 1415 2427 Verbi.
1429 2397 1558 2430 Angelus,

930 2432 1078 2462 Incertum,
1101 2439 1135 2458 an
1153 2432 1233 2458 homo
1250 2432 1312 2466 quis
1331 2433 1440 2463 dixerit,
1456 2432 1524 2458 dixit
1541 2436 1641 2458 tamen.

964 2467 1040 2500 Deip.
1056 2466 1170 2502 Parens,
1185 2473 1202 2492 ο
1214 2467 1304 2499 tellus,
1321 2466 1405 2493 lucidi
1417 2467 1501 2502 plaga:
1515 2466 1635 2502 tetbcris,

929 2500 994 2534 Qua:
1012 2501 1222 2536 vox-nefasque,
1237 2502 1308 2536 quod
1327 2500 1518 2528 incarnaureni
1531 2501 1665 2536 perculit?

929 2535 1050 2563 Potuerit
1066 2536 1139 2564 istud
1154 2535 1173 2562 a'
1185 2537 1222 2563 tui
1241 2535 1346 2563 assecla
1361 2537 1450 2571 gregis

929 2571 1052 2603 Admitti,
1069 2579 1085 2597 0
1103 2571 1164 2602 Fili,
1183 2571 1297 2602 facinus,
1312 2570 1376 2598 oliui
1395 2570 1473 2605 quem
1486 2570 1540 2597 tuis

930 2605 988 2633 Sub
1005 2606 1146 2633 involucro
1157 2606 1331 2633 ostenderis?
1346 2604 1433 2640 neque
1446 2606 1518 2632 enim
1531 2604 1630 2633 artifex

929 2641 1032 2668 Horum
1047 2642 1179 2668 malorum
1197 2645 1222 2668 te
1236 2641 1315 2667 latuit
1330 2648 1461 2675 unquam.
1471 2640 1607 2675 Improbe,

930 2676 1079 2711 scelerate,
1096 2683 1214 2710 namque
1234 2676 1260 2702 id
1276 2676 1360 2702 libere
1376 2676 1409 2711 de
1424 2679 1450 2702 te
1464 2684 1535 2711 queo

928 2710 1042 2743 Ell‘erre,
1059 2713 1172 2745 patrasti
1186 2712 1252 2743 liree,
1269 2715 1298 2737 ut
1314 2711 1386 2738 hunc
1403 2710 1472 2738 bene
1487 2711 1615 2738 meritum

930 2746 976 2781 Sic
992 2746 1141 2781 proderes?
1156 2749 1202 2772 tua
1216 2747 1313 2781 omnia
1325 2746 1396 2776 haec,
1412 2746 1579 2781 nequissime

929 2779 1049 2812 Dmnion,
1066 2784 1112 2807 tua
1129 2781 1185 2808 haec
1203 2785 1276 2808 sntit.
1292 2780 1358 2807 Nam
1374 2781 1436 2815 quis
1452 2779 1466 2806 Si
1482 2785 1508 2807 te
1523 2787 1575 2807 tam
1593 2779 1679 2808 ferum

930 2815 1081 2850 Dii-umque
1101 2815 1175 2847 fecit,
1192 2817 1232 2843 vel
1249 2816 1340 2842 animo
1355 2816 1466 2850 agitavit
1484 2816 1593 2843 scelus?

930 2850 999 2878 Male
1014 2851 1094 2887 hujus
1112 2855 1217 2885 auctor,
1234 2851 1358 2886 quisquis
1370 2856 1420 2885 est,
1435 2855 1543 2886 pereat;
1572 2856 1661 2878 manet
