1933 3041
228 110 276 138 ΠΙ
655 108 826 136 ΑΡΡΕΝΟΙΧ
843 109 887 136 AD
906 108 934 136 S.
956 108 1119 136 GREGORII

1078 108 1119 136 [ἶΙί
1139 109 1262 136 TllEOL.
1280 109 1446 136 CARIHNA.
1801 109 1852 136 1T2

229 167 281 195 425
295 167 325 193 El
338 167 384 193 καὶ
393 166 461 193 Θεοῦ
473 167 591 202 τολμῶσι
605 169 755 195 τεκταίνειν
775 169 852 202 φόνον
863 178 869 199 ;

228 211 336 239 Καὺτοῦ
349 212 397 247 μὲν
415 211 445 238 οὗ
461 221 505 248 μοι
518 213 626 248 φροντίς
637 222 643 228 ·
663 215 694 240 οὐ
710 214 764 249 γάρ
778 223 828 240 που
850 215 932 249 μόρος

228 258 437 293 Κατακρατήσει
453 258 628 290 θανατοῦντος
640 259 685 285 τὸν
703 259 794 294 μόρον.

229 303 353 329 Ἔτικτον
368 303 458 332 αὐτὴν,
474 301 531 329 οἴδα
545 303 613 335 δ’ὡς
627 304 783 340 ἐγεινάμην,

228 348 348 384 Στερρὰς
364 348 486 383 φυγοῦσα
498 349 552 376 τῶν
564 349 651 376 τόκων
662 350 820 385 ἀλγηδόνας.

227 395 280 421 450
293 395 396 427 Αὐτοὺς
410 394 437 420 δὲ
450 394 540 421 πενθῶ
557 397 682 431 συμφορᾷ
696 396 880 431 κεχρημένους
891 403 898 410 ‘

228 439 324 466 Ἔσται
336 440 401 476 γὰρ,
416 440 491 467 ἔσται
508 441 645 476 ποινάτωρ
656 442 717 477 δίκη
731 442 820 476 φόνου,

229 485 278 511 Ὃν
293 484 434 517 δυσσεϐεῖς
445 486 582 522 τολμῶσιν
598 486 705 522 ἀνόμως
719 486 817 521 φθόνῳ.

227 531 270 562 Δῖ,
283 531 322 563 αἲ,
335 531 374 564 αἳ,
391 531 436 558 α.ἰί

228 577 265 603 Οὐ
281 577 328 603 νῦν
343 578 372 604 τὸ
389 577 506 613 πρῶτον,
524 578 590 604 ἀλλὰ
608 578 735 610 πολλάκις
752 579 847 613 φθόνος

227 623 279 651 διῶ
293 624 413 658 Ἐϐλαψε
427 624 550 656 πολλοὺς,
561 625 592 651 οὐ
603 625 679 651 τόσον
695 625 727 655 δ’,
745 625 804 651 ὅσον
821 625 913 659 φίλους

228 669 324 701 Ᾱὺτοῦ,
336 669 370 696 τὰ
383 669 430 696 νῦν
445 669 568 705 βλάψειεν
585 669 716 705 Ἐϐραίων
730 669 813 704 clm.

263 716 330 748 Xop.
350 716 381 742 Τί
394 716 486 742 τούσδε
502 717 594 747 κινεῖς,
609 715 821 751 κάναμοχλεύεις
836 715 947 749 λόγουςς

1025 173 1048 200 Λ
1065 169 1168 197 Ὀλωλὲ
1185 177 1224 195 σοι
1240 169 1317 201 Παῖς,
1329 169 1376 195 καὶ
1389 169 1471 200 κινεῖς
1487 167 1599 200 πολλοὺς
1611 167 1716 202 λόγους.

1065 215 1163 241 θεοῖό.
1179 212 1213 239 Ὦ
1228 214 1301 239 δεινὰ
1317 213 1416 245 λέξασ’,
1429 213 1676 248 οὐχὶ-συγκλείσεις
1697 211 1800 246 ardua;

1063 261 1116 287 440
1130 259 1243 294 Σωτῆρα
1257 259 1359 293 κόσμου
1373 259 1405 285 σὺ
1423 259 1510 289 δοκεῖς
1524 258 1670 290 almus/at;

1065 307 1132 340 Xop.
1147 306 1236 341 Βραχὺ
1252 305 1377 340 προϐᾶσα.
1390 305 1488 336 Παιδὸς
1504 305 1564 339 ὄψει
1582 313 1627 330 σου
1645 303 1731 338 πάθη,

1066 351 1161 385 Ψυχῆς
1180 349 1272 383 ἀγῶνα
1291 349 1336 375 τὸν
1356 350 1534 385 προκείμενον
1549 349 1611 384 πέρι

1067 396 1223 432 Τρέχοντοςν
1239 393 1261 429 ᾧ
1273 395 1351 427 ζῶντ’
1370 395 1386 430 ἢ
1407 395 1520 422 θανόντα
1530 394 1577 421 νῦν
1591 395 1665 426 ἴδοις.

1067 442 1164 468 Gem-0'.
1181 441 1215 467 Οἵ
1229 442 1288 477 ttat!
1306 442 1332 468 τί
1347 441 1451 467 λεύσσω
1464 450 1471 473 ;
1487 442 1565 477 χερσὶ
1579 441 1632 467 τῶν
1647 440 1816 475 ἀλαστόρων,

1066 488 1118 515 415
1134 487 1266 522 Θεηγενές
1281 496 1325 522 μοι
1339 487 1450 519 Τέκνον,
1466 487 1531 522 ἕλκῃ
1542 487 1588 513 καὶ
1601 486 1682 522 φέρῃ.

1067 533 1237 568 Εἰφδέσματ*
1249 531 1341 568 ἧλοες,
1358 533 1404 559 καὶ
1422 532 1505 558 Θέλων
1523 533 1577 568 ἄγῃ
1594 532 1695 566 σφίσιν,

1073 577 1101 603 '0
1118 577 1281 612 δέσμολύτης
1294 576 1341 603 τοῦ
1357 577 1450 610 γένους
1470 576 1524 602 τῶν
1537 577 1665 612 δεσμίων.

1067 623 1110 655 Δί,
1125 624 1162 653 αἲ.
1180 624 1218 655 αἲ,
1231 623 1275 650 αἵῑ

1068 669 1147 695 Ταῦτ’
1162 670 1192 695 οὺ
1209 669 1312 701 ξυνωόὰ
1326 671 1381 700 τοῖς
1397 670 1459 705 πρὶν
1469 668 1582 703 ἀγγέλου
1597 668 1695 702 λόγοις,

1067 715 1119 742 450
1136 717 1196 742 Οὐδ’
1210 715 1298 742 ἐλπίσι
1310 716 1441 751 σύμφωνα
1457 717 1516 747 ταῖς
1533 717 1622 750 ἐμαῖς,
1634 715 1744 741 Τέκνον.

482 805 534 832 4:25
554 806 581 833 Si
599 806 645 833 Dei
664 805 750 840 ipsius
764 814 857 834 necem
878 807 978 833 audent
991 807 1114 833 struere?

481 840 539 876 Non
555 842 626 868 enim
642 841 676 868 de
690 842 750 875 ipso
764 849 824 869 sum
839 842 973 872 sollicita;
992 849 1081 876 neque
1092 841 1165 868 enim
1185 848 1304 876 unquam
1324 847 1397 868 mors

482 875 672 903 Dominabitur
688 877 764 903 necis
779 877 954 904 interfectori.

481 909 571 946 ipsum
586 911 677 946 genui,
693 911 754 938 novi
770 915 859 938 autem
873 917 1008 946 quomooo
1025 918 1176 944 genuernn,

481 945 548 978 Quae
564 946 648 973 duros
667 949 760 980 partus
773 945 1034 981 dolores’eﬂ'ugerim
1051 953 1056 970 :

481 981 534 1008 450
554 981 608 1008 Hos
624 982 704 1015 lugeo
714 982 913 1008 calamitatibus
926 981 1080 1008 obruendos
1097 988 1104 1006 :

481 1016 540 1043 Erit
554 1018 639 1045 enim.
654 1016 707 1042 erit
724 1016 790 1042 ultio
805 1016 901 1044 vindex
920 1017 1027 1047 mortis.

481 1051 574 1087 Quam
588 1051 661 1087 impii
677 1051 778 1087 injusta
792 1051 892 1078 invidia
908 1051 1002 1087 perciti
1019 1051 1164 1077 intentant.

481 1086 533 1119 Ah,
551 1086 596 1118 ab,
613 1086 658 1116 ah,
673 1086 723 1112 ah!

481 1121 585 1156 Invidia
596 1128 650 1147 non
662 1128 734 1148 nunc
753 1121 880 1156 primum,
899 1125 926 1148 at
941 1122 1040 1156 saepius

481 1156 535 1183 455
554 1155 682 1183 Pluribus
699 1156 804 1187 nocuit,
821 1157 869 1184 sed
881 1164 936 1183 non
952 1155 1006 1183 tam
1024 1155 1154 1190 graviter,
1171 1162 1202 1181 ac

482 1191 591 1226 Dilectis
608 1191 676 1226 suis,
693 1191 867 1218 Hebraeorum
887 1192 961 1226 genti
976 1191 1079 1218 nocuit.

517 1225 597 1253 Chor.
616 1225 685 1261 Quid
703 1226 785 1253 hosce
804 1225 907 1257 moves}
928 1234 959 1253 ac
977 1227 1069 1261 rejicis
1085 1225 1242 1254 sermones?

481 1259 565 1287 Periit
579 1261 628 1288 tibi
643 1259 738 1292 Filius,
758 1265 785 1288 et
799 1261 875 1295 plura
893 1262 975 1289 verba
992 1259 1101 1288 moves?

483 1295 558 1330 Deip.
579 1295 601 1323 0
614 1296 717 1322 atrocia
730 1296 830 1328 locuta,
845 1303 900 1323 non
919 1297 1030 1324 claudes
1045 1297 1097 1324 os?

481 1330 534 1357 MO
553 1330 824 1358 Mundi‘salvatorem
841 1336 920 1365 putas
937 1332 1074 1359 interiisse
1083 1331 1094 1358 ’ἶ

483 1365 564 1405 ghqr.
579 1365 725 1405 Paululum
741 1373 894 1405 progressa,
906 1366 955 1405 _tui
973 1366 1034 1405 ‘Filii
1052 1370 1191 1394 cructalus
1207 1366 1321 1397 videbis.

483 1401 535 1440 Qui
554 1400 588 1440 ad
600 1400 773 1440 propositum
786 1400 883 1440 animze
897 1401 1044 1429 discrimen

481 1435 626 1471 Currittin
641 1443 696 1471 quo
709 1435 799 1471 ipsum
809 1436 898 1463 vivum
916 1441 963 1463 aut
981 1442 1116 1463 mortuum
1134 1444 1207 1463 nunc
1219 1435 1330 1463 videris.

481 1470 627 1506 Deipnﬂiei
641 1470 719 1506 milii!
736 1470 802 1506 quid
817 1471 918 1498 video?
936 1471 1130 1498 sceleratorum
1145 1472 1281 1504 manibus,

481 1505 536 1532 445
555 1505 577 1533 0
592 1505 671 1539 Nate,
687 1505 742 1532 Deo
755 1506 855 1540 genite,
869 1506 986 1533 traheris
998 1511 1025 1533 et
1041 1507 1155 1540 raperis.

481 1540 510 1567 In
525 1541 635 1568 vincula
652 1541 760 1572 venisti,
775 1541 873 1575 quibus
886 1542 957 1568 ultro
977 1541 1097 1573 duceris,

481 1575 522 1604 Tu
537 1577 583 1611 qui
601 1576 772 1611 captivorum
786 1576 894 1611 generis
910 1577 1019 1603 vincula
1035 1576 1150 1604 solvisti.

480 1611 534 1642 Ah,
549 1611 595 1643 ah,
608 1611 652 1642 ah,
670 1611 719 1637 ah!

481 1645 544 1673 Haec
557 1654 612 1673 non
627 1646 804 1673 consentiunt
817 1653 880 1673 cum
896 1645 1033 1680 prioribus
1047 1646 1135 1680 angeli
1153 1645 1334 1677 sermonibus,

480 1680 532 1708 450
548 1681 641 1716 Neque
655 1681 723 1708 meis
736 1684 886 1709 consonant
899 1681 1156 1716 exspectationibus,
1177 1689 1192 1708 0
1206 1680 1266 1708 Fili.

260 1769 311 1798 4‘26
330 1768 446 1797 Καὺτοῦ
455 1768 513 1803 μὲν
526 1768 562 1795 οὐ
578 1776 628 1803 μοι
644 1768 776 1802 φροντίς.
789 1767 834 1795 Sic
853 1767 922 1794 Med.
940 1775 1013 1794 vers.

229 1807 388 1882 ιιώἸὶοὐμωῠ
403 1845 457 1880 γὰρ
471 1844 501 1872 οὔ
521 1853 566 1880 μοι
581 1845 699 1881 φροντίς.

283 1889 344 1917 Non
354 1891 422 1917 enim
435 1890 467 1917 de
482 1898 522 1916 me
535 1898 593 1916 sum
604 1889 731 1916 sollicita.

264 1933 316 1960 128
324 1934 461 1960 Ἐτικτον
474 1932 578 1963 αὐτόν,
593 1935 646 1958 etc.
659 1930 710 1958 llic
719 1938 815 1958 versus
830 1931 928 1966 saepius
939 1930 1008 1966 apud

230 1973 372 1995 auctorem
384 1971 512 1994 nostrum
529 1967 658 1994 recurrit.

264 2003 316 2030 4‘29
334 2003 462 2037 Στερῤἁς
475 2002 625 2037 φυγοῦσα,
648 2005 701 2029 etc.
717 1999 755 2027 Ita
775 2000 831 2028 fere
853 1999 921 2027 Med.
938 2007 1008 2027 vers.

231 2038 401 2119 ωόἑτεῤῥὰς
410 2082 551 2119 Δἐνεγκοῦιῖ⁷
562 2083 591 2108 ὲν
607 2082 694 2119 τόκοις
709 2082 868 2116 ἀλγηδόνας.

282 2117 381 2145 Feieits
397 2117 478 2146 duros
493 2117 597 2144 dolores
615 2118 643 2144 in
657 2121 746 2151 partu.

1103 1766 1157 1794 457
1173 1767 1204 1794 Τί
1217 1768 1326 1794 τούσδε
1341 1767 1442 1800 κινεῖς,
1456 1771 1508 1794 etc.
1526 1767 1563 1794 Ita
1579 1773 1639 1800 sup.
1655 1773 1726 1794 vers.
1745 1765 1806 1794 121.

1103 1802 1154 1829 459
1170 1800 1203 1828 Ὦ
1221 1802 1315 1834 δεινὰ,
1332 1807 1386 1830 etc.
1405 1804 1443 1829 lta
1455 1810 1536 1834 supra
1549 1809 1619 1828 vers.
1637 1802 1698 1828 111.

1101 1838 1150 1864 Ml
1162 1837 1254 1871 Πάθη.
1268 1837 1417 1869 Cruciatus,
1430 1835 1527 1864 etc.ita
1537 1836 1593 1864 fere
1602 1835 1674 1863 Med.
1687 1844 1759 1864 vers.
1771 1836 1848 1868 l5l5,

1067 1872 1168 1900 chorus
1182 1871 1310 1899 Jasonem
1329 1873 1477 1907 alloquitur
1491 1882 1498 1900 :

1119 1918 1209 1949 Πύλας
1224 1918 1341 1950 ἀνοίξας,
1359 1917 1411 1944 σῶν
1427 1917 1529 1944 τέκνων
1542 1917 1602 1952 ὄψει
1615 1918 1704 1952 φόνον.

1117 1953 1195 1986 Aperi
1207 1953 1286 1988 fores,
1302 1958 1326 1980 et
1338 1952 1435 1988 uidebis
1446 1953 1543 1980 ccedam
1557 1957 1663 1988 tuorurm
1677 1952 1831 1988 liberorum.

1103 1986 1253 2051 ιιθίξὸιξττ
1271 1989 1307 2015 οὐ
1331 1987 1451 2020 ξυνῳδὰ
1465 1987 1537 2020 τοῖς,
1559 1992 1612 2014 etc.
1633 1987 1670 2014 Ita
1695 1987 1751 2015 fere
1777 1986 1846 2014 Μεά.

1103 2032 1133 2049 ‘s.
1236 2032 1243 2050 :

1063 2031 1133 2050 vers.
1149 2024 1220 2050 1008
1236 2032 1243 2050 :

1113 2068 1175 2095 Τάδ¹¹
1190 2068 1220 2095 οὐ
1235 2068 1339 2101 ξυνῳδὰ
1352 2069 1436 2094 τοῖσιν
1452 2067 1671 2103 ἐξηγγελμένοις.

1117 2114 1182 2141 Ηωσ
1194 2123 1246 2142 ηοη
1260 2114 1426 2141 consentiunt
1439 2122 1499 2141 cum
1514 2113 1569 2140 illis
1584 2121 1643 2149 qua
1653 2114 1778 2141 numiavi
1790 2113 1847 2140 tibi.

878 2218 1045 2248 METRICA
1061 2217 1210 2247 VERSIO.

230 2323 317 2351 Audet
333 2323 448 2352 scelesta
462 2323 486 2351 si
501 2322 548 2350 Dei
560 2323 662 2350 lctbum
679 2321 780 2349 manu?

231 2359 286 2386 Sed
296 2359 378 2393 hujus
391 2359 445 2385 ulla
460 2366 526 2386 cura
538 2365 593 2385 non
607 2358 686 2384 habet
698 2357 818 2387 anxiam,

231 2393 303 2421 Mors
323 2395 412 2422 vincet
427 2393 504 2420 illum
517 2393 601 2424 nulla,
616 2393 662 2427 qui
677 2396 791 2419 mortem
809 2395 895 2427 necat.

231 2428 317 2456 Enixa
333 2438 392 2456 sum
411 2428 497 2460 illum,
513 2428 560 2455 sed
574 2426 632 2455 scio
648 2434 765 2461 quonam
781 2426 871 2458 modo,

230 2463 327 2491 Partus
338 2464 448 2491 dolores
462 2470 522 2498 qua:
534 2470 629 2498 graves
643 2461 791 2498 ell'ugerim,

230 2498 286 2526 llos
297 2496 480 2526 calamitosos
488 2496 566 2532 lugeo
577 2501 681 2524 tantum
693 2496 802 2531 impios,

230 2533 304 2566 Quos
322 2534 403 2561 caedis
422 2534 512 2567 hujus,
521 2531 609 2567 quam
625 2532 728 2559 nefarie
745 2531 830 2558 invidi

229 2568 307 2596 Nunc
322 2569 486 2600 moliuntur,
502 2568 570 2596 ultio
585 2567 684 2594 vindex
699 2569 799 2593 manet.

228 2604 281 2635 Ab,
299 2603 344 2636 ah,
362 2603 407 2635 ah,
420 2604 472 2630 ait!

229 2637 332 2665 Invidia
347 2645 401 2664 non
418 2646 491 2665 nunc
505 2637 635 2672 primum,
650 2639 677 2663 at
693 2636 760 2663 alias
775 2636 875 2670 saepius

229 2672 346 2700 Ol‘lcndit
359 2671 528 2704 innumeros,
541 2676 633 2699 tamen
647 2679 702 2698 non
717 2676 770 2697 tam
783 2671 859 2705 gravi

229 2707 321 2742 Plaga,
334 2715 366 2735 ac
376 2709 478 2734 amicos
492 2708 548 2742 jam
566 2714 638 2738 suos,
654 2706 790 2734 Hebraicae

229 2742 354 2777 Ollcndet
369 2743 414 2769 illa
428 2746 543 2777 posterae
558 2742 651 2776 stirpis
664 2749 759 2776 genus.

264 2776 344 2805 Chor.
362 2776 436 2810 Quid
446 2777 495 2804 ista
508 2777 589 2804 verba
603 2777 700 2811 spiritu
716 2781 792 2803 tanto
807 2784 908 2809 moves,

231 2812 377 2848 Set-isque?
390 2812 469 2848 periit
483 2812 570 2840 Filius
585 2812 643 2844 tibi,
659 2815 685 2839 et
700 2816 788 2839 tamen

1026 2324 1047 2351 Β
1062 2320 1128 2347 Tam
1154 2319 1249 2346 crebra
1271 2319 1370 2355 jactas.
1396 2319 1470 2354 Deip.
1494 2319 1550 2347 Vox
1575 2327 1591 2347 ο
1607 2319 1666 2346 dira
1689 2319 1843 2355 qmeexci-

1753 2353 1793 2381 dit
1805 2361 1813 2380 :

1062 2390 1160 2417 Annon
1176 2397 1285 2425 premes
1302 2390 1352 2416 os?
1368 2393 1396 2415 tu
1411 2392 1490 2424 putas
1505 2388 1598 2416 mundi
1609 2388 1692 2416 istius
1713 2423 1720 2425 _
1735 2353 1744 2390 [

1063 2423 1185 2452 Periisse
1195 2424 1380 2452 servatorem?
1396 2423 1475 2451 Chor.
1493 2425 1598 2451 Abhinc
1616 2428 1644 2450 tu
1659 2423 1801 2458 paululum

1062 2459 1212 2494 Progressa
1226 2467 1281 2486 non
1295 2460 1404 2494 dignam
1420 2460 1457 2486 tui
1469 2458 1529 2486 Nati
1547 2466 1656 2486 crucem

1065 2494 1186 2526 Videbis,
1202 2500 1229 2522 et
1242 2502 1298 2521 sua:
1314 2498 1500 2528 penetrantem
1517 2494 1664 2521 imminens

1064 2529 1208 2557 Certamen
1221 2530 1333 2562 animae;
1350 2529 1411 2556 licet
1424 2530 1452 2556 in
1466 2529 1513 2555 illo
1526 2536 1638 2556 cernere

1065 2564 1210 2591 Tantisper
1225 2572 1285 2591 eum
1302 2565 1391 2590 adhuc
1407 2568 1542 2591 mortuum
1561 2568 1608 2589 aut
1622 2563 1713 2589 vivum
1727 2563 1819 2590 semel.

1065 2599 1141 2633 Deip.
1158 2597 1234 2626 Heu!
1251 2600 1315 2633 quid
1332 2599 1429 2625 video?
1442 2598 1507 2625 mihi
1523 2601 1580 2625 sate
1593 2597 1660 2629 Deo,
1675 2605 1692 2624 0
1709 2598 1777 2626 Nate
1798 2598 1842 2629 mi,

1064 2633 1235 2661 Nel‘ariorum
1248 2634 1366 2661 traheris
1380 2638 1407 2660 et
1424 2633 1529 2668 raperis
1540 2640 1634 2668 manu.

1065 2669 1094 2696 In
1112 2670 1200 2695 vincla
1212 2669 1323 2698 venisti,
1339 2673 1366 2695 et
1379 2667 1474 2696 volens
1490 2673 1517 2695 tu
1535 2667 1654 2700 duceris,

1064 2704 1159 2731 Aliena
1171 2704 1255 2731 solvis
1269 2704 1357 2730 vincla
1370 2704 1417 2738 qui
1432 2704 1600 2730 mortalium.

1062 2739 1115 2770 Ah,
1131 2739 1175 2769 ah,
1192 2739 1235 2771 ah,
1252 2738 1299 2764 abl

1062 2773 1133 2805 Non,
1149 2772 1227 2806 Nate,
1241 2777 1306 2800 sunt
1319 2773 1376 2800 haec
1389 2780 1449 2808 qute
1462 2773 1527 2799 mihi
1543 2773 1659 2807 primum
1677 2772 1790 2808 angelus

1064 2808 1253 2835 Pronuntiavit
1267 2818 1273 2836 :
1291 2816 1346 2836 non
1359 2816 1390 2835 ea
1405 2809 1585 2844 exspectatio.
