1933 3041
230 113 282 140 199

231 169 280 202 Ὣς
300 169 382 200 αὐτὸς
399 177 479 200 cura;
502 163 632 200 πολλάκις
647 168 716 204 πρὸς
733 170 797 200 σοὺς
812 169 905 203 φίλους
915 178 921 184 ·

229 217 267 244 Τὺ
287 217 342 243 πᾶν
354 216 407 252 γὰρ
424 215 511 246 οὕτως
532 215 732 250 ἀσφαλέστερόν
749 216 774 243 τ’
793 217 866 251 ἐμοὶ,

227 262 265 289 Σύ
279 263 302 289 τ’
319 262 401 294 αὐτὸς
415 261 454 288 ὢν
472 260 561 292 ὄλϐιος
579 261 668 287 ὀλϐίου
685 261 790 297 Πατρός

227 306 374 339 Γνωσθεὶς,
394 305 569 341 ἀνυμνησθῇς
586 314 618 340 γε
639 306 712 342 πάσῃ
726 307 758 342 τῇ
781 307 876 335 κτίσει.

229 352 281 379 785
301 352 347 388 Μὴ
364 351 429 386 γοῦν
443 351 525 384 διάξω
540 352 642 388 λυπρὸν
657 353 686 384 ἐς
711 352 814 388 μακρὸν
830 352 886 388 βίον

229 397 327 433 Ὀχλος
341 398 363 425 δ’
375 398 531 435 ἀλαστόρων
542 407 574 433 γε
590 398 659 425 τίσει
675 398 723 434 τὴν
736 399 826 434 δίκην,

228 443 280 470 Τὸν
296 443 435 478 Δεσπότην
451 444 560 476 κτείνας
575 452 607 479 γε
621 444 673 479 γῆς
687 453 718 471 τε
734 445 782 471 καὶ
799 444 893 472 πόλου.

228 488 308 517 Οὗτοι
322 490 385 526 γὰρ,
400 490 439 522 ὡς
455 490 582 526 ἔδρασαν,
599 489 700 526 εὕρωσι
720 490 803 522 κακὰ,

231 536 266 562 Ἀ
283 537 352 562 τοῖσι
369 535 530 562 δυσσεϐοῠσι
550 536 654 571 γίνεται
677 535 792 571 βροτοῖς.

229 582 280 609 790
303 581 371 608 Ἀλλ’
388 583 419 609 οὺ
434 583 489 618 γὰρ
502 582 592 609 αὐτῶν
607 582 726 618 φροντίδ’
741 582 779 614 ὡς
791 582 893 608 τέκνων
907 581 971 617 ἔχω,

228 629 274 664 Μή
290 636 348 660 πως
362 628 484 655 πάθωσιν
500 629 525 655 οἱ
539 629 725 664 προσήκοντες
740 628 842 662 σφίσιν,

229 674 360 710 Πατρῷον
373 674 557 710 ὲκφράσοντες
570 674 657 709 ἀσεϐῆ
670 674 758 709 φόνον.

487 753 534 780 Sic
547 757 574 780 et
590 757 618 780 tu
633 754 691 789 ipse
706 754 761 781 tuis
773 754 880 782 dilectis
896 753 1063 789 pmdixisti;

489 788 535 815 Sic
548 789 619 816 enim
636 788 726 815 Omnia
743 789 809 816 milii
825 788 905 816 erunt
922 790 1034 821 tutiora,

647 110 820 139 APPENDIX
833 111 879 139 AD
899 112 928 139 S.
949 112 1110 141 GREGORII
1131 112 1256 141 THEOL.
1275 112 1440 140 CARMINA.

1808 111 1861 139 200

1033 180 1058 207 Α
1079 170 1149 197 Ἀλλ’
1165 171 1257 202 αὐτὸς,
1270 167 1294 197 ὦ
1311 169 1465 205 σπλάγχνον
1479 168 1566 204 φίλον,
1581 170 1667 203 γλυκὺ
1684 169 1764 204 φάος,

1073 217 1222 252 Κάτειργε,
1243 217 1429 248 κατάπαυσον,
1450 215 1555 251 ἐξειργε
1569 216 1634 250 φόνο

1073 260 1124 288 795
1149 260 1372 296 Ἐγκατάλειμμα
1386 260 1542 296 σπέρματος
1556 260 1734 296 πεφιλμενου.

1107 310 1211 342 Χριστ.
1225 307 1308 341 Δὶνῶ,
1323 307 1415 342 γύναι,
1433 307 1501 340 τάδ’,
1521 308 1571 334 οὐκ
1586 308 1677 334 ἐκεῖνα
1698 307 1854 343 μέμφομαι.

1071 354 1179 381 Πολλῶν
1195 355 1217 381 δ’
1234 355 1311 390 ἕκητι
1327 355 1406 390 τήνδε
1421 363 1462 381 σοι
1480 353 1571 381 δοῦναι
1588 354 1667 390 χάριν

1077 400 1146 435 Ἐγὼ
1161 399 1302 436 πρόθυμός
1317 401 1386 436 ειμι,
1401 400 1469 426 κούκ
1484 399 1517 426 ἂν
1535 400 1664 435 ὲκπέσῃς.

1070 446 1244 482 Συλλήψομαι
1258 446 1312 482 γὰρ
1335 445 1412 473 τοῦδέ
1428 455 1468 472 σοι
1478 445 1606 481 ,πάμπαν
1621 443 1735 478 σκοποῦ,

1070 491 1122 518 800
1141 491 1214 526 Αὺτή
1230 499 1259 517 τε
1277 490 1370 526 γνοίης
1389 491 1490 526 ζημίας
1510 490 1702 526 ἀντιστροφὴν,

1077 537 1276 571 Ἀπαλλαγεῖσα
1291 536 1371 571 τῆσδε
1385 537 1435 571 τῆς
1450 536 1578 572 ἀθυμίας.

1072 582 1172 610 Θεοτό.
1192 583 1283 617 Ὤμοι,
1297 582 1395 617 φρενὸς
1409 582 1459 618 σῆς
1471 582 1598 617 εὐγενοῦς
1610 591 1641 609 τε
1655 581 1799 618 κὰγαθῆςῐ

1070 625 1107 654 Ὦ
1122 628 1232 658 Τέκνον,
1248 628 1292 664 οἵᾳ
1304 628 1433 663 συμφορᾷ
1446 627 1611 663 συνεζύγηςῐ

1072 673 1110 699 Τὸ
1127 673 1150 699 δ’
1166 672 1276 707 εὐγενές
1291 681 1337 700 σου
1352 673 1406 700 τῶν
1420 673 1527 708 φοενῶν
1541 673 1610 701 σῶον
1623 682 1710 710 μενει.

486 823 520 850 Et
536 827 562 850 te
575 824 664 858 ipsum
681 825 788 850 beatum
809 824 878 851 beati
894 824 984 851 Patris
997 823 1095 851 Filium

485 859 626 895 ggnitum,
644 860 733 895 omnis
748 864 874 886 creatura
891 859 1000 895 hymnis
1016 861 1209 895 prosequetur.

487 893 540 921 785
551 893 610 920 Non
625 894 708 929 igitur
718 894 764 920 diu
777 894 860 920 vitam
876 895 903 921 in
912 893 1036 922 'mtcrore
1048 894 1204 929 protrabam
1216 901 1224 927 ;

488 928 541 956 Sed
562 936 657 964 poenas
673 930 795 957 exsolvet
811 930 988 957 scelestorum
1007 928 1098 961 turba,

485 964 553 996 Quae
567 969 646 991 terra:
659 965 775 998 caelique.
793 964 935 991 Dominum
952 964 1099 992 interfecit.

487 999 519 1026 Hi
535 1000 618 1031 enim,
636 1004 665 1026 ut
678 1004 879 1034 pcrpetrarunt,
896 1001 1071 1034 experientur
1085 999 1167 1030 mala,

487 1034 553 1070 Qum
568 1035 696 1062 mortales
711 1035 860 1070 sacrilegos
877 1039 998 1062 manent.

487 1069 540 1096 790
556 1069 665 1096 Illorum
681 1070 764 1101 cnim,
780 1075 809 1096 ut
828 1070 956 1102 filiorum,
972 1077 1066 1099 curam
1085 1070 1182 1103 habeo,

486 1104 526 1132 Nc
542 1105 642 1139 aliquid
657 1106 795 1139 patiantur
808 1113 902 1133 corum
915 1106 1024 1139 cognati
1037 1106 1175 1140 (posteri),

254 1156 274 1178 ὁ
554 1140 663 1178 impiam
682 1145 789 1178 patrum
803 1141 903 1167 caedem
921 1141 1058 1178 nuntient.

489 1175 542 1202 Sed
556 1179 596 1207 tu,
611 1175 716 1201 viscera
734 1175 844 1206 dilecta,
860 1176 1025 1203 suavissima
1042 1176 1099 1207 lux,

487 1210 625 1243 Reprimc,
640 1210 715 1240 seda,
731 1218 796 1237 nece
811 1211 911 1242 exime,

486 1246 540 1281 795:
550 1244 692 1281 Quidquid
709 1246 856 1280 prmdilecti
871 1245 984 1274 seminis
999 1246 1134 1281 reliquum
1148 1250 1201 1274 est.

525 1280 621 1308 Christ.

662 1280 728 1307 robo
747 1281 815 1312 haec,
833 1281 942 1311 mulier,
959 1289 1046 1316 neque
1059 1280 1108 1308 illa
1124 1281 1257 1316 improbo.

486 1315 600 1351 Propter
616 1315 728 1348 multos,
747 1316 795 1343 tibi
808 1316 879 1344 lianc
893 1315 1009 1351 gratiam
1024 1316 1091 1343 dare

485 1351 603 1378 Paratus
615 1358 687 1382 sum,
703 1358 720 1377 ο
734 1351 842 1382 mulier,
857 1359 908 1379 nec
923 1356 986 1379 voto
1001 1351 1193 1385 frustraberis,

486 1386 525 1413 Te
538 1385 612 1421 enim
629 1393 741 1421 prorsus
758 1386 893 1420 adjuvabo
905 1387 979 1414 circa
992 1387 1066 1414 hunc
1078 1394 1203 1421 scopum,

486 1421 539 1448 800
554 1420 612 1454 Ipsa
625 1420 734 1455 quoque
748 1422 848 1449 damna
862 1422 890 1450 in
906 1423 1074 1449 contrarium
1086 1420 1165 1450 versa
1179 1423 1301 1455 noveris,

487 1455 568 1524 11,35.

597 1456 718 1492 71255
732 1456 821 1484 Haece
834 1458 944 1484 tristitia
960 1457 1046 1485 libera

593 1491 638 1527 lcu
653 1492 659 1517 !
679 1491 797 1527 mentem
814 1497 887 1519 tuam
910 1493 981 1527 piam
998 1498 1025 1520 et
1039 1492 1156 1520 bonam!

489 1526 511 1553 0
527 1526 588 1558 Fili,
607 1526 634 1553 in
648 1534 730 1561 quarti
747 1526 929 1554 calamitatem
947 1527 1086 1555 incidisti!

490 1561 543 1589 Sed
554 1569 705 1597 generosus
718 1563 826 1590 animus
841 1563 887 1591 illc
901 1566 966 1590 tuus
979 1568 1069 1591 manet
1085 1563 1200 1599 integer.

267 1643 320 1671 788
335 1643 463 1678 Εὓρωσι.
480 1643 546 1679 Reg.
563 1644 599 1673 M.
612 1653 674 1679 sup.
686 1645 735 1672 lin.
755 1643 882 1679 εὖροσαν.

267 1679 320 1707 790
342 1679 424 1714 Ἀλλ’
440 1680 476 1706 οὐ
489 1679 554 1714 γάρ,
570 1686 622 1708 etc.
640 1678 776 1708 Particula
790 1678 916 1713 iiegativa
930 1679 961 1705 οὺ
975 1678 1021 1714 hic

231 1715 321 1742 otiosa
335 1719 363 1742 et
384 1713 419 1741 ad
433 1713 560 1742 ornatum
578 1715 711 1742 duntaxat
728 1715 827 1749 posita,
851 1715 925 1749 quod
950 1713 1023 1748 apud

232 1751 342 1778 Graecos
354 1756 409 1776 non
423 1753 466 1776 est
481 1749 649 1784 infrequens.
665 1750 850 1783 Combeﬁsius,
864 1750 912 1785 qui
926 1749 1000 1785 addit
1014 1757 1021 1776 :

236 1793 246 1811 ι
264 1785 409 1812 Crederem
437 1791 502 1811 vero
528 1785 656 1813 libentius
680 1790 820 1812 auctorem
842 1784 978 1816 nostrum,
995 1784 1023 1811 in

234 1820 319 1847 bacce
343 1819 474 1855 tragoedia
491 1820 592 1854 passim
614 1819 750 1855 Euripidis
774 1820 947 1854 plagiarium,
966 1827 1022 1846 non

233 1854 538 1890 satisanimadvertisse
551 1856 607 1882 haec
616 1862 630 1881 a
642 1854 733 1882 Medea
746 1862 828 1890 sensu
839 1854 950 1882 diverso
958 1862 1022 1890 pro-

234 1890 287 1917 lata
301 1889 395 1918 fuisse.
414 1899 422 1916 ι
438 1889 506 1917 Vide
517 1890 587 1917 Med.
597 1898 669 1918 vers.
686 1890 766 1921 1501,
779 1889 859 1922 1504,
875 1889 1020 1921 ίὸθόίειρ.

234 1924 304 1952 Male
322 1924 402 1952 Roill.
430 1925 542 1952 Mariam
563 1925 635 1952 mala
656 1925 764 1957 omnia,
782 1923 912 1952 Maenadis
929 1924 1022 1951 furore

234 1961 430 1995 imprccantem
457 1961 587 1991 traducit,
613 1968 674 1995 qua:
701 1968 717 1988 e
744 1966 841 1987 contra
863 1960 1020 1988 tenerrimis

234 1995 387 2023 visceribus
400 1995 505 2022 veniam
517 2003 580 2022 mox
589 1996 625 2022 ita
637 1996 798 2030 deprecatur
811 2004 818 2022 :
832 1995 872 2022 Tu
879 2003 950 2030 ergo,
960 2002 1023 2021 sua-

233 2030 343 2057 vissima
357 2030 414 2060 lux.
425 2031 547 2065 reprime,
559 2031 631 2061 seda,
641 2039 701 2057 nece
709 2031 801 2059 exime,
817 2030 944 2065 quidquid
955 2037 1023 2064 prm-

234 2066 324 2092 dilecti
341 2064 591 2100 seminisreliqnmn
601 2072 650 2093 est.
661 2065 698 2092 Ita
711 2066 766 2093 fere
774 2064 845 2092 Med.
861 2064 1022 2093 vers.1238.

234 2115 270 2121 -—
279 2099 324 2128 Sic
335 2099 585 2128 BenedictiniJMtbi
596 2106 686 2128 autem
695 2101 791 2130 melior
802 2108 899 2128 sensus
920 2100 1026 2127 videre-

235 2139 290 2167 tur,
299 2135 352 2163 vim
360 2136 498 2170 particula:
510 2136 640 2171 negativae
651 2136 826 2168 reservando,
834 2136 871 2162 ita
882 2141 911 2162 ut
919 2136 958 2163 sic
966 2142 1026 2171 vcr-

235 2175 310 2198 tatur
326 2180 333 2198 :
351 2172 453 2198 ﬂerunt
467 2170 571 2206 quidem
585 2176 614 2198 ut
632 2172 749 2206 ﬁliorum
761 2179 852 2197 curam
864 2179 916 2198 non
930 2170 1024 2202 habeo,

235 2206 281 2233 sed
296 2214 359 2233 cura
376 2214 407 2233 ne
420 2206 520 2241 aliquid
538 2207 677 2240 patiantur
693 2214 785 2233 eorum
796 2207 906 2241 posteri,
919 2207 963 2240 qui
974 2206 1026 2232 im-

234 2243 306 2277 piam
328 2246 434 2276 patrum
461 2241 558 2269 easdem
573 2242 703 2274 nuntient,
719 2249 817 2277 nempe
842 2249 903 2270 eam
921 2241 1024 2275 impro-

234 2276 335 2305 bando.
350 2277 480 2304 (ΞΑιιιΑυ.

1111 1646 1161 1674 796
1180 1645 1267 1679 Αῑνῶ,
1285 1646 1382 1681 γύναι,
1397 1649 1451 1673 etc.
1471 1643 1509 1672 Ita
1524 1643 1589 1673 Jaso
1603 1642 1702 1671 Medeae
1718 1644 1864 1679 respondet

1073 1682 1257 1750 ηὲῗοῦἕὲεή
1277 1725 1310 1743 τε
1329 1715 1445 1751 γνοίης,
1459 1720 1513 1744 etc.
1534 1715 1580 1743 Sic
1607 1713 1675 1750 Reg.
1691 1713 1725 1742 Il.
1737 1722 1781 1751 7n.
1796 1714 1864 1741 Male

1072 1752 1138 1779 editi
1159 1753 1240 1779 αὐτόν
1259 1761 1300 1780 τε.
1326 1752 1372 1780 Sic
1384 1757 1411 1779 et
1433 1752 1555 1787 Medeam
1578 1752 1693 1777 nuntius
1717 1750 1864 1785 alloquitur

1072 1788 1270 1857 “Emi-2322»,
1287 1822 1407 1857 φρενός,
1434 1827 1486 1850 etc.
1504 1821 1549 1849 Sic
1566 1820 1676 1856 Hippol.
1689 1827 1764 1848 vers.
1786 1820 1863 1853 “54,

1073 1858 1196 1887 Theseus
1213 1859 1298 1885 lilium
1316 1866 1396 1886 suunt
1417 1858 1587 1885 admiratur:

1145 1927 1236 1962 Ὤμοι,
1251 1927 1349 1962 φρενὸς
1361 1926 1410 1961 σῆς
1423 1925 1552 1962 εὐσεϐοῦς
1565 1934 1595 1962 ἰε
1614 1924 1741 1962 κάγαεοῆς
1752 1925 1759 1950 1

1145 1960 1215 1994 Heu,
1230 1960 1342 1989 mentem
1355 1960 1428 1988 tuam
1446 1961 1518 1996 piam
1533 1965 1557 1987 et
1573 1960 1692 1987 bonum!

1109 2027 1161 2055 805
1172 2015 1208 2054 ’νο
1222 2027 1342 2059 Τέκνον,
1355 2030 1408 2055 etc.
1421 2026 1490 2054 lbid.
1501 2033 1575 2055 vers.
1591 2026 1661 2054 l389
1670 2030 1697 2054 et
1709 2025 1779 2053 1590
1794 2024 1863 2052 hunc

1073 2062 1221 2098 all0quitur
1235 2062 1321 2090 Diana
1335 2072 1342 2091 :

1143 2130 1309 2172 χιι-τλῆμονῑ
1321 2131 1366 2167 οἵᾳ.
1380 2132 1508 2172 συμφορᾷ
1522 2130 1689 2172 ΞυνΞξῩΙηεῖ

1144 2168 1203 2194 Τὸδ¹
1216 2166 1326 2202 εὐγενές
1341 2166 1371 2193 cs
1385 2166 1440 2193 τῶν
1454 2166 1560 2202 φρενῶν
1568 2166 1707 2193 διώλεσεν.

1147 2224 1170 2253 0
1187 2224 1290 2258 infelix,
1305 2224 1334 2251 in
1348 2231 1427 2259 quam
1444 2223 1626 2250 calamitatem
1640 2222 1780 2259 incidisti!

1147 2257 1294 2288 Generosa:
1315 2257 1421 2286 animus
1437 2259 1482 2286 ille
1494 2264 1554 2286 tuus
1574 2263 1598 2286 te
1611 2257 1736 2292 perdidit.

885 2330 1053 2362 METRICA
1070 2327 1219 2359 VERSIO.

236 2394 349 2421 Mortem
365 2393 522 2428 triumphali
537 2398 714 2428 prementem,
729 2392 794 2420 olim
811 2397 841 2420 ut
855 2392 910 2421 tuis

235 2429 332 2456 Dixisti
349 2429 445 2456 amicis
460 2429 560 2463 saepius
574 2437 580 2455 :
599 2429 636 2455 ita
650 2429 735 2455 tutior

235 2465 299 2491 Mihi
313 2464 437 2494 videbor,
457 2469 540 2497 tuque
553 2464 698 2498 gloriosior

234 2499 345 2532 Factus,
362 2499 433 2526 beati
449 2498 535 2526 Filius
550 2499 613 2526 l'elix
627 2499 717 2526 Patris

235 2533 356 2569 Tandem
372 2535 546 2569 approbatum,
564 2535 686 2561 omnium
706 2533 861 2561 laudaberis

234 2568 267 2604 Et
281 2577 358 2600 voce,
373 2568 475 2601 ci’ore,
494 2578 558 2597 cura
575 2574 670 2597 sancta
686 2570 814 2604 posteris.

234 2603 274 2640 ide
289 2604 377 2632 tristis
395 2611 460 2639 ergo
471 2613 554 2640 pensa
568 2605 631 2632 vita:
646 2603 754 2638 longius

236 2639 292 2674 Ego
306 2638 478 2674 protraliam.‘
491 2641 526 2666 At
541 2640 691 2667 crudelium
703 2647 801 2667 manus
816 2638 955 2666 hominum

236 2674 365 2710 Cruenta,
381 2675 525 2702 Dominum
543 2683 602 2710 quae
619 2675 672 2710 poli
687 2680 714 2702 et
729 2680 807 2702 terra:
823 2675 882 2702 neci

237 2709 360 2741 Demisit,
376 2718 408 2737 ex
424 2713 522 2737 merito
538 2709 588 2738 suo
604 2709 674 2737 mala
693 2711 793 2737 sentiat

238 2744 308 2780 Olim
326 2744 382 2776 illa,
394 2745 468 2778 justa
486 2745 563 2772 lance
580 2754 640 2779 qua:
655 2746 754 2780 impios
769 2748 890 2772 manent.

237 2779 304 2815 Nam
319 2787 374 2806 non
388 2788 438 2815 ego
452 2780 512 2808 illos
529 2785 559 2807 ut
572 2787 646 2808 satos
659 2779 723 2806 mibi
741 2781 840 2807 liberos

238 2813 362 2842 Materno
378 2813 471 2842 arnore
484 2823 561 2847 curo,
580 2823 614 2842 ne
626 2815 718 2843 clades
730 2819 835 2850 premat

238 2849 290 2883 Qui
302 2852 404 2886 posteri
420 2850 519 2878 liorum
533 2855 596 2879 sunt
612 2850 707 2883 futuri,
720 2849 766 2887 qui
784 2850 894 2884 impiam

1041 2393 1066 2424 Β
1078 2390 1185 2417 Caedem
1198 2395 1312 2417 suorum
1326 2387 1453 2415 nuntient
1466 2391 1586 2424 patrum,
1603 2391 1631 2414 et
1645 2385 1748 2424 scelus.

1080 2426 1134 2452 Sed
1148 2425 1217 2460 ipse,
1231 2432 1247 2451 ο
1258 2424 1356 2460 anima:
1372 2421 1520 2460 parsineae
1539 2423 1617 2460 longe
1631 2421 1747 2457 optima,

1079 2457 1166 2487 Eliice'
1173 2460 1300 2486 fruantur
1314 2457 1379 2486 luce
1389 2466 1424 2485 ne
1438 2458 1498 2485 laeta
1511 2457 1621 2485 :ethcris

1079 2495 1181 2523 Purum
1196 2495 1335 2527 micantis,
1351 2501 1402 2521 nec
1419 2497 1511 2528 patere
1527 2493 1594 2527 quid
1608 2492 1745 2527 reliquum

1080 2530 1199 2558 Seminis
1214 2530 1295 2556 amati
1314 2536 1329 2556 a
1342 2529 1416 2556 caede
1429 2528 1605 2563 tranquillum
1620 2528 1702 2555 trahi.

1115 2565 1178 2592 Chr.
1187 2565 1319 2596 Admitto,
1329 2564 1438 2596 mulier,
1450 2561 1519 2594 haec,
1529 2570 1579 2591 nec
1590 2563 1635 2589 illa
1642 2563 1725 2590 etiam
1733 2561 1862 2598 improbo.

1080 2601 1114 2640 Et
1127 2600 1242 2635 gratiam
1260 2600 1382 2640 istan-tut
1393 2599 1495 2640 largiar
1508 2598 1557 2626 tibi
1574 2598 1739 2640 promptius,

1081 2636 1147 2669 Quae
1160 2643 1231 2662 vana
1245 2643 1300 2662 non
1315 2635 1360 2667 sit,
1378 2635 1504 2670 plurimm
1519 2641 1610 2661 causa:
1624 2638 1754 2670 movent:

1082 2668 1161 2698 llunc
1177 2671 1211 2697 ad
1225 2678 1339 2706 scopum
1354 2668 1397 2706 me
1413 2670 1536 2706 dirigens
1552 2668 1745 2706 prorsus,_tibi

1081 2706 1223 2740 Nusquam
1239 2703 1332 2737 abero,
1347 2705 1440 2732 damni
1452 2703 1561 2732 videris
1570 2711 1614 2731 me
1629 2703 1768 2731 vindicem

1082 2742 1161 2774 litati,
1179 2741 1213 2768 ab
1227 2741 1302 2768 omni
1316 2741 1401 2767 libera
1414 2744 1442 2767 et
1457 2748 1522 2767 cura
1537 2743 1564 2767 et
1579 2744 1664 2766 metu.

1081 2770 1160 2809 Deip:
1170 2775 1258 2811 Papae!
1271 2776 1400 2811 inclytam
1409 2779 1528 2802 mentem
1539 2778 1625 2811 tuam,
1635 2774 1730 2811 altam,
1738 2770 1861 2811 nobilem!

1080 2811 1103 2839 0
1115 2812 1192 2844 Nate,
1205 2809 1287 2846 {luam
1304 2809 1336 2838 te
1347 2818 1421 2837 nunc
1437 2810 1528 2845 gravis
1542 2810 1621 2846 dolor
1636 2809 1749 2844 premit!

1080 2847 1183 2875 Invicta
1194 2845 1295 2875 mentis
1310 2845 1358 2875 sed
1368 2850 1460 2873 manet
1472 2845 1639 2873 constantia.
