1933 3041
87 158 138 186 204
570 152 573 154 ’
728 154 900 183 CHRISTUS
919 154 1075 183 PATIENS.
1664 157 1718 184 202

89 216 142 243 805
158 215 245 250 Ὂσην
258 214 301 241 ἀει
317 223 361 250 μοι
373 214 421 249 τὴν
433 214 601 249 προμήθειαν
616 213 721 248 φέρειςῑ
893 217 916 244 Α
931 212 1077 248 Σύγγνωθ“,
1094 214 1227 250 ἁμαρτεῖν
1239 214 1260 241 δ’
1279 214 1352 246 εἰκὸς
1368 213 1522 250 ἄνθρωπον,
1537 213 1636 240 Τέκνον
1649 223 1654 229 ·

89 262 173 288 Ταῦτ’
186 260 342 296 ὲννοηθείσ“,
357 260 480 296 ᾐσθόμην
494 259 621 287 ἀῦουλίαν
932 259 988 285 Καὶ
1004 259 1105 294 Πέτρος
1121 259 1257 294 ἐξήμαρτε
1272 259 1335 290 τοὺς
1348 259 1442 295 ὄχλους
1456 259 1562 295 τρέσας.

89 308 194 343 Ποληλὴν
208 307 315 343 ἔχουσα,
335 307 382 333 καὶ
397 308 484 342 μάτην
497 307 663 342 λυπουμένη,
968 303 1020 331 820
1038 305 1123 338 Χρισ.
1141 305 1287 340 Στείχουσα
1304 305 1351 332 νῦν
1366 305 1454 337 ἄπιθι,
1471 306 1557 340 μῆτερ
1571 303 1709 340 Παρθένε·

88 353 188 388 Μάτην
200 353 223 380 θ’
237 354 321 388 ἑαυτῇ
339 352 405 388 πρὸς
416 352 511 386 λόγους
527 352 676 388 ἀφικόμην.
933 350 995 378 Λύω
1007 350 1035 376 δὲ
1049 350 1145 386 Πέτρῳ
1160 351 1280 386 σφάλμα,
1296 351 1449 388 χρῃζούσης
1465 351 1553 378 σέθεν.

95 399 173 434 ἰιμι.
186 397 232 431 Ἀ,
248 396 281 426 ﬁ!
298 399 467 425 πολυστόνων
480 398 537 425 ἄϊον
554 398 630 433 ἰαχὰν
642 398 720 432 γόων,
933 397 988 424 Καὶ
1003 397 1057 432 γὰρ
1072 396 1200 432 πάροιθεν
1213 398 1267 429 σοῖς
1286 397 1433 433 ἐπειθόμην
1449 397 1548 431 λόγοις,

91 445 143 472 810
155 445 248 480 Φωνὴν
263 444 366 476 ἔκλυον,
383 444 478 471 ἔκλυον
493 444 556 479 βοὰς
570 445 678 470 στόνων.
933 443 986 477 Σῆς
1001 442 1141 474 εὐσεϐείας
1161 443 1284 478 κάγαθῆς
1300 443 1397 479 φρενὺς
1415 443 1505 478 χάριν.

91 490 237 517 Θεοκλυτεῖ
249 499 291 522 τις
302 491 324 516 δ’
338 490 376 521 ὡς
388 490 472 516 κακὴν
487 489 568 524 ῥέξας
583 489 664 524 μέγα,
751 496 763 507 ο
932 488 987 514 Καί
1004 497 1047 523 μοι
1066 487 1096 514 τὸ
1114 488 1163 522 μὲν
1183 488 1229 514 σὸν
1241 488 1362 515 ἐκποδὼν
1378 489 1449 516 ἔστω
1464 489 1556 523 λόγος’

91 535 236 562 Θεοκλυτεῖ
251 535 273 561 δ’
287 535 325 567 ὡς
338 535 392 570 ἄρα
406 535 480 562 δεινά
495 543 535 566 τις
550 534 658 562 παθών·
933 533 986 560 825
999 532 1092 560 Ἕλκει
1105 532 1133 558 δὲ
1150 533 1197 560 καὶ
1211 533 1313 568 δάκρυα
1329 532 1428 568 πολλὴν
1447 541 1497 568 μου
1514 534 1603 569 χάριν,

92 581 213 618 καὶμὴν
228 583 241 608 ὁ
256 581 361 613 κλεινὸς
375 581 430 608 ἀπὺ
443 581 474 616 δὴ
489 580 588 615 στείχει
607 581 709 616 Πέτρος
933 580 988 606 Καὶ
1005 580 1094 607 πάντα
1111 579 1169 606 λύει
1184 579 1282 614 δεσμὸν
1297 578 1534 614 ἀμπλακημάτων.

93 627 269 662 Σκυθρωπδς,
285 626 403 662 οἰκτρὸς,
422 627 470 653 καὶ
484 627 727 662 κατανενυγμένος.
934 626 978 652 Σοί
994 628 1017 652 τ’
1032 624 1065 653 αὖ
1085 626 1211 662 παραινῶ
1226 625 1328 661 μηδένα
1344 625 1446 660 βροτῶν
1463 627 1581 660 στυγεῖν,

93 671 884 708 8159εοτό.Τί,Πέτρε,θρηνεῖς;δεῖν’ἐπραξας,ἀλλ“ὄμως
933 671 1001 707 Μήδ⁹
1016 672 1043 698 οἴ
1060 672 1087 707 μ’
1101 671 1269 708 ἀπῃώρησαν
1285 670 1393 706 ἀνόμως
1413 670 1493 706 ξύλῳ.
1622 699 1624 702 _

95 719 153 744 Ἔτ’
166 718 224 745 ἐστι
239 717 286 745 καὶ
300 719 341 745 σοι
354 717 436 744 τῶνδε
450 717 614 753 συγγνώμης
628 719 729 753 τυχεῖν.
935 718 1034 744 Θεοτό.
1052 718 1142 752 Ὤμοι,
1157 717 1254 753 φρενὸς
1270 717 1318 752 σῆς
1331 717 1515 752 εὐαγεστάτης
1528 717 1584 744 dell

93 761 128 790 *Ω
143 764 255 798 Τέκνον,
272 761 294 791 ὦ
309 764 444 800 φίλτατον,
457 761 480 792 ὧ
493 763 561 790 Θεοῦ
571 764 651 798 Λόγε,
935 762 988 790 850
1006 763 1049 795 Ὧς
1065 763 1126 790 οὐδὲ
1141 763 1253 798 πάσχων
1269 763 1454 798 δυσμεναινεις
1470 762 1508 798 τῷ
1522 763 1605 797 γένει,

352 841 406 877 9705
419 840 553 874 Quantam
569 842 636 868 mihi
649 849 758 876 semper
772 849 866 869 curam
880 842 1033 877 impendis!

354 875 416 912 Ilaec
430 877 520 904 animo
533 877 667 912 cogitans,
681 875 778 911 agnovi
793 875 1002 912 imprudentiam

353 911 478 946 Magnam
493 919 536 939 me
551 911 660 944 habere,
676 917 702 939 et
718 912 818 939 frustra
832 911 1020 939 contristatam
1036 912 1128 945 fuisse,

353 946 522 980 Frustraquc
538 946 580 973 his
596 947 769 974 sermonibus
782 955 825 974 me
839 955 898 974 sum
911 948 1040 974 allocuta.

353 980 502 1017 Senii:_Ah,
514 981 558 1008 ah!
576 981 790 1017 lamentabilium
806 982 897 1009 audivi
915 990 1012 1009 sonum
1026 982 1184 1017 gemituum,

354 1015 407 1052 §lO
423 1015 523 1052 vocem
538 1016 638 1052 audivi.
653 1016 743 1043 audivi
759 1017 905 1045 clamorem
922 1015 1127 1052 ingementium.

354 1049 439 1087 I_)eum
452 1051 560 1087 invocat
576 1051 648 1086 quis,
661 1052 739 1086 quasi
755 1052 858 1087 grande
871 1049 964 1079 scelus
974 1052 1130 1080 admisisset

354 1085 593 1126 Deumjmplorat,
610 1089 640 1112 ut
648 1085 702 1126 qui
717 1085 920 1126 graviapassus
933 1087 1024 1126 fuerit.

348 1119 387 1156 ξι
400 1119 516 1155 insignis
528 1121 635 1155 quidem
647 1119 744 1149 Petrus
758 1119 859 1149 abhinc
871 1122 987 1156 prosilit,

355 1154 471 1192 Yultuni
482 1154 586 1192 tristem
600 1163 707 1192 geretis.
726 1156 834 1188 ﬂebilis,
850 1154 995 1192 contritus.
1058 1191 1061 1192 7
1661 1159 1687 1175 ο

354 1190 408 1217 815
424 1189 499 1225 Deip.
515 1190 586 1223 Quid
602 1189 659 1223 ﬂes,
677 1191 776 1219 Petre?
789 1192 892 1219 atrocia
905 1191 1005 1224 fecisti,
1017 1191 1065 1220 sed
1079 1196 1168 1219 tamen

355 1224 452 1262 .gdhuc
465 1229 543 1262 potes
559 1225 655 1262 horum
674 1227 779 1262 veniam
796 1227 936 1262 consequi.

356 1259 379 1287 0
392 1259 455 1292 Fili,
467 1259 489 1286 ’o
504 1261 694 1292 dilectissime,
710 1268 726 1288 ο
743 1261 788 1288 Dei
808 1259 937 1292 Verbum.

356 1293 479 1327 Ignosce,
495 1294 563 1327 Fili;
578 1300 790 1323 consentaneum
807 1300 849 1324 est
865 1297 988 1324 homines
1002 1304 1112 1324 errare:

356 1329 391 1356 Et
404 1329 502 1357 Petrus
517 1330 631 1359 deliquit
646 1331 754 1358 turbam
769 1335 905 1359 metuens.

392 1365 445 1392 820
462 1364 563 1393 Christ.
576 1364 628 1393 Abi
643 1373 728 1402 nunc.
743 1367 849 1402 recede,
862 1366 945 1402 Virgo
959 1374 1059 1401 parens
1071 1375 1078 1399 ;

358 1393 396 1427 Te
409 1405 532 1434 rogante,
548 1408 628 1428 suum
643 1393 727 1428 Petro
737 1393 864 1428 delictum
881 1393 999 1434 reinit'to,

353 1434 427 1471 'i_\'am
443 1438 470 1462 et
481 1438 544 1462 ante
558 1436 612 1471 tuis
629 1435 822 1471 obtemperavi
833 1437 934 1468 verbis,

357 1468 474 1506 Eroptcr
490 1473 563 1496 tuam
580 1468 891 1506 pietatemfbonat'n‘que
905 1475 1035 1499 mentem.

359 1503 544 1541 Et__qpatenus
558 1503 591 1532 ad
609 1508 635 1532 te
651 1506 777 1541 pertinet,
790 1503 864 1533 nulla
880 1506 937 1534 sint
948 1507 1064 1541 amplius
1080 1507 1180 1534 verba:

359 1539 412 1576 1125
428 1538 566 1574 Lacrymae
582 1538 671 1567 autem
686 1540 830 1575 plurimam
846 1549 878 1569 ex
896 1549 940 1569 me
951 1538 1066 1576 gratiam
1079 1542 1213 1574 obtinent,

145 1581 162 1597 ο
359 1573 393 1610 ξι
408 1581 489 1601 omne
500 1573 676 1610 peccatorum
689 1573 799 1603 solvunt
813 1573 965 1604 vinculum“.

359 1607 452 1643 Teque
466 1607 609 1642 adinoneo,
625 1618 675 1637 nec
692 1611 777 1637 ullum
796 1611 933 1638 hominem
949 1611 1123 1642 extimescas,

356 1642 506 1681 Qequidem
518 1652 566 1681 eos
574 1645 628 1681 7qui
641 1653 684 1672 me
700 1646 793 1680 inique
804 1646 878 1681 ligno
895 1647 1108 1680 suspendi-runt.

358 1677 580 1720 “031p:77llei,7niihi
593 1677 599 1706 l
614 1687 696 1720 quam
713 1677 758 1707 tua
774 1677 851 1720 mcn's
858 1677 976 1720 semper
987 1680 1179 1720 sanctissima!

357 1713 410 1741 850
426 1713 460 1741 Ut
477 1714 559 1742 etiam
576 1713 693 1750 patiens,
712 1723 765 1743 non
780 1723 810 1743 es
827 1713 936 1744 infenso
948 1723 1013 1750 erga
1028 1716 1153 1743 homines
1171 1715 1273 1748 animo,

138 1791 191 1819 806
219 1791 301 1820 Ταῦτ’
335 1792 511 1826 ἑννοηθεῑσ’,
543 1796 597 1820 etc.
629 1792 675 1820 Sic
701 1792 793 1820 Medea
821 1800 894 1820 vers.

981 1792 1029 1819 821
1049 1792 1115 1819 Λὺω
1126 1791 1170 1824 δέ,
1184 1795 1238 1819 etc.
1256 1791 1301 1819 Sic
1317 1791 1427 1827 Hippo].
1440 1791 1532 1822 Dianae
1545 1794 1669 1824 consiliis
1681 1796 1730 1824 ob-

103 1827 167 1860 882,
182 1832 248 1860 etc.,
266 1835 295 1855 se
307 1827 394 1863 ipsam
410 1827 550 1863 redarguit
564 1836 572 1855 :
742 1836 748 1841 ·
945 1831 1102 1862 temperans
1117 1835 1189 1855 vers.
1208 1826 1278 1854 MM
1292 1830 1320 1855 et
1340 1826 1409 1855 ωδ
1425 1837 1431 1855 :

177 1873 260 1899 Ταῦτ’
273 1873 430 1908 ὲννοηθεῐσ’,
444 1873 567 1908 ᾐσθόμην
580 1873 707 1909 ᾲὸουλίαν
981 1873 1045 1900 Λύω
1059 1873 1086 1900 δὲ
1095 1874 1182 1905 νεῖκος
1199 1873 1294 1909 πατρὶ,
1310 1872 1464 1909 χρῃζούσης
1480 1874 1565 1902 σέθεν·

177 1908 279 1944 Πολλὴν
294 1908 402 1943 ἔχουσα,
416 1910 463 1935 καὶ
478 1909 566 1944 μάτην
585 1908 754 1944 θυμουμένη.
981 1909 1036 1935 Καὶ
1052 1908 1106 1944 γὰρ
1123 1908 1237 1944 πάροιθε
1257 1909 1313 1940 σοῖς
1330 1908 1477 1944 ἐπειθόμην
1491 1909 1590 1944 λόγοις,

142 1954 192 1982 "is
207 1955 295 1981 animo
305 1955 426 1989 agitatis,
442 1956 535 1990 agnovi
551 1954 757 1989 imprudentiam
983 1955 1064 1983 Rimas
1078 1963 1137 1982 vero
1152 1963 1212 1982 cum
1225 1959 1300 1989 patre
1314 1959 1449 1989 susceptas
1465 1955 1580 1989 dimitto,
1596 1957 1635 1983 sic
1652 1962 1676 1985 te
1689 1967 1732 1985 vo-

141 1990 268 2024 Magnam
286 1998 326 2017 me
341 1989 444 2022 habere,
459 1989 484 2017 et
500 1991 604 2025 frustra
617 1991 714 2016 iratam
729 1989 820 2024 fuisse.
987 2024 1007 2026 __
1322 2025 1325 2026 7
1372 2024 1376 2026 7
1595 1990 1675 2026 [lente
1688 2001 1697 2020 :

141 2036 194 2063 διδ
213 2036 286 2062 eam
298 2036 441 2070 ἔπραξας,
457 2024 512 2063 etc.
533 2035 579 2063 Sic
598 2035 706 2070 Hippol.
723 2043 795 2062 vers.
814 2035 892 2068 1525,

866 2035 892 2068 57
981 2024 1054 2051 Nam
1064 2030 1089 2052 et
1101 2029 1161 2052 ante
1168 2033 1274 2060 semper
1288 2025 1339 2052 tuis
1351 2024 1524 2059 obtemperavi
1535 2024 1629 2054 verbis.

105 2075 160 2107 etc.
172 2071 262 2098 Diana
276 2070 423 2102 Theseum.
439 2071 474 2107 ob
493 2071 605 2099 crudele
621 2071 669 2098 ﬁlii
685 2071 726 2098 sui
740 2070 826 2097 fatum
840 2071 894 2098 sibi
952 2071 1033 2107 778274
1049 2073 1148 2098 Ἔστω
1166 2073 1267 2107 λόγυς.
1284 2071 1350 2107 Reg.
1363 2074 1390 2098 et
1403 2070 1498 2106 Eurip.
1520 2072 1548 2099 in
1568 2073 1641 2100 Med.
1659 2080 1732 2100 vcrs.

105 2106 183 2133 diras
197 2107 401 2140 imprecantem,
419 2105 528 2133 aII'atur.
947 2106 1027 2138 1222,
1043 2107 1116 2134 unde
1136 2107 1182 2135 hic
1200 2105 1299 2134 versus
1322 2105 1486 2140 desumptus
1509 2111 1551 2134 est
1576 2109 1603 2134 in
1623 2115 1734 2135 sensum

141 2141 195 2178 8178
208 2141 367 2178 sermne;
391 2145 444 2178 etc.
467 2140 507 2168 Ita
533 2141 590 2178 fere
610 2149 681 2178 vers.
700 2140 753 2168 615
772 2139 895 2168 Phaedrae

971 2149 1097 2178 lvcrsum,
1115 2142 1186 2169 ἔστω
1199 2142 1290 2176 λόγου,
1312 2141 1404 2177 quasi.
1418 2139 1506 2169 desine
1518 2150 1620 2178 rogare,
1635 2144 1734 2178 quippe

106 2177 202 2204 nutrix
219 2176 394 2212 Hippolytum
414 2176 512 2203 iratum
528 2176 683 2204 demulcere
697 2180 822 2204 conatur.
947 2176 1028 2210 cujus
1044 2177 1172 2205 exaudita
1188 2181 1230 2205 est
1246 2176 1347 2205 oratio.

759 2255 927 2286 METRICA
936 2255 1084 2286 VERSIO.

108 2315 145 2356 Et
157 2319 185 2355 ιιι
199 2322 287 2356 usque
297 2314 404 2356 profers
417 2322 478 2350 qua:
492 2315 559 2356 mihi
571 2315 605 2343 ad
622 2316 795 2356 prudentiam
910 2319 933 2348 Β
946 2315 1065 2356 ξοεοξιεε
1080 2324 1153 2356 cum_
1162 2318 1198 2344 sit
1212 2317 1328 2356 insitum
1340 2317 1454 2356 homini,
1471 2317 1604 2356 ignoscito

108 2348 222 2378 Faciant
233 2348 335 2386 magis!
354 2358 414 2385 qua;
425 2348 539 2385 propius
550 2348 707 2386 expendens
723 2352 782 2378 scio
947 2351 1024 2384 Quod
1037 2351 1134 2379 Petrus
1147 2351 1174 2378 in
1192 2357 1216 2379 te
1233 2352 1359 2379 admisit:
1373 2348 1522 2379 admissum
1536 2351 1562 2378 id
1577 2353 1650 2378 metu

108 2386 198 2420 Supra
213 2385 323 2412 modum
346 2393 389 2413 me
405 2386 527 2418 stultam,
543 2390 570 2414 et
591 2386 655 2413 hinc
667 2386 787 2413 animum
804 2393 895 2414 meum
948 2386 1200 2417 Turbaeirruentis,
1217 2391 1244 2413 et.
1259 2387 1400 2414 frementis
1416 2386 1566 2413 turbidum.

108 2420 223 2447 Frustra
237 2420 334 2456 dolore
348 2427 503 2456 macerasse
518 2424 544 2456 e7t
562 2421 702 2456 lacrymis,
983 2421 1044 2449 Chr.
1056 2421 1143 2449 Jubeo
1155 2421 1222 2448 nihil
1236 2426 1263 2449 te
1276 2422 1320 2448 hic
1333 2423 1481 2456 anxiam,7o
1497 2420 1579 2455 Virgo
1590 2426 1698 2455 parents;

108 2456 219 2482 Dixisse
233 2454 335 2482 frustra
351 2455 434 2482 verba
447 2462 507 2490 qum
522 2455 578 2482 dixi
595 2454 742 2490 impotens.
949 2455 1081 2483 Condono
1096 2456 1178 2483 Petro
1190 2456 1323 2490 quidquid
1338 2460 1380 2484 est
1394 2455 1488 2490 laps'us
1501 2460 1548 2481 tua

109 2491 193 2526 semi.
210 2490 265 2526 Ah!
281 2489 327 2525 qui
342 2489 498 2525 frequentes
512 2498 598 2525 usque
611 2489 678 2518 adeo
690 2491 807 2526 gemitus
821 2498 896 2519 meas
951 2490 998 2518 Vel
1013 2492 1093 2518 unius
1111 2489 1210 2524 causa;
1228 2489 1290 2518 nam
1303 2496 1330 2518 et
1339 2496 1402 2518 ante
1415 2489 1494 2518 etiam
1509 2490 1555 2526 ti_b7i

108 2525 211 2561 Yolant
224 2525 250 2561 in
271 2524 362 2561 aures,
378 2524 457 2552 triste
470 2530 524 2561 tam
541 2524 650 2561 longum
663 2524 795 2553 insonans
950 2527 986 2561 Es
1004 2533 1047 2554 me
1061 2526 1257 2560 obsequentem
1274 2530 1384 2560 experta
1400 2532 1507 2561 semper
1519 2524 1629 2561 Filium.

110 2560 161 2596 ilic
178 2559 250 2596 unde
266 2560 413 2596 planctus?
425 2560 507 2587 audio
520 2559 606 2592 certe,
618 2561 700 2588 audio
950 2560 1016 2593 Qua:
1032 2562 1070 2588 tui
1087 2559 1146 2588 erat
1158 2561 1240 2588 anitni
1257 2559 1343 2596 gratia
1359 2560 1458 2596 integri
1471 2564 1498 2596 et
1513 2559 1560 2594 pii.

108 2594 211 2622 Vocem
229 2593 330 2622 doloris
343 2595 459 2622 indicem
477 2595 639 2623 tristissimi.
950 2596 1013 2623 Haec
1026 2596 1108 2623 verba
1123 2603 1205 2630 porro
1218 2603 1233 2622 a
1247 2593 1289 2622 me
1302 2600 1347 2621 tua
1362 2593 1427 2621 hinc
1440 2593 1527 2630 aufer,
1544 2601 1654 2628 parens.

110 2630 197 2657 Deum
214 2630 313 2664 aliquis
326 2630 418 2662 isthic,
432 2630 492 2657 dira
505 2635 634 2665 tanquam
651 2631 801 2663 admiserit,
951 2630 1009 2657 Hoc
1021 2632 1100 2662 scito,
1116 2629 1244 2665 lacrymis
1257 2630 1377 2665 gratiam
1388 2636 1475 2665 meam
1490 2629 1563 2665 elici.

107 2663 267 2703 Implorat”,
277 2665 376 2703 aliquis
389 2665 456 2703 dura
474 2663 602 2703 tanquam
620 2666 771 2701 perferens,
952 2665 1089 2703 [Iisarcta
1103 2663 1238 2703 scelerum
1251 2663 1339 2692 vincla
1353 2663 1466 2703 dissolvi
1478 2664 1614 2703 omnium.

108 2699 261 2728 uiserabili
275 2699 338 2727 ﬂetu
355 2699 401 2726 Dei
418 2699 549 2727 auxilium
565 2699 683 2727 invocat.
707 2699 711 2701 ’
952 2701 1072 2729 Proinde
1086 2705 1112 2727 te
1125 2700 1221 2726 hortor
1235 2703 1261 2726 et
1274 2706 1382 2730 moneo,
1399 2699 1555 2725 mortalium

108 2735 194 2770 Atqui
208 2735 260 2762 iste
273 2735 365 2770 clarus
378 2734 476 2763 Petrus
492 2736 567 2768 olim,
584 2736 691 2770 prosilit
949 2735 989 2762 Nc
1013 2735 1041 2762 in
1072 2741 1238 2770 quemquam
1260 2734 1322 2761 odia
1346 2740 1435 2768 geras,
1462 2733 1598 2761 veictiam
1623 2741 1678 2770 non
1707 2733 1737 2759 in

108 2769 193 2797 Vultu
208 2769 321 2805 horrido
336 2774 416 2805 atque
431 2769 524 2801 ﬂebili,
540 2769 630 2797 aniino
642 2770 764 2798 saucius.
1145 2804 1149 2805 7
1361 2804 1366 2805 7
1467 2804 1471 2805 7
1639 2769 1702 2804 [hos

109 2805 187 2834 Dein.
205 2804 287 2837 Quid,
298 2804 387 2836 Petre',
402 2805 581 2840 luges?triste
589 2805 733 2840 dirumque
749 2805 773 2832 id
786 2805 896 2840 quidem
950 2805 1002 2838 Qui
1015 2812 1059 2840 me
1072 2809 1126 2832 tam
1144 2804 1266 2840 iniquam
1279 2804 1450 2831 sustulerunt
1466 2804 1497 2840 in7
1511 2811 1631 2832 crucem.

107 2840 188 2873 Quod
206 2840 379 2874 perpetrasti,
399 2839 453 2867 non
467 2844 557 2867 tamen
571 2841 648 2867 venia
663 2839 772 2867 excidit.
797 2839 802 2840 ⁷
950 2840 1026 2873 Deip.
1044 2839 1076 2871 Ο,
1094 2847 1111 2866 o
1126 2839 1291 2873 stupendum
1304 2839 1403 2866 nobilis
1417 2839 1515 2866 mentis
1533 2841 1633 2874 genus!

107 2876 132 2904 0
143 2875 211 2903 Nate
224 2875 318 2906 chare,
333 2882 350 2901 ο
363 2874 430 2902 Nate
445 2876 492 2908 mi,
505 2883 522 2902 ο
538 2875 656 2902 Verbum
673 2875 730 2908 Dei,
952 2874 998 2902 Sic
1011 2882 1153 2910 compares
1168 2877 1195 2901 te
1213 2878 1333 2902 extrema
1346 2875 1464 2909 patiens,
1485 2878 1514 2901 ut
1530 2878 1620 2900 tamen

296 2922 430 2953 ΡΑΤιιοι..
447 2923 505 2954 Gn.
522 2922 701 2953 XXXVIII.
1583 2922 1602 2950 7
