  <div class='ocr_page' id='page_1' title='image "/cluster/home/n/w/nwhite01/storage/ocr_20150623/38/njp.32101077772570/120.png"; bbox 0 0 1933 3041; ppageno 0'>
   <div class='ocr_carea' id='block_1_1' title="bbox 103 109 158 137">
    <p class='ocr_par' dir='ltr' id='par_1_1' title="bbox 103 109 158 137">
     <span class='ocr_line' id='line_1_1' title="bbox 103 109 158 137; baseline 0.036 -2"><span class='ocrx_word' id='word_1_1' title='bbox 103 109 158 137; x_wconf 70' lang='lat'><strong>225</strong></span> 
     </span>
    </p>
   </div>
   <div class='ocr_carea' id='block_1_2' title="bbox 103 167 727 204">
    <p class='ocr_par' dir='ltr' id='par_1_2' title="bbox 103 167 727 204">
     <span class='ocr_line' id='line_1_2' title="bbox 103 167 727 204; baseline 0.002 -9"><span class='ocrx_word' id='word_1_2' title='bbox 103 169 161 204; x_wconf 85' lang='grc' dir='ltr'><strong>Γῆς</strong></span> <span class='ocrx_word' id='word_1_3' title='bbox 174 169 270 203; x_wconf 80' lang='grc' dir='ltr'>γεῖσσα</span> <span class='ocrx_word' id='word_1_4' title='bbox 284 168 458 200; x_wconf 69' lang='grc' dir='ltr'>ωλευῡέντα,</span> <span class='ocrx_word' id='word_1_5' title='bbox 474 167 601 204; x_wconf 79' lang='grc' dir='ltr'>ραγείσας</span> <span class='ocrx_word' id='word_1_6' title='bbox 617 169 727 204; x_wconf 78' lang='grc' dir='ltr'>πέτρας.</span> 
     </span>
    </p>
   </div>
   <div class='ocr_carea' id='block_1_3' title="bbox 105 214 676 250">
    <p class='ocr_par' dir='ltr' id='par_1_3' title="bbox 105 214 676 250">
     <span class='ocr_line' id='line_1_3' title="bbox 105 214 676 250; baseline -0.004 -8"><span class='ocrx_word' id='word_1_7' title='bbox 105 214 214 249; x_wconf 68' lang='grc' dir='ltr'>Τάφους</span> <span class='ocrx_word' id='word_1_8' title='bbox 225 223 255 240; x_wconf 88' lang='grc' dir='ltr'><strong>τε</strong></span> <span class='ocrx_word' id='word_1_9' title='bbox 271 214 375 249; x_wconf 82' lang='grc' dir='ltr'><strong>νεκρῶν</strong></span> <span class='ocrx_word' id='word_1_10' title='bbox 391 214 465 250; x_wconf 75' lang='grc' dir='ltr'>ἄφαρ</span> <span class='ocrx_word' id='word_1_11' title='bbox 480 214 676 250; x_wconf 78' lang='grc' dir='ltr'>ἡνεῳγμένους.</span> 
     </span>
    </p>
   </div>
   <div class='ocr_carea' id='block_1_4' title="bbox 105 258 694 294">
    <p class='ocr_par' dir='ltr' id='par_1_4' title="bbox 105 258 694 294">
     <span class='ocr_line' id='line_1_4' title="bbox 105 258 694 294; baseline 0 -7"><span class='ocrx_word' id='word_1_12' title='bbox 105 260 192 291; x_wconf 75' lang='grc' dir='ltr'>Αὐτὸς</span> <span class='ocrx_word' id='word_1_13' title='bbox 204 260 226 286; x_wconf 82' lang='grc' dir='ltr'><strong>δ’</strong></span> <span class='ocrx_word' id='word_1_14' title='bbox 242 261 256 286; x_wconf 85' lang='grc' dir='ltr'><strong>ό</strong></span> <span class='ocrx_word' id='word_1_15' title='bbox 269 259 350 292; x_wconf 84' lang='grc' dir='ltr'>νύξας</span> <span class='ocrx_word' id='word_1_16' title='bbox 363 259 492 294; x_wconf 72' lang='grc' dir='ltr'>ἔντρομος</span> <span class='ocrx_word' id='word_1_17' title='bbox 509 258 599 285; x_wconf 86' lang='grc' dir='ltr'>πεσὼν</span> <span class='ocrx_word' id='word_1_18' title='bbox 614 258 694 293; x_wconf 82' lang='grc' dir='ltr'>θίγει.</span> 
     </span>
    </p>
   </div>
   <div class='ocr_carea' id='block_1_5' title="bbox 142 300 888 339">
    <p class='ocr_par' dir='ltr' id='par_1_5' title="bbox 142 300 888 339">
     <span class='ocr_line' id='line_1_5' title="bbox 142 300 888 339; baseline -0.004 -7"><span class='ocrx_word' id='word_1_19' title='bbox 142 305 212 332; x_wconf 88' lang='grc'><strong>1110</strong></span> <span class='ocrx_word' id='word_1_20' title='bbox 224 305 322 332; x_wconf 84' lang='grc' dir='ltr'>Θεοτό.</span> <span class='ocrx_word' id='word_1_21' title='bbox 333 302 368 330; x_wconf 83' lang='grc' dir='ltr'><strong><em>Ὦ</em></strong></span> <span class='ocrx_word' id='word_1_22' title='bbox 379 304 483 335; x_wconf 86' lang='grc' dir='ltr'>τέκνον,</span> <span class='ocrx_word' id='word_1_23' title='bbox 500 300 522 330; x_wconf 82' lang='grc' dir='ltr'><strong>ὣ</strong></span> <span class='ocrx_word' id='word_1_24' title='bbox 535 304 670 338; x_wconf 72' lang='grc' dir='ltr'>φίλτατον.</span> <span class='ocrx_word' id='word_1_25' title='bbox 686 301 708 330; x_wconf 84' lang='grc' dir='ltr'>ὧ</span> <span class='ocrx_word' id='word_1_26' title='bbox 721 303 791 330; x_wconf 81' lang='grc' dir='ltr'>θεῖον</span> <span class='ocrx_word' id='word_1_27' title='bbox 807 303 888 339; x_wconf 76' lang='grc' dir='ltr'>κάρα,</span> 
     </span>
    </p>
   </div>
   <div class='ocr_carea' id='block_1_6' title="bbox 105 349 696 385">
    <p class='ocr_par' dir='ltr' id='par_1_6' title="bbox 105 349 696 385">
     <span class='ocr_line' id='line_1_6' title="bbox 105 349 696 385; baseline -0.003 -8"><span class='ocrx_word' id='word_1_28' title='bbox 105 350 199 382; x_wconf 79' lang='grc' dir='ltr'>οὕτως</span> <span class='ocrx_word' id='word_1_29' title='bbox 213 349 315 385; x_wconf 78' lang='grc' dir='ltr'><strong>ἐφάνης</strong></span> <span class='ocrx_word' id='word_1_30' title='bbox 330 350 406 380; x_wconf 80' lang='grc' dir='ltr'>πᾶσι,</span> <span class='ocrx_word' id='word_1_31' title='bbox 418 350 464 376; x_wconf 76' lang='grc' dir='ltr'>καὶ</span> <span class='ocrx_word' id='word_1_32' title='bbox 480 351 535 380; x_wconf 84' lang='grc' dir='ltr'>τοῖς</span> <span class='ocrx_word' id='word_1_33' title='bbox 550 349 588 385; x_wconf 86' lang='grc' dir='ltr'>μὴ</span> <span class='ocrx_word' id='word_1_34' title='bbox 600 349 696 384; x_wconf 72' lang='grc' dir='ltr'>φίλοις.</span> 
     </span>
    </p>
   </div>
   <div class='ocr_carea' id='block_1_7' title="bbox 105 394 650 430">
    <p class='ocr_par' dir='ltr' id='par_1_7' title="bbox 105 394 650 430">
     <span class='ocr_line' id='line_1_7' title="bbox 105 394 650 430; baseline -0.004 -8"><span class='ocrx_word' id='word_1_35' title='bbox 105 396 214 430; x_wconf 76' lang='grc' dir='ltr'>Σφόδρα</span> <span class='ocrx_word' id='word_1_36' title='bbox 230 394 339 430; x_wconf 84' lang='grc' dir='ltr'>ποθεινὴ</span> <span class='ocrx_word' id='word_1_37' title='bbox 351 394 497 430; x_wconf 75' lang='grc' dir='ltr'><strong>δακρύουσι</strong></span> <span class='ocrx_word' id='word_1_38' title='bbox 512 394 650 430; x_wconf 80' lang='grc' dir='ltr'>συμφορὰ,</span> 
     </span>
    </p>
   </div>
   <div class='ocr_carea' id='block_1_8' title="bbox 105 438 673 476">
    <p class='ocr_par' dir='ltr' id='par_1_8' title="bbox 105 438 673 476">
     <span class='ocr_line' id='line_1_8' title="bbox 105 438 673 476; baseline -0.002 -9"><span class='ocrx_word' id='word_1_39' title='bbox 105 441 201 467; x_wconf 84' lang='grc' dir='ltr'>Κενῶν</span> <span class='ocrx_word' id='word_1_40' title='bbox 214 441 245 467; x_wconf 82' lang='grc' dir='ltr'><strong>τὺ</strong></span> <span class='ocrx_word' id='word_1_41' title='bbox 259 440 405 476; x_wconf 87' lang='grc' dir='ltr'>καθάρσιον</span> <span class='ocrx_word' id='word_1_42' title='bbox 419 438 488 475; x_wconf 73' lang='grc' dir='ltr'>αἷμα</span> <span class='ocrx_word' id='word_1_43' title='bbox 504 440 550 466; x_wconf 82' lang='grc' dir='ltr'>τοῦ</span> <span class='ocrx_word' id='word_1_44' title='bbox 563 440 673 474; x_wconf 82' lang='grc' dir='ltr'>γένους1</span> 
     </span>
    </p>
   </div>
   <div class='ocr_carea' id='block_1_9' title="bbox 105 485 742 521">
    <p class='ocr_par' dir='ltr' id='par_1_9' title="bbox 105 485 742 521">
     <span class='ocr_line' id='line_1_9' title="bbox 105 485 742 521; baseline 0 -8"><span class='ocrx_word' id='word_1_45' title='bbox 105 486 163 513; x_wconf 74' lang='grc' dir='ltr'><strong>Καὶ</strong></span> <span class='ocrx_word' id='word_1_46' title='bbox 176 486 315 521; x_wconf 84' lang='grc' dir='ltr'><strong>δυσμενεῖς</strong></span> <span class='ocrx_word' id='word_1_47' title='bbox 330 486 495 520; x_wconf 80' lang='grc' dir='ltr'><strong>φρίττουσιν,</strong></span> <span class='ocrx_word' id='word_1_48' title='bbox 510 485 653 521; x_wconf 78' lang='grc' dir='ltr'>ἀοροῦντες</span> <span class='ocrx_word' id='word_1_49' title='bbox 670 485 742 519; x_wconf 77' lang='grc' dir='ltr'>ξένα,</span> 
     </span>
    </p>
   </div>
   <div class='ocr_carea' id='block_1_10' title="bbox 107 531 714 568">
    <p class='ocr_par' dir='ltr' id='par_1_10' title="bbox 107 531 714 568">
     <span class='ocr_line' id='line_1_10' title="bbox 107 531 714 568; baseline -0.002 -9"><span class='ocrx_word' id='word_1_50' title='bbox 107 533 176 559; x_wconf 80' lang='grc'><strong>1115</strong></span> <span class='ocrx_word' id='word_1_51' title='bbox 189 531 255 559; x_wconf 83' lang='grc' dir='ltr'>Θεοῦ</span> <span class='ocrx_word' id='word_1_52' title='bbox 268 540 298 558; x_wconf 85' lang='grc' dir='ltr'><strong>τε</strong></span> <span class='ocrx_word' id='word_1_53' title='bbox 315 531 467 567; x_wconf 78' lang='grc' dir='ltr'><strong>κεκράγασι</strong></span> <span class='ocrx_word' id='word_1_54' title='bbox 480 531 586 568; x_wconf 80' lang='grc' dir='ltr'><strong>τρανῶς</strong></span> <span class='ocrx_word' id='word_1_55' title='bbox 603 533 626 558; x_wconf 80' lang='lat' dir='ltr'><strong>cr‘</strong></span> <span class='ocrx_word' id='word_1_56' title='bbox 639 531 714 558; x_wconf 78' lang='grc' dir='ltr'>Υιέα.</span> 
     </span>
    </p>
   </div>
   <div class='ocr_carea' id='block_1_11' title="bbox 105 576 677 613">
    <p class='ocr_par' dir='ltr' id='par_1_11' title="bbox 105 576 677 613">
     <span class='ocr_line' id='line_1_11' title="bbox 105 576 677 613; baseline -0.003 -8"><span class='ocrx_word' id='word_1_57' title='bbox 105 578 198 605; x_wconf 77' lang='grc' dir='ltr'>Πάντα</span> <span class='ocrx_word' id='word_1_58' title='bbox 211 577 367 613; x_wconf 81' lang='grc' dir='ltr'><strong>τρέμουσιν,</strong></span> <span class='ocrx_word' id='word_1_59' title='bbox 383 577 430 603; x_wconf 80' lang='grc' dir='ltr'>ᾶτε</span> <span class='ocrx_word' id='word_1_60' title='bbox 445 577 482 612; x_wconf 84' lang='grc' dir='ltr'>μὴ</span> <span class='ocrx_word' id='word_1_61' title='bbox 496 577 595 611; x_wconf 84' lang='grc' dir='ltr'>γνῶσιν</span> <span class='ocrx_word' id='word_1_62' title='bbox 611 576 677 612; x_wconf 81' lang='grc' dir='ltr'>ἔχει,</span> 
     </span>
    </p>
   </div>
   <div class='ocr_carea' id='block_1_12' title="bbox 106 622 687 657">
    <p class='ocr_par' dir='ltr' id='par_1_12' title="bbox 106 622 687 657">
     <span class='ocr_line' id='line_1_12' title="bbox 106 622 687 657; baseline -0.002 -8"><span class='ocrx_word' id='word_1_63' title='bbox 106 624 138 649; x_wconf 80' lang='grc' dir='ltr'><strong>υἱ</strong></span> <span class='ocrx_word' id='word_1_64' title='bbox 153 623 174 649; x_wconf 70' lang='grc' dir='ltr'><strong>δ’</strong></span> <span class='ocrx_word' id='word_1_65' title='bbox 187 624 307 657; x_wconf 78' lang='grc' dir='ltr'><strong>ἐγγενεῖς</strong></span> <span class='ocrx_word' id='word_1_66' title='bbox 321 624 346 649; x_wconf 78' lang='grc' dir='ltr'>σ²</span> <span class='ocrx_word' id='word_1_67' title='bbox 366 622 489 649; x_wconf 79' lang='grc' dir='ltr'>ἔκτειναν</span> <span class='ocrx_word' id='word_1_68' title='bbox 500 622 590 657; x_wconf 81' lang='grc' dir='ltr'>ἀλόγῳ</span> <span class='ocrx_word' id='word_1_69' title='bbox 605 622 687 657; x_wconf 79' lang='grc' dir='ltr'>φόνῳ,</span> 
     </span>
    </p>
   </div>
   <div class='ocr_carea' id='block_1_13' title="bbox 112 665 753 704">
    <p class='ocr_par' dir='ltr' id='par_1_13' title="bbox 112 665 753 704">
     <span class='ocr_line' id='line_1_13' title="bbox 112 665 753 704; baseline -0.002 -10"><span class='ocrx_word' id='word_1_70' title='bbox 112 668 156 702; x_wconf 81' lang='grc' dir='ltr'><strong>Ἐξ</strong></span> <span class='ocrx_word' id='word_1_71' title='bbox 167 665 204 696; x_wconf 82' lang='grc' dir='ltr'>ὧν</span> <span class='ocrx_word' id='word_1_72' title='bbox 217 668 243 703; x_wconf 81' lang='grc' dir='ltr'><strong>γ’</strong></span> <span class='ocrx_word' id='word_1_73' title='bbox 255 668 337 704; x_wconf 82' lang='grc' dir='ltr'><strong>ὲχρῆν</strong></span> <span class='ocrx_word' id='word_1_74' title='bbox 349 667 481 702; x_wconf 77' lang='grc' dir='ltr'>στέφανον</span> <span class='ocrx_word' id='word_1_75' title='bbox 494 668 536 699; x_wconf 83' lang='grc' dir='ltr'><strong>είς</strong></span> <span class='ocrx_word' id='word_1_76' title='bbox 547 668 634 703; x_wconf 80' lang='grc' dir='ltr'>χάραν</span> <span class='ocrx_word' id='word_1_77' title='bbox 650 666 753 700; x_wconf 75' lang='grc' dir='ltr'>λαϐεῖν,</span> 
     </span>
    </p>
   </div>
   <div class='ocr_carea' id='block_1_14' title="bbox 744 110 1090 140">
    <p class='ocr_par' dir='ltr' id='par_1_14' title="bbox 744 110 1090 140">
     <span class='ocr_line' id='line_1_14' title="bbox 744 110 1090 140; baseline 0.006 -2"><span class='ocrx_word' id='word_1_78' title='bbox 744 110 917 139; x_wconf 77' lang='lat' dir='ltr'><strong>CllﬂlSTUS</strong></span> <span class='ocrx_word' id='word_1_79' title='bbox 933 111 1090 140; x_wconf 79' lang='lat' dir='ltr'><strong>PATIENS.</strong></span> 
     </span>
    </p>
   </div>
   <div class='ocr_carea' id='block_1_15' title="bbox 909 162 1517 205">
    <p class='ocr_par' dir='ltr' id='par_1_15' title="bbox 909 162 1517 205">
     <span class='ocr_line' id='line_1_15' title="bbox 909 162 1517 205; baseline 0.003 -10"><span class='ocrx_word' id='word_1_80' title='bbox 909 172 930 199; x_wconf 78' lang='grc' dir='ltr'>Α</span> <span class='ocrx_word' id='word_1_81' title='bbox 944 169 1000 204; x_wconf 78' lang='grc' dir='ltr'><strong>Οὐχ</strong></span> <span class='ocrx_word' id='word_1_82' title='bbox 1013 167 1068 196; x_wconf 72' lang='grc' dir='ltr'>οἷον</span> <span class='ocrx_word' id='word_1_83' title='bbox 1082 169 1260 205; x_wconf 72' lang='grc' dir='ltr'>ἐμπαίζοντες</span> <span class='ocrx_word' id='word_1_84' title='bbox 1276 170 1386 204; x_wconf 67' lang='grc' dir='ltr'>ἔστεφόν</span> <span class='ocrx_word' id='word_1_85' title='bbox 1404 171 1433 197; x_wconf 86' lang='grc' dir='ltr'><strong>σέ</strong></span> 
     </span>
    </p>
   </div>
   <div class='ocr_carea' id='block_1_16' title="bbox 945 212 1611 249">
    <p class='ocr_par' dir='ltr' id='par_1_16' title="bbox 945 212 1611 249">
     <span class='ocr_line' id='line_1_16' title="bbox 945 212 1611 249; baseline -0.002 -9"><span class='ocrx_word' id='word_1_86' title='bbox 945 214 1013 242; x_wconf 70' lang='grc'><strong>1120</strong></span> <span class='ocrx_word' id='word_1_87' title='bbox 1025 215 1056 241; x_wconf 73' lang='lat' dir='ltr'><strong>Ol</strong></span> <span class='ocrx_word' id='word_1_88' title='bbox 1068 214 1089 240; x_wconf 86' lang='grc' dir='ltr'><strong>δ’</strong></span> <span class='ocrx_word' id='word_1_89' title='bbox 1101 214 1161 241; x_wconf 81' lang='grc' dir='ltr'>οὐδὲ</span> <span class='ocrx_word' id='word_1_90' title='bbox 1173 213 1344 249; x_wconf 75' lang='grc' dir='ltr'>φροντίζουσί</span> <span class='ocrx_word' id='word_1_91' title='bbox 1359 214 1383 240; x_wconf 69' lang='grc' dir='ltr'><strong>δ’</strong></span> <span class='ocrx_word' id='word_1_92' title='bbox 1397 213 1512 240; x_wconf 81' lang='grc' dir='ltr'>ὲνοεῖναι</span> <span class='ocrx_word' id='word_1_93' title='bbox 1523 212 1611 248; x_wconf 84' lang='grc' dir='ltr'>τάφῳ.</span> 
     </span>
    </p>
   </div>
   <div class='ocr_carea' id='block_1_17' title="bbox 944 257 1514 294">
    <p class='ocr_par' dir='ltr' id='par_1_17' title="bbox 944 257 1514 294">
     <span class='ocr_line' id='line_1_17' title="bbox 944 257 1514 294; baseline 0 -8"><span class='ocrx_word' id='word_1_94' title='bbox 944 260 1005 292; x_wconf 84' lang='grc' dir='ltr'><strong>Πῶς</strong></span> <span class='ocrx_word' id='word_1_95' title='bbox 1020 257 1066 286; x_wconf 78' lang='grc' dir='ltr'>οὖν</span> <span class='ocrx_word' id='word_1_96' title='bbox 1081 259 1136 294; x_wconf 78' lang='grc' dir='ltr'><strong>ἐγώ</strong></span> <span class='ocrx_word' id='word_1_97' title='bbox 1149 268 1179 286; x_wconf 86' lang='grc' dir='ltr'><strong>σε</strong></span> <span class='ocrx_word' id='word_1_98' title='bbox 1192 260 1239 286; x_wconf 73' lang='grc' dir='ltr'>τοῦ</span> <span class='ocrx_word' id='word_1_99' title='bbox 1257 260 1334 293; x_wconf 78' lang='grc' dir='ltr'>ξύλου</span> <span class='ocrx_word' id='word_1_100' title='bbox 1350 260 1514 293; x_wconf 80' lang='grc' dir='ltr'>καταγάγω;</span> 
     </span>
    </p>
   </div>
   <div class='ocr_carea' id='block_1_18' title="bbox 943 304 1525 340">
    <p class='ocr_par' dir='ltr' id='par_1_18' title="bbox 943 304 1525 340">
     <span class='ocr_line' id='line_1_18' title="bbox 943 304 1525 340; baseline -0.003 -9"><span class='ocrx_word' id='word_1_101' title='bbox 943 305 1016 340; x_wconf 86' lang='grc' dir='ltr'>Ποίῳ</span> <span class='ocrx_word' id='word_1_102' title='bbox 1028 305 1054 331; x_wconf 85' lang='grc' dir='ltr'>δὲ</span> <span class='ocrx_word' id='word_1_103' title='bbox 1069 305 1165 340; x_wconf 82' lang='grc' dir='ltr'>τύμϐῳ</span> <span class='ocrx_word' id='word_1_104' title='bbox 1179 305 1348 340; x_wconf 82' lang='grc' dir='ltr'><strong>καταθείμην</strong></span> <span class='ocrx_word' id='word_1_105' title='bbox 1358 304 1410 330; x_wconf 85' lang='grc' dir='ltr'>’σου</span> <span class='ocrx_word' id='word_1_106' title='bbox 1423 304 1507 337; x_wconf 83' lang='grc' dir='ltr'><strong>δέμας</strong></span> <span class='ocrx_word' id='word_1_107' title='bbox 1518 311 1525 334; x_wconf 85' lang='lat'><strong>;</strong></span> 
     </span>
    </p>
   </div>
   <div class='ocr_carea' id='block_1_19' title="bbox 943 349 1552 384">
    <p class='ocr_par' dir='ltr' id='par_1_19' title="bbox 943 349 1552 384">
     <span class='ocr_line' id='line_1_19' title="bbox 943 349 1552 384; baseline -0.003 -8"><span class='ocrx_word' id='word_1_108' title='bbox 943 350 1034 381; x_wconf 85' lang='grc' dir='ltr'>Ποίοις</span> <span class='ocrx_word' id='word_1_109' title='bbox 1044 358 1074 376; x_wconf 87' lang='grc' dir='ltr'><strong>τε</strong></span> <span class='ocrx_word' id='word_1_110' title='bbox 1087 349 1197 381; x_wconf 81' lang='grc' dir='ltr'>πέπλοις</span> <span class='ocrx_word' id='word_1_111' title='bbox 1214 349 1395 384; x_wconf 75' lang='grc' dir='ltr'>κατακαλὺψω</span> <span class='ocrx_word' id='word_1_112' title='bbox 1409 358 1449 376; x_wconf 82' lang='grc' dir='ltr'><strong>σοι</strong></span> <span class='ocrx_word' id='word_1_113' title='bbox 1466 349 1552 383; x_wconf 84' lang='grc' dir='ltr'>μέλη;</span> 
     </span>
    </p>
   </div>
   <div class='ocr_carea' id='block_1_20' title="bbox 943 392 1533 430">
    <p class='ocr_par' dir='ltr' id='par_1_20' title="bbox 943 392 1533 430">
     <span class='ocr_line' id='line_1_20' title="bbox 943 392 1533 430; baseline 0 -10"><span class='ocrx_word' id='word_1_114' title='bbox 943 395 1019 426; x_wconf 78' lang='grc' dir='ltr'>Τίνος</span> <span class='ocrx_word' id='word_1_115' title='bbox 1033 404 1062 421; x_wconf 87' lang='grc' dir='ltr'><strong>σε</strong></span> <span class='ocrx_word' id='word_1_116' title='bbox 1076 395 1260 430; x_wconf 78' lang='grc' dir='ltr'><strong>κηδεύσουσιν,</strong></span> <span class='ocrx_word' id='word_1_117' title='bbox 1277 392 1300 421; x_wconf 84' lang='grc' dir='ltr'>ὧ</span> <span class='ocrx_word' id='word_1_118' title='bbox 1314 395 1424 426; x_wconf 83' lang='grc' dir='ltr'>Τέκνον,</span> <span class='ocrx_word' id='word_1_119' title='bbox 1438 395 1533 429; x_wconf 81' lang='grc' dir='ltr'>χέρες;</span> 
     </span>
    </p>
   </div>
   <div class='ocr_carea' id='block_1_21' title="bbox 945 439 1681 476">
    <p class='ocr_par' dir='ltr' id='par_1_21' title="bbox 945 439 1681 476">
     <span class='ocr_line' id='line_1_21' title="bbox 945 439 1681 476; baseline -0.003 -9"><span class='ocrx_word' id='word_1_120' title='bbox 945 440 1013 468; x_wconf 70' lang='grc'><strong>1125</strong></span> <span class='ocrx_word' id='word_1_121' title='bbox 1030 441 1063 467; x_wconf 85' lang='grc' dir='ltr'><strong>Οῖ</strong></span> <span class='ocrx_word' id='word_1_122' title='bbox 1078 442 1136 476; x_wconf 67' lang='lat' dir='ltr'><strong>pot!</strong></span> <span class='ocrx_word' id='word_1_123' title='bbox 1151 441 1177 467; x_wconf 85' lang='grc' dir='ltr'><strong>τί</strong></span> <span class='ocrx_word' id='word_1_124' title='bbox 1189 440 1295 476; x_wconf 81' lang='grc' dir='ltr'>δράσω;</span> <span class='ocrx_word' id='word_1_125' title='bbox 1308 441 1349 472; x_wconf 84' lang='grc' dir='ltr'><strong>τίς</strong></span> <span class='ocrx_word' id='word_1_126' title='bbox 1361 440 1482 475; x_wconf 83' lang='grc' dir='ltr'>γένωμαι</span> <span class='ocrx_word' id='word_1_127' title='bbox 1499 439 1681 474; x_wconf 74' lang='grc' dir='ltr'>παντλάμωνς</span> 
     </span>
    </p>
   </div>
   <div class='ocr_carea' id='block_1_22' title="bbox 943 485 1559 519">
    <p class='ocr_par' dir='ltr' id='par_1_22' title="bbox 943 485 1559 519">
     <span class='ocr_line' id='line_1_22' title="bbox 943 485 1559 519; baseline -0.002 -7"><span class='ocrx_word' id='word_1_128' title='bbox 943 486 975 512; x_wconf 88' lang='grc' dir='ltr'><strong>Τί</strong></span> <span class='ocrx_word' id='word_1_129' title='bbox 987 485 1061 512; x_wconf 84' lang='grc' dir='ltr'>ταῦτ’</span> <span class='ocrx_word' id='word_1_130' title='bbox 1076 485 1148 512; x_wconf 83' lang='grc' dir='ltr'><strong>ἀλύω</strong></span> <span class='ocrx_word' id='word_1_131' title='bbox 1161 494 1167 518; x_wconf 92' lang='grc'><strong>;</strong></span> <span class='ocrx_word' id='word_1_132' title='bbox 1182 486 1307 512; x_wconf 79' lang='grc' dir='ltr'><strong>πειστέον</strong></span> <span class='ocrx_word' id='word_1_133' title='bbox 1321 487 1377 517; x_wconf 84' lang='grc' dir='ltr'>τοῖς</span> <span class='ocrx_word' id='word_1_134' title='bbox 1392 487 1447 517; x_wconf 84' lang='grc' dir='ltr'>σοῖς</span> <span class='ocrx_word' id='word_1_135' title='bbox 1461 485 1559 519; x_wconf 85' lang='grc' dir='ltr'>λόγοις,</span> 
     </span>
    </p>
   </div>
   <div class='ocr_carea' id='block_1_23' title="bbox 945 528 1554 566">
    <p class='ocr_par' dir='ltr' id='par_1_23' title="bbox 945 528 1554 566">
     <span class='ocr_line' id='line_1_23' title="bbox 945 528 1554 566; baseline 0 -9"><span class='ocrx_word' id='word_1_136' title='bbox 945 530 1055 566; x_wconf 83' lang='grc' dir='ltr'>Ἔργοις</span> <span class='ocrx_word' id='word_1_137' title='bbox 1067 531 1102 562; x_wconf 80' lang='lat'><strong>0‘,</strong></span> <span class='ocrx_word' id='word_1_138' title='bbox 1114 528 1154 562; x_wconf 63' lang='grc' dir='ltr'>οἷς</span> <span class='ocrx_word' id='word_1_139' title='bbox 1169 530 1312 563; x_wconf 83' lang='grc' dir='ltr'>ὑπέδειξας</span> <span class='ocrx_word' id='word_1_140' title='bbox 1337 532 1376 563; x_wconf 72' lang='grc' dir='ltr'><strong>εἰς</strong></span> <span class='ocrx_word' id='word_1_141' title='bbox 1392 530 1554 566; x_wconf 79' lang='grc' dir='ltr'>μαρτυρίαν,</span> 
     </span>
    </p>
   </div>
   <div class='ocr_carea' id='block_1_24' title="bbox 949 575 1519 611">
    <p class='ocr_par' dir='ltr' id='par_1_24' title="bbox 949 575 1519 611">
     <span class='ocr_line' id='line_1_24' title="bbox 949 575 1519 611; baseline 0 -9"><span class='ocrx_word' id='word_1_142' title='bbox 949 576 992 608; x_wconf 86' lang='grc' dir='ltr'>Ὡς</span> <span class='ocrx_word' id='word_1_143' title='bbox 1004 576 1026 602; x_wconf 80' lang='grc' dir='ltr'><strong>δ’</strong></span> <span class='ocrx_word' id='word_1_144' title='bbox 1041 576 1114 602; x_wconf 78' lang='grc' dir='ltr'>ἐστιν</span> <span class='ocrx_word' id='word_1_145' title='bbox 1127 576 1200 603; x_wconf 79' lang='grc' dir='ltr'>ἆπαν</span> <span class='ocrx_word' id='word_1_146' title='bbox 1211 585 1252 603; x_wconf 82' lang='grc' dir='ltr'><strong>σοι</strong></span> <span class='ocrx_word' id='word_1_147' title='bbox 1266 576 1385 611; x_wconf 74' lang='grc' dir='ltr'>Θελητὺν,</span> <span class='ocrx_word' id='word_1_148' title='bbox 1400 575 1519 602; x_wconf 81' lang='grc' dir='ltr'>δυνατόν.</span> 
     </span>
    </p>
   </div>
   <div class='ocr_carea' id='block_1_25' title="bbox 943 621 1488 657">
    <p class='ocr_par' dir='ltr' id='par_1_25' title="bbox 943 621 1488 657">
     <span class='ocr_line' id='line_1_25' title="bbox 943 621 1488 657; baseline 0 -10"><span class='ocrx_word' id='word_1_149' title='bbox 943 621 1051 648; x_wconf 84' lang='grc' dir='ltr'>Πολλῶν</span> <span class='ocrx_word' id='word_1_150' title='bbox 1070 622 1179 657; x_wconf 83' lang='grc' dir='ltr'>ταμεῖόν</span> <span class='ocrx_word' id='word_1_151' title='bbox 1195 623 1268 648; x_wconf 76' lang='grc' dir='ltr'>ἐστιν</span> <span class='ocrx_word' id='word_1_152' title='bbox 1279 622 1402 649; x_wconf 80' lang='grc' dir='ltr'>ἀέλπτων</span> <span class='ocrx_word' id='word_1_153' title='bbox 1414 621 1488 653; x_wconf 73' lang='grc' dir='ltr'>Θεὸς,</span> 
     </span>
    </p>
   </div>
   <div class='ocr_carea' id='block_1_26' title="bbox 946 665 1638 702">
    <p class='ocr_par' dir='ltr' id='par_1_26' title="bbox 946 665 1638 702">
     <span class='ocr_line' id='line_1_26' title="bbox 946 665 1638 702; baseline -0.003 -8"><span class='ocrx_word' id='word_1_154' title='bbox 946 667 1013 694; x_wconf 75' lang='grc'><strong>1150</strong></span> <span class='ocrx_word' id='word_1_155' title='bbox 1028 667 1116 694; x_wconf 84' lang='grc' dir='ltr'>Πολλά</span> <span class='ocrx_word' id='word_1_156' title='bbox 1131 667 1154 693; x_wconf 80' lang='grc' dir='ltr'>τ’</span> <span class='ocrx_word' id='word_1_157' title='bbox 1169 667 1293 694; x_wconf 78' lang='grc' dir='ltr'>ἀέλπτων</span> <span class='ocrx_word' id='word_1_158' title='bbox 1308 667 1434 699; x_wconf 83' lang='grc' dir='ltr'>πολλάκις</span> <span class='ocrx_word' id='word_1_159' title='bbox 1445 666 1550 702; x_wconf 85' lang='grc' dir='ltr'>κραίνει</span> <span class='ocrx_word' id='word_1_160' title='bbox 1562 665 1638 697; x_wconf 66' lang='grc' dir='ltr'>Θεος,</span> 
     </span>
    </p>
   </div>
   <div class='ocr_carea' id='block_1_27' title="bbox 354 743 1067 775">
    <p class='ocr_par' dir='ltr' id='par_1_27' title="bbox 354 743 1067 775">
     <span class='ocr_line' id='line_1_27' title="bbox 354 743 1067 775; baseline -0.001 -4"><span class='ocrx_word' id='word_1_161' title='bbox 354 743 475 772; x_wconf 87' lang='lat' dir='ltr'><strong>Edocent</strong></span> <span class='ocrx_word' id='word_1_162' title='bbox 488 751 622 772; x_wconf 84' lang='lat' dir='ltr'><strong>concussa</strong></span> <span class='ocrx_word' id='word_1_163' title='bbox 634 747 713 772; x_wconf 74' lang='lat' dir='ltr'><strong>terra:</strong></span> <span class='ocrx_word' id='word_1_164' title='bbox 727 743 844 775; x_wconf 84' lang='lat' dir='ltr'><strong>viscera.</strong></span> <span class='ocrx_word' id='word_1_165' title='bbox 860 747 887 770; x_wconf 89' lang='lat' dir='ltr'><strong>et</strong></span> <span class='ocrx_word' id='word_1_166' title='bbox 904 743 974 771; x_wconf 83' lang='lat' dir='ltr'><strong>illisa</strong></span> <span class='ocrx_word' id='word_1_167' title='bbox 990 751 1067 775; x_wconf 86' lang='lat' dir='ltr'><strong>saxa,</strong></span> 
     </span>
    </p>
   </div>
   <div class='ocr_carea' id='block_1_28' title="bbox 355 778 899 812">
    <p class='ocr_par' dir='ltr' id='par_1_28' title="bbox 355 778 899 812">
     <span class='ocr_line' id='line_1_28' title="bbox 355 778 899 812; baseline -0.002 -6"><span class='ocrx_word' id='word_1_168' title='bbox 355 779 389 806; x_wconf 88' lang='lat' dir='ltr'><strong>Et</strong></span> <span class='ocrx_word' id='word_1_169' title='bbox 401 779 498 806; x_wconf 85' lang='lat' dir='ltr'><strong>tumuli</strong></span> <span class='ocrx_word' id='word_1_170' title='bbox 516 784 684 807; x_wconf 87' lang='lat' dir='ltr'><strong>mortuorum</strong></span> <span class='ocrx_word' id='word_1_171' title='bbox 702 779 792 805; x_wconf 85' lang='lat' dir='ltr'><strong>statim</strong></span> <span class='ocrx_word' id='word_1_172' title='bbox 804 778 899 812; x_wconf 88' lang='lat' dir='ltr'><strong>aperti.</strong></span> 
     </span>
    </p>
   </div>
   <div class='ocr_carea' id='block_1_29' title="bbox 354 812 1418 848">
    <p class='ocr_par' dir='ltr' id='par_1_29' title="bbox 354 812 1418 848">
     <span class='ocr_line' id='line_1_29' title="bbox 354 812 1418 848; baseline -0.002 -7"><span class='ocrx_word' id='word_1_173' title='bbox 354 813 504 842; x_wconf 86' lang='lat' dir='ltr'><strong>Percussor</strong></span> <span class='ocrx_word' id='word_1_174' title='bbox 516 819 606 842; x_wconf 86' lang='lat' dir='ltr'><strong>autem</strong></span> <span class='ocrx_word' id='word_1_175' title='bbox 624 817 754 843; x_wconf 86' lang='lat' dir='ltr'><strong>tremens.</strong></span> <span class='ocrx_word' id='word_1_176' title='bbox 767 817 794 839; x_wconf 89' lang='lat' dir='ltr'><strong>et</strong></span> <span class='ocrx_word' id='word_1_177' title='bbox 808 813 842 839; x_wconf 86' lang='lat' dir='ltr'><strong>ad</strong></span> <span class='ocrx_word' id='word_1_178' title='bbox 854 820 963 848; x_wconf 85' lang='lat' dir='ltr'><strong>crucem</strong></span> <span class='ocrx_word' id='word_1_179' title='bbox 976 812 1120 847; x_wconf 88' lang='lat' dir='ltr'><strong>procidcns</strong></span> <span class='ocrx_word' id='word_1_180' title='bbox 1132 813 1219 847; x_wconf 84' lang='lat' dir='ltr'><strong>ipsam</strong></span> <span class='ocrx_word' id='word_1_181' title='bbox 1235 813 1418 848; x_wconf 74' lang='lat' dir='ltr'><strong>amplectitur.</strong></span> 
     </span>
    </p>
   </div>
   <div class='ocr_carea' id='block_1_30' title="bbox 390 847 1176 882">
    <p class='ocr_par' dir='ltr' id='par_1_30' title="bbox 390 847 1176 882">
     <span class='ocr_line' id='line_1_30' title="bbox 390 847 1176 882; baseline -0.003 -6"><span class='ocrx_word' id='word_1_182' title='bbox 390 848 460 876; x_wconf 91' lang='grc'><strong>1110</strong></span> <span class='ocrx_word' id='word_1_183' title='bbox 478 848 552 882; x_wconf 82' lang='lat' dir='ltr'><strong>Deip.</strong></span> <span class='ocrx_word' id='word_1_184' title='bbox 573 849 595 875; x_wconf 87' lang='lat'><strong>0</strong></span> <span class='ocrx_word' id='word_1_185' title='bbox 608 848 668 879; x_wconf 86' lang='lat' dir='ltr'><strong>Fili,</strong></span> <span class='ocrx_word' id='word_1_186' title='bbox 681 855 698 874; x_wconf 88' lang='lat'><strong>0</strong></span> <span class='ocrx_word' id='word_1_187' title='bbox 712 848 898 879; x_wconf 76' lang='lat' dir='ltr'><strong>dilectissime,</strong></span> <span class='ocrx_word' id='word_1_188' title='bbox 913 855 929 875; x_wconf 92' lang='grc' dir='ltr'><strong>ο</strong></span> <span class='ocrx_word' id='word_1_189' title='bbox 946 847 1069 874; x_wconf 88' lang='lat' dir='ltr'><strong>divinum</strong></span> <span class='ocrx_word' id='word_1_190' title='bbox 1083 852 1176 882; x_wconf 84' lang='lat' dir='ltr'><strong>caput,</strong></span> 
     </span>
    </p>
   </div>
   <div class='ocr_carea' id='block_1_31' title="bbox 355 882 1173 918">
    <p class='ocr_par' dir='ltr' id='par_1_31' title="bbox 355 882 1173 918">
     <span class='ocr_line' id='line_1_31' title="bbox 355 882 1173 918; baseline 0 -8"><span class='ocrx_word' id='word_1_191' title='bbox 355 883 429 911; x_wconf 90' lang='lat' dir='ltr'><strong>Talis</strong></span> <span class='ocrx_word' id='word_1_192' title='bbox 446 886 487 910; x_wconf 85' lang='lat' dir='ltr'><strong>est</strong></span> <span class='ocrx_word' id='word_1_193' title='bbox 502 889 546 910; x_wconf 88' lang='lat' dir='ltr'><strong>tua</strong></span> <span class='ocrx_word' id='word_1_194' title='bbox 560 891 622 918; x_wconf 77' lang='lat' dir='ltr'><strong>erga</strong></span> <span class='ocrx_word' id='word_1_195' title='bbox 635 890 740 918; x_wconf 87' lang='lat' dir='ltr'><strong>omnes,</strong></span> <span class='ocrx_word' id='word_1_196' title='bbox 756 883 837 918; x_wconf 84' lang='lat' dir='ltr'><strong>etiam</strong></span> <span class='ocrx_word' id='word_1_197' title='bbox 853 882 990 915; x_wconf 83' lang='lat' dir='ltr'><strong>inimicos,</strong></span> <span class='ocrx_word' id='word_1_198' title='bbox 1008 883 1173 918; x_wconf 81' lang='lat' dir='ltr'><strong>benignitas.</strong></span> 
     </span>
    </p>
   </div>
   <div class='ocr_carea' id='block_1_32' title="bbox 354 917 877 953">
    <p class='ocr_par' dir='ltr' id='par_1_32' title="bbox 354 917 877 953">
     <span class='ocr_line' id='line_1_32' title="bbox 354 917 877 953; baseline -0.004 -8"><span class='ocrx_word' id='word_1_199' title='bbox 354 918 377 946; x_wconf 92' lang='grc' dir='ltr'>Ο</span> <span class='ocrx_word' id='word_1_200' title='bbox 387 918 466 945; x_wconf 85' lang='lat' dir='ltr'><strong>valde</strong></span> <span class='ocrx_word' id='word_1_201' title='bbox 479 918 560 953; x_wconf 78' lang='lat' dir='ltr'><strong>digna</strong></span> <span class='ocrx_word' id='word_1_202' title='bbox 568 917 703 953; x_wconf 19' lang='lat' dir='ltr'><strong>Vlacrymis</strong></span> <span class='ocrx_word' id='word_1_203' title='bbox 719 917 877 953; x_wconf 77' lang='lat' dir='ltr'><strong>calamitas!</strong></span> 
     </span>
    </p>
   </div>
   <div class='ocr_carea' id='block_1_33' title="bbox 356 951 1096 987">
    <p class='ocr_par' dir='ltr' id='par_1_33' title="bbox 356 951 1096 987">
     <span class='ocr_line' id='line_1_33' title="bbox 356 951 1096 987; baseline -0.003 -7"><span class='ocrx_word' id='word_1_204' title='bbox 356 951 519 987; x_wconf 79' lang='lat' dir='ltr'><strong>Sanguinem</strong></span> <span class='ocrx_word' id='word_1_205' title='bbox 537 951 663 984; x_wconf 31' lang='lat' dir='ltr'><strong>eﬂundi’s,</strong></span> <span class='ocrx_word' id='word_1_206' title='bbox 680 951 725 986; x_wconf 93' lang='lat' dir='ltr'><strong>qui</strong></span> <span class='ocrx_word' id='word_1_207' title='bbox 741 959 828 987; x_wconf 81' lang='lat' dir='ltr'><strong>genus</strong></span> <span class='ocrx_word' id='word_1_208' title='bbox 842 951 981 978; x_wconf 87' lang='lat' dir='ltr'><strong>hominum</strong></span> <span class='ocrx_word' id='word_1_209' title='bbox 996 951 1096 987; x_wconf 80' lang='lat' dir='ltr'><strong>expiet.</strong></span> 
     </span>
    </p>
   </div>
   <div class='ocr_carea' id='block_1_34' title="bbox 353 987 984 1017">
    <p class='ocr_par' dir='ltr' id='par_1_34' title="bbox 353 987 984 1017">
     <span class='ocr_line' id='line_1_34' title="bbox 353 987 984 1017; baseline -0.003 -2"><span class='ocrx_word' id='word_1_210' title='bbox 353 987 574 1015; x_wconf 86' lang='lat' dir='ltr'><strong>Contremiscunt</strong></span> <span class='ocrx_word' id='word_1_211' title='bbox 587 991 614 1014; x_wconf 91' lang='lat' dir='ltr'><strong>et</strong></span> <span class='ocrx_word' id='word_1_212' title='bbox 630 987 744 1017; x_wconf 84' lang='lat' dir='ltr'><strong>inimici.</strong></span> <span class='ocrx_word' id='word_1_213' title='bbox 761 994 831 1014; x_wconf 84' lang='lat' dir='ltr'><strong>nova</strong></span> <span class='ocrx_word' id='word_1_214' title='bbox 848 987 984 1014; x_wconf 74' lang='lat' dir='ltr'><strong>intuentes</strong></span> 
     </span>
    </p>
   </div>
   <div class='ocr_carea' id='block_1_35' title="bbox 354 1021 1321 1083">
    <p class='ocr_par' dir='ltr' id='par_1_35' title="bbox 354 1021 1321 1083">
     <span class='ocr_line' id='line_1_35' title="bbox 354 1021 1321 1083; baseline 0 -34"><span class='ocrx_word' id='word_1_215' title='bbox 354 1022 586 1083; x_wconf 49' lang='lat'><strong>*272-1273</strong></span> <span class='ocrx_word' id='word_1_216' title='bbox 604 1022 673 1048; x_wconf 84' lang='grc'><strong>1115</strong></span> <span class='ocrx_word' id='word_1_217' title='bbox 692 1021 724 1048; x_wconf 88' lang='lat' dir='ltr'><strong>Et</strong></span> <span class='ocrx_word' id='word_1_218' title='bbox 738 1026 831 1061; x_wconf 77' lang='lat' dir='ltr'><strong>aperta</strong></span> <span class='ocrx_word' id='word_1_219' title='bbox 845 1028 911 1061; x_wconf 74' lang='lat' dir='ltr'><strong>voce</strong></span> <span class='ocrx_word' id='word_1_220' title='bbox 923 1026 949 1049; x_wconf 90' lang='lat' dir='ltr'><strong>te</strong></span> <span class='ocrx_word' id='word_1_221' title='bbox 963 1021 1063 1048; x_wconf 83' lang='lat' dir='ltr'><strong>Filium</strong></span> <span class='ocrx_word' id='word_1_222' title='bbox 1077 1021 1126 1053; x_wconf 85' lang='lat' dir='ltr'><strong>Dei</strong></span> <span class='ocrx_word' id='word_1_223' title='bbox 1139 1022 1321 1057; x_wconf 80' lang='lat' dir='ltr'><strong>proclamant.</strong></span> 
     </span>
     <span class='ocr_line' id='line_1_36' title="bbox 379 1057 957 1083; baseline -0.002 0"><span class='ocrx_word' id='word_1_224' title='bbox 379 1063 486 1083; x_wconf 92' lang='lat' dir='ltr'><strong>remunt</strong></span> <span class='ocrx_word' id='word_1_225' title='bbox 503 1065 562 1083; x_wconf 82' lang='lat' dir='ltr'><strong>ipsa</strong></span> <span class='ocrx_word' id='word_1_226' title='bbox 578 1064 688 1083; x_wconf 88' lang='lat' dir='ltr'><strong>auoaue</strong></span> <span class='ocrx_word' id='word_1_227' title='bbox 700 1060 805 1083; x_wconf 86' lang='lat' dir='ltr'><strong>ratione</strong></span> <span class='ocrx_word' id='word_1_228' title='bbox 815 1057 957 1083; x_wconf 86' lang='lat' dir='ltr'><strong>destituta.</strong></span> 
     </span>
    </p>
   </div>
   <div class='ocr_carea' id='block_1_36' title="bbox 379 1056 957 1092">
    <p class='ocr_par' dir='ltr' id='par_1_36' title="bbox 379 1056 957 1092">
     <span class='ocr_line' id='line_1_37' title="bbox 379 1056 957 1092; baseline -0.002 -9"><span class='ocrx_word' id='word_1_229' title='bbox 379 1056 486 1084; x_wconf 82' lang='lat' dir='ltr'><strong>remum</strong></span> <span class='ocrx_word' id='word_1_230' title='bbox 503 1056 688 1092; x_wconf 54' lang='lat' dir='ltr'><strong>ipsa&#39;quoque</strong></span> <span class='ocrx_word' id='word_1_231' title='bbox 700 1057 805 1092; x_wconf 82' lang='lat' dir='ltr'><strong>ratione</strong></span> <span class='ocrx_word' id='word_1_232' title='bbox 815 1056 957 1092; x_wconf 84' lang='lat' dir='ltr'><strong>destituta.</strong></span> 
     </span>
    </p>
   </div>
   <div class='ocr_carea' id='block_1_37' title="bbox 353 1090 1005 1126">
    <p class='ocr_par' dir='ltr' id='par_1_37' title="bbox 353 1090 1005 1126">
     <span class='ocr_line' id='line_1_38' title="bbox 353 1090 1005 1126; baseline -0.002 -8"><span class='ocrx_word' id='word_1_233' title='bbox 353 1091 499 1126; x_wconf 84' lang='lat' dir='ltr'><strong>Propinqui</strong></span> <span class='ocrx_word' id='word_1_234' title='bbox 512 1090 603 1119; x_wconf 77' lang='lat' dir='ltr'><strong>autem</strong></span> <span class='ocrx_word' id='word_1_235' title='bbox 621 1090 651 1119; x_wconf 75' lang='lat' dir='ltr'><strong>te</strong></span> <span class='ocrx_word' id='word_1_236' title='bbox 660 1098 731 1118; x_wconf 62' lang='lat' dir='ltr'><strong>caeca</strong></span> <span class='ocrx_word' id='word_1_237' title='bbox 747 1090 822 1118; x_wconf 83' lang='lat' dir='ltr'><strong>rabie</strong></span> <span class='ocrx_word' id='word_1_238' title='bbox 836 1091 1005 1122; x_wconf 77' lang='lat' dir='ltr'><strong>occiderunt,</strong></span> 
     </span>
    </p>
   </div>
   <div class='ocr_carea' id='block_1_38' title="bbox 354 1126 1097 1161">
    <p class='ocr_par' dir='ltr' id='par_1_38' title="bbox 354 1126 1097 1161">
     <span class='ocr_line' id='line_1_39' title="bbox 354 1126 1097 1161; baseline -0.001 -8"><span class='ocrx_word' id='word_1_239' title='bbox 354 1126 394 1154; x_wconf 85' lang='lat' dir='ltr'><strong>Ex</strong></span> <span class='ocrx_word' id='word_1_240' title='bbox 410 1126 511 1161; x_wconf 89' lang='lat' dir='ltr'><strong>quibus</strong></span> <span class='ocrx_word' id='word_1_241' title='bbox 527 1134 656 1154; x_wconf 84' lang='lat' dir='ltr'><strong>coronam</strong></span> <span class='ocrx_word' id='word_1_242' title='bbox 671 1126 793 1161; x_wconf 19' lang='lat' dir='ltr'><strong>inrcaput</strong></span> <span class='ocrx_word' id='word_1_243' title='bbox 807 1126 931 1161; x_wconf 85' lang='lat' dir='ltr'><strong>accipere</strong></span> <span class='ocrx_word' id='word_1_244' title='bbox 945 1126 1097 1158; x_wconf 85' lang='lat' dir='ltr'><strong>debuisses,</strong></span> 
     </span>
    </p>
   </div>
   <div class='ocr_carea' id='block_1_39' title="bbox 353 1160 994 1196">
    <p class='ocr_par' dir='ltr' id='par_1_39' title="bbox 353 1160 994 1196">
     <span class='ocr_line' id='line_1_40' title="bbox 353 1160 994 1196; baseline 0 -8"><span class='ocrx_word' id='word_1_245' title='bbox 353 1160 465 1196; x_wconf 33' lang='lat' dir='ltr'><strong>Non’ttt</strong></span> <span class='ocrx_word' id='word_1_246' title='bbox 479 1161 628 1196; x_wconf 87' lang='lat' dir='ltr'><strong>impudenti</strong></span> <span class='ocrx_word' id='word_1_247' title='bbox 646 1160 764 1187; x_wconf 88' lang='lat' dir='ltr'><strong>ludibrio</strong></span> <span class='ocrx_word' id='word_1_248' title='bbox 781 1164 807 1187; x_wconf 92' lang='lat' dir='ltr'><strong>te</strong></span> <span class='ocrx_word' id='word_1_249' title='bbox 823 1160 969 1196; x_wconf 84' lang='lat' dir='ltr'><strong>cinxerunt</strong></span> <span class='ocrx_word' id='word_1_250' title='bbox 985 1169 994 1188; x_wconf 91' lang='lat'><strong>:</strong></span> 
     </span>
    </p>
   </div>
   <div class='ocr_carea' id='block_1_40' title="bbox 353 1195 1012 1230">
    <p class='ocr_par' dir='ltr' id='par_1_40' title="bbox 353 1195 1012 1230">
     <span class='ocr_line' id='line_1_41' title="bbox 353 1195 1012 1230; baseline -0.003 -7"><span class='ocrx_word' id='word_1_251' title='bbox 353 1196 424 1223; x_wconf 70' lang='lat'><strong>“20</strong></span> <span class='ocrx_word' id='word_1_252' title='bbox 444 1195 537 1230; x_wconf 82' lang='lat' dir='ltr'><strong>Neque</strong></span> <span class='ocrx_word' id='word_1_253' title='bbox 551 1196 590 1222; x_wconf 93' lang='lat' dir='ltr'><strong>illi</strong></span> <span class='ocrx_word' id='word_1_254' title='bbox 608 1200 634 1223; x_wconf 88' lang='lat' dir='ltr'><strong>te</strong></span> <span class='ocrx_word' id='word_1_255' title='bbox 650 1195 754 1222; x_wconf 85' lang='lat' dir='ltr'><strong>tumulo</strong></span> <span class='ocrx_word' id='word_1_256' title='bbox 771 1195 889 1222; x_wconf 85' lang='lat' dir='ltr'><strong>condere</strong></span> <span class='ocrx_word' id='word_1_257' title='bbox 905 1199 1012 1222; x_wconf 87' lang='lat' dir='ltr'><strong>curant.</strong></span> 
     </span>
    </p>
   </div>
   <div class='ocr_carea' id='block_1_41' title="bbox 353 1229 932 1266">
    <p class='ocr_par' dir='ltr' id='par_1_41' title="bbox 353 1229 932 1266">
     <span class='ocr_line' id='line_1_42' title="bbox 353 1229 932 1266; baseline -0.003 -8"><span class='ocrx_word' id='word_1_258' title='bbox 353 1229 500 1266; x_wconf 76' lang='lat' dir='ltr'><strong>Quomodo</strong></span> <span class='ocrx_word' id='word_1_259' title='bbox 511 1231 593 1266; x_wconf 83' lang='lat' dir='ltr'><strong>igitur</strong></span> <span class='ocrx_word' id='word_1_260' title='bbox 603 1231 636 1258; x_wconf 91' lang='lat' dir='ltr'><strong>de</strong></span> <span class='ocrx_word' id='word_1_261' title='bbox 648 1231 722 1266; x_wconf 73' lang='lat' dir='ltr'><strong>ligno</strong></span> <span class='ocrx_word' id='word_1_262' title='bbox 738 1234 765 1257; x_wconf 91' lang='lat' dir='ltr'><strong>te</strong></span> <span class='ocrx_word' id='word_1_263' title='bbox 775 1230 932 1266; x_wconf 78' lang='lat' dir='ltr'><strong>demittant?</strong></span> 
     </span>
    </p>
   </div>
   <div class='ocr_carea' id='block_1_42' title="bbox 353 1264 1048 1304">
    <p class='ocr_par' dir='ltr' id='par_1_42' title="bbox 353 1264 1048 1304">
     <span class='ocr_line' id='line_1_43' title="bbox 353 1264 1048 1304; baseline 0 -12"><span class='ocrx_word' id='word_1_264' title='bbox 353 1265 496 1304; x_wconf 66' lang='lat' dir='ltr'><strong>Quomodo</strong></span> <span class='ocrx_word' id='word_1_265' title='bbox 507 1264 607 1304; x_wconf 71' lang='lat' dir='ltr'><strong>corpus</strong></span> <span class='ocrx_word' id='word_1_266' title='bbox 621 1264 698 1293; x_wconf 83' lang='lat' dir='ltr'><strong>tuuiu</strong></span> <span class='ocrx_word' id='word_1_267' title='bbox 710 1265 739 1304; x_wconf 76' lang='lat' dir='ltr'><strong>in</strong></span> <span class='ocrx_word' id='word_1_268' title='bbox 753 1264 878 1304; x_wconf 77' lang='lat' dir='ltr'><strong>sepulcro</strong></span> <span class='ocrx_word' id='word_1_269' title='bbox 894 1264 1048 1304; x_wconf 65' lang='lat' dir='ltr'><strong>deponam?</strong></span> 
     </span>
    </p>
   </div>
   <div class='ocr_carea' id='block_1_43' title="bbox 354 1299 922 1333">
    <p class='ocr_par' dir='ltr' id='par_1_43' title="bbox 354 1299 922 1333">
     <span class='ocr_line' id='line_1_44' title="bbox 354 1299 922 1333; baseline -0.002 -7"><span class='ocrx_word' id='word_1_270' title='bbox 354 1300 461 1333; x_wconf 86' lang='lat' dir='ltr'><strong>Quibus</strong></span> <span class='ocrx_word' id='word_1_271' title='bbox 476 1299 567 1328; x_wconf 75' lang='lat' dir='ltr'><strong>linteis</strong></span> <span class='ocrx_word' id='word_1_272' title='bbox 580 1304 626 1326; x_wconf 89' lang='lat' dir='ltr'><strong>tua</strong></span> <span class='ocrx_word' id='word_1_273' title='bbox 638 1299 758 1327; x_wconf 89' lang='lat' dir='ltr'><strong>membra</strong></span> <span class='ocrx_word' id='word_1_274' title='bbox 770 1299 922 1326; x_wconf 82' lang='lat' dir='ltr'><strong>involvam?</strong></span> 
     </span>
    </p>
   </div>
   <div class='ocr_carea' id='block_1_44' title="bbox 353 1333 1019 1369">
    <p class='ocr_par' dir='ltr' id='par_1_44' title="bbox 353 1333 1019 1369">
     <span class='ocr_line' id='line_1_45' title="bbox 353 1333 1019 1369; baseline -0.003 -7"><span class='ocrx_word' id='word_1_275' title='bbox 353 1335 440 1369; x_wconf 73' lang='lat' dir='ltr'><strong>Cujus</strong></span> <span class='ocrx_word' id='word_1_276' title='bbox 456 1342 565 1367; x_wconf 80' lang='lat' dir='ltr'><strong>manus,</strong></span> <span class='ocrx_word' id='word_1_277' title='bbox 579 1342 595 1362; x_wconf 91' lang='grc' dir='ltr'><strong>ο</strong></span> <span class='ocrx_word' id='word_1_278' title='bbox 607 1334 668 1366; x_wconf 83' lang='lat' dir='ltr'><strong>Fili,</strong></span> <span class='ocrx_word' id='word_1_279' title='bbox 683 1337 731 1362; x_wconf 89' lang='lat' dir='ltr'><strong>tuo</strong></span> <span class='ocrx_word' id='word_1_280' title='bbox 745 1333 1019 1369; x_wconf 74' lang='lat' dir='ltr'><strong>funerei‘ungentur?</strong></span> 
     </span>
    </p>
   </div>
   <div class='ocr_carea' id='block_1_45' title="bbox 356 1368 1139 1404">
    <p class='ocr_par' dir='ltr' id='par_1_45' title="bbox 356 1368 1139 1404">
     <span class='ocr_line' id='line_1_46' title="bbox 356 1368 1139 1404; baseline -0.003 -7"><span class='ocrx_word' id='word_1_281' title='bbox 356 1368 426 1404; x_wconf 57' lang='lat'><strong>“‘25</strong></span> <span class='ocrx_word' id='word_1_282' title='bbox 444 1369 510 1396; x_wconf 87' lang='lat' dir='ltr'><strong>Ehei</strong></span> <span class='ocrx_word' id='word_1_283' title='bbox 526 1369 606 1396; x_wconf 78' lang='lat' dir='ltr'><strong>mihi!</strong></span> <span class='ocrx_word' id='word_1_284' title='bbox 620 1369 683 1404; x_wconf 91' lang='lat' dir='ltr'><strong>quid</strong></span> <span class='ocrx_word' id='word_1_285' title='bbox 699 1369 796 1403; x_wconf 79' lang='lat' dir='ltr'><strong>agam?</strong></span> <span class='ocrx_word' id='word_1_286' title='bbox 807 1368 873 1404; x_wconf 80' lang='lat' dir='ltr'><strong>quid</strong></span> <span class='ocrx_word' id='word_1_287' title='bbox 889 1369 1012 1401; x_wconf 88' lang='lat' dir='ltr'><strong>evadatn,</strong></span> <span class='ocrx_word' id='word_1_288' title='bbox 1028 1369 1139 1396; x_wconf 76' lang='lat' dir='ltr'><strong>infelix?</strong></span> 
     </span>
    </p>
   </div>
   <div class='ocr_carea' id='block_1_46' title="bbox 359 1397 1253 1439">
    <p class='ocr_par' dir='ltr' id='par_1_46' title="bbox 359 1397 1253 1439">
     <span class='ocr_line' id='line_1_47' title="bbox 359 1397 1253 1439; baseline 0 -8"><span class='ocrx_word' id='word_1_289' title='bbox 359 1397 412 1439; x_wconf 67' lang='lat' dir='ltr'><strong>Sed</strong></span> <span class='ocrx_word' id='word_1_290' title='bbox 427 1404 491 1439; x_wconf 92' lang='lat' dir='ltr'><strong>quid</strong></span> <span class='ocrx_word' id='word_1_291' title='bbox 507 1397 797 1438; x_wconf 52' lang='lat' dir='ltr'><strong>animum&#39;despo&#39;ndeo</strong></span> <span class='ocrx_word' id='word_1_292' title='bbox 804 1397 886 1439; x_wconf 50' lang='lat' dir='ltr'><strong>fluis</strong></span> <span class='ocrx_word' id='word_1_293' title='bbox 900 1404 991 1439; x_wconf 84' lang='lat' dir='ltr'><strong>verbis</strong></span> <span class='ocrx_word' id='word_1_294' title='bbox 1006 1397 1160 1431; x_wconf 74' lang='lat' dir='ltr'><strong>adhibenda</strong></span> <span class='ocrx_word' id='word_1_295' title='bbox 1177 1403 1253 1438; x_wconf 85' lang='lat' dir='ltr'><strong>ﬁdes,</strong></span> 
     </span>
    </p>
   </div>
   <div class='ocr_carea' id='block_1_47' title="bbox 358 1438 1077 1474">
    <p class='ocr_par' dir='ltr' id='par_1_47' title="bbox 358 1438 1077 1474">
     <span class='ocr_line' id='line_1_48' title="bbox 358 1438 1077 1474; baseline 0 -8"><span class='ocrx_word' id='word_1_296' title='bbox 358 1438 389 1474; x_wconf 68' lang='lat' dir='ltr'><strong>Et</strong></span> <span class='ocrx_word' id='word_1_297' title='bbox 407 1438 535 1474; x_wconf 77' lang='lat' dir='ltr'><strong>operibus</strong></span> <span class='ocrx_word' id='word_1_298' title='bbox 546 1438 646 1474; x_wconf 87' lang='lat' dir='ltr'><strong>quibus</strong></span> <span class='ocrx_word' id='word_1_299' title='bbox 662 1442 791 1474; x_wconf 83' lang='lat' dir='ltr'><strong>tanquam</strong></span> <span class='ocrx_word' id='word_1_300' title='bbox 806 1438 933 1470; x_wconf 82' lang='lat' dir='ltr'><strong>testibus,</strong></span> <span class='ocrx_word' id='word_1_301' title='bbox 950 1438 1077 1466; x_wconf 89' lang='lat' dir='ltr'><strong>iudicasti</strong></span> 
     </span>
    </p>
   </div>
   <div class='ocr_carea' id='block_1_48' title="bbox 357 1473 821 1508">
    <p class='ocr_par' dir='ltr' id='par_1_48' title="bbox 357 1473 821 1508">
     <span class='ocr_line' id='line_1_49' title="bbox 357 1473 821 1508; baseline 0 -8"><span class='ocrx_word' id='word_1_302' title='bbox 357 1473 386 1501; x_wconf 90' lang='lat' dir='ltr'><strong>ld</strong></span> <span class='ocrx_word' id='word_1_303' title='bbox 400 1473 489 1505; x_wconf 84' lang='lat' dir='ltr'><strong>omne,</strong></span> <span class='ocrx_word' id='word_1_304' title='bbox 504 1473 577 1508; x_wconf 88' lang='lat' dir='ltr'><strong>quod</strong></span> <span class='ocrx_word' id='word_1_305' title='bbox 591 1473 642 1505; x_wconf 83' lang='lat' dir='ltr'><strong>vis,</strong></span> <span class='ocrx_word' id='word_1_306' title='bbox 659 1473 716 1501; x_wconf 84' lang='lat' dir='ltr'><strong>ﬁcri</strong></span> <span class='ocrx_word' id='word_1_307' title='bbox 730 1480 821 1508; x_wconf 86' lang='lat' dir='ltr'><strong>posse.</strong></span> 
     </span>
    </p>
   </div>
   <div class='ocr_carea' id='block_1_49' title="bbox 357 1507 1185 1543">
    <p class='ocr_par' dir='ltr' id='par_1_49' title="bbox 357 1507 1185 1543">
     <span class='ocr_line' id='line_1_50' title="bbox 357 1507 1185 1543; baseline 0.002 -9"><span class='ocrx_word' id='word_1_308' title='bbox 357 1508 501 1535; x_wconf 81' lang='lat' dir='ltr'><strong>Multarum</strong></span> <span class='ocrx_word' id='word_1_309' title='bbox 513 1507 609 1535; x_wconf 37' lang='lat' dir='ltr'><strong>’rerum</strong></span> <span class='ocrx_word' id='word_1_310' title='bbox 622 1512 719 1543; x_wconf 67' lang='lat' dir='ltr'><strong>praeter</strong></span> <span class='ocrx_word' id='word_1_311' title='bbox 732 1507 807 1543; x_wconf 62' lang='lat' dir='ltr'><strong>Spem</strong></span> <span class='ocrx_word' id='word_1_312' title='bbox 821 1508 1038 1542; x_wconf 85' lang='lat' dir='ltr'><strong>promptuarium</strong></span> <span class='ocrx_word' id='word_1_313' title='bbox 1051 1511 1092 1535; x_wconf 81' lang='lat' dir='ltr'><strong>est</strong></span> <span class='ocrx_word' id='word_1_314' title='bbox 1104 1507 1185 1540; x_wconf 84' lang='lat' dir='ltr'><strong>Deus,</strong></span> 
     </span>
    </p>
   </div>
   <div class='ocr_carea' id='block_1_50' title="bbox 357 1543 1089 1578">
    <p class='ocr_par' dir='ltr' id='par_1_50' title="bbox 357 1543 1089 1578">
     <span class='ocr_line' id='line_1_51' title="bbox 357 1543 1089 1578; baseline 0 -8"><span class='ocrx_word' id='word_1_315' title='bbox 357 1543 427 1570; x_wconf 80' lang='grc'><strong>1150</strong></span> <span class='ocrx_word' id='word_1_316' title='bbox 446 1543 583 1578; x_wconf 80' lang='lat' dir='ltr'><strong>Multaque</strong></span> <span class='ocrx_word' id='word_1_317' title='bbox 597 1547 694 1578; x_wconf 79' lang='lat' dir='ltr'><strong>praeter</strong></span> <span class='ocrx_word' id='word_1_318' title='bbox 709 1550 784 1578; x_wconf 85' lang='lat' dir='ltr'><strong>spem</strong></span> <span class='ocrx_word' id='word_1_319' title='bbox 801 1550 872 1578; x_wconf 75' lang='lat' dir='ltr'><strong>saepe</strong></span> <span class='ocrx_word' id='word_1_320' title='bbox 887 1543 992 1578; x_wconf 84' lang='lat' dir='ltr'><strong>perﬁcit</strong></span> <span class='ocrx_word' id='word_1_321' title='bbox 1006 1543 1089 1576; x_wconf 87' lang='lat' dir='ltr'><strong>Deus,</strong></span> 
     </span>
    </p>
   </div>
   <div class='ocr_carea' id='block_1_51' title="bbox 139 1618 767 1653">
    <p class='ocr_par' dir='ltr' id='par_1_51' title="bbox 139 1618 767 1653">
     <span class='ocr_line' id='line_1_52' title="bbox 139 1618 767 1653; baseline -0.002 -6"><span class='ocrx_word' id='word_1_322' title='bbox 139 1620 210 1648; x_wconf 78' lang='grc'><strong>1112</strong></span> <span class='ocrx_word' id='word_1_323' title='bbox 239 1619 376 1653; x_wconf 78' lang='grc' dir='ltr'>Ποθεινή,</span> <span class='ocrx_word' id='word_1_324' title='bbox 390 1623 442 1646; x_wconf 88' lang='lat' dir='ltr'><strong>etc.</strong></span> <span class='ocrx_word' id='word_1_325' title='bbox 459 1619 498 1647; x_wconf 88' lang='lat' dir='ltr'><strong>[ta</strong></span> <span class='ocrx_word' id='word_1_326' title='bbox 513 1618 583 1647; x_wconf 78' lang='lat' dir='ltr'><strong>Med.</strong></span> <span class='ocrx_word' id='word_1_327' title='bbox 603 1626 674 1648; x_wconf 87' lang='lat' dir='ltr'><strong>vers.</strong></span> <span class='ocrx_word' id='word_1_328' title='bbox 689 1619 767 1647; x_wconf 76' lang='grc'><strong>1221.</strong></span> 
     </span>
    </p>
   </div>
   <div class='ocr_carea' id='block_1_52' title="bbox 142 1653 707 1688">
    <p class='ocr_par' dir='ltr' id='par_1_52' title="bbox 142 1653 707 1688">
     <span class='ocr_line' id='line_1_53' title="bbox 142 1653 707 1688; baseline -0.004 -6"><span class='ocrx_word' id='word_1_329' title='bbox 142 1657 213 1683; x_wconf 78' lang='grc'><strong>1115</strong></span> <span class='ocrx_word' id='word_1_330' title='bbox 231 1653 334 1688; x_wconf 64' lang='grc' dir='ltr'><strong>Κεφ-ᾧτ’</strong></span> <span class='ocrx_word' id='word_1_331' title='bbox 345 1654 391 1685; x_wconf 85' lang='grc' dir='ltr'><strong>τό,</strong></span> <span class='ocrx_word' id='word_1_332' title='bbox 408 1658 461 1681; x_wconf 82' lang='lat' dir='ltr'><strong>etc.</strong></span> <span class='ocrx_word' id='word_1_333' title='bbox 480 1654 547 1688; x_wconf 74' lang='lat' dir='ltr'><strong>lleg.</strong></span> <span class='ocrx_word' id='word_1_334' title='bbox 564 1655 652 1685; x_wconf 85' lang='grc' dir='ltr'>κενοῖς</span> <span class='ocrx_word' id='word_1_335' title='bbox 667 1662 707 1680; x_wconf 82' lang='grc' dir='ltr'>τε.</span> 
     </span>
    </p>
   </div>
   <div class='ocr_carea' id='block_1_53' title="bbox 981 1619 1518 1653">
    <p class='ocr_par' dir='ltr' id='par_1_53' title="bbox 981 1619 1518 1653">
     <span class='ocr_line' id='line_1_54' title="bbox 981 1619 1518 1653; baseline 0.004 -7"><span class='ocrx_word' id='word_1_336' title='bbox 981 1619 1050 1646; x_wconf 73' lang='grc'><strong>1126</strong></span> <span class='ocrx_word' id='word_1_337' title='bbox 1064 1619 1217 1646; x_wconf 72' lang='grc' dir='ltr'>Πειστέον.</span> <span class='ocrx_word' id='word_1_338' title='bbox 1235 1619 1300 1653; x_wconf 79' lang='lat' dir='ltr'><strong>Reg.</strong></span> <span class='ocrx_word' id='word_1_339' title='bbox 1314 1619 1383 1647; x_wconf 83' lang='lat' dir='ltr'><strong>Med.</strong></span> <span class='ocrx_word' id='word_1_340' title='bbox 1400 1621 1518 1648; x_wconf 85' lang='grc' dir='ltr'>πιστέον.</span> 
     </span>
    </p>
   </div>
   <div class='ocr_carea' id='block_1_54' title="bbox 975 1654 1723 1689">
    <p class='ocr_par' dir='ltr' id='par_1_54' title="bbox 975 1654 1723 1689">
     <span class='ocr_line' id='line_1_55' title="bbox 975 1654 1723 1689; baseline 0.008 -9"><span class='ocrx_word' id='word_1_341' title='bbox 975 1654 1042 1681; x_wconf 72' lang='grc'><strong>1129</strong></span> <span class='ocrx_word' id='word_1_342' title='bbox 1054 1654 1179 1681; x_wconf 74' lang='grc' dir='ltr'><em>Πολλῶν</em></span> <span class='ocrx_word' id='word_1_343' title='bbox 1203 1656 1334 1689; x_wconf 79' lang='grc' dir='ltr'>ταμεῖον,</span> <span class='ocrx_word' id='word_1_344' title='bbox 1352 1659 1404 1682; x_wconf 88' lang='lat' dir='ltr'><strong>etc.</strong></span> <span class='ocrx_word' id='word_1_345' title='bbox 1427 1655 1464 1683; x_wconf 82' lang='lat' dir='ltr'><strong>ita</strong></span> <span class='ocrx_word' id='word_1_346' title='bbox 1483 1656 1539 1684; x_wconf 76' lang='lat' dir='ltr'><strong>fere</strong></span> <span class='ocrx_word' id='word_1_347' title='bbox 1566 1656 1635 1685; x_wconf 83' lang='lat' dir='ltr'><strong>Med.</strong></span> <span class='ocrx_word' id='word_1_348' title='bbox 1651 1665 1723 1686; x_wconf 83' lang='lat' dir='ltr'><strong>vers.</strong></span> 
     </span>
    </p>
   </div>
   <div class='ocr_carea' id='block_1_55' title="bbox 143 1685 983 1724">
    <p class='ocr_par' dir='ltr' id='par_1_55' title="bbox 143 1685 983 1724">
     <span class='ocr_line' id='line_1_56' title="bbox 143 1685 983 1724; baseline 0 -8"><span class='ocrx_word' id='word_1_349' title='bbox 143 1690 211 1718; x_wconf 74' lang='lat' dir='ltr'><strong>ius</strong></span> <span class='ocrx_word' id='word_1_350' title='bbox 226 1688 276 1720; x_wconf 80' lang='grc' dir='ltr'><strong>Ἐξ</strong></span> <span class='ocrx_word' id='word_1_351' title='bbox 285 1685 328 1715; x_wconf 82' lang='grc' dir='ltr'><strong>ὧν</strong></span> <span class='ocrx_word' id='word_1_352' title='bbox 354 1688 381 1723; x_wconf 78' lang='grc' dir='ltr'><strong>τ’</strong></span> <span class='ocrx_word' id='word_1_353' title='bbox 396 1689 499 1724; x_wconf 78' lang='grc' dir='ltr'><strong>ἐχρῆν.</strong></span> <span class='ocrx_word' id='word_1_354' title='bbox 516 1685 554 1715; x_wconf 64' lang='lat' dir='ltr'><strong>lla</strong></span> <span class='ocrx_word' id='word_1_355' title='bbox 571 1689 627 1716; x_wconf 84' lang='lat' dir='ltr'><strong>fere</strong></span> <span class='ocrx_word' id='word_1_356' title='bbox 650 1688 750 1716; x_wconf 88' lang='lat' dir='ltr'><strong>Troad.</strong></span> <span class='ocrx_word' id='word_1_357' title='bbox 764 1696 826 1716; x_wconf 87' lang='lat' dir='ltr'><strong>vers</strong></span> <span class='ocrx_word' id='word_1_358' title='bbox 839 1689 891 1716; x_wconf 82' lang='lat'><strong>937</strong></span> <span class='ocrx_word' id='word_1_359' title='bbox 943 1689 983 1716; x_wconf 59' lang='grc'><strong>11</strong></span> 
     </span>
    </p>
   </div>
   <div class='ocr_carea' id='block_1_56' title="bbox 962 1685 1148 1724">
    <p class='ocr_par' dir='ltr' id='par_1_56' title="bbox 962 1689 1148 1716">
     <span class='ocr_line' id='line_1_57' title="bbox 962 1689 1148 1716; baseline 0 -1"><span class='ocrx_word' id='word_1_360' title='bbox 962 1689 1014 1716; x_wconf 67' lang='grc'><strong>415</strong></span> <span class='ocrx_word' id='word_1_361' title='bbox 1024 1689 1124 1716; x_wconf 87' lang='lat' dir='ltr'><strong>chorus</strong></span> <span class='ocrx_word' id='word_1_362' title='bbox 1141 1699 1148 1715; x_wconf 84' lang='grc'>;</span> 
     </span>
    </p>
   </div>
   <div class='ocr_carea' id='block_1_57' title="bbox 104 1723 229 1752">
    <p class='ocr_par' dir='ltr' id='par_1_57' title="bbox 104 1723 229 1752">
     <span class='ocr_line' id='line_1_58' title="bbox 104 1723 229 1752; baseline -0.008 0"><span class='ocrx_word' id='word_1_363' title='bbox 104 1723 207 1752; x_wconf 80' lang='lat' dir='ltr'><strong>Helena</strong></span> <span class='ocrx_word' id='word_1_364' title='bbox 223 1734 229 1751; x_wconf 93' lang='lat'><strong>:</strong></span> 
     </span>
    </p>
   </div>
   <div class='ocr_carea' id='block_1_58' title="bbox 165 1755 811 1794">
    <p class='ocr_par' dir='ltr' id='par_1_58' title="bbox 165 1755 811 1794">
     <span class='ocr_line' id='line_1_59' title="bbox 165 1755 811 1794; baseline -0.003 -8"><span class='ocrx_word' id='word_1_365' title='bbox 165 1760 209 1792; x_wconf 79' lang='grc' dir='ltr'>Ἐξ</span> <span class='ocrx_word' id='word_1_366' title='bbox 223 1755 261 1786; x_wconf 82' lang='grc' dir='ltr'>ὧν</span> <span class='ocrx_word' id='word_1_367' title='bbox 275 1759 358 1794; x_wconf 71' lang='grc' dir='ltr'>ἐχρῆν</span> <span class='ocrx_word' id='word_1_368' title='bbox 370 1767 404 1794; x_wconf 80' lang='grc' dir='ltr'><strong>με</strong></span> <span class='ocrx_word' id='word_1_369' title='bbox 419 1758 547 1792; x_wconf 73' lang='grc' dir='ltr'>στέφανον</span> <span class='ocrx_word' id='word_1_370' title='bbox 563 1758 608 1785; x_wconf 76' lang='grc' dir='ltr'><strong>ἐπὶ</strong></span> <span class='ocrx_word' id='word_1_371' title='bbox 623 1758 696 1793; x_wconf 76' lang='grc' dir='ltr'>κάρᾳ</span> <span class='ocrx_word' id='word_1_372' title='bbox 707 1757 811 1784; x_wconf 72' lang='grc' dir='ltr'>λαϐεῖν.</span> 
     </span>
    </p>
   </div>
   <div class='ocr_carea' id='block_1_59' title="bbox 158 1793 854 1829">
    <p class='ocr_par' dir='ltr' id='par_1_59' title="bbox 158 1793 854 1829">
     <span class='ocr_line' id='line_1_60' title="bbox 158 1793 854 1829; baseline -0.001 -8"><span class='ocrx_word' id='word_1_373' title='bbox 158 1794 198 1822; x_wconf 90' lang='lat' dir='ltr'><strong>0b</strong></span> <span class='ocrx_word' id='word_1_374' title='bbox 213 1802 270 1829; x_wconf 71' lang='lat' dir='ltr'><strong>qua!</strong></span> <span class='ocrx_word' id='word_1_375' title='bbox 281 1793 396 1828; x_wconf 76' lang='lat' dir='ltr'><strong>oportuit</strong></span> <span class='ocrx_word' id='word_1_376' title='bbox 406 1802 444 1820; x_wconf 83' lang='lat' dir='ltr'><strong>me</strong></span> <span class='ocrx_word' id='word_1_377' title='bbox 458 1802 581 1829; x_wconf 66' lang='lat' dir='ltr'><strong>coronam</strong></span> <span class='ocrx_word' id='word_1_378' title='bbox 595 1793 621 1819; x_wconf 83' lang='lat' dir='ltr'><strong>in</strong></span> <span class='ocrx_word' id='word_1_379' title='bbox 627 1795 854 1829; x_wconf 30' lang='lat' dir='ltr'><strong>caput‘accipere.</strong></span> 
     </span>
    </p>
   </div>
   <div class='ocr_carea' id='block_1_60' title="bbox 144 1827 889 1863">
    <p class='ocr_par' dir='ltr' id='par_1_60' title="bbox 144 1827 889 1863">
     <span class='ocr_line' id='line_1_61' title="bbox 144 1827 889 1863; baseline -0.004 -7"><span class='ocrx_word' id='word_1_380' title='bbox 144 1827 436 1862; x_wconf 60' lang='grc' dir='ltr'><strong>11⁸25⁷Κατακαλύψω</strong></span> <span class='ocrx_word' id='word_1_381' title='bbox 451 1836 500 1856; x_wconf 83' lang='grc' dir='ltr'><strong>σοι</strong></span> <span class='ocrx_word' id='word_1_382' title='bbox 516 1827 606 1863; x_wconf 79' lang='grc' dir='ltr'>μέλη.</span> <span class='ocrx_word' id='word_1_383' title='bbox 625 1827 697 1855; x_wconf 84' lang='lat' dir='ltr'><strong>Edit.</strong></span> <span class='ocrx_word' id='word_1_384' title='bbox 713 1827 775 1855; x_wconf 88' lang='lat' dir='ltr'><strong>Bas.</strong></span> <span class='ocrx_word' id='word_1_385' title='bbox 798 1827 889 1860; x_wconf 80' lang='grc' dir='ltr'>νέκυν,</span> 
     </span>
    </p>
   </div>
   <div class='ocr_carea' id='block_1_61' title="bbox 100 1864 457 1891">
    <p class='ocr_par' dir='ltr' id='par_1_61' title="bbox 100 1864 457 1891">
     <span class='ocr_line' id='line_1_62' title="bbox 100 1864 457 1891; baseline -0.003 -1"><span class='ocrx_word' id='word_1_386' title='bbox 100 1870 132 1891; x_wconf 82' lang='lat' dir='ltr'><strong>et</strong></span> <span class='ocrx_word' id='word_1_387' title='bbox 149 1864 225 1890; x_wconf 85' lang='lat' dir='ltr'><strong>addit</strong></span> <span class='ocrx_word' id='word_1_388' title='bbox 240 1864 312 1890; x_wconf 88' lang='lat' dir='ltr'><strong>ltunc</strong></span> <span class='ocrx_word' id='word_1_389' title='bbox 329 1869 437 1890; x_wconf 82' lang='lat' dir='ltr'><strong>versum</strong></span> <span class='ocrx_word' id='word_1_390' title='bbox 449 1873 457 1889; x_wconf 86' lang='lat'>:</span> 
     </span>
    </p>
   </div>
   <div class='ocr_carea' id='block_1_62' title="bbox 158 1897 731 1933">
    <p class='ocr_par' dir='ltr' id='par_1_62' title="bbox 158 1897 731 1933">
     <span class='ocr_line' id='line_1_63' title="bbox 158 1897 731 1933; baseline 0 -9"><span class='ocrx_word' id='word_1_391' title='bbox 158 1899 220 1930; x_wconf 83' lang='grc' dir='ltr'><strong>Πῶς</strong></span> <span class='ocrx_word' id='word_1_392' title='bbox 234 1899 281 1925; x_wconf 82' lang='grc' dir='ltr'><strong>καί</strong></span> <span class='ocrx_word' id='word_1_393' title='bbox 298 1898 323 1924; x_wconf 77' lang='grc' dir='ltr'>τ’</span> <span class='ocrx_word' id='word_1_394' title='bbox 340 1898 473 1933; x_wconf 78' lang='grc' dir='ltr'>ἐπιχωρίᾳ</span> <span class='ocrx_word' id='word_1_395' title='bbox 485 1897 578 1933; x_wconf 71' lang='grc' dir='ltr'>μέλψω</span> <span class='ocrx_word' id='word_1_396' title='bbox 593 1905 633 1924; x_wconf 81' lang='grc' dir='ltr'><strong>σοι</strong></span> <span class='ocrx_word' id='word_1_397' title='bbox 652 1897 731 1932; x_wconf 82' lang='grc' dir='ltr'>μέλη;</span> 
     </span>
    </p>
   </div>
   <div class='ocr_carea' id='block_1_63' title="bbox 157 1932 885 2002">
    <p class='ocr_par' dir='ltr' id='par_1_63' title="bbox 157 1932 885 2002">
     <span class='ocr_line' id='line_1_64' title="bbox 157 1932 885 2002; baseline -0.003 -42"><span class='ocrx_word' id='word_1_398' title='bbox 157 1933 295 1966; x_wconf 78' lang='lat' dir='ltr'><strong>Quomodo</strong></span> <span class='ocrx_word' id='word_1_399' title='bbox 309 1941 381 1960; x_wconf 80' lang='lat' dir='ltr'><strong>more</strong></span> <span class='ocrx_word' id='word_1_400' title='bbox 388 1932 480 1968; x_wconf 75' lang='lat' dir='ltr'><strong>patrio</strong></span> <span class='ocrx_word' id='word_1_401' title='bbox 487 1932 625 1960; x_wconf 64' lang='lat' dir='ltr'><strong>concinam</strong></span> <span class='ocrx_word' id='word_1_402' title='bbox 642 1933 687 1959; x_wconf 83' lang='lat' dir='ltr'><strong>tibi</strong></span> <span class='ocrx_word' id='word_1_403' title='bbox 700 1932 810 2002; x_wconf 75' lang='lat' dir='ltr'><strong>lugub[re</strong></span> <span class='ocrx_word' id='word_1_404' title='bbox 824 1940 885 1986; x_wconf 54' lang='lat' dir='ltr'><strong>cn’r-</strong></span> 
     </span>
     <span class='ocr_line' id='line_1_65' title="bbox 786 1975 856 1995; baseline 0.043 -3"><span class='ocrx_word' id='word_1_405' title='bbox 786 1975 856 1995; x_wconf 87' lang='lat' dir='ltr'><strong>men.</strong></span> 
     </span>
    </p>
   </div>
   <div class='ocr_carea' id='block_1_64' title="bbox 786 1968 860 1995">
    <p class='ocr_par' dir='ltr' id='par_1_64' title="bbox 786 1968 860 1995">
     <span class='ocr_line' id='line_1_66' title="bbox 786 1968 860 1995; baseline 0.041 -3"><span class='ocrx_word' id='word_1_406' title='bbox 786 1975 841 1994; x_wconf 86' lang='lat' dir='ltr'><strong>men</strong></span> <span class='ocrx_word' id='word_1_407' title='bbox 850 1968 860 1995; x_wconf 77' lang='lat'><strong>.’</strong></span> 
     </span>
    </p>
   </div>
   <div class='ocr_carea' id='block_1_65' title="bbox 104 2002 887 2037">
    <p class='ocr_par' dir='ltr' id='par_1_65' title="bbox 104 2002 887 2037">
     <span class='ocr_line' id='line_1_67' title="bbox 104 2002 887 2037; baseline -0.001 -9"><span class='ocrx_word' id='word_1_408' title='bbox 104 2002 221 2030; x_wconf 80' lang='lat' dir='ltr'><strong>Versum</strong></span> <span class='ocrx_word' id='word_1_409' title='bbox 239 2003 310 2030; x_wconf 85' lang='lat' dir='ltr'><strong>hunc</strong></span> <span class='ocrx_word' id='word_1_410' title='bbox 332 2007 361 2030; x_wconf 80' lang='grc' dir='ltr'><strong>ιιι</strong></span> <span class='ocrx_word' id='word_1_411' title='bbox 377 2003 508 2030; x_wconf 79' lang='lat' dir='ltr'><strong>insulsam</strong></span> <span class='ocrx_word' id='word_1_412' title='bbox 533 2002 662 2030; x_wconf 87' lang='lat' dir='ltr'><strong>laciniam</strong></span> <span class='ocrx_word' id='word_1_413' title='bbox 688 2006 769 2037; x_wconf 91' lang='lat' dir='ltr'><strong>atque</strong></span> <span class='ocrx_word' id='word_1_414' title='bbox 783 2002 887 2028; x_wconf 84' lang='lat' dir='ltr'><strong>auctori</strong></span> 
     </span>
    </p>
   </div>
   <div class='ocr_carea' id='block_1_66' title="bbox 104 2037 886 2072">
    <p class='ocr_par' dir='ltr' id='par_1_66' title="bbox 104 2037 886 2072">
     <span class='ocr_line' id='line_1_68' title="bbox 104 2037 886 2072; baseline 0 -8"><span class='ocrx_word' id='word_1_415' title='bbox 104 2038 217 2065; x_wconf 87' lang='lat' dir='ltr'><strong>minime</strong></span> <span class='ocrx_word' id='word_1_416' title='bbox 241 2037 413 2065; x_wconf 84' lang='lat' dir='ltr'><strong>tribuendam</strong></span> <span class='ocrx_word' id='word_1_417' title='bbox 435 2037 561 2072; x_wconf 82' lang='lat' dir='ltr'><strong>repudiat</strong></span> <span class='ocrx_word' id='word_1_418' title='bbox 584 2038 773 2065; x_wconf 79' lang='lat' dir='ltr'><strong>Combetisius.</strong></span> <span class='ocrx_word' id='word_1_419' title='bbox 810 2037 886 2072; x_wconf 84' lang='lat' dir='ltr'><strong>illum</strong></span> 
     </span>
    </p>
   </div>
   <div class='ocr_carea' id='block_1_67' title="bbox 104 2071 887 2106">
    <p class='ocr_par' dir='ltr' id='par_1_67' title="bbox 104 2071 887 2106">
     <span class='ocr_line' id='line_1_69' title="bbox 104 2071 887 2106; baseline 0 -8"><span class='ocrx_word' id='word_1_420' title='bbox 104 2078 194 2099; x_wconf 82' lang='lat' dir='ltr'><strong>autem</strong></span> <span class='ocrx_word' id='word_1_421' title='bbox 205 2073 231 2098; x_wconf 92' lang='lat' dir='ltr'><strong>in</strong></span> <span class='ocrx_word' id='word_1_422' title='bbox 251 2081 300 2099; x_wconf 86' lang='lat' dir='ltr'><strong>sua</strong></span> <span class='ocrx_word' id='word_1_423' title='bbox 314 2073 439 2100; x_wconf 86' lang='lat' dir='ltr'><strong>versione</strong></span> <span class='ocrx_word' id='word_1_424' title='bbox 452 2071 594 2100; x_wconf 79' lang='lat' dir='ltr'><strong>transtulit</strong></span> <span class='ocrx_word' id='word_1_425' title='bbox 607 2072 719 2106; x_wconf 78' lang='lat' dir='ltr'><strong>lloillet,</strong></span> <span class='ocrx_word' id='word_1_426' title='bbox 738 2073 800 2099; x_wconf 84' lang='lat' dir='ltr'><strong>licet</strong></span> <span class='ocrx_word' id='word_1_427' title='bbox 816 2071 887 2099; x_wconf 85' lang='lat' dir='ltr'><strong>desit</strong></span> 
     </span>
    </p>
   </div>
   <div class='ocr_carea' id='block_1_68' title="bbox 105 2106 612 2135">
    <p class='ocr_par' dir='ltr' id='par_1_68' title="bbox 105 2106 612 2135">
     <span class='ocr_line' id='line_1_70' title="bbox 105 2106 612 2135; baseline 0 -2"><span class='ocrx_word' id='word_1_428' title='bbox 105 2107 132 2134; x_wconf 90' lang='lat' dir='ltr'><strong>in</strong></span> <span class='ocrx_word' id='word_1_429' title='bbox 146 2111 220 2134; x_wconf 68' lang='lat' dir='ltr'><strong>textu</strong></span> <span class='ocrx_word' id='word_1_430' title='bbox 234 2106 339 2135; x_wconf 65' lang='lat' dir='ltr'><strong>Grieco.</strong></span> <span class='ocrx_word' id='word_1_431' title='bbox 610 2108 612 2110; x_wconf 88' lang='grc'><em>’</em></span> 
     </span>
    </p>
   </div>
   <div class='ocr_carea' id='block_1_69' title="bbox 992 1723 1474 1760">
    <p class='ocr_par' dir='ltr' id='par_1_69' title="bbox 992 1723 1474 1760">
     <span class='ocr_line' id='line_1_71' title="bbox 992 1723 1474 1760; baseline 0.004 -10"><span class='ocrx_word' id='word_1_432' title='bbox 992 1723 1103 1760; x_wconf 75' lang='grc' dir='ltr'>Πολλῶν</span> <span class='ocrx_word' id='word_1_433' title='bbox 1111 1724 1211 1760; x_wconf 76' lang='grc' dir='ltr'>ταμίας</span> <span class='ocrx_word' id='word_1_434' title='bbox 1225 1725 1291 1756; x_wconf 85' lang='grc' dir='ltr'>Ζεὺς</span> <span class='ocrx_word' id='word_1_435' title='bbox 1307 1724 1336 1750; x_wconf 82' lang='grc' dir='ltr'>ἐν</span> <span class='ocrx_word' id='word_1_436' title='bbox 1352 1724 1474 1760; x_wconf 79' lang='grc' dir='ltr'><strong>ὀλύμπῳ.</strong></span> 
     </span>
    </p>
   </div>
   <div class='ocr_carea' id='block_1_70' title="bbox 992 1759 1494 1794">
    <p class='ocr_par' dir='ltr' id='par_1_70' title="bbox 992 1759 1494 1794">
     <span class='ocr_line' id='line_1_72' title="bbox 992 1759 1494 1794; baseline 0.002 -8"><span class='ocrx_word' id='word_1_437' title='bbox 992 1759 1080 1794; x_wconf 83' lang='grc' dir='ltr'>Πολλὰ</span> <span class='ocrx_word' id='word_1_438' title='bbox 1095 1759 1116 1785; x_wconf 85' lang='grc' dir='ltr'>δ’</span> <span class='ocrx_word' id='word_1_439' title='bbox 1134 1759 1256 1790; x_wconf 80' lang='grc' dir='ltr'>ἀέλπτως</span> <span class='ocrx_word' id='word_1_440' title='bbox 1273 1759 1413 1794; x_wconf 76' lang='grc' dir='ltr'>κραίνουσι</span> <span class='ocrx_word' id='word_1_441' title='bbox 1428 1759 1494 1793; x_wconf 72' lang='grc' dir='ltr'>οέοὶ,</span> 
     </span>
    </p>
   </div>
   <div class='ocr_carea' id='block_1_71' title="bbox 992 1793 1460 1830">
    <p class='ocr_par' dir='ltr' id='par_1_71' title="bbox 992 1793 1460 1830">
     <span class='ocr_line' id='line_1_73' title="bbox 992 1793 1460 1830; baseline 0.002 -10"><span class='ocrx_word' id='word_1_442' title='bbox 992 1793 1046 1830; x_wconf 73' lang='grc' dir='ltr'>καὶ</span> <span class='ocrx_word' id='word_1_443' title='bbox 1061 1793 1094 1830; x_wconf 71' lang='grc' dir='ltr'><strong>τᾲ</strong></span> <span class='ocrx_word' id='word_1_444' title='bbox 1108 1794 1244 1830; x_wconf 65' lang='grc' dir='ltr'>δοκηθέντ’</span> <span class='ocrx_word' id='word_1_445' title='bbox 1261 1793 1310 1821; x_wconf 72' lang='grc' dir='ltr'><strong>οὐκ</strong></span> <span class='ocrx_word' id='word_1_446' title='bbox 1325 1795 1460 1830; x_wconf 71' lang='grc' dir='ltr'>ἐτελέσθη,</span> 
     </span>
    </p>
   </div>
   <div class='ocr_carea' id='block_1_72' title="bbox 992 1826 1515 1865">
    <p class='ocr_par' dir='ltr' id='par_1_72' title="bbox 992 1826 1515 1865">
     <span class='ocr_line' id='line_1_74' title="bbox 992 1826 1515 1865; baseline 0.006 -11"><span class='ocrx_word' id='word_1_447' title='bbox 992 1829 1052 1865; x_wconf 70' lang='grc' dir='ltr'><strong>Τῷν</strong></span> <span class='ocrx_word' id='word_1_448' title='bbox 1065 1828 1086 1854; x_wconf 81' lang='grc' dir='ltr'><strong>δ’</strong></span> <span class='ocrx_word' id='word_1_449' title='bbox 1105 1826 1245 1864; x_wconf 70' lang='grc' dir='ltr'>ἀδοκήτων</span> <span class='ocrx_word' id='word_1_450' title='bbox 1259 1830 1342 1865; x_wconf 61' lang='grc' dir='ltr'>πόρον</span> <span class='ocrx_word' id='word_1_451' title='bbox 1354 1826 1432 1865; x_wconf 76' lang='grc' dir='ltr'>εὗρεν</span> <span class='ocrx_word' id='word_1_452' title='bbox 1440 1826 1515 1862; x_wconf 68' lang='grc' dir='ltr'>Θεός.</span> 
     </span>
    </p>
   </div>
   <div class='ocr_carea' id='block_1_73' title="bbox 993 1863 1724 1900">
    <p class='ocr_par' dir='ltr' id='par_1_73' title="bbox 993 1863 1724 1900">
     <span class='ocr_line' id='line_1_75' title="bbox 993 1863 1724 1900; baseline 0.007 -11"><span class='ocrx_word' id='word_1_453' title='bbox 993 1863 1141 1900; x_wconf 53' lang='lat' dir='ltr'><strong>Multarum</strong></span> <span class='ocrx_word' id='word_1_454' title='bbox 1153 1872 1240 1890; x_wconf 82' lang='lat' dir='ltr'><strong>rerum</strong></span> <span class='ocrx_word' id='word_1_455' title='bbox 1252 1863 1358 1898; x_wconf 80' lang='lat' dir='ltr'><strong>Jupiter</strong></span> <span class='ocrx_word' id='word_1_456' title='bbox 1379 1863 1416 1891; x_wconf 57' lang='lat' dir='ltr'><strong>es:</strong></span> <span class='ocrx_word' id='word_1_457' title='bbox 1429 1865 1595 1900; x_wconf 72' lang='lat' dir='ltr'><strong>dispensator</strong></span> <span class='ocrx_word' id='word_1_458' title='bbox 1606 1866 1634 1893; x_wconf 78' lang='lat' dir='ltr'><strong>in</strong></span> <span class='ocrx_word' id='word_1_459' title='bbox 1648 1868 1724 1898; x_wconf 76' lang='grc' dir='ltr'>εωιο,</span> 
     </span>
    </p>
   </div>
   <div class='ocr_carea' id='block_1_74' title="bbox 991 1898 1542 1934">
    <p class='ocr_par' dir='ltr' id='par_1_74' title="bbox 991 1898 1542 1934">
     <span class='ocr_line' id='line_1_76' title="bbox 991 1898 1542 1934; baseline 0.005 -10"><span class='ocrx_word' id='word_1_460' title='bbox 991 1898 1128 1934; x_wconf 59' lang='lat' dir='ltr'><strong>Multaque</strong></span> <span class='ocrx_word' id='word_1_461' title='bbox 1146 1904 1242 1932; x_wconf 71' lang='lat' dir='ltr'><strong>pra&#39;ter</strong></span> <span class='ocrx_word' id='word_1_462' title='bbox 1252 1907 1322 1933; x_wconf 78' lang='lat' dir='ltr'><strong>spem</strong></span> <span class='ocrx_word' id='word_1_463' title='bbox 1337 1898 1477 1934; x_wconf 72' lang='lat' dir='ltr'><strong>per/ieiuni</strong></span> <span class='ocrx_word' id='word_1_464' title='bbox 1493 1901 1542 1933; x_wconf 85' lang='lat' dir='ltr'><strong>dii,</strong></span> 
     </span>
    </p>
   </div>
   <div class='ocr_carea' id='block_1_75' title="bbox 992 1933 1549 1968">
    <p class='ocr_par' dir='ltr' id='par_1_75' title="bbox 992 1933 1549 1968">
     <span class='ocr_line' id='line_1_77' title="bbox 992 1933 1549 1968; baseline 0 -10"><span class='ocrx_word' id='word_1_465' title='bbox 992 1933 1026 1968; x_wconf 70' lang='lat' dir='ltr'><strong>Et</strong></span> <span class='ocrx_word' id='word_1_466' title='bbox 1041 1939 1147 1966; x_wconf 68' lang='lat' dir='ltr'><strong>sperata</strong></span> <span class='ocrx_word' id='word_1_467' title='bbox 1162 1942 1213 1960; x_wconf 85' lang='lat' dir='ltr'><strong>non</strong></span> <span class='ocrx_word' id='word_1_468' title='bbox 1228 1934 1305 1968; x_wconf 84' lang='lat' dir='ltr'><strong>ﬁunt,</strong></span> <span class='ocrx_word' id='word_1_469' title='bbox 1384 1933 1388 1934; x_wconf 59' lang='grc'><strong><em>⁷</em></strong></span> <span class='ocrx_word' id='word_1_470' title='bbox 1547 1956 1549 1958; x_wconf 83' lang='grc'>.</span> 
     </span>
    </p>
   </div>
   <div class='ocr_carea' id='block_1_76' title="bbox 989 1967 1724 2004">
    <p class='ocr_par' dir='ltr' id='par_1_76' title="bbox 989 1967 1724 2004">
     <span class='ocr_line' id='line_1_78' title="bbox 989 1967 1724 2004; baseline 0.005 -10"><span class='ocrx_word' id='word_1_471' title='bbox 989 1967 1088 1995; x_wconf 76' lang='lat' dir='ltr'><strong>Earum</strong></span> <span class='ocrx_word' id='word_1_472' title='bbox 1101 1977 1171 2000; x_wconf 83' lang='lat' dir='ltr'><strong>vero,</strong></span> <span class='ocrx_word' id='word_1_473' title='bbox 1187 1967 1245 2004; x_wconf 70' lang='lat' dir='ltr'><strong>qua:</strong></span> <span class='ocrx_word' id='word_1_474' title='bbox 1261 1977 1313 1996; x_wconf 86' lang='lat' dir='ltr'><strong>non</strong></span> <span class='ocrx_word' id='word_1_475' title='bbox 1327 1975 1478 2004; x_wconf 74' lang='lat' dir='ltr'><strong>sperantur,</strong></span> <span class='ocrx_word' id='word_1_476' title='bbox 1492 1970 1559 1998; x_wconf 76' lang='lat' dir='ltr'><strong>Deus</strong></span> <span class='ocrx_word' id='word_1_477' title='bbox 1571 1972 1670 1998; x_wconf 73' lang='lat' dir='ltr'><strong>exitum</strong></span> <span class='ocrx_word' id='word_1_478' title='bbox 1683 1972 1724 1998; x_wconf 74' lang='lat' dir='ltr'><strong>in-</strong></span> 
     </span>
    </p>
   </div>
   <div class='ocr_carea' id='block_1_77' title="bbox 1611 2006 1686 2033">
    <p class='ocr_par' dir='ltr' id='par_1_77' title="bbox 1611 2006 1686 2033">
     <span class='ocr_line' id='line_1_79' title="bbox 1611 2006 1686 2033; baseline -0.013 0"><span class='ocrx_word' id='word_1_479' title='bbox 1611 2006 1686 2033; x_wconf 76' lang='lat' dir='ltr'><strong>venit.</strong></span> 
     </span>
    </p>
   </div>
   <div class='ocr_carea' id='block_1_78' title="bbox 936 2005 1723 2074">
    <p class='ocr_par' dir='ltr' id='par_1_78' title="bbox 936 2005 1723 2074">
     <span class='ocr_line' id='line_1_80' title="bbox 936 2005 1723 2074; baseline 0.004 -8"><span class='ocrx_word' id='word_1_480' title='bbox 936 2039 1035 2066; x_wconf 84' lang='lat' dir='ltr'><strong>Eadem</strong></span> <span class='ocrx_word' id='word_1_481' title='bbox 1055 2038 1312 2074; x_wconf 21' lang='lat' dir='ltr'><strong>sententiarlegitur</strong></span> <span class='ocrx_word' id='word_1_482' title='bbox 1335 2039 1516 2067; x_wconf 83' lang='lat' dir='ltr'><strong>Andromach.</strong></span> <span class='ocrx_word' id='word_1_483' title='bbox 1547 2005 1723 2073; x_wconf 43' lang='grc' dir='ltr'><strong>νοτὲῗφίὲὲὸ,</strong></span> 
     </span>
    </p>
   </div>
   <div class='ocr_carea' id='block_1_79' title="bbox 937 2073 1550 2106">
    <p class='ocr_par' dir='ltr' id='par_1_79' title="bbox 937 2073 1550 2106">
     <span class='ocr_line' id='line_1_81' title="bbox 937 2073 1550 2106; baseline 0.003 -6"><span class='ocrx_word' id='word_1_484' title='bbox 937 2074 1034 2102; x_wconf 84' lang='lat' dir='ltr'><strong>Bacch.</strong></span> <span class='ocrx_word' id='word_1_485' title='bbox 1051 2082 1122 2102; x_wconf 87' lang='lat' dir='ltr'><strong>vers.</strong></span> <span class='ocrx_word' id='word_1_486' title='bbox 1138 2073 1218 2106; x_wconf 82' lang='grc'><strong>1586,</strong></span> <span class='ocrx_word' id='word_1_487' title='bbox 1234 2077 1261 2101; x_wconf 80' lang='lat' dir='ltr'><strong>et</strong></span> <span class='ocrx_word' id='word_1_488' title='bbox 1274 2073 1368 2102; x_wconf 85' lang='lat' dir='ltr'><strong>Helen.</strong></span> <span class='ocrx_word' id='word_1_489' title='bbox 1383 2083 1456 2102; x_wconf 84' lang='lat' dir='ltr'><strong>vers.</strong></span> <span class='ocrx_word' id='word_1_490' title='bbox 1472 2076 1550 2103; x_wconf 79' lang='lat' dir='ltr'><strong>tTJl.</strong></span> 
     </span>
    </p>
   </div>
   <div class='ocr_carea' id='block_1_80' title="bbox 753 2170 1081 2202">
    <p class='ocr_par' dir='ltr' id='par_1_80' title="bbox 753 2170 1081 2202">
     <span class='ocr_line' id='line_1_82' title="bbox 753 2170 1081 2202; baseline -0.009 0"><span class='ocrx_word' id='word_1_491' title='bbox 753 2172 920 2202; x_wconf 78' lang='lat' dir='ltr'><strong>METRICA</strong></span> <span class='ocrx_word' id='word_1_492' title='bbox 933 2170 1081 2201; x_wconf 81' lang='lat' dir='ltr'><strong>VERSIO.</strong></span> 
     </span>
    </p>
   </div>
   <div class='ocr_carea' id='block_1_81' title="bbox 106 2254 818 2290">
    <p class='ocr_par' dir='ltr' id='par_1_81' title="bbox 106 2254 818 2290">
     <span class='ocr_line' id='line_1_83' title="bbox 106 2254 818 2290; baseline -0.006 -6"><span class='ocrx_word' id='word_1_493' title='bbox 106 2257 173 2284; x_wconf 86' lang='lat' dir='ltr'><strong>Dum</strong></span> <span class='ocrx_word' id='word_1_494' title='bbox 188 2265 280 2285; x_wconf 87' lang='lat' dir='ltr'><strong>cerno.</strong></span> <span class='ocrx_word' id='word_1_495' title='bbox 299 2256 398 2284; x_wconf 77' lang='lat' dir='ltr'><strong>Rerum</strong></span> <span class='ocrx_word' id='word_1_496' title='bbox 414 2255 478 2283; x_wconf 89' lang='lat' dir='ltr'><strong>mihi</strong></span> <span class='ocrx_word' id='word_1_497' title='bbox 495 2255 624 2290; x_wconf 80' lang='lat' dir='ltr'><strong>magistra</strong></span> <span class='ocrx_word' id='word_1_498' title='bbox 641 2258 682 2282; x_wconf 89' lang='lat' dir='ltr'><strong>est</strong></span> <span class='ocrx_word' id='word_1_499' title='bbox 696 2254 818 2281; x_wconf 89' lang='lat' dir='ltr'><strong>omnium</strong></span> 
     </span>
    </p>
   </div>
   <div class='ocr_carea' id='block_1_82' title="bbox 103 2291 659 2324">
    <p class='ocr_par' dir='ltr' id='par_1_82' title="bbox 103 2291 659 2324">
     <span class='ocr_line' id='line_1_84' title="bbox 103 2291 659 2324; baseline -0.007 -4"><span class='ocrx_word' id='word_1_500' title='bbox 103 2292 216 2324; x_wconf 84' lang='lat' dir='ltr'><strong>Natura,</strong></span> <span class='ocrx_word' id='word_1_501' title='bbox 231 2298 310 2320; x_wconf 70' lang='lat' dir='ltr'><strong>terra:</strong></span> <span class='ocrx_word' id='word_1_502' title='bbox 324 2291 416 2320; x_wconf 81' lang='lat' dir='ltr'><strong>evulsa</strong></span> <span class='ocrx_word' id='word_1_503' title='bbox 433 2291 468 2318; x_wconf 87' lang='lat' dir='ltr'><strong>ab</strong></span> <span class='ocrx_word' id='word_1_504' title='bbox 479 2291 532 2317; x_wconf 90' lang='lat' dir='ltr'><strong>imo</strong></span> <span class='ocrx_word' id='word_1_505' title='bbox 542 2291 659 2321; x_wconf 85' lang='lat' dir='ltr'><strong>viscera,</strong></span> 
     </span>
    </p>
   </div>
   <div class='ocr_carea' id='block_1_83' title="bbox 104 2327 650 2362">
    <p class='ocr_par' dir='ltr' id='par_1_83' title="bbox 104 2327 650 2362">
     <span class='ocr_line' id='line_1_85' title="bbox 104 2327 650 2362; baseline -0.007 -8"><span class='ocrx_word' id='word_1_506' title='bbox 104 2327 231 2362; x_wconf 84' lang='lat' dir='ltr'><strong>Disrupta</strong></span> <span class='ocrx_word' id='word_1_507' title='bbox 246 2335 320 2358; x_wconf 82' lang='lat' dir='ltr'><strong>saxa,</strong></span> <span class='ocrx_word' id='word_1_508' title='bbox 337 2330 560 2362; x_wconf 73' lang='lat' dir='ltr'><strong>mor-tuorumque</strong></span> <span class='ocrx_word' id='word_1_509' title='bbox 569 2330 650 2362; x_wconf 80' lang='lat' dir='ltr'><strong>eruta</strong></span> 
     </span>
    </p>
   </div>
   <div class='ocr_carea' id='block_1_84' title="bbox 105 2360 718 2398">
    <p class='ocr_par' dir='ltr' id='par_1_84' title="bbox 105 2360 718 2398">
     <span class='ocr_line' id='line_1_86' title="bbox 105 2360 718 2398; baseline -0.003 -9"><span class='ocrx_word' id='word_1_510' title='bbox 105 2360 245 2398; x_wconf 80' lang='lat' dir='ltr'><strong>Sepulcra.</strong></span> <span class='ocrx_word' id='word_1_511' title='bbox 262 2362 334 2398; x_wconf 78' lang='lat' dir='ltr'><strong>Quin</strong></span> <span class='ocrx_word' id='word_1_512' title='bbox 352 2361 520 2398; x_wconf 14' lang='lat' dir='ltr'><strong>isiquilatus</strong></span> <span class='ocrx_word' id='word_1_513' title='bbox 532 2360 718 2398; x_wconf 72' lang='lat' dir='ltr'><strong>lixi_t_t_.rcmens</strong></span> 
     </span>
    </p>
   </div>
   <div class='ocr_carea' id='block_1_85' title="bbox 103 2395 632 2429">
    <p class='ocr_par' dir='ltr' id='par_1_85' title="bbox 103 2395 632 2429">
     <span class='ocr_line' id='line_1_87' title="bbox 103 2395 632 2429; baseline -0.008 -5"><span class='ocrx_word' id='word_1_514' title='bbox 103 2395 173 2424; x_wconf 65' lang='lat' dir='ltr'><strong>Ante</strong></span> <span class='ocrx_word' id='word_1_515' title='bbox 188 2404 235 2424; x_wconf 86' lang='lat' dir='ltr'><strong>ora</strong></span> <span class='ocrx_word' id='word_1_516' title='bbox 254 2397 299 2423; x_wconf 74' lang='lat' dir='ltr'><strong>[ixi</strong></span> <span class='ocrx_word' id='word_1_517' title='bbox 317 2397 403 2423; x_wconf 87' lang='lat' dir='ltr'><strong>tristis</strong></span> <span class='ocrx_word' id='word_1_518' title='bbox 419 2396 488 2422; x_wconf 89' lang='lat' dir='ltr'><strong>idem</strong></span> <span class='ocrx_word' id='word_1_519' title='bbox 505 2395 632 2429; x_wconf 83' lang='lat' dir='ltr'><strong>procidit.</strong></span> 
     </span>
    </p>
   </div>
   <div class='ocr_carea' id='block_1_86' title="bbox 138 2428 887 2484">
    <p class='ocr_par' dir='ltr' id='par_1_86' title="bbox 138 2428 887 2484">
     <span class='ocr_line' id='line_1_88' title="bbox 138 2428 887 2484; baseline -0.004 -25"><span class='ocrx_word' id='word_1_520' title='bbox 138 2431 213 2466; x_wconf 83' lang='lat' dir='ltr'><strong>Deip.</strong></span> <span class='ocrx_word' id='word_1_521' title='bbox 235 2431 257 2459; x_wconf 92' lang='grc'><strong>0</strong></span> <span class='ocrx_word' id='word_1_522' title='bbox 275 2431 352 2464; x_wconf 82' lang='lat' dir='ltr'><strong>Nate,</strong></span> <span class='ocrx_word' id='word_1_523' title='bbox 367 2431 431 2457; x_wconf 92' lang='lat' dir='ltr'><strong>mihi</strong></span> <span class='ocrx_word' id='word_1_524' title='bbox 446 2428 558 2457; x_wconf 83' lang='lat' dir='ltr'><strong>charum</strong></span> <span class='ocrx_word' id='word_1_525' title='bbox 575 2434 602 2456; x_wconf 86' lang='lat' dir='ltr'><strong>et</strong></span> <span class='ocrx_word' id='word_1_526' title='bbox 620 2436 729 2456; x_wconf 88' lang='lat' dir='ltr'><strong>sacrum</strong></span> <span class='ocrx_word' id='word_1_527' title='bbox 749 2429 775 2484; x_wconf 57' lang='lat' dir='ltr'><strong>in</strong></span> <span class='ocrx_word' id='word_1_528' title='bbox 792 2428 887 2462; x_wconf 88' lang='lat' dir='ltr'><strong>primis</strong></span> 
     </span>
     <span class='ocr_line' id='line_1_89' title="bbox 761 2469 850 2484; baseline 0 0"><span class='ocrx_word' id='word_1_529' title='bbox 761 2469 850 2484; x_wconf 57' lang='lat' dir='ltr'><strong>f‘tlnll’,,</strong></span> 
     </span>
    </p>
   </div>
   <div class='ocr_carea' id='block_1_87' title="bbox 761 2469 852 2498">
    <p class='ocr_par' dir='ltr' id='par_1_87' title="bbox 761 2469 852 2498">
     <span class='ocr_line' id='line_1_90' title="bbox 761 2469 852 2498; baseline 0 -8"><span class='ocrx_word' id='word_1_530' title='bbox 761 2469 852 2498; x_wconf 82' lang='lat' dir='ltr'><strong>caput.</strong></span> 
     </span>
    </p>
   </div>
   <div class='ocr_carea' id='block_1_88' title="bbox 103 2488 759 2529">
    <p class='ocr_par' dir='ltr' id='par_1_88' title="bbox 103 2488 759 2529">
     <span class='ocr_line' id='line_1_91' title="bbox 103 2488 759 2529; baseline -0.008 0"><span class='ocrx_word' id='word_1_531' title='bbox 103 2501 229 2529; x_wconf 77' lang='lat' dir='ltr'><strong>Hatccinc</strong></span> <span class='ocrx_word' id='word_1_532' title='bbox 246 2505 292 2528; x_wconf 87' lang='lat' dir='ltr'><strong>tua</strong></span> <span class='ocrx_word' id='word_1_533' title='bbox 308 2501 358 2527; x_wconf 86' lang='lat' dir='ltr'><strong>ista</strong></span> <span class='ocrx_word' id='word_1_534' title='bbox 373 2505 414 2528; x_wconf 89' lang='lat' dir='ltr'><strong>est</strong></span> <span class='ocrx_word' id='word_1_535' title='bbox 427 2500 507 2527; x_wconf 88' lang='lat' dir='ltr'><strong>etiam</strong></span> <span class='ocrx_word' id='word_1_536' title='bbox 523 2499 549 2526; x_wconf 93' lang='lat' dir='ltr'><strong>in</strong></span> <span class='ocrx_word' id='word_1_537' title='bbox 567 2499 692 2525; x_wconf 86' lang='lat' dir='ltr'><strong>inimicos</strong></span> <span class='ocrx_word' id='word_1_538' title='bbox 707 2488 759 2525; x_wconf 75' lang='lat' dir='ltr'><strong>tibi</strong></span> 
     </span>
    </p>
   </div>
   <div class='ocr_carea' id='block_1_89' title="bbox 103 2534 756 2572">
    <p class='ocr_par' dir='ltr' id='par_1_89' title="bbox 103 2534 756 2572">
     <span class='ocr_line' id='line_1_92' title="bbox 103 2534 756 2572; baseline -0.008 -8"><span class='ocrx_word' id='word_1_539' title='bbox 103 2537 241 2572; x_wconf 82' lang='lat' dir='ltr'><strong>Propensa</strong></span> <span class='ocrx_word' id='word_1_540' title='bbox 259 2536 382 2563; x_wconf 84' lang='lat' dir='ltr'><strong>bonitas?</strong></span> <span class='ocrx_word' id='word_1_541' title='bbox 398 2543 478 2562; x_wconf 85' lang='lat' dir='ltr'><strong>casus</strong></span> <span class='ocrx_word' id='word_1_542' title='bbox 496 2535 538 2561; x_wconf 90' lang='lat' dir='ltr'><strong>hic</strong></span> <span class='ocrx_word' id='word_1_543' title='bbox 555 2541 623 2572; x_wconf 82' lang='lat' dir='ltr'><strong>quas</strong></span> <span class='ocrx_word' id='word_1_544' title='bbox 637 2541 689 2572; x_wconf 85' lang='lat' dir='ltr'><strong>non</strong></span> <span class='ocrx_word' id='word_1_545' title='bbox 703 2534 756 2560; x_wconf 90' lang='lat' dir='ltr'><strong>ciet</strong></span> 
     </span>
    </p>
   </div>
   <div class='ocr_carea' id='block_1_90' title="bbox 102 2569 754 2605">
    <p class='ocr_par' dir='ltr' id='par_1_90' title="bbox 102 2569 754 2605">
     <span class='ocr_line' id='line_1_93' title="bbox 102 2569 754 2605; baseline -0.008 -7"><span class='ocrx_word' id='word_1_546' title='bbox 102 2572 140 2599; x_wconf 89' lang='lat' dir='ltr'><strong>Ex</strong></span> <span class='ocrx_word' id='word_1_547' title='bbox 153 2569 200 2598; x_wconf 79' lang='lat' dir='ltr'><strong>ore</strong></span> <span class='ocrx_word' id='word_1_548' title='bbox 212 2572 356 2605; x_wconf 86' lang='lat' dir='ltr'><strong>lacryntas,</strong></span> <span class='ocrx_word' id='word_1_549' title='bbox 371 2575 495 2597; x_wconf 82' lang='lat' dir='ltr'><strong>mortuus</strong></span> <span class='ocrx_word' id='word_1_550' title='bbox 510 2569 580 2605; x_wconf 74' lang='lat' dir='ltr'><strong>quod</strong></span> <span class='ocrx_word' id='word_1_551' title='bbox 596 2570 754 2605; x_wconf 59' lang='lat' dir='ltr'><strong>sanguinein</strong></span> 
     </span>
    </p>
   </div>
   <div class='ocr_carea' id='block_1_91' title="bbox 102 2603 746 2640">
    <p class='ocr_par' dir='ltr' id='par_1_91' title="bbox 102 2603 746 2640">
     <span class='ocr_line' id='line_1_94' title="bbox 102 2603 746 2640; baseline -0.006 -8"><span class='ocrx_word' id='word_1_552' title='bbox 102 2606 221 2634; x_wconf 79' lang='lat' dir='ltr'><strong>Eil&#39;undit</strong></span> <span class='ocrx_word' id='word_1_553' title='bbox 238 2603 313 2632; x_wconf 77' lang='lat' dir='ltr'><strong>illum</strong></span> <span class='ocrx_word' id='word_1_554' title='bbox 329 2606 374 2640; x_wconf 90' lang='lat' dir='ltr'><strong>qui</strong></span> <span class='ocrx_word' id='word_1_555' title='bbox 389 2612 474 2639; x_wconf 79' lang='lat' dir='ltr'><strong>genus</strong></span> <span class='ocrx_word' id='word_1_556' title='bbox 486 2604 624 2630; x_wconf 80' lang='lat' dir='ltr'><strong>hominum</strong></span> <span class='ocrx_word' id='word_1_557' title='bbox 640 2603 746 2637; x_wconf 80' lang='lat' dir='ltr'><strong>expiet?</strong></span> 
     </span>
    </p>
   </div>
   <div class='ocr_carea' id='block_1_92' title="bbox 102 2640 720 2671">
    <p class='ocr_par' dir='ltr' id='par_1_92' title="bbox 102 2640 720 2671">
     <span class='ocr_line' id='line_1_95' title="bbox 102 2640 720 2671; baseline -0.006 -4"><span class='ocrx_word' id='word_1_558' title='bbox 102 2641 187 2669; x_wconf 81' lang='lat' dir='ltr'><strong>Etiam</strong></span> <span class='ocrx_word' id='word_1_559' title='bbox 206 2641 320 2671; x_wconf 84' lang='lat' dir='ltr'><strong>inimici.</strong></span> <span class='ocrx_word' id='word_1_560' title='bbox 341 2644 371 2667; x_wconf 90' lang='lat' dir='ltr'><strong>ut</strong></span> <span class='ocrx_word' id='word_1_561' title='bbox 385 2641 436 2666; x_wconf 84' lang='lat' dir='ltr'><strong>ista</strong></span> <span class='ocrx_word' id='word_1_562' title='bbox 455 2643 509 2666; x_wconf 86' lang='lat' dir='ltr'><strong>tam</strong></span> <span class='ocrx_word' id='word_1_563' title='bbox 525 2640 592 2665; x_wconf 86' lang='lat' dir='ltr'><strong>mira</strong></span> <span class='ocrx_word' id='word_1_564' title='bbox 608 2643 635 2664; x_wconf 89' lang='lat' dir='ltr'><strong>et</strong></span> <span class='ocrx_word' id='word_1_565' title='bbox 652 2645 720 2664; x_wconf 80' lang='lat' dir='ltr'><strong>nova</strong></span> 
     </span>
    </p>
   </div>
   <div class='ocr_carea' id='block_1_93' title="bbox 102 2671 789 2706">
    <p class='ocr_par' dir='ltr' id='par_1_93' title="bbox 102 2671 789 2706">
     <span class='ocr_line' id='line_1_96' title="bbox 102 2671 789 2706; baseline -0.004 -4"><span class='ocrx_word' id='word_1_566' title='bbox 102 2676 210 2706; x_wconf 80' lang='lat' dir='ltr'><strong>Vident,</strong></span> <span class='ocrx_word' id='word_1_567' title='bbox 225 2676 385 2703; x_wconf 87' lang='lat' dir='ltr'><strong>tremiscunt</strong></span> <span class='ocrx_word' id='word_1_568' title='bbox 399 2675 498 2702; x_wconf 87' lang='lat' dir='ltr'><strong>misere</strong></span> <span class='ocrx_word' id='word_1_569' title='bbox 509 2678 535 2700; x_wconf 86' lang='lat' dir='ltr'><strong>et</strong></span> <span class='ocrx_word' id='word_1_570' title='bbox 548 2673 659 2700; x_wconf 87' lang='lat' dir='ltr'><strong>horrent</strong></span> <span class='ocrx_word' id='word_1_571' title='bbox 671 2681 677 2699; x_wconf 91' lang='lat'><strong>:</strong></span> <span class='ocrx_word' id='word_1_572' title='bbox 692 2671 789 2699; x_wconf 84' lang='lat' dir='ltr'><strong>Filium</strong></span> 
     </span>
    </p>
   </div>
   <div class='ocr_carea' id='block_1_94' title="bbox 102 2709 603 2740">
    <p class='ocr_par' dir='ltr' id='par_1_94' title="bbox 102 2709 603 2740">
     <span class='ocr_line' id='line_1_97' title="bbox 102 2709 603 2740; baseline -0.004 -4"><span class='ocrx_word' id='word_1_573' title='bbox 102 2710 146 2738; x_wconf 78' lang='lat' dir='ltr'><strong>Dei</strong></span> <span class='ocrx_word' id='word_1_574' title='bbox 160 2712 280 2737; x_wconf 76' lang='lat' dir='ltr'><strong>fatentur</strong></span> <span class='ocrx_word' id='word_1_575' title='bbox 296 2717 360 2737; x_wconf 87' lang='lat' dir='ltr'><strong>voce</strong></span> <span class='ocrx_word' id='word_1_576' title='bbox 374 2713 399 2736; x_wconf 86' lang='lat' dir='ltr'><strong>te</strong></span> <span class='ocrx_word' id='word_1_577' title='bbox 409 2710 492 2740; x_wconf 87' lang='lat' dir='ltr'><strong>clara,</strong></span> <span class='ocrx_word' id='word_1_578' title='bbox 509 2709 603 2734; x_wconf 84' lang='lat' dir='ltr'><strong>timent</strong></span> 
     </span>
    </p>
   </div>
   <div class='ocr_carea' id='block_1_95' title="bbox 100 2742 683 2777">
    <p class='ocr_par' dir='ltr' id='par_1_95' title="bbox 100 2742 683 2777">
     <span class='ocr_line' id='line_1_98' title="bbox 100 2742 683 2777; baseline -0.005 -4"><span class='ocrx_word' id='word_1_579' title='bbox 100 2744 133 2772; x_wconf 84' lang='lat' dir='ltr'><strong>Et</strong></span> <span class='ocrx_word' id='word_1_580' title='bbox 145 2750 253 2777; x_wconf 79' lang='lat' dir='ltr'><strong>cuncta,</strong></span> <span class='ocrx_word' id='word_1_581' title='bbox 266 2753 356 2772; x_wconf 88' lang='lat' dir='ltr'><strong>rerum</strong></span> <span class='ocrx_word' id='word_1_582' title='bbox 375 2749 403 2770; x_wconf 92' lang='lat' dir='ltr'><strong>ut</strong></span> <span class='ocrx_word' id='word_1_583' title='bbox 415 2744 566 2771; x_wconf 82' lang='lat' dir='ltr'><strong>abditarum</strong></span> <span class='ocrx_word' id='word_1_584' title='bbox 582 2742 683 2770; x_wconf 84' lang='lat' dir='ltr'><strong>nescia.</strong></span> 
     </span>
    </p>
   </div>
   <div class='ocr_carea' id='block_1_96' title="bbox 100 2778 650 2816">
    <p class='ocr_par' dir='ltr' id='par_1_96' title="bbox 100 2778 650 2816">
     <span class='ocr_line' id='line_1_99' title="bbox 100 2778 650 2816; baseline -0.009 -9"><span class='ocrx_word' id='word_1_585' title='bbox 100 2781 133 2816; x_wconf 53' lang='lat' dir='ltr'><strong>At</strong></span> <span class='ocrx_word' id='word_1_586' title='bbox 144 2781 250 2816; x_wconf 77' lang='lat' dir='ltr'><strong>generis</strong></span> <span class='ocrx_word' id='word_1_587' title='bbox 262 2780 323 2814; x_wconf 85' lang='lat' dir='ltr'><strong>ejus</strong></span> <span class='ocrx_word' id='word_1_588' title='bbox 339 2779 418 2816; x_wconf 82' lang='lat' dir='ltr'><strong>turba</strong></span> <span class='ocrx_word' id='word_1_589' title='bbox 430 2786 490 2813; x_wconf 73' lang='lat' dir='ltr'><strong>qua:</strong></span> <span class='ocrx_word' id='word_1_590' title='bbox 500 2782 526 2804; x_wconf 82' lang='lat' dir='ltr'><strong>te</strong></span> <span class='ocrx_word' id='word_1_591' title='bbox 538 2778 650 2804; x_wconf 71' lang='lat' dir='ltr'><strong>sustullit</strong></span> 
     </span>
    </p>
   </div>
   <div class='ocr_carea' id='block_1_97' title="bbox 100 2814 681 2849">
    <p class='ocr_par' dir='ltr' id='par_1_97' title="bbox 100 2814 681 2849">
     <span class='ocr_line' id='line_1_100' title="bbox 100 2814 681 2849; baseline -0.007 -7"><span class='ocrx_word' id='word_1_592' title='bbox 100 2814 158 2844; x_wconf 78' lang='lat' dir='ltr'><strong>Noti</strong></span> <span class='ocrx_word' id='word_1_593' title='bbox 171 2816 316 2849; x_wconf 75' lang='lat' dir='ltr'><strong>cogitanda</strong></span> <span class='ocrx_word' id='word_1_594' title='bbox 330 2815 414 2846; x_wconf 70' lang='lat' dir='ltr'><strong>cattle,</strong></span> <span class='ocrx_word' id='word_1_595' title='bbox 433 2821 494 2848; x_wconf 67' lang='lat' dir='ltr'><strong>qua:</strong></span> <span class='ocrx_word' id='word_1_596' title='bbox 511 2817 587 2840; x_wconf 89' lang='lat' dir='ltr'><strong>tuum</strong></span> <span class='ocrx_word' id='word_1_597' title='bbox 599 2815 681 2847; x_wconf 83' lang='lat' dir='ltr'><strong>caput</strong></span> 
     </span>
    </p>
   </div>
   <div class='ocr_carea' id='block_1_98' title="bbox 900 2251 1469 2287">
    <p class='ocr_par' dir='ltr' id='par_1_98' title="bbox 900 2251 1469 2287">
     <span class='ocr_line' id='line_1_101' title="bbox 900 2251 1469 2287; baseline 0 -7"><span class='ocrx_word' id='word_1_598' title='bbox 900 2259 922 2287; x_wconf 80' lang='grc' dir='ltr'><strong>Β</strong></span> <span class='ocrx_word' id='word_1_599' title='bbox 936 2253 1061 2280; x_wconf 87' lang='lat' dir='ltr'><strong>Cinxisse</strong></span> <span class='ocrx_word' id='word_1_600' title='bbox 1079 2251 1171 2280; x_wconf 87' lang='lat' dir='ltr'><strong>debuit</strong></span> <span class='ocrx_word' id='word_1_601' title='bbox 1189 2259 1301 2283; x_wconf 88' lang='lat' dir='ltr'><strong>corona.</strong></span> <span class='ocrx_word' id='word_1_602' title='bbox 1318 2259 1373 2279; x_wconf 90' lang='lat' dir='ltr'><strong>non</strong></span> <span class='ocrx_word' id='word_1_603' title='bbox 1389 2256 1469 2280; x_wconf 85' lang='lat' dir='ltr'><strong>modo</strong></span> 
     </span>
    </p>
   </div>
   <div class='ocr_carea' id='block_1_99' title="bbox 938 2287 1521 2322">
    <p class='ocr_par' dir='ltr' id='par_1_99' title="bbox 938 2287 1521 2322">
     <span class='ocr_line' id='line_1_102' title="bbox 938 2287 1521 2322; baseline 0.002 -9"><span class='ocrx_word' id='word_1_604' title='bbox 938 2288 1017 2320; x_wconf 82' lang='lat' dir='ltr'><strong>Quali</strong></span> <span class='ocrx_word' id='word_1_605' title='bbox 1038 2288 1210 2322; x_wconf 85' lang='lat' dir='ltr'><strong>impudenter</strong></span> <span class='ocrx_word' id='word_1_606' title='bbox 1221 2287 1308 2314; x_wconf 86' lang='lat' dir='ltr'><strong>cinxit</strong></span> <span class='ocrx_word' id='word_1_607' title='bbox 1325 2287 1351 2314; x_wconf 94' lang='lat' dir='ltr'><strong>in</strong></span> <span class='ocrx_word' id='word_1_608' title='bbox 1364 2287 1521 2319; x_wconf 85' lang='lat' dir='ltr'><strong>ludibrium,</strong></span> 
     </span>
    </p>
   </div>
   <div class='ocr_carea' id='block_1_100' title="bbox 938 2322 1568 2357">
    <p class='ocr_par' dir='ltr' id='par_1_100' title="bbox 938 2322 1568 2357">
     <span class='ocr_line' id='line_1_103' title="bbox 938 2322 1568 2357; baseline 0 -7"><span class='ocrx_word' id='word_1_609' title='bbox 938 2324 1038 2350; x_wconf 76' lang='lat' dir='ltr'><strong>Curam</strong></span> <span class='ocrx_word' id='word_1_610' title='bbox 1054 2322 1170 2357; x_wconf 81' lang='lat' dir='ltr'><strong>sepulcri</strong></span> <span class='ocrx_word' id='word_1_611' title='bbox 1183 2323 1283 2349; x_wconf 91' lang='lat' dir='ltr'><strong>nullam</strong></span> <span class='ocrx_word' id='word_1_612' title='bbox 1299 2322 1379 2349; x_wconf 89' lang='lat' dir='ltr'><strong>habet</strong></span> <span class='ocrx_word' id='word_1_613' title='bbox 1393 2330 1504 2356; x_wconf 88' lang='lat' dir='ltr'><strong>prorsus</strong></span> <span class='ocrx_word' id='word_1_614' title='bbox 1517 2322 1568 2350; x_wconf 86' lang='lat' dir='ltr'><strong>tui.</strong></span> 
     </span>
    </p>
   </div>
   <div class='ocr_carea' id='block_1_101' title="bbox 940 2357 1522 2392">
    <p class='ocr_par' dir='ltr' id='par_1_101' title="bbox 940 2357 1522 2392">
     <span class='ocr_line' id='line_1_104' title="bbox 940 2357 1522 2392; baseline -0.002 -8"><span class='ocrx_word' id='word_1_615' title='bbox 940 2357 972 2384; x_wconf 82' lang='lat' dir='ltr'><strong>Et</strong></span> <span class='ocrx_word' id='word_1_616' title='bbox 987 2357 1123 2392; x_wconf 88' lang='lat' dir='ltr'><strong>quomodo</strong></span> <span class='ocrx_word' id='word_1_617' title='bbox 1139 2360 1165 2384; x_wconf 88' lang='lat' dir='ltr'><strong>te</strong></span> <span class='ocrx_word' id='word_1_618' title='bbox 1175 2357 1208 2383; x_wconf 91' lang='lat' dir='ltr'><strong>de</strong></span> <span class='ocrx_word' id='word_1_619' title='bbox 1218 2357 1310 2384; x_wconf 86' lang='lat' dir='ltr'><strong>crucis</strong></span> <span class='ocrx_word' id='word_1_620' title='bbox 1325 2357 1397 2392; x_wconf 74' lang='lat' dir='ltr'><strong>ligno</strong></span> <span class='ocrx_word' id='word_1_621' title='bbox 1408 2357 1522 2384; x_wconf 76' lang='lat' dir='ltr'><strong>eruam?</strong></span> 
     </span>
    </p>
   </div>
   <div class='ocr_carea' id='block_1_102' title="bbox 939 2392 1546 2426">
    <p class='ocr_par' dir='ltr' id='par_1_102' title="bbox 939 2392 1546 2426">
     <span class='ocr_line' id='line_1_105' title="bbox 939 2392 1546 2426; baseline -0.002 -7"><span class='ocrx_word' id='word_1_622' title='bbox 939 2392 997 2425; x_wconf 84' lang='lat' dir='ltr'><strong>Qua</strong></span> <span class='ocrx_word' id='word_1_623' title='bbox 1012 2399 1113 2426; x_wconf 86' lang='lat' dir='ltr'><strong>corpus</strong></span> <span class='ocrx_word' id='word_1_624' title='bbox 1133 2399 1200 2418; x_wconf 90' lang='lat' dir='ltr'><strong>urna</strong></span> <span class='ocrx_word' id='word_1_625' title='bbox 1212 2392 1374 2425; x_wconf 73' lang='lat' dir='ltr'><strong>contegam?</strong></span> <span class='ocrx_word' id='word_1_626' title='bbox 1392 2399 1446 2426; x_wconf 88' lang='lat' dir='ltr'><strong>qtto</strong></span> <span class='ocrx_word' id='word_1_627' title='bbox 1464 2392 1546 2419; x_wconf 90' lang='lat' dir='ltr'><strong>linteo</strong></span> 
     </span>
    </p>
   </div>
   <div class='ocr_carea' id='block_1_103' title="bbox 939 2426 1510 2460">
    <p class='ocr_par' dir='ltr' id='par_1_103' title="bbox 939 2426 1510 2460">
     <span class='ocr_line' id='line_1_106' title="bbox 939 2426 1510 2460; baseline -0.004 -6"><span class='ocrx_word' id='word_1_628' title='bbox 939 2427 1088 2458; x_wconf 83' lang='lat' dir='ltr'><strong>luvolvam,</strong></span> <span class='ocrx_word' id='word_1_629' title='bbox 1104 2431 1130 2453; x_wconf 88' lang='lat' dir='ltr'><strong>et</strong></span> <span class='ocrx_word' id='word_1_630' title='bbox 1147 2426 1185 2453; x_wconf 87' lang='lat' dir='ltr'><strong>illi</strong></span> <span class='ocrx_word' id='word_1_631' title='bbox 1202 2434 1275 2453; x_wconf 90' lang='lat' dir='ltr'><strong>more</strong></span> <span class='ocrx_word' id='word_1_632' title='bbox 1287 2427 1375 2460; x_wconf 84' lang='lat' dir='ltr'><strong>patrio</strong></span> <span class='ocrx_word' id='word_1_633' title='bbox 1389 2427 1510 2454; x_wconf 89' lang='lat' dir='ltr'><strong>oceinam</strong></span> 
     </span>
    </p>
   </div>
   <div class='ocr_carea' id='block_1_104' title="bbox 940 2460 1544 2496">
    <p class='ocr_par' dir='ltr' id='par_1_104' title="bbox 940 2460 1544 2496">
     <span class='ocr_line' id='line_1_107' title="bbox 940 2460 1544 2496; baseline -0.002 -8"><span class='ocrx_word' id='word_1_634' title='bbox 940 2462 1066 2496; x_wconf 84' lang='lat' dir='ltr'><strong>Lugubre</strong></span> <span class='ocrx_word' id='word_1_635' title='bbox 1082 2461 1212 2488; x_wconf 86' lang='lat' dir='ltr'><strong>carmen?</strong></span> <span class='ocrx_word' id='word_1_636' title='bbox 1225 2461 1314 2495; x_wconf 82' lang='lat' dir='ltr'><strong>cujus,</strong></span> <span class='ocrx_word' id='word_1_637' title='bbox 1333 2469 1349 2488; x_wconf 95' lang='grc' dir='ltr'><strong>ο</strong></span> <span class='ocrx_word' id='word_1_638' title='bbox 1366 2460 1426 2493; x_wconf 88' lang='lat' dir='ltr'><strong>Fili,</strong></span> <span class='ocrx_word' id='word_1_639' title='bbox 1447 2469 1544 2488; x_wconf 85' lang='lat' dir='ltr'><strong>manus</strong></span> 
     </span>
    </p>
   </div>
   <div class='ocr_carea' id='block_1_105' title="bbox 938 2496 1685 2531">
    <p class='ocr_par' dir='ltr' id='par_1_105' title="bbox 938 2496 1685 2531">
     <span class='ocr_line' id='line_1_108' title="bbox 938 2496 1685 2531; baseline 0.003 -9"><span class='ocrx_word' id='word_1_640' title='bbox 938 2497 997 2524; x_wconf 85' lang='lat' dir='ltr'><strong>Tibi</strong></span> <span class='ocrx_word' id='word_1_641' title='bbox 1011 2497 1086 2531; x_wconf 86' lang='lat' dir='ltr'><strong>justa</strong></span> <span class='ocrx_word' id='word_1_642' title='bbox 1100 2496 1302 2531; x_wconf 51' lang='lat' dir='ltr'><strong>solventhuid</strong></span> <span class='ocrx_word' id='word_1_643' title='bbox 1319 2497 1418 2523; x_wconf 85' lang='lat' dir='ltr'><strong>misera</strong></span> <span class='ocrx_word' id='word_1_644' title='bbox 1433 2497 1530 2531; x_wconf 79' lang='lat' dir='ltr'><strong>agam?</strong></span> <span class='ocrx_word' id='word_1_645' title='bbox 1545 2502 1600 2530; x_wconf 89' lang='lat' dir='ltr'><strong>quo</strong></span> <span class='ocrx_word' id='word_1_646' title='bbox 1618 2503 1685 2524; x_wconf 73' lang='lat' dir='ltr'><strong>mea!</strong></span> 
     </span>
    </p>
   </div>
   <div class='ocr_carea' id='block_1_106' title="bbox 937 2530 1564 2565">
    <p class='ocr_par' dir='ltr' id='par_1_106' title="bbox 937 2530 1564 2565">
     <span class='ocr_line' id='line_1_109' title="bbox 937 2530 1564 2565; baseline 0 -7"><span class='ocrx_word' id='word_1_647' title='bbox 937 2531 1056 2558; x_wconf 77' lang='lat' dir='ltr'><strong>Tandem</strong></span> <span class='ocrx_word' id='word_1_648' title='bbox 1070 2531 1129 2558; x_wconf 86' lang='lat' dir='ltr'><strong>loco</strong></span> <span class='ocrx_word' id='word_1_649' title='bbox 1142 2531 1203 2557; x_wconf 81' lang='lat' dir='ltr'><strong>res?</strong></span> <span class='ocrx_word' id='word_1_650' title='bbox 1217 2530 1269 2557; x_wconf 86' lang='lat' dir='ltr'><strong>Sed</strong></span> <span class='ocrx_word' id='word_1_651' title='bbox 1283 2531 1348 2565; x_wconf 91' lang='lat' dir='ltr'><strong>quid</strong></span> <span class='ocrx_word' id='word_1_652' title='bbox 1361 2533 1396 2557; x_wconf 89' lang='lat' dir='ltr'><strong>ita</strong></span> <span class='ocrx_word' id='word_1_653' title='bbox 1409 2531 1564 2565; x_wconf 83' lang='lat' dir='ltr'><strong>despondeo</strong></span> 
     </span>
    </p>
   </div>
   <div class='ocr_carea' id='block_1_107' title="bbox 936 2566 1504 2600">
    <p class='ocr_par' dir='ltr' id='par_1_107' title="bbox 936 2566 1504 2600">
     <span class='ocr_line' id='line_1_110' title="bbox 936 2566 1504 2600; baseline 0 -8"><span class='ocrx_word' id='word_1_654' title='bbox 936 2567 1082 2593; x_wconf 86' lang='lat' dir='ltr'><strong>Animum?</strong></span> <span class='ocrx_word' id='word_1_655' title='bbox 1096 2566 1150 2593; x_wconf 89' lang='lat' dir='ltr'><strong>tuis</strong></span> <span class='ocrx_word' id='word_1_656' title='bbox 1165 2573 1260 2600; x_wconf 85' lang='lat' dir='ltr'><strong>parere</strong></span> <span class='ocrx_word' id='word_1_657' title='bbox 1274 2573 1317 2592; x_wconf 87' lang='lat' dir='ltr'><strong>me</strong></span> <span class='ocrx_word' id='word_1_658' title='bbox 1333 2567 1504 2592; x_wconf 86' lang='lat' dir='ltr'><strong>sermonibus</strong></span> 
     </span>
    </p>
   </div>
   <div class='ocr_carea' id='block_1_108' title="bbox 936 2600 1563 2635">
    <p class='ocr_par' dir='ltr' id='par_1_108' title="bbox 936 2600 1563 2635">
     <span class='ocr_line' id='line_1_111' title="bbox 936 2600 1563 2635; baseline 0.002 -8"><span class='ocrx_word' id='word_1_659' title='bbox 936 2601 1080 2635; x_wconf 51' lang='lat' dir='ltr'><strong>lt‘actisque</strong></span> <span class='ocrx_word' id='word_1_660' title='bbox 1093 2601 1133 2627; x_wconf 77' lang='lat' dir='ltr'><strong>fas</strong></span> <span class='ocrx_word' id='word_1_661' title='bbox 1148 2605 1199 2635; x_wconf 75' lang='lat' dir='ltr'><strong>est,</strong></span> <span class='ocrx_word' id='word_1_662' title='bbox 1208 2604 1283 2626; x_wconf 60' lang='lat' dir='ltr'><strong>teste</strong></span> <span class='ocrx_word' id='word_1_663' title='bbox 1296 2608 1356 2634; x_wconf 82' lang='lat' dir='ltr'><strong>qua:</strong></span> <span class='ocrx_word' id='word_1_664' title='bbox 1369 2600 1446 2635; x_wconf 83' lang='lat' dir='ltr'><strong>longe</strong></span> <span class='ocrx_word' id='word_1_665' title='bbox 1461 2600 1563 2634; x_wconf 83' lang='lat' dir='ltr'><strong>optimo</strong></span> 
     </span>
    </p>
   </div>
   <div class='ocr_carea' id='block_1_109' title="bbox 934 2635 1540 2669">
    <p class='ocr_par' dir='ltr' id='par_1_109' title="bbox 934 2635 1540 2669">
     <span class='ocr_line' id='line_1_112' title="bbox 934 2635 1540 2669; baseline 0 -7"><span class='ocrx_word' id='word_1_666' title='bbox 934 2636 1148 2669; x_wconf 83' lang='lat' dir='ltr'><strong>Ccrtissiumque</strong></span> <span class='ocrx_word' id='word_1_667' title='bbox 1167 2635 1336 2663; x_wconf 48' lang='lat' dir='ltr'><strong>indicant.</strong></span> <span class='ocrx_word' id='word_1_668' title='bbox 1350 2635 1479 2669; x_wconf 84' lang='lat' dir='ltr'><strong>quidquid</strong></span> <span class='ocrx_word' id='word_1_669' title='bbox 1493 2636 1540 2662; x_wconf 88' lang='lat' dir='ltr'><strong>tibi</strong></span> 
     </span>
    </p>
   </div>
   <div class='ocr_carea' id='block_1_110' title="bbox 935 2669 1578 2704">
    <p class='ocr_par' dir='ltr' id='par_1_110' title="bbox 935 2669 1578 2704">
     <span class='ocr_line' id='line_1_113' title="bbox 935 2669 1578 2704; baseline 0.002 -7"><span class='ocrx_word' id='word_1_670' title='bbox 935 2671 982 2698; x_wconf 85' lang='lat' dir='ltr'><strong>Est</strong></span> <span class='ocrx_word' id='word_1_671' title='bbox 998 2671 1076 2701; x_wconf 83' lang='lat' dir='ltr'><strong>velle,</strong></span> <span class='ocrx_word' id='word_1_672' title='bbox 1097 2674 1123 2696; x_wconf 91' lang='lat' dir='ltr'><strong>et</strong></span> <span class='ocrx_word' id='word_1_673' title='bbox 1137 2669 1201 2696; x_wconf 92' lang='lat' dir='ltr'><strong>illud</strong></span> <span class='ocrx_word' id='word_1_674' title='bbox 1219 2677 1299 2704; x_wconf 80' lang='lat' dir='ltr'><strong>posse</strong></span> <span class='ocrx_word' id='word_1_675' title='bbox 1315 2669 1395 2696; x_wconf 75' lang='lat' dir='ltr'><strong>idem.</strong></span> <span class='ocrx_word' id='word_1_676' title='bbox 1414 2670 1489 2697; x_wconf 85' lang='lat' dir='ltr'><strong>Peuu</strong></span> <span class='ocrx_word' id='word_1_677' title='bbox 1508 2670 1578 2698; x_wconf 85' lang='lat' dir='ltr'><strong>Deus</strong></span> 
     </span>
    </p>
   </div>
   <div class='ocr_carea' id='block_1_111' title="bbox 937 2705 1512 2740">
    <p class='ocr_par' dir='ltr' id='par_1_111' title="bbox 937 2705 1512 2740">
     <span class='ocr_line' id='line_1_114' title="bbox 937 2705 1512 2740; baseline -0.002 -8"><span class='ocrx_word' id='word_1_678' title='bbox 937 2705 983 2732; x_wconf 80' lang='lat' dir='ltr'><strong>Est</strong></span> <span class='ocrx_word' id='word_1_679' title='bbox 997 2705 1185 2740; x_wconf 86' lang='lat' dir='ltr'><strong>plurimorum,</strong></span> <span class='ocrx_word' id='word_1_680' title='bbox 1200 2705 1273 2731; x_wconf 90' lang='lat' dir='ltr'><strong>nulla</strong></span> <span class='ocrx_word' id='word_1_681' title='bbox 1285 2712 1345 2738; x_wconf 71' lang='lat' dir='ltr'><strong>qua:</strong></span> <span class='ocrx_word' id='word_1_682' title='bbox 1358 2705 1512 2732; x_wconf 79' lang='lat' dir='ltr'><strong>mortalium</strong></span> 
     </span>
    </p>
   </div>
   <div class='ocr_carea' id='block_1_112' title="bbox 937 2740 1530 2774">
    <p class='ocr_par' dir='ltr' id='par_1_112' title="bbox 937 2740 1530 2774">
     <span class='ocr_line' id='line_1_115' title="bbox 937 2740 1530 2774; baseline -0.003 -7"><span class='ocrx_word' id='word_1_683' title='bbox 937 2740 1005 2774; x_wconf 89' lang='lat' dir='ltr'><strong>Spes</strong></span> <span class='ocrx_word' id='word_1_684' title='bbox 1020 2740 1179 2774; x_wconf 80' lang='lat' dir='ltr'><strong>pollicetur;</strong></span> <span class='ocrx_word' id='word_1_685' title='bbox 1198 2740 1282 2765; x_wconf 87' lang='lat' dir='ltr'><strong>multa</strong></span> <span class='ocrx_word' id='word_1_686' title='bbox 1295 2747 1355 2773; x_wconf 67' lang='lat' dir='ltr'><strong>qua:</strong></span> <span class='ocrx_word' id='word_1_687' title='bbox 1378 2740 1530 2774; x_wconf 75' lang='lat' dir='ltr'><strong>speraveris</strong></span> 
     </span>
    </p>
   </div>
   <div class='ocr_carea' id='block_1_113' title="bbox 935 2774 1554 2810">
    <p class='ocr_par' dir='ltr' id='par_1_113' title="bbox 935 2774 1554 2810">
     <span class='ocr_line' id='line_1_116' title="bbox 935 2774 1554 2810; baseline -0.003 -8"><span class='ocrx_word' id='word_1_688' title='bbox 935 2775 1090 2810; x_wconf 84' lang='lat' dir='ltr'><strong>Nunquam,</strong></span> <span class='ocrx_word' id='word_1_689' title='bbox 1105 2774 1150 2800; x_wconf 87' lang='lat' dir='ltr'><strong>ille</strong></span> <span class='ocrx_word' id='word_1_690' title='bbox 1163 2774 1234 2810; x_wconf 80' lang='lat' dir='ltr'><strong>forti</strong></span> <span class='ocrx_word' id='word_1_691' title='bbox 1244 2782 1314 2808; x_wconf 78' lang='lat' dir='ltr'><strong>saepe</strong></span> <span class='ocrx_word' id='word_1_692' title='bbox 1328 2775 1422 2801; x_wconf 71' lang='lat' dir='ltr'><strong>dextra</strong></span> <span class='ocrx_word' id='word_1_693' title='bbox 1439 2775 1554 2810; x_wconf 63' lang='lat' dir='ltr'><strong>perlicit,</strong></span> 
     </span>
    </p>
   </div>
   <div class='ocr_carea' id='block_1_114' title="bbox 936 2809 1590 2844">
    <p class='ocr_par' dir='ltr' id='par_1_114' title="bbox 936 2809 1590 2844">
     <span class='ocr_line' id='line_1_117' title="bbox 936 2809 1590 2844; baseline 0 -8"><span class='ocrx_word' id='word_1_694' title='bbox 936 2809 1048 2839; x_wconf 82' lang='lat' dir='ltr'><strong>Decreta</strong></span> <span class='ocrx_word' id='word_1_695' title='bbox 1063 2816 1144 2844; x_wconf 86' lang='lat' dir='ltr'><strong>porro</strong></span> <span class='ocrx_word' id='word_1_696' title='bbox 1157 2816 1216 2843; x_wconf 64' lang='lat' dir='ltr'><strong>qua:</strong></span> <span class='ocrx_word' id='word_1_697' title='bbox 1226 2809 1283 2842; x_wconf 86' lang='lat' dir='ltr'><strong>jam</strong></span> <span class='ocrx_word' id='word_1_698' title='bbox 1297 2813 1386 2842; x_wconf 84' lang='lat' dir='ltr'><strong>erant,</strong></span> <span class='ocrx_word' id='word_1_699' title='bbox 1404 2809 1525 2838; x_wconf 88' lang='lat' dir='ltr'><strong>nondum</strong></span> <span class='ocrx_word' id='word_1_700' title='bbox 1539 2815 1590 2837; x_wconf 86' lang='lat' dir='ltr'><strong>suo</strong></span> 
     </span>
    </p>
   </div>
  </div>
