1933 3041
98 158 148 186 Ml
737 155 883 185 CllIllSTU
890 156 908 184 S
924 156 1078 186 PATIENS.
1673 154 1730 182 Ei?!

102 219 165 250 Πῶς
182 217 230 244 καί
247 225 288 244 νιν
300 217 317 252 ἡ
333 215 464 252 δύστηνος
480 215 664 250 εὐλαϐουμένη

102 265 175 299 Πρὸς
190 264 290 299 στέρνα
305 262 413 298 θῶμαι;
430 263 492 288 τινα
507 261 636 297 θρηνήσω
655 261 770 297 τρόπαν;

101 311 189 343 Αὐτὸς
201 311 230 337 δὲ
242 310 317 346 δοίης
331 309 378 336 καὶ
395 309 553 345 προσειπεῖν
567 309 590 334 σ’
602 308 640 340 ὡς
653 308 733 335 νέκυν

102 358 159 384 Καὶ
174 357 230 384 πᾶν
247 355 457 390 κατασπάσαιμι
474 354 519 380 σὺν
536 353 626 389 μέλος,
643 354 752 380 Τέκνον.

103 403 273 438 1515Χαῖρ“,
288 401 402 428 ὕστατόν
416 401 438 427 σ¹
455 400 546 436 ὁρῶσα
562 400 609 426 νῦν
625 400 860 436 προσφθέγγομαι,

107 449 157 474 Ὃν
171 448 271 483 μήποτ’
285 446 355 482 αὐτὴ
368 445 466 480 φύσασ⁸
478 445 581 480 ὤφελον
596 444 677 472 νέκυν

104 494 148 521 Τὰ
160 494 208 520 νῦν
224 493 337 526 ἰδέσθαι,
349 492 480 527 φθίμενόν
494 491 517 518 θ’
533 491 578 518 ὑπ’
593 491 711 526 ἀνόμων.

105 541 156 572 Δὸς
170 539 345 568 ἀσπάσασθαι
363 538 447 574 μητρὶ
465 536 557 570 δεξιὰν
571 537 649 573 χέρα.

105 584 143 612 Ὦ
159 585 276 621 φιλτάτη
291 585 361 620 χεὶρ,
379 582 412 620 ἧς
422 583 476 618 ἐγὼ
494 583 570 610 πόλλ’
587 583 712 618 εἰχόμην,

107 632 178 659 15ἳο
191 631 380 666 Προσειχὸμην
395 630 428 662 δ’,
441 630 479 661 ὡς
497 629 591 661 κισσὸς
607 629 697 665 ἔρνεσι
713 628 809 664 δρυόςῑ

107 676 144 704 Ὦ
160 677 235 712 φίλον
250 677 339 713 ὄμμα,
357 676 483 711 φίλτατον
499 675 527 702 δέ
544 684 588 711 μοι
603 675 700 710 στόμα,

107 723 161 751 Καὶ
174 723 278 759 σχῆμα,
294 723 341 750 καὶ
357 722 503 758 πρόσωπον
517 721 627 755 εὐγενὲς
642 720 760 747 Τέκνονί

107 766 144 796 Ὦ
159 768 315 805 γλυκυτάτη
331 767 468 804 προσϐολὴ
479 766 533 793 τῶν
548 766 677 802 χειλέωνῑ

907 223 930 250 Α
943 214 979 242 Ὦ
996 215 1122 246 θέσκελος
1138 213 1221 250 χρὼς,
1239 213 1348 249 πνεῦμα
1361 213 1383 240 δ’
1400 213 1507 249 ἥδιστον
1522 214 1634 241 Τέκνου.

944 261 1013 290 15(ὶὸ
1029 259 1064 288 Ὦ
1082 262 1152 288 θεῖον
1167 260 1252 296 ὀδμῆς
1268 257 1377 296 scopa!
1397 260 1443 287 καὶ
1456 259 1511 296 γὰρ
1524 260 1552 286 ὲν
1567 261 1661 292 κακοῖς

943 305 1006 334 Οὗσ⁹
1033 306 1155 342 ᾐσθόμην
1169 314 1226 337 σου,
1243 305 1459 341 κάνεκουφίσθην
1475 305 1553 341 κέαρ.

945 353 977 379 Τί
993 352 1014 379 δ’
1028 349 1072 379 ὧδ’
1090 352 1195 387 ἀτίμως
1209 351 1344 387 ἠθέλησας
1359 351 1500 384 τεθνάναι;

946 398 978 425 T!
995 399 1043 434 τὴν
1057 397 1189 424 τεκοῦσαν
1205 397 1299 434 μητέρ’
1314 396 1435 433 ὀρφανὴν
1449 397 1529 424 σέθεν

946 444 1092 477 Τέθεικας;
1107 443 1199 479 Οῖμοιῑ
1219 443 1377 478 συνθάνοιμί
1392 451 1444 475 σοι,
1455 443 1565 469 Τέκνον.

948 490 1017 518 1550
1031 491 1126 517 Θανεῖν
1141 498 1175 525 με
1191 490 1325 525 κρεῖττον,
1342 489 1358 524 ἢ
1379 488 1494 516 θανόντα
1510 497 1539 515 σε
1557 488 1676 524 βλέπειν.

946 536 1008 568 Πῶς
1025 536 1053 569 ὲξ
1067 535 1181 563 ἀναύδου
1194 535 1241 562 καὶ
1257 534 1389 571 μύσαντος
1402 534 1526 570 ὄμματος

947 583 1021 616 Ἒξω
1037 582 1240 618 παρηγόρημα;
1257 579 1315 612 πῶς
1326 580 1348 607 δ’
1364 579 1430 607 οἴσω
1447 580 1556 615 μένειν;

947 627 982 655 Ὦ
997 629 1101 664 χρωτὸς
1113 628 1161 663 ἡδὺ
1179 626 1303 662 πνεῦμαί
1324 626 1412 662 μάτην
1427 626 1480 661 ἄρα
1496 635 1525 652 σε

951 675 999 702 Ἔθ
1005 674 1079 710 pede,
1089 674 1199 706 Τέκνον,
1212 672 1297 709 μαζὸς
1310 672 1392 708 οὑμδς
1406 671 1590 707 σπαργάνοις;

951 719 1021 746 1555
1040 719 1135 753 Μάτην
1149 718 1170 743 δ’
1184 717 1326 753 ἐμόχθουν,
1342 716 1387 742 καὶ
1403 715 1572 753 κατεξάνθην
1586 715 1689 750 πόνοις,

958 765 1057 800 Ἀρχῆς
1075 765 1122 791 ἀπ’
1136 763 1224 799 ἄκρης
1236 761 1290 789 σῶν
1303 762 1385 795 ξένων
1398 762 1558 797 γενεθλίωνς

359 848 501 881 Quomodo
515 855 589 880 eum,
599 855 622 875 θ
640 847 745 881 infelix,
758 846 950 876 venerabunda

359 884 466 912 Pectori
479 883 648 910 admovebo?
663 890 780 918 quonam
796 882 875 909 modo
892 881 1088 918 ingemiscani‘?

361 919 399 946 Da
411 919 477 946 mihi
493 919 562 953 ipse.
575 922 604 945 ut
617 922 644 946 te
658 917 788 951 tanquam
804 921 941 944 mortuum
959 917 1129 951 compcllem,

360 952 515 988 Omnesque
530 958 591 980 tuos
607 958 692 984 artus,
707 952 768 984 Fili,
783 953 958 987 complectar.

360 989 431 1016 1515
446 987 536 1019 salve,
551 988 677 1015 ultimum
695 993 720 1015 te
734 996 848 1015 cernens
865 995 937 1014 nunc
952 987 1086 1021 alloquor.

360 1024 446 1056 Quem
463 1031 478 1050 a
494 1030 537 1050 me
551 1024 671 1059 genitum
688 1030 826 1059 nunquam
845 1022 999 1059 debuissem
1013 1025 1150 1048 mortuum

361 1059 439 1086 Nunc
453 1058 563 1090 intueri,
581 1062 608 1085 et
624 1066 639 1084 a
655 1058 796 1086 sceleratis
810 1058 941 1085 occisum.

363 1094 400 1120 Da
414 1094 519 1128 parenti
535 1093 657 1121 dextram
673 1101 783 1120 manum
800 1092 964 1120 deosculari.

361 1129 384 1156 0
401 1129 561 1158 charissima
577 1135 684 1159 manus,
702 1136 782 1163 quam
799 1135 869 1162 saepe
884 1128 969 1160 tenui,

362 1163 432 1190 1520
451 1164 501 1191 Cui
520 1163 615 1190 inhaesi
630 1163 701 1191 sicut
711 1162 820 1190 ’hedera
841 1163 924 1189 ramis
938 1162 1071 1197 quercus!

361 1199 385 1226 0
396 1199 486 1226 dilecti
502 1199 573 1226 oculi
588 1202 614 1225 et
629 1206 660 1226 os
675 1198 741 1225 mihi
758 1198 959 1230 charissimam,

363 1233 394 1261 Et
409 1235 525 1268 species.
538 1238 565 1261 et
581 1234 670 1260 vultus
685 1240 833 1268 generosus
847 1231 924 1259 Filii!
955 1260 963 1265 ν

362 1268 385 1296 0
396 1269 558 1296 Suavissima
573 1268 707 1295 labiorum
720 1268 852 1295 admotio!

363 1303 385 1331 0
397 1304 488 1331 divina
508 1304 590 1335 cutis,
607 1303 824 1338 suavissimcque
835 1302 896 1330 Filii
909 1302 1024 1330 halitus!

363 1338 434 1366 1525
448 1338 470 1374 0
485 1338 575 1365 divina
591 1338 684 1374 odoris
699 1338 860 1374 fragrantia!
881 1346 942 1365 nam
961 1343 987 1374 et
1001 1338 1078 1374 malis
1094 1344 1236 1373 oppressa,

366 1373 652 1414 1284-1285113
667 1373 750 1414 sensi;
764 1377 851 1414 etrcor
865 1381 955 1414 mer
971 1373 1022 1400 fuit
1038 1373 1194 1401 allevatum.

364 1410 420 1436 Cur
437 1408 492 1435 ta’m
511 1408 691 1444 ignominiose
705 1408 814 1436 voluisti
830 1409 917 1444 mori?

365 1443 421 1470 Cur
435 1443 561 1474 matrem,
577 1451 637 1478 quae
652 1447 678 1470 te
689 1444 792 1478 genuit,
807 1443 930 1478 orbatam
947 1447 973 1471 te

367 1478 506 1506 Posuisti?
526 1478 574 1505 Hei
585 1477 674 1505 mihi!
692 1477 797 1510 tecum,
816 1477 875 1509 Fili.
895 1479 1070 1507 commoriar.

367 1514 436 1540 1550
451 1513 519 1541 Mori
533 1514 599 1540 mihi
614 1513 702 1541 satius
717 1517 800 1548 esset,
817 1521 898 1548 quam
915 1516 941 1540 te
956 1518 1093 1541 mortuum
1108 1519 1228 1540 cernere.

367 1548 509 1581 Quomodo
524 1556 558 1575 ex
571 1556 614 1581 eo,
633 1549 679 1584 qui
698 1553 788 1584 mutus
805 1548 1010 1584 est,ret_oculos
1031 1549 1141 1584 clausit,

368 1583 501 1611 Solatium
519 1583 675 1618 excipiam?
689 1583 711 1616 ρ

714 1583 830 1610 uomodo
845 1582 911 1610 illud
928 1582 998 1610 ferre
1015 1583 1131 1618 potero?

367 1618 390 1654 0
409 1619 496 1654 dulcis
511 1619 612 1645 halitus
628 1619 753 1654 corporis
768 1620 775 1645 ‘.
795 1618 895 1646 frustra
910 1618 991 1654 igitur
1010 1623 1036 1646 te

369 1653 398 1680 In
414 1653 507 1681 fasciis
521 1654 699 1685 iactaverunt,
716 1653 778 1685 Fili,
793 1654 875 1681 ubera
892 1653 972 1680 mea?

370 1689 440 1716 1555
454 1688 565 1716 Frustra
580 1689 662 1716 etiam
679 1689 810 1719 laboravi.
826 1693 853 1716 et
866 1688 990 1716 confecta
1007 1696 1068 1716 sum
1086 1688 1237 1722 laboribus,

369 1723 410 1751 Ab
427 1723 551 1758 ipsismet
565 1724 739 1751 incunabulis
754 1723 793 1751 tui
809 1727 886 1751 ortus
903 1724 1036 1751 inauditi?

155 1801 225 1829 1515
241 1801 395 1829 "rotator.
410 1801 448 1828 Ita
467 1801 531 1837 Reg.
553 1801 621 1829 Editi
637 1801 773 1834 ὑστάτιον,
792 1800 840 1828 sed
859 1800 908 1828 de-

121 1837 176 1864 ﬁcit
193 1841 320 1864 metrum.

156 1872 225 1899 1518
249 1872 304 1904 Δὸς
327 1871 535 1901 ἀσπάσασθαι.
564 1877 616 1899 etc.
644 1871 683 1898 Ita
714 1870 806 1899 Medea
834 1878 906 1899 vers.

122 1906 201 1937 1070.
217 1904 282 1938 etc.,
302 1915 366 1934 suos
387 1907 485 1934 liberos
500 1908 645 1941 alloquitur
659 1916 665 1933 :

155 1942 215 1977 1361'
230 1941 390 1969 ἀσπάσασθε
421 1943 504 1977 μητρὶ
519 1942 607 1975 δεξιὰν
618 1941 695 1977 χέρα.

156 1974 192 2002 ’Ὤ
203 1977 325 2013 νφιλτάτη
338 1978 408 2012 χεὶρ,
422 1974 560 2011 ’φίλτατον
568 1977 596 2004 δέ
610 1974 657 2011 ira;
670 1976 766 2011 στόμα,

157 2012 214 2047 Καὶ
232 2012 334 2047 σχῆμα,
354 2013 400 2039 καὶ.
417 2013 561 2047 πρόσωπον
580 2012 688 2046 εὐγενὲς
707 2013 822 2038 τέκνων.

157 2046 225 2074 Date
238 2046 317 2074 matri
336 2046 456 2074 dextrum
476 2056 594 2078 manum,
609 2047 724 2074 salutate
740 2051 861 2073 matrem.

159 2081 181 2108 0
194 2082 352 2110 charissima
369 2091 472 2112 manus
489 2087 512 2109 et
534 2083 596 2109 mihi
611 2082 797 2108 charissimam
814 2090 854 2113 as,

158 2115 194 2143 Et
209 2119 314 2151 species,
329 2122 353 2145 et
371 2118 457 2145 vultus
469 2125 607 2153 generosus
622 2117 772 2153 liberarunt.

160 2152 230 2179 1520
242 2153 448 2187 Προσειχόμην
463 2150 498 2179 δ’.
523 2154 560 2179 lia
581 2160 662 2186 supra
677 2160 747 2179 vers.
765 2151 846 2182 1252,
857 2150 908 2187 §ic

123 2192 150 2215 et
173 2196 244 2215 vers.
265 2185 331 2220 598,
351 2185 466 2215 ’Πθυυὺιι
491 2185 621 2223 Ulyssem
636 2187 782 2222 alloquitur
805 2187 838 2214 de
857 2185 905 2213 Po-

124 2224 149 2259 1)-
154 2231 222 2251 xcua

997 1801 1092 1837 [ῼποία
1104 1801 1198 1833 κισσὸς
1212 1801 1301 1837 δρυὸς,
1316 1801 1390 1832 ὅπως
1406 1800 1480 1837 τῆσδ’
1493 1801 1598 1837 ἕξομαι.

994 1835 1027 1862 Ut
1043 1836 1137 1863 hedera
1153 1835 1270 1871 querc‘ui,
1286 1836 1325 1863 sic
1338 1837 1398 1862 huic
1409 1835 1558 1864 adhereba.

992 1871 1060 1907 1527
1082 1872 1111 1899 Τί
1130 1870 1216 1907 δίῶδ¹
1235 1871 1354 1906 ἀτίμως.
1375 1870 1412 1898 lta
1434 1879 1517 1907 supra
1537 1879 1609 1900 vers.
1631 1870 1699 1904 885,
1715 1875 1750 1899 et-

956 1905 1027 1932 Μεά.
1041 1914 1112 1933 vers.
1126 1906 1203 1934 1208.
1219 1910 1272 1933 etc.

992 1941 1056 1968 1551
1073 1940 1139 1974 Πῶς
1162 1941 1195 1974 ἐξ
1210 1941 1353 1974 ἀναύδου,
1374 1945 1428 1970 etc.
1454 1941 1501 1969 Sic
1523 1945 1550 1969 et
1573 1949 1655 1977 supra
1668 1949 1741 1970 vers.

957 1976 1062 2047 Ὓέδῖ.
1074 2009 1108 2038 'o
1123 2011 1235 2046 χρωτὸς
1249 2012 1307 2045 ἡδὺ
1326 2011 1461 2047 πνεῦμαί
1485 2011 1532 2039 Sic
1549 2011 1647 2038 Troad.
1669 2018 1742 2039 vers.

959 2046 1020 2078 753,
1037 2051 1102 2082 ete.,
1116 2047 1305 2074 Andromache
1324 2046 1407 2074 filiuni
1419 2055 1498 2075 suum
1513 2047 1623 2082 jamjam
1640 2047 1742 2082 peritu-

957 2089 1017 2108 rum
1029 2081 1108 2109 deflet
1125 2091 1131 2109 :
1513 2081 1518 2082 ⁷

992 2114 1027 2153 Ὦ
1047 2117 1150 2152 χρωτὸς
1166 2118 1215 2153 ἡδὺ
1233 2116 1340 2152 πνεῦμα
1352 2117 1361 2153 l
1374 2117 1569 2153 διακενῆςγᾶρα

997 2151 1047 2188 ξΕνν
1055 2151 1220 2188 σπαργάνοις
1238 2161 1268 2179 σε
1284 2151 1384 2188 μαστὸς
1400 2151 1521 2188 ὲξέθρζςψ*
1537 2152 1591 2179 ὅδε.

995 2185 1016 2222 ρ
1030 2185 1119 2214 dulcis
1130 2185 1229 2214 halitus
1244 2185 1377 2222 corporis!
1390 2185 1586 2222 frustra‘igitur

995 2220 1027 2247 In
1041 2221 1132 2256 fasciis
1146 2223 1213 2250 aluit
1229 2229 1252 2250 Ie
1264 2220 1318 2249 hac
1335 2220 1461 2250 mamma.

773 2278 939 2309 METRICA
952 2279 1101 2310 VERSIO.

124 2330 232 2358 Teneo?
243 2330 314 2363 Quid
329 2334 418 2358 autem
439 2330 538 2359 misera
555 2330 702 2365 timidaque
717 2330 822 2364 applico

123 2365 154 2392 1n
170 2369 265 2401 pectus
279 2366 386 2401 ipsum?
400 2367 535 2401 quomodo
547 2373 618 2392 nunc
630 2367 685 2400 jam
701 2365 816 2400 ejulem?

124 2373 154 2392 ΠΙ
170 2373 265 2426 ﬂectus
279 2373 386 2401 Ipsum'!
400 2373 535 2401 ειυοιηοιιο
547 2373 618 2392 nunc
630 2374 685 2400 Janl
701 2373 762 2400 ειυιι

124 2401 160 2427 Mi
175 2416 184 2427 ι
198 2406 250 2433 ate,
261 2401 338 2434 Nate,
354 2401 410 2436 jam
427 2401 493 2428 mihi
509 2402 559 2428 hoc
575 2401 662 2428 dones
672 2400 762 2433 velim,

125 2435 161 2463 Ut
175 2441 200 2463 te
214 2436 272 2470 ipsa
288 2435 417 2471 tanquam
432 2439 567 2463 mortuum
581 2436 654 2462 affari
672 2443 780 2470 queam,

123 2471 269 2507 Ainplexer
282 2475 358 2499 artus
374 2471 504 2507 singulos.
521 2471 598 2498 Nunc
610 2475 636 2499 te
653 2471 777 2497 ultimum

123 2506 263 2540 Compello
279 2514 405 2538 cernens,
421 2506 447 2533 et
460 2507 519 2534 vale
536 2507 644 2541 longum
661 2507 777 2541 ingenio.

124 2541 180 2575 Ego
198 2544 265 2575 ipsa,
283 2550 342 2576 qua:
357 2546 382 2569 te
401 2545 486 2569 mater
500 2543 526 2568 in
543 2542 629 2568 lucem
640 2541 723 2572 edidi,

124 2577 163 2603 Te
179 2576 345 2610 perditorum
360 2578 462 2604 scelere
479 2581 624 2603 mactatum
638 2583 663 2604 et
677 2583 759 2603 manu

123 2611 223 2647 Cerno,
235 2616 261 2638 et
276 2612 346 2646 quod
361 2619 469 2647 aequum
484 2620 537 2639 non
553 2612 613 2643 fuit,
627 2620 700 2639 nunc
714 2617 859 2640 mortuum.

125 2646 198 2673 Cede
212 2654 227 2673 o
243 2652 379 2681 potentem
390 2648 528 2674 dexteram
541 2647 621 2674 matri
635 2647 758 2674 osculum

124 2680 166 2707 Ad
180 2680 269 2715 dulce,
285 2683 376 2709 suavis
392 2690 409 2709 ο
425 2690 520 2709 manus
535 2683 615 2709 toties
628 2682 693 2710 mihi

126 2715 263 2748 Tractata,
280 2717 378 2752 cuique
391 2725 444 2744 non
457 2717 558 2745 adhaesi
574 2718 684 2750 lentius,

125 2751 211 2787 Quam
227 2752 298 2779 lenta
312 2751 395 2780 ramis
408 2752 508 2779 hedera
521 2760 638 2787 quercus
653 2753 763 2780 assolet.

124 2785 247 2822 Jncunda
261 2795 277 2814 ο
290 2787 351 2814 visu
367 2788 479 2819 lumina,
495 2785 735 2822 os'gratissimum,

126 2821 288 2857 Vultusque,
304 2822 441 2857 faciesque
453 2821 583 2857 generosa
602 2822 673 2854 Filii,

125 2856 148 2884 0
163 2865 255 2892 pressa
269 2859 369 2885 nostris
381 2856 551 2885 labra’labris
562 2859 697 2884 suaviter!

126 2893 149 2920 υ
163 2893 261 2929 dignus
272 2893 331 2929 ipso
348 2893 389 2922 vel
405 2892 460 2922 Deo
473 2894 558 2928 color,
571 2893 670 2921 halitus
672 2905 685 2930 λ

925 2331 947 2359 B
961 2328 1145 2358 Suavissimus
1160 2331 1231 2363 Nati,
1248 2339 1264 2358 ο
1276 2331 1368 2359 odoris
1379 2331 1475 2358 erelica

959 2364 1129 2401 Fragrantia,
1140 2367 1217 2393 malis
1231 2374 1301 2400 saepe
1314 2374 1374 2401 qua:
1387 2365 1640 2401 pressamimbuens

959 2399 1089 2436 Bercepta
1105 2405 1161 2428 toto
1176 2409 1219 2428 me
1235 2399 1331 2429 refecit
1344 2399 1470 2436 pectore!

959 2434 991 2471 Et
1002 2434 1067 2471 quid
1080 2437 1164 2463 tulisti
1180 2441 1266 2464 morte
1281 2434 1443 2464 taminfami
1456 2435 1560 2463 emori?

959 2470 1027 2506 Quid
1045 2476 1071 2498 te
1084 2475 1222 2506 parentem
1238 2471 1395 2500 destitutam
1411 2472 1480 2498 Filio

958 2505 1057 2533 Fecisti
1067 2505 1108 2534 ?‘o
1124 2507 1226 2533 utinam
1240 2507 1370 2534 commori
1385 2506 1463 2534 detur
1478 2506 1537 2538 tibi,

960 2539 994 2577 Mi
1011 2546 1082 2568 nate.
1097 2542 1188 2577 Longe
1207 2542 1318 2569 suavius
1338 2542 1407 2569 mori
1421 2541 1486 2569 mihi

961 2575 1049 2612 Esset,
1061 2575 1195 2610 iacentem
1210 2585 1290 2612 quam
1303 2577 1394 2604 videre
1407 2582 1435 2604 et
1451 2580 1597 2603 mortuum.

960 2611 1027 2638 Nam
1043 2613 1089 2646 qui
1105 2620 1147 2639 me
1160 2617 1186 2639 et
1198 2611 1284 2647 impos
1295 2612 1381 2642 vocis.
1396 2615 1423 2638 et
1435 2613 1528 2639 oculos
1543 2619 1670 2646 premens

962 2648 1032 2673 Suos
1048 2647 1180 2680 profunda
1197 2651 1276 2674 nocte
1289 2647 1494 2674 consolabitur?

961 2681 1026 2717 Quae
1040 2683 1094 2708 vita
1107 2683 1204 2716 poterit
1218 2690 1277 2710 esse
1290 2690 1344 2709 non
1361 2682 1450 2717 gravis
1468 2682 1550 2708 mihi?

961 2716 983 2744 Ο
996 2717 1119 2750 corporis
1134 2716 1239 2744 dulcem
1254 2722 1280 2744 et
1297 2716 1405 2745 suavem
1422 2717 1564 2751 spiritum!

964 2751 1074 2778 Frustra
1092 2760 1166 2786 ergo,
1181 2752 1259 2784 Nate,
1279 2753 1380 2787 przebui
1395 2751 1443 2787 tibi
1458 2752 1551 2783 ubera,

964 2787 1076 2815 Frustra
1093 2788 1219 2814 laborans
1234 2793 1259 2815 te
1274 2786 1392 2822 puellum
1410 2786 1501 2814 fasciis

965 2822 1074 2853 lnvolri,
1091 2826 1118 2849 et
1134 2823 1160 2850 in
1176 2827 1202 2850 te
1221 2823 1315 2850 matris
1331 2829 1438 2857 operam
1455 2823 1568 2857 perdidi.

963 2857 1021 2884 Jam
1039 2858 1125 2891 prima
1139 2858 1172 2884 ab
1185 2859 1229 2884 illa
1244 2858 1313 2890 luce,
1327 2865 1379 2892 qua
1397 2858 1530 2886 mirabilis

964 2893 1052 2920 Illuxit
1066 2897 1142 2922 ortus
1154 2893 1227 2922 edito
1241 2893 1299 2928 tibi,
1317 2901 1333 2921 ο
1347 2893 1397 2920 Dei
