1933 3041
108 114 162 142 269

109 172 266 208 Σιγώμενόν
277 180 307 199 τε
320 171 400 203 κῦδος
415 168 487 206 εἶχεν
501 171 529 198 ἐν
544 171 616 205 πόλῳ
629 179 635 184 ·

110 219 189 245 Ᾱῖτια
202 218 289 245 ταῦτα
299 218 345 244 τοῦ
357 217 437 244 τόκου
451 217 499 243 καὶ
513 216 560 243 τοῦ
573 217 685 252 πότμου.

110 264 146 290 Τὸ
165 264 220 290 πᾶν
231 263 253 289 δ’
268 262 324 299 ὲρῶ
342 271 384 289 σοι
397 263 451 288 τῶν
467 261 570 298 βροτῶν
589 261 736 297 σωτηρίαν.

149 309 217 337 1660
234 309 337 344 Τοίγαρ
350 308 490 343 τέθνηκεν,
504 305 541 334 ὧν
556 308 640 344 ἐχρῆν
652 308 741 343 ἥκισθ’
757 308 818 340 ὕπο,

111 355 157 385 Εἰς
169 353 257 389 δεσμά
268 355 291 380 τ’
304 351 380 388 ἦλθε,
398 353 446 380 καὶ
459 353 556 387 λόγους
568 353 777 388 ὲμπαιγμύιτων.

111 399 231 426 Τοιαῦτα
244 399 307 430 λαὸς
320 400 334 426 ὁ
349 399 414 434 πρὶν
430 398 618 434 ὴγαπημὲνος,

110 444 266 480 Εὐεργέτην
279 444 387 480 ἔδρασε,
401 444 540 480 πηρωθεὶς
553 445 642 480 φθόνῳ
651 453 657 460 ”

110 490 165 516 Καὶ
178 491 266 517 ταῦτα
280 490 329 526 μὲν
341 491 476 517 πέπονθεν
489 487 567 522 οὗτος
577 491 626 517 οὐκ
638 490 722 517 ἄκων.

111 536 180 563 1665
198 537 231 562 ’Δ
245 537 266 562 δ’
283 534 316 563 αὖ
331 536 427 562 παθεῖν
442 536 482 563 δεῖ
492 537 567 569 λαὸν,
587 537 617 563 οὐ
634 537 730 572 κρύψω
742 538 824 564 κακά.

110 582 190 610 Λίποι
206 581 336 618 πόλισμα,
354 583 503 619 βαρϐάροις
517 583 609 615 εἴκων,
624 583 711 614 ἄκων,

109 627 218 660 Δοῦλος,
235 627 368 662 μέτοικος.
384 628 462 654 Ἐστι
474 627 528 662 γὰρ
544 627 574 654 τὸ
587 627 728 662 θέσφατον,

110 673 157 704 Εἰς
170 674 260 700 πᾶσαν
274 672 336 700 αἶαν
349 673 496 709 Βαρϐάρων
516 673 688 708 ἀποτρέχειν,

110 719 227 754 Αἰχμαῖς
244 720 373 753 ἁλωτοὺς,
392 719 466 746 πόλλ’
482 720 649 751 ἀνατλάντας
664 719 746 746 κακά.

762 108 933 139 CHRISTUS
949 107 1104 139 PATIENS.
1179 145 1184 149 _

913 172 937 199 Δ
951 173 1018 200 1670
1038 172 1206 207 ’Δναιρέταις
1221 172 1274 208 γὰρ
1289 173 1370 199 πᾶσιν
1383 171 1450 207 ἀντᾷ
1464 172 1586 207 παγγενῆ

1680 107 1733 141 970

950 219 1046 244 Λιπεῖν
1058 217 1134 244 πόλιν
1150 218 1233 253 τήνδ’,
1247 218 1355 245 ἀνοσίου
1373 218 1525 253 μιάσματος

950 263 1032 294 Δίκας
1045 263 1166 295 τίνοντας
1177 263 1257 295 τοῦδ’,
1269 264 1298 290 ὃν
1312 264 1434 290 ἔκτειναν
1449 263 1546 298 φθόνῳ,

949 309 1005 335 Καὶ
1019 308 1115 344 μηκέτ’
1132 308 1194 335 ἰδεῖν
1204 301 1320 344 πατρίδθ.
1339 309 1376 335 Οὐ
1387 310 1441 344 γὰρ
1451 309 1571 341 εὐσεϐὲς,

949 356 1047 382 Μένειν
1061 355 1190 389 φονευτὰς
1203 357 1232 382 ἐν
1244 356 1337 390 τάφοις
1350 355 1548 390 νεκρουμένων.

950 401 1018 428 1675
1033 402 1126 433 Πόλεις
1140 396 1168 428 δὲ
1178 401 1278 432 πολλὰς
1290 401 1492 436 είσαφίκωνται,
1507 400 1588 434 ζυγὸν

949 447 1071 474 Δούλειον
1085 447 1241 478 ἁνέλκοντες
1254 448 1277 473 οἱ
1290 447 1474 482 ὅυσδαίμονες,

949 493 1066 528 Δίχμαῖς
1082 493 1189 524 άλωτοὶ,
1206 486 1328 528 χρησμὸς
1337 493 1374 524 ὼς
1389 492 1462 527 λέγει
1472 493 1550 525 Θεοῦ,

950 538 1042 574 Ilich
1056 539 1260 574 διασπαρέντες,
1277 539 1307 564 οὐ
1321 538 1412 564 νόστον
1428 539 1450 564 δ’
1467 538 1506 565 ἔτι

951 584 982 609 Οἱ
996 583 1109 615 τάλανες
1123 585 1278 618 σχήσουσιν,
1292 583 1346 609 οὐδ’
1359 584 1499 615 ἐπάνοδον,

952 628 1019 655 1680
1039 629 1097 662 Ἀφ’
1111 625 1141 655 οὗ
1158 628 1214 654 τάδ’
1226 628 1354 663 ἐκπέρσει
1367 628 1394 662 γ’
1410 629 1552 664 ἀναρίθμῳ
1565 628 1681 664 στρατῷ,

956 672 1121 708 Ἦγούμενος
1136 673 1273 708 λόγχαισιν
1293 673 1418 699 Αὐσόνων
1432 672 1552 708 δραμών.

951 719 1032 746 Ταῦτ’
1042 720 1103 754 οὐχὶ
1119 719 1215 755 θνητοῦ
1233 719 1335 754 πατρὸς
1348 717 1479 753 ἐκγεγὼς,
1491 719 1542 754 ἔφη

361 799 536 835 Ῑποῑιοῐηαυε
550 799 578 826 in
592 800 662 827 ccelo
674 800 788 835 gloriam
800 799 963 826 obtinuisset
977 808 983 825 ι

361 833 409 870 Ila:
421 833 593 862 sunt’causae
604 833 692 870 ipsius
705 839 783 862 ortus
795 839 822 861 et
835 835 941 861 mortis.

362 868 525 896 Summatim
538 878 603 896 vero
615 868 754 897 hominum
768 869 881 896 salutem
897 869 947 895 tibi
961 868 1062 896 dicam.

397 904 470 931 1660
490 904 596 932 Etenim
614 905 695 932 morti
715 904 842 934 traditus.
861 912 876 930 a
892 904 992 938 quibus
1009 903 1120 930 minime
1132 902 1282 933 debuisset,

363 939 396 966 Et
410 940 437 966 in
451 940 559 967 vincula
571 940 712 974 conjectus
728 945 779 971 est,
799 947 832 967 ac
843 937 925 967 verba
941 937 1186 966 subsannationum
1202 938 1300 967 audiit.

361 973 425 1010 Ilaec
439 975 556 1010 populus
571 973 650 1002 antea
666 975 793 1010 dilectus.

361 1008 465 1036 Invidia
476 1008 642 1041 excmcatus.
658 1009 825 1037 benefactori
843 1008 986 1044 rependit:

361 1043 394 1071 Et
409 1045 466 1071 hate
480 1045 589 1079 quidem
605 1052 660 1072 non
678 1045 780 1073 invitus
795 1043 931 1072 toleravit.

361 1079 432 1115 1665
450 1079 516 1112 Qua:
534 1085 624 1107 autem
638 1080 708 1107 mala
724 1081 853 1115 populum
866 1079 921 1114 pati
937 1083 1054 1114 oportet,
1070 1087 1124 1107 non
1141 1079 1244 1107 celabo.

361 1114 462 1142 Urbem
480 1115 626 1149 relinquet.
640 1114 770 1142 Barbaris
783 1115 894 1146 cedens,
908 1115 1021 1144 invitus,

361 1150 475 1181 Servus,
492 1150 547 1176 alio
558 1148 688 1177 extorris.
705 1149 732 1176 Id
748 1150 819 1177 enim
835 1149 966 1176 divinitus
980 1153 1022 1176 est
1037 1148 1187 1181 decretum,

359 1184 415 1212 Eos
432 1185 460 1211 in
476 1193 584 1212 omnem
600 1184 783 1212 Barbarorum
798 1188 898 1212 terram
910 1192 995 1220 prope
1010 1184 1143 1216 abituros,

359 1220 606 1256 ﬁrmissubactos,
620 1220 753 1256 pluraque
768 1227 913 1256 perpessos
928 1221 1009 1256 mala.

363 1248 681 1291 1304-1305-1610
700 1248 799 1291 Omnes
815 1248 859 1291 qui
875 1255 1054 1291 sustulerunt,
1073 1254 1147 1291 istud
1164 1259 1266 1288 manet,
1282 1261 1311 1282 ut
1326 1255 1402 1291 plebs
1419 1256 1546 1283 universa

363 1288 464 1325 Iliberri
479 1288 597 1322 deserat,
613 1295 640 1318 et
657 1290 739 1325 hujus
757 1288 861 1325 infandi
877 1290 989 1325 sceleris
1004 1297 1087 1317 causa
1122 1288 1128 1292 ’

361 1324 461 1352 Pmnas
477 1325 501 1352 ei
517 1326 585 1356 luat,
599 1333 679 1360 quem
694 1324 743 1360 per
758 1324 886 1352 invidiam
900 1324 1012 1356 occidit,

360 1360 417 1395 Nec
432 1360 503 1386 ultra
515 1360 630 1395 patriam
645 1360 737 1387 videat
750 1370 756 1387 :
772 1360 850 1387 nefas
865 1360 936 1386 enim
951 1365 992 1387 est

364 1394 524 1430 lIomicidas
537 1396 565 1422 in
582 1395 694 1423 tumulis
707 1403 814 1427 eorum,
829 1402 899 1429 quos
914 1395 1085 1428 occiderunt,
1101 1403 1269 1430 permanere.

364 1430 434 1466 1675
445 1429 553 1466 Multas
566 1430 593 1466 in
608 1430 689 1458 urbes
699 1430 878 1466 deducentur,
889 1430 985 1466 jugum

364 1463 468 1493 Servile
484 1465 684 1499 protrahentes,
701 1465 802 1497 miseri,

363 1501 453 1528 Armis
468 1495 584 1533 shbacti,
599 1505 628 1527 ut
644 1500 743 1527 cecinit
759 1495 899 1528 oraculum
918 1495 976 1534 Dei,

363 1535 470 1571 Ubique
481 1535 609 1570 dispersi,
628 1535 847 1571 nequeamplius
864 1536 916 1571 erit

363 1569 598 1605 lnfeIieibus’spes
613 1570 641 1597 in
657 1570 773 1605 patriam
789 1569 930 1601 redeundi,

363 1605 433 1633 1680
453 1605 492 1632 Ex
503 1603 558 1639 quo
569 1613 631 1632 cum
648 1603 769 1632 exercitu
787 1603 1075 1639 innumerabiliirruet

362 1641 499 1668 Advolans
510 1640 694 1668 Romanarum
709 1640 863 1667 cohortium
880 1641 1036 1674 imperator.

362 1675 422 1703 Non
435 1679 512 1711 patre
525 1675 633 1702 mortali
653 1679 745 1708 natus,
761 1675 809 1702 sed
826 1683 840 1701 a
857 1675 911 1702 Deo
924 1678 1042 1710 genitus,
1057 1675 1114 1703 lucc
1129 1676 1193 1711 egit.

151 1752 219 1781 1667
234 1754 396 1790 'Ed’ﬂiyft‘p
416 1753 447 1780 τὸ
469 1749 630 1790 θέσφατον.
658 1751 697 1790 lt_a
722 1753 777 1780 fere
799 1752 898 1790 ΒαέεΙι.

116 1793 143 1817 v.
155 1790 234 1822 1552,
249 1788 440 1821 etc.,Cadmus
452 1789 577 1816 exsilium
587 1795 667 1815 suum
677 1788 783 1822 lugens,
792 1788 900 1822 Agaven

117 1833 177 1859 qua:
188 1824 338 1852 Pentheum
352 1825 435 1851 lilium
447 1831 527 1859 suum
541 1828 695 1856 necaverat,
711 1823 873 1857 alloquitur:

154 1881 161 1887 .
183 1880 191 1886 .
212 1879 221 1886 .
243 1880 249 1886 .
264 1860 325 1886 Ἔτι
338 1859 366 1886 δέ
383 1868 427 1894 μοι
440 1859 471 1885 τὸ
486 1858 617 1894 θέσφατον

151 1896 199 1927 Εἰς
219 1895 321 1921 Ἑλλάδ’
335 1895 449 1929 ἀγαγεῖν
463 1894 562 1929 μιγάδα
577 1893 711 1928 βάρϐαρον
731 1893 855 1928 στρατόν.

153 1950 160 1956 .
183 1951 189 1956 .
212 1950 219 1956 .
239 1949 245 1956 .
262 1929 295 1956 Et
310 1930 396 1956 adhuc
410 1929 473 1956 mihi
485 1929 533 1955 hoc
545 1934 583 1955 est
599 1929 682 1962 fatale

153 1964 187 1991 In
198 1965 328 1992 Gra'ciam
338 1968 431 1991 ducere
442 1964 548 1991 mixtum
562 1963 729 1990 barbaricum
746 1968 900 1990 exercitum.

153 2001 222 2028 1678
244 2001 285 2027 οὐ
303 2001 432 2034 νόστον,
451 2003 505 2026 etc.
535 1999 580 2025 Sic
604 1998 701 2025 Bacch.
727 2006 799 2026 vers.
823 1998 900 2031 1533,

119 2033 260 2061 Bacchus:

142 2037 260 2063 acchus:

155 2091 161 2096 .
181 2090 189 2097 .
209 2091 216 2097 .
239 2092 246 2098 .
258 2071 362 2097 Νόστον
376 2070 467 2097 ἄθλιον
480 2069 560 2096 πάλιν

154 2107 297 2141 Σχήσουσι.
317 2126 323 2132 .
345 2124 352 2131 .
372 2124 379 2130 .
401 2125 409 2132 .
431 2125 439 2133 .
455 2125 465 2141 Δ.

155 2161 162 2167 .
175 2139 191 2168 ’ζ
203 2139 219 2168 ⁷.
239 2161 246 2167 .
259 2141 380 2168 Raditum
394 2139 525 2176 infelicem
542 2146 610 2168 retro

156 2176 305 2203 Habebunt.
329 2198 335 2203 .
357 2198 364 2204 .
386 2195 393 2202 .
415 2195 422 2203 .
442 2181 452 2203 ’.
473 2195 481 2203 .
500 2197 507 2203 .

156 2212 225 2239 1680
242 2211 398 2245 Ἐκπέρσει
410 2211 436 2246 τ’
448 2211 598 2246 ἀναρίθμῳ
609 2211 735 2245 στρατῷ.
748 2210 816 2238 Ibid;
830 2218 901 2237 vers.

950 1747 1030 1794 1.355,
1043 1753 1167 1781 Bacchus
1177 1753 1279 1781 Cadmo
1290 1753 1414 1789 prmdicit
1425 1751 1483 1782 fore
1498 1759 1527 1782 ut
1539 1754 1640 1784 multas
1654 1753 1735 1785 urbe!

950 1793 987 1816 ειι
1002 1796 1164 1816 eversurus:

985 1823 1088 1885 ἓὲἒλὰς
1103 1824 1132 1850 δὲ
1148 1824 1259 1860 πέρσεις
1271 1824 1414 1860 ἀναρίθμῳ
1429 1826 1537 1861 στρατῷ

1042 1867 1093 1885 εις.
1113 1878 1120 1885 .
1143 1880 1149 1885 .
1174 1879 1180 1885 .
1203 1878 1210 1885 .
1233 1880 1239 1885 .
1263 1880 1270 1885 .
1292 1879 1300 1885 .

1042 1867 1300 1891 εις........

988 1894 1088 1955 zlubllas
1102 1900 1190 1921 autent
1204 1899 1300 1921 evertes
1315 1903 1374 1921 cum
1391 1896 1513 1922 maximis
1529 1897 1611 1930 copiis

1015 1937 1028 1955 r
1045 1937 1083 1955 es.
1106 1950 1112 1955 .
1135 1950 1142 1955 .
1165 1950 1172 1955 .
1195 1951 1200 1955 .
1224 1950 1231 1955 .
1253 1949 1260 1955 .
1283 1949 1290 1955 .

1015 1937 1290 1956 rues........

993 1964 1055 1991 1681
1070 1964 1199 2001 Δραμώνξ
1217 1965 1275 1991 Duo
1285 1964 1368 2000 ἥσθε.
1382 1966 1500 2001 δράκων,
1513 1966 1579 2001 Reg.
1594 1966 1662 1993 Med.
1674 1975 1734 2001 sup.

954 1999 1003 2026 lin.
1022 2001 1164 2033 imperator
1181 1999 1369 2032 Romanorum,
1382 1999 1473 2027 draco.
1490 2000 1535 2028 Sic
1550 1999 1646 2029 Bacch.
1661 1999 1732 2030 vers.

954 2034 1206 2070 13571111013990;
1218 2035 1365 2070 λόγχαισιν,
1379 2035 1433 2062 dita:
1448 2038 1589 2064 exercitus.

992 2069 1062 2104 1682
1072 2069 1156 2096 Ταῦτ’
1165 2070 1231 2104 οὐχὶ
1248 2071 1369 2103 θνητοῦ,
1380 2075 1433 2097 etc.
1451 2071 1490 2097 Ita
1511 2073 1566 2099 I'ere
1583 2072 1647 2100 ibid.
1663 2081 1734 2100 vers.

956 2105 1024 2131 1558
1035 2103 1165 2140 Bacchus
1177 2103 1310 2139 de’seipso
1322 2106 1443 2140 loquitur
1455 2116 1461 2132 :

991 2139 1074 2177 ’[αὖτ’
1087 2139 1146 2175 οὐχὶ
1160 2138 1370 2177 θνητοθπατρὸς
1381 2141 1501 2176 ἐκγεγὼς
1515 2142 1595 2177 λέγω.

992 2174 1057 2202 Ηωέ
1070 2183 1121 2202 non
1131 2174 1244 2202 'mortali
1258 2174 1332 2210 patre
1349 2174 1426 2203 natus
1441 2177 1510 2205 dico.

768 2279 933 2310 METRICA
948 2279 1095 2309 VERSIO.

119 2354 231 2382 lanotus
246 2357 327 2380 esset.
341 2353 429 2379 Causa
445 2352 583 2380 nascentis
598 2352 650 2379 fuit

119 2362 129 2382 I
150 2362 231 2381 notus
246 2362 327 2380 esset.
342 2362 429 2379 nausa
445 2362 583 2380 naSCCIILIS
598 2362 650 2379 ῐιιιι

119 2362 193 2418 Iram.
208 2393 235 2416 et
250 2388 371 2416 cadentis
384 2397 390 2414 :
407 2392 489 2422 utque
504 2389 660 2414 summatim
674 2386 794 2419 efferam,

119 2425 210 2452 Prima
227 2428 253 2451 et
267 2431 392 2458 suprema
408 2423 516 2458 generis
534 2423 644 2450 humani
660 2423 745 2450 salus.

154 2494 301 2528 Conjectus
313 2493 358 2519 ille
373 2489 400 2519 in
415 2492 497 2528 verba
509 2491 748 2524 subsannantium,

120 2529 155 2556 Et
170 2527 271 2560 vincla,
292 2528 326 2555 ab
342 2528 397 2555 illis
415 2536 429 2555 a
442 2527 541 2562 quibus
558 2534 612 2553 non
625 2527 718 2553 debuit

120 2565 256 2592 Mactatus
271 2563 340 2590 idem
354 2563 485 2598 :populus
501 2562 564 2588 huic
577 2562 764 2598 charusprius

119 2600 219 2626 Livore
237 2602 327 2625 motus
342 2598 399 2625 haec
407 2597 482 2625 bene
497 2598 611 2624 merenti
627 2597 710 2624 dedit.

119 2635 230 2664 Lubens
245 2633 353 2668 quidem
373 2633 424 2659 ista
438 2640 536 2667 passus
551 2631 669 2668 ille.rsed
687 2632 740 2668 pati

118 2670 187 2702 Quae
201 2666 296 2696 contra
311 2666 518 2702 oporteat’mala
535 2667 674 2702 populum,
688 2666 760 2693 nihil

119 2701 221 2731 Celabo
237 2713 243 2730 :
260 2701 360 2730 cedehs
377 2703 401 2730 is
417 2708 529 2729 coactus
543 2701 671 2729 Barbaris

121 2739 222 2767 Urbem
239 2738 383 2772 relinquet,
400 2745 505 2767 servus.
517 2738 635 2764 extorris
651 2746 658 2763 :
674 2740 762 2763 ratum

120 2773 180 2801 Hoc
194 2774 249 2800 fata
265 2771 406 2805 statuunt;
422 2773 506 2800 multa
521 2776 582 2806 post
596 2773 667 2798 mala
679 2771 798 2807 profugi,

120 2809 212 2836 Armis
229 2808 346 2840 subacti,
364 2807 520 2835 deferentur
536 2811 643 2834 exteros

121 2843 152 2871 In
167 2842 347 2871 Barbarorum
366 2843 474 2870 limites.
493 2842 567 2870 Istud
582 2846 673 2869 manet

920 2354 942 2381 Β
954 2350 1056 2378 Omnes
1067 2355 1179 2386 patratae
1192 2351 1275 2379 caedis
1289 2357 1426 2385 auctores,
1441 2359 1490 2380 sua

958 2386 992 2413 lit
1005 2386 1074 2413 urbe
1093 2386 1164 2420 pulsi
1177 2387 1285 2420 generis
1298 2387 1387 2414 omnis
1404 2388 1500 2414 incolis

955 2420 1073 2448 Pulchre
1087 2420 1197 2452 referta,
1214 2422 1326 2449 sceleris
1340 2422 1445 2449 infandi
1459 2427 1486 2449 et
1501 2422 1553 2449 viri

955 2455 1023 2491 Caesi
1042 2463 1089 2491 per
1102 2455 1230 2491 invidiam
1248 2464 1344 2490 graves
1358 2465 1453 2491 poenas
1469 2458 1555 2484 luant.

955 2489 1050 2526 Omnis
1063 2490 1185 2518 videndae
1200 2489 1262 2525 spes
1279 2489 1404 2526 adempta
1418 2493 1513 2526 patriae

955 2525 1071 2561 Quando
1084 2526 1112 2552 in
1133 2526 1266 2560 sepulcris
1281 2526 1328 2561 qui
1344 2525 1493 2554 ceciderint
1507 2527 1640 2560 omnium,

955 2559 1009 2587 Eos
1025 2559 1194 2595 manerequi
1211 2559 1383 2595 peremerunt
1395 2562 1482 2589 nefas.

956 2595 1054 2632 Multas
1068 2596 1095 2622 in
1108 2594 1189 2632 urbes
1209 2594 1413 2632 per-trahentur,
1427 2601 1454 2624 et
1465 2600 1562 2632 jugum

956 2631 1061 2658 Servile
1074 2631 1167 2658 miseri
1182 2630 1330 2665 perferent,
1345 2640 1427 2658 manu
1445 2630 1564 2660 hbstium

955 2665 1044 2701 Qapti,
1060 2665 1112 2692 huc
1128 2669 1155 2692 et
1169 2666 1232 2692 illuc
1247 2666 1415 2701 divagantes,
1432 2671 1461 2694 ut
1478 2667 1523 2694 Dei

955 2700 1015 2736 Yox
1030 2704 1103 2727 certa
1119 2701 1218 2727 cecinit
1232 2710 1238 2727 :
1254 2702 1328 2727 nulla
1339 2702 1395 2735 jam
1411 2710 1475 2736 spes
1492 2703 1610 2736 amplius

956 2735 1059 2762 Futura
1072 2735 1176 2762 reditus
1194 2740 1239 2761 aut
1257 2743 1408 2770 regressus,
1423 2735 1564 2764 Ausonum

956 2770 1016 2806 Dux
1030 2778 1063 2797 ex
1083 2770 1181 2806 quoin
1199 2770 1245 2797 illo
1267 2772 1374 2806 agmine
1395 2772 1493 2799 infesto
1512 2774 1620 2802 irruens

956 2805 1116 2840 Magnoque,
1131 2805 1330 2839 depraedabitur
1340 2815 1387 2834 cos
1402 2807 1532 2836 insolens.

957 2840 1016 2868 Non
1031 2846 1107 2876 patre
1121 2845 1202 2868 natus
1214 2840 1266 2869 ista
1282 2843 1389 2869 mortali
1405 2842 1506 2876 edidit,
