1933 3041
124 155 180 182 277

129 216 183 242 Ἢν
199 215 230 248 ἐξ
245 215 352 251 ἀπάτης
365 215 453 250 ἔσχες,
467 215 506 246 ὡς
520 214 616 250 θνητὸς
631 214 728 249 γεγώς.

127 262 213 290 Τῶνδ’
227 262 303 289 οὐδὲν
313 261 389 297 ᾔδειν
405 262 437 287 ἐκ
449 260 536 295 λόγων
548 260 706 295 θεοπρόπων
716 268 723 276 ο

127 309 295 336 Διδασχάλου
309 307 331 334 δ’
345 307 430 342 ἔγνων
445 307 537 338 αὐτοῖς
550 306 670 342 στέρνοις
687 306 799 339 κλιθεὶς,

128 353 202 381 1760
215 352 307 384 Οὕτως
320 352 429 379 ἔσεσθαι
444 351 507 383 τοὺς
521 350 580 386 Θεῷ
599 351 787 386 ψιλουμένους.

134 399 208 434 Ἐγὼ
223 399 327 434 συνῆκα
342 398 477 425 Δεσπότου
494 397 614 433 στέρνοις
630 397 731 429 πεσὼν,

130 446 207 472 ’θεῖτ’
217 445 247 477 ἐξ
258 445 378 472 ἀϐύσσου
393 444 468 471 πόλλ’
482 444 658 479 ἀπαντλήσας
671 443 751 479 σοφά.

173 493 244 519 Ὶωσ.
265 491 350 526 Σοφοῦ
365 491 430 527 παρ’
442 490 538 527 ἀνδρὸς
549 490 602 526 χρὴ
615 491 695 525 σοφόν
704 499 730 517 τι
747 489 902 526 μανθάνειν.

131 537 268 569 Πέποιθας
285 537 365 564 αὐτὸν
380 537 402 563 δ’
416 533 494 568 αὖθις
508 536 571 563 ἰδεῖν
583 537 613 563 ὲν
629 535 722 571 χθονίς

131 582 202 610 1765
218 584 305 609 Θεολ.
319 581 453 609 Πέποιθα·
467 580 551 614 δείξει
565 581 675 608 τούπιὸν
688 580 768 612 σέλας
783 580 862 608 Θεοῦ.

130 628 206 655 Μίαν
219 627 303 662 μόνην
318 626 407 662 μεῖναί
422 635 455 662 με
470 626 510 652 δεῖ
519 626 568 662 τὴν
583 625 687 660 αὔριον.

135 674 210 700 Ἰωσ.
238 673 317 709 Ἡμῖν
329 672 379 708 μὲν
393 673 431 704 ὡς
444 672 529 708 μέγας
543 680 586 704 τις
596 672 671 706 ἥκων
683 671 715 698 ἐκ
731 671 808 704 Θεοῦ,

134 719 243 751 ’Δπλῶς
253 727 283 746 τε
297 718 396 752 θανὼν,
415 718 452 750 ὡς
467 717 562 753 βροτὸς
575 717 750 753 τυμὸεὐεται,

769 154 942 184 cnms'rus
960 145 1118 183 minans.

933 220 955 247 Α
977 216 1020 242 Ἐν
1038 215 1145 247 σινδόνι,
1166 213 1262 249 μύροις
1280 221 1320 246 τε,
1337 212 1439 248 μητρὸς
1453 211 1485 238 ὲκ
1495 210 1594 242 θνατᾶς

1705 150 1758 178 278

969 260 1039 288 1770
1052 259 1162 291 Φανείςο
1177 259 1223 286 τὸν
1236 260 1267 286 ἐκ
1281 258 1373 294 κείνης
1387 258 1441 294 γὰρ
1454 255 1488 293 ἦν
1500 257 1589 284 θανεῖν
1601 255 1696 292 χρέως.

968 307 1000 334 Et
1014 306 1035 333 δ’
1048 306 1085 338 ὡς
1100 305 1165 337 Θεδς
1179 305 1226 332 νῦν
1238 304 1377 341 κυριεύσει
1393 303 1441 330 καὶ
1458 304 1553 339 μόρου,

971 353 1067 379 Ἔσται
1080 351 1110 377 τὸ
1126 350 1235 383 λοιπὸν,
1247 350 1284 382 ὡς
1300 348 1366 376 Θεοῦ
1383 349 1451 380 Παῖς
1471 348 1517 375 καὶ
1532 347 1626 383 μόνος,

971 398 1072 424 Ἅπασι
1086 396 1183 428 σεπτδς
1199 398 1284 423 τοῖσιν
1299 395 1404 422 εἰδόσιν
1413 394 1489 426 Θεός.

969 443 1070 476 Πένθος
1084 443 1112 470 δὲ
1132 442 1207 478 βαιὸν
1223 442 1279 469 bim
1294 441 1395 477 μητρὸς
1414 442 1446 467 ὲκ
1459 440 1559 471 θνατᾶς

971 490 1040 516 1775
1055 489 1179 516 KslaGw'
1196 488 1241 515 τὸν
1254 489 1287 514 ὲκ
1301 488 1393 524 κείνης
1405 487 1459 524 γὰρ
1475 485 1508 523 ἦν
1523 486 1613 513 θανεῖν
1624 484 1723 521 χρέωτ.

973 536 1054 572 Ἡμῖν
1076 535 1125 571 μὲν
1141 534 1213 562 οὕτω
1224 534 1272 562 νῦν
1283 535 1429 570 τετίμηται
1444 533 1529 568 φιλος.

971 582 1020 612 Ὃς
1032 581 1054 607 δ’
1067 580 1094 606 et
1102 589 1129 606 τι
1142 579 1286 615 πράσσειν,
1304 579 1341 611 ὡς
1355 578 1432 611 Θεὸς,
1453 578 1537 604 Θέλων
1556 576 1652 608 σθένει,

970 626 1074 662 Καιρδς
1086 626 1217 662 πάρεστι.⁸
1236 625 1293 660 φῶς
1307 624 1362 661 γὰρ
1383 624 1489 660 ἡμέρας
1505 623 1600 659 τρίτης

971 673 1007 698 Οὺ
1023 672 1131 707 μακράν
1150 672 1220 703 ἐστι,
1234 671 1282 697 καὶ
1298 670 1328 697 τὺ
1341 671 1396 697 πᾶν
1409 670 1569 704 φανήσεται.

1008 717 1076 745 1780
1096 719 1180 744 Θεολ.
1197 715 1317 744 Πέποιθα
1334 716 1416 743 πᾶσιν
1429 715 1534 751 ἡμέραν
1547 712 1689 748 ἐλευθέραν

356 822 357 825 η
378 796 465 830 Quam
479 803 512 824 ex
529 796 624 824 fraude
638 796 771 829 habuisti,
788 796 835 832 qui
850 796 974 824 mortalis
988 796 1097 832 genitus
1112 795 1207 824 fueris.

378 832 452 860 Nihil
467 832 530 859 novi
547 839 580 859 ex
594 832 789 867 prophetarum
798 831 934 864 oraculis,

379 867 553 902 Recumbens
566 865 727 902 iniMa’gistri
740 867 803 894 sinu
818 866 901 894 didici

379 903 450 930 1760
469 901 507 929 Ita
523 901 582 930 fore
596 901 845 937 Deo’prazdilectos.

380 937 428 972 Sic
440 937 560 965 intellexi
577 937 683 964 Domini
699 937 801 972 gremio
812 937 918 972 iacens,

379 971 624 1008 Yelutrexrabysso
638 971 717 1008 plura
730 971 871 1008 sapientiae
879 979 1005 1008 consona
1025 971 1166 1008 hauriens.

379 1006 488 1043 Ioseph.
509 1007 531 1034 Α
545 1005 669 1043 sapiente
683 1007 743 1043 viro
758 1005 836 1035 decet
848 1007 969 1043 aliquam
985 1007 1147 1042 sapientiam
1163 1005 1306 1034 ediscere:

381 1042 520 1078 Sperasne
531 1042 595 1078 eum
608 1042 635 1069 in
643 1046 721 1078 terra
733 1042 833 1078 iterum
844 1042 958 1070 videre?

381 1075 453 1105 1765
472 1077 564 1104 Theol.
577 1076 691 1105 Conﬁdo
703 1085 710 1109 ;
724 1077 783 1105 dies
797 1085 915 1112 sequens
931 1076 1118 1104 manifestabit
1134 1076 1248 1112 gloriam
1264 1075 1321 1104 Dei.

382 1112 497 1148 Unicam
505 1112 588 1148 diem
601 1116 741 1148 posteram
757 1120 800 1140 me
814 1116 921 1147 oportet
937 1119 1057 1148 manere.

381 1147 488 1182 Ioseph.
505 1145 638 1183 Equidem
652 1155 712 1179 nos,
729 1151 760 1174 ut
774 1145 863 1174 virum
876 1147 1008 1182 optimum
1021 1155 1036 1174 a
1051 1147 1113 1183 Deo
1122 1145 1285 1182 profectum,

383 1182 605 1223 Simpliciter-que
625 1187 773 1223 mortuum,
791 1187 821 1209 ut
834 1183 970 1210 hominem
984 1182 1179 1223 tumulavintus

381 1217 412 1244 In
428 1217 544 1246 sindone
555 1217 582 1245 et
597 1218 753 1252 unguentis.
769 1222 897 1252 tanquam
911 1225 945 1245 ex
959 1218 1068 1244 mortali
1083 1217 1214 1252 genitricc

382 1252 453 1288 1770
472 1253 649 1281 Procreatum
663 1262 670 1280 :
679 1260 798 1288 namque
811 1252 896 1288 lilium
907 1252 968 1286 ejus
985 1253 1053 1279 mori
1066 1260 1177 1280 necesse
1191 1256 1260 1280 erat.

382 1287 485 1315 Verum
500 1288 523 1315 si
535 1292 662 1322 tanquam
678 1287 846 1314 Densinorti
862 1287 1028 1319 dominetur,

410 1321 612 1358 310-1311
632 1322 690 1350 Erit
705 1322 845 1358 deinceps,
861 1326 891 1349 ut
907 1322 954 1358 Dei
966 1322 1051 1350 Filius
1065 1326 1092 1350 et
1107 1321 1220 1354 unicus,

407 1357 456 1385 eius
471 1358 506 1385 ab
519 1357 658 1389 omnibus,
673 1358 719 1393 qui
733 1358 871 1389 noverint,
885 1357 1028 1385 colendus.

383 1392 464 1420 Brevi
480 1397 601 1428 tempore
614 1393 750 1428 lugeatur,
766 1396 796 1419 ut
810 1392 857 1427 qui
874 1400 907 1420 ex
929 1396 1016 1420 matre
1030 1392 1138 1421 mortali

386 1428 457 1463 1775
476 1427 516 1455 Sit
527 1427 635 1463 genitus
648 1427 658 1454 ξ
678 1427 762 1454 (illum
780 1429 853 1455 enim
867 1427 927 1462 ejus
942 1427 1011 1454 mori
1028 1435 1140 1455 necesse
1156 1431 1208 1455 est.

388 1462 436 1490 Sic
451 1463 510 1496 ejus
529 1462 674 1498 exsequias
688 1463 940 1494 cohonestavimus,
955 1466 985 1489 ut
1004 1463 1094 1489 amici.

388 1498 433 1533 At,
448 1498 472 1525 si
488 1502 518 1525 ut
531 1497 615 1530 Deus,
631 1498 753 1533 potentia
768 1505 817 1525 sua
834 1497 899 1532 quid
916 1505 997 1532 agere
1013 1498 1090 1530 velit,

389 1531 509 1568 :l‘empus
523 1532 601 1561 adest
617 1531 686 1561 :‘lux
703 1533 775 1560 enim
792 1531 850 1560 diei
864 1531 951 1560 tertiae

389 1567 516 1595 Proxima
531 1572 582 1600 est,
593 1573 620 1596 et
632 1568 724 1595 omnia
735 1575 814 1595 suum
829 1568 978 1595 sortientur
992 1567 1107 1595 exitum.

425 1603 495 1630 1780
512 1603 601 1631 Theol.
617 1603 731 1631 Conﬁdo
745 1603 874 1631 omnibus
889 1603 961 1630 diem
975 1602 1088 1630 liberam

178 1680 245 1717 1758
265 1680 374 1717 ᾙδειν.
390 1681 436 1709 Sic
450 1681 505 1709 duo
520 1682 607 1717 Regii.
626 1682 755 1710 Mendose
772 1681 838 1717 editi
852 1682 925 1717 ἦδεν.

141 1715 188 1752 Ita?
196 1716 258 1752 fere
281 1715 359 1752 Rhea.
380 1725 452 1752 vers.
472 1718 525 1745 952
545 1715 630 1744 choro
649 1717 795 1752 respondet
813 1715 924 1744 Hector.

178 1751 247 1778 1759
263 1751 462 1779 Διδασκάλου.
480 1752 607 1780 Mendose
628 1753 693 1779 editi
709 1752 879 1783 διδάσκαλος.

178 1785 247 1822 1762
268 1787 497 1822 Ἀπαντλήσας,
521 1791 574 1815 etc.
597 1787 726 1815 Mendose
752 1788 817 1815 edit.
841 1787 929 1814 ἀπαν-

141 1821 358 1899 τῗῖζῗῗῗξοξροῆ
369 1858 446 1892 παρ’.
463 1857 588 1899 lpsismet
599 1857 690 1885 verbis
701 1856 780 1885 Rhea.
791 1864 863 1885 vers.
877 1856 928 1884 106

141 1891 245 1927 chorus
261 1892 355 1920 Doloni
371 1891 527 1927 respondet.

180 1926 248 1953 1765
263 1927 392 1955 Πέποιθα
406 1926 507 1961 δείξει,
527 1931 581 1956 etc.
599 1926 644 1955 Sic
660 1927 762 1955 ibidem
774 1927 876 1955 Hector
893 1927 927 1954 ad

143 1961 269 1994 chorum,
285 1970 357 1990 vers.
373 1963 435 1992 551.

180 1996 342 2058 ΙζζῗϐιΜίαγ
354 1998 454 2032 μόνην
464 1998 572 2033 μεῖναι,
587 2001 641 2026 etc.
658 1996 734 2032 Saepe
747 1997 865 2025 recurrit
880 1996 931 2026 iste

208 2040 214 2057 1
235 2040 250 2058 u
265 2040 307 2058 US.

143 2039 307 2060 VCI‘SICUIUS.

180 2067 249 2103 1770
270 2068 324 2094 Τὸν
336 2068 370 2095 ἐκ
390 2069 492 2101 κείνης
505 2067 560 2103 γὰρ
575 2066 625 2103 ἦν,
641 2072 694 2096 etc.
716 2067 762 2095 Sic
774 2068 843 2096 infra
857 2075 930 2095 vers.

148 2101 225 2138 1775,
237 2106 268 2138 et
279 2103 351 2138 apud
361 2101 517 2138 Euripidem
530 2101 607 2131 Rhea.
616 2111 688 2131 vers.
700 2104 763 2137 975,
780 2112 833 2131 non
852 2103 931 2130 aliter

146 2136 222 2164 Musa
235 2136 355 2172 loquitur
369 2139 402 2166 de
419 2136 542 2166 Achille:

180 2172 276 2209 ρανείν
292 2173 346 2208 γὰρ
360 2174 407 2200 καὶ
419 2173 463 2200 τὸν
479 2174 511 2209 ex
522 2173 615 2208 κείνης
628 2173 726 2209 χρεών.

183 2206 280 2234 Fatale
291 2206 360 2234 enim
376 2212 415 2235 est
428 2213 453 2235 et
465 2207 537 2235 illius
550 2206 729 2242 ﬁliuni'ntari.

182 2242 252 2270 1774
263 2242 377 2276 Πένθος
392 2243 425 2270 δὲ
443 2243 545 2276 βαιόν,
569 2247 623 2271 etc.
650 2243 722 2271 Bene
737 2244 828 2271 minus
848 2242 930 2271 Iloill.

982 1681 1110 1708 Eumdem
1126 1680 1248 1714 consequi
1264 1679 1366 1706 luctum
1386 1678 1492 1714 addecet
1506 1685 1614 1713 parvum
1623 1678 1763 1714 jaeenlem.

980 1717 1019 1743 Ita
1033 1716 1088 1744 l‘ere
1110 1715 1189 1742 Rhea.
1210 1713 1282 1742 vers.
1300 1714 1363 1747 947,
1382 1717 1448 1745 etc.,
1461 1713 1536 1740 Musa
1551 1715 1589 1740 ait
1613 1720 1642 1740 se
1663 1713 1764 1740 luctum

980 1751 1054 1779 brevi
1073 1751 1192 1777 futurum
1212 1749 1331 1782 Tethidi,
1355 1749 1391 1776 ob
1406 1749 1518 1776 Achillis
1532 1752 1656 1780 mortem,
1670 1748 1765 1775 allatu-

982 1794 1040 1814 ram
1053 1785 1127 1813 fore:

1018 1821 1096 1847 Βαιὸν
1110 1820 1138 1847 δὲ
1155 1820 1251 1852 πένθος
1267 1820 1315 1855 τῆς
1332 1819 1477 1850 θαλασσίας
1494 1818 1555 1845 θεοῦ

1052 1864 1066 1881 π
1094 1877 1099 1883 .
1120 1876 1127 1883 ι
1149 1875 1156 1882 ο
1178 1875 1185 1882 ι
1208 1875 1216 1882 .
1238 1876 1244 1882 .
1267 1877 1274 1883 .
1297 1876 1303 1882 .

1017 1857 1127 1918 (ὲὶεῗεηι
1134 1896 1231 1924 autem,
1243 1891 1270 1917 id
1279 1894 1317 1917 est
1327 1889 1396 1917 brevi
1406 1889 1535 1924 futurum,
1544 1889 1646 1924 luctum
1657 1888 1765 1924 marina:

1543 1923 1610 1959 [deas
1628 1923 1730 1950 Tel/ridi

1018 1961 1146 1996 A/feram.
1168 1982 1176 1989 .
1197 1982 1204 1988 .
1223 1982 1230 1989 .
1311 1980 1318 1987 .
1339 1980 1346 1987 .

1019 1993 1224 2024 178οΠέποιθα
1231 1995 1336 2028 πᾶσιν,
1346 1998 1399 2023 etc.
1411 1995 1456 2022 Sic
1466 1993 1531 2022 ibid.
1541 2001 1611 2021 vers.
1623 1993 1685 2026 991,
1700 1996 1766 2024 εἰς..

984 2031 1084 2059 Hector
1094 2031 1235 2059 conﬁdens
1250 2033 1288 2058 ait
1303 2031 1435 2065 Troianos
1451 2030 1486 2058 ab
1501 2029 1643 2057 obsidione
1654 2028 1766 2063 jamjam

984 2066 1141 2095 liberandos
1156 2067 1213 2093 fore
1223 2076 1230 2093 :

1019 2101 1140 2129 Πέποιθα
1157 2101 1248 2137 Τρωσί
1264 2101 1288 2128 θ’
1305 2101 1411 2137 ἡμέραν
1422 2099 1567 2137 ἐλευθέραν

1025 2137 1134 2172 Ἀκτῖνα
1149 2135 1198 2172 τὴν
1212 2135 1368 2171 στείχουσαν
1385 2136 1459 2172 ἡλίου
1475 2135 1577 2171 φέρειν.

1020 2170 1131 2206 Conﬁdo
1142 2177 1166 2199 et
1176 2170 1306 2206 'Trojanis
1322 2170 1514 2198 diem‘liberam

1019 2206 1119 2234 Radios
1134 2207 1284 2234 accedentes
1297 2207 1361 2233 satis
1374 2206 1514 2232 allaturos.

984 2242 1012 2270 ld
1026 2245 1078 2274 est,
1090 2250 1149 2269 cras
1164 2241 1294 2276 Trojanos
1310 2241 1445 2268 obsidione
1457 2240 1628 2268 liberaturum
1638 2239 1672 2266 iri
1683 2245 1766 2273 spero.

798 2322 964 2353 METRICA
979 2321 1127 2353 VERSIO.

148 2393 262 2421 Mortale
275 2393 407 2429 quidquid
420 2394 479 2428 ipse
493 2393 618 2421 mortalis
636 2393 700 2421 dolo

150 2429 292 2464 Serpentis
304 2428 371 2455 olim
387 2429 536 2464 obnoxium
553 2429 635 2456 morti
647 2428 776 2461 attrahis,

151 2463 211 2491 Fies
227 2464 294 2491 deus
308 2464 377 2499 jam.
390 2463 492 2491 Horum
504 2465 626 2491 omnium
637 2464 705 2490 mihi
724 2464 792 2491 nihil

149 2499 305 2534 Praeceptor
320 2507 353 2526 ex
364 2503 457 2526 vatum
475 2499 591 2526 canebat
607 2499 733 2530 vocibus,

152 2534 250 2562 Verum
268 2534 429 2562 recumbens
442 2534 524 2569 hujus
540 2534 574 2561 ad
591 2538 688 2569 pectus
704 2541 813 2562 sacrum

152 2569 238 2596 Didici
255 2569 361 2597 futuros
381 2570 421 2597 sic
436 2569 491 2596 Deo
505 2569 694 2597 charissimos.

152 2603 208 2639 Ego
219 2604 283 2640 ista,
296 2604 404 2640 Domini
421 2605 526 2640 pectori
540 2611 602 2631 cum
618 2604 761 2640 inniterer,

152 2639 283 2674 Cognovi,
298 2639 396 2674 abysso
412 2639 445 2667 ex
458 2639 575 2666 maxima
591 2639 674 2666 multa
692 2639 821 2666 hauriens

152 2674 219 2707 Quae
233 2677 297 2701 sunt
309 2681 394 2702 sacrm
403 2680 428 2702 et
439 2675 585 2702 recondita:
599 2674 750 2708 sapientiae.

154 2708 261 2742 Ioseph.
280 2708 417 2743 Sapientis
429 2717 444 2737 e
460 2717 531 2744 penu
543 2709 613 2736 nihil
627 2709 680 2736 nisi
694 2709 813 2743 sapiens.

153 2745 197 2774 At,
214 2747 280 2771 tune
295 2751 389 2778 speras
403 2744 429 2771 id
446 2744 567 2771 futurum
580 2747 611 2770 ut
623 2744 758 2771 redditum

154 2779 247 2814 Terris
261 2779 345 2806 videri
358 2779 456 2807 detur?
472 2779 561 2806 Theol.
580 2779 608 2806 ld
627 2786 717 2814 spero,
736 2778 794 2812 Dei,

154 2812 220 2849 Quae
231 2814 275 2840 lux
293 2818 432 2849 sequetur,
451 2814 542 2842 lumen
557 2812 727 2846 indica’veril,

155 2847 230 2884 ljanc
244 2856 325 2876 unam
333 2847 442 2884 oportet
453 2857 496 2877 me
506 2857 617 2877 manere
633 2849 790 2877 crastinam.
829 2848 857 2884 [a
875 2848 930 2876 Deo

156 2881 308 2918 Jouph.At
319 2881 369 2914 nos
381 2884 492 2921 quidem
507 2885 583 2913 illum
597 2892 724 2921 magnum
735 2888 764 2912 ut
779 2881 944 2920 aliq'uem,et

951 2400 973 2427 Β
988 2393 1050 2429 Ipso
1064 2393 1228 2429 profectum.
1245 2396 1332 2429 morte
1346 2392 1489 2429 sublatum?
1502 2393 1590 2429 virum

1013 2433 1022 2455 t
1037 2428 1126 2456 matre
1144 2428 1252 2456 mortali
1264 2428 1377 2460 editum,
1392 2432 1473 2463 atque
1483 2428 1548 2456 hinc
1562 2428 1682 2456 debitum

989 2463 1080 2497 Morti,
1099 2464 1248 2491 involutum
1263 2463 1347 2490 linteo
1362 2467 1444 2498 atquc
1461 2468 1583 2495 unctum,
1604 2464 1700 2492 damus

989 2499 1080 2533 lpsum
1094 2499 1228 2533 sepulcro.
1247 2498 1274 2525 Si
1289 2498 1360 2534 Dens
1378 2503 1517 2534 tanquam,
1535 2499 1650 2534 imperet

991 2534 1081 2567 Morti,
1095 2534 1140 2561 ille
1151 2534 1264 2568 posthac
1279 2538 1308 2560 ut
1320 2533 1366 2560 Dei
1379 2533 1535 2561 censebitur

992 2569 1088 2601 Filius,
1100 2573 1126 2597 et
1138 2569 1207 2596 idem
1219 2569 1262 2596 his
1276 2569 1404 2596 omnibus
1416 2568 1463 2602 qui
1480 2568 1604 2596 noverint

991 2603 1063 2631 Deus
1076 2604 1206 2631 colendus
1225 2611 1306 2630 unus.
1321 2604 1354 2629 At
1369 2607 1456 2629 matre
1471 2603 1575 2629 editum

992 2639 1109 2671 Mortali,
1123 2639 1247 2666 eumdem
1258 2638 1386 2672 consequi
1403 2638 1504 2664 luctum
1519 2638 1633 2666 addecet

992 2673 1110 2701 Parvum
1124 2673 1270 2708 jacentem,
1289 2677 1319 2700 ut
1336 2673 1381 2708 qui
1394 2677 1506 2708 parente
1523 2674 1566 2699 illa
1582 2677 1657 2702 satus

995 2709 1046 2741 Sit,
1062 2709 1120 2744 ipsa
1134 2708 1178 2735 cui
1192 2709 1233 2735 lex
1250 2708 1346 2735 mortis
1359 2708 1421 2744 olim
1437 2708 1618 2744 incumberet.

994 2743 1049 2771 Nos
1061 2751 1121 2771 eum
1134 2748 1163 2770 ut
1173 2744 1289 2770 amicum
1301 2743 1456 2778 quoﬁdecuit
1467 2744 1625 2778 excepimus

937 2810 942 2814 η
994 2779 1102 2806 Honore
1117 2777 1249 2806 Iunctum.
1262 2779 1296 2804 At
1310 2777 1339 2805 ut
1352 2777 1437 2814 Deus,
1448 2778 1471 2805 si
1485 2777 1548 2812 quid
1564 2779 1636 2806 volct

994 2814 1060 2841 Post
1073 2821 1163 2848 agere,
1180 2819 1333 2848 promptum
1349 2817 1391 2840 est
1403 2813 1451 2844 illi,
1468 2817 1495 2840 et
1507 2814 1590 2841 instat
1601 2814 1656 2848 jam
1671 2812 1745 2842 dic5'

995 2849 1084 2883 Prope
1099 2850 1178 2876 tertia
1192 2852 1234 2876 est
1250 2849 1296 2875 lux
1311 2855 1371 2883 qua:
1384 2848 1421 2875 rei
1434 2848 1508 2875 dabit
1521 2849 1633 2876 exitum.

1033 2882 1121 2912 Theol.
1142 2882 1226 2920 Spero
1242 2883 1364 2912 futurum
1381 2888 1410 2911 ut
1428 2883 1511 2912 libera
1527 2884 1654 2912 omnibus
1670 2882 1728 2911 dies
