1933 3041
228 163 283 191 285

229 224 307 260 Πόσῃ
320 223 374 258 γὰρ
394 222 460 258 ὔμμ’
473 221 610 257 ἄγρυπνον
624 223 742 260 εὐφρόνῃ
761 225 895 260 στρέφεις.

229 270 302 301 Ἕως
312 269 385 300 τινος
401 269 496 304 μείνῃς
512 268 540 294 δὲ
557 270 768 306 προσκαθημένη

231 315 350 346 Ἀῦπνος
362 335 370 347 ,
391 315 468 350 ὄμμα
486 314 547 349 μηδ’
560 315 627 346 ὂλως
646 315 751 350 μὺουσὰ
764 325 828 349 σου;

229 361 299 387 1840
320 360 405 393 Ἠὼς,
423 361 476 388 ἰδοὺ
486 381 494 394 ,
510 361 613 396 πέφηνε
622 382 629 393 ,
648 362 695 389 καὶ
706 362 842 399 λεωφόρον

231 407 422 442 ΙΙεριτρὲχουσι
432 407 518 442 δῆμος
532 407 588 434 ἄνω
604 409 650 435 καὶ
662 409 736 436 κάτω
744 417 750 422 ·

228 452 282 487 Γῆς
296 453 319 478 τ’
335 451 500 488 ἀναδραμὼν
512 453 587 488 ἥλιος
602 453 770 489 φαεσφόρος,

236 498 359 530 ’Λκτῖνας
375 498 463 534 ἐξίησι
477 498 632 534 Θερμαίνων
649 499 741 534 χθόνα.

230 544 329 571 Θεοτό.
347 544 410 571 Υἱὸν
423 545 536 571 τεθέντα
547 545 642 580 νεκρὸν
660 545 741 572 ἰδοῦσ*
757 547 785 574 ὲν
802 546 894 582 τάίρῳ,

231 589 300 616 1845
313 590 351 616 Οὐ
362 590 403 616 δεῖ
413 599 446 625 με
460 590 569 626 θρηνεῖν
582 610 589 622 ,
604 592 651 617 καὶ
665 591 767 618 στένειν
777 613 784 624 ,
800 593 847 619 καὶ
862 592 1000 627 δακρύειν,

231 635 303 667 Ἕως
318 635 400 671 ῐδοιμι
420 635 509 668 ζῶντα
524 636 604 663 πάλιν
621 637 653 663 ὲκ
667 637 771 672 τάφου;

231 681 334 714 Ὕπνος
348 682 371 709 δ’
389 683 443 719 ἄρα
461 691 511 718 μου
527 682 585 715 πῶς
598 683 742 718 βλεφάροις
761 684 896 719 ἐμπέσοιε

237 728 313 763 Ἡμι.
330 728 416 762 Κάγὼ
432 728 551 766 μελούσῃ
569 729 668 765 καρδίᾳ
682 729 792 765 λήγουσ’
807 730 891 756 ὕπνου

231 775 343 809 Κείμαι,
360 774 522 810 πεδοπιὸής
543 784 585 810 γε,
603 776 819 812 χαμαιστρωτία,

607 161 780 190 APPENDIX
800 163 846 190 AD
868 163 896 191 3.
918 161 1083 190 GREGORII
1103 161 1228 189 THEOL.
1248 160 1411 188 CARMINA.
1812 159 1862 186 28$

1032 231 1054 256 Α
1072 223 1141 251 1850
1157 223 1238 250 Κοῠτ⁴
1255 222 1351 258 ἔϐρισ⁴,
1369 222 1424 248 οὒτ’
1446 222 1589 256 ὲκοέμησα,
1606 219 1728 255 σφοδρῶν
1745 219 1813 254 γόων

1069 270 1138 301 Σῶν,
1158 268 1289 305 Παρθένε,
1306 267 1424 294 κλύουσα
1439 267 1486 293 καὶ
1503 265 1703 301 στεναγμάτων.

1071 315 1172 342 Θεοτό.
1188 314 1325 349 Ἐγρεσθ⁹,
1343 313 1465 348 ἔγρεσθε,
1490 312 1527 344 τί,
1543 313 1682 347 γυναῖκες,
1699 310 1825 346 μέλλετε,

1074 360 1170 394 ¹Εξιτ’,
1189 361 1269 388 ἄπιτε
1293 359 1368 395 βαιὸν
1382 359 1421 390 ὡς
1435 358 1502 394 πρὸς
1517 358 1566 394 τὴν
1580 357 1666 389 πόλιν,

1073 410 1155 436 Ὀσον
1171 408 1328 445 προϐαίνειν
1346 407 1440 443 ἐντολὴ
1456 407 1547 434 δίδωσί
1563 414 1614 432 που
1625 413 1633 421 ο

1073 454 1142 481 1855
1166 455 1246 486 Ἴσως
1267 462 1292 480 τι
1316 452 1469 488 μαθήσεσθε
1483 453 1530 479 καὶ
1545 451 1685 487 νεώτερον.

1073 500 1167 526 Πολλοὶ
1182 499 1236 535 γὰρ
1256 499 1328 533 ὑμᾶς
1342 497 1480 532 ἀγνοοῦσι,
1499 497 1547 524 κού
1564 497 1632 528 δέος.

1069 547 1137 580 Χορ.
1163 546 1218 572 Καὶ
1233 545 1286 580 μὴν
1299 545 1407 572 ὀπαδῶν
1424 544 1532 579 εἱσορᾷν
1547 551 1607 569 τινα
1622 542 1703 574 δοκῶ,

1071 591 1177 627 Σπουδῇ
1194 590 1357 626 σκυθρωπὸν
1371 589 1458 617 ἐνθάδ’
1477 589 1686 625 ἑφωρμημένον,

1070 639 1149 664 Δοκεῖ
1160 638 1189 664 δὲ
1204 636 1305 664 καινῶν
1320 636 1434 671 ἄγγελος
1456 635 1633 671 μηνυμάτων.

1042 703 1044 706 ‹
1075 684 1143 712 18ὓο
1163 686 1248 720 ’Δγ-τ.
1273 684 1315 720 Πῆ
1331 683 1379 711 νῦν
1394 683 1483 719 μολὼν
1498 683 1602 718 εὕροιμ’
1630 681 1718 718 Ἰησοῦ
1739 681 1859 717 μητέρας

1074 729 1178 758 Εἴπατε
1195 739 1249 766 μοι,
1266 731 1406 765 γυναῖκες,
1424 730 1502 765 εἴπερ
1519 729 1587 761 ἴστε,
1602 729 1647 764 μοὶ

1075 777 1212 812 Σημήνατ¹
1228 776 1299 811 ἄρα’
1315 775 1398 802 τῶνδε
1411 775 1542 810 δωμάτων
1560 774 1630 807 Eoo);

491 896 560 925 Tota
572 897 644 925 enim
657 900 737 924 nocte
756 897 866 933 oculum
878 897 986 933 vigilem
1002 897 1178 933 circumagis.

491 933 527 973 ᾼι
538 940 680 973 usquequo
691 932 863 973 permanebis
876 932 1012 973 assidens,

491 967 641 999 Insomnis,
656 967 813 996 nullatenus
825 971 886 995 tuos
901 968 1034 995 claudens
1045 967 1161 996 oculos?

494 1003 566 1030 1840
585 1003 655 1030 Ecce
665 1003 754 1030 illuxit
770 1010 877 1030 aurora.
895 1007 923 1030 et
939 1003 1009 1029 viam
1026 1003 1162 1037 publicam
1179 1006 1272 1030 terens

491 1038 609 1066 Sursum
625 1045 657 1066 ac
674 1038 802 1065 deorsum
815 1038 955 1065 concurrit
972 1038 1107 1072 populus;

487 1073 522 1100 Et
537 1077 638 1101 terram
654 1073 779 1101 ambiens
792 1074 834 1100 sol
849 1074 938 1100 lucem
954 1073 1074 1101 aiferens

489 1109 560 1136 Suos
574 1108 675 1135 emittit
687 1108 791 1139 radios.
810 1109 923 1136 humum
935 1107 1113 1136 calefaciens.

486 1143 562 1177 Deip.
576 1143 675 1179 Filium
689 1143 948 1179 meumrexanimem
961 1143 988 1170 in
1006 1144 1134 1179 sepulcro
1142 1141 1268 1179 positum
1282 1141 1390 1179 videns,

488 1179 560 1206 1845
579 1178 675 1214 Nonne
688 1177 775 1214 debeo
787 1178 891 1214 lugere,
904 1177 1086 1213 ingemiscere
1098 1182 1126 1205 et
1142 1177 1299 1214 lacrymari,

514 1213 718 1249 315-1315
737 1211 830 1241 Donec
845 1221 908 1241 cum
923 1211 1133 1241 aﬁmonumento
1147 1211 1299 1249 redivivum
1317 1211 1467 1248 aspiciam"

513 1248 630 1284 υς)ωρᾀο
649 1248 733 1284 sopor
748 1249 887 1284 palpebris
904 1248 973 1284 meis
986 1248 1164 1276 illaberetur?

487 1283 569 1319 Sami.
586 1283 620 1310 Et
631 1283 690 1319 ego
701 1283 819 1311 sollicito
831 1284 923 1311 animo
940 1283 1067 1312 desinens
1079 1291 1093 1310 a
1111 1290 1208 1310 somno

487 1317 580 1351 Jaeeo,
593 1317 668 1346 humi
681 1323 777 1351 strata,
793 1319 852 1346 solo
870 1319 1024 1351 adhaerens,

487 1353 558 1381 1850
576 1353 631 1381 Nec
643 1354 801 1387 dormitavi,
817 1361 868 1382 nec
879 1354 1009 1386 dormivi,
1025 1359 1087 1381 tuos
1099 1353 1191 1382 luctus

487 1389 610 1425 Qeerbos
619 1393 647 1416 et
661 1389 780 1424 gemitus
790 1389 915 1425 audiens,
929 1397 946 1416 ο
964 1388 1058 1425 Virgo.

487 1423 563 1460 ρείρ.
585 1423 704 1459 Surgite.
723 1424 836 1459 surgite,
851 1424 917 1460 quid
932 1423 1089 1460 moramini,
1105 1423 1253 1452 mulieres?

488 1458 578 1495 Exite,
595 1458 699 1495 pergite
712 1458 968 1495 paululum'versus
986 1459 1091 1492 urbem,

488 1493 630 1530 Quatenus
644 1493 686 1522 lex
699 1493 847 1530 procedere
863 1495 995 1530 permittit
1007 1503 1015 1521 :

487 1529 559 1565 1855
579 1529 716 1558 Fortassis
726 1534 753 1557 et
765 1529 870 1565 aliquid
885 1531 947 1557 novi
958 1529 1098 1558 ediscetis.

488 1563 557 1600 Qum
573 1565 645 1592 enim
664 1565 787 1600 plerique
800 1563 849 1592 vos
866 1565 1001 1597 nesciant,
1016 1565 1085 1591 nihil
1101 1563 1287 1592 metuendum.

488 1599 570 1627 Chor.
589 1599 622 1627 Et
635 1599 708 1628 certe
725 1599 808 1627 unum
826 1607 842 1627 e
853 1601 1001 1628 comitibus
1017 1607 1129 1626 cernere
1143 1600 1209 1626 mihi
1226 1599 1320 1627 videor

489 1633 607 1671 '_I_'ri_stem
625 1643 657 1662 ac
676 1635 776 1663 festino
791 1643 888 1671 gressu
905 1635 958 1662 huc
973 1638 1183 1670 properantem;

491 1669 604 1697 Videtur
619 1673 709 1698 autem
725 1669 803 1698 novai
821 1672 859 1698 rei
877 1669 1001 1700 nuntius.

489 1705 559 1732 1860
579 1705 664 1732 Num.
679 1705 738 1738 Quo
754 1713 826 1733 nunc
845 1705 947 1734 vadens
963 1706 1027 1734 Jesu
1042 1711 1155 1734 matrem
1168 1704 1283 1734 videbo?

489 1739 576 1776 picite
596 1741 673 1773 mihi,
693 1742 833 1772 mulieres,
849 1741 872 1768 si
889 1742 998 1776 quidem
1014 1742 1113 1772 nostis,
1127 1741 1193 1768 mihi

489 1773 611 1803 Indicale
622 1775 751 1811 jamjam;
768 1783 858 1804 nonne
875 1773 905 1803 in
919 1777 979 1804 istis
994 1777 1117 1805 atdibus?

272 1874 340 1912 ﬁt]
355 1874 462 1912 'I‘qtrpc
472 1874 499 1902 δ’
512 1875 578 1910 ἄρα,
593 1880 646 1904 etc.
663 1877 708 1912 ita?
720 1884 803 1912 supra
817 1884 889 1904 vers.
905 1876 984 1904 1828.

272 1910 342 1946 1848
358 1911 443 1946 Κᾲγηὼ
454 1912 602 1945 μελούσῃ,
618 1915 672 1939 etc.
701 1911 738 1938 Ita
752 1910 809 1939 fere
827 1913 921 1946 auriga
936 1911 1015 1940 Rhes.

235 1945 374 1982 vel-sivi)
390 1945 497 1982 ’l‘hracii
510 1947 651 1982 exercitus
667 1950 785 1982 stragem
799 1945 955 1975 annuntiat.

271 1980 340 2007 1849
355 1980 545 2014 Πεδοστιϐἠς.
561 1981 630 2009 Male
641 1981 706 2009 edit.
724 1980 909 2014 ἆταιδοστιὸής.

272 2002 342 2051 issi)
355 2002 445 2042 R225?
454 2002 631 2050 ἓᾶἱόἱᾌὶὲ
641 2002 818 2051 ἓῖὶἑὶμῖίὲἇῗ
826 2002 909 2044 ἰξῦίῖἷῖ
922 2018 1017 2045 vertit:

237 2050 336 2088 Nullus
347 2058 423 2088 sopor
432 2051 489 2077 cibo
499 2057 615 2088 gravatae
623 2050 745 2086 obrepsit.
759 2052 817 2079 Non
829 2057 911 2085 recte,
921 2054 1022 2088 quippe

236 2086 309 2123 oculi
331 2086 390 2123 ejus
410 2087 639 2123 mcerore‘potius
660 2095 741 2123 quam
754 2088 815 2114 cibo
827 2086 1019 2123 gravabantur.

235 2119 296 2147 Non
310 2119 622 2157 malertamenrredderes
634 2131 640 2149 :
655 2119 711 2149 Nec
721 2123 815 2154 somni,
828 2119 875 2150 nec
887 2123 938 2149 cibi
948 2123 1022 2157 quid-

1075 1877 1176 1905 ehorus
1192 1877 1270 1904 Rhea.
1292 1885 1364 1905 vers.
1383 1877 1446 1907 825.
1463 1881 1516 1905 etc.
1537 1887 1542 1904 :

1116 1913 1192 1939 Ἐπεὶ
1206 1913 1343 1948 ἄγρυπνον
1356 1912 1423 1948 ὔμμ’
1438 1913 1467 1939 ἐν
1485 1913 1603 1948 εὐφρόνῃ

1118 1921 1192 1939 λιιπει
1206 1921 1343 1973 αγίρυπνον
1356 1921 1422 1947 υμμ·
1438 1921 1467 1939 εν
1485 1921 1594 1950 ευφρονι

1109 1947 1172 1984 ρῦτ*
1189 1949 1236 1974 ὲκο
1251 1949 1317 1983 μισ¹,
1334 1947 1388 1984 οὔτ’
1402 1947 1519 1984 ἐῦριξεν.

1110 1983 1180 2015 Quia
1197 1984 1308 2017 vigilans
1323 1983 1414 2010 oculus
1428 1984 1455 2009 in
1468 1984 1516 2010 hac
1529 1988 1602 2010 nocte

1109 2017 1200 2052 Neque
1214 2019 1314 2052 sopitus
1330 2023 1379 2049 est,
1399 2026 1479 2052 neque
1495 2019 1621 2045 conﬂixit.

1107 2053 1175 2080 1857
1184 2053 1238 2080 Καὶ
1249 2053 1312 2087 μὴν
1326 2052 1455 2085 ὀπαδῶν,
1469 2057 1522 2081 etc.
1543 2053 1580 2080 Ita
1595 2053 1674 2088 Hipp.
1689 2061 1762 2082 vers.
1780 2055 1858 2088 115i,

1070 2091 1136 2118 etc..
1149 2088 1329 2116 semichorns.

1105 2123 1175 2150 1860
1186 2122 1231 2157 Πῆ
1243 2123 1301 2150 νῦν
1308 2123 1423 2157 μολὼν,
1437 2127 1487 2150 etc.
1504 2122 1542 2149 ita
1558 2123 1613 2152 fere
1625 2124 1692 2151 ibid.
1705 2132 1776 2153 vers.
1792 2126 1860 2154 1154

235 2163 315 2190 quam
330 2156 397 2190 cepi,
416 2156 490 2192 quod
504 2156 532 2184 in
549 2158 666 2193 graviori
682 2157 758 2185 luctu
774 2158 884 2186 accidit.
914 2156 957 2184 1ιὰ
966 2157 1022 2186 fere
1069 2161 1136 2192 ete.,
1147 2159 1260 2186 nuntius
1269 2156 1426 2186 sciscitatur
1433 2159 1476 2185 ubi
1486 2158 1620 2187 Theseum
1630 2160 1717 2194 possit
1727 2161 1858 2189 invenire.

888 2246 1056 2278 METRICA
1070 2246 1217 2277 VERSIO.

241 2339 395 2375 Dolensque
407 2339 502 2376 vigiles
512 2339 567 2367 huc
578 2344 605 2368 et
615 2340 668 2368 huc
682 2340 776 2367 oculos
790 2347 883 2376 agens,

237 2376 337 2404 Sedisti
351 2374 364 2402 7:
384 2380 412 2402 at
427 2374 568 2410 tisquequo
593 2376 691 2403 misera
707 2374 817 2403 tandem
829 2374 953 2403 assidens

237 2410 394 2446 Expersque
410 2411 618 2446 somniLnilquc
633 2411 782 2438 connivens
796 2411 851 2437 tuis

236 2445 330 2473 Oculis
345 2445 488 2473 manebis?
506 2445 575 2472 Ecce
585 2447 639 2479 jam
655 2446 755 2475 emicat
767 2452 849 2473 aurea

235 2481 354 2513 Aurora,
373 2481 489 2516 populus
499 2481 634 2516 publicam
649 2481 719 2508 viam
741 2484 832 2509 terens

238 2517 353 2544 Sursum
368 2515 400 2543 ac
413 2515 542 2544 deorsum
558 2515 653 2548 fertur,
668 2520 695 2542 et
711 2519 813 2542 terram
830 2516 954 2545 ambiens

237 2550 368 2582 thbus,
385 2558 488 2586 suaque
498 2551 557 2578 luce
570 2551 702 2579 lustrans.
712 2551 814 2578 exserit

237 2586 333 2619 Jubar,
350 2587 470 2614 colorem
490 2586 572 2614 rebus
592 2586 739 2613 infundens
759 2594 848 2613 suum.

240 2621 313 2656 Deip.
331 2621 428 2648 Natum
446 2621 473 2648 in
488 2622 613 2656 sepulcro
637 2624 773 2648 mortuum
793 2629 909 2650 cernens
921 2629 1023 2655 meum,

238 2657 309 2689 Quin
324 2657 350 2684 in
365 2656 486 2692 dolores,
497 2657 642 2692 lacrymas,
657 2657 775 2691 suspiria

238 2693 395 2726 Gravesque
404 2691 494 2718 luctus
502 2691 614 2719 debeam
628 2699 814 2726 prorumpere,

240 2726 329 2755 Donec
343 2726 462 2761 sepulcri
477 2727 548 2753 mole
563 2726 650 2753 fracta
665 2732 793 2761 appareat

239 2761 333 2789 Victor
349 2761 513 2796 resurgens?
529 2769 643 2789 somnus
658 2767 747 2797 autem
766 2762 812 2797 qui
832 2761 898 2790 mihi

239 2797 290 2823 Tot
304 2797 374 2824 inter
385 2797 481 2824 anxios
496 2801 584 2823 metus
598 2796 748 2831 irreperet?

241 2831 321 2858 Semi.
339 2831 426 2858 Etiam
441 2839 491 2865 ego
505 2836 616 2865 pectore
629 2832 720 2862 anxio,
730 2839 826 2860 somno
842 2839 948 2864 carens,

241 2867 376 2901 llumique
390 2866 450 2893 fusa
463 2867 542 2900 jaceo
557 2866 648 2894 servili
664 2867 690 2893 in
703 2871 761 2893 toro

240 2902 386 2932 Gramineo
401 2904 428 2929 ct
447 2901 574 2934 herbido;
588 2909 669 2937 sopor
683 2902 774 2930 nullus
787 2907 876 2931 tamen

1039 2345 1061 2373 Β
1075 2340 1144 2368 Cibo
1158 2342 1277 2375 gravatae
1287 2339 1422 2374 obrepsit,
1437 2347 1454 2367 ο
1470 2339 1563 2376 Virgo,
1580 2348 1667 2376 neque

1077 2375 1206 2406 Dormivi,
1221 2378 1251 2401 ut
1263 2382 1343 2402 aures
1354 2376 1386 2401 ad
1400 2382 1473 2402 meas
1491 2375 1579 2403 luctus
1593 2377 1632 2403 tui

1074 2410 1173 2438 Volunt
1188 2410 1356 2444 frequentes,
1376 2410 1585 2445 planctibusque
1599 2411 1756 2440 verberant.

1074 2445 1150 2479 Deip.
1161 2444 1220 2472 Jam
1234 2445 1345 2480 surgite,
1360 2452 1376 2471 ο
1389 2452 1446 2477 vos,
1463 2444 1576 2480 surgite.
1594 2446 1716 2480 inquam,
1742 2448 1856 2480 femine.

1075 2479 1152 2516 Unde
1168 2480 1347 2516 moratanta?
1361 2480 1443 2512 exite,
1459 2479 1531 2507 abite
1542 2488 1594 2516 qua
1606 2479 1649 2508 via

1077 2515 1210 2551 Ienditur
1223 2515 1257 2542 ad
1265 2515 1376 2551 urbem,
1388 2523 1469 2549 quam
1483 2515 1712 2551 licet'procedere
1727 2526 1733 2542 :

1076 2550 1157 2578 Forte
1169 2550 1271 2585 aliquid
1283 2550 1426 2584 excipietis
1439 2551 1611 2578 insolentius.

1076 2586 1132 2614 Vos
1146 2586 1244 2620 vulgus
1258 2585 1347 2620 ipsum
1363 2585 1477 2617 nesciet,
1487 2586 1566 2621 proin
1581 2585 1650 2613 nihil

1076 2621 1123 2648 Est
1138 2622 1210 2656 quod
1227 2625 1315 2647 metus
1328 2627 1377 2647 vos
1395 2621 1492 2656 haheat
1506 2621 1557 2648 hac
1571 2620 1599 2647 in
1618 2629 1647 2648 re
1664 2624 1762 2651 anxias

1076 2655 1156 2684 Chor.
1175 2658 1219 2688 At,
1232 2660 1260 2682 at
1274 2656 1367 2682 videre
1383 2655 1478 2682 videor
1490 2663 1523 2683 ex
1538 2657 1702 2683 sectantium

1076 2691 1226 2724 Quemdam
1239 2695 1359 2722 caterva,
1376 2691 1473 2726 tetrico
1488 2691 1574 2723 vultu,
1595 2695 1621 2718 et
1633 2692 1720 2726 gradu

1076 2727 1164 2754 Celeri
1179 2726 1350 2759 citoqueliue
1366 2732 1395 2752 se
1412 2725 1540 2753 ferentem
1555 2735 1561 2753 :
1580 2725 1709 2759 nuntius,

1075 2761 1213 2794 Quantum
1228 2761 1344 2792 videtur,
1360 2760 1383 2786 is
1400 2767 1476 2787 nom:
1489 2761 1528 2788 rei
1542 2761 1663 2788 advenit.

1076 2796 1162 2823 Nunt.
1173 2796 1231 2829 Quo
1238 2795 1292 2829 jam
1304 2795 1425 2829 ibo?qua
1436 2796 1558 2822 insistam
1568 2796 1621 2828 via,
1629 2800 1657 2823 ut
1669 2796 1855 2826 charissimam

1077 2831 1214 2858 Inveniam
1228 2830 1291 2857 Jesu
1313 2831 1495 2862 matrem?at,
1511 2839 1528 2858 ο
1543 2839 1591 2858 vos
1609 2831 1727 2865 feminae,

1078 2867 1106 2892 Si
1119 2866 1198 2892 modo
1214 2866 1328 2900 potestis
1341 2865 1422 2895 scire.
1438 2865 1530 2897 dicite,
1547 2869 1574 2893 et
1587 2866 1653 2892 mihi

1076 2901 1191 2936 Jamjam
1208 2901 1343 2934 indicate;
1356 2907 1447 2928 nonne
1459 2901 1487 2928 in
1502 2901 1562 2929 istis
1581 2901 1705 2931 aedibus?
