1933 3041
217 104 267 133 291

219 163 318 198 Ἕκητι
328 161 446 193 πολλῶν,
457 157 494 187 ὧν
510 159 680 194 ἀπηλλάγην,
696 159 797 185 κακῶν.

219 207 373 235 Κάντεῦϐεν
388 206 453 237 ῐσως
464 204 653 239 εὐκλεέστερον
665 203 734 238 δόμα

219 254 288 280 1945
303 253 388 284 Αὐτὸς
404 251 532 286 παράσχῃ
557 250 662 284 νεκρὸς,
679 250 709 274 οὐ
722 249 816 283 νεκρδς
832 248 853 274 δ’
868 248 928 282 ἐμοί
940 256 946 263 ο

219 299 312 326 Εὓδειν
325 298 397 324 δοκεῖ
410 297 448 328 δὲ,
467 297 512 322 καὶ
528 296 619 331 μένειν
637 295 665 330 μ’
678 295 718 321 ἔτι
732 294 844 328 κνέφας.

219 345 348 379 Εὔδωμεν
363 341 419 375 οὖν,
433 342 563 377 εὓδωμεν,
580 341 609 367 οὐ
626 340 734 375 μακρὰν
746 340 809 371 ἕως,

221 391 273 417 Ἦν
289 389 338 416 εἴθ’
354 389 435 424 ἴδοιμι
447 387 538 422 τάχιόν
553 395 596 420 γε,
612 385 765 418 Παντάναξ.

225 436 307 471 ’Δτὰρ
323 435 389 470 πρὸς
407 433 504 469 ὄρθρον
521 431 595 458 ἀπίω
610 431 793 466 ταχυδρὸμος·

218 481 287 508 1950
301 481 379 511 Ἴσως
394 478 542 512 κάδελφαῖς
559 476 769 512 συντρεχούσαις
783 475 897 510 ἐντύχω,

217 527 250 553 Ai
266 525 429 561 προσμένειν
443 523 554 555 εἴλοντο,
567 523 613 549 καὶ
631 522 740 557 βλέπειν
752 522 836 556 τάφον
846 530 853 536 ·

217 574 306 600 Πᾶσαι
321 571 375 606 γὰρ
391 570 534 606 ἠπείγοντο
547 569 698 604 συμφώνως
713 568 786 603 ἐμοὶ,

224 618 376 653 Ἐννυχίσαι
390 616 437 642 νῦν
452 616 520 651 πρὸς
532 615 563 641 τὸ
580 614 690 650 μυρίσαι
703 613 793 640 νέκυν.

259 664 334 697 ἹΙμι.
362 661 463 693 Ἀπιθ’,
489 660 566 687 ἄπιοι
593 659 639 687 νῦν
665 658 810 694 δραμοῦιΐ,
838 658 875 689 ὡς
901 658 928 683 τί
953 657 1004 692 μά-

894 703 965 738 lens,

219 754 288 782 1955
305 753 440 788 Ἀνδρῶαν
456 751 619 786 εἰσφέρουσα
636 750 684 785 τὴν
699 749 863 785 τολμηριανι

604 100 775 128 APPENDIX
794 100 838 127 AD
857 99 884 126 S.
905 97 1066 126 GREGORII
1086 96 1210 124 THEOL.
1226 96 1390 124 CARMINA.

1016 161 1038 188 Α
1054 157 1164 190 ’Λμμες
1177 155 1199 181 δ’
1217 155 1389 190 ὲφεψόμεσθα
1403 156 1451 182 σὺν
1466 156 1559 188 αὑταῖς
1574 157 1677 191 κόραις,

1794 97 1846 125 992

1057 201 1151 227 ’Δλλαι
1164 209 1194 226 τε
1207 201 1301 227 πολλαὶ
1317 201 1460 232 Γαλιλαίας
1474 201 1650 238 θρεμμάτων.

1056 247 1148 278 Πάσας
1158 246 1212 282 γὰρ
1224 245 1301 282 οἶμαι
1315 247 1476 282 συνδραμεῖν
1489 256 1531 274 σοι
1548 249 1617 283 πρὸς
1631 248 1727 282 τάφον,

1061 293 1134 319 Ἰδεῖν
1149 292 1282 323 ποθούσας
1293 292 1382 327 τέρμα
1396 292 1450 318 τῶν
1468 293 1651 328 ἡλπισμένων.

1057 337 1125 365 1960
1138 338 1242 373 Μικρὸν
1259 338 1280 364 δ’
1296 338 1516 374 ἀφυπνώσωμεν,
1534 338 1589 373 ἠὼς
1607 340 1656 365 οὐκ
1672 339 1735 366 ἄπο.

1056 385 1151 419 Marti.
1166 385 1292 420 Σφοδρῶς
1306 387 1396 411 πονεῖν
1411 394 1444 420 με
1460 385 1540 420 χρῆν,
1554 386 1686 412 πονοῦσαν
1698 386 1720 412 δ’
1734 385 1807 418 ἄξιον

1058 431 1161 457 Μισθὸν
1173 430 1332 466 προαθρεῑν’
1346 431 1427 457 παντὶ
1442 431 1496 466 γὰρ
1515 431 1693 467 προκείμενον

1056 474 1156 502 Ἀθλον
1171 476 1239 511 πρὸς
1253 476 1333 511 ἔργον
1344 476 1394 511 τὴν
1409 477 1488 511 χάριν
1502 477 1589 503 τίκτει
1603 476 1709 512 διπλὴν,

1058 523 1109 548 Ἦν
1125 521 1210 548 πολλὰ
1226 522 1289 556 πρὶν
1304 522 1411 556 εἴληφα,
1434 523 1481 549 καὶ
1495 522 1574 549 πάλιν
1590 522 1672 549 λάϐω.

1058 567 1127 594 1965
1143 567 1241 594 Θεοτό.
1259 567 1329 600 Ναὶ,
1346 568 1406 599 ναὶ,
1430 568 1532 595 δίκαιον
1555 568 1646 599 τοῦτο,
1668 568 1735 595 κούκ
1755 568 1842 599 ἄλλως

1671 613 1805 648 [σκοπεῖς.

1058 657 1094 683 Σύ
1111 657 1133 683 τ’
1149 655 1177 684 εὖ
1196 659 1350 693 παραινεῖς,
1367 659 1413 684 καὶ
1433 659 1465 685 σὺ
1482 658 1594 693 καιρίως
1609 659 1706 692 λέγεις.

1057 704 1153 737 Λέγεις
1169 704 1196 729 δὲ
1210 704 1306 739 μισθὸν
1318 704 1365 731 καὶ
1375 705 1464 740 χάριν,
1477 705 1542 739 ὅσην
1558 705 1637 740 ἔχεις,

1057 749 1113 785 [Ιρὸ
1131 749 1185 776 τῶν
1200 750 1287 776 πόνων
1301 749 1429 782 λαϐοῦσα,
1443 751 1489 777 καὶ
1503 750 1583 777 πάλιν
1599 750 1688 783 λάϐοις
1698 758 1706 766 '

468 842 509 870 Ob
525 843 620 875 multa,
632 842 730 877 quibus
745 842 858 869 liberata
872 849 932 869 sum
947 842 1090 869 daemonia.

469 879 558 912 Atque
576 878 639 904 hinc
654 877 770 904 fortasse
783 877 886 904 donum
903 878 1038 912 insignius

469 913 539 940 1945
558 912 617 947 lpse
631 913 696 939 mihi
712 912 840 947 praebebit
852 917 987 943 mortuus,
1003 912 1128 947 quamvis
1143 919 1206 939 eum
1222 919 1277 939 non
1294 916 1385 947 putem
1402 915 1556 942 mortuum;

470 947 522 974 Sed
537 948 602 974 mihi
613 947 718 974 videtur
730 946 931 978 dormiendum,
947 946 1218 982 exspectandumque
1236 948 1325 974 adhuc
1340 947 1542 982 crepusculum.

469 982 641 1009 Dormiamus
656 983 749 1016 igitur,
761 982 940 1014 dormiamus,
957 983 1036 1017 longe
1053 989 1106 1008 non
1123 982 1200 1010 abest
1217 989 1328 1015 aurora,

468 1017 567 1049 Quam,
579 1025 596 1044 ο
608 1025 654 1044 rex
668 1017 799 1050 omnium,
814 1018 916 1043 utinam
930 1017 1008 1045 ocius
1024 1017 1144 1043 videaml

470 1051 570 1079 Verum
587 1051 632 1079 ubi
648 1052 785 1082 diluxerit,
802 1056 978 1086 properanter
991 1052 1052 1079 ibo:

469 1087 540 1114 1950
558 1086 660 1114 Forsan
677 1086 704 1113 in
719 1094 828 1114 sorores
844 1087 908 1113 illuc
921 1092 1095 1115 occurrentes
1111 1087 1239 1120 incidam,

469 1121 535 1154 Quae
548 1129 697 1153 remanere,
713 1126 740 1149 et
752 1121 885 1148 tumulum
901 1122 1036 1156 inspicere
1047 1122 1238 1156 decreverunt;

469 1158 571 1183 Omnes
582 1157 653 1183 enim
669 1157 760 1182 animo
777 1156 843 1183 mihi
858 1156 988 1183 concordi
1006 1157 1152 1185 studebant

467 1191 563 1218 Totam
582 1197 688 1218 noctem
703 1191 845 1218 traducere
859 1192 886 1218 in
899 1192 1024 1226 ungendo
1042 1197 1161 1220 mortuo.

469 1225 694 1275 1320-1321
714 1225 794 1267 serui.
815 1226 876 1257 Abi,
892 1225 1025 1267 abi’nunc
1040 1228 1123 1254 celeri
1138 1234 1233 1259 cursu,
1251 1230 1281 1253 ut
1297 1226 1362 1262 quid
1377 1225 1494 1260 ediscas,

469 1261 537 1287 1905
555 1261 577 1287 Ο
593 1266 621 1287 ιιι
636 1269 696 1287 uuae
708 1262 799 1287 viriles
811 1265 902 1287 aestas
915 1268 1029 1287 animos.

503 1270 519 1287 ἰ)

467 1261 537 1296 1955
555 1261 577 1288 0
593 1266 621 1288 ιιι
636 1269 696 1295 quae
708 1262 799 1288 viriles
811 1265 902 1296 gestas
915 1262 1029 1289 animos.

467 1295 672 1332 Subsequemur
685 1299 841 1332 antemnas
854 1304 917 1322 cum
934 1297 1008 1324 hisce
1023 1297 1130 1332 puellis,

465 1330 588 1365 Aliaeque
601 1330 693 1365 plures
706 1339 721 1358 e
737 1330 846 1357 Galilma
860 1335 937 1357 ortae.

467 1364 610 1392 Existimoi
616 1366 688 1392 enim
702 1370 815 1393 cunctas
832 1366 865 1392 ad
881 1365 1013 1393 tumulum
1028 1370 1118 1394 tecum
1134 1373 1319 1394 concursuras
1334 1374 1405 1398 esse,

467 1401 632 1435 Expetentes
646 1401 703 1434 spei
718 1404 820 1428 nostrae
830 1401 932 1428 exitum
948 1408 1071 1428 cernere.

467 1434 796 1471 1960_0b_dormiscamus
810 1435 948 1471 paululum
965 1445 972 1463 :
988 1436 1059 1463 haud
1074 1437 1167 1471 procul
1181 1443 1291 1462 aurora.

468 1468 558 1505 Magd.
581 1469 759 1497 Vehementer
772 1468 818 1497 me
827 1471 949 1498 laborare
963 1468 1081 1505 oportet;
1095 1477 1121 1499 et
1135 1471 1304 1498 laborantem
1319 1470 1397 1498 dccct

468 1504 620 1540 Mercedem
636 1505 736 1532 intueri
750 1514 757 1532 :
773 1505 885 1533 cuilibet
898 1506 970 1533 enim
982 1504 1154 1540 propositum

468 1538 550 1576 Qperi
567 1540 707 1574 praemium
720 1540 854 1576 geminam
870 1541 941 1575 parit
957 1538 1083 1576 gratiam,

469 1574 555 1611 Quam
564 1582 638 1611 saepe
652 1574 731 1611 antea
746 1574 907 1611 percepi,’et
922 1574 1020 1602 iterum
1035 1574 1198 1611 percipiam.

470 1608 540 1644 1965
557 1609 633 1644 Deip.
649 1609 721 1637 Sane
733 1608 761 1637 et
775 1610 802 1636 id
815 1608 921 1644 mquum
934 1615 988 1642 est,
1004 1608 1054 1638 nec
1069 1608 1148 1638 aliter
1164 1610 1279 1642 videbis,

469 1640 510 1684 :l‘u
523 1652 586 1684 vero
603 1640 672 1684 bene
683 1645 823 1684 admones.
838 1640 865 1671 et
878 1640 1030 1684 opportune
1044 1646 1173 1684 loqueris.

468 1677 647 1715 quuerisrde
663 1680 797 1710 mercede,
814 1683 841 1707 et
855 1677 953 1714 gratia,
968 1677 1097 1715 quantam
1112 1681 1264 1711 obtinuisti.

468 1713 557 1740 Etiam
571 1714 729 1749 priusquam
745 1713 894 1746 laborares,
909 1721 935 1742 et
951 1713 1033 1749 quam
1048 1716 1145 1742 iterum
1160 1716 1293 1751 accipies:

258 1809 327 1841 1915
335 1813 438 1848 Ἐκητι
454 1813 590 1849 πολλῶν,
607 1810 661 1846 ὧν,
682 1819 735 1842 etc.
759 1814 874 1849 Septem,
897 1822 1005 1849 nempe,

222 1848 426 1884 damonia_qure
445 1847 566 1876 Christus
580 1857 612 1876 ex
634 1858 665 1876 ea
687 1847 836 1884 expulerat,
849 1849 932 1877 Marc.
948 1847 1005 1883 xvi,

222 1885 248 1910 9.
266 1883 337 1910 Edit.
349 1880 381 1917 ᾦῤ

258 1918 323 1946 1961
342 1918 482 1953 Σφοδρῶς
505 1918 618 1950 πονεῖν,
635 1923 686 1947 etc.
698 1918 737 1946 lta
760 1919 814 1946 fere
835 1919 912 1946 Rhea.
931 1927 1005 1947 vers.

223 1953 285 1986 16l,
300 1958 365 1985 etc.,
383 1953 469 1981 Dolon
484 1953 625 1981 Hectorem
641 1954 809 1989 alloquitur:

223 1988 327 2024 Οὐκοῦν
337 1990 428 2015 πονεῖν
440 1997 473 2024 με
492 1989 555 2024 χρὴ,
571 1988 736 2016 πονοῦνταῒ
747 1989 822 2021 ἄξιον

222 2023 326 2060 Mitrbe
338 2023 467 2060 φέρεσθαι
478 2032 485 2039 ⁶
494 2023 582 2060 παντὶ
595 2024 649 2060 γὰρ
665 2024 861 2060 προσκείμενον

223 2058 326 2094 Κέρδος
339 2059 406 2094 πρὸς
425 2059 508 2094 ἔργῳ,
523 2059 570 2094 τὴν
584 2058 662 2095 χάριν
678 2058 764 2086 τίκτει
779 2058 885 2095 διπλήν.

1060 1815 1124 1843 Ideo
1140 1824 1180 1843 me
1194 1816 1315 1844 laborare
1329 1818 1456 1850 convenit.
1474 1817 1519 1844 sed
1539 1816 1700 1844 laborante»:
1715 1817 1787 1845 decet

1061 1850 1207 1878 Mercedem
1222 1852 1345 1885 auferre,-
1360 1852 1480 1879 additum
1494 1853 1562 1880 enim
1577 1854 1650 1879 omni

1062 1885 1174 1922 Negotia
1188 1887 1288 1922 lucrum
1299 1907 1306 1918 ,
1321 1887 1480 1920 uoluptatem
1498 1888 1568 1922 parit
1583 1887 1722 1921 duplicem.

1095 1921 1165 1947 1965
1176 1921 1241 1953 Ναὶ,
1257 1922 1316 1954 ναὶ,
1335 1922 1460 1956 δίκαιον,
1482 1927 1534 1950 etc.
1549 1922 1618 1949 lbid.
1635 1931 1707 1950 vers.
1726 1923 1778 1950 164
1795 1931 1841 1951 rei

1060 1957 1176 1990 spondet
1190 1956 1290 1983 Hector
1306 1965 1313 1982 :

1058 1991 1122 2025 Eat,
1133 1991 1187 2022 vat,
1203 1991 1293 2018 δίκαια
1307 1991 1404 2023 ταῦτα,
1418 1992 1484 2018 κούκ
1495 1992 1580 2024 ἄλλως
1594 1992 1673 2025 λέγω.

1061 2024 1130 2052 Sane
1145 2032 1169 2053 et
1187 2026 1241 2053 hwc
1255 2035 1330 2062 wqua
1342 2033 1414 2060 sum,
1430 2035 1476 2054 nec
1492 2027 1569 2054 aliter
1583 2024 1706 2054 contrave
1718 2027 1787 2054 dico.

869 2160 1036 2191 METRICA
1048 2161 1183 2191 VERSIC
1192 2184 1198 2192 .

222 2251 306 2280 Istum
318 2250 449 2282 laborem,
464 2250 536 2277 haud
553 2251 693 2278 immemor
702 2259 796 2278 eorum
811 2251 932 2279 omnium

221 2286 419 2317 Periculorum,
432 2286 531 2320 quibus
546 2286 569 2313 is
581 2286 646 2313 olim
662 2286 774 2313 liberam

222 2322 264 2349 Me
281 2321 354 2354 fecit,
370 2325 450 2355 atque
461 2321 523 2347 hinc
535 2321 604 2348 forte
618 2325 645 2348 et
658 2320 727 2348 idem
741 2325 863 2349 mortuus

221 2357 263 2383 Me
275 2357 390 2383 clariore
403 2363 514 2383 munere
527 2356 714 2388 exornaverit;

220 2391 292 2425 Quin
306 2395 442 2418 mortuum
458 2390 534 2426 illum
544 2398 599 2417 non
614 2395 686 2426 puto.
704 2390 801 2418 Verum
818 2391 889 2418 mihi

220 2427 316 2453 Adhuc
329 2426 436 2453 videtur
451 2425 650 2458 dormiendum,
666 2431 693 2453 et
707 2427 846 2461 paululum

220 2461 270 2488 llic
285 2461 483 2488 immorandum
498 2461 576 2495 plena
590 2461 654 2488 dum
669 2465 748 2488 nocte
759 2462 859 2488 omnia.

219 2495 280 2523 Jam
293 2496 468 2526 dormiamus,
484 2496 662 2526 dormiamus,
679 2503 732 2523 non
747 2496 823 2523 abest

219 2532 325 2558 Aurora
341 2532 428 2565 longe,
443 2538 535 2565 quam,
551 2538 567 2556 ο
581 2531 701 2558 omnium
717 2538 774 2561 rex.
790 2531 866 2558 ocius

220 2565 329 2592 Utinam
346 2564 397 2600 ego
406 2564 526 2592 videam!
542 2564 640 2592 Verum
657 2566 701 2592 ubi
716 2566 844 2592 diluxerit

219 2599 398 2635 Properanter
413 2601 471 2633 ibo;
485 2599 598 2627 forsitan
610 2600 690 2627 etiam
704 2601 822 2627 incidam

218 2635 334 2663 Cursum
352 2636 379 2662 in
394 2642 529 2667 sororum,
542 2636 642 2670 quibus
656 2635 682 2662 id
694 2635 811 2662 ollicium
828 2636 878 2663 fuit

219 2670 307 2705 Prius,
321 2675 351 2697 ut
364 2673 504 2697 manerent
514 2675 541 2696 et
555 2671 710 2705 sepulcrum
725 2676 876 2698 cernerent.

218 2704 272 2732 Illae
282 2705 354 2732 enim
369 2705 398 2731 in
410 2704 437 2731 id
453 2712 547 2732 omnes
560 2704 650 2732 mente
663 2706 789 2732 concordi
809 2707 873 2732 mihi

218 2739 334 2776 [Ιξοηιιιιιι
347 2740 656 2776 διυόοὺιιιιιηοοιιρυενιιι
672 2744 795 2776 sanctum
809 2745 950 2776 ungerent,

217 2774 382 2809 Noctemque
393 2778 477 2802 totam
493 2774 532 2801 sic
544 2775 624 2801 simul
638 2775 820 2802 traducerent.

218 2809 299 2838 Sami.
314 2809 375 2843 Abi,
390 2817 406 2837 ο
421 2809 524 2837 virilem
541 2809 711 2847 quae_mulier
725 2810 866 2838 audaciam

1019 2257 1040 2284 B
1055 2252 1170 2288 IEquas,
1187 2253 1230 2280 abi
1243 2253 1299 2287 jam
1316 2260 1441 2288 propere,
1456 2255 1486 2280 ut
1501 2253 1604 2288 aliquid
1621 2253 1734 2280 rescias.

1055 2288 1110 2315 Nos
1122 2295 1322 2323 consequemur
1333 2297 1394 2315 cum
1412 2288 1563 2323 puellarum
1579 2288 1630 2315 hoc
1643 2296 1734 2323 grege,

1053 2323 1174 2358 Aliaeque
1184 2322 1293 2350 Galilaaa
1305 2329 1370 2350 satae
1385 2322 1466 2357 quam
1481 2323 1613 2358 plurimae.

1053 2357 1120 2393 133m
1135 2358 1226 2389 credo,
1239 2358 1351 2385 comites
1361 2357 1494 2393 quotquot
1507 2359 1558 2385 illa:
1571 2361 1644 2389 sunt.
1661 2357 1701 2383 tui

1053 2392 1158 2420 Cursus
1174 2393 1281 2420 futuras
1294 2393 1326 2420 ad
1343 2392 1498 2427 sepulcrum
1512 2403 1519 2420 :
1532 2395 1570 2420 ita
1584 2396 1717 2427 expetunt

1055 2427 1152 2463 yidere
1166 2428 1228 2462 quis
1242 2429 1277 2455 sit
1293 2428 1382 2455 insitae
1391 2428 1449 2463 spei
1463 2429 1563 2455 exitus.

1054 2461 1132 2497 Nunc
1147 2461 1297 2490 excitemur
1313 2461 1462 2497 paululum,
1479 2471 1578 2490 aurora
1594 2461 1664 2490 haud
1679 2463 1785 2496 procul.

1055 2496 1145 2533 Magni.
1159 2497 1265 2525 Labore
1281 2496 1346 2524 mihi
1361 2505 1430 2533 opus
1444 2502 1568 2529 strenuo,
1586 2505 1640 2533 quo
1658 2499 1802 2532 praemium

1051 2532 1167 2569 pigitum
1181 2533 1285 2560 laboris
1299 2532 1488 2569 anterc’mteros
1501 2541 1597 2569 queam

1052 2566 1149 2603 Yiderc
1168 2577 1174 2594 :
1190 2575 1309 2602 namque
1319 2568 1431 2596 cuilibet
1448 2566 1521 2602 quod
1536 2568 1648 2603 ponitur

1051 2601 1193 2639 ljrmmium
1205 2603 1239 2629 ad
1250 2601 1328 2638 opus,
1341 2601 1477 2638 geminam
1489 2601 1560 2638 par—it
1572 2604 1622 2632 sibi
1636 2604 1764 2639 gratiam,

1051 2637 1138 2670 Quam
1153 2645 1224 2672 saepe
1242 2645 1321 2672 perce
1344 2637 1352 2664 i
1369 2643 1441 2670 ante,
1459 2637 1595 2673 quamque
1610 2637 1701 2666 denuo

1051 2671 1212 2699 Perdibiam.
1228 2672 1304 2699 Dein.
1321 2646 1354 2699 Et
1368 2681 1475 2699 aauuuni
1489 2677 1531 2699 est
1547 2673 1575 2699 id
1589 2681 1698 2699 nuonue

1050 2671 1212 2707 Perc’ipiam.
1228 2671 1304 2707 Deip.
1321 2671 1354 2699 Et
1368 2671 1475 2708 mquuni
1489 2677 1531 2702 est
1547 2671 1575 2701 id
1589 2681 1709 2709 quoque,
1723 2681 1774 2701 nec
1791 2680 1838 2700 un-

1613 2709 1708 2745 [quam
1724 2716 1805 2736 secus

1050 2741 1171 2773 Videbis,
1187 2746 1215 2769 et
1228 2743 1311 2776 probe
1328 2750 1424 2770 mones
1438 2747 1465 2770 et
1479 2741 1634 2771 commode.

1050 2776 1098 2814 Vis
1112 2782 1202 2804 autem
1215 2778 1252 2808 id,
1265 2782 1295 2804 ut
1307 2777 1379 2812 quod
1394 2779 1496 2812 praemii
1507 2783 1592 2814 atque
1604 2779 1699 2814 gratia

1050 2812 1154 2846 Adepta
1168 2820 1198 2840 es
1214 2816 1276 2841 ante
1287 2817 1349 2841 tuos
1364 2813 1481 2845 labores,
1497 2813 1588 2841 denuo
