1933 3041
116 144 173 174 ευτ’-ι

163 203 266 238 [αὐτην
278 202 390 238 (Sno-{iw
408 202 437 229 ἐτι
451 202 627 237 Εὑαγγελίοις
640 203 688 238 τὴν
703 204 859 240 παραδολὴν
873 204 910 230 εἴ-

122 257 219 285 ρηκεν,
233 249 274 275 ὅτι
286 249 411 280 πλούσιός
423 258 463 280 τις
477 247 510 284 ἦν
524 249 667 285 πορφύραν
679 250 909 285 ὲνὸιδυσκόμενος,

120 294 170 320 καὶ
187 292 247 319 καθ’
267 292 375 328 ἡμέραν
390 293 617 329 εὐφραινόμενος·
640 294 735 321 τούτου
753 293 780 320 δὲ
795 295 911 331 προσέρ-

122 339 206 374 ριπτο
231 339 293 369 ταῖς
320 338 419 369 πύλαις
445 339 552 373 πτωχός
578 348 620 370 τις
641 339 765 375 Λάζαρος
793 340 911 376 τοῦνομα

120 373 282 419 ἦλκιυμένος
301 385 334 418 τῇ
351 383 492 419 πτωχεία·
513 384 553 419 τῷ
571 384 637 418 γοῦν
652 373 771 420 πλουσίῳ
786 373 911 421 δῖακεχυ-

122 429 197 464 μένῳ
216 430 305 464 τρυφῇ
330 437 359 454 τε
383 429 431 455 καὶ
453 430 513 460 ταῖς
538 429 610 456 κατὰ
629 430 675 456 τὸν
699 430 755 465 βίον
771 430 910 466 εὐθηνίαις

121 473 271 508 εὐροοῦντι,
284 473 392 509 φροντὶς
400 473 511 508 οὐδεμία
523 473 569 500 τοῦ
582 474 696 510 πένητος
706 474 750 510 ἦν·
764 476 811 502 καὶ
824 476 911 503 ταῦτα

121 517 248 553 χαλεπῶς
259 518 323 553 περὶ
336 518 366 544 τὸ
379 518 458 553 σῶμα
468 519 639 554 διακειμένου
651 521 697 547 καὶ
710 521 763 547 τῶν
776 521 825 556 τῆς
839 521 912 548 ὲκεί-

121 572 169 590 νου
190 564 331 600 τραπέζης
352 563 577 599 περιττευμάτων
598 566 772 601 ὲντετηκότος
785 575 793 582 ⁸
810 567 840 593 οὺ
858 567 910 603 μὴν

120 609 191 637 ἀλλὰ
216 610 261 636 καὶ
284 610 346 641 τοὺς
370 609 452 642 κύνας
472 610 579 645 λέγεται
597 611 643 638 τοῦ
663 612 789 638 πλουσίου
812 612 846 639 τὰ
863 612 910 639 τοῦ

122 655 232 690 πτωχοῦ
255 655 400 691 τραύματα
425 655 607 691 καταλεὶχειν,
633 658 790 693 προσθήκην
812 658 910 692 ἄλγους

121 700 305 736 ἐμποιοῦντας
320 701 359 736 τῷ
375 701 509 737 μηδεμιᾶς
520 702 666 737 θεραπείας
678 703 731 730 ὑπὸ
741 704 796 730 τῶν
808 705 910 739 κυρίων

120 746 212 773 αὐτῶν
228 746 386 783 ἡξιωμένῳ·
403 747 488 784 ταύτῃ
513 748 558 775 τὸν
582 748 708 776 πλούσιον
724 750 836 785 ἀπηνῶς
853 750 911 777 δια-

120 792 258 827 κείμενον,
275 793 442 829 εὐχαρίστως
451 794 480 821 δὲ
496 793 541 820 τὸν
556 794 658 829 πένητα
670 794 907 830 διακαρτεροῦντα,

120 838 294 873 ἀμφοτέρους
311 839 527 877 ἁναρπασθῆναι,
543 840 593 866 καὶ
612 840 679 875 πρὸς
693 840 739 866 τὸν
755 840 908 876 ὡρισμένον

119 884 289 918 καταστῆναι
307 884 405 916 τόπον,
417 884 477 911 ὅθεν
488 885 533 911 τὸν
544 885 670 912 πλούσιον
687 887 806 921 κατεῖχε·
822 886 867 912 τὸν
881 886 908 912 δὲ

121 930 222 965 μικρὸν
231 930 415 957 ἀνανεύσαντα
425 930 471 965 (πῦ
475 939 490 966 ρ
501 930 529 957 δὲ
536 928 570 966 ἦν
579 931 737 966 ὑποσμῆχον
751 932 796 958 καὶ
803 932 909 966 σκώληξ

120 975 287 1010 πικρότατος
293 975 517 1012 διερεθίζων),τὸν
526 976 629 1012 πένητα
634 977 756 1013 Λάζαρον
763 977 909 1004 θεάσασθαι

119 1019 230 1054 λέγεται
244 1022 448 1056 πατριαρχικοίς
466 1021 589 1053 πλατέως
608 1022 837 1057 ὲπικαθεζόμενον
848 1024 910 1050 κόλ-

121 1074 194 1097 ποις,
208 1066 315 1098 πολλαῖς
330 1075 358 1093 τε
367 1067 540 1102 δορυφορίαις
550 1076 586 1094 πα
591 1068 707 1103 ρακαλού
712 1077 790 1103 μενον
800 1077 807 1084 ⁸
820 1070 909 1104 φωνῆ-

121 1112 168 1139 cui
175 1121 204 1139 τε
212 1112 257 1138 τὸν
264 1112 411 1148 δορυφόρον
426 1113 559 1148 Ἀϐραὰμ,
572 1115 675 1140 ἐκεῖνον
681 1114 755 1149 αὐτῷ
761 1114 806 1141 τὸν
815 1115 910 1151 πρώην

120 1159 336 1193 παρεωραμένον
351 1158 475 1194 Λάζαρον
485 1159 644 1186 ἀποστεῖλαι
655 1160 770 1195 ρανίδος,
785 1160 856 1187 ὥστε
870 1160 909 1196 τῷ

123 1203 286 1239 σμυχομὲνῳ
296 1203 405 1239 δίυγρόν
415 1212 440 1230 τι
452 1204 542 1240 μικρῷ
549 1204 674 1240 δακτύλῳ
680 1206 908 1241 γπροσεπιστάξαι·

121 1248 168 1275 τὸν
195 1248 224 1274 δὲ
252 1249 424 1284 πατριάρχην
446 1249 483 1284 μὴ
511 1249 622 1276 δυνατὸν
643 1248 713 1277 εἶναι
736 1251 804 1286 πρὸς
831 1251 909 1285 λόγον

121 1294 354 1329 ἀπαμειϐόμενον,
368 1294 414 1321 τοῦ
432 1295 545 1328 πένθους
560 1295 633 1331 αὺτῷ
646 1296 694 1330 τῆς
708 1297 909 1333 ἀπροσδοκήτου

123 1339 272 1374 σωτηρίας,
288 1340 483 1375 περισσότερον
495 1340 576 1375 ἄλγος
592 1341 642 1376 τῆς
660 1341 777 1376 βασάνου
792 1351 910 1378 προσκα-

121 1384 256 1419 ταστῆσαι
267 1393 274 1400 ⁸
291 1385 338 1412 καὶ
347 1385 440 1420 χάσμα
450 1385 477 1412 δὲ
495 1387 558 1420 περὶ
572 1387 669 1418 αὐτοὺς
686 1387 812 1422 μέγιστον
827 1388 909 1423 ἡδρα-

123 1430 186 1457 σθαί
203 1440 279 1466 φησι,
293 1431 348 1458 τῶν
363 1431 445 1466 ὁρίων
457 1433 549 1464 αὐτοῖς
564 1433 731 1460 ἀδιεκϐάτων
749 1433 844 1466 ὄντων,
861 1434 909 1461 καὶ

122 1477 232 1504 seem»
254 1477 322 1512 πρὸς
349 1478 480 1514 ἀλλήλους
504 1479 722 1513 καθεστηκότων,
749 1479 836 1514 πέρας
856 1478 907 1507 ὦδε

123 1522 172 1556 τῆς
199 1522 298 1554 κακίας
320 1523 550 1558 ὲπεσφραγῖσθαι,
574 1525 628 1556 τοῖς
651 1521 706 1556 οἷος
730 1526 832 1558 ἐκεῖνος
855 1527 906 1552 ἀπ-

121 1567 200 1602 ἠνέσι
212 1567 459 1603 διαϐεϐαιούμενος
480 1568 604 1596 πλούσιον
619 1570 647 1596 ἐν
662 1570 759 1597 πάθεσί
775 1579 851 1606 φησι,
863 1572 907 1598 τὸν

635 145 681 172 AD
704 144 859 172 (ΣᾹΒΜΙΝΔ
879 145 907 173 S.
929 144 1093 173 GREGORII
1113 142 1237 172 THEOL.

929 200 940 204 ﬂ
961 204 1073 235 πολλαῖς
1095 203 1284 239 ὲμφυρόμενον
1310 200 1475 236 ἁμαρτίαις·
1502 199 1625 234 Λάςαρον
1649 197 1678 224 δὲ
1702 197 1749 224 τὲι

1694 137 1747 166 558

961 250 1052 281 ἐλέους
1062 247 1327 284 ἠξιωμένονορανίδα,
1338 247 1384 273 τὸν
1399 246 1470 272 θεῖον
1481 244 1652 280 ὑποληπτέον
1668 242 1750 276 λόγον

961 296 1019 326 ταῖς
1041 293 1200 328 καιομέναις
1216 292 1313 318 πάθεσι
1336 291 1444 326 ψυχαῖς,
1469 289 1521 316 ὑπὸ
1537 288 1591 315 τῶν
1611 287 1749 322 θεοφύρων

963 340 1143 374 σταςὸμενον·
1171 339 1265 374 χάσμα
1278 338 1305 364 δὲ
1322 337 1371 372 τὴν
1398 335 1565 371 ἀμετάθετον
1592 334 1624 360 ἐκ
1649 332 1748 363 κακίας

963 387 1110 422 ρᾳθυμίαν,
1124 385 1157 421 ἣν
1170 384 1281 419 συνέκδη
1287 392 1334 419 μον
1346 383 1466 410 λαϐοῦσα
1481 383 1497 417 ὴ
1511 379 1645 408 παναθλία
1661 379 1747 414 ψυχὴ,

961 432 1080 467 χάσματι
1093 431 1140 457 καὶ
1161 430 1227 465 πυρὶ
1243 428 1412 464 βυθισοῆναι,
1430 426 1565 462 σωτηρίας
1584 423 1680 450 ἐλπίδα
1695 431 1748 458 μη-

962 476 1020 502 κέτι
1032 475 1196 510 κεκτημένη·
1212 474 1305 501 κόλποι
1320 472 1348 498 δὲ
1362 472 1536 506 νοηθήσονται
1550 469 1595 496 τοῦ
1609 467 1746 503 Ἀϐραὰμ,

961 523 988 548 αἱ
1003 521 1056 548 τῶν
1074 514 1158 555 ἁγίων
1174 518 1325 554 διατριϐαί·
1344 517 1431 552 τούτῳ
1451 517 1505 552 γὰρ
1524 515 1571 551 τὴν
1593 515 1642 549 τῆς
1661 515 1747 546 ἐπαγ-

960 568 1052 602 γελίας
1067 567 1198 602 ὑπέσχετο
1219 565 1269 600 γῆν
1287 565 1302 591 ὁ
1322 564 1404 595 Θεὸς,
1426 561 1459 599 ἦς
1479 561 1548 596 γάλα
1574 560 1620 587 καὶ
1636 559 1696 595 μέλι
1707 559 1746 585 δι-

960 611 1060 647 εκρέει⁶
1075 611 1140 641 Θεὸς
1152 610 1221 640 θεοῖς
1231 607 1432 642 συγγινόμενος,
1448 606 1493 632 καὶ
1507 604 1574 640 πρὸς
1591 602 1678 647 αὐτῶν
1697 602 1745 628 ἀν-

960 646 1126 692 υμνούμενος
1148 655 1297 690 ἅσιγήτως,
1325 652 1447 683 πλατέως
1469 659 1498 677 τε
1521 649 1568 676 καὶ
1587 646 1747 683 ἀπεράντως

960 701 1084 735 θεολογού
1088 708 1176 735 μενος.

960 748 1013 776 584
1027 747 1110 779 Εἰπὲ,
1127 747 1177 774 καὶ
1194 745 1379 780 αἱματόεσσα
1390 743 1481 778 ῥύσις
1494 741 1596 775 λήξειε
1607 739 1745 774 τάχιστα.

996 800 1056 826 Τῶν
1076 801 1105 826 ὲν
1125 800 1181 830 τοῖς
1197 797 1374 831 Εὐαγγελίοις
1395 795 1541 830 θαυμάτων
1566 792 1746 826 ἀναγωγικῶς

962 845 1152 881 μεμνημένος,
1167 843 1235 878 πρὸς
1249 842 1366 878 Χριστὸν
1380 840 1460 867 αὑτὸν
1475 839 1627 873 διαλέγεται
1637 847 1644 853 ·
1665 837 1746 872 Λόγῳ

959 890 1013 926 γὰρ
1030 891 1100 921 εἰπὲ,
1119 889 1204 925 φησὶ,
1225 889 1272 915 καὶ
1286 888 1336 923 τῆς
1358 887 1447 922 ψυχῆς
1464 886 1481 920 ἡ
1500 883 1657 920 αἱματώδης
1679 883 1745 918 στή-

961 946 1035 964 σεται
1050 937 1143 972 ῥύσις·
1165 936 1242 971 ῥύσις
1262 935 1384 970 αἱμάτων
1406 933 1433 959 δὲ
1454 929 1746 967 πωκαταῦεὸλημένου

959 983 1116 1019 τραύματος
1133 981 1239 1017 πληγὴν
1253 979 1439 1007 ὑποδείκνυσι·
1454 977 1494 1012 τῷ
1503 976 1558 1012 γὰρ
1572 974 1744 1010 τετρωμένῳ,

959 1029 1008 1064 τῆς
1024 1028 1137 1063 ὠτειλῆς
1153 1027 1235 1062 ἐκροή
1248 1035 1289 1057 τις
1302 1025 1455 1060 παρέπεται
1466 1031 1471 1037 ·
1484 1022 1613 1057 ταχίστην
1632 1020 1660 1046 δὲ
1670 1019 1746 1055 λῆείν

960 1083 1052 1110 φησιν,
1069 1075 1100 1100 ἐκ
1115 1072 1281 1108 παραγώγου
1304 1071 1456 1106 σχήματος·
1474 1068 1624 1104 αἱμόρρους
1638 1065 1692 1102 γάρ
1704 1073 1746 1096 τις

960 1120 1028 1155 γυνὴ
1040 1118 1200 1145 δυοκαίδεκα
1218 1117 1320 1152 χρόνων
1341 1115 1379 1150 τῷ
1394 1114 1474 1142 πάθει
1498 1112 1675 1147 κατεχομένη,
1691 1111 1746 1137 τῶν

959 1164 1119 1200 κρασπέδων
1146 1163 1192 1190 τοῦ
1217 1161 1335 1198 Χριστοῦ
1350 1160 1487 1195 λαθραίως
1502 1157 1641 1194 ἁψαμένη,
1656 1165 1747 1192 παρα-

960 1210 1056 1246 χρῆμα
1072 1210 1122 1245 τῆς
1137 1209 1214 1235 νόσου
1232 1207 1387 1242 ἀπηλλάγη.

961 1266 1013 1293 585
1029 1265 1110 1295 Eme,
1125 1264 1171 1291 καὶ
1193 1263 1331 1298 ἐκμήνειε
1346 1261 1430 1298 συῶν
1445 1260 1557 1298 ἀγέλην
1571 1257 1728 1294 λεγεῶνες,

960 1301 1012 1329 586
1028 1300 1148 1335 Πνεῦμα
1163 1299 1211 1325 καὶ
1227 1296 1263 1325 ἓν
1275 1297 1442 1331 πελάγεσσι
1454 1296 1550 1322 πέσοι.

996 1346 1056 1372 Τῶν
1078 1346 1106 1372 ὲν
1124 1344 1301 1378 Εὑαγγελίοις
1323 1342 1470 1377 θαυμάτων
1490 1340 1537 1367 καὶ
1556 1339 1652 1366 τοῦτο·
1674 1338 1745 1365 κατὰ

959 1392 1013 1428 γὰρ
1028 1392 1077 1427 τὴν
1091 1391 1145 1418 τῶν
1160 1389 1336 1426 Γεργεσηνῶν
1353 1388 1445 1424 χώραν
1456 1385 1490 1423 ἦν
1505 1395 1546 1418 τις
1564 1384 1697 1420 δαιμονῶν
1716 1384 1747 1412 ἐν

960 1438 1016 1469 τοῖς
1034 1437 1193 1472 μνημείοις·
1209 1436 1242 1462 δι’
1266 1435 1295 1461 ὃν
1312 1435 1411 1464 ἄϐατος
1433 1431 1466 1468 ἦν
1485 1433 1500 1459 ὁ
1518 1432 1599 1462 τόπος
1611 1452 1618 1464 ,
1640 1430 1746 1458 πολλῶν

960 1482 1094 1517 διαφόρως
1107 1482 1151 1508 ὑπ’
1167 1481 1248 1508 αὑτοῦ
1265 1479 1510 1515 κατατρωθέντων·
1527 1477 1621 1504 τοῦτον
1642 1476 1746 1510 Ἰησοῦς

961 1527 1024 1562 ὑγιῆ
1036 1527 1219 1561 καταστήσας,
1233 1526 1331 1560 χοίρων
1346 1524 1438 1550 αὐτόθι
1448 1523 1614 1558 νεμομένων,
1626 1522 1678 1548 ὑπὸ
1690 1523 1745 1548 τῶν

961 1572 1094 1607 δαιμόνων
1111 1571 1234 1603 ἀξιοῦται
1247 1572 1302 1602 τοῖς
1321 1570 1421 1605 χαίροις
1438 1569 1535 1598 αὐτοὺς
1553 1567 1696 1602 ἐπιτρέψαι
1716 1568 1747 1595 τδ

121 1655 327 1694 opportunitate
345 1663 486 1686 concessa,
506 1656 533 1682 in
558 1659 832 1694 montcmrascendit.
851 1658 967 1686 Sodoma
983 1667 1080 1694 nempe
1094 1659 1203 1686 divinus
1222 1658 1370 1694 Gregorius
1393 1664 1454 1685 esse
1471 1655 1702 1694 perseverantiam
1719 1655 1745 1694 in

124 1690 253 1724 peccatis,
271 1689 426 1729 Lotautem
440 1698 584 1729 personant
599 1693 709 1720 virtutis
724 1695 861 1722 sustinere
872 1695 938 1722 dicit
954 1702 960 1719 :
978 1695 1025 1729 qui
1040 1689 1121 1729 porro
1135 1702 1149 1721 a
1166 1689 1432 1729 peccatovdiscessit.
1447 1699 1480 1729 ne
1497 1691 1614 1725 amplius
1630 1691 1663 1729 ad
1676 1690 1741 1716 illud

124 1730 286 1760 revertatur,
304 1725 443 1757 admonet,
461 1726 512 1752 hoc
527 1728 598 1754 enim
614 1731 656 1754 est
670 1732 819 1756 retrorsum
837 1730 929 1757 videre
949 1734 973 1756 et
988 1725 1019 1756 in
1040 1725 1195 1756 'columna'm
1217 1729 1282 1756 salis
1301 1726 1476 1756 transmutari
1491 1734 1498 1752 :
1518 1733 1580 1753 nam
1602 1726 1664 1760 quia
1680 1733 1748 1751 uxor

126 1759 179 1786 Lot
194 1759 417 1799 ad_cupiditatem
432 1761 562 1799 respexit.
585 1763 684 1799 merito
702 1764 753 1790 hoc
769 1771 849 1799 passa
864 1769 905 1792 est
922 1774 928 1791 :
946 1765 1073 1791 columna
1091 1769 1180 1791 autem
1197 1768 1239 1791 est
1250 1768 1343 1799 aperta
1354 1763 1423 1799 lacti
1441 1760 1591 1791 accusatio,
1603 1759 1628 1786 in
1648 1767 1746 1799 perpe-

126 1772 179 1786 μυι
194 1772 227 1786 au
240 1772 417 1794 cupluuatelu
433 1772 562 1795 respcnl.
585 1772 684 1789 rneruo
702 1772 753 1790 noe
788 1772 849 1791 assa
864 1772 905 1792 est
922 1774 928 1791 :
946 1772 1073 1791 columna
1091 1772 1180 1791 autem
1197 1772 1239 1791 est
1250 1772 1343 1799 aperta
1361 1772 1423 1790 lactt
1441 1772 1591 1791 accusatio,
1603 1772 1628 1786 ιιι
1649 1772 1746 1794 μυψμ-

124 1800 201 1834 tuum
222 1794 352 1834 duratura
372 1803 378 1820 :
397 1796 462 1834 urbs
479 1795 564 1834 §egor
581 1795 702 1834 denique
716 1772 874 1834 expiicanda
896 1805 938 1826 est
958 1807 1006 1834 per
1028 1800 1145 1826 animam
1171 1799 1273 1826 virtute
1293 1798 1492 1834 conﬁrmatam.
1515 1803 1575 1834 qua;
1596 1796 1746 1834 secundum

124 1829 210 1855 llenm
229 1830 369 1870 gradatim.
381 1829 414 1856 ad
429 1829 759 1870 perfectionisfastigiqu
774 1833 934 1866 ascendere.
950 1829 1039 1869 neque
1051 1842 1114 1862 vero
1132 1835 1159 1861 in
1174 1835 1247 1862 ostio
1263 1841 1405 1861 remanere
1418 1831 1508 1864 debet,
1523 1829 1593 1866 ’quia
1611 1831 1662 1858 hoc
1676 1838 1746 1865 quo-

123 1872 176 1898 que
188 1865 319 1891 socordiae
334 1865 436 1892 rrimen
451 1873 530 1899 poma
545 1867 673 1893 allicitur.

160 1911 190 1936 In
206 1909 359 1947 Evangeliis
374 1909 500 1937 Salvator
510 1911 580 1938 hanc
592 1912 749 1947 parabolam
762 1911 904 1947 proposuit
922 1921 928 1938 :
946 1910 1100 1947 Eratgdives
1114 1918 1234 1946 purpura
1246 1910 1359 1938 indutus
1370 1914 1396 1937 et
1410 1911 1532 1947 quotidie
1549 1911 1621 1947 laute
1634 1911 1741 1942 vivens,

123 1945 158 1972 ad
179 1945 259 1981 cujus
276 1949 370 1979 portas
390 1945 600 1981 provolvebatur
620 1954 722 1981 pauper
740 1945 861 1980 quidam,
884 1947 994 1973 nomine
1016 1945 1148 1978 Lazarus,
1169 1945 1280 1973 ’summa
1295 1945 1425 1979 egestate
1438 1947 1583 1974 laceratus.
1601 1945 1662 1973 Jam
1681 1953 1747 1973 vero

123 1980 201 2016 dives
216 1979 540 2016 qui_luxuria’diflluebat
559 1979 739 2011 omnibusune
751 1979 814 2008 vita:
831 1981 910 2008 bonis
931 1981 1099 2011 abundabat.
1124 1981 1225 2007 nnllaln
1242 1981 1368 2014 pauperis
1385 1981 1478 2008 habuit
1494 1989 1599 2012 curam,
1616 1983 1742 2016 quamvis

123 2015 169 2041 hic
182 2014 272 2049 quoad
288 2022 386 2049 corpus
401 2016 518 2050 pessime
533 2024 562 2043 se
579 2016 690 2044 haberet
702 2019 730 2043 et.
741 2016 782 2042 vix
802 2016 890 2046 micis,
904 2024 964 2050 quis
978 2023 1011 2042 ex
1027 2016 1098 2044 illitis
1114 2023 1206 2043 mensa
1224 2020 1394 2049 supererant,
1406 2017 1476 2044 male
1490 2014 1652 2043 nutriretur.
1670 2014 1745 2042 Ρι-ςιι-

124 2054 200 2085 terea
215 2057 279 2085 vero
303 2050 384 2076 etiam
405 2051 496 2078 divitis
512 2059 594 2078 canes
614 2052 706 2078 ulcera
730 2051 856 2085 pauperis
875 2051 988 2078 linxisse
1008 2051 1124 2085 ejusque
1144 2051 1252 2077 dolores
1273 2050 1383 2077 auxisse
1405 2051 1545 2084 dicuntur,
1563 2051 1626 2078 dum
1648 2058 1744 2078 eorum

125 2084 228 2111 domini
243 2084 344 2110 nullam
356 2085 467 2112 omnino
482 2086 557 2120 illius
567 2086 700 2113 rationem
719 2084 861 2112 haberent.
883 2086 950 2112 Cum
968 2084 1051 2120 igitur
1068 2087 1144 2113 dives
1159 2091 1212 2112 tant
1229 2085 1375 2111 inhumane
1387 2093 1416 2112 se
1432 2091 1548 2120 gereret,
1567 2093 1670 2120 panper
1682 2094 1746 2112 rem

125 2127 187 2155 cum
206 2120 353 2152 gratiarum
371 2121 478 2148 actione
498 2119 641 2155 perferret,
667 2121 746 2146 ambo
763 2121 941 2147 decesserunt
962 2119 988 2147 et
1005 2121 1038 2147 ad
1056 2121 1145 2147 locum
1161 2121 1372 2146 determinatum
1391 2119 1583 2155 pervenerunt,
1613 2120 1684 2147 unde
1702 2121 1747 2147 illo

125 2154 238 2180 divitem
253 2155 405 2187 conspexit.
422 2154 472 2182 Hic
487 2153 576 2181 autem
593 2156 733 2189 paululum
748 2155 884 2190 aspiciens
898 2157 970 2190 (erat
985 2156 1114 2182 nimirum
1133 2155 1204 2190 ignis
1220 2155 1350 2181 hauriens
1370 2153 1397 2182 et.
1420 2156 1521 2183 vermis
1546 2155 1744 2182 acerbissimus

125 2189 440 2225 stimulans),pauperem
455 2190 583 2216 Lazarum
600 2190 627 2216 in
642 2191 704 2217 sinu
720 2189 907 2223 patriarchali'
918 2192 1135 2225 requiescentem
1148 2189 1343 2225 'ert'satellitnnt
1361 2191 1470 2224 agmine
1491 2191 1644 2224 solatioque
1663 2198 1746 2217 orna.

124 2228 183 2250 tum
200 2224 387 2258 conspexisse,
404 2224 594 2259 Abrahamque
609 2226 756 2252 satellitem
771 2233 884 2259 rogasse
901 2224 1011 2257 dicitur,
1029 2231 1058 2252 nt
1076 2226 1152 2253 illum
1165 2224 1296 2251 Lazarum
1312 2225 1375 2251 olim
1390 2225 1529 2259 despectui
1549 2225 1669 2252 habitum
1681 2226 1745 2251 mil-

125 2262 195 2285 ιρι-ει
208 2259 253 2292 qui
270 2260 365 2285 adusto
378 2263 482 2293 guttam
498 2267 575 2294 aqua:
594 2261 635 2286 vel
659 2267 742 2294 parvo
754 2260 840 2294 digito
855 2260 1010 2288 instillaret.
1031 2260 1190 2287 Patriarcha
1206 2267 1270 2287 vero
1285 2261 1308 2286 ei
1325 2261 1467 2294 respondit
1481 2261 1532 2287 hoc
1553 2260 1610 2286 fieri
1630 2261 1745 2286 omnino

124 2301 179 2320 non
196 2301 286 2327 posse,
301 2298 384 2328 atque
401 2294 491 2321 subita
507 2298 533 2321 et
549 2295 732 2329 inexspectata
749 2294 851 2322 doloris
865 2297 968 2322 medela
989 2297 1141 2323 cruciatum
1163 2295 1244 2321 etiam
1261 2295 1499 2322 intolerabiliorem
1516 2296 1540 2322 ei
1563 2299 1656 2329 postea
1676 2294 1744 2326 fore,

123 2335 232 2356 necnOn
250 2336 296 2364 per
311 2336 436 2363 magnam
452 2330 580 2364 abyssum
603 2330 670 2356 dicit
692 2331 765 2356 circa
786 2330 860 2364 ipsos
875 2330 1025 2357 stabilitum
1043 2338 1113 2360 esse.
1136 2333 1163 2356 et
1177 2329 1310 2356 terminos
1326 2329 1426 2363 quibus
1446 2338 1534 2364 neque
1554 2330 1643 2363 egredi
1666 2329 1746 2364 liceat

124 2371 214 2400 neque
229 2363 344 2400 invicem
357 2363 515 2400 gonvenire.
532 2365 576 2391 hic
592 2373 652 2392 esse
668 2363 836 2400 constitutos
849 2363 964 2391 aliirmat
978 2369 1106 2400 tanquam
1123 2365 1189 2391 lines
1203 2365 1357 2400 peccatiwiis
1369 2363 1514 2400 quiLsicnt
1531 2365 1586 2394 ille,
1599 2364 1682 2400 animi
1693 2363 1745 2390 du-

124 2399 186 2425 ritie
201 2398 336 2425 laborent.
356 2398 467 2425 Divitem
485 2400 653 2427 cruciatibus
671 2404 796 2426 vexatum
811 2399 877 2426 dicit
893 2399 1011 2426 animam
1028 2398 1122 2426 multis
1137 2400 1255 2433 peccatis
1271 2399 1410 2433 pollutam.
1425 2399 1560 2427 Lazarus.
1576 2399 1622 2433 qui
1636 2398 1744 2426 miseri—

125 2432 230 2469 cordia!
247 2437 349 2467 guttam
365 2433 462 2469 aiIerre
474 2435 647 2469 imploratur,
671 2435 862 2469 intelligendus
878 2438 920 2460 est
936 2434 970 2461 de
989 2435 1072 2461 verbo
1084 2432 1186 2464 divino,
1200 2432 1276 2468 quod
1294 2441 1308 2459 ει
1324 2434 1391 2461 viris
1406 2434 1537 2461 divinitus
1555 2433 1695 2468 inspiratis
1716 2434 1744 2460 in

126 2468 233 2495 animas
256 2468 430 2504 passionibus
454 2469 565 2496 adustas
589 2470 735 2497 instillatur
753 2468 769 2494 ί
797 2469 912 2504 abyssus
936 2473 977 2496 est
1000 2470 1124 2496 socordia
1147 2473 1269 2503 pertinax
1304 2477 1319 2495 e
1340 2475 1450 2504 peccato
1469 2473 1619 2500 contracta,
1662 2475 1743 2503 quam

124 2503 228 2530 misera
251 2503 354 2535 artima,
380 2504 455 2530 omni
482 2511 530 2538 spe
549 2504 646 2532 Salutis
670 2504 810 2537 destituta,
833 2503 934 2531 Sociam
955 2505 1071 2531 assumit
1091 2509 1118 2531 et
1143 2505 1182 2530 sic
1200 2505 1299 2538 abysso
1320 2509 1347 2530 et
1362 2504 1423 2538 igne
1440 2505 1625 2538 submergitur
1642 2512 1648 2529 ε
1666 2505 1745 2530 sinus

96 2559 99 2563 .
124 2538 261 2573 Abraham
281 2542 500 2573 estrsanctorum
523 2539 704 2572 consuetudo,
725 2539 787 2566 huic
804 2539 875 2567 enim
902 2538 973 2566 Deus
996 2539 1186 2573 promissionis
1201 2544 1299 2566 terram
1323 2540 1519 2573 spoponderat,
1538 2540 1565 2565 in
1581 2545 1635 2573 qua
1656 2538 1698 2565 lac
1717 2542 1746 2566 et

124 2573 178 2600 mel
193 2571 281 2600 ﬂuunt
296 2580 303 2598 :
324 2572 395 2601 Deus
406 2581 468 2600 cum
482 2574 534 2601 diis
550 2581 728 2607 conversans,
744 2575 819 2601 etab
838 2575 878 2601 eis
893 2574 947 2600 alta
963 2571 1028 2601 voce
1042 2574 1168 2601 laudatus
1187 2580 1214 2600 et
1231 2571 1346 2600 multnni
1363 2571 1394 2600 ac
1411 2581 1520 2608 semper
1534 2571 1718 2610 celebratus.”

158 2620 292 2648 Miracula
307 2620 516 2657 Evangeliornm
530 2622 676 2657 anagogiee
689 2629 912 2657 commemorans
922 2620 1110 2657 ad»Christum
1123 2621 1213 2656 ipsum
1229 2621 1365 2657 convertit
1376 2628 1530 2648 sermonem
1544 2629 1551 2647 :
1569 2621 1743 2657 V'erborenim

125 2652 181 2687 die,
191 2656 239 2687 ait,
260 2661 286 2683 et
305 2652 402 2683 animi:
417 2652 734 2691 proﬂuvium'sa'nguinis
748 2657 890 2684 consistet.
905 2655 1070 2683 Proﬂuvinm
1084 2652 1174 2683 autem
1190 2656 1332 2690 sanguinis
1346 2656 1481 2691 signiticat
1499 2657 1602 2690 accepti
1622 2656 1744 2684 vulneri!

125 2691 246 2727 plagam,
261 2691 395 2725 siquidem
415 2699 430 2718 e
440 2692 555 2727 vulnere
573 2691 675 2719 inﬂicto
690 2691 833 2727 proﬂuvies
849 2691 972 2725 quaedam
982 2699 1118 2727 emanare
1133 2691 1202 2718 solet
1218 2699 1224 2717 :
1245 2691 1414 2727 celerrimum
1427 2696 1530 2727 autem.
1549 2699 1632 2727 sensu
1644 2698 1746 2725 anago-

124 2727 198 2758 gico.
214 2724 310 2753 adesse
328 2727 365 2752 ait
388 2726 520 2753 medelam
539 2736 546 2754 -.
562 2728 659 2754 mulier
672 2724 757 2757 enim.
771 2734 833 2761 qua:
849 2724 897 2761 per
915 2726 1059 2753 duodecim
1082 2733 1169 2753 annos
1186 2726 1327 2761 sanguinis
1344 2724 1470 2761 proﬂuvii
1490 2726 1585 2753 morbo
1600 2724 1744 2758 laboravit.

125 2765 269 2795 postquam
284 2760 418 2788 ﬁmbriam
431 2761 531 2788 Christi
547 2761 616 2788 clam
631 2762 765 2796 tetigerat,
782 2760 919 2796 extemplo
934 2761 1028 2788 morbo
1041 2767 1083 2788 est
1098 2761 1221 2788 liberata.

159 2807 216 2835 Hoc
232 2815 342 2842 quoque
355 2809 382 2835 in
399 2808 552 2843 Evangeliis
568 2812 696 2836 narratur
718 2808 880 2835 miraculum
896 2816 902 2833 :
921 2809 951 2835 In
970 2812 1042 2835 terra
1063 2807 1280 2843 Gergeseoornm
1294 2812 1353 2835 erat
1366 2808 1476 2843 quidam
1499 2808 1696 2837 daemoniacns.
1715 2807 1743 2835 in

124 2844 259 2879 sepulcris
273 2843 384 2879 degens,
400 2844 458 2878 qui.
480 2851 542 2870 cum
561 2844 660 2870 multos
681 2843 754 2879 varie
774 2844 897 2879 laesisset,
914 2844 1003 2871 cll'ecit
1018 2848 1049 2870 ut
1062 2851 1141 2870 nemo
1158 2845 1295 2870 renionem
1311 2845 1390 2870 istam
1417 2844 1491 2870 adire
1507 2844 1623 2877 amplius
1639 2843 1714 2870 vellet
1733 2851 1741 2869 :

124 2885 170 2913 per
183 2878 277 2906 Jcsutn
298 2883 388 2906 autem
410 2879 555 2906 sanitatem
576 2878 755 2913 recuperavit.
780 2878 888 2906 Etcum
907 2878 943 2906 ibi
960 2886 1105 2914 porcorum
1128 2879 1272 2907 multitudo
1292 2883 1460 2913 posceretur,
1478 2879 1615 2906 datmones
1634 2878 1741 2906 venia-
