1925 3043
117 141 175 169 475

432 204 542 232 ΛΟΓΟΣ
559 206 595 235 Ξ».

245 248 297 282 Εἰς
319 250 481 278 Ἰουλιανόν
496 252 549 278 τὸν
562 253 710 287 ἐξισωτήν
725 255 773 290 (1).

119 294 134 322 1
150 296 263 329 ὀμόρῳ
273 296 385 330 διψάδα
395 297 483 331 γαῖαν
492 298 677 332 (ἐπέκλυσεν,
687 299 721 333 ὅς
726 310 778 335 μιν
788 301 908 335 ἔδησεν.

162 341 256 368 Ἦλίαν
277 341 322 368 τὸν
339 342 483 379 Θεσὸίτην.
500 341 583 376 Οὗτος
603 345 658 380 γὰρ
679 346 908 382 προσευξάμενος,

118 389 168 415 τὸν
187 389 300 424 οὐρανὸν
313 389 457 416 ἀπέκλεισε
482 391 593 425 χρόνους
607 393 680 427 τρεῖς
701 393 746 419 καὶ
763 393 849 428 μῆνας
868 393 908 426 ἒξ,

120 434 171 461 καὶ
184 435 230 461 τὸν
248 435 350 470 δμϐρον
365 435 398 462 δι’
414 436 495 472 εὐχῆς
509 437 595 472 ἡγαγε
616 437 685 472 μετὰ
699 438 730 465 τὸ
744 438 910 474 καθιερῶσαι

119 481 172 517 τὴν
185 481 291 512 θυσίαν,
306 483 425 514 καὶτοὺς
442 484 584 518 προφήτας
599 484 847 519 παραδειγματίσαι
861 486 910 520 τῆς

119 527 265 563 αἰσχύνης,
279 527 310 554 τὸ
322 526 380 555 ἴσον
395 529 426 555 οὑ
440 529 601 564 δυνηθέντας
615 529 648 556 ἐκ
661 529 711 565 τῆς
721 529 908 566 προκλήσεως.

120 573 217 601 Κεῖται
230 575 259 601 ὲν
273 574 312 607 τῷ
326 574 347 609 β’
362 574 442 609 λόγῳ.

119 620 139 647 2
188 621 294 653 Ἄλλος
308 622 332 647 τ’
346 621 381 653 ἐξ
393 620 509 648 ὑδάτων
528 620 646 654 ἥρπασε
659 621 776 655 κόσμον
789 621 873 648 ὅλον.

156 666 209 693 Τὸν
224 666 287 692 Νῶέ
301 675 392 701 φησιν.
408 663 492 698 Οὗτος
505 667 559 702 γὰρ
573 668 605 693 ὲκ
620 667 727 694 πάντων
740 667 794 693 τῶν
809 666 910 702 θηρίων

119 711 168 738 καὶ
184 710 289 746 κτηνῶν
307 712 353 738 καὶ
366 711 488 746 ἑρπετῶν
514 712 728 744 συναποκλείσας
743 712 784 744 είς
807 713 856 748 τὴν
868 722 911 740 κι-

120 757 207 784 ϐωτὸν
224 757 328 793 ἐαυτῷ,
345 757 391 784 τοῦ
406 757 597 793 κατακλυσμοῦ
613 757 752 785 διέσωσεν.
768 759 865 786 Κεῖται
881 760 910 786 ἐν

118 804 160 839 τῷ
177 803 199 838 β’
212 804 294 838 λόγῳ·

118 850 137 877 5
151 849 205 877 Καὶ
217 849 332 876 νοῦσόν
340 857 385 882 τις
399 848 520 884 ἇρηξεν.

163 895 312 922 Ἐλισσαῖόν
336 903 403 930 φησι
420 895 466 922 τὸν
485 895 640 931 προφήτην.
656 894 728 931 Πρδς
752 894 833 922 αὐτὸν
855 893 910 931 γὰρ

118 942 252 977 Νεεμμὰν
277 942 292 968 ὁ
311 941 396 977 Σύρος
411 940 510 976 λεπρὸς
534 940 572 966 ὢν
588 941 771 976 παρεγένετο,
796 941 842 967 καὶ
867 941 911 967 διὰ

119 987 331 1022 προσήγματος
347 986 393 1013 τοῦ
408 987 548 1022 προφήτου
561 985 726 1022 λουσάμενος
742 987 770 1013 ὲν
787 987 826 1022 τῷ
845 987 911 1023 Ἰορ-

118 1033 186 1069 δάνῃ
199 1032 314 1068 ποταμῷ
331 1033 421 1068 ἀφῆκε
435 1033 485 1068 τὴν
497 1032 602 1068 λέπραν
611 1032 693 1059 αὐτοῦ
706 1032 892 1068 καθαρισθείς.

423 1080 474 1111 ’ος
487 1077 513 1104 δ’
528 1078 563 1104 ὲκ
577 1077 717 1112 πολέμων
726 1077 873 1106 ἐσάωσεν.

154 1123 291 1159 Δέγειτδν
303 1124 349 1151 τοῦ
364 1124 442 1159 Ναυῆ
467 1123 580 1158 Ἰησοῦν.
600 1119 685 1155 Οὗτος
704 1123 758 1159 γὰρ
774 1123 819 1150 τὸν
835 1123 911 1159 ἣλιον

118 1172 223 1207 στήσας
247 1171 294 1197 καὶ
316 1170 366 1205 τὴν
382 1169 497 1205 σελήνην
507 1189 514 1202 ,
529 1169 592 1201 τοὺς
616 1169 762 1204 πολεμίους
777 1169 886 1196 διώλεσε
900 1175 908 1183 ·

118 1217 167 1244 καὶ
180 1216 283 1251 Μωσῆς
301 1217 330 1242 ὲν
354 1215 394 1250 τῷ
410 1215 468 1250 δρει
486 1214 665 1250 σταυροειδῶς
683 1214 732 1246 τὰς
749 1216 842 1250 χεῖρας
864 1223 909 1240 τε-

116 1270 190 1289 tum:
200 1261 279 1296 μένος
292 1280 299 1292 ,
314 1260 360 1287 τὸν
377 1259 500 1296 Ἀμαλὴκ
512 1259 634 1296 ἔτρεψεν.

154 1306 239 1333 Πάλιν
254 1306 299 1332 τὸν
315 1305 416 1332 Γεδεὼν
436 1305 592 1332 αἰνίττεται.
608 1301 693 1337 Οὗτος
710 1305 764 1341 γὰρ
785 1305 831 1333 τὸν
849 1305 910 1332 Μα-

117 1348 185 1384 διὰμ
207 1348 274 1374 ὡσεὶ
299 1349 396 1375 ἑκατὸν
415 1348 517 1383 χιλιάσι
540 1349 646 1381 εἰκοσι,
663 1349 722 1384 ἃμα
743 1349 910 1385 τριακοσίοις

118 1395 248 1428 ἐπάταξε.
264 1395 316 1421 Σὺν
328 1395 403 1430 αὐτῷ
421 1395 476 1430 γὰρ
488 1395 677 1431 ἁθροισθέντος
693 1395 756 1422 λαοῦ
774 1396 842 1431 πρὸς
856 1403 910 1422 πα-

119 1440 233 1478 ράταξιν
246 1441 374 1476 Μαδιὰμ,
392 1441 558 1476 προσέταξεν
573 1441 647 1476 αὐτῷ
661 1441 675 1467 ὁ
692 1440 756 1472 Θεὸς
774 1441 821 1467 τὸν
847 1440 909 1467 λαὸν

118 1487 285 1521 καταγαγεῖν
298 1487 338 1518 εἰς
348 1487 379 1512 τὸ
392 1486 463 1522 ὕδωρ
474 1505 482 1518 ,
496 1487 543 1513 καὶ
557 1486 611 1513 τῶν
622 1486 778 1513 λαπτόντων
789 1488 823 1522 τῇ
839 1486 910 1522 χειρὶ

118 1533 200 1565 κυνὸς
213 1532 306 1568 τρόπῳ
320 1533 441 1567 ἐπισχεῖν
451 1541 459 1549 ·
474 1532 520 1559 τὸν
535 1533 564 1559 δὲ
577 1533 669 1560 λοιπὸν
693 1532 757 1560 λαὸν
777 1532 910 1568 ἀποστρέ-

117 1579 180 1613 ψαι.
197 1577 299 1604 Τούτου
314 1577 342 1604 δὲ
360 1578 524 1613 γενομένου,
549 1578 712 1614 τριακοσίων
739 1577 827 1613 μόνων
855 1577 910 1604 τῶν

118 1623 263 1659 λαψάντων
276 1623 451 1659 ὑπαρχόντων
462 1645 468 1656 ,
486 1622 620 1658 κατῆλθεν
641 1624 687 1650 ἐπὶ
704 1622 753 1658 τὴν
769 1622 910 1658 παρεμὸο-

119 1671 169 1707 λὴν
183 1670 279 1702 νυκτὸς
291 1671 320 1696 ὲν
333 1670 458 1705 λαμπάσι
472 1670 518 1697 καὶ
530 1669 686 1705 κερατίναις
696 1677 703 1684 ·
718 1669 764 1696 καὶ
787 1670 845 1700 ταῖς
859 1668 908 1703 μὲν

120 1716 277 1752 κερατίναις
291 1714 441 1742 ὲσάλπισαν
454 1715 483 1742 αἱ
496 1716 570 1751 τρεῖς
582 1714 624 1742 ἀν’
639 1713 737 1742 ἑκατὸν
751 1714 844 1749 ἀρχαὶ,
861 1713 909 1740 καὶ

644 148 689 176 ΑΙ)
705 149 857 177 CARMINA
879 151 907 177 S.
930 151 1094 180 GHEGORII
1115 151 1241 180 THEOL.

1698 153 1751 180 474

960 211 1009 243 τὰς
1028 211 1121 246 ὑδρίας
1145 212 1174 238 ἐν
1198 209 1242 244 αἶς
1270 211 1391 247 ὑπῆρχον
1414 211 1443 237 αἱ
1470 210 1631 246 λαμπάδες,
1650 210 1751 242 ταύτας

961 257 1125 290 ἐξετίναξαν,
1138 258 1186 285 καὶ¹
1201 257 1250 294 τὴν
1263 257 1440 293 παρεμϐολὴν
1456 257 1566 292 Μαδιὰμ
1582 255 1750 292 μετέστησεω

960 305 1158 339 ἐκταράξαντες
1170 313 1177 320 ·
1192 304 1239 331 καὶ
1254 304 1391 338 μάχαιραν
1408 303 1504 338 ἀνδρὸς
1517 304 1563 330 ἐπὶ
1577 303 1622 330 τὸν
1637 303 1751 338 πλησίον

960 350 1042 377 αὑτοῦ
1055 350 1154 385 Κύριος
1164 350 1258 381 ἔδωκε,
1271 350 1317 376 καὶ
1332 349 1454 375 ἀπώλετο
1465 350 1539 376 πᾶσα
1547 350 1564 384 ὴ
1577 348 1749 385 παρεμϐολή·

960 396 1008 422 καὶ
1021 396 1084 427 τοὺς
1099 395 1217 430 βασιλεῖς
1230 393 1319 421 αὐτῶν
1333 394 1379 420 τὸν
1392 394 1472 420 Ζεὸεὲ
1482 395 1527 420 καὶ
1548 394 1687 429 Σαλμανᾶ,
1701 393 1749 420 καὶ

959 441 1023 472 τοὺς
1038 440 1170 476 ἄρχοντας
1190 439 1280 466 αὐτῶν
1298 440 1344 467 τὸν
1365 440 1446 475 Ὠρὴϐ
1465 440 1512 466 καὶ
1524 439 1569 466 τὸν
1582 439 1637 474 Ζὴϐ
1652 439 1750 466 συλλα-

961 487 1073 521 6όμενος
1085 507 1092 518 ,
1111 487 1140 512 ὲν
1156 485 1268 520 στόματι
1284 485 1377 520 ξίφους
1390 485 1505 512 ἀνεῖλεν.

996 532 1050 558 Καὶ
1064 531 1157 566 Βαρὰκ
1173 531 1220 557 καὶ
1239 531 1370 566 Δεϐώρρα
1389 530 1458 566 γυνὴ
1473 531 1517 557 τὸν
1531 530 1594 557 λαὸν
1610 529 1748 565 κακούμε-

960 585 1005 602 νον
1021 576 1072 602 ὑπὸ
1083 575 1193 611 Μαδιὰμ
1209 575 1349 607 ἐξείλοντο.
1363 575 1410 601 καὶ¹
1429 575 1533 610 Σισάρα
1549 575 1667 610 πόλεμον
1685 583 1749 600 συν-

960 622 1077 658 άψαντες
1088 642 1096 654 ,
1122 622 1168 649 καὶ
1187 621 1281 648 τοῦτον
1297 621 1515 656 τροπωσάμενοι.
1531 621 1584 648 Τὸν
1603 620 1632 647 δὲ
1646 620 1748 655 Σισάρα

960 669 1069 703 γυναικὶ
1086 667 1291 703 προσφυγόντα,
1311 667 1360 693 καὶ
1383 666 1446 702 δίψῃ
1471 666 1746 701 φλεγόμενον,¹1α6ὴλ

959 714 988 741 δὲ
1002 714 1086 749 δνομα
1098 715 1131 749 τῇ
1145 713 1264 748 γυναικὶ,
1278 713 1330 739 ὑπὸ
1341 712 1391 748 τὴν
1408 712 1510 748 σκηνὴν
1519 711 1662 747 δεξαμένη,
1677 711 1748 745 γάλα

960 760 1094 787 ποτίσασα
1108 780 1115 792 ,
1141 759 1307 794 καθευδῆσαι
1324 758 1419 785 τοῦτον
1442 757 1489 784 καὶ
1514 756 1748 785 διαναπαύσασθαι

961 806 1067 833 πείθει·
1087 806 1196 841 καὶτῆς
1214 806 1246 831 ὲκ
1260 804 1306 831 τοῦ
1337 803 1421 830 ὖπνου
1434 803 1571 838 λαϐομένη
1598 802 1748 838 εὐκαιρίας,

963 851 1080 887 ἰσχυρῶς
1103 850 1317 881 ἐπισκελῐσασα,
1341 849 1387 875 τὸν
1411 848 1549 875 πάσσαλον
1573 849 1622 883 τῆς
1647 847 1750 882 σκηνῆς

960 894 1047 930 ἤγαγε
1063 895 1134 922 κατὰ
1145 894 1192 924 τοῦ
1208 894 1308 928 γνάθου
1321 894 1424 929 Σισάρα
1434 912 1441 923 .
1465 894 1512 920 καὶ
1532 893 1691 929 προσήλωσε
1714 893 1747 928 τῇ

960 941 995 976 γῇ
1009 940 1124 976 οἰκτρῶς
1136 939 1322 976 ὑποτρύξοντα
1334 939 1382 965 καὶ
1392 940 1448 970 τοῖς
1462 938 1563 974 ταύτης
1578 940 1674 974 μηροῖς
1686 939 1750 965 ὑπο-

961 986 1133 1022 σκαρίζοντα.

992 1032 1047 1060 Καὶ
1063 1031 1181 1067 Σαμψὼν
1198 1030 1359 1066 Ναζωραῖος
1382 1029 1449 1057 Θεοῦ
1460 1050 1467 1061 ,
1486 1030 1580 1056 λέοντα
1605 1027 1748 1056 διέσπασεν

959 1077 1025 1104 ὡσεὶ
1037 1077 1140 1113 ἔριφον,
1152 1077 1199 1104 καὶ
1211 1076 1312 1111 χιλίους
1327 1076 1431 1102 ἀνεῖλεν
1445 1075 1544 1110 ἄνδρας
1555 1074 1616 1100 δνου
1632 1074 1747 1108 σιαγόνι,

960 1122 1024 1159 παρ’
1046 1120 1080 1158 ἧς
1097 1123 1143 1149 καὶ
1173 1122 1282 1157 διψῶντι
1304 1121 1408 1157 ψυχρὸν
1423 1121 1495 1157 ὕδωρ
1518 1119 1656 1155 αὐτῷκαὶ
1677 1119 1748 1154 μάλα

959 1169 1044 1203 γλυκὺ
1069 1168 1195 1203 ἀνεδόθη·
1213 1168 1261 1194 καὶ
1277 1167 1363 1198 πύλας
1379 1167 1482 1198 πόλεως
1498 1166 1570 1202 ἰσχύϊ
1583 1166 1680 1201 χειρῶν
1696 1167 1747 1192 απ-

959 1213 1077 1247 έσπασε,
1090 1213 1137 1240 καὶ
1154 1213 1245 1248 φέρων
1258 1214 1296 1244 εἰς
1311 1213 1374 1248 ὅρος
1393 1212 1536 1247 ἀνέτρεχεν
1552 1211 1651 1246 ὑψηλὸν
1667 1219 1750 1237 varro-

959 1259 1039 1294 φόρος
1049 1267 1056 1274 ·
1071 1258 1118 1285 καὶ
1129 1258 1217 1293 χιλίας
1231 1259 1290 1289 ταῖς
1306 1258 1415 1292 κέρκοις
1426 1256 1569 1288 ἀλώπεκας
1583 1256 1748 1292 προσδήσας,

958 1303 1103 1339 λαμπάδας
1120 1303 1191 1339 ἀμφὶ
1208 1303 1257 1335 τὰς
1281 1303 1396 1338 κέρκους
1417 1303 1541 1336 ὑφάψας,
1567 1302 1621 1329 τῶν
1636 1302 1750 1337 ἀλλοφύ-

958 1349 1012 1376 λων
1026 1349 1175 1385 ἐνέπρησεν
1193 1348 1314 1384 ἁμητούς
1327 1357 1334 1364 ·
1350 1349 1396 1375 καὶ
1416 1348 1564 1381 πασσάλοις
1591 1348 1660 1375 ἑπτὰ
1685 1349 1749 1381 τοὺς

960 1395 1124 1431 βοστρύχους
1140 1397 1242 1427 καινοῖς
1265 1395 1368 1421 κάλωσι
1387 1395 1609 1429 συνυφασμένους
1620 1414 1628 1426 ,
1645 1394 1682 1426 ὡς
1702 1395 1749 1420 οὑ-

958 1441 1032 1473 δενὸς
1048 1441 1124 1472 ὄντος
1140 1440 1265 1473 ἐξείλετο,
1284 1441 1330 1467 καὶ
1349 1440 1465 1475 δεσμοὺς
1481 1439 1580 1476 χειρῶν
1597 1439 1644 1466 καὶ
1662 1438 1749 1466 ποδῶν

956 1487 1083 1523 διέρρηξε
1109 1486 1262 1523 κραταιῶς,
1278 1486 1361 1521 εὐχῆς
1380 1486 1459 1522 χάριν
1475 1486 1675 1522 ἀκερσεκόμης.
1694 1485 1751 1512 Να-

958 1531 1072 1567 ζωραῖος
1085 1531 1140 1567 γὰρ
1154 1529 1199 1567 ἦν.
1221 1531 1290 1558 Ἀλλ’
1308 1531 1352 1557 ὅτε
1371 1531 1498 1565 γυναικὸς
1513 1530 1638 1566 ἡττηθεὶς
1651 1530 1750 1566 ἐξεφή-

957 1586 1022 1604 νατο
1040 1578 1195 1614 ἀπόρρητον
1205 1597 1213 1610 ,
1234 1577 1336 1608 ἁλωτδς
1349 1575 1393 1612 ἦν,
1409 1577 1458 1612 τῆς
1472 1577 1562 1611 κόμης
1587 1575 1751 1612 ἀποκαρθεί-

958 1631 1008 1658 σης
1025 1622 1100 1658 αὐτῷ
1109 1632 1115 1638 ·
1129 1622 1174 1649 καί
1187 1630 1219 1656 γε
1235 1621 1290 1648 τῶν
1303 1621 1440 1656 πολεμίων
1454 1620 1616 1657 ὑπορυχθεὶς
1626 1621 1748 1656 ὄμματα,

958 1668 1068 1704 δέσμιος
1088 1669 1117 1694 ὲν
1136 1668 1203 1703 οῐκῳ
1222 1667 1376 1703 καθήμενος
1391 1667 1514 1702 φυλακῆς
1527 1686 1533 1698 ,
1549 1669 1645 1703 πυροῖς
1663 1666 1752 1703 ροιξηο

959 1713 1003 1741 δδν
1019 1713 1187 1749 ταχυδρόμον
1211 1712 1296 1746 μῦλον
1321 1712 1445 1748 ὲφείλκεν
1471 1713 1629 1748 ἀείστροφον
1641 1720 1648 1727 ⁸
1665 1710 1751 1748 μικρὰ

632 1824 744 1853 Carmen
761 1825 821 1852 LX.
841 1824 874 1853 In
887 1825 1026 1852 lulianum
1044 1832 1248 1862 extequalorem.

161 1869 228 1896 Elia:
247 1870 384 1898 Theshilaa
401 1870 504 1897 mentio
520 1869 559 1897 ﬁt.
579 1869 629 1898 Hic
651 1875 795 1906 postquam
813 1871 896 1898 Deum
917 1871 1069 1904 adorasset,
1087 1873 1187 1900 caelum
1203 1880 1250 1906 per
1266 1877 1321 1901 tres
1341 1882 1439 1905 annos.
1456 1881 1564 1901 menses
1579 1882 1625 1900 sex
1644 1874 1751 1905 clausit.

115 1909 209 1939 'alque
222 1906 319 1932 iterum
344 1906 488 1944 precando
503 1905 618 1944 imbrem
635 1905 826 1944 deduxitgpost
845 1907 963 1934 hostiam
986 1908 1153 1935 immolatam
1177 1905 1209 1935 et?
1223 1908 1380 1938 sacerdotes
1403 1910 1436 1936 ad
1455 1910 1586 1943 pudorem
1608 1909 1753 1944 adductos,

124 1948 244 1975 quorum
259 1948 354 1975 preces
370 1941 438 1968 nihil
454 1940 506 1968 tale
522 1941 672 1974 producere
691 1940 825 1968 valebant.

159 1986 265 2025 Deliae
282 1996 371 2016 sermo
382 1992 433 2015 est.
448 1987 498 2015 ilic
512 1995 575 2025 cum
590 1996 625 2025 ea
636 1988 764 2025 omnibus
779 1987 883 2021 bestiis,
894 1987 1026 2024 jumentis
1039 1992 1067 2016 et
1084 1988 1225 2024 rcptilibus
1243 1989 1320 2025 paria
1337 1990 1443 2025 singula
1458 1991 1484 2018 in
1507 1998 1570 2017 arca
1585 1989 1750 2023 inclusisset,

123 2021 219 2050 diluvii
240 2028 359 2057 tempore
373 2031 404 2050 ea
420 2023 538 2050 servavit
555 2023 711 2050 incolumia.

160 2068 275 2107 Elisreus
294 2070 439 2107 propheta.
466 2069 505 2107 Ad
524 2077 591 2107 eum_
604 2067 725 2096 Naaman
751 2069 835 2105 Syrus
856 2069 931 2104 lepra
951 2073 1087 2105 agrotans
1109 2070 1199 2104 venit,
1220 2071 1333 2106 ejusque
1350 2071 1429 2107 jusso
1447 2071 1586 2103 ohediens,
1606 2076 1751 2106 postquam

124 2111 228 2138 corpus
246 2105 273 2131 in
290 2103 408 2131 Jordaue
423 2105 542 2136 lavisset,
554 2112 569 2131 a
585 2104 659 2139 lepra
676 2103 807 2139 purgatus
820 2110 871 2132 est.

160 2152 255 2186 Iosue,
272 2152 344 2180 lilius
365 2152 448 2185 Nave,
468 2152 525 2180 sole
545 2157 572 2179 et
587 2152 650 2180 luna
664 2157 736 2180 stare
748 2152 844 2187 jussis,
859 2152 953 2180 hostes
965 2153 1074 2185 cecidit,
1090 2153 1162 2181 sicut
1180 2158 1207 2181 et
1229 2153 1328 2186 Moses,
1350 2153 1478 2182 manibus
1499 2153 1588 2181 crucis
1608 2153 1643 2180 ad
1664 2153 1752 2182 instar

121 2189 258 2220 extensis,
277 2196 366 2223 regem
383 2188 494 2215 Amalec
509 2187 622 2222 fugavit.

160 2233 297 2261 Gedeonis
313 2234 476 2261 mentionem
493 2233 557 2260 facit
575 2232 621 2267 qui
639 2241 701 2260 cum
719 2234 847 2261 trecentis
864 2233 930 2261 viris
946 2233 1116 2265 Madianitas.
1131 2239 1240 2261 centum
1256 2234 1352 2269 viginti
1373 2235 1456 2262 millia
1473 2242 1599 2266 numero,
1616 2235 1748 2269 pervicit:

123 2276 241 2303 cumque
256 2277 365 2296 omnem
384 2269 512 2304 populum
530 2269 590 2295 belli
608 2275 690 2294 causa
711 2273 805 2295 contra
821 2268 928 2296 Madian
956 2269 1065 2303 gerendi
1080 2270 1113 2296 ad
1131 2277 1161 2296 se
1181 2268 1370 2302 convocasset,
1387 2271 1513 2304 praecepit
1529 2271 1553 2296 ei
1572 2268 1706 2297 Dominus
1719 2276 1750 2297 ιιι

122 2311 221 2331 omnes
235 2304 268 2330 ad
282 2304 381 2331 flumen
396 2304 517 2336 duceret,
533 2308 561 2330 et
576 2310 624 2330 eos
643 2311 765 2330 seorsum
783 2309 921 2338 separaret
935 2305 981 2339 qui
997 2304 1161 2331 lambuerint
1173 2312 1260 2339 aquas
1273 2306 1343 2332 sicut
1354 2307 1444 2332 solent
1458 2313 1539 2332 canes
1554 2305 1681 2335 lambere.
1696 2313 1748 2332 cae-

123 2343 208 2365 teraln
229 2344 320 2365 autem
335 2339 535 2374 multitudinem
551 2339 765 2374 retrormitteret.
780 2339 846 2365 Cum
864 2340 992 2366 trecentis
1008 2340 1098 2374 igitur,
1116 2340 1242 2374 totienim
1259 2340 1430 2366 lamhuerant
1446 2347 1556 2373 aquam,
1572 2348 1602 2367 ea
1621 2345 1701 2367 nocte
1712 2341 1746 2368 ad

121 2378 214 2400 castra
227 2374 378 2406 descendit,
393 2378 420 2400 et
433 2374 508 2401 dedit
526 2373 664 2407 lampades
680 2373 706 2399 in
724 2374 849 2401 manibus
862 2382 958 2402 eorum
972 2379 998 2401 et
1018 2377 1140 2406 lageuas.
1157 2373 1190 2400 Et
1206 2382 1267 2401 cum
1285 2375 1408 2402 buccinis
1425 2375 1591 2402 clanxissent
1606 2379 1660 2402 tres
1681 2382 1747 2402 cen-

124 2409 248 2436 turiones
262 2409 500 2444 hydriasqueicum
516 2408 687 2442 lampadibus
709 2409 868 2442 agitassent,
883 2414 971 2436 castra
989 2408 1094 2436 Madian
1108 2409 1222 2436 confusa
1238 2414 1302 2436 sunt
1315 2418 1370 2444 pra:
1386 2410 1483 2436 timore
1505 2418 1511 2435 :
1530 2409 1612 2436 unius
1631 2410 1658 2436 in
1678 2410 1748 2436 alte-

123 2452 185 2470 rum
199 2443 316 2478 gladium
332 2444 411 2470 vertit
427 2443 566 2480 Dominus,
583 2447 694 2480 totaque
709 2449 798 2480 castra
815 2444 962 2478 perierunt.
977 2443 1084 2480 Gedeon
1100 2449 1191 2471 autem
1209 2452 1271 2471 cum
1286 2443 1363 2480 reges
1378 2452 1472 2472 eorum
1495 2444 1582 2472 Zehce
1595 2449 1622 2472 et
1640 2445 1747 2472 Salma-

123 2486 158 2505 ιη
170 2480 286 2513 cepisset
302 2486 354 2505 una
372 2486 434 2505 cum
448 2478 564 2506 ducibus
579 2477 650 2504 Oreb
667 2483 694 2505 et
709 2477 773 2512 Zeb,
790 2477 822 2506 in,
833 2487 880 2506 ore
895 2479 975 2514 gladii
996 2479 1140 2506 interfecit.

161 2524 246 2550 Barac
259 2529 285 2550 et
303 2523 408 2560 Dehora
429 2525 525 2551 mulier
537 2528 666 2560 populum
684 2532 810 2553 vexatum
832 2533 847 2552 c
868 2525 994 2551 manibus
1009 2524 1115 2552 Madian
1132 2525 1300 2560 eripuerunt,
1314 2530 1457 2559 postquam
1473 2525 1548 2552 illato
1561 2525 1660 2554 Sisara;
1675 2527 1746 2554 bello

123 2559 198 2586 hunc
213 2567 302 2593 regem
323 2559 473 2594 fugassent.
487 2559 554 2587 Cum
570 2559 652 2595 igitur
669 2560 759 2588 Sisara
780 2561 813 2587 ad
828 2560 970 2587 mulierem
991 2559 1179 2594 confugisseu
1191 2561 1291 2595 sitique
1315 2561 1460 2592 laboraret,
1477 2562 1581 2593 mulier,
1605 2562 1648 2589 cui
1669 2561 1746 2591 ἔπει

123 2603 236 2626 nomen,
250 2603 312 2621 eum
328 2595 486 2623 introduxit.
501 2600 528 2622 et
543 2603 604 2622 cum
620 2596 662 2623 lac
678 2596 825 2630 potandum
842 2595 963 2622 dedisset
983 2595 1017 2621 ad
1033 2603 1159 2622 somnum
1175 2596 1336 2629 capiundum
1350 2596 1458 2622 hortata
1471 2601 1521 2623 est.
1538 2595 1607 2623 Tum
1624 2604 1746 2625 momen-

123 2633 152 2656 to
181 2630 312 2663 temporis
336 2635 491 2664 opportuno
513 2630 590 2658 clavo
614 2631 722 2658 tentorii
747 2630 907 2658 dormientis
928 2635 1034 2664 tempus
1056 2630 1130 2656 humi
1155 2631 1340 2665 transadegit,
1363 2631 1461 2658 misere
1481 2632 1613 2665 gementis
1634 2637 1662 2660 et
1684 2633 1747 2660 sul»

123 2666 260 2692 sultautis.

161 2711 277 2738 Samson
293 2711 438 2739 Nazaraaus
455 2711 514 2744 Dei,
529 2713 634 2740 leonem
650 2714 721 2741 sicut
739 2713 843 2741 haedum
861 2713 1012 2744 dilaniavit,
1027 2717 1190 2746 sumptaque
1204 2712 1274 2739 asini
1290 2712 1399 2739 maxilla
1416 2713 1490 2741 mille
1506 2713 1579 2741 viros
1599 2713 1745 2746 interfecit,

122 2754 155 2784 ex
171 2754 224 2781 (ιιιο
240 2747 339 2784 dehinc
353 2747 454 2774 sitienti
466 2756 536 2782 aqua
556 2748 716 2784 dulcissima
728 2749 827 2783 erupit.
842 2747 924 2776 Urbis
936 2755 1046 2784 quoque
1060 2752 1152 2784 portas
1164 2747 1281 2784 brachiis
1296 2748 1397 2775 avulsit
1408 2749 1587 2784 humerisque
1600 2749 1744 2783 impositas

123 2782 150 2810 in
169 2782 270 2809 montis
285 2790 416 2810 cacumen
430 2787 557 2818 portav.t.
581 2783 652 2812 Mille
673 2784 743 2812 idem
759 2782 852 2818 vulpes
869 2783 964 2812 caudis
987 2782 1112 2819 alligatas
1129 2782 1300 2818 lampadibus
1316 2791 1420 2812 messes
1445 2782 1659 2820 alienigenarum
1682 2791 1746 2813 suo--

158 2873 200 2909 (Ι)
215 2872 263 2900 Ed.
279 2881 342 2902 nov.
361 2881 387 2909 p.
407 2873 482 2902 1017.
