1936 3042
237 146 290 176 555

529 183 638 212 ΛΟΓΟΣ
651 183 722 211 ΡΙΘ¹.

495 241 566 275 Περὶ
591 240 700 275 ἀρετῆς
714 240 766 276 (1)-

231 310 285 338 206
345 309 394 341 Ἐξ
406 305 450 336 ὧν
465 307 553 335 στοαί
573 314 606 332 τε
625 304 793 339 προσώπων
814 303 933 341 ὀφρύες,

230 346 283 373 207
347 339 494 378 Ἄκαδμιαι
515 341 619 378 τεᾲκαί
639 340 749 378 uxoria!
771 339 960 378 ῌυῤῥωνίων,

230 380 284 408 208
337 374 449 413 Σκέψιὶ-
470 376 581 412 ἐφεξῆς
603 374 747 410 τεχνιτῶν
770 375 936 409 Inﬁrmata.

266 446 436 482 Ξενοκράτης
462 445 511 472 καὶ
532 443 722 479 Ἀριστοτέλης
735 441 878 474 Πλάτωνος
893 441 1022 476 γεγόνασι

234 493 364 529 μαθηταὶ,
378 492 478 523 οἵτινες
491 489 575 517 αὐτοῦ
588 490 635 516 καὶ
647 489 696 524 τὴν
711 487 852 524 διατριϐὴν
863 486 1021 518 διεδέξαντο·

232 540 279 566 καὶ
294 540 309 565 ὁ
329 538 379 574 μὲν
390 536 562 572 Ξενοκράτης
576 535 689 570 ἐποίησε
712 534 762 570 τὴν
779 533 892 568 Στοῑκὴν
905 531 1022 568 αἵρεσιν,

239 584 430 621 Ἀριστοτέλης
452 583 481 610 δὲ
495 582 546 617 τὴν
575 579 796 616 περιπατητικὴν
823 579 939 614 αἵρεσιν.
962 578 1023 604 Εἰσὶ

233 629 261 658 δὲ
279 631 328 666 τῆς
349 629 508 665 φιλοσοφίας
525 628 550 654 οἱ
566 627 687 664 ὀρισμοὶ,
703 624 771 659 οἷον,
787 625 817 658 ἐξ
832 624 1022 659 ὑποκειμένου,

234 677 266 703 ὲκ
276 675 379 707 τέλους¹
395 674 425 706 ἐξ
441 673 590 709 ὑπεροχῆς,
605 672 636 705 ἐξ
644 671 832 707 ἐτυμολογίας.
842 671 889 697 καὶ
899 670 934 697 τὰ
949 669 1021 704 ἑξῆς·

234 720 312 754 αὖθίς
326 730 356 747 τε
375 722 398 748 οἱ
411 720 555 756 φερόμενοι
568 718 740 755 εὑρέταιτῶν
751 717 872 754 ὁρισμῶν
881 717 932 752 τῆς
951 716 1024 752 φιλο-

235 768 341 803 σοφίας,
357 767 404 794 καὶ
427 766 465 799 ὡς
481 767 521 797 είς
540 764 706 800 θεωρητικὸν
727 763 775 791 καὶ
790 763 942 799 πρακτικὸν
956 763 1024 790 διαι-

236 815 335 850 ρεῖται,
352 813 400 840 καὶ
416 812 446 839 τὺ
468 812 517 848 μὲν
541 811 579 842 ὠς
595 811 634 842 εἰς
657 809 846 844 φυσιολογικὸν
870 809 917 835 καὶ
934 808 1022 844 μαθη-

237 859 351 896 ματικὸν
363 859 410 885 καὶ
420 856 586 893 θεωρητικόν
594 865 604 872 ·
618 856 649 882 τὺ
658 856 687 882 δὲ
699 856 739 887 είς
754 854 853 890 ἠθικὸν
861 855 908 882 καὶ
921 855 1024 881 πολιτι-

235 905 284 932 κὺν
299 905 344 932 καὶ
359 903 529 939 οἰκονομικόν
539 910 546 917 ⁸
563 901 610 929 καλ⁸
625 901 657 928 τδ
670 901 720 937 μὲν
734 901 836 928 τούτων
853 902 893 933 είς
909 900 1025 936 ἀριθμη-

235 952 316 987 τικὴν
328 951 375 978 καὶ
397 949 530 985 μουσικὴν
546 948 594 975 καὶ
617 947 808 983 γεωμετρικὴν
827 947 874 974 καὶ
895 947 1024 983 ἀστρονο-

237 999 313 1034 μίαν,
335 995 392 1024 οἵον
414 996 445 1023 τὺ
461 995 653 1032 μαθηματικόν
665 1003 672 1010 ·
687 994 718 1021 τὺ
742 994 770 1021 δὲ
788 993 1025 1033 είςννομοθετικὺν

237 1046 284 1072 καὶ
296 1042 462 1075 δικαστικὸν,
473 1039 529 1068 οἷον
547 1041 578 1068 τδ
597 1041 746 1072 πολιτικὸν,
764 1040 812 1068 καὶ
835 1041 884 1067 ὅσα
907 1039 1025 1075 καθεξῆς

237 1091 351 1122 ἑαυτοὺς
368 1088 545 1120 συνιστῶντες
565 1088 759 1124 ὲπεισήγαγον.
771 1088 804 1114 Δί
828 1087 857 1114 δὲ
873 1087 1026 1123 ἀκαδημίαι

237 1137 286 1164 κα)⁸
306 1134 458 1171 Πυρῥὼνιοι
473 1134 588 1165 πλοκαὶ,
605 1134 674 1160 εἰσιν
690 1131 770 1160 αὗται
781 1141 788 1148 ο
800 1133 933 1167 Λέγονταί
953 1141 1026 1165 τινες

237 1181 391 1218 Πυρρώνιοι
419 1179 608 1211 ὕποτυπὼσεις
634 1179 701 1212 περὶ
725 1178 776 1214 τῆς
803 1179 944 1214 σκέψεως,
971 1176 1027 1205 οἷον

239 1227 304 1264 περὶ
325 1226 381 1254 τῶν
395 1226 482 1261 λόγων
501 1225 551 1261 τῆς
569 1224 690 1259 σκέψεως
705 1224 859 1260 ὀνομασιῶν
878 1225 964 1260 αὐτῆς
981 1226 1028 1252 καὶ

239 1273 349 1302 ἐννοιῶν
363 1273 410 1300 καὶ
421 1272 513 1309 ἀρχῶν
526 1271 622 1306 αὐτῆς.
636 1272 660 1297 εἰ
670 1270 827 1306 δογματίζει
838 1272 852 1298 ο
868 1271 1026 1304 ἐπίσκοπος,

240 1321 266 1348 εἰ
293 1320 399 1356 αἵρεσιν
421 1319 488 1354 ἔχει,
502 1318 525 1344 εἰ
536 1317 704 1352 φυσιολογεῖ,
719 1317 744 1343 εί
756 1318 865 1353 ἀναιρεῖ
879 1317 914 1344 τὰ
933 1319 1028 1352 φαινό-

243 1375 322 1403 μενα,
333 1366 359 1392 τί
375 1366 405 1392 τὸ
419 1365 559 1400 κριτήριον
571 1364 620 1399 τῆς
635 1363 767 1398 σκέψεως,
780 1363 807 1390 τί
818 1363 848 1390 τὸ
862 1363 1028 1396 τέλος,τίνες

241 1412 267 1438 οί
283 1410 436 1446 ὸλοσχερείς
454 1409 550 1444 τρόποι
564 1408 614 1444 τῆς
633 1408 745 1443 ἐποχῆς.
757 1407 828 1440 τίνες
845 1408 870 1435 οι
883 1407 949 1435 δέκα
966 1409 1028 1444 τρό-

242 1466 288 1484 ποι
304 1456 351 1483 καὶ
371 1455 443 1486 τίνες
458 1455 482 1481 οἱ
510 1453 590 1481 πέντε
601 1473 609 1486 ,
625 1453 698 1485 τινες
717 1454 745 1480 αἱ
763 1454 908 1481 σκεπτικαὶ
930 1455 1027 1489 φωναὶ,

243 1502 286 1535 τίς
300 1502 317 1538 ὴ
340 1501 426 1533 οὐδὲν,
439 1501 481 1532 τίς
495 1500 512 1536 ἡ
529 1499 639 1536 μᾶλλον,
654 1499 696 1531 τίς
708 1499 726 1535 ἡ
743 1499 872 1534 ἀσάφεια,
887 1499 914 1526 τί
933 1500 963 1527 τὸ
987 1499 1031 1533 ἐξ·

243 1555 327 1578 εστιν,
343 1545 432 1573 καὶτὸ
447 1545 533 1580 τάχα,
551 1545 598 1572 καὶ
619 1544 651 1570 τὸ
664 1544 770 1579 ἐπέχω,
785 1545 832 1572 καὶ
847 1545 923 1572 οὐδὲν
937 1545 1029 1581 ὁρίζω,

242 1593 269 1620 τί
279 1593 309 1620 τὸ
322 1592 411 1620 πάντα
426 1583 631 1626 ἀκαταλήπτως,
647 1590 688 1617 ὅτι
704 1590 786 1616 παντὶ
796 1589 867 1625 λόγῳ
881 1590 959 1625 λόγος
975 1590 1031 1622 ῐσος

243 1637 454 1670 ἀντίκειται,τίς
469 1638 486 1672 ὴ
501 1635 684 1672 ἐπισκεπτικὴ
704 1633 764 1666 ὁδὸς
791 1634 838 1660 ἐπὶ
865 1633 914 1669 τὴν
944 1636 1030 1671 Ἦρα-

245 1686 350 1714 κλείτου
365 1683 533 1723 φιλοσοφίαν,
547 1684 573 1710 εί
585 1681 708 1719 διαφέρει
722 1687 749 1706 τι
764 1679 780 1715 ῂ
796 1679 965 1715 Δημοκρίτου
979 1681 1029 1717 τῆς

780 126 919 156 COSMA'S
940 119 1296 153 HIEROSOLYMITANUS

1813 116 1864 145 556

1075 178 1208 213 σκέψεως,
1223 179 1247 204 εί
1270 177 1394 212 διαφέρει
1410 184 1437 203 τι
1462 176 1518 203 τῶν
1540 174 1704 211 ἀκαδημιῶν
1725 175 1742 210 ἡ
1757 175 1864 210 σκέψις,

1073 225 1098 251 εἰ
1113 225 1130 259 ἡ
1145 223 1217 250 κατὰ
1234 223 1359 258 ἰατρικὴν
1373 222 1514 257 ἐμπειρία,
1537 222 1554 256 ἡ
1569 221 1638 255 αὐτή
1660 221 1735 247 ἐστιν
1748 222 1782 255 τῇ
1803 221 1853 246 ut

1072 271 1129 306 ψει,
1146 270 1227 297 πόθεν
1243 270 1360 305 ἀρκτέον
1376 269 1427 303 τῆς
1448 268 1516 303 πρὸς
1532 268 1596 299 τοὺς
1613 268 1798 302 δογματικοὺς
1819 267 1867 300 ζη-

1073 317 1191 352 τήσεως,
1202 315 1229 342 τί
1242 315 1273 342 τὸ
1291 314 1433 351 κριτήριον
1443 334 1450 345 ,
1465 314 1489 340 εί
1502 314 1560 339 ἔστι
1569 311 1712 348 κριτήριον
1721 310 1863 346 ἀληθείας,

1075 360 1143 388 τιτδ
1157 361 1202 395 ὑφ’
1213 357 1254 394 οὗ,
1267 359 1295 386 τί
1309 360 1340 386 τὸ
1364 359 1398 386 δι*
1418 356 1458 390 οὗ,
1473 358 1499 385 τί
1515 358 1545 384 τὸ
1562 357 1629 384 καθὸ
1640 377 1648 389 ,
1666 356 1732 392 περὶ
1748 353 1867 389 ἀληθοῦς

1074 407 1122 434 καὶ
1147 406 1286 442 ἀληθείας,
1307 406 1332 432 sl
1352 414 1378 432 τι
1403 404 1501 439 ἀληθὲς
1513 404 1559 436 ,τί
1578 403 1610 429 τὺ
1625 403 1750 437 σημεῖον,
1767 401 1785 437 ἢ
1801 401 1830 427 εῐ
1843 409 1868 426 τι

1075 454 1189 488 σημεῖον
1217 453 1391 485 ἐνδεικτικὸν,
1407 451 1448 484 τίς
1460 452 1477 487 ἡ
1499 449 1634 482 ἀπόδειξις
1644 469 1652 481 ,
1667 449 1741 481 τίνες
1757 449 1786 475 αἱ
1801 448 1868 484 δρα-

1074 499 1166 526 στικαί⁵
1188 499 1282 534 ἀρχαὶ,
1295 499 1322 524 τί
1334 498 1410 530 Θεὸς,
1432 497 1459 524 τι
1478 496 1508 524 τὸ
1521 496 1624 528 αἴτιον,
1637 495 1685 522 καὶ
1704 496 1722 530 ἡ
1742 495 1810 531 περὶ
1824 494 1869 521 τὸν

1075 543 1132 578 βίον
1145 544 1237 578 τέχνη,
1253 543 1326 575 τινες
1340 544 1368 570 αἱ
1391 542 1483 569 ὑλικαὶ
1502 541 1594 577 ἀρχαὶ,
1610 542 1635 568 εἰ
1652 540 1820 576 καταληπτά
1836 540 1868 566 τὰ

1074 589 1198 625 σώματα,
1208 589 1249 621 τίς
1266 591 1283 625 ἡ
1299 590 1407 624 κράσις,
1421 589 1462 620 τίς
1474 589 1491 623 ἡ
1507 588 1623 623 κίνησις,
1639 587 1706 623 περὶ
1719 587 1769 621 τῆς
1783 595 1867 622 μετα-

1077 636 1209 671 ϐλητικῆς
1229 635 1378 670 κινήσεως,
1394 634 1458 670 περὶ
1484 633 1623 668 αὐξήσεως
1645 633 1692 659 καὶ
1712 631 1866 667 μειιὶισεως,

1074 682 1138 717 περὶ
1150 681 1322 716 ἀφαιρέσεως
1342 681 1390 707 καὶ
1412 680 1580 716 προθέσεως,
1594 679 1658 714 περὶ
1681 677 1866 714 μεταθέσεως,

1074 727 1138 762 περὶ
1149 726 1210 752 ὅλου
1228 725 1277 752 καὶ
1290 725 1402 761 μέρους,
1417 725 1481 760 περὶ
1494 724 1612 759 φυσικῆς
1622 722 1788 758 μεταϐολῆς,
1802 723 1867 758 πρὶ

1074 771 1208 806 γενέσεως
1224 771 1272 798 καὶ
1288 771 1402 806 φθορᾶς,
1422 770 1486 806 περὶ
1512 769 1595 796 τόπου
1606 788 1615 801 ,
1629 769 1693 804 περὶ
1716 769 1827 804 χρόνον,
1843 768 1868 794 τί

1075 818 1106 845 τὸ
1119 818 1214 853 ἠθικὸν
1238 818 1336 853 μέρος,
1355 817 1379 844 εἰ
1396 816 1469 843 ἔστιν
1484 825 1510 843 τι
1535 816 1613 843 τοῦτο
1632 815 1731 850 φύσει,
1747 816 1772 842 εί
1793 816 1867 842 ἔστιν

1073 873 1115 896 τις
1127 864 1191 900 περὶ¹
1203 863 1248 891 τὸν
1264 863 1320 899 βίον
1336 863 1429 899 τέχνη,
1444 864 1467 889 εί
1483 862 1584 898 ὠφελεῖ
1594 862 1640 889 τὸν
1659 861 1755 897 ἔχοντα
1770 862 1865 896 αὐτὴν,

1074 908 1304 944 περὶάριθμοῦ,τί
1312 907 1455 942 ὲστιφύσει
1466 907 1568 942 ἀγαθὸν
1579 907 1625 934 καὶ
1634 907 1718 934 κακὸν
1729 907 1867 942 διάφορον.

1073 950 1157 981 Δῦται
1172 953 1220 988 μὲν
1234 953 1328 979 αἰτῶν
1354 952 1521 988 Πυρρωνίων
1544 951 1744 978 ὑποτυπώσεων
1759 952 1867 979 πλοκαί·

1074 999 1158 1035 λῆρον
1178 999 1206 1025 δὲ
1220 998 1323 1031 ταύτας
1338 999 1419 1034 φησὶν
1437 999 1451 1025 ὁ
1464 998 1534 1030 θεῖος
1555 998 1714 1033 Γρηγόριος.
1753 998 1869 1033 Παρεισ-

1076 1046 1171 1080 άγουσι
1188 1045 1242 1080 γὰρ
1261 1044 1450 1079 Ἀριστοτέλην
1465 1044 1512 1070 καὶ
1539 1043 1699 1078 Ἐπίκουρον
1713 1043 1760 1070 καὶ
1774 1043 1869 1075 ἄλλους

1076 1091 1131 1118 τῶν
1151 1090 1279 1122 Στοῖκῶν,
1304 1090 1341 1121 ὠς
1366 1090 1538 1125 ἀπεφήναντο
1560 1090 1625 1125 περὶ
1649 1089 1868 1125 ἀκαταλήπτων

1077 1135 1156 1168 αὖθις
1179 1136 1366 1171 Κλειτόμαχον
1391 1135 1438 1162 καὶ
1465 1135 1624 1170 Καρνεάδην
1653 1136 1701 1162 καὶ
1717 1135 1821 1162 λοιπῶν
1844 1136 1869 1161 ιι

1081 1183 1209 1217 ζητήσεις
1223 1180 1277 1207 τῶν
1289 1180 1486 1216 ἀκαδημιακῶν
1502 1189 1509 1196 ·
1525 1180 1554 1206 αἱ
1572 1180 1626 1206 τῶν
1635 1181 1791 1207 σκεπτικῶν
1822 1182 1870 1214 ἑφ-

1077 1227 1153 1262 εξῆς,
1160 1225 1283 1262 περὶτῶν
1292 1226 1422 1253 ἀνωτάτω
1431 1225 1513 1261 τριῶν
1528 1225 1700 1260 φιλοσοφιῶν,
1709 1226 1760 1262 τῆς
1768 1227 1870 1261 δογμα-

1077 1274 1165 1309 τικῆς,
1181 1274 1231 1309 τῆς
1243 1272 1445 1308 ἀκαδημιακῆς,
1465 1273 1512 1299 καὶ
1523 1273 1572 1309 τῆς
1586 1273 1747 1308 σκεπτικῆς,
1760 1275 1808 1300 καὶ
1817 1274 1871 1300 ἀπὸ

1077 1320 1124 1347 τοῦ
1138 1319 1281 1354 φαίνεσθαι
1295 1318 1341 1345 τὸν
1359 1318 1493 1355 Πύρρωνα
1507 1320 1571 1355 περὶ
1581 1319 1630 1356 τὴν
1645 1321 1797 1356 σκεπτικὴν
1813 1321 1867 1347 τῶν

1079 1366 1133 1402 πρὸ
1149 1365 1230 1392 αὑτοῦ
1249 1364 1475 1401 σωματικώτερον
1493 1366 1538 1392 καὶ
1552 1365 1768 1402 ἐπιφανέστερον
1784 1376 1868 1403 προσ-

1080 1411 1237 1446 εληλυθέναι
1252 1412 1284 1447 τῇ
1301 1410 1405 1445 σκέψει,
1420 1411 1515 1446 ἥντινα
1535 1411 1582 1438 καὶ
1600 1411 1713 1447 δύναμιν
1733 1413 1870 1448 ὁρίζονται

1077 1457 1125 1484 καὶ
1138 1456 1235 1489 πάθος,
1252 1457 1316 1491 περὶ
1331 1456 1385 1483 τῶν
1401 1457 1604 1492 σκεπτομένων.
1615 1458 1670 1484 Καὶ
1682 1458 1766 1490 πολὺς
1777 1458 1810 1485 ἂν
1825 1460 1867 1495 εἴη

1076 1503 1154 1538 λόγος
1167 1503 1201 1530 τὰ
1222 1502 1320 1539 ἑφεξῆς
1344 1503 1374 1530 ἐν
1390 1503 1485 1530 πλάτει
1503 1504 1648 1540 ληρήματα
1665 1504 1804 1538 διεξιέναι,
1819 1507 1868 1533 ὅσα

1076 1557 1106 1575 τε
1118 1549 1230 1583 ἀπορεῖν
1245 1545 1299 1574 οἷόν
1316 1557 1346 1575 τε
1367 1550 1415 1575 καὶ
1431 1549 1581 1586 ἀμηχανεῖν
1597 1551 1645 1577 καὶ
1663 1550 1806 1587 avem)ch
1820 1553 1866 1579 καὶ

1078 1595 1254 1627 ἐξεστακέναι
1265 1604 1272 1611 ·
1281 1595 1361 1623 ἀτινα
1377 1596 1467 1624 πάντα
1478 1597 1607 1633 τεχνιτῶν
1617 1599 1631 1625 ὁ
1642 1597 1713 1630 θεῖος
1722 1598 1868 1635 Γρηγόριος

1079 1640 1149 1676 ληρή
1154 1649 1226 1676 ματα
1237 1642 1401 1676 ὲπεφήνατο.

1116 1686 1168 1714 218
1190 1687 1237 1715 Τίτε
1251 1688 1307 1715 οὐκ
1317 1687 1420 1716 ἀκούει
1436 1687 1491 1716 τὸν
1503 1688 1638 1716 Σινωπέα
1648 1689 1702 1716 τὸν
1715 1689 1793 1718 κῦνα
1807 1699 1816 1722 ;

868 1815 1007 1843 CARMEN
1022 1816 1155 1844 CXIX.De
1166 1818 1270 1844 virtute.

286 1870 450 1908 Xenocrates
461 1875 542 1908 atque
554 1871 713 1908 Aristoteles
726 1871 846 1899 Platonis
857 1872 982 1906 discipuli
994 1873 1156 1908 magistrum
1174 1873 1205 1908 in?
1215 1873 1316 1901 scholis
1338 1872 1486 1900 condendis
1500 1872 1596 1908 imitati
1609 1876 1688 1904 sunt;
1698 1871 1861 1908 Xenocrates

249 1906 322 1935 mim
339 1906 467 1939 Stoicam,
478 1906 684 1942 Peripateticam
706 1907 863 1935 Aristotcles
880 1913 979 1934 sectam
989 1906 1176 1936 fundaverunt.
1194 1907 1313 1935 Termini
1328 1907 1505 1942 philosophici
1517 1917 1524 1934 :
1537 1907 1686 1942 otjectum.
1702 1907 1775 1939 linis,
1798 1907 1862 1935 emi-

251 1942 353 1975 nentia,
364 1942 537 1977 etymologia,
551 1947 603 1969 etc.
621 1941 653 1969 lli
667 1942 749 1977 igitur
765 1943 942 1970 terminat-um
957 1943 1054 1977 philos.
1065 1944 1219 1970 inventores
1230 1943 1316 1977 ipsam
1330 1941 1358 1970 in
1369 1941 1544 1970 theoretiram
1561 1941 1588 1970 et
1599 1943 1749 1977 practicam
1762 1942 1860 1969 divise-

250 1982 328 2010 runt;
343 1982 423 2012 atque
436 1985 530 2013 rursus
545 1977 629 2013 illam,
651 1977 676 2004 in
694 1977 904 2013 physiologicam
922 1984 949 2004 et
964 1978 1182 2007 mathematicam
1196 1983 1223 2005 et
1233 1978 1425 2012 speculativam
1435 1987 1442 2009 ;
1452 1977 1522 2005 hanc
1539 1978 1566 2004 in
1583 1977 1760 2008 moralem.ot
1776 1977 1862 2013 politi-

249 2019 321 2042 cam.
330 2017 357 2039 et
368 2012 574 2043 (Economicam,
585 2012 620 2039 ita
633 2012 737 2040 rursus
746 2013 954 2040 distribuentes:
972 2013 1335 2045 arithmeticam,musicam,
1347 2013 1533 2047 geometriam.
1546 2013 1754 2042 astronomiam.
1764 2012 1863 2039 mathe-

251 2048 376 2075 maticam
387 2055 396 2081 ;
408 2047 771 2082 legislalivam,judicialem,
782 2048 931 2081 politicam.
943 2052 970 2074 et
977 2055 1037 2082 qua:
1049 2048 1100 2075 alia
1113 2048 1140 2074 in
1156 2048 1273 2074 medium
1283 2048 1463 2082 protulerunt.
1482 2047 1633 2082 Systcmata
1654 2048 1854 2075 academiarum

250 2087 279 2118 et
304 2082 491 2117 Pyrrhonismi
507 2082 832 2118 haeccezPropositiones
846 2083 967 2116 qmedam
993 2083 1205 2118 Pyrrhoniorum
1229 2083 1301 2110 circa
1324 2083 1437 2110 dubium
1463 2088 1617 2118 versantur.
1638 2083 1710 2109 circa
1733 2082 1861 2109 formulas

230 2116 232 2120 ’
250 2116 368 2157 dubium.
385 2118 578 2157 exprimeutes,
597 2118 670 2144 ideas
688 2117 898 2157 etfundamenta
922 2118 994 2144 illius
1011 2116 1022 2145 τ’
1035 2117 1062 2145 in
1084 2126 1138 2157 quo
1158 2119 1216 2157 lucc
1243 2118 1440 2157 inquiruntur:
1458 2126 1522 2144 num
1545 2117 1567 2145 is
1587 2118 1634 2157 qui
1658 2117 1863 2152 philosophatur

249 2153 403 2187 dogmatice
421 2153 563 2186 procedat;
583 2160 646 2179 num
662 2157 762 2180 sectam
780 2153 975 2186 amplectatur;
991 2160 1057 2179 num
1083 2153 1109 2179 in
1127 2153 1209 2179 rebus
1226 2153 1395 2180 naturalibus
1418 2153 1621 2187 perscrutandis
1642 2157 1786 2185 versetur;
1804 2159 1862 2187 nunt

249 2195 281 2214 ea
292 2186 357 2221 quae
370 2187 396 2213 in
409 2194 505 2214 sensus
519 2187 630 2216 cadunt.
644 2187 729 2214 tollat.
742 2187 812 2220 Quid
835 2195 916 2221 porro
933 2188 1008 2214 dubii
1028 2187 1137 2222 (philos.
1156 2188 1222 2222 loq.)
1242 2188 1400 2215 criterium?
1411 2186 1475 2222 quid
1497 2187 1654 2221 objeetum?
1667 2188 1780 2222 quinam
1795 2186 1863 2213 modi

252 2223 348 2257 integri
377 2222 571 2258 dubitationis?
587 2223 632 2257 qui
654 2222 746 2249 decem
765 2222 857 2249 modi?
870 2222 916 2257 qui
930 2223 1066 2257 quinque?
1083 2223 1130 2258 qui
1149 2222 1256 2249 termini
1278 2223 1390 2249 dubium
1404 2223 1583 2258 enuntiantes
1605 2222 1678 2258 circa
1694 2222 1773 2258 nihil,
1795 2222 1862 2258 plus.

249 2256 397 2285 obscurum
412 2277 419 2289 ,
452 2257 578 2284 licitum?
598 2256 665 2292 quid
691 2257 893 2292 intelligendum
923 2256 1219 2292 pérc’lleri’potest;
1243 2258 1354 2290 haesito;
1383 2257 1450 2284 nihil
1474 2257 1645 2284 determino?
1668 2257 1733 2318 quid
1754 2256 1863 2284 :omnia

250 2292 551 2318 incomprehensibilia?
568 2292 750 2318 (ratiocinium
774 2292 1028 2318 enimaratiocinio
1055 2293 1195 2318 vinciturl.
1227 2291 1285 2318 Oua
1309 2293 1352 2318 via
1384 2292 1507 2318 rationali
1533 2293 1565 2318 ad
1593 2291 1721 2318 Heraciti
1746 2291 1863 2318 philoso-

250 2292 551 2326 incomprehensibilia?
568 2291 750 2326 (ratiocinium
774 2292 1028 2319 enimaratiocinio
1055 2293 1195 2326 vincitur).
1227 2291 1285 2325 Qua
1309 2293 1352 2319 via
1384 2292 1507 2319 rationali
1533 2293 1565 2319 ad
1593 2291 1721 2319 Heracliti
1746 2291 1863 2325 philoso-

250 2328 341 2362 phiam
366 2327 539 2361 pervenltur?
561 2327 590 2354 ln
615 2334 669 2362 quo
694 2336 707 2355 a
736 2327 880 2355 Democriti
901 2327 1009 2354 dill‘erl?
1036 2326 1105 2354 Num
1133 2328 1167 2354 ab
1178 2328 1331 2355 Academiis
1341 2327 1430 2355 dillert
1450 2327 1657 2362 scepticismus?
1677 2327 1758 2354 Anne
1782 2327 1863 2353 medi-

250 2361 344 2390 corum
370 2362 535 2398 experientia
556 2361 821 2397 cum’scepticorum
847 2363 1011 2397 experientia
1031 2363 1180 2398 congruit?
1204 2363 1269 2398 quid
1292 2368 1333 2390 est
1358 2363 1515 2390 criterium?
1546 2363 1610 2395 quid
1627 2362 1779 2398 criteriumr
1795 2361 1863 2388 veri-

252 2398 332 2433 tatis?
345 2397 410 2432 quid
428 2404 435 2422 :
450 2404 465 2423 a
483 2398 555 2432 quo?
573 2405 621 2432 per
640 2397 888 2433 quod?secundum
905 2398 972 2425 ens?
989 2397 1054 2432 quid
1077 2398 1189 2425 verum?
1208 2397 1271 2433 Quid
1287 2398 1402 2425 veritas?
1415 2398 1479 2432 quid
1495 2398 1744 2432 estsignum?quid
1758 2397 1862 2433 signum

250 2432 516 2460 demonstrativum?
540 2433 736 2460 demonstratio
753 2432 836 2468 quid?
852 2440 976 2467 quaenam
998 2437 1062 2460 sunt
1074 2433 1206 2468 principia
1219 2433 1322 2460 activa?
1337 2434 1402 2468 quid
1417 2432 1584 2467 Deus?quid
1609 2433 1711 2460 causa?
1733 2432 1800 2468 quid
1822 2439 1863 2468 ars

250 2467 380 2494 vivendi!
397 2475 459 2502 quae
478 2468 612 2502 principia
629 2467 799 2495 materialia?
813 2475 878 2494 num
893 2475 1009 2503 corpora
1025 2468 1298 2502 comprehensibilia?
1311 2467 1376 2503 quid
1394 2468 1656 2503 temperamentum?
1674 2467 1742 2503 quid
1760 2467 1864 2495 motus?

250 2503 312 2530 dein
326 2503 442 2537 quaestio
454 2503 556 2530 moveri
573 2507 663 2537 potest
676 2503 710 2530 de
723 2507 797 2530 motu
814 2503 928 2535 alterno,
942 2504 975 2530 de
988 2502 1166 2533 incremento.
1184 2503 1217 2530 de
1230 2502 1433 2534 imminutione.
1445 2504 1478 2530 de
1491 2503 1670 2533 detractione.
1681 2502 1715 2530 de
1729 2503 1862 2530 additione

250 2538 283 2564 de
295 2538 520 2573 transpositione.
540 2538 573 2565 de
589 2542 647 2565 toto
672 2543 699 2565 et
717 2543 804 2573 parte.
823 2538 856 2565 de
872 2538 1022 2565 mutatione
1046 2539 1178 2569 naturali;
1197 2539 1230 2566 de
1252 2544 1313 2566 ortu
1333 2543 1360 2566 et
1381 2538 1468 2569 obitu.
1480 2539 1512 2565 de
1527 2538 1599 2569 loco.
1612 2537 1646 2564 de
1660 2543 1794 2572 tempore.
1810 2537 1862 2564 Huc

250 2572 319 2608 adde
334 2582 340 2599 :
352 2573 417 2606 quid
432 2577 474 2600 est
485 2580 549 2607 pars
562 2573 695 2600 moralis?
708 2572 862 2600 naturalis?
874 2572 956 2600 Estne
968 2580 1013 2601 ars
1026 2573 1150 2608 vivendi?
1159 2573 1229 2600 Num
1241 2574 1276 2604 ei.
1287 2574 1333 2608 qui
1346 2581 1376 2601 ea
1389 2573 1502 2608 gaudet;
1514 2573 1646 2607 prodest?
1657 2573 1723 2608 quid
1735 2578 1861 2600 numerus

251 2607 278 2643 in
293 2615 349 2642 quo
364 2608 464 2634 bonum
478 2613 504 2635 et
518 2609 631 2637 malum.
646 2609 736 2643 quoad
752 2612 887 2640 naturam,
904 2608 1049 2636 diil'erunt?
1061 2607 1107 2636 Hae
1118 2614 1181 2636 sunt
1195 2607 1400 2643 propositiones
1409 2608 1557 2643 Pyrrhonis
1572 2607 1782 2642 discipulorum,
1797 2613 1860 2643 quas

249 2642 396 2678 Gregorius
413 2651 462 2678 pro
481 2643 560 2678 nugis
578 2642 667 2670 habet.
682 2642 749 2670 Nam
770 2643 941 2670 Aristotelem
958 2644 1090 2671 inducunt
1111 2648 1138 2671 et
1155 2642 1301 2678 Epicurum
1314 2649 1341 2671 et
1354 2645 1422 2671 alios
1433 2642 1539 2671 Stoicos
1555 2643 1589 2670 de
1602 2642 1859 2677 incomprehensibi-

251 2677 322 2705 lihus
331 2677 588 2712 disputantes.Adde
598 2679 808 2709 Clitomachum.
816 2678 999 2712 Carneadem;
1013 2679 1080 2706 adde
1090 2677 1248 2706 czeterorum
1259 2678 1726 2713 academicoruquuastiones,item
1737 2678 1860 2712 sceptico-

250 2719 311 2749 rum
325 2722 332 2745 ;
345 2713 425 2739 trium
437 2721 518 2748 porro
533 2713 766 2749 philosophiarum
779 2721 847 2749 quas
857 2721 938 2748 supra
947 2714 1147 2742 nominavimus
1160 2714 1353 2747 recordamini,
1366 2714 1534 2749 dogmaticaz,
1548 2713 1720 2749 academica.
1733 2713 1857 2749 scepticae.

249 2746 279 2774 in
296 2752 413 2775 mentem
427 2746 508 2783 porro
526 2746 616 2777 veniat
630 2746 779 2784 Pyrrhonis
788 2746 839 2784 ‘qui
855 2746 1075 2778 antecessoribus
1093 2749 1151 2778 suis
1163 2749 1283 2785 planius,
1296 2746 1552 2779 clarius‘dubitavit.
1567 2748 1678 2777 Scimus
1695 2746 1805 2783 quidem
1817 2752 1858 2775 ως

285 2855 325 2892 (ι)
344 2856 372 2884 ιι.
385 2856 437 2884 us
