1936 3042
205 164 257 193 ΞΒῚ

205 222 252 249 ἰπὶ
264 219 318 247 τῶν
333 218 523 256 πρεσῦυτέρων
538 217 584 244 τοῦ
599 217 665 244 λαοῦ
679 217 788 251 δοξάσαι
807 218 888 245 αὑτὸν
905 219 989 251 ἐξελι-

205 270 299 304 πάρει.
318 269 372 294 Καὶ
389 267 421 301 δὴ
446 265 648 299 συγκαταὸἁσει
668 266 840 301 χρησάμενος
854 267 868 292 ὁ
885 267 988 303 προφή-

205 323 265 351 της,
284 314 335 342 ὑπό
355 322 385 340 τε
404 312 575 348 συμπαθείας
590 312 806 347 κατακαμφοεὶς,
828 311 906 344 αὖθις
922 313 988 340 ὑπο-

205 362 326 397 στρέψας
339 360 378 396 τῷ
390 359 448 395 λαῴ
461 359 507 386 τὸν
521 358 633 393 βασιλέα
649 359 788 394 περίδοξον
804 360 988 395 καταστήσας,

205 408 333 443 ἐπειρᾶτο
347 407 379 433 δι’
394 407 484 432 οἴκτου
499 405 544 432 τὸν
560 405 625 431 Θεὸν
636 404 710 440 αὐτῷ
724 405 772 431 καὶ
786 405 866 432 πάλιν
887 405 989 440 εὐμενῆ

204 454 384 488 καταστῆσαι.
401 452 494 478 Ταῦτα
515 451 564 487 μὲν
578 449 594 484 ἠ
608 450 655 477 τοῦ
677 451 816 486 προφήτου
835 450 990 486 συμπάθεια

204 501 250 527 καὶ
277 499 415 534 πραότης’
441 497 497 524 ἀλλ’
513 498 528 523 ὁ
543 497 608 528 Θεὸς
632 495 780 526 ἀδέκαστος
805 495 842 522 ὣν
861 496 989 531 δικαστὴς

202 548 250 574 καὶ
269 547 440 581 προϐλέπων,
457 545 495 580 μὴ
517 544 626 570 πενθεῖν
640 543 687 570 ἐπὶ
706 543 794 570 Σαοὺλ
807 542 846 578 τῷ
863 543 989 578 Σαμουὴλ

202 592 350 624 διετάξατο,
374 591 420 618 τοῦ
447 590 598 626 βασιλεύειν
624 590 706 616 αὑτὸν
727 590 773 616 ἐπὶ
794 589 841 616 τὸν
872 589 988 625 Ἰσραὴλ,

201 639 249 666 ἅτε
271 639 303 674 δὴ
329 638 544 673 παρωσάμενοςο
571 636 630 662 ἀλλ’
644 638 684 668 είς
704 636 828 672 Βηθλεὲμ
852 636 882 668 ἐξ
905 636 989 672 αὐτῆς

201 686 356 720 ἁπάραντα,
376 684 422 710 τὸν
438 684 494 709 υἱὸν
514 683 613 709 Ἰεσσαὶ
626 683 708 710 Δαόὶδ
722 684 762 715 είς
773 682 884 718 βασιλέα
897 683 988 718 χρίσαι

199 732 246 758 τὸν
260 732 289 757 ὲν
306 731 344 766 τῷ
365 730 483 765 ποιμνίῳ
500 729 666 765 προσέταξεν
676 737 682 744 ·
703 729 751 756 καὶ
767 729 822 765 γὰρ
835 730 935 764 ἀγαθὸς
951 730 988 764 τῷ

200 778 306 812 Κυρίῳ.

199 834 254 863 202
272 834 361 868 Δαὸὶδ
371 833 580 867 ὐπομνήσθητι
597 832 718 859 καὶτῶν
734 833 917 868 κρουμάτων,

199 870 252 897 :03
277 869 327 900 Ἐξ
341 866 385 895 ὧν
397 866 528 902 πόνηροῦ
541 868 711 902 πνεύματος
729 866 828 895 Σαούζῖ
845 876 918 895 ποτε

199 905 252 931 ⁶ὶο4
277 903 513 937 Ἰμευθέρωσεν·
531 901 582 930 εἴτ’
600 903 772 938 ἀγνώμονος
785 903 884 937 τυχὼν

198 939 252 967 905
271 941 401 974 Φεύτων,
417 939 520 966 ἀλύων
539 938 593 965 τὸν
605 938 672 972 περὶ
687 937 792 973 ψυχῆς
805 938 918 973 τρέχων
931 938 970 974 (1)

198 1008 252 1036 206
270 1006 412 1040 Δοθέντος
425 1006 504 1040 αὐτῷ
516 1006 569 1034 τοῦ
587 1006 687 1033 Σαοὺλ
699 1006 841 1040 ἐφείσατο
853 1015 859 1020 ·

270 1043 426 1081 Καὶλτοῑιτο
441 1041 487 1074 δίς
503 1050 534 1081 τε
549 1042 596 1068 καὶ
608 1041 913 1081 μόγις-σεσωσμένος
925 1050 932 1057 ·

198 1078 251 1106 208
276 1079 310 1106 Ἡ
324 1077 441 1110 διπλοῖς
458 1077 610 1111 γνώρισμα
627 1077 682 1110 τῆς
696 1077 835 1109 ἐξουσίας

197 1114 250 1142 209
270 1112 452 1147 Κεκαρμένη,
471 1112 566 1146 φακός
585 1120 616 1138 τε
632 1112 684 1138 τοῦ
700 1111 829 1146 κράνους
845 1113 983 1146 κλαπείς.

232 1169 342 1197 Πολλῶν
355 1171 369 1196 ὁ
382 1168 468 1195 Σαοὺλ
483 1168 647 1203 εὐεργεσιῶν
659 1168 702 1195 διὰ
718 1169 801 1195 Δαῦὶδ
816 1169 984 1202 ἀπολαύσας,

196 1215 375 1251 πολυτρόπως
388 1215 468 1242 αὑτὸν
482 1214 676 1240 ἐπεϐούλευεν·
692 1216 706 1241 ὁ
722 1214 750 1241 δὲ
764 1215 846 1241 τόπον
864 1216 987 1251 ἀμείϐων

197 1263 230 1289 ὲκ
242 1263 335 1293 τόπου,
352 1261 398 1287 τοῦ
416 1261 504 1295 μάτην
524 1260 711 1296 ἐχθραίνοντος
726 1261 801 1296 αὐτῷ
820 1261 870 1297 τὴν
886 1262 986 1288 κακίαν

197 1309 343 1341 ἐξέκλινεν.
362 1307 431 1334 Ποτὲ
451 1307 517 1341 γοῦν
534 1308 558 1333 οἱ
579 1308 693 1342 Ζηφαῖοι
711 1306 800 1343 (πόλις
820 1307 848 1334 δὲ
864 1308 914 1342 τῆς
930 1309 986 1335 Χα-

195 1355 308 1386 ναναίας
325 1354 435 1389 Ζῆφαι),
452 1353 520 1388 πρὸς
533 1353 619 1379 Σαοὺλ
630 1353 858 1389 παραγενόμενοι,
873 1354 919 1381 τὸν
935 1356 986 1381 Δα-

195 1401 238 1427 ὂὶδ
260 1400 447 1436 κρυπτόμενον
472 1399 537 1434 παρ’
555 1400 648 1431 αὐτοῖς
671 1401 842 1436 κατεμήνυον
863 1402 893 1427 ὲν
925 1402 986 1436 Ἐγ-

195 1447 282 1482 γαδδί.
300 1447 355 1473 Καὶ
368 1446 399 1481 δὴ
412 1446 497 1472 Σαοὺλ
510 1445 540 1477 ἐξ
559 1445 667 1481 Ἰσραὴλ
681 1446 848 1481 τρισχιλίους
862 1446 985 1480 ἐπιλεξά-

196 1502 277 1530 μενος
291 1493 389 1528 ἄνδρας
405 1491 586 1527 ἐκπορεύεται
607 1491 748 1518 συλλαϐεῖν
767 1493 858 1525 αὐτὸν,
877 1493 923 1519 καὶ
937 1502 983 1527 γε-

194 1540 305 1575 νόμενος
322 1539 350 1565 ἐν
372 1537 496 1573 σπηλαίῳ
517 1537 602 1564 Σαοὺλ
622 1537 744 1572 εἰσῆλθεν
767 1539 981 1576 παρασκευάσα-

195 1583 273 1610 σθαι·
295 1583 341 1610 καί
359 1591 391 1616 γε
412 1582 493 1608 Δαεῆδ
507 1582 645 1617 ἐνδότερον
665 1582 723 1617 ἅμα
740 1584 798 1614 τοῖς
818 1583 901 1610 αὑτοῦ
915 1592 982 1619 κρυ-

194 1631 328 1665 πτόμενος
347 1627 397 1665 ἦν·
415 1629 453 1660 ὡς
467 1628 495 1655 ἃ
512 1628 598 1655 Σαοὺλ
615 1629 662 1656 καὶ
687 1630 788 1661 πάντες
810 1630 936 1657 ὖπνωσαν
958 1632 982 1657 οἱ

193 1677 259 1712 περὶ
280 1676 371 1706 αὑτὸν,
395 1674 570 1710 παρώτρυνον
591 1674 637 1700 τὸν
662 1675 743 1701 Δαῦὶδ
767 1676 791 1702 οἱ
817 1677 881 1711 περὶ
901 1678 982 1703 αὐτὸν

193 1722 348 1748 ἀναστάντα
362 1721 480 1753 πατάξαι
493 1720 539 1746 τὸν
554 1720 650 1752 Σαοὺλ,
666 1720 768 1755 ταύτην
784 1719 853 1748 εἶναι
866 1722 982 1756 φάσκον-

192 1775 240 1798 τες
252 1766 301 1802 τὴν
313 1766 431 1801 ἡμέραν.
483 1765 528 1791 τὸν
540 1765 636 1800 ἐχθρὸν
648 1766 688 1796 εἰς
703 1768 796 1801 χεῖρας
807 1767 980 1794 ἀποκλείσειν

760 162 896 191 COSMAS
915 163 1266 194 HIEROSOLYMITANUS

1777 167 1832 196 588

1044 221 1117 256 αὖτῷ
1132 222 1177 248 τὸν
1196 222 1262 249 Θεὸν
1276 222 1487 258 προηγόρευται,
1501 222 1539 254 ὡς
1560 222 1593 249 ἂν
1610 222 1685 258 αὐτῷ
1697 223 1834 258 χρήσαιτο

1044 269 1103 294 κατ’
1119 269 1282 304 ὰρέσκειαν-
1300 269 1382 295 Δαὸὶδ
1405 269 1433 295 δὲ
1455 268 1588 304 μηδαμῶς
1606 268 1686 295 τοῦτο
1699 270 1833 304 πράττειν

1044 313 1207 348 ἐπωμόσατο
1225 313 1270 340 τὸν
1292 313 1369 344 Θεὸν,
1390 313 1415 339 εἰ
1437 313 1487 348 τὴν
1505 315 1584 349 χεῖρα
1605 313 1653 340 τοῦ
1676 313 1833 349 διαφθεῖραι

1042 359 1088 385 τὸν
1104 359 1213 394 χριστὸν
1226 359 1328 386 ἐποίσει
1344 359 1463 394 Κυρίουο
1482 359 1550 395 πλὴν
1570 360 1612 386 ὅτι
1629 360 1680 395 τῆς
1697 359 1833 392 διπλοῖδος

1043 405 1128 431 Σαοὺλ
1141 405 1277 440 λαθραίως
1293 406 1443 441 ἀποκείρας
1458 405 1503 432 τὸν
1524 405 1684 441 εὐχείρωτον
1701 406 1832 440 ἐφείσατο

1042 450 1205 486 διαφθεῖραι,
1224 451 1328 477 πλείοσι
1350 451 1440 485 λύγοις
1459 451 1599 483 πεπεικὼς
1618 451 1682 483 τοὺς
1701 451 1834 483 συνόντας

1042 495 1117 531 αὐτῷ
1132 497 1169 532 μὴ
1186 496 1242 523 δεῖν
1254 497 1377 524 ὁπωσοῦν
1393 497 1455 532 μηδ’
1471 497 1544 523 ὅσιον
1557 497 1597 532 τῷ
1609 497 1713 532 χριστῷ
1725 497 1833 533 Κυρίου

1042 539 1081 575 τῷ
1094 539 1196 574 βασιλεί
1209 540 1309 576 λοιμῶς
1322 541 1437 571 ἐπιέναι,
1455 541 1521 576 μηδὲ
1532 543 1624 576 χεῖρας
1637 542 1710 577 αὐτῷ
1722 543 1833 576 φονίους

1042 585 1235 613 ὲπανατείνειν.
1247 583 1331 618 Οὗτος
1343 585 1431 613 εἶπεν·
1444 588 1468 613 οἱ
1476 587 1503 613 δὲ
1517 589 1572 619 τοῖς
1586 588 1673 622 λόγοις
1681 589 1831 623 ὑπήκουον,

1042 634 1096 661 οὐδ’
1110 635 1271 670 ἠπείθησαν,
1290 634 1348 661 ἀλλ’
1368 634 1516 670 ἡσύχασαν.
1545 635 1676 667 ’Δναστὰς
1696 635 1725 661 δὲ
1744 635 1832 663 Σαοὺλ

1042 680 1087 708 τὸν
1120 681 1200 707 Δαῦὶδ
1228 680 1452 716 προθυμούμενος
1477 681 1636 711 συλλαϐεῖν,
1662 681 1751 716 εἴχετο
1779 681 1832 716 τῆς

1041 726 1101 753 ὁδοῦ
1114 735 1121 741 ·
1142 726 1228 761 βραχὺ
1248 726 1276 753 δὲ
1299 726 1406 761 προῄει,
1431 726 1478 753 καὶ
1492 726 1574 753 Δαὸὶδ
1596 727 1667 753 κατὰ
1690 727 1759 754 πόδα
1780 727 1831 754 τοῦ

1041 771 1174 805 σπηλαίου
1191 771 1380 806 προπηδήσας,
1398 771 1524 807 καθάπερ
1537 772 1671 807 ὑψιπέτης
1687 772 1766 804 ἀετὸς
1781 781 1832 800 κο-

1043 817 1130 852 ρυδῶν
1145 817 1365 852 ὑπεριπτάμενος
1387 817 1566 851 χαμαιπετῶν
1581 817 1656 853 ἔστη.
1678 818 1725 845 καὶ
1739 818 1832 852 λόγοις

1042 863 1212 897 προσεφώνει
1227 863 1387 898 ταχυτάτοις
1410 863 1456 889 τὸν
1472 863 1594 899 βασιλέα,
1621 863 1667 890 καὶ
1688 863 1720 899 δή
1743 872 1829 899 φησι”

1040 906 1141 942 αΚύριε
1155 907 1288 941 βασιλεῦ.»
1323 909 1408 936 Σαοὺλ
1426 909 1454 935 δὲ
1480 909 1529 945 τὴν
1551 909 1642 944 φωνὴν
1664 909 1832 943 ἐπεγνωκὼς

1038 952 1110 980 εἶναι
1130 954 1176 981 τοῦ
1200 955 1283 982 Δαῦὶδ
1297 955 1478 991 ἀπεπρὰφη²
1503 955 1550 982 καί
1575 963 1657 990 φησιν
1678 956 1693 982 ό
1719 955 1829 982 λαλῶν-

1040 1009 1050 1026 ι
1074 1000 1106 1026 Τί
1129 1001 1160 1027 τδ
1186 1001 1309 1036 ἀδίκημά
1334 1010 1396 1037 μου,
1417 1003 1464 1028 καὶ
1487 1002 1514 1028 τί
1536 1001 1567 1028 τὸ
1597 1002 1750 1037 ἁμάρτημά
1777 1011 1831 1037 μου

1037 1046 1158 1073 ἐναντίον
1180 1055 1238 1078 σου,
1262 1048 1303 1074 ὅτι
1317 1047 1496 1079 καταδιώκεις
1510 1047 1597 1074 ὀπίσω
1612 1056 1673 1083 μου,
1690 1048 1728 1080 ὡς
1743 1057 1830 1075 κατα-

1037 1092 1130 1118 διώκει
1144 1093 1158 1119 ό
1172 1093 1347 1128 νυκτικόραξ,
1370 1094 1417 1120 καὶ
1440 1092 1582 1128 δεσμεύεις
1603 1093 1652 1127 τὴν
1669 1093 1760 1129 ψυχήν
1776 1103 1829 1128 μου

1037 1137 1129 1164 λαϐεῖν
1150 1138 1253 1174 αὑτήνς
1279 1139 1345 1166 Ἰδοὺ
1356 1140 1380 1165 οἱ
1403 1138 1536 1174 ὀφθαλμοί
1552 1147 1610 1170 σου,
1629 1139 1676 1165 καὶ
1687 1139 1711 1165 οί
1726 1139 1830 1173 ὀφθαλ-

1038 1184 1084 1218 μοὶ
1100 1183 1228 1218 βλέπουσι
1240 1184 1294 1211 τῶν
1310 1184 1379 1220 μετὰ
1394 1185 1451 1216 σοῦ,
1477 1185 1515 1216 ὡς
1536 1184 1697 1211 ἀπέκλεισεν
1721 1193 1751 1210 σε
1768 1185 1829 1211 Κύ-

1039 1238 1094 1264 ριος
1115 1231 1154 1261 εἰς
1177 1230 1227 1262 τὰς
1249 1231 1342 1265 χεῖράς
1367 1239 1418 1265 μου
1439 1231 1468 1256 ἐν
1491 1229 1529 1264 τῷ
1553 1230 1686 1265 σπηλαίῳ,
1705 1231 1753 1257 καὶ
1777 1231 1829 1258 οὐκ

1036 1275 1189 1310 ἠϐουλήθην
1204 1276 1363 1302 ἀποκτεῖναί
1380 1285 1409 1303 σε
1419 1285 1425 1291 ·
1442 1276 1489 1302 καὶ
1504 1275 1535 1302 τὸ
1549 1275 1694 1311 πτερύγιον
1709 1276 1763 1302 ἰδοὺ
1776 1276 1828 1311 τῆς

1035 1316 1167 1348 διπλοΐδος
1190 1326 1236 1343 σου
1259 1318 1288 1343 ἐν
1309 1319 1342 1353 τῇ
1366 1318 1437 1353 χειρί
1455 1327 1516 1353 μου,
1531 1318 1583 1352 ,καὶ
1597 1318 1646 1344 οὐκ
1662 1318 1829 1352 ἀπέκταγκά

1036 1369 1083 1387 σε’
1109 1362 1155 1388 καὶ
1180 1363 1228 1388 νῦν
1249 1362 1336 1388 ὀπίσω
1359 1363 1431 1394 τίνος
1455 1361 1633 1392 καταδιώκεις
1653 1362 1685 1388 σὺ
1714 1361 1826 1396 βασιλεῦ

1042 1407 1166 1443 Ἰσραήλ;
1192 1408 1279 1434 ὀπίσω
1303 1408 1382 1440 κυνὸς
1406 1407 1567 1442 τεθνηκότος
1590 1406 1607 1441 ἦ
1629 1406 1730 1441 φύλλου
1755 1408 1823 1439 ἑνός.

1035 1448 1143 1475 Γένοιτο
1157 1449 1258 1484 Κύριος
1277 1450 1317 1480 εἰς
1332 1449 1428 1484 κριτὴν
1442 1450 1493 1475 ἀνὰ
1512 1448 1593 1484 μέσον
1615 1447 1682 1482 ἐμοῦ
1704 1449 1751 1474 καὶ
1773 1449 1827 1476 ἀνὰ

1036 1496 1118 1529 μέσον
1132 1495 1189 1526 σοῦ,
1212 1497 1228 1530 ὴ
1251 1495 1278 1521 δὲ
1301 1496 1359 1530 χείρ
1377 1504 1427 1530 μου
1442 1495 1492 1522 οὐκ
1513 1496 1587 1522 ἔσται
1607 1495 1652 1522 ἐπὶ
1670 1495 1710 1526 σὲ,
1733 1495 1826 1527 καῦὼς

1034 1542 1108 1576 λέγει
1121 1543 1137 1577 ή
1151 1542 1291 1578 παραϐολὴ
1304 1543 1320 1577 ὴ
1336 1542 1445 1578 ἀρχαία,
1471 1536 1515 1575 Ἐξ
1529 1543 1636 1578 ἀνόμων
1652 1542 1825 1575 ἐξελεύσεται

1035 1588 1219 1623 πλημμέλεια,
1235 1589 1252 1624 ἡ
1262 1589 1290 1615 δὲ
1304 1588 1364 1624 χείρ
1379 1598 1429 1623 μου
1441 1589 1490 1615 οὐκ
1502 1589 1578 1615 ἔσται
1588 1590 1634 1615 ἐπὶ
1651 1589 1691 1616 σέ.
1707 1599 1716 1614 ι
1731 1588 1826 1614 Ταῦτα.

1037 1635 1087 1670 μὲν
1108 1636 1122 1661 ὁ
1142 1634 1240 1661 Δαϐίδ’
1266 1635 1352 1661 Σαοὺλ
1373 1635 1401 1661 δὲ
1422 1637 1585 1669 κατανυγεὶς
1610 1635 1753 1665 ἱκλαυσεν,
1777 1634 1825 1661 καί

1037 1684 1103 1711 φησι
1115 1684 1122 1692 ν
1138 1685 1147 1702 ι
1159 1677 1239 1711 Φωνὴ
1256 1685 1302 1703 σου
1314 1676 1395 1712 αὕτη,
1410 1677 1504 1704 τέκνον
1521 1677 1617 1704 Δαὸίδ·
1639 1687 1648 1703 ι
1664 1677 1712 1704 καὶ
1726 1676 1824 1703 ἔκλαυ-

1036 1732 1092 1754 σεν,
1108 1724 1154 1749 καὶ
1168 1720 1244 1750 εἶπεν
1266 1723 1368 1749 Σαούλ·
1395 1733 1405 1749 ‹
1435 1724 1541 1754 Δίκαιος
1563 1723 1595 1750 σὺ
1616 1723 1685 1758 ὑπὲρ
1701 1723 1761 1757 ἐμὲ,
1782 1722 1823 1749 ὅτι

1034 1769 1227 1800 ἁνταπέδωκάς
1241 1778 1285 1803 μοι
1299 1769 1398 1803 ἀγαθὰ,
1411 1765 1467 1801 ἐγὼ
1478 1770 1505 1796 δὲ
1522 1769 1700 1796 ἁνταπέδωκά
1716 1778 1758 1796 σοι
1773 1778 1822 1795 πο-

209 1864 248 1886 est
263 1868 270 1891 ;
284 1863 310 1886 et
323 1866 470 1895 conversus
490 1859 522 1886 ad
537 1860 666 1894 populum
681 1859 862 1895 magnificavit
878 1867 967 1895 regem
981 1864 1008 1887 et
1020 1864 1050 1887 ut
1063 1860 1087 1887 ei
1099 1860 1245 1895 propitium
1260 1865 1286 1887 et
1304 1860 1462 1887 benevolum
1479 1859 1563 1887 Deum
1576 1860 1692 1888 eﬂiceret
1702 1862 1818 1890 studuit.

210 1895 276 1927 Quae
298 1894 388 1930 omnia
406 1895 542 1929 propheta:
562 1894 774 1922 misericordiam
794 1899 821 1922 et
841 1894 1032 1930 benignitatem
1054 1894 1207 1930 designant.
1229 1894 1300 1922 Deus
1321 1900 1409 1930 autem
1429 1895 1512 1929 judex
1528 1895 1618 1930 justus
1636 1900 1663 1922 et
1679 1897 1818 1930 perspicax

209 1930 295 1965 vetuit
310 1929 427 1956 Samueli
442 1937 475 1956 ne
499 1935 590 1964 postea
607 1931 710 1965 lugeret
730 1938 791 1965 eum
810 1938 890 1965 quem
910 1930 1061 1964 expulerat,
1082 1929 1125 1958 ne,
1138 1935 1262 1964 regnaret
1281 1938 1362 1964 super
1381 1929 1481 1961 Israel;
1505 1931 1552 1957 sed
1568 1930 1705 1958 mandavit
1721 1935 1752 1958 ut
1767 1931 1820 1958 iret

209 1963 376 1995 Bethleliein,
392 1969 418 1991 et
432 1964 457 1990 in
472 1963 559 1992 medio
572 1963 660 2000 gregis
675 1965 758 1991 lilium
771 1963 846 1992 Iesse
862 1963 989 1991 DaV'ideiii
1007 1972 1097 2000 regem
1114 1969 1243 1999 ungeret;
1256 1965 1279 1992 is
1295 1963 1366 1991 enim
1380 1965 1580 1999 complacuerat
1600 1966 1664 1993 Deo.

244 2010 383 2038 Beneﬁciis
398 2010 490 2037 multis
507 2018 522 2037 a
539 2010 638 2038 Davide
657 2010 768 2038 alfectus
786 2010 850 2037 Saiil
863 2031 871 2042 ,
888 2011 948 2044 plus
963 2011 1044 2038 semel
1060 2010 1083 2036 ei
1104 2010 1247 2037 insidiatus
1267 2014 1325 2042 est;
1348 2010 1392 2037 hic
1409 2015 1498 2037 autem
1513 2017 1546 2037 ex
1561 2011 1614 2038 alio
1631 2011 1658 2037 in
1672 2011 1757 2038 alium
1779 2012 1819 2040 lo-

207 2053 270 2072 cum
287 2045 364 2080 fugit.
380 2045 481 2071 inimici
499 2046 610 2072 insidias
625 2047 745 2072 evitavit.
759 2046 902 2078 Quondam
919 2045 1021 2080 Ziplizei
1041 2046 1050 2079 (
1064 2044 1155 2080 Zipha:
1170 2044 1299 2072 Chanaan
1317 2047 1381 2072 urbs
1395 2046 1456 2077 est)
1470 2045 1502 2072 ad
1519 2045 1582 2072 Saul
1599 2052 1730 2073 venerunt
1746 2055 1818 2074 ιιιιιι-

209 2082 316 2117 liantcs,
334 2080 414 2106 David
427 2081 495 2113 apud
509 2081 581 2117 ipsos
594 2081 698 2107 latitare
709 2085 735 2117 et
748 2081 847 2107 morari
859 2080 886 2107 in
901 2079 1008 2117 deserto
1025 2079 1154 2117 Eiiuadtli.
1167 2079 1249 2117 Igitur
1262 2080 1458 2117 Saulgolleeiis
1469 2080 1554 2117 tribus
1568 2080 1686 2117 millibus
1698 2082 1818 2108 delecto-

208 2123 269 2142 rum
289 2116 408 2141 virorum
424 2123 456 2141 ex
477 2117 551 2142 omni
571 2116 654 2142 Israel
673 2115 810 2150 profectus
824 2120 865 2142 est
885 2115 918 2141 ad
931 2115 993 2142 eu'm
1016 2115 1309 2149 comprehendendum.
1330 2115 1362 2141 Et
1380 2123 1442 2142 cuin
1463 2115 1581 2142 venisset
1599 2115 1631 2142 ad
1647 2117 1817 2149 speluncam,

209 2150 348 2183 ingressus
364 2153 449 2176 estut
470 2150 558 2176 alvum
573 2149 742 2178 exoneraret.
763 2149 846 2176 David
866 2155 956 2176 autem
977 2153 1003 2176 et
1017 2150 1063 2184 qui
1084 2158 1145 2176 cum
1166 2157 1210 2182 eo,
1230 2150 1256 2176 in
1272 2157 1303 2176 ea
1321 2150 1447 2183 spelunca
1462 2151 1592 2177 reconditi
1607 2155 1694 2176 erant.
1713 2151 1779 2178 Sani
1793 2157 1820 2178 et

209 2185 275 2212 Socii
290 2185 354 2211 dum
369 2184 404 2210 ibi
419 2185 600 2216 dormiebant,
615 2185 682 2212 socii
692 2185 826 2212 exliortati
843 2189 907 2211 sunt
921 2185 1047 2211 Davideni
1069 2189 1097 2210 nt
1111 2185 1218 2211 Saulcm
1235 2185 1407 2216 interficeret,
1423 2185 1494 2211 hanc
1508 2185 1578 2211 diem
1594 2192 1665 2217 esse,
1680 2185 1817 2218 dicentes,

208 2227 264 2254 quo
277 2218 346 2246 Dens
363 2219 496 2253 pollicitus
513 2226 585 2246 esset
599 2227 628 2248 sc
645 2220 753 2246 caulem
774 2218 925 2254 ianavidis
947 2227 1044 2254 manus
1064 2220 1190 2246 daturum
1212 2227 1282 2246 esse.
1301 2219 1416 2247 Davides
1433 2227 1571 2254 nunquam
1589 2227 1617 2246 se
1639 2220 1665 2246 id
1683 2220 1818 2248 iacturum

209 2253 324 2281 Domino
337 2254 439 2288 juravit
454 2259 483 2280 ut
500 2262 608 2281 manum
631 2254 657 2281 in
671 2259 781 2281 tinctum
795 2253 840 2280 Dei
857 2254 989 2287 injiceret.
1007 2253 1205 2281 Tantummodo
1227 2262 1301 2281 oram
1321 2255 1473 2281 vestimenti
1494 2253 1584 2281 Saulis
1602 2254 1670 2281 clam
1691 2256 1818 2287 abscidit,

208 2295 237 2316 et
253 2297 332 2324 quem
351 2289 428 2324 facile
441 2296 538 2322 capere
557 2294 669 2323 poterat,
687 2289 710 2315 ei
727 2289 854 2323 pepercit,
870 2293 896 2315 et
912 2289 969 2315 suis
986 2289 1087 2316 diserte
1107 2289 1241 2323 persuasit
1257 2289 1331 2316 nefas
1350 2297 1421 2320 esse,
1446 2294 1475 2316 ut
1491 2289 1590 2324 aliquid
1604 2290 1673 2323 _mali
1687 2290 1820 2318 inferatur

209 2329 291 2351 uncto
306 2323 410 2350 Domini
432 2328 480 2359 aut
494 2332 590 2351 manus
608 2324 749 2350 homicida:
769 2324 792 2350 ei
809 2323 974 2358 injiciuntur.
995 2324 1124 2358 Loquenti
1140 2323 1232 2359 DaVidi
1253 2324 1323 2351 servi
1339 2324 1560 2358 obtemperarunt
1569 2330 1596 2351 et
1610 2326 1818 2359 requieverunt.

210 2359 284 2395 Sauli
296 2359 414 2395 siirreitit
428 2363 459 2395 tu.
473 2358 600 2395 Davidem
617 2359 816 2395 prehenderet,_
827 2359 898 2395 lente
919 2366 1079 2395 progressus
1097 2364 1148 2386 est.
1164 2358 1253 2395 David
1261 2363 1363 2395 _autem
1385 2364 1411 2386 et
1427 2360 1485 2394 ipse
1501 2366 1517 2386 e
1529 2358 1664 2395 spelunca
1679 2368 1818 2395 egressus,

209 2394 287 2428 quasi
315 2393 405 2428 aquila
428 2393 543 2420 humiles
558 2401 621 2420 aves
637 2397 748 2428 superat
764 2393 853 2420 verbis
872 2393 1047 2420 amicissimis
1067 2393 1240 2427 compellavit
1258 2393 1377 2426 Saulem,
1393 2393 1506 2421 dicens:
1527 2394 1649 2426 Domine,
1671 2393 1734 2421 rei!
1754 2396 1820 2422 Saul

208 2427 300 2462 agnita
315 2435 380 2454 voce
394 2427 502 2455 Davidis
516 2436 639 2455 reversus
653 2427 713 2460 est;
729 2428 811 2455 David
826 2433 934 2455 autem:
949 2428 1017 2460 Quid
1033 2428 1095 2455 mali
1111 2428 1177 2455 feci?
1191 2428 1257 2462 qu.d
1270 2429 1296 2455 in
1310 2433 1334 2455 te
1346 2430 1465 2463 peccavi,
1480 2433 1506 2455 et
1518 2437 1567 2456 cur
1582 2436 1626 2456 me
1639 2431 1719 2456 etiam
1735 2436 1818 2458 noctu

208 2464 378 2498 persequeris
394 2468 440 2498 ,γει
462 2463 597 2490 insidiaris
617 2464 714 2490 anima.-
731 2463 817 2490 meai?
831 2463 899 2490 Ecce
915 2463 995 2490 hodie
1008 2464 1133 2490 viderunt
1148 2464 1219 2490 oculi
1241 2464 1278 2490 lui
1296 2469 1323 2490 et
1335 2463 1407 2490 oculi
1421 2464 1606 2491 comitantium
1622 2467 1657 2496 te,
1673 2466 1746 2498 quod
1767 2465 1820 2491 Do-

210 2497 300 2524 iiiinus
318 2502 342 2524 te
357 2497 467 2523 tradidit
483 2499 509 2524 in
525 2506 621 2525 manus
635 2506 719 2529 tricas,
734 2505 824 2524 etnon
837 2499 951 2533 cogitavi
968 2500 1001 2526 de
1017 2503 1043 2525 te
1061 2498 1219 2525 occidendo.
1238 2498 1378 2533 Cognosce
1391 2506 1468 2526 oram
1482 2499 1633 2533 chlamydis
1651 2497 1704 2526 ιιιξι·
1720 2500 1746 2526 ἰιι
1762 2509 1819 2527 ma-

209 2541 245 2559 nu
260 2540 329 2564 mea,
341 2536 368 2558 et
384 2538 518 2559 memento
536 2541 644 2559 manum
658 2541 700 2560 me
717 2541 803 2559 meam
818 2538 911 2568 contra
924 2538 950 2559 te
961 2541 1014 2560 non
1033 2533 1195 2560 extendsse.
1214 2532 1299 2565 Quem
1312 2534 1481 2568 persequeris
1497 2541 1578 2565 nunc,
1593 2541 1638 2561 rex
1655 2533 1738 2561 Israel
1750 2535 1763 2561 ?
1775 2543 1820 2562 ca-

210 2575 270 2594 nem
289 2571 425 2604 mortuum
445 2568 606 2602 insequeris.
622 2573 649 2604 et
667 2568 794 2602 puliceni.
809 2568 850 2594 Sit
865 2567 994 2594 Dominus
1021 2567 1114 2602 judex,
1133 2574 1159 2594 et
1170 2569 1272 2602 judicet
1289 2569 1357 2595 inter
1373 2567 1436 2596 teet
1454 2576 1517 2601 me;
1533 2569 1603 2604 sicut
1617 2574 1644 2596 et
1667 2570 1693 2595 in
1706 2571 1818 2604 antiquo

210 2603 351 2636 proverbio
361 2602 491 2636 scriptum
501 2608 541 2630 est
557 2612 564 2629 :
582 2604 622 2630 Ab
640 2603 730 2637 impiis
741 2603 892 2637 egredietur
906 2604 1048 2637 impielas;
1065 2610 1162 2629 manus
1174 2611 1238 2637 ergo
1256 2610 1315 2629 mea
1334 2611 1386 2629 non
1400 2604 1434 2630 sit
1448 2603 1474 2629 in
1490 2608 1515 2630 te
1529 2604 1548 2630 ¹.
1563 2602 1625 2630 Περ
1639 2604 1685 2630 ubi
1703 2602 1819 2631 Davides

209 2638 341 2673 dixissetp
353 2637 418 2673 Sani
433 2645 542 2671 gemens
558 2643 656 2665 etcum
673 2639 797 2672 lacrymis
810 2638 878 2664 dixit
891 2647 897 2664 :
912 2637 967 2664 Vox
985 2638 1041 2664 hzec
1061 2642 1106 2664 tua
1120 2641 1170 2669 est,
1184 2638 1220 2664 iiii
1236 2638 1273 2664 lili
1287 2638 1384 2671 David;
1396 2639 1494 2673 justior
1509 2643 1537 2665 tu
1552 2646 1581 2666 cs
1591 2646 1680 2673 quam
1699 2646 1750 2672 ego
1764 2648 1771 2671 ;
1790 2645 1817 2666 tu

209 2673 281 2698 enim
296 2671 362 2698 mihi
377 2672 494 2699 tribuisti
512 2673 592 2703 bona.
616 2680 666 2707 ego
684 2671 773 2699 autem
791 2673 861 2699 mala
882 2673 929 2699 tibi
945 2673 1067 2704 reddidi;
1086 2677 1112 2708 et
1124 2672 1209 2708 rhodie
1228 2671 1481 2708 annuntiasti'quod
1501 2671 1613 2700 tradidit
1625 2681 1668 2700 me
1687 2671 1818 2701 Dominus

210 2707 237 2733 in
251 2714 360 2733 manuni
375 2712 462 2739 tuam,
480 2713 507 2734 et
519 2715 571 2735 non
585 2708 708 2735 occidisti
725 2716 777 2734 me.
796 2707 872 2740 Quod
888 2708 911 2734 si
930 2708 992 2741 quis
1008 2707 1109 2742 invenit
1124 2707 1264 2734 inimicum
1279 2715 1357 2735 suum
1375 2713 1403 2734 et
1414 2707 1525 2735 dimittit
1537 2715 1599 2735 eum
1628 2709 1654 2734 in
1669 2715 1746 2742 pace,
1765 2708 1817 2735 Do-

209 2743 299 2769 minus
312 2742 344 2777 rei
362 2742 502 2775 retribuet,
517 2743 653 2777 quomodo
675 2749 702 2769 tu
723 2744 749 2769 in
771 2750 813 2769 me
828 2747 956 2776 operatus
974 2750 1013 2769 es.
1027 2741 1059 2768 Et
1079 2749 1151 2768 nunc
1174 2742 1232 2768 seio
1253 2747 1278 2769 te
1300 2748 1475 2777 regnaturum
1496 2750 1556 2771 esse
1575 2747 1601 2769 et
1617 2743 1773 2769 habiturum
1789 2744 1816 2769 in

209 2785 291 2803 manu
310 2776 391 2804 lsrael
408 2786 414 2804 :
429 2777 489 2812 jura
504 2776 570 2805 mihi
582 2786 664 2812 nunc,
681 2783 705 2805 te
717 2786 769 2805 non
787 2777 938 2804 ablaturum
955 2784 1016 2805 esse
1031 2784 1129 2804 nomen
1149 2783 1238 2804 meum
1256 2782 1317 2812 post
1334 2776 1375 2805 ine
1389 2786 1403 2805 e
1418 2778 1498 2805 domo
1513 2779 1598 2813 patris
1614 2778 1678 2805 mei.
1693 2777 1816 2811 Etjura-

253 2858 264 2873 ‘
284 2858 372 2891 lili-,g.
388 2866 460 2889 xxiv,
483 2858 514 2884 12
534 2865 593 2892 sqq.

238 2907 278 2938 (1)
293 2915 302 2933 t
311 2906 346 2933 lla
364 2905 424 2932 cod.
