1936 3042
216 106 272 136 οςε
887 110 980 139 NICE'I

1082 111 1176 139 )AVID
1785 108 1846 137 884

222 167 392 205 ilervagtana
409 177 454 203 per
472 167 612 196 Eusebium
628 169 795 203 Episcopium
815 177 840 195 a.
856 168 920 195 1571
939 178 944 195 :
961 169 1006 195 sed
1018 161 1087 203 quod
1107 168 1145 195 rei
1157 172 1236 203 caput
1252 172 1301 201 est,
1321 169 1474 204 scriptorem
1491 173 1560 196 recte
1579 171 1699 197 nominat
1713 168 1844 199 hiceta-

219 218 356 245 havidem.
373 217 433 244 Non
453 217 536 244 multo
555 222 613 252 pust
627 225 660 244 ex
675 217 741 244 libro
765 216 943 249 manuscripto
957 215 1119 243 bibliotheca
1135 216 1295 251 Augustam:
1311 215 1431 243 Grecam
1456 217 1643 251 paraphrasim
1667 218 1694 244 in
1714 226 1760 245 sex
1776 227 1844 246 car-

218 266 289 292 mina
321 268 428 294 Arcana
458 265 511 293 sive
543 265 570 292 in
600 273 688 294 versus
713 266 767 294 482
793 264 867 300 (sunt
901 271 960 291 vero
980 272 1088 291 numero
1109 263 1174 298 £85}
1195 264 1279 291 edidit
1304 264 1369 291 Dav.
1397 264 1558 292 ilmchelius
1580 264 1701 300 Lugduni
1720 265 1845 294 Batavo-

218 321 276 338 rum
294 320 320 338 a.
337 312 416 344 1591,
431 320 490 346 qua:
504 311 585 338 editio
609 311 718 345 repetita
737 315 776 337 est
795 309 828 336 ab
842 309 923 337 Joan.
945 309 1145 337 Hornschuchio
1159 309 1257 345 Lipsite
1274 318 1300 336 a.
1315 310 1402 340 1645ς
1417 319 1481 345 quos
1496 311 1575 337 libros
1598 319 1656 337 cum
1670 311 1757 338 videre
1770 321 1844 338 non-

220 358 283 384 dum
305 357 368 384 mihi
384 358 535 392 contigerit,
547 357 613 383 nihil
632 356 664 383 de
677 356 837 390 metaphrasi
852 364 930 390 quam
944 356 1078 383 continent
1091 361 1206 383 statuere
1217 364 1333 390 possunt.
1351 357 1434 391 Atque
1445 364 1475 384 es
1489 357 1536 383 illo
1553 362 1667 391 tempore
1682 366 1721 384 res
1735 358 1844 385 intacta

212 406 325 437 mansio,
341 404 422 432 donec
435 405 470 431 ad
487 404 658 438 quaestionem
675 402 868 430 dissolvendam
883 410 923 429 me
937 403 1043 437 impulit
1058 402 1103 429 ille
1119 402 1201 429 codex
1216 411 1291 438 quem
1306 403 1362 437 iam
1376 403 1554 437 descripturus
1568 412 1636 431 sum.

248 451 288 478 Ad
305 451 377 485 ripas
392 449 514 477 Mosellae
533 449 740 482 ammnissimas,
750 456 830 483 prope
843 449 928 476 vicum
947 447 1025 480 Cues,
1039 448 1133 475 domus
1151 453 1190 475 est
1209 448 1312 475 alendis
1327 448 1431 476 senibus
1446 449 1604 484 presbyteris
1624 458 1640 476 a
1653 449 1766 477 Nicolao
1782 450 1842 478 Cu-

211 507 277 527 sano
290 499 337 526 illo
352 498 489 526 cardinale
511 497 667 524 doctissimo
683 501 829 528 exstructa,
847 496 874 522 in
892 495 969 530 cujus
984 495 1141 522 bibliotheca
1158 495 1224 522 bona
1246 503 1308 529 pars
1325 496 1464 528 librorum,
1488 505 1552 531 quos
1569 496 1698 524 Nicolaus
1717 506 1765 524 aut
1784 499 1843 533 ipse

211 547 351 579 scripserat
367 548 413 571 aut
433 544 460 570 in
475 542 614 570 itineribus
629 542 780 577 collegerat,
798 541 886 568 adhuc
900 546 1062 572 asservatur,
1078 550 1227 576 quanquam
1250 550 1318 576 sa'pe
1336 546 1374 569 est
1390 542 1515 576 spoliata.
1540 541 1673 570 Numerus
1685 544 1791 578 quidem
1807 545 1843 571 li-

208 594 319 620 brorum
338 593 449 627 exiguus
465 596 515 623 est,
530 591 575 618 sed
595 591 765 624 reperiuntur
779 589 848 616 inter
860 597 903 616 eos
920 589 1001 616 etiam
1018 589 1078 616 boni
1092 594 1117 615 et
1131 589 1204 624 digni
1218 591 1262 624 qui
1276 590 1452 619 innotescunt.
1470 589 1531 616 licet
1550 598 1601 616 non
1614 590 1689 621 tales,
1705 591 1798 625 quales
1814 601 1842 618 se

210 640 247 667 ibi
262 644 430 674 reperturum
445 646 502 664 esse
513 641 665 672 sperat-erat
687 636 769 663 Andr.
783 635 854 663 Cuil.
873 635 1027 668 Cramerue,
1040 635 1116 671 cujus
1133 636 1181 662 hac
1196 636 1227 663 de
1240 644 1268 664 re
1282 636 1370 670 lepida
1380 640 1467 663 exstat
1481 637 1600 662 narratio
1617 637 1645 662 in
1657 637 1738 670 ipsius
1751 637 1840 665 Chro—

210 685 283 712 nicis
298 684 468 715 domesticis,
487 691 513 717 p.
533 682 585 709 145
599 691 655 718 sqq.
677 681 714 708 De
729 682 805 708 libris
823 682 892 708 enim
907 682 951 717 qui
964 681 1052 716 adjus
1067 685 1186 716 spectant
1199 681 1307 708 meliora
1322 681 1407 708 edocti
1421 689 1512 707 sumus
1530 681 1561 707 ab
1578 681 1704 708 Eduardo
1724 682 1842 718 Bocliing

207 737 264 767 ,κιο
288 731 373 758 Bonn.
390 739 414 758 ο.
434 731 473 762 d.,
491 739 515 757 v.
539 729 613 756 b'rid.
629 729 693 757 Car.
708 737 724 756 a
740 728 854 764 Savigny
875 729 970 755 librum
992 728 1157 756 Geschichte
1169 728 1218 756 des
1230 729 1386 756 rémischen
1399 727 1513 761 Rcchls,
1533 733 1594 760 etc.,
1611 727 1671 760 Ill,
1685 729 1711 760 8,
1725 730 1767 756 ed.
1784 738 1841 757 see.

211 779 286 806 Inter
299 777 404 805 Grteeos
425 782 511 804 autem
528 776 610 804 libros
629 776 832 809 manuscriptos,
848 783 960 810 quorum
972 776 1048 809 copia
1062 775 1126 802 mihi
1139 783 1220 809 nuper
1237 774 1310 809 facta
1330 779 1368 802 est
1390 783 1435 810 per
1452 773 1620 806 Martinium,
1637 784 1660 802 v.
1677 784 1743 808 rem,
1761 776 1840 802 illius

211 828 305 854 domus
322 826 485 860 pra/’ectum,
503 824 553 859 fuit
568 825 648 851 etiam
663 823 754 852 codex.
770 823 815 856 qui
829 828 910 850 totam
928 822 1030 849 Niceti!
1046 821 1157 849 Davidis
1167 821 1356 856 metaphrasim
1372 822 1486 848 continet
1497 822 1524 848 in
1538 822 1627 849 omnia
1642 822 1764 858 Gregorii
1776 823 1838 850 Na-

212 873 332 900 zianzeni
347 872 477 903 carmina,
499 878 558 906 qua
583 870 628 896 ille
640 870 827 904 interpretatus
848 873 897 898 est.
912 868 1128 895 lembranaceus
1143 871 1182 895 est
1202 874 1278 903 atque
1300 876 1333 894 ex
1346 868 1418 902 foliis
1438 868 1488 895 158
1502 868 1596 902 [orum
1611 869 1751 904 quadrata
1771 878 1839 897 colt-

213 926 285 953 stat;
302 920 417 954 scriptus
436 923 474 945 est
490 918 518 944 ni
537 917 621 950 fallor
639 916 736 944 sa'culo
753 925 779 943 ιι
795 916 835 943 vel
847 924 885 943 xu
904 916 1101 951 catligraphice,
1118 923 1168 942 non
1190 915 1388 951 tachggraphice
1403 915 1473 950 quod
1488 920 1591 947 vocant,
1607 924 1711 943 summa
1731 917 1841 944 littera»

213 976 273 995 rum
285 966 418 1002 elegantia
434 972 589 1000 summaque
607 963 755 999 diligentia.
773 963 854 998 Siglis
869 964 950 990 nullis
966 972 1029 990 usus
1043 968 1081 990 est
1106 962 1252 994 librarius;
1268 970 1355 996 pauca
1370 967 1472 989 tantum
1490 964 1617 990 vocabula
1632 972 1678 998 per
1702 965 1841 992 abbrevia-

213 1019 301 1041 turam
312 1013 411 1048 scripta
428 1017 490 1039 sunt
502 1017 530 1038 ut
547 1010 662 1047 Ἰησοῦς,
675 1010 802 1046 Χριστός,
818 1011 888 1042 θεός,
904 1011 977 1046 πνεῦλ

1073 1011 1128 1047 ,τήρ
1153 1011 1415 1046 μητήρβνθρωπος.
1433 1011 1554 1046 σωτηρία
1566 1016 1591 1038 et
1608 1012 1640 1038 ab
1653 1012 1692 1039 his
1704 1013 1837 1040 derivata.

212 1061 373 1087 Accentuum
393 1059 462 1085 ratio
480 1058 571 1085 eadem
589 1059 643 1092 fere
658 1062 696 1084 est
715 1066 773 1092 qua
788 1058 864 1084 hodie
883 1058 1058 1090 observatur;
1073 1058 1141 1092 quod
1158 1057 1191 1084 ad
1212 1057 1321 1094 spiritus
1343 1058 1447 1089 attinet,
1469 1058 1522 1085 duo
1544 1058 1591 1085 rho
1611 1058 1732 1094 deinceps
1749 1060 1839 1093 posita

213 1110 346 1140 nunquam
358 1105 419 1131 illos
432 1105 482 1131 sibi
496 1105 637 1138 inscriptos
654 1103 761 1135 habent,
774 1109 801 1130 ut
815 1111 841 1131 et
856 1105 884 1130 in
899 1104 961 1131 aliis
976 1104 1109 1130 codicibus
1120 1108 1145 1131 et
1159 1112 1228 1130 nunc
1239 1092 1385 1135 scribitur;
1396 1112 1420 1131 v.
1438 1104 1514 1132 Bast.
1526 1104 1681 1133 Comment.
1694 1092 1838 1141 palaeogr"

213 1153 276 1180 753.
296 1152 358 1179 Iota
370 1152 439 1187 quod
459 1151 636 1186 subscriptum
650 1151 762 1178 dicimus
780 1159 913 1186 nunquam
928 1151 1000 1186 infra
1011 1152 1120 1183 lineam,
1137 1160 1198 1178 raro
1212 1152 1239 1178 in
1255 1152 1310 1185 ipso
1325 1159 1400 1179 versu
1413 1152 1531 1185 ponitur,
1544 1153 1696 1188 plerumque
1708 1155 1838 1181 omissus

212 1203 262 1230 est,
285 1198 330 1225 sed
345 1202 406 1225 sunt
429 1197 506 1224 verba
524 1205 581 1232 qua
601 1205 670 1224 nunc
685 1202 774 1224 carent
789 1199 845 1224 iota
862 1197 1019 1231 subscripta,
1036 1202 1061 1224 et
1078 1198 1105 1224 in
1128 1197 1215 1224 codice
1228 1197 1294 1223 illud
1308 1196 1414 1226 habent.
1434 1202 1462 1224 ut
1483 1197 1562 1229 ζῶιον
1577 1207 1624 1232 pro
1641 1198 1720 1231 ζῶον,
1732 1200 1765 1226 de
1783 1208 1838 1234 qu

213 1243 345 1270 scribendi
364 1244 467 1270 ratione
485 1251 509 1270 υ.
527 1242 603 1269 Bast.
618 1242 637 1269 ί.
653 1242 672 1269 ί.
688 1242 749 1270 719.
769 1242 914 1269 Ραηίαιίιε
932 1251 977 1277 que

1075 1244 1226 1278 composita:
1247 1250 1293 1277 per
1306 1248 1395 1277 partes
1413 1243 1575 1275 scribuntur,
1595 1253 1619 1272 ο.
1635 1253 1659 1272 c.
1677 1245 1715 1272 ἆτ’
1731 1245 1774 1278 ἄν,
1792 1247 1837 1273 ἐπ’

214 1290 256 1325 ὴν,
274 1289 359 1316 ἑπειδ⁹
375 1289 409 1316 ἄν
425 1298 431 1304 ·
449 1294 541 1316 contra
556 1289 709 1324 prazpositio
722 1289 794 1315 κατά
807 1297 866 1315 cum
885 1289 1042 1324 quibusdam
1064 1290 1237 1317 substantivis
1259 1297 1327 1322 sa'pe
1345 1290 1372 1316 iis
1387 1297 1468 1317 unum
1488 1291 1641 1320 vocabulum
1655 1294 1836 1329 conjungitur.

211 1346 235 1365 1.
249 1346 272 1364 c.
290 1337 453 1372 κατάφυσιν.
467 1336 589 1364 Itacismi
604 1337 713 1371 vestigia
727 1344 815 1370 pauca
830 1338 1007 1372 reperiuntur.

246 1382 353 1410 Folium
368 1383 483 1417 primum
496 1383 586 1417 incipit
599 1382 685 1410 colore
700 1382 779 1409 rubro
792 1391 801 1410 :
815 1383 922 1418 Νικήτα
934 1383 980 1409 τοῦ
993 1392 1010 1410 κ

1073 1383 1102 1411 id
1116 1383 1208 1410 δούλου
1227 1383 1251 1410 ιῡ
1268 1383 1302 1419 χῦ
1320 1384 1366 1411 τοῦ
1379 1384 1523 1420 φιλοσόφου
1535 1386 1664 1422 ἐξήγησις
1679 1387 1734 1414 τῶν
1749 1389 1837 1424 ἀπορ-

212 1430 301 1466 ρήτων
317 1429 364 1456 τοῦ
379 1430 498 1465 μεγάλου
517 1431 667 1466 Γρηγορίου
683 1430 729 1456 τοῦ
747 1430 877 1464 Θεολὸγου
894 1431 967 1457 ὲπῶν
984 1431 1061 1466 λόγος
1082 1435 1116 1458 α’.
1134 1431 1287 1468 Προοίμιον.
1306 1431 1339 1459 0i
1355 1432 1404 1468 μὲν
1421 1433 1486 1468 παρ’
1500 1433 1610 1469 Ἕλλησι
1629 1435 1841 1469 φιλοσοφώτατοι

211 1474 282 1502 εἶναι.
294 1474 419 1508 δόξαντες
432 1476 478 1503 καὶ
494 1476 650 1510 λογιώτατοι
669 1476 739 1510 ἡνίκ’
759 1476 792 1502 ἂν
813 1478 871 1508 ταῖς
892 1477 962 1513 ὑπὲρ
980 1477 1010 1503 τὸ
1033 1477 1195 1512 βλεπόμενον
1215 1478 1263 1505 καὶ
1283 1478 1331 1513 τὴν
1356 1479 1481 1514 αἰσθησιν
1500 1481 1636 1515 θεωρίαις,
1652 1481 1710 1507 κτλ.
1727 1481 1794 1517 Pag.
1812 1483 1839 1513 ι,

211 1521 282 1555 Περὶ
294 1520 404 1556 ἀρχῶν.
422 1523 453 1547 Οἱ
469 1521 520 1556 τῆς
533 1522 666 1556 κοσμικῆς
684 1521 778 1556 σοφίας
793 1522 842 1557 ’τὴν
861 1522 1014 1558 ἀκροτάτην
1031 1522 1192 1549 καταλαϐεῖν
1216 1523 1385 1558 κατοιόμενοι
1402 1524 1543 1559 περιωπήν
1564 1525 1652 1551 πάντα
1666 1525 1700 1552 τά
1714 1525 1779 1553 ὄντα
1794 1527 1840 1552 καὶ

210 1567 246 1595 τὰ
258 1568 387 1604 γινόμενα
402 1569 442 1600 εἰς
457 1570 530 1605 τρεῖς
550 1569 599 1599 τὰς
615 1570 784 1604 κυριωτάτας
802 1570 849 1596 καὶ
862 1570 1016 1605 πρωτίστας
1031 1570 1118 1602 αἰτίας
1135 1571 1182 1597 καὶ
1199 1571 1286 1606 ἀρχὰς
1301 1571 1480 1606 ἀναφέροντες
1496 1571 1723 1608 ὲκκορυφοῦνται’
1739 1573 1839 1604 ταύτας

211 1615 240 1643 δὲ
255 1616 317 1642 νοῦν
340 1614 387 1642 καὶ
409 1614 474 1650 ὕλην
496 1616 543 1641 καὶ
572 1613 640 1647 εἶδος
667 1614 811 1646 καλοῦντες
833 1615 982 1650 συνάρχους
1004 1615 1050 1642 καὶ
1077 1615 1227 1647 συναιτίους
1241 1615 1294 1641 τῶν
1312 1616 1420 1642 πάντων
1439 1616 1618 1644 ὑποτίθενται.
1633 1617 1694 1644 κτλ.
1708 1617 1778 1652 Pag.
1795 1619 1838 1649 16.

227 1662 359 1697 Εξήγησις
377 1661 431 1687 τῶν
451 1661 613 1699 ἀπορρήτων
629 1660 676 1687 τοῦ
700 1661 817 1696 μεγάλου
839 1660 988 1696 Γρηγορίου
1013 1661 1059 1687 τοῦ
1081 1661 1211 1695 Θεολόγου
1229 1661 1318 1687 ἐπῶν·
1339 1661 1425 1695 Λόγος
1443 1662 1464 1696 β’
1481 1663 1550 1696 Περὶ
1577 1663 1655 1690 Υιοῦ.
1679 1663 1839 1698 Ὲκθέμενος

213 1710 276 1745 περὶ
288 1709 379 1745 ἀρχῶν
392 1708 408 1744 ἢ
419 1708 517 1744 ἀρχῆς,
532 1708 627 1736 ταύτὸν
642 1709 670 1735 δὲ
685 1710 782 1741 εἰπεῖν,
796 1709 859 1744 περὶ
873 1708 923 1744 τῆς
935 1708 1075 1744 τριαδικῆς
1091 1709 1239 1744 μοναρχίας
1254 1711 1268 1736 ό
1280 1709 1428 1745 θαυμάσιος
1443 1710 1631 1746 ὲπιτομώτατα
1646 1711 1779 1738 διαλαϐὼν
1795 1711 1840 1738 καὶ

211 1758 274 1790 τοὺς
290 1759 338 1794 μὲν
350 1758 459 1794 ἐριστὰς
479 1760 519 1790 είς
539 1758 728 1794 διαλογισμοὺς
747 1760 919 1786 παντάπασιν
934 1760 1022 1794 ἀφείς,
1041 1760 1100 1786 κτλ.
1118 1760 1185 1795 Pag.
1202 1761 1246 1792 50,
1259 1761 1344 1794 Λόγος
1361 1763 1384 1794 γ’
1397 1760 1467 1794 Περὶ
1483 1760 1536 1787 τοῦ
1556 1759 1643 1794 ἁγίου
1659 1760 1838 1794 Πνεύματος.

212 1806 381 1840 θεολογήσας
399 1807 413 1833 ὸ
425 1805 635 1840 θεοληπτότατος
651 1806 716 1841 περὶ
730 1807 836 1841 Πατρὸς
850 1807 897 1833 καὶ
913 1807 978 1833 Υἱοῦ
993 1808 1043 1833 ὅσα
1061 1807 1124 1843 ἐξῆν
1142 1807 1216 1843 αὐτῷ
1237 1807 1349 1835 διειπεῖν
1369 1809 1398 1834 ὲν
1415 1807 1545 1843 ἀφράστῳ
1559 1807 1704 1842 γοργότητι
1718 1807 1764 1834 καὶ
1779 1815 1839 1833 συν-

212 1852 295 1888 τομία
307 1852 351 1878 διὰ
366 1851 420 1878 τῶν
433 1852 677 1887 προπεποιημένων
690 1852 816 1888 ἡρωϊκῶν
829 1853 902 1879 ὲπῶν
919 1853 966 1879 νῦν
980 1853 1012 1888 δὴ
1031 1853 1181 1889 ἑπομένως,
1204 1853 1262 1880 κτλ.
1285 1853 1352 1889 Pag.
1365 1854 1409 1888 45,
1423 1854 1492 1888 Περὶ
1509 1854 1624 1888 κόσμου
1638 1853 1714 1887 λόγος
1727 1853 1759 1880 δ’.
1774 1853 1838 1888 Pag.

212 1897 256 1924 64.
280 1897 348 1932 Περὶ
362 1897 506 1931 προνοίας
525 1895 601 1930 λόγος
613 1896 644 1923 ε’.
659 1896 726 1932 Pag.
742 1897 787 1928 78,
802 1897 871 1931 Περὶ
887 1897 944 1924 τῶν
959 1898 1087 1933 λογικῶν
1098 1898 1210 1926 οὐσιῶν
1223 1899 1300 1933 λόγος
1318 1899 1354 1932 ς’.

250 1951 337 1988 Igitur
360 1959 393 1979 ea:
416 1953 464 1979 hoc
489 1951 577 1978 codice
596 1952 711 1986 primum
727 1952 908 1987 intelligimus,
926 1959 988 1988 quot
1010 1954 1129 1980 carmina
1145 1953 1253 1981 Nicetas
1268 1955 1456 1985 interpretatus
1478 1955 1569 1990 fuerit,
1587 1960 1648 1982 sunt
1670 1959 1757 1982 autent
1772 1963 1838 1988 prte-

213 2009 253 2030 ter
280 2002 434 2030 tetrasticha
456 2009 563 2028 numero
581 2005 632 2030 xv;
649 1997 741 2024 deinde
760 2006 895 2025 numerum
920 1999 1079 2030 carminum,
1095 2007 1154 2033 qua:
1173 1999 1318 2034 ἀπόρρητα
1337 2001 1519 2033 nominaverit,
1550 2001 1686 2035 aliquanto
1713 2001 1836 2035 majorem

213 2058 270 2078 esse
291 2057 371 2086 quam
391 2049 467 2076 Billii
485 2055 631 2075 numerum.
654 2045 684 2073 Is
696 2046 765 2073 enim
787 2051 844 2072 octo
859 2050 962 2073 tantum
975 2047 1095 2074 carmina
1112 2047 1149 2074 ita
1165 2048 1300 2082 inscripsit
1315 2056 1396 2083 neque
1410 2048 1554 2083 quidquam
1570 2047 1602 2073 de
1622 2046 1672 2073 hac
1686 2055 1715 2074 re
1728 2047 1838 2075 monuit.

213 2104 365 2131 quanquam
382 2100 465 2122 totum
481 2094 582 2122 Nicetis
602 2094 818 2121 commentarium
839 2095 867 2121 in
886 2095 1008 2122 manibus
1021 2095 1144 2122 habuisse
1162 2096 1264 2123 videtur
1290 2097 1342 2124 sive
1357 2097 1384 2123 in
1397 2105 1450 2123 uno
1467 2095 1565 2128 codice,
1581 2095 1727 2122 cardinalis
1751 2095 1840 2122 Sirleti

213 2141 329 2169 codicem
343 2142 412 2174 dico,
437 2142 489 2171 sive
507 2142 534 2168 in
551 2141 676 2174 pluribus
691 2145 831 2174 repertum.
858 2149 920 2167 nam
934 2141 962 2167 in
975 2142 1144 2168 onnotatione
1158 2142 1264 2176 respicit
1285 2142 1319 2169 ad
1335 2142 1552 2168 commentarium
1569 2149 1620 2167 non
1644 2140 1730 2167 solum
1745 2141 1773 2167 in
1786 2145 1838 2167 octo

215 2188 264 2214 illa
278 2188 408 2218 carmina.
434 2187 478 2214 sed
490 2188 570 2214 etiam
585 2187 613 2212 in
635 2191 731 2218 septem
746 2185 848 2219 reliqua
875 2191 952 2220 atque
966 2186 1182 2212 commentarium
1211 2187 1237 2213 in
1261 2186 1427 2213 Tetrastieha
1451 2192 1535 2213 totum
1563 2186 1651 2213 uertit.
1668 2185 1760 2220 Ipsum
1785 2193 1840 2212 vero

217 2232 341 2261 Nieetam
361 2234 416 2260 hac
428 2235 548 2260 carmina
559 2233 704 2269 ἀπόρρητα
719 2233 874 2268 appellasse.
883 2233 976 2260 docere
986 2233 1049 2260 mihi
1063 2234 1182 2260 videntur
1193 2242 1251 2268 qua
1265 2234 1297 2260 de
1309 2242 1358 2261 suo
1368 2235 1502 2269 proposito
1512 2234 1602 2261 scribit
1614 2234 1641 2260 in
1655 2234 1782 2268 prooemio
1795 2233 1838 2267 fol.

215 2280 234 2308 2
248 2289 271 2308 v.
286 2279 343 2307 cad.
361 2287 369 2306 .'
385 2279 424 2306 At‘
440 2279 454 2304 ὃ
469 2279 514 2305 καὶ
526 2280 605 2314 ἡμεῖς
619 2279 644 2305 οἱ
665 2280 772 2306 πάντων
783 2278 890 2314 ἔσχατοι
906 2278 952 2305 καὶ
966 2278 1122 2314 μικρότεροι
1137 2279 1206 2314 πρὸς
1227 2279 1272 2306 τὸν
1295 2279 1364 2316 ὑπὲρ
1383 2280 1487 2312 πάντας
1502 2281 1565 2312 τοὺς
1579 2280 1780 2315 πρεσϐυτέρους
1797 2279 1840 2306 καὶ

216 2323 392 2355 ι,ιδασκάλονς
406 2324 585 2359 τετιμημένον
600 2325 665 2359 ἡμῖν
678 2324 827 2359 Γρηγόριον
846 2323 891 2350 τὸν
907 2323 1036 2358 Θεολόγον
1055 2324 1101 2350 τὸν
1121 2323 1182 2350 νοῦν
1202 2324 1387 2360 ἐπερείδοντες
1406 2325 1444 2357 ὡς
1458 2325 1506 2359 τῆς
1521 2325 1657 2360 ἡμετέρας
1670 2325 1840 2360 καθηγεμόνα

215 2371 304 2407 ψυχῆς
317 2371 363 2396 καὶ
373 2370 410 2401 ὡς
425 2369 623 2406 περισσοτέρως
640 2371 672 2397 ἐκ
685 2371 738 2397 τῶν
757 2370 838 2397 αὐτοῦ
853 2370 994 2404 θεολογῶνι
1008 2370 1226 2406 οἰκοδομούμενοι
1243 2371 1364 2406 ὀλίγους
1379 2371 1463 2405 τινὰς
1475 2373 1510 2399 ἐκ
1527 2371 1586 2398 τῶν
1603 2372 1695 2399 αὑτοῦ
1708 2371 1838 2405 δυσφρά-

216 2427 298 2445 στων
310 2418 359 2445 καὶ
374 2417 587 2452 δυσθεωρήτων
600 2418 698 2453 λόγων
714 2418 779 2452 ἦτοι
798 2418 989 2453 θεοφρὰστων
1004 2417 1085 2444 ἐπῶν
1101 2418 1137 2445 τὰ
1155 2419 1374 2453 ἀπορρητότερα
1391 2419 1439 2446 καὶ
1461 2420 1521 2453 τοῖς
1534 2418 1660 2452 πολλοῖς
1679 2418 1840 2445 circulatim

217 2469 260 2501 εις
274 2467 421 2502 ἐξήγησιν
436 2466 644 2501 προυθήκαμεν
663 2467 789 2500 ἑαυτοῖς.
805 2467 870 2495 Cum
888 2467 927 2493 his
944 2475 981 2493 co:

1085 2475 1142 2501 qua:
1155 2474 1216 2501 pag.
1236 2467 1286 2494 152
1303 2468 1365 2502 (col.
1379 2467 1442 2501 765)
1456 2467 1534 2502 hujus
1555 2468 1615 2494 libri
1634 2467 1765 2502 leguntur.
1785 2465 1837 2493 Ca-

219 2520 303 2542 terum
320 2523 350 2542 ne
366 2516 413 2542 illa
427 2514 530 2551 quidem
545 2516 676 2548 carmina,
701 2523 760 2550 quia
775 2515 871 2543 Billius
889 2515 1042 2555 cognomine
1060 2513 1115 2540 τῶν
1130 2514 1296 2550 ἀπορρήτων
1311 2515 1456 2549 insignivit,
1474 2516 1502 2541 in
1517 2514 1637 2540 omnibus
1656 2514 1790 2540 codicibus
1805 2512 1840 2538 ita

219 2571 275 2591 asse
297 2563 426 2598 inscripta
451 2567 561 2590 testatus
577 2568 615 2590 est
631 2562 743 2590 Carolus
771 2562 865 2593 Bened.
881 2562 962 2593 Hase,
977 2563 1021 2596 qui
1043 2562 1084 2588 vir
1104 2561 1272 2588 clarissimus
1299 2565 1323 2588 et
1349 2561 1519 2588 doctissimus
1539 2568 1554 2586 a
1577 2568 1618 2586 me
1647 2566 1769 2594 rogatus,
1788 2567 1839 2585 cuiu

218 2617 301 2636 essem
311 2616 409 2635 memor
423 2617 512 2636 eorum
529 2616 587 2643 qute
602 2607 652 2642 legi
666 2607 692 2633 in
706 2606 862 2642 prteiatione
879 2605 912 2632 ad
931 2604 1043 2632 Leonem
1068 2605 1216 2632 Diaconum
1230 2614 1292 2640 pag.
1310 2613 1373 2632 xxix
1390 2605 1431 2632 ed.
1446 2605 1606 2640 Bonn.,qua
1621 2609 1660 2632 est
1681 2605 1840 2631 humanitate

219 2659 247 2684 in
258 2665 342 2684 meum
359 2665 437 2684 usum
450 2656 561 2684 contulit
571 2664 659 2684 omnes
674 2655 834 2682 bibliotheca:
847 2653 932 2689 Regia
950 2654 1108 2681 Parisiensis
1127 2655 1241 2681 codices.
1261 2653 1353 2689 Neque
1372 2655 1448 2681 illam
1461 2652 1655 2687 inscriptionem
1671 2650 1749 2678 habet
1765 2650 1840 2695 cades

219 2703 367 2730 carminum
388 2702 509 2737 Gregorii
526 2702 706 2733 Bodleianus,
725 2708 802 2736 quem
821 2699 990 2734 Gaisfordius
1003 2699 1144 2734 descripsit
1161 2701 1188 2727 in
1199 2700 1329 2735 Catalogo
1340 2700 1398 2728 sive
1415 2699 1516 2728 Notitia
1533 2698 1784 2732 manuscriptorum
1797 2700 1837 2730 qut

220 2751 254 2778 ab
268 2750 289 2777 E
315 2750 455 2778 l).Clnrke
469 2751 621 2785 comparati
639 2750 666 2777 in
682 2749 846 2777 bibliotheca
865 2747 1010 2775 Bodleiana
1026 2752 1205 2776 asseruntur
1216 2756 1244 2783 p.
1263 2756 1282 2782 ι,
1299 2757 1326 2783 p.
1338 2748 1374 2776 23
1398 2757 1454 2784 sqq.
1474 2747 1527 2775 Sed
1543 2752 1674 2780 utcunque
1687 2749 1738 2776 est,
1752 2746 1839 2778 pra'ler

221 2797 274 2824 hac
293 2798 412 2824 carmina
426 2806 453 2824 se
468 2797 524 2824 alia
542 2797 617 2824 nulla
635 2798 835 2830 interpretatum
852 2805 907 2824 esse
921 2797 975 2832 ipse
990 2796 1099 2825 Nicetas
1115 2798 1235 2832 afﬁrmat
1252 2799 1278 2825 in
1293 2798 1480 2825 commentario
1496 2798 1530 2824 ad
1551 2795 1726 2827 Tetrasticha,
1744 2802 1768 2821 ο.
1782 2800 1837 2828 pag.

221 2841 269 2869 131
286 2842 347 2878 (col.
358 2842 433 2878 757).
459 2841 500 2870 Ex
513 2843 566 2870 illis
582 2842 665 2870 verbis
687 2841 847 2877 jamdudum
862 2842 1002 2870 verisimile
1015 2842 1079 2870 mihi
1106 2842 1243 2871 videbatur
1264 2843 1506 2878 interpretationem
1534 2842 1755 2871 monastic/torum
1771 2845 1840 2874 atque
