1936 3042
227 108 280 137 887

226 176 287 196 nem
296 171 323 195 et
332 167 494 203 theologiam
515 167 671 204 Theologus
696 170 836 198 transtulit
856 171 970 207 spiritus
983 175 1011 199 et

225 213 358 248 expositis
375 214 492 249 primum
509 221 603 241 eorum
618 215 666 249 qui
693 215 762 244 foris
781 220 846 244 sunt
874 218 1017 246 sententiis

226 263 255 285 et
270 258 348 293 quasi
358 265 445 294 nugas
460 266 522 286 esse
536 259 687 293 convictis;
702 261 743 288 sic
757 268 850 289 verum
865 263 1015 291 secundum

227 305 377 333 Ecclesium
407 309 435 332 et
457 304 616 341 Scripturas
642 314 712 342 pure
740 309 815 337 dedit
849 309 1015 339 doctrinam.

226 352 313 380 Porro
326 352 498 388 simplicibus
512 353 658 382 admodum
672 360 700 382 et
716 362 731 382 a
748 354 804 384 Deo
813 364 878 384 vere
895 356 1015 392 inspira-

225 399 262 426 tis
281 398 434 426 ratiociniis
447 398 473 425 in
488 398 569 426 initio
583 399 724 428 disserens
736 401 776 428 sic
785 400 851 429 dicit
866 409 876 428 ς

227 444 239 482 ρ
262 444 448 482 Qnimeﬂatus
460 449 499 471 est
510 443 567 476 Dei,
576 445 780 482 rmistionentque
796 447 908 475 celestis

223 480 242 507 2
260 478 375 506 Pertulit
388 487 446 506 cum
460 481 592 513 terrestri,
604 485 659 508 etc.

259 524 336 552 Sicut
355 525 383 552 in
400 525 462 553 aliis
479 525 617 554 allirmans
634 526 778 562 theologus
791 529 864 564 quod
884 529 918 558 de
933 535 1015 558 mate-

228 570 268 598 ria
284 570 393 607 quidem
411 578 512 607 corpus
527 573 674 607 sumpserit
695 572 778 606 Deus,
791 574 825 601 de
840 575 931 610 seipso
949 583 1014 604 vero

228 616 412 652 spiraculum,
437 618 597 653 pronuntiat
614 618 770 648 Creatorem
788 621 944 650 condidisse
964 622 1014 650 he-

223 663 323 691 minem
338 663 464 695 mixtum,
482 663 523 691 sic
537 668 564 691 et
578 672 651 692 nunc
671 665 699 692 in
718 666 908 701 superioribus
926 668 1013 696 versi-

227 708 279 735 bus
298 707 412 735 allirmat
428 708 546 736 animam
562 711 762 739 emanationem
777 719 838 740 esse
855 712 901 740 Dei
914 717 941 741 et
956 714 1013 749 spi-

222 753 356 786 raculum.
377 762 458 790 quam
479 755 541 784 ideo
554 756 651 791 probat
668 757 806 786 caelestem
824 754 945 794 quidem.
963 760 1011 788 sed

223 800 368 835 patientem
390 800 433 828 vel
454 801 635 829 sustinentem
651 803 790 831 terrestris
799 805 922 839 corporis
936 813 1011 833 com-

221 845 379 873 mixtionem
393 849 440 872 aut
451 845 683 881 conjunctionem,
698 852 725 875 et
734 849 806 876 sicut
825 849 916 878 lumen
929 852 1013 887 quod-

221 892 284 918 ilam
299 890 452 926 intelligens
481 891 617 919 occultam
636 899 697 920 esse
716 896 743 921 et
761 894 866 922 unilam
882 897 958 923 carni
975 897 1012 924 si-

220 937 267 961 cut
284 934 311 962 in
327 943 444 963 caverna
462 937 607 965 inclusam.
637 937 689 966 Sed
709 938 886 968 nihilominus
913 941 1012 971 divinae

219 988 282 1008 cum
306 981 342 1009 sit
360 986 473 1015 natura,
492 982 656 1011 immortalis
669 989 695 1012 et
707 985 924 1021 incorruptibilis
945 997 1008 1018 vere

218 1029 270 1053 est.
285 1025 345 1054 Non
356 1027 440 1061 enim,
455 1028 554 1063 inquit,
567 1028 679 1064 dignum
691 1036 750 1058 erat
768 1032 857 1067 magni
873 1032 919 1062 Dei
941 1041 1004 1063 cum

219 1072 255 1099 sit
263 1071 362 1108 imago.
370 1074 455 1108 ipsam
466 1082 519 1102 una
530 1082 593 1102 cum
603 1076 750 1111 reptilibus
762 1078 1010 1109 irrationabilibus-

218 1127 271 1153 que
285 1119 385 1147 bestiis
397 1121 468 1148 mori
481 1126 508 1148 et
524 1120 596 1149 {cede
608 1121 733 1156 dissolvi,
743 1124 850 1153 etiamsi
867 1132 1009 1161 peccatum

219 1165 293 1192 illam
311 1171 390 1202 cogat
404 1166 438 1194 ad
453 1171 568 1195 mortem
579 1172 607 1196 et
616 1170 830 1204 corruptionem.

218 1276 234 1303 7
271 1276 361 1312 Neque
372 1278 439 1313 ignis
453 1278 548 1313 fervidi
562 1284 660 1307 natura
671 1284 721 1313 est,
753 1285 808 1309 etc.

257 1333 483 1369 Philosophorum
502 1335 549 1370 qui
576 1334 706 1363 dicuntur
733 1337 877 1372 exoterici,
904 1340 950 1367 alii
972 1341 1013 1377 ig-

218 1387 280 1406 nem
303 1380 486 1408 substantiam
501 1381 701 1409 contenderunt
716 1382 825 1416 anime,
847 1384 893 1412 alii
907 1393 1009 1420 aerem,

222 1426 268 1452 alii
287 1426 430 1461 sanguinis
453 1426 555 1455 fontem
578 1434 626 1463 per
643 1435 755 1457 carnem
785 1433 870 1458 totam
899 1439 1012 1461 curren-

222 1475 278 1499 tem
297 1479 304 1498 :
323 1472 392 1511 nihil
410 1477 501 1500 autem
525 1472 622 1501 horum
644 1482 738 1502 verum
754 1483 816 1504 esse
830 1477 920 1505 visum
946 1484 1009 1506 est:

219 1517 358 1551 quomodo
372 1518 446 1545 enim
461 1522 535 1546 esset
553 1519 599 1555 qui
614 1519 729 1548 devorat
745 1520 817 1557 ignis
835 1522 927 1551 anima
948 1531 1010 1552 cor-

219 1564 295 1598 poris
315 1564 389 1600 quod
419 1564 567 1593 devoratur
597 1566 633 1594 ab
652 1567 724 1602 ipso,
747 1568 794 1604 qui
822 1570 959 1598 consumit
983 1576 1012 1599 et

215 1610 348 1642 destruit,
368 1610 459 1638 anima
477 1611 538 1646 ejus
552 1612 626 1646 quod
640 1613 675 1640 ab
689 1613 749 1648 ipso
764 1614 935 1644 decu-uitur?
957 1616 1011 1645 Sed

217 1663 297 1683 nemo
330 1656 404 1684 dicet
435 1664 524 1684 aerem
548 1665 610 1685 esse
630 1658 748 1687 hominis
767 1661 885 1689 animam
904 1670 1012 1698 semper

219 1701 385 1736 respiratum
403 1704 431 1728 et
445 1701 595 1736 aspiralum
612 1706 640 1729 et
654 1711 793 1740 nunquam
806 1705 1012 1741 quiescentem;

221 1745 368 1780 sanguinis
389 1753 456 1773 vero
477 1745 580 1774 fontem
594 1747 622 1774 iu
635 1755 716 1776 omne
733 1756 890 1778 currentem
914 1759 1012 1788 corpo-

222 1791 261 1818 ris
283 1791 436 1818 membrum
457 1792 575 1819 animam
594 1793 734 1827 arbitrari,
761 1799 891 1831 tanquam
913 1797 1012 1826 absur-

222 1836 366 1864 dissimum
396 1840 425 1865 et
436 1837 573 1872 stupidum
590 1838 710 1868 refutare
725 1841 848 1876 negligit.
866 1852 876 1868 ι
891 1843 944 1871 Sed
956 1851 1010 1872 non

215 1882 359 1910 harmonia
373 1888 384 1909 ι
397 1886 425 1910 et
442 1890 503 1918 quae
518 1889 681 1919 sequuntur.
702 1900 734 1905 —
748 1885 801 1914 Sed
813 1895 868 1915 non
882 1889 952 1924 ipsa,
970 1890 1012 1917 in-

214 1929 284 1964 quit,
299 1933 341 1957 est
351 1929 495 1957 harmonia
514 1929 711 1959 elementorum
725 1940 741 1960 e
752 1933 852 1968 quibus
867 1942 1012 1971 coagmen-

218 1980 306 2003 tatum
317 1980 359 2003 est
369 1984 482 2012 corpus.
495 1977 603 2010 anima;
618 1985 672 2005 non
689 1979 761 2006 enim
770 1980 923 2009 substantia
937 1990 1011 2018 quas

214 2019 278 2047 dam
305 2026 347 2048 est
379 2021 534 2057 producens
569 2030 619 2058 per
646 2031 676 2051 se
702 2024 790 2060 ipsam
814 2027 1011 2056 elementorum

215 2074 386 2102 compages,
417 2067 544 2095 accidens
574 2073 602 2096 et
641 2070 759 2105 qualitas
790 2073 947 2102 subsistens
982 2074 1009 2102 in

215 2111 268 2139 hoc
302 2119 368 2140 casu
402 2117 477 2141 esset
503 2115 610 2148 anima;
640 2116 719 2144 aliter
749 2125 757 2143 :
791 2125 846 2145 non
882 2127 935 2147 una
968 2124 1011 2149 est

213 2158 339 2185 carnium
359 2163 385 2186 et
403 2159 592 2189 similitudinis
620 2161 785 2191 immortalis
807 2167 918 2192 natura.
937 2165 1009 2199 Quid

212 2205 286 2231 enim
305 2204 339 2232 de
363 2205 443 2233 rebus
474 2206 574 2241 saepius
597 2206 693 2236 divisis
717 2209 752 2237 ab
778 2209 894 2238 invicem
919 2213 1009 2247 quoad

214 2251 415 2278 substantiam?
436 2251 468 2279 Et
479 2251 545 2287 quid
557 2253 610 2280 erit
629 2254 745 2289 amplius
759 2255 837 2283 bonis
847 2256 914 2284 viris
925 2265 1007 2291 supra

213 2302 316 2326 sortem
332 2298 479 2333 insignium
496 2299 525 2326 in
543 2299 656 2332 malitia,
678 2301 702 2328 si
716 2309 770 2328 una
788 2302 925 2331 exsistens
935 2310 1010 2332 com-

214 2351 308 2379 pages.
326 2343 430 2372 scilicet
446 2345 549 2377 anima,
566 2345 623 2373 sive
636 2346 754 2381 optimos
784 2347 842 2375 sive
872 2350 1008 2384 pessimos

213 2389 336 2424 perlicit?
351 2389 452 2418 Deinde
467 2398 559 2418 nonne
572 2391 810 2421 irrationabitibus
828 2394 1006 2424 rationabiles

212 2436 364 2464 secundum
377 2440 502 2463 naturam
518 2442 611 2465 essent
624 2437 749 2465 similes?
766 2437 914 2468 Harmonia
930 2443 1004 2470 enim

212 2481 284 2509 sicut
303 2482 331 2509 in
347 2482 500 2516 hominum,
515 2483 551 2510 ita
563 2487 591 2511 et
610 2484 637 2511 in
653 2483 806 2512 belluarum
841 2488 1004 2522 corporibus

211 2527 338 2555 similiter
351 2527 539 2563 conspicitur;
558 2532 585 2556 et
599 2529 678 2564 juxta
690 2530 805 2558 verbum
817 2531 884 2559 illud
907 2534 1003 2562 melio-

216 2579 261 2600 res
278 2577 373 2600 essent
386 2580 481 2602 omnes
498 2574 546 2610 qui
560 2577 822 2610 coagmentationetn
836 2582 864 2606 et
878 2582 1003 2616 corporis

211 2617 382 2645 harmoniam
403 2619 493 2647 sortiti
511 2624 605 2648 essent
619 2621 705 2657 magis
714 2623 852 2658 egregiam
866 2629 893 2652 et
907 2626 1002 2655 melio-

209 2666 277 2691 rem.
297 2664 344 2691 Isti
356 2664 464 2700 quidem
479 2666 542 2694 talia
561 2674 631 2695 vane
647 2667 681 2695 de
706 2669 795 2696 anima
824 2672 1000 2701 sermocinati

243 2796 282 2831 (ξ)
298 2796 519 2831 Εικαιομυθιιις.
545 2797 578 2824 ν.
605 2799 639 2826 de
662 2799 714 2826 hoc
733 2798 866 2828 vocabulo
881 2801 993 2831 Hasium

208 2833 242 2858 ad
259 2830 340 2858 Leon.
361 2830 437 2860 om.
460 2840 497 2864 iv.
514 2840 540 2867 p.
556 2833 609 2861 M5
624 2833 671 2861 ed.
689 2833 775 2861 Bonn.

244 2867 281 2900 {5)
303 2867 674 2905 QEOﬁﬁmlquVatgLCOde}
689 2875 796 2905 semper
810 2878 863 2900 uno
880 2871 939 2902 rho.
959 2873 991 2902 ν.

209 2902 280 2929 Itast.
298 2901 402 2931 Comm.
416 2902 484 2938 γαίη
497 2911 524 2938 p.
540 2902 594 2931 755
606 2908 633 2931 et
649 2903 713 2932 788.

915 109 1063 139 NICE'I'AS
1080 111 1183 139 DAVID

1804 108 1861 136 688

1063 172 1197 209 μετέθηκε
1211 172 1273 204 νοῦς
1291 173 1338 200 καὶ
1354 173 1404 206 τὰς
1419 173 1473 200 ἀπὸ
1488 173 1543 200 τῶν
1558 172 1612 206 ιεω
1628 172 1762 210 πρότερον
1776 172 1856 205 δόξας

1066 219 1178 255 προθεὶς
1195 219 1260 255 περὶ
1280 219 1375 254 αὐτῆς,
1392 220 1439 246 καὶ
1457 219 1495 251 ὡς
1515 218 1705 254 είκαιομυθίας
1721 218 1761 254 (‘3)
1785 219 1856 245 ἀπι-

1066 265 1174 300 λέγξας,
1188 265 1259 292 οὕτω
1270 266 1319 301 τὴν
1336 265 1467 301 ἀληθινὴν
1478 264 1715 300 ὲκκλησιαστικῶς
1730 264 1778 292 καὶ
1791 272 1857 301 γρα-

1066 310 1154 344 φικῶς
1176 310 1330 346 ἀνεκάθηρε
1354 310 1451 344 δόξαν·
1479 309 1645 346 ἰσχνοτάτοις
1667 309 1697 336 δὲ
1722 309 1771 336 καὶ
1795 309 1854 336 θεο-

1066 355 1212 388 πνεύστοις
1231 356 1466 392 θεορρημοσύναις
1483 356 1520 391 (5)
1541 357 1570 382 ὲν
1589 355 1708 391 πρώτοις
1729 355 1857 390 φυσιολο-

1065 402 1122 437 γῶν
1139 401 1210 429 οὕτω
1224 402 1299 436 λέγει
1307 410 1315 418 ·

1065 448 1079 475 1
1121 448 1209 482 Ψυχὴ
1222 448 1249 475 δ’
1263 448 1349 475 ἐστίν
1363 447 1444 482 ἄτιμα
1453 448 1527 476 Θεοῦ
1541 447 1591 474 καὶ
1603 447 1689 482 μίξιν
1698 446 1812 481 ἀνέτλη

1066 482 1084 510 2
1120 484 1249 517 οὐρανίη
1263 484 1405 518 χθονίοιο,
1421 483 1480 511 κτλ.

1101 529 1206 565 Ὠσπερ
1221 531 1249 556 ὲν
1258 529 1348 561 ἄλλοις
1364 529 1503 566 θεηγορῶν
1512 530 1528 556 ό
1540 529 1707 564 θεοφάντωρ,
1720 527 1796 565 παρά
1805 528 1853 564 τῆς

1064 575 1131 611 ὕλης
1145 575 1194 611 μὲν
1208 575 1240 602 τὸ
1267 575 1346 611 σῶμα
1368 575 1462 603 λαϐεῖν
1476 575 1521 602 τὸν
1537 574 1615 607 Θεὸν,
1631 576 1696 611 παρ’
1711 574 1808 602 ἑαυτοῦ
1824 575 1852 601 δὲ

1063 621 1147 657 πνοὴν
1159 620 1310 657 ἐνθέμενον,
1325 621 1420 657 μικτὸν
1431 619 1553 652 θεσπίζει
1565 620 1609 647 τδν
1622 619 1763 657 ἄνθρωπον
1773 620 1852 656 δημι-

1062 666 1194 702 ουργῆσαι
1204 673 1211 681 ·
1234 666 1306 693 οὕτω
1320 666 1368 693 καὶ
1383 666 1430 693 νῦν
1444 665 1489 692 διὰ
1506 664 1559 692 τῶν
1573 665 1760 701 προκειμένων
1779 665 1852 692 ἐπῶν

1063 712 1190 749 θεηγορεϊ
1203 713 1252 749 τὴν
1267 711 1354 748 ψυχὴν
1370 713 1448 749 ἀημα
1464 709 1534 739 εἶναι
1554 711 1621 739 Θεοῦ
1636 711 1685 739 καὶ
1699 712 1784 748 πνοὴν
1801 711 1852 747 (δι’

1061 758 1076 785 ὃ
1089 759 1136 786 καὶ
1148 759 1276 795 οὐρανίαν
1289 758 1530 794 ἀποφαινόμενος),
1547 757 1695 794 ἀνατλῆναι
1713 758 1741 785 δὲ
1753 759 1771 796 ἢ
1787 759 1852 785 ἀνα-

1063 803 1175 840 σχέσθαι
1188 805 1238 841 τὴν
1253 803 1300 832 τοῦ
1315 804 1422 841 χθονίου
1439 803 1563 839 σώματος
1576 804 1677 840 μίξινῆ
1691 804 1852 840 σύγκρασιν,

1065 850 1113 876 καὶ
1127 850 1222 886 ὥσπερ
1238 859 1265 877 τι
1283 849 1320 886 (ι)
1338 849 1396 885 φῶς
1412 850 1504 886 νοερὸν
1520 847 1565 877 οἷα
1581 850 1705 886 σπηλαίῳ
1719 851 1754 886 τῇ
1772 851 1852 886 σαρκὶ

1066 895 1252 932 συγκρυϐῆναι
1273 896 1320 923 καὶ
1341 896 1539 931 συνενωθῆναιο
1561 894 1621 923 ἀλλ’
1633 896 1708 931 ὅμως
1725 895 1784 923 θεία
1804 895 1853 932 τὴν

1065 943 1146 977 φύσιν
1159 940 1238 978 οὖσα,
1253 944 1301 971 καὶ
1314 943 1447 975 ἀθάνατος
1462 943 1511 970 καὶ
1523 943 1660 979 ἀφθαρτος
1670 942 1755 975 ὅντως
1768 943 1851 970 ἐστίν.

1063 989 1118 1016 Καὶ
1141 989 1196 1025 γὰρ
1219 988 1272 1016 οὐδ’
1297 985 1342 1025 ἦν,
1360 988 1454 1025 φησὶν,
1479 987 1553 1021 ἄξιον
1575 987 1624 1014 τοῦ
1645 987 1764 1024 μεγάλου
1786 987 1854 1014 Θεοῦ

1062 1036 1163 1073 ταύτην
1185 1037 1277 1065 είκόνα
1294 1037 1493 1073 τυγχάνουσαν,
1514 1038 1570 1069 τοῖς
1584 1037 1709 1072 ἑρπετοῖς
1727 1036 1776 1063 καὶ
1791 1036 1852 1064 ἀλό⁴

1062 1092 1120 1118 γοις
1135 1083 1236 1120 ὁμοίως
1251 1085 1378 1121 κτήνεσιν
1395 1083 1594 1119 καταθνήσκειν
1611 1092 1642 1110 τε
1659 1083 1706 1110 καὶ
1724 1083 1852 1118 ἀκόσμως

1062 1130 1230 1163 διαλύεσθαι,
1247 1133 1271 1158 εί
1285 1131 1333 1158 καὶ
1347 1132 1364 1167 ἡ
1381 1130 1503 1166 ἁμαρτία
1524 1130 1624 1166 ταύτην
1637 1130 1795 1164 ἐκϐιάζεται
1809 1129 1854 1156 θα-

1065 1176 1135 1214 νάτῳ
1149 1178 1306 1213 ὑπαγαγεῖν
1320 1178 1369 1205 καὶ
1383 1177 1527 1213 διαφθορᾷ.
1626 1187 1631 1191 λ

1060 1291 1076 1317 'l
1113 1291 1188 1319 οὔτε
1201 1292 1296 1326 πυρὸς
1309 1291 1452 1327 μαλεροῖο
1461 1291 1501 1327 (5)
1512 1290 1597 1319 πέλει
1611 1292 1722 1326 φύσις,
1739 1292 1800 1319 κτλ.

1095 1347 1156 1374 Τῶν
1169 1347 1339 1383 ἐξωτερικῶν
1349 1347 1503 1382 φιλοσόφων
1516 1346 1670 1383 λεγομένοιν
1682 1348 1707 1374 οἱ
1726 1347 1777 1382 μὲν
1793 1347 1849 1383 πῦρ

1059 1393 1110 1429 τὴν
1125 1393 1220 1420 οὐσίαν
1243 1393 1377 1429 ὑπάρχειν
1393 1393 1568 1428 ἀπεφήναντο
1585 1393 1636 1429 τῆς
1656 1393 1766 1429 ψυχῆς,
1783 1394 1807 1421 ei
1824 1393 1851 1420 δὲ

1060 1439 1141 1477 ἀέρα,
1156 1438 1230 1468 ἄλλοι
1241 1439 1271 1466 δὴ
1286 1439 1402 1475 αἵματος
1422 1438 1501 1474 χύσιν
1516 1439 1606 1466 πᾶσαν
1622 1439 1674 1475 τὴν
1688 1439 1779 1476 σάρκα
1792 1440 1849 1467 δια-

1062 1486 1212 1522 τρέχουσαν
1220 1494 1226 1501 ·
1244 1485 1319 1512 οὐδὲν
1330 1485 1358 1512 δὲ
1369 1484 1471 1512 τούτων
1482 1483 1570 1511 ἔοικεν
1583 1484 1683 1521 ἀληθὲς
1693 1483 1763 1512 εἶναι
1773 1495 1781 1502 ·
1794 1485 1850 1516 πῶς

1063 1533 1118 1568 γὰρ
1140 1532 1173 1560 ἂν
1188 1532 1236 1558 καὶ
1252 1530 1295 1566 εἴη
1316 1530 1347 1557 τὸ
1369 1530 1470 1557 δάπτον
1489 1530 1539 1558 τοῦ
1554 1530 1736 1566 δαπτομένου,
1752 1530 1783 1558 τὸ
1802 1539 1850 1566 μα-

1063 1578 1189 1616 ραντικὺν
1211 1577 1257 1604 καὶ
1277 1577 1442 1612 λυμαντικὺν
1463 1576 1520 1613 πῦρ
1539 1576 1586 1604 τοῦ
1611 1576 1791 1612 φθειρομένου
1805 1576 1849 1603 ὑπ’

1061 1624 1144 1651 αὐτοῦ
1165 1622 1290 1658 σώματος
1309 1622 1398 1659 cum;
1423 1623 1492 1650 ‘AD.’
1510 1623 1566 1650 οὐδ’
1577 1623 1612 1650 ἂν
1630 1623 1677 1650 τὸν
1698 1623 1768 1658 ἀέρα
1784 1623 1850 1658 φαίη

1061 1679 1103 1701 τις
1117 1669 1260 1705 ἀνθρώπου
1276 1668 1374 1704 ψυχὴν.
1396 1669 1440 1696 ἀεὶ
1462 1669 1669 1704 ἀποπνεόμενόν
1683 1677 1713 1695 τε
1734 1669 1783 1696 καὶ
1797 1669 1848 1695 είσ-

1061 1716 1209 1752 πνεὸμενον
1225 1715 1273 1742 καὶ
1285 1715 1440 1751 ἠρεμοῦντα
1472 1715 1617 1751 μηδέποτε⁹
1633 1716 1748 1750 αἵματος
1761 1715 1790 1742 δὲ
1804 1715 1849 1751 χύ-

1062 1770 1103 1788 σιν
1121 1761 1168 1788 ὲπὶ
1190 1761 1245 1788 πᾶν
1265 1760 1460 1796 διατρέχουσαν
1485 1760 1566 1796 μέλος
1587 1760 1634 1787 τοῦ
1651 1759 1779 1796 σώματος
1802 1761 1848 1796 τὴν

1060 1807 1148 1844 ψυχὴν
1160 1808 1293 1838 ὑπονοεῖν.
1305 1807 1344 1839 ὡς
1358 1807 1528 1841 ἀλογώτατον
1538 1806 1569 1833 ὃν
1580 1807 1628 1834 καὶ
1637 1807 1773 1842 κτηνῶδες
1785 1816 1850 1842 παρ-

1062 1852 1134 1888 ίησιν
1147 1852 1265 1887 ἐλέγξαι.
1286 1862 1296 1878 ε
1313 1852 1384 1879 Ἀλλ’
1397 1852 1453 1879 οὐδ’
1469 1852 1586 1889 ἁρμονίη
1601 1861 1611 1879 ι
1632 1861 1660 1880 κ.
1678 1861 1703 1880 τ.
1720 1853 1761 1886 ἐξ.
1781 1853 1849 1880 Ἀλλ’

1060 1898 1115 1924 οὐδ’
1129 1897 1163 1925 ἂν
1179 1898 1260 1931 αὑτὴ,
1278 1898 1371 1933 φησὶν,
1388 1899 1412 1934 ’ὴ
1431 1897 1486 1925 τῶν
1507 1898 1646 1933 στοιχείων
1667 1898 1799 1934 ἁρμονία,
1820 1899 1850 1932 ἐξ

1060 1942 1098 1971 ὦν
1112 1943 1143 1970 τὸ
1157 1943 1237 1980 σῶμα
1260 1943 1442 1980 καθεστήκοι,
1464 1944 1554 1981 ψυχή*
1580 1945 1611 1972 οὐ
1635 1945 1690 1981 γὰρ
1710 1945 1791 1972 οὐσία
1810 1945 1848 1977 τίς

1061 1991 1135 2018 ἐστιν
1149 1989 1295 2025 ὑφεστῶσα
1309 1990 1372 2017 καθ’
1382 1991 1469 2026 αὐτὴν
1484 1992 1500 2027 ὴ
1517 1991 1571 2018 τῶν
1586 1991 1725 2027 στοιχείων
1740 1992 1847 2027 κρᾶσις.

1060 2035 1233 2072 συμϐεϐηκὸς
1244 2035 1272 2062 δὲ
1282 2036 1329 2063 καὶ
1343 2036 1454 2071 ποιότης
1466 2034 1543 2068 οὖσα,
1556 2036 1654 2064 οὔκουν
1666 2037 1700 2064 ἂν
1709 2037 1753 2073 εῐη
1765 2037 1848 2073 ψυχή·

1059 2081 1147 2114 ἄλλως
1169 2090 1200 2108 τε
1226 2082 1256 2108 οὺ
1287 2082 1337 2118 μία
1368 2082 1477 2118 σαρκῶν
1503 2083 1561 2109 ἐστι
1586 2082 1667 2117 φύσις
1692 2084 1740 2110 καὶ
1763 2084 1848 2115 εἴδους

1059 2124 1206 2153 ἀθανάτω.
1215 2125 1278 2158 Πῶς
1292 2125 1346 2161 γὰρ
1368 2126 1403 2153 τὰ
1417 2126 1536 2163 πλείστῳ
1550 2127 1611 2155 κατ’
1623 2128 1718 2155 οὐσίαν
1729 2128 1848 2164 ἀλλήλων

1059 2168 1218 2204 διεστῶτα;
1246 2171 1273 2197 τί
1304 2170 1332 2198 δὲ
1360 2171 1451 2199 πλεῖον
1473 2172 1550 2199 ἔσται
1580 2174 1637 2205 τοῖς
1661 2174 1774 2208 ἀγαθοῖς
1795 2174 1849 2201 τῶν

1060 2215 1269 2252 ἐπισημοτάτων
1289 2216 1318 2243 ἒν
1335 2218 1430 2254 κακίᾳ,
1442 2215 1479 2244 ὧν
1493 2218 1543 2254 μία
1557 2216 1626 2245 οὖσα
1639 2220 1749 2256 κρᾶσις,
1766 2221 1848 2256 ἤγουν

1060 2261 1144 2298 ψυχὴ,
1170 2262 1188 2298 ἢ
1208 2262 1348 2299 κρείττους
1369 2263 1387 2299 ἢ
1413 2264 1522 2300 χείρους
1538 2265 1720 2299 antiken;
1744 2267 1803 2299 πῶς
1826 2267 1847 2294 δ’

1058 2308 1119 2344 οὐχὶ
1135 2309 1182 2336 καὶ
1202 2310 1258 2341 τοῖς
1277 2309 1383 2344 ἀλόγοις
1405 2310 1430 2337 οἱ
1452 2310 1557 2345 λογικοὶ
1575 2311 1645 2339 κατά
1661 2311 1742 2346 φύσιν
1758 2311 1813 2341 εἶεν
1825 2315 1848 2341 ot

1059 2354 1153 2386 αὑτοί;
1173 2354 1191 2389 ἡ
1214 2354 1331 2390 ἁρμονία
1353 2355 1418 2391 γὰρο
1441 2354 1535 2392 ὥσπερ
1550 2357 1606 2388 τοῖς
1630 2356 1784 2394 ἀνθρώπων
1798 2358 1848 2386 σώ-

1054 2408 1151 2435 μασιν,
1166 2399 1238 2426 οὕτω
1257 2400 1304 2426 καὶ
1318 2401 1375 2433 τοῖς
1390 2400 1445 2428 τῶν
1459 2401 1564 2436 ἀλόγων
1581 2402 1682 2436 ὁμοίως
1695 2403 1823 2439 ἐνορᾶται
1839 2411 1846 2417 ’

1054 2444 1126 2472 κατά
1138 2444 1167 2472 δὲ
1180 2445 1273 2472 τοῦτον
1287 2446 1334 2474 τὸν
1349 2446 1428 2481 λόγον
1439 2447 1486 2473 καὶ
1500 2447 1600 2480 πάντες
1611 2448 1645 2475 ἂν
1657 2447 1712 2475 εἷεν
1725 2448 1846 2484 βελτίους

1055 2491 1080 2518 οἱ
1091 2491 1216 2527 κράσεως
1232 2492 1280 2519 καὶ
1298 2493 1430 2528 ἁρμονίας
1444 2495 1579 2530 σωμάτων
1593 2495 1785 2531 εὐμοιροῦντες
1801 2496 1846 2522 εὑ-

1056 2535 1208 2571 φυεστέρας
1225 2536 1272 2563 καὶ
1293 2536 1445 2572 ἀμείνονος.
1465 2539 1498 2565 Ol
1518 2538 1568 2574 μὲν
1585 2537 1633 2566 οὖν
1651 2538 1766 2566 τοιαῦτα
1783 2539 1846 2575 περὶ

1054 2581 1144 2618 ψυχῆς
1163 2581 1362 2619 ἐκενολόγησαν
1376 2592 1382 2599 ·
1411 2584 1486 2612 ἄλλοι
1508 2585 1538 2612 δὲ
1557 2585 1593 2612 τά
1608 2585 1681 2622 ζωῆς
1702 2587 1787 2619 αίτια,
1808 2582 1844 2612 ὦν

1055 2627 1180 2655 ἀπόντων
1194 2629 1212 2664 ἡ
1224 2628 1297 2666 ψυχὴ
1318 2630 1348 2656 τὺ
1362 2630 1443 2666 σῶμα
1458 2631 1617 2659 καταλείπει
1633 2632 1729 2668 νεκρὸν
1740 2653 1747 2662 .
1770 2633 1844 2660 ’παῖ-τ’

1055 2670 1124 2700 εἶναι
1135 2673 1224 2710 ψυχὴν
1236 2674 1379 2711 ἀνθρώπου
1395 2677 1566 2713 διωρίσαντο.
1590 2688 1600 2705 ι
1611 2679 1701 2716 Φορϐὴ
1714 2679 1737 2707 δ’
1749 2679 1846 2707 οὕποτέ

1085 2806 1129 2843 (ιζ
1142 2807 1255 2843 Ὥσπερ
1271 2818 1309 2837 τι.
1333 2809 1379 2838 Sic
1394 2810 1498 2839 Codex.
1515 2811 1549 2840 V.
1565 2812 1678 2841 Godofr.
1698 2813 1845 2842 llermmnt

1108 2841 1327 2886 Dereiiiendgat.
1342 2845 1468 2886 (ἕνῇ-βω
1483 2855 1510 2882 p.
1525 2847 1571 2881 70,
1583 2852 1611 2876 et
1619 2849 1684 2877 Car.
1696 2841 1843 2886 Goelluttg.

1047 2876 1201 2915 Decessit}.
1217 2879 1236 2906 ι.
1256 2878 1316 2912 Gn,
1332 2888 1359 2915 p.
1379 2882 1414 2909 85
1429 2876 1472 2909 ed.
1483 2876 1546 2910 'sec.

1087 2912 1125 2947 (5)
1143 2913 1205 2948 Πῦρ
1216 2912 1360 2950 μαλερόὲυ.
1378 2915 1410 2944 γ.
1428 2917 1506 2952 Ilias,
1525 2926 1563 2954 ιι,
1583 2918 1645 2947 942.
