1936 3042
89 162 148 190 889

91 228 148 252 σοι,
165 229 174 247 i
189 220 235 247 καὶ
249 220 323 256 ιξῆς·
332 221 366 254 at,
380 217 417 249 ὧν
427 221 560 255 ἀπόντων,
572 221 716 259 ἄνθρωπος
731 223 885 257 σὸέννυται,

91 264 175 292 τοῦτό
187 265 261 293 ἐστιν
273 265 348 301 αὐτῷ
360 266 445 302 ψυχὴ.
458 266 518 303 ὥρα
533 276 574 294 σοι
589 266 639 302 τὴν
655 269 804 304 ἡμερήσιον
822 277 886 304 τρο-

93 310 150 346 φὴν
171 311 261 348 ψυχὴν
287 313 402 340 σεαυτοῦ
428 313 595 341 ἀποκαλεῑνο
623 313 720 349 θνητὸν
741 314 796 352 γὰρ
810 315 885 348 ὂντα,

91 359 198 394 τροφῆς
219 361 287 397 ἄτερ
309 361 449 397 ἀμήχανον
474 363 632 391 παντάπασι
657 363 709 398 ζῇν
723 370 730 378 ·
753 362 811 390 In:
831 362 886 397 γὰρ

94 405 176 432 παντὶ
187 405 249 441 ζώῳ
261 408 447 444 συντηρητικὴ
462 408 577 444 δύναμις
593 410 610 445 ἠ
627 409 776 445 ἡμερήσιος
790 408 885 444 ὲδωδή.

609 162 642 190 ΙΝ
658 162 812 191 CARMINA
826 163 966 192 ARCANA
984 162 1014 190 S.
1032 161 1210 192 GREGORII.

1674 161 1727 189 690

936 223 1019 258 sunt};
1030 223 1077 252 alii
1091 230 1167 254 vero,
1177 221 1311 257 principia
1321 221 1393 252 vitae.
1408 220 1511 256 quibus
1525 219 1728 251 deﬁcientibus,

940 270 1031 297 anima
1044 275 1147 303 corpus
1161 267 1295 303 delinquit
1309 272 1459 299 mortuum,
1467 266 1525 293 hac
1535 272 1597 293 esse
1610 265 1728 292 hominis

939 316 1058 344 animam
1087 315 1300 342 alllrmaverunt.
1329 323 1339 339 ι
1362 313 1430 341 Esca
1460 319 1526 341 vero
1554 318 1728 347 nequaquam

939 362 987 390 tibi
1010 371 1020 388 ι
1036 365 1064 390 et
1079 369 1138 397 seq.
1149 375 1186 382 ——
1202 361 1231 388 Si
1244 360 1344 396 quibus
1359 359 1550 387 deﬁcientibus
1568 359 1648 386 homo
1678 365 1728 385 ex-

938 408 1035 443 spirat,
1053 408 1105 435 ista
1122 411 1187 435 sunt
1204 407 1257 442 ipsi
1277 406 1378 438 anima.
1396 405 1465 433 hara
1479 405 1528 432 tibi
1539 403 1728 440 quotidianum

94 458 195 486 panem
215 453 336 481 animam
360 459 436 481 tuam
457 462 556 482 vacare
579 463 587 481 :
612 455 738 482 mortalis
760 454 833 482 enim
855 461 918 481 cum
942 454 992 486 sis,
1008 453 1112 489 absque
1127 453 1257 481 alimenta
1274 451 1444 487 impossibile
1461 450 1574 478 omnino
1588 449 1638 477 tibi
1653 449 1728 476 vive-

93 504 141 527 re:
156 505 220 526 nam
230 499 306 526 omni
320 499 432 527 animali
452 501 644 528 conservatrix
661 505 704 529 est
717 506 807 528 Virtus
822 500 1000 536 quotidianus
1019 500 1120 528 victus.

93 552 132 580 22
151 551 224 580 οἴδα
234 553 270 580 δὲ
284 554 333 581 καί
349 556 444 589 λόγον
458 555 567 587 ἄλλον,
583 555 642 582 κτλ.

132 606 208 642 οἶδα,
230 610 307 645 φησὶ,
331 611 379 637 καὶ
400 611 494 648 ἕτερον
511 611 599 647 δόγμα
612 611 737 644 παλαιὸν,
761 610 809 638 καὶ
830 611 887 643 τοῖς

96 655 180 683 πάλαι
194 656 266 692 μέγα.
280 656 422 693 φρονοῦσιν
434 657 481 684 ἐπὶ
496 658 577 694 σοφίᾳ
590 658 805 694 ληρῳδούμενον·
818 657 887 694 ὅπερ

94 703 148 729 οὐκ
159 701 191 729 ἂν
202 703 444 739 καταδιδαξαίμην,
457 704 559 730 εἰκαῖον
571 703 610 740 (ϐ)
622 699 668 731 καὶ
679 703 834 740 ὕπόψνχρον
844 703 884 731 ὃν,

95 748 167 775 Φασὶ
190 749 244 785 γὰρ
267 749 455 786 προϋπάρχειν
472 749 585 776 καθόλου
606 750 659 777 τῶν
673 750 824 786 ἀνθρώπων
837 751 886 787 τὴν

95 795 197 830 ψυχὴν,
210 795 257 822 καὶ
268 795 372 831 ταύτην
383 795 475 831 κοινὴν
488 793 567 828 εἶναι,
579 796 649 823 καθὰ
660 796 714 824 τῶν
725 796 889 832 σωματικῶν

97 839 241 875 στοιχείων
253 840 368 866 ἕκαστον
381 841 465 866 πᾶσιν
479 840 632 875 ἀνθρώποις
643 841 712 868 κατά
723 841 772 876 τὴν
783 841 889 876 γένεσιν

97 884 344 921 ὶπιμεριζομένην,
360 885 392 912 δι’
407 885 468 912 ὅλου
484 885 512 912 δὲ
526 885 573 912 τοῦ
589 887 659 922 ὑπὲρ
673 886 794 923 κεφαλῆς
809 888 890 923 ἀέρος

100 930 283 966 πλανωμένην
305 931 353 958 καὶ
371 931 420 967 τῆς
435 931 504 967 πρὸς
518 931 552 959 τά
572 931 686 968 σώματα
705 933 803 966 δέσεως
816 934 890 969 ἐφιε-

97 976 195 1011 μένην.
217 977 248 1003 Et
263 977 292 1004 δὲ
305 976 383 1004 τοῦτο
398 976 499 1013 δοθείη,
512 979 603 1005 πᾶσαν
619 976 689 1006 εἶναι
703 979 793 1016 ψυχὴν
802 980 890 1016 ὁμοιό-

97 1029 207 1056 τροπον,
223 1022 260 1054 ὡς
276 1022 314 1058 μὴ
324 1023 373 1058 τὴν
387 1023 436 1058 μὲν
450 1022 558 1058 βελτίω,
570 1024 619 1059 τὴν
632 1024 660 1051 δὲ
674 1025 769 1061 χείρω,
782 1026 829 1053 καὶ
839 1026 890 1062 τὴν

99 1068 151 1103 μὲν
171 1068 278 1095 εὐθεῖαν
297 1069 539 1105 ὰνωμολογῆσθαι,
559 1071 609 1107 τὴν
627 1071 656 1098 δὲ
674 1071 824 1108 δύστροπον
843 1073 890 1099 καὶ

98 1114 221 1147 σκολιὰν,
229 1115 267 1147 ὡς
275 1116 355 1152 ἀέρος
365 1116 392 1143 δὲ
404 1116 485 1152 φύσιν
495 1117 673 1153 είσπνευστήν
681 1126 711 1144 τε
719 1118 766 1145 καὶ
775 1119 890 1145 ἐκπνευ-

98 1161 166 1197 στὴν
179 1162 248 1188 πᾶσι
264 1161 369 1199 βροτοῖς
384 1163 550 1191 καθεστάναι
563 1164 614 1200 τὴν
629 1164 724 1200 αὐτὴν,
741 1165 841 1197 πάντες
861 1165 890 1192 δὲ

97 1208 206 1235 ἔσονται
217 1209 294 1241 πᾶσι,
308 1209 355 1236 καὶ
367 1209 407 1236 ἔτι
422 1210 522 1243 ζῶντες
536 1211 565 1238 ὲν
577 1210 695 1246 σώματι,
707 1211 754 1239 καί
764 1219 795 1246 γε
807 1220 891 1246 μετα.

97 1254 237 1287 πνέοντες,
251 1255 341 1282 εῐτουν
354 1256 542 1288 ἀποόιοῦντες.
553 1256 654 1288 πάντες
665 1257 695 1284 ὲν
706 1257 774 1284 πᾶσι
784 1257 890 1284 κεῖσθαι

98 1299 342 1336 ὑπονοηθήσονται,
357 1300 396 1337 τῷ
412 1301 476 1337 μίαν
489 1301 593 1328 οἴεσθαι
606 1301 660 1328 τῶν
672 1301 740 1329 δλων
756 1302 890 1338 ὑπάρχειν

97 1346 190 1381 ψυχήν
199 1354 205 1361 ·
218 1348 234 1381 ἡ
245 1347 315 1382 αὑτὴ
327 1346 365 1379 δὲ,
378 1347 456 1383 φησὶ.
468 1347 516 1374 καὶ
526 1346 573 1374 τοῦ
586 1347 667 1384 ἀέρος
679 1347 799 1383 ὑπάρχει
812 1348 891 1383 ῥύσις

99 1391 188 1418 ἄλλοτ’
199 1392 228 1418 ὲν
238 1391 329 1424 ἄλλοις
341 1392 522 1428 διαχυνομένη
534 1392 637 1424 τόποις.
655 1392 687 1419 Εἰ
699 1392 727 1419 δὲ
740 1392 838 1427 λέγοις,
853 1392 890 1423 ὡς

97 1438 149 1473 οὐχ
161 1438 249 1476 οὕτως
265 1439 282 1474 ἡ
298 1438 371 1474 ψυχὴ
387 1439 474 1474 χεῖται
488 1438 582 1474 ὥσπερ
597 1439 611 1465 ό
624 1438 689 1475 ἀὴρ,
704 1438 732 1464 ὲν
746 1439 787 1465 ὲν¹ι
798 1438 825 1464 δὲ
843 1437 891 1465 καὶ

98 1483 140 1518 τῷ
155 1483 230 1519 αὐτῷ
244 1483 327 1520 χώρῳ
346 1483 478 1519 διαμένει,
496 1483 669 1518 πυνθάνομαί
692 1491 722 1510 σε
744 1483 846 1515 λοιπὸν,
865 1483 891 1509 τί

100 1530 152 1566 μὲν
164 1529 229 1565 παρ’
244 1530 329 1565 ἑαυτῇ
346 1529 465 1565 μένουσα
478 1528 620 1564 κατέσχεν,
635 1528 661 1555 τί
675 1529 704 1555 δὲ
722 1528 752 1555 τὸ
768 1529 823 1560 τοῖς
838 1537 891 1564 μη-

99 1574 200 1612 τρῲοις
215 1575 381 1611 σπλάγχνοις
396 1575 614 1611 ζωογονούμενον
626 1574 644 1610 ἧ
661 1574 890 1611 κυοφορούμενον.

100 1621 133 1648 Et
151 1621 207 1657 γὰρ
228 1621 307 1654 ἐκτός
325 1630 360 1656 με
381 1619 464 1648 οὖσαν
482 1620 687 1656 ἀπολελυμένην
703 1620 750 1648 τοῦ
766 1620 892 1656 σώματος

99 1668 150 1694 καὶ
169 1667 316 1702 ἐλευθέραν
336 1667 431 1703 φήσειε
450 1667 531 1702 τυχὸν
544 1668 560 1702 ἡ
576 1666 660 1702 ψυχὴ,
674 1667 691 1702 ἠ
706 1667 799 1702 μήτηρ
816 1667 892 1702 μερί-

100 1721 172 1740 σασα
190 1713 363 1749 προέσπασεν
380 1713 397 1748 ἢ
415 1713 618 1750 προεσπάσατο,
635 1713 662 1739 τί
679 1713 730 1748 μὲν
744 1713 807 1748 ἔσχε
829 1713 891 1740 καθ’

100 1759 183 1786 ἑαυτὸ
199 1759 291 1796 μένον,
306 1759 332 1785 τί
347 1759 375 1786 δὲ
391 1759 421 1786 τὸ
434 1760 463 1786 ὲν
478 1759 588 1792 κόλποις
601 1760 686 1795 αὐτῆς
707 1759 771 1792 ζῶν,
790 1760 836 1786 καὶ
852 1761 892 1792 είς

99 1806 147 1833 τὸν
164 1805 301 1833 ἐπώδυνον
322 1805 379 1841 βίον
394 1806 442 1834 καὶ
460 1806 629 1843 πολύμοχθον
645 1808 803 1843 ἐρχόμενον.
819 1808 850 1835 Ei
863 1807 892 1834 δέ

99 1860 134 1886 γε
148 1852 181 1879 σὺ
196 1851 298 1887 ταύτην
313 1852 362 1880 καὶ
377 1852 497 1880 πλεόνων
512 1852 616 1880 τέκνων
630 1854 736 1889 μητέρα
751 1853 891 1889 ὑποθιίης,

99 1898 254 1934 τετίμηκας
277 1898 375 1934 ἄτιμον
394 1898 488 1935 τιμὴν,
505 1898 625 1926 πλεόνων
639 1898 733 1934 ψυχῶν
753 1900 814 1932 ταῖς
828 1899 892 1926 δυσ-

100 1944 223 1981 χερείαις
241 1944 289 1971 τοῦ
310 1944 368 1980 βίου
385 1946 433 1972 καὶ
446 1945 643 1981 ταλαιπωρίαις
654 1945 828 1979 δακνομένων
845 1946 893 1973 καὶ

100 1990 292 2027 κολαζομένων
306 1991 395 2019 αἰτίαν
407 1990 509 2026 ταύτην
526 1991 696 2024 ἀποδεικνύς.

100 2057 137 2086 39.
156 2058 200 2085 οὐ
221 2057 354 2086 πινυτῶν
373 2058 425 2085 ὅδε
440 2059 547 2093 μῦθος.
568 2058 677 2087 ἐτώσια
694 2059 818 2094 παίγνια
836 2060 892 2092 βι-

680 2094 780 2130 [6λων,
795 2095 854 2122 κτλ.

126 2157 224 2192 οοῦτος
241 2160 301 2195 μὲν.
318 2161 411 2196 φησὶν.
428 2162 443 2188 ό
459 2161 537 2197 λόγος
556 2163 570 2189 ό
594 2162 659 2198 μίαν
682 2163 738 2194 τοῖς
759 2162 831 2194 ὅλοις
845 2163 892 2190 ἀν-

101 2206 224 2242 θρώποις
247 2206 486 2243 ὲπιμεριζόμενος,
501 2207 540 2239 ὡς
555 2207 672 2243 είρηται,
693 2207 791 2243 ψυχὴν,
807 2208 894 2244 ἀφρο-

101 2253 187 2287 a’m;
202 2252 249 2279 καὶ
264 2253 357 2284 ἀνοίας
373 2253 484 2288 μεστός·
506 2253 606 2280 ἐτώσια
621 2253 650 2280 δὲ
664 2254 711 2280 καὶ
728 2254 830 2289 μάταια
846 2255 893 2281 καὶ

102 2298 273 2334 παιδαριώδη
299 2300 413 2333 παίγνια
436 2298 535 2334 βίϐλων
559 2299 753 2327 ἀνατάττονται
770 2301 818 2328 καὶ
836 2302 892 2328 ὅσοι

102 2343 191 2371 πολλὰ
206 2343 321 2380 σώματα
335 2345 405 2371 κατά
415 2345 479 2377 τοὺς
491 2345 565 2380 βίους
575 2345 630 2372 τῶν
644 2346 765 2373 παλαιῶν
777 2347 892 2382 ἀνδρῶν,

101 2389 215 2424 ἀγαθῶν
231 2398 261 2417 τε
272 2390 321 2417 καὶ
334 2390 438 2422 κακῶν,
453 2391 470 2427 ἢ
485 2391 518 2418 δι’
533 2391 696 2427 ἀντάμειψιν
713 2392 813 2428 ἀρετῆς
829 2393 846 2428 ἢ
860 2394 894 2419 δι’

102 2435 242 2471 ἁμαρτίας
276 2436 372 2472 ποινὴν
409 2436 475 2473 μίαν
505 2438 553 2464 καὶ¹
585 2437 634 2473 τὴν
660 2438 744 2474 αὐτὴν
770 2439 894 2474 ἀμείϐειν

103 2482 235 2515 ἐδόξασαν
247 2483 350 2518 ψυχήν.
373 2483 507 2519 Καθάπερ
521 2483 576 2520 γὰρ
591 2483 677 2520 ἄνδρα
695 2485 756 2512 τινὰ
777 2485 896 2520 ἱματίοις

103 2528 337 2563 περιστέλλοντες,
349 2530 397 2556 καὶ
410 2527 487 2561 αὖθις
497 2530 626 2566 ἀκόσμως
638 2531 835 2566 μετενδύοντες,
849 2533 896 2559 καὶ

103 2573 161 2601 ἀπὸ
175 2573 255 2602 ἀλλον
276 2575 401 2611 σώματος
419 2576 459 2608 είς
482 2576 555 2607 ἄλλο.
574 2577 624 2603 οὐκ
639 2577 782 2613 ἀνθρώπου
802 2578 891 2614 μόνον,

103 2619 174 2647 ἀλλὰ
189 2620 235 2647 καὶ
246 2620 316 2653 {dies
329 2621 427 2655 ἀλόγου
444 2622 492 2648 καὶ
505 2621 588 2655 φυτοῦ
603 2621 683 2649 πάλιν
702 2623 782 2658 σῶμα
797 2632 895 2659 μεταγ-

104 2665 229 2701 γίζοντες
252 2666 301 2703 τὴν
326 2667 431 2703 ψυχὴν,
456 2667 503 2694 καὶ
523 2667 595 2695 οὕτω
619 2668 823 2704 κενολογοῦντες
847 2670 895 2697 καὶ

106 2712 211 2747 parum
225 2712 370 2749 ληροῦντες
384 2714 415 2740 οὐ
433 2713 570 2741 συνιοῦσιν
580 2723 586 2730 ”
610 2716 657 2742 καὶ
670 2715 765 2753 ὥσπερ
784 2718 829 2744 τὸν
844 2726 895 2744 πα-

105 2756 183 2783 λαιὸν
201 2757 306 2784 ἐκεῖνον
329 2757 422 2791 Ἰξίονα
444 2759 470 2785 οἱ
493 2758 573 2794 μῦθοι
593 2760 757 2788 πλάττουσιν
772 2762 813 2794 είς
835 2762 896 2790 θεὸν

105 2803 306 2840 ἡμαρτηκότα,
323 2803 413 2840 τροχῷ
429 2803 610 2840 ἑνειρόμενον,
630 2806 677 2834 καὶ
697 2806 801 2839 ἀενάως
816 2807 854 2843 (7)
868 2809 897 2835 ιν

144 2893 184 2930 (6)
205 2893 272 2922 Cod.
288 2895 408 2923 είκαίυν.

937 555 974 582 22
995 555 1065 583 Notvt'
1077 561 1102 583 et
1115 556 1197 582 aliam
1213 555 1379 589 sententiam,
1391 559 1445 583 etc.

973 611 1052 645 Novi,
1064 612 1112 644 ait.
1138 616 1165 640 et
1188 612 1269 639 aliam
1286 611 1450 640 sententiam
1460 615 1591 644 veterem,
1609 614 1638 639 et
1660 611 1726 638 alim

938 658 1160 694 superbientibus
1178 657 1205 685 in
1221 657 1356 693 sapientia
1377 657 1493 686 usitatas
1517 657 1644 693 ineptias.
1656 664 1725 692 quas

937 709 1012 733 certe
1031 712 1087 734 non
1111 704 1249 736 docerem.
1271 703 1372 740 quippe
1387 703 1459 739 quod
1478 707 1521 731 est
1545 702 1730 730 inconsidera-

937 754 1006 782 tum,
1037 749 1195 786 nulliusque
1228 750 1317 785 pretii.
1346 748 1431 777 Aiunt
1445 749 1517 777 enim
1532 756 1644 784 prorsus
1658 756 1729 784 pra:-

940 795 1073 829 exsistere
1088 795 1206 823 animam
1222 795 1374 829 hominum.
1399 795 1541 832 ipsamque
1555 802 1728 825 communem

940 842 1135 870 elementorum
1148 849 1340 878 corporearum
1362 841 1478 878 singulis
1497 849 1569 874 esse.
1596 841 1727 870 omnibus

940 886 1097 914 hominibus
1107 887 1134 914 in
1145 887 1188 914 die
1197 887 1346 917 nativitatis
1356 886 1483 920 divisam,
1494 890 1587 922 utpote
1605 894 1666 923 quae
1680 893 1728 923 per

941 940 1002 960 aera
1017 932 1118 968 ubique
1135 940 1217 967 supra
1231 937 1313 968 caput
1330 931 1427 961 diffusa
1454 936 1482 961 et
1503 932 1653 969 junclionis
1667 939 1729 959 cum

940 979 1102 1014 corporibus
1121 979 1210 1006 avida.
1228 978 1305 1012 Quod
1319 979 1343 1007 si
1355 978 1447 1012 detur,
1466 985 1574 1006 omnem
1589 985 1649 1006 esse
1663 977 1726 1005 ani-

941 1031 1011 1051 mam
1032 1032 1138 1052 marum
1167 1025 1336 1058 earumdem,
1362 1024 1476 1060 proinde
1495 1031 1549 1051 non
1572 1024 1643 1051 hanc
1673 1030 1730 1051 me-

941 1070 1047 1102 liorem,
1064 1075 1091 1098 et
1110 1071 1182 1098 illam
1198 1071 1329 1106 pejorem.
1345 1078 1395 1099 nec
1423 1070 1494 1097 hanc
1513 1074 1628 1103 rectam,
1652 1069 1729 1096 illam

941 1123 1004 1144 vere
1016 1123 1151 1143 morasam
1163 1119 1190 1143 et
1211 1123 1367 1151 perversam
1378 1115 1405 1143 in
1422 1115 1549 1143 confessa
1567 1122 1638 1146 esse,
1656 1114 1729 1142 sicut

941 1162 1012 1191 aeris
1027 1166 1124 1189 natura
1137 1161 1170 1190 ad
1186 1161 1361 1197 aspirandum
1387 1166 1414 1190 et
1432 1160 1623 1197 respirandum
1642 1159 1732 1188 amni--

940 1207 993 1235 bus
1007 1208 1169 1236 mortalibus
1183 1211 1292 1236 constat
1318 1207 1423 1239 eadem.
1447 1215 1544 1235 omnes
1570 1211 1652 1234 erunt
1670 1213 1732 1233 om-

941 1253 1016 1281 nium
1037 1259 1064 1282 et
1088 1254 1178 1283 adhuc
1189 1254 1318 1288 ,viventes
1329 1254 1356 1280 in
1368 1261 1485 1289 corpore
1500 1253 1725 1288 etexspirantes;

941 1305 987 1328 aut
1001 1299 1163 1329 decedentes
1177 1308 1273 1328 omnes
1285 1300 1312 1328 in
1327 1300 1455 1328 omnibus
1467 1300 1561 1335 jacere
1588 1299 1733 1327 existima-

941 1347 1044 1375 bantur
1056 1355 1089 1375 ex
1097 1347 1231 1375 sententia
1244 1347 1381 1375 credentis
1394 1346 1584 1374 universorum
1600 1345 1733 1374 exsistere

942 1395 1061 1422 animam
1079 1403 1086 1422 :
1104 1394 1269 1427 eadem,ait.
1300 1397 1327 1422 et
1350 1393 1422 1420 aeris
1434 1393 1542 1421 exsistit
1555 1391 1639 1419 iiuxio
1658 1399 1732 1419 nunc

942 1441 970 1469 in
983 1441 1037 1473 bis,
1052 1449 1125 1468 nunc
1139 1440 1167 1468 in
1184 1440 1245 1468 istis
1257 1439 1355 1467 diﬂ‘usa
1367 1439 1447 1468 locis.
1459 1439 1489 1466 Si
1500 1443 1591 1466 autem
1606 1438 1726 1465 dixeris:

941 1487 1001 1515 Non
1015 1486 1178 1515 diﬂ'unditur
1195 1486 1285 1513 anima
1300 1485 1372 1513 sicut
1387 1482 1445 1518 aer,
1467 1484 1496 1512 in
1521 1492 1578 1512 una
1591 1487 1619 1511 et
1635 1482 1731 1511 eodem

942 1534 1003 1562 loco
1019 1537 1153 1566 remanet,
1185 1536 1211 1560 le
1229 1532 1403 1568 intrrragabo
1419 1531 1452 1559 de
1471 1535 1570 1559 caetero
1586 1540 1593 1557 :
1614 1529 1685 1563 Quid
1704 1531 1727 1557 si

941 1580 1012 1616 apud
1029 1588 1058 1608 se
1073 1580 1159 1615 ipsam
1174 1587 1289 1607 manens
1302 1578 1424 1614 perstat?
1440 1577 1511 1610 Quid
1533 1585 1550 1605 e
1575 1581 1672 1605 contra
1698 1576 1733 1604 de

941 1631 1076 1662 concepto
1090 1625 1223 1654 maternis
1237 1625 1264 1653 in
1274 1624 1439 1656 visceribus.
1451 1623 1517 1658 quid
1532 1623 1567 1651 de
1579 1623 1734 1658 pragnata?

945 1671 974 1700 Si
996 1679 1040 1700 me
1057 1671 1174 1700 solutam
1192 1677 1309 1706 corpore
1328 1673 1356 1698 et
1381 1669 1507 1701 liberam.
1528 1668 1622 1698 dicere
1631 1669 1733 1703 poterit

944 1717 1046 1749 anima.
1061 1720 1149 1744 mater
1160 1715 1287 1744 dividens
1300 1715 1416 1752 projecit
1430 1719 1478 1742 aut
1493 1714 1628 1750 projicere
1637 1717 1733 1742 coacta

943 1766 995 1794 est.
1007 1762 1073 1798 quid
1089 1761 1204 1790 retinuit
1226 1761 1253 1788 in
1270 1768 1301 1789 se
1317 1768 1442 1793 manens.
1457 1759 1522 1794 quid
1541 1767 1605 1787 vero
1621 1758 1732 1794 quodin

944 1808 1007 1836 sinu
1021 1807 1081 1843 ejus
1095 1807 1189 1835 vivens
1202 1811 1283 1841 atque
1298 1806 1325 1834 in
1336 1806 1492 1833 dolorosam
1507 1805 1589 1832 vitam
1599 1808 1626 1832 et
1636 1811 1734 1831 rerum-

944 1861 1040 1882 nasam
1056 1853 1207 1882 accedens?
1226 1852 1425 1889 Supponasque
1439 1853 1525 1887 ipsam
1541 1855 1569 1879 et
1583 1857 1736 1879 numerosa

943 1905 1061 1928 matrem
1082 1899 1177 1935 prolis,
1211 1906 1261 1935 pro
1284 1899 1388 1927 honora
1412 1898 1589 1934 ignominiam
1616 1896 1734 1929 dedisti.

944 1947 992 1983 qui
1007 1947 1153 1974 multarum
1167 1948 1320 1976 animarum
1335 1946 1467 1974 aerumnis
1489 1946 1551 1973 vitae
1570 1949 1598 1973 et
1615 1943 1736 1972 miseriis

945 2001 1140 2030 appressarum
1157 1998 1185 2022 et
1200 1997 1336 2021 laetarum
1366 2000 1477 2021 causam
1507 1992 1580 2020 illam
1599 1991 1735 2019 ostendis.

946 2063 982 2090 52
1001 2062 1075 2090 Vana
1102 2061 1230 2088 librorum
1260 2061 1376 2087 ludibria
1404 2068 1435 2087 ac
1465 2059 1600 2086 hominum
1630 2059 1737 2086 minimc

1293 2095 1463 2132 [sapientium
1475 2100 1514 2122 est
1537 2094 1635 2129 opinio,
1650 2098 1702 2122 etc.

981 2168 1045 2201 Iste,
1077 2167 1176 2202 inquit,
1208 2172 1292 2193 unam
1318 2162 1455 2192 universis
1482 2161 1642 2191 hominibus
1660 2161 1736 2190 attri-

945 2213 1044 2246 bucns,
1078 2215 1108 2239 ut
1126 2212 1230 2239 dictum
1242 2213 1294 2242 est.
1308 2209 1425 2237 divisam
1439 2207 1572 2240 animam,
1589 2214 1680 2234 sermo
1694 2206 1737 2233 iu-

948 2259 1023 2288 sania
1049 2263 1131 2293 atque
1150 2256 1251 2293 ineptia
1261 2255 1429 2284 redundans.
1446 2254 1528 2282 Vanis
1552 2257 1580 2282 et
1603 2251 1687 2282 fatuis
1710 2256 1737 2280 et

947 2304 1100 2340 puerilibus
1126 2302 1285 2338 crepundiis
1299 2301 1384 2330 libros
1415 2304 1638 2336 composuerunt.
1653 2301 1735 2334 quot-

942 2355 1009 2386 quot
1020 2349 1104 2377 multa
1117 2356 1234 2385 corpora
1250 2355 1298 2383 per
1311 2351 1436 2375 veterum
1452 2346 1523 2375 vitas
1540 2345 1673 2376 virorum.
1688 2344 1737 2373 bo-

944 2404 1042 2425 narum
1057 2400 1085 2424 et
1105 2395 1251 2427 malarum,
1276 2395 1334 2423 sive
1349 2394 1385 2421 ob
1407 2393 1517 2421 virtutis
1538 2391 1737 2419 remuneratio-

945 2449 1005 2474 ncs,
1022 2440 1080 2468 sive
1099 2439 1134 2467 ab
1150 2439 1255 2475 peccati
1272 2446 1378 2475 pinnas,
1393 2446 1476 2466 unam
1490 2442 1518 2467 et
1534 2435 1657 2466 eamdem
1673 2443 1737 2466 suc-

945 2487 1050 2515 cessive
1058 2485 1182 2514 habitare
1195 2485 1299 2521 opinati
1311 2488 1375 2514 sunt
1386 2484 1516 2512 animam.
1531 2481 1656 2519 Namque
1663 2482 1735 2510 sicut

945 2532 992 2568 qui
1013 2531 1102 2558 virum
1119 2531 1270 2567 quemdam
1290 2530 1413 2559 vestibus
1431 2529 1572 2565 aperirent
1592 2532 1620 2556 et
1635 2528 1734 2557 iterum

947 2578 1101 2606 inordinate
1111 2581 1252 2611 exuerent,
1267 2577 1302 2605 ab
1315 2577 1369 2604 alia
1382 2584 1497 2611 corpore
1504 2577 1622 2605 animam
1635 2576 1734 2603 iterum

947 2625 976 2652 in
990 2623 1065 2651 aliud
1077 2622 1302 2652 transiundentes
1315 2630 1426 2657 corpus,
1448 2629 1502 2649 non
1520 2626 1627 2649 tantum
1645 2622 1736 2649 hami-

948 2670 1004 2703 nis,
1018 2669 1066 2698 sed
1078 2670 1160 2698 etiam
1176 2669 1303 2697 animalis
1326 2668 1524 2697 irrationabilis
1538 2673 1565 2696 et
1581 2669 1689 2704 plantae,
1709 2673 1737 2696 et

949 2717 990 2746 sic
1001 2723 1070 2743 vana
1081 2716 1235 2751 loquentes,
1251 2721 1278 2743 et
1293 2715 1376 2743 stulta
1395 2714 1544 2742 delirantes
1555 2722 1609 2742 non
1636 2715 1734 2742 intelli-

951 2766 1029 2797 gunt.
1049 2761 1081 2788 Et
1095 2761 1168 2790 sicut
1182 2762 1328 2797 antiquum
1352 2761 1437 2790 istum
1467 2761 1561 2788 lxiona
1575 2760 1674 2789 fabula:
1689 2762 1729 2789 de-

951 2809 1067 2844 pingunt
1086 2808 1115 2835 in
1140 2807 1225 2836 Deum
1250 2814 1313 2836 cum
1345 2807 1513 2842 peccavisset
1529 2827 1537 2840 .
1579 2807 1612 2834 ad
1648 2812 1736 2836 rotam

984 2897 1022 2933 (Ἰ)
1061 2897 1190 2932 Ὰσνάως.
1218 2897 1277 2926 Non
1302 2898 1392 2926 omnia
1421 2905 1482 2926 vera
1516 2903 1578 2926 sunt
1605 2905 1666 2934 qua:
1701 2898 1735 2926 de
