1936 3042
109 157 165 184 695

114 215 255 251 ἡμετέραν
268 217 422 251 ἀναλαϐὼν¹
440 220 498 252 ταῖς
518 221 577 253 σαῖς
590 221 721 250 ἑναπόδου
738 224 844 257 ἀκοαῖς,
862 233 909 260 μι-

114 263 187 307 αρὰν
201 261 230 288 δὲ
245 263 342 299 τέρψιν
357 265 404 291 καὶ
423 264 541 300 ἡδύτητα
554 268 586 302 τῇ
602 268 727 304 παρούσῃ
742 271 912 307 προσαναμί-

609 163 644 192 IN
660 165 817 194 CARMINA
833 167 974 196 ARCANA
1006 169 1035 197 5.
1072 167 1250 198 CREGORII.

1701 167 1752 195 σοι

963 226 1054 254 anima
1080 227 1210 263 hymnum
1230 229 1278 254 aut
1303 225 1471 262 theologiam
1493 231 1547 252 non
1572 223 1750 259 iniucundam

965 271 999 299 iis
1016 272 1063 307 qui
1074 272 1222 308 prudenter
1237 271 1392 306 intelligere
1408 270 1515 302 volunt,
1533 275 1712 305 exponemus.

109 305 193 341 ευμεν
204 308 260 345 ὠδῇ
271 318 278 324 ⁸
295 311 343 337 καὶ
357 311 407 345 τὴν
424 313 488 348 περὶ
514 311 605 348 ψυχῆς
622 314 786 350 ὺμνολογίαν
812 316 829 352 ῆ
856 305 996 353 θεολογίαν
1026 305 1081 345 οὐκ.
1092 318 1162 354 ἀηδῆ
1177 321 1232 350 τοῖς
1252 305 1371 349 συνετῶς
1386 317 1494 344 ἐπαΐειν
1512 315 1634 343 ἐθέλουσι
1661 323 1751 350 παρα-

109 355 125 381 θ
132 355 264 390 νισόμεθα.

110 444 147 472 55
162 443 217 472 Ἦν
233 453 316 477 ποτε,
330 443 370 480 ἦν
381 445 432 473 ὅτε
450 447 567 482 κόσμον
590 448 723 486 ἐπήξατο
745 450 802 478 νοῦ
815 451 905 486 ,λόγος

677 483 687 522 [
693 486 794 520 αιπύς,
810 483 870 513 κτλ.

150 549 272 575 ’Λνωθεν
292 549 337 575 τὸν
355 549 420 584 περὶ
433 549 524 585 ψυχῆς
539 550 619 585 λόγον
635 551 683 578 ἀπ’
699 552 786 588 ἀρχῆς
800 553 849 587 τῆς
861 553 908 579 τοῦ

111 595 218 630 κόσμου
237 596 372 629 γενέσεως
390 596 405 622 ὁ
433 596 504 628 θεῖος
515 597 717 634 άναλαδόμενος
736 599 908 634 ἱεροφάντης,

111 637 146 674 ἦν
160 647 242 670 ποτε,
266 637 302 675 ἦν
321 641 376 672 ὅτε,
393 641 491 676 φησὶν,
509 643 523 668 ὁ
542 642 654 678 ὕψιστος
671 643 717 670 τοῦ
740 643 849 680 πρώτου
862 644 907 670 νοῦ

111 685 205 719 λόγος,
220 686 260 722 τῷ
273 687 399 723 πατρικῷ
417 687 567 724 βουλήματι
582 689 628 716 τὸν
652 689 712 716 ὅλον
736 690 841 716 τουτονλ¹
862 691 908 717 κὸ-

112 740 193 767 σμον,
203 732 356 769 ὑπέστησεν
369 735 402 761 ὲκ
415 735 453 771 μὴ
468 735 553 762 όντων
565 737 605 768 εἰς
616 735 647 762 τδ
661 734 740 763 εἷναι-
751 735 827 764 εἶπεν
841 737 906 772 γὰρ,

112 780 161 806 καὶ
175 781 226 807 ὅσα
241 782 288 808 καὶ
302 779 347 809 οἶα
369 781 505 817 ἠθέλησεν
520 784 659 819 παρήχθη,
679 784 723 817 Ὠς
743 783 789 812 οὖν
800 785 908 812 ἅπαντα

112 827 232 862 πρῶτον,
243 828 368 863 οὐρανὸς,
381 828 428 863 γῆ,
442 828 564 855 Θάλασσα
582 830 629 856 καὶ
641 830 676 857 τὰ
690 832 718 857 έν
735 831 826 862 αὐτοῖς
841 831 907 857 imm

113 874 215 901 στάντα
228 875 269 906 εἰς
287 874 335 901 ἕνα
351 875 454 910 κόσμον
467 877 653 911 συνεκέκριτο,
671 876 795 913 ἐζητεῖτο
808 878 835 904 δὲ
853 875 908 904 οἷόν

110 929 154 952 τις
171 921 275 956 κόσμος
294 921 434 957 δεύτερος,
458 922 508 958 τῆς
532 931 563 949 τε
582 923 685 958 μητρὸς
705 923 759 950 τῶν
781 924 908 951 ἀπάντων

112 966 212 1000 σοφίας
235 967 411 1002 ἐπιστήμων,
435 969 482 994 καὶ
504 968 558 995 τῶν
579 968 685 1004 ὁρατῶν
708 969 755 996 καὶ
779 969 908 1004 ἐπιγείων

114 1012 244 1039 ἁπάντων
261 1013 321 1039 κατ’
339 1013 431 1040 εἰκόνα
443 1013 491 1040 τοῦ
505 1014 615 1041 κτίστου
631 1014 752 1050 θεοειδὴς
764 1014 890 1050 βασιλεύς
899 1023 906 1030 ·

110 1059 147 1086 δι’
161 1058 175 1085 ὃ
187 1058 262 1093 λέγει
275 1078 282 1090 ,
305 1068 315 1084 ι
339 1059 408 1095 Ἤδη
429 1060 479 1095 μὲν
494 1060 621 1096 καθαροὶ,
633 1069 642 1085 ι
669 1061 716 1088 καὶ
731 1061 765 1087 τά
780 1061 844 1097 ἑξῆς
855 1082 862 1089 .
875 1062 907 1088 Οἱ

114 1105 165 1141 μὲν
178 1105 294 1141 καθαροὶ
308 1106 356 1132 καὶ
373 1105 502 1133 ἀθάνατοι
515 1106 570 1133 τῶν
585 1106 695 1141 ἀγαθῶν
711 1107 834 1142 ἀγγέλων
849 1108 909 1134 διά-

112 1160 211 1181 κοσμοι
221 1171 229 1184 ,
250 1152 296 1178 τὸν
311 1152 437 1188 οὖράνιον
452 1152 627 1188 διαλαχόντες
644 1153 748 1189 χῶρον,
779 1153 824 1189 τὴν
839 1154 909 1190 ἐμὴν

110 1197 192 1230 δόξαν
211 1198 355 1230 διαιωνὶως
380 1198 528 1233 μέλποντες
547 1199 702 1234 ὑμνοῦσιν·,
718 1199 753 1235 γῆ
778 1200 807 1226 δὲ
833 1201 909 1227 καὶὸ

112 1244 277 1279 φαινόμενος
301 1244 361 1276 ὅλος
381 1245 472 1271 οὐτοσὶ
489 1245 592 1280 κόσμος
616 1246 673 1277 τοῖς
695 1245 802 1279 ἀλόγοις
826 1245 909 1278 ζώοις

111 1289 160 1315 καὶ
172 1290 234 1321 ταῖς
247 1291 376 1323 φυσικαῖς
389 1289 484 1325 χάρισι
500 1289 554 1316 τῶν
567 1289 674 1324 ὁρατῶν
691 1290 821 1326 ἡδόμενος
837 1291 907 1318 καθ-

111 1333 272 1369 ωραῖξεται,
293 1334 322 1367 ἐξ
339 1335 441 1370 ἀμφοῖν
458 1334 486 1362 δὲ.
501 1336 558 1361 τοῖν
575 1336 676 1369 γενοῖν.
694 1335 837 1362 ἀθανάτων
856 1345 909 1372 φη-

114 1380 145 1415 μὶ
158 1381 207 1406 καὶ
219 1380 326 1416 θνητῶν
337 1401 344 1412 ,
372 1381 432 1416 ἦτοι
453 1380 571 1416 λογικῶν
594 1382 641 1407 καὶ
657 1381 773 1416 ἀλόγων,
791 1383 910 1417 νοήμονα

115 1425 232 1461 μέτοχον
252 1427 356 1462 κόσμου
378 1427 425 1454 τοῦ
448 1427 544 1463 νοητοῦ
558 1428 606 1454 καὶ
622 1428 752 1463 αἰσθητοῦ
768 1429 850 1464 ἤρεσέ
864 1438 909 1464 μοι

113 1471 256 1507 συμπῆξαι
265 1481 271 1487 ·
289 1472 383 1500 τοῦτον
399 1473 428 1499 δὲ
441 1471 511 1500 εῖναι
521 1473 665 1509 ἄνθρωπον
678 1473 759 1509 μέσον
774 1474 908 1510 οὐρανίων

113 1518 249 1553 μεγέθους
269 1518 316 1545 καὶ
337 1519 450 1554 χθονίων
465 1520 675 1555 ταπεινότητος,
699 1521 732 1556 τῇ
747 1521 842 1556 ὁράσει
858 1521 909 1555 μὲν

111 1564 170 1595 τοῖς
182 1564 301 1598 ὁρατοῖς,
313 1564 352 1599 τῷ
367 1563 407 1591 νοῒ
425 1564 454 1591 δὲ
469 1566 524 1596 τοῖς
538 1566 642 1600 νοητοῖς
655 1565 844 1598 ἐπιϐάλλοντα,
861 1565 909 1592 καὶ⁸

112 1610 174 1640 ταῖς
190 1611 298 1645 νοεραῖς
315 1609 443 1645 θεωρίαις
463 1611 728 1646 μυπαγωγοὺμενον
744 1610 792 1638 καὶ
809 1611 909 1646 τερπό-

113 1662 206 1688 μενον,
217 1655 331 1689 ἄγγελον
348 1654 436 1686 ἀλλον,
453 1655 507 1682 ἀπὸ
515 1656 567 1691 γῆς
590 1657 674 1692 ἧρεσε
693 1656 906 1690 κατασκευάσαι,

111 1699 169 1726 τῶν
182 1700 258 1735 ὲμῶν
278 1702 439 1737 ποιημάτων
461 1711 491 1729 τε
515 1702 562 1729 καὶ
584 1702 776 1738 βουλευμάτων
801 1701 907 1738 μύστην

113 1745 163 1772 καὶ
179 1746 321 1782 δοξαστήν.

964 450 1000 479 55
1016 450 1146 477 Mundam
1163 450 1237 482 olim,
1259 449 1379 477 condidit
1392 456 1504 476 summa:
1522 448 1616 475 mentis
1638 447 1751 474 sublime

1547 482 1676 515 lvarbamt,
1692 486 1748 510 etc.

995 556 1016 584 Α
1035 554 1171 590 principio
1181 560 1336 582 sermonem
1352 552 1386 580 de
1400 553 1504 585 anima,
1524 552 1559 579 ab
1572 551 1652 579 initio
1668 559 1751 586 gene-

961 601 1077 628 rationis
1093 600 1187 627 mundi
1209 599 1319 627 divinus
1337 603 1465 634 repetens
1483 605 1625 626 sacrorum
1649 597 1751 624 revela-

961 651 1006 674 tor
1023 655 1030 673 :
1046 646 1110 673 Erat
1121 646 1148 673 in
1161 646 1306 681 principio.
1318 645 1418 680 inquit,
1429 648 1562 671 eratcum
1583 643 1750 671 altissimum

962 693 1055 728 prima:
1077 692 1266 728 intelligentia:
1291 690 1409 718 Verbum
1434 690 1469 717 ad
1490 693 1632 726 paternam
1654 687 1749 716 volun-

960 743 1043 766 tatem
1067 738 1226 766 universum
1254 738 1328 764 hunc
1353 736 1484 764 mundttm
1511 735 1574 763 fecit
1605 735 1639 762 de
1665 734 1751 761 nihilo

962 792 1140 820 prorumpere
1154 784 1182 811 in
1196 784 1404 816 exsistentiam;
1426 782 1496 810 dixit
1516 781 1588 810 enim
1603 785 1630 808 et
1646 784 1712 816 quot
1723 785 1751 807 ct

960 835 1063 866 quanta
1094 830 1179 857 voluit
1212 833 1409 865 apparuerunt.
1461 827 1510 856 Ubi
1537 827 1655 863 primum
1684 834 1751 860 ergo

960 878 1062 910 omnia,
1080 877 1192 909 cadum,
1210 880 1294 909 terra,
1307 883 1383 903 mare
1399 880 1427 904 et
1441 875 1467 902 in
1483 875 1527 902 his
1541 873 1702 901 exsistentia
1723 873 1750 899 iu

961 931 1045 951 unum
1069 924 1201 951 mundum
1220 922 1302 950 simul
1322 922 1410 949 divisa
1433 924 1509 952 sunt,
1528 919 1668 956 quaerebat
1684 927 1752 954 quo-

960 969 1106 997 dammodo
1120 970 1182 1004 quis
1200 968 1319 996 mundus
1334 968 1403 995 alter
1415 967 1444 994 in
1461 970 1548 994 matre
1564 966 1688 993 omnium
1706 972 1752 992 sa-

959 1016 1062 1052 pientia
1075 1016 1192 1052 peritus,
1205 1020 1233 1044 et
1250 1014 1400 1042 visibilium
1409 1017 1437 1041 et
1445 1012 1617 1040 terrestrium
1628 1012 1750 1039 omnium

960 1068 1006 1088 rex
1023 1064 1097 1088 esset
1117 1061 1144 1087 in
1169 1059 1349 1088 similitudine
1367 1059 1414 1086 Dei
1436 1058 1584 1090 exsistms,
1605 1058 1634 1084 in
1654 1057 1752 1084 simili-

961 1108 1054 1135 tudine
1067 1107 1218 1135 Creatoris.
1244 1106 1307 1134 ideo
1327 1106 1417 1133 dicit:
1434 1115 1443 1131 ι
1470 1103 1588 1140 Jamjam
1611 1104 1670 1139 puri
1691 1113 1700 1130 ι
1724 1107 1752 1131 et

960 1160 1018 1187 seq.
1036 1152 1070 1178 Et
1086 1151 1196 1187 quidem
1217 1152 1278 1187 puri
1300 1159 1333 1178 ac
1355 1150 1528 1178 immortales
1543 1150 1681 1177 bonorum
1704 1158 1752 1176 an~

960 1198 1085 1233 gelorum
1103 1197 1180 1224 chori
1203 1197 1342 1224 caelestem
1365 1195 1456 1223 sortiti
1471 1195 1562 1223 locum
1584 1202 1672 1222 meam
1692 1195 1752 1230 glu—

960 1245 1028 1271 riam
1039 1248 1197 1271 constanter
1209 1242 1403 1270 concelebrant
1416 1251 1423 1268 :
1436 1245 1510 1268 terra
1522 1249 1586 1268 vero
1597 1244 1624 1267 et
1638 1240 1754 1268 visibilis

960 1290 1107 1317 universus
1125 1288 1202 1316 hiece
1212 1287 1331 1315 mundus
1350 1294 1458 1314 amoeno
1472 1286 1506 1314 de
1526 1286 1684 1322 spectaculo
1695 1286 1754 1313 ani-

959 1335 1094 1363 mantium
1121 1333 1349 1362 irrationabilium
1370 1335 1397 1360 et
1417 1336 1593 1360 venustatum
1623 1332 1752 1368 physica-

960 1389 1021 1409 rum
1042 1380 1142 1417 gaudet
1163 1385 1190 1408 et
1207 1380 1341 1416 superbit.
1362 1379 1400 1406 Ex
1415 1378 1524 1406 duobus
1539 1384 1629 1406 autem
1643 1379 1751 1413 generi-

959 1429 1023 1460 bus,
1036 1426 1230 1454 immortalium
1252 1426 1358 1454 scilicet
1372 1429 1400 1453 et
1419 1425 1588 1458 mortalium,
1605 1424 1753 1452 irrationa-

960 1471 1057 1499 bilium
1082 1475 1110 1497 et
1144 1469 1366 1501 rationabilium,
1396 1468 1559 1504 prudentem
1588 1468 1751 1504 participem

961 1515 1056 1544 mundi
1072 1515 1129 1543 sive
1148 1513 1300 1550 spiritualis
1317 1515 1376 1542 sive
1397 1514 1526 1541 sensibus
1543 1513 1684 1549 corporeis
1703 1514 1753 1540 ob-

961 1562 1037 1590 noxii
1048 1561 1150 1597 tingere
1163 1561 1230 1588 mihi
1242 1562 1330 1596 placet
1345 1570 1350 1587 :
1365 1560 1473 1588 scilicet
1483 1560 1622 1587 hominem
1633 1559 1754 1587 medium

961 1607 1193 1644 magniﬁcentiam
1208 1607 1280 1634 inter
1295 1606 1449 1635 cmlestium
1469 1611 1495 1634 et
1514 1605 1687 1634 terrestrium
1707 1606 1755 1632 ab-

958 1654 1117 1689 jectionem,
1144 1653 1219 1680 vultu
1239 1652 1350 1688 quidem
1373 1652 1540 1684 visibilibus,
1570 1652 1667 1687 spiritu
1692 1659 1756 1679 vero

961 1700 1150 1736 spiritualibus
1164 1699 1338 1734 adjunctum,
1355 1699 1445 1733 ipsum
1460 1705 1570 1734 quoque
1583 1698 1756 1725 intellectua-

960 1748 1032 1775 libus
1045 1747 1323 1782 contemplationibus
1336 1747 1474 1775 initiatum
1486 1751 1513 1775 et
1525 1747 1755 1782 complacentnm,

113 1792 241 1827 angelum
264 1794 380 1820 alterum
395 1793 443 1830 qui
465 1801 548 1829 super
567 1797 670 1822 terram
685 1794 815 1831 gaudium
834 1794 983 1822 arbitretur
1000 1793 1056 1821 lteri
1077 1800 1190 1829 operum
1206 1792 1433 1829 voluntatumque
1443 1800 1567 1821 mearum
1576 1792 1750 1821 sacerdotem

115 1845 144 1868 et
160 1839 376 1867 celebratorem.

115 1919 151 1947 70
171 1919 223 1952 Ὦς
238 1918 284 1953 ἄρ’
301 1919 370 1953 ἔφη,
389 1920 450 1946 κτλ.

150 1996 245 2024 Ταῦτα
260 1996 310 2031 μὲν
327 1996 340 2023 ὁ
365 1997 531 2032 δημιουργὸς
545 1997 644 2032 Λόγος,
662 1997 692 2024 οὐ
709 1997 800 2031 λόγοις
813 2005 907 2024 ταπει-

114 2045 170 2074 νοῖς
185 2042 272 2074 οὕτως
295 2043 347 2077 ἔφη
369 2043 415 2070 καὶ
440 2045 593 2078 μεριστοῖς,
618 2043 734 2079 νοήμασι
754 2043 782 2069 δὲ
797 2043 908 2074 ἑνιαίοις

116 2089 164 2116 καὶ
179 2088 370 2125 θεοπρεπέσιν,
381 2088 449 2124 ὁμοῦ
464 2097 494 2115 τε
511 2089 587 2116 ταῦθ’
605 2089 675 2116 οὕτω
689 2090 755 2125 δρᾷν
771 2089 907 2124 ἐνενόησε,

114 2136 164 2163 καὶ
183 2136 263 2171 ἔργον
284 2136 408 2171 παρέστη
429 2136 459 2162 τὸ
478 2136 611 2172 ὲννὸημα·
645 2137 692 2162 καὶ
708 2135 783 2172 παρά
797 2136 845 2171 μὲν
858 2135 909 2171 τῆς

113 2182 213 2209 νεωστὶ
226 2182 375 2217 γενομένης
398 2181 464 2217 ὕλης
479 2184 535 2214 τοῖς
549 2182 694 2214 ἀθανάτοις
714 2181 796 2209 αὑτοῦ
811 2182 909 2209 δακτύ-

114 2228 171 2260 λοις
192 2228 288 2264 μερίδα
305 2228 383 2263 χοὸς,
409 2227 446 2259 ὡς
461 2227 543 2259 αὐτὸς
559 2225 640 2260 οἶδεν,
663 2228 832 2263 ἀνειληφὼς,
859 2229 910 2264 τὴν

113 2272 127 2298 ὲ
132 2272 186 2307 μὴν
199 2271 362 2298 διεπλάσατο
377 2271 494 2307 μορφὴν,
506 2271 534 2297 ὲν
547 2272 615 2307 αὐτῇ
629 2271 657 2298 δὲ
669 2273 766 2307 μοῖραν
778 2272 829 2308 τῆς
842 2273 909 2305 ἰδίας

113 2318 280 2354 ἀπορρήτως
306 2317 418 2352 ἐνέθηκε
447 2317 520 2352 ζωῆς
543 2317 637 2352 (τοῦτο
657 2318 711 2355 γὰρ
736 2319 783 2352 τὸ,
804 2320 909 2354 μοιρή-

112 2368 206 2399 σατο)
220 2373 226 2378 ·
250 2364 397 2391 ἐνέπνευσε
411 2363 466 2399 γὰρ
484 2364 607 2400 πνεῦμα,
626 2364 640 2391 ὃ
654 2365 686 2401 δὴ
712 2365 847 2402 ἀπόρῥοιά
864 2366 907 2399 τίς

113 2410 174 2436 ἔστι
188 2410 236 2445 τῆς
251 2410 398 2445 ἀσωμάτου
412 2410 538 2446 θεότητος
555 2411 600 2437 καὶ
615 2410 742 2438 ἀθεάτου.
755 2412 806 2438 Ἕκ
818 2421 847 2438 τε
860 2410 906 2439 οὖν

113 2454 162 2481 τοῦ
174 2455 234 2490 χοὸς
245 2456 295 2491 τῆς
307 2456 408 2491 σαρκὸς
420 2457 481 2491 ἐμοὶ
493 2456 735 2493 σχηματισθεισης,
746 2458 792 2484 καὶ
801 2457 852 2493 τῆς
859 2457 908 2493 ψυ-

114 2501 166 2536 χῆς
177 2501 206 2527 δέ
227 2510 272 2537 μοι
285 2501 328 2528 διὰ
340 2502 390 2537 τῆς
405 2502 624 2538 παντοκράτορος
641 2504 798 2540 κτισθείσης
810 2504 905 2539 πνοῆς,

112 2548 154 2578 εἰς
170 2547 322 2583 ἄνθρωπον,
342 2549 419 2583 φησὶ,
436 2548 485 2574 ἕνα
499 2549 666 2584 συνεπάγην,
683 2549 764 2576 εἰκὼν
777 2549 824 2576 τοῦ
840 2549 907 2577 ἀθα-

113 2593 196 2619 νάτου
210 2593 354 2630 γενόμενος
361 2594 440 2626 Θεοῦ,
449 2594 487 2629 τῷ
501 2595 666 2631 αὐτεξουσιῳ
679 2595 717 2631 νῷ
725 2596 772 2623 καὶ
782 2597 888 2632 ἀρχικῷ
897 2605 904 2612 ι

111 2638 220 2670 τούτοις
242 2639 296 2675 γὰρ
312 2641 329 2674 ὴ
349 2640 417 2676 πρὸς
433 2640 478 2667 τὸν
502 2640 628 2676 Πλάστην
652 2642 779 2677 ὁμοίωσις
796 2643 904 2678 ὁρᾶται,

111 2686 164 2714 καὶ
180 2685 195 2712 ὸ
209 2686 238 2712 ἐν
252 2686 390 2721 ἀνθρώπῳ
401 2686 464 2718 νοῦς
478 2687 640 2722 ἀμφοτέρων
656 2688 705 2722 τῆς
716 2697 746 2715 τε
759 2689 848 2724 ψυχῆς
862 2689 907 2724 βα-

113 2731 216 2759 σιλεύει
230 2733 278 2759 καὶ
293 2732 340 2760 τοῦ
355 2732 492 2769 σώματος,
515 2733 548 2760 δι’
564 2733 579 2760 ὁ
600 2734 648 2760 καὶ
661 2735 840 2771 αὐτοκράτωρ
852 2736 906 2763 τῶν

112 2779 144 2805 ἓν
155 2779 223 2814 ἡμῖν
234 2779 414 2814 ἀνηγόρευται
426 2779 519 2806 παθῶν
528 2788 535 2795 ·
550 2779 673 2806 ἐντεῦθεν
686 2781 733 2808 καὶ
744 2782 812 2816 πρὸς
823 2782 907 2817 ἄμφω

112 2826 178 2857 τοὺς
185 2824 260 2860 βίους
271 2825 362 2861 γήϊνον
370 2826 416 2853 καὶ
425 2826 549 2862 οὐράνιον
561 2826 683 2861 φυσικῶς
692 2828 851 2863 ὲπιρρέπειν
861 2837 906 2864 μοι

111 2870 197 2901 δοκῶ.
208 2879 253 2898 τοι
263 2870 312 2905 μὲν
321 2870 365 2897 διὰ
376 2871 406 2898 τὸ
420 2871 508 2907 σῶμα,
517 2873 563 2899 τδν
573 2873 602 2899 δὲ
611 2872 657 2899 διὰ
668 2872 700 2899 τὸ
707 2873 815 2909 πνεῦμα
827 2874 905 2910 στερ-

112 2928 182 2954 γων,
200 2918 326 2954 καὶπρὸς
345 2919 460 2956 ἑκάτερα
478 2922 536 2953 ταῖς
552 2920 708 2957 ἐπιθυμίαις
724 2921 906 2958 διελκόμενος.

963 1930 997 1958 70
1013 1930 1057 1958 Sic
1069 1930 1149 1964 dixit,
1166 1936 1220 1959 etc.

996 1997 1059 2025 Haec
1069 1998 1139 2025 dixit
1155 1999 1250 2026 mundi
1265 1998 1417 2026 fabricator
1432 1998 1553 2026 Verbum
1568 2004 1625 2025 non
1641 1997 1755 2025 vocibus

961 2044 1062 2072 vilibus
1082 2049 1110 2071 et
1130 2044 1243 2077 divisis,
1275 2045 1323 2073 sed
1342 2045 1511 2081 cogitatione
1541 2044 1623 2071 unica
1645 2042 1756 2078 Deoque

961 2089 1055 2124 digna,
1064 2090 1147 2117 simul
1161 2094 1246 2125 atque
1260 2090 1300 2118 sic
1317 2090 1409 2118 facere
1422 2089 1564 2126 cogitavit,
1581 2095 1608 2117 et
1626 2097 1696 2124 opus
1708 2097 1756 2117 ους

961 2135 1046 2170 gitata
1067 2135 1262 2169 manifestavit,
1272 2141 1300 2163 et
1318 2135 1353 2164 de
1370 2143 1466 2164 recens
1480 2136 1553 2162 facta
1575 2136 1689 2163 materia
1705 2136 1756 2162 im-

962 2182 1125 2210 mortalibus
1143 2182 1246 2218 digitis,
1270 2186 1376 2217 partem
1390 2188 1483 2215 terrae,
1501 2183 1572 2210 sicut
1587 2182 1648 2217 ipse
1667 2183 1753 2213 novit,

963 2235 1086 2261 sumens,
1104 2235 1191 2255 meam
1204 2227 1351 2262 plasmavit
1369 2228 1486 2256 formam
1497 2227 1524 2255 in
1536 2235 1624 2263 eaque
1637 2228 1755 2263 propriae

963 2275 1025 2302 vita:
1052 2279 1157 2309 partem
1182 2281 1283 2302 arcane
1310 2274 1419 2309 posuit;
1443 2274 1495 2301 hoc
1516 2275 1590 2301 enim
1611 2283 1618 2301 :
1637 2274 1754 2309 partitus

963 2325 1020 2354 est;
1036 2328 1155 2356 namque
1165 2320 1311 2356 inspiravit
1325 2320 1463 2356 spiritum,
1478 2321 1526 2356 qui
1539 2320 1605 2347 inde
1618 2320 1754 2348 emanatio

959 2366 1082 2401 quaedam
1097 2371 1140 2394 est
1152 2366 1322 2402 incorporea!
1346 2367 1548 2402 invisibilisque
1572 2365 1695 2394 deitatis.
1715 2366 1753 2394 De

959 2416 1034 2440 terra
1055 2420 1121 2448 ergo
1144 2420 1229 2440 carne
1249 2420 1309 2440 mea
1332 2412 1420 2440 edicta
1447 2416 1475 2440 et
1504 2412 1596 2440 anima
1616 2412 1682 2440 mihi
1705 2420 1753 2448 per

960 2459 1177 2493 omnipotentem
1195 2459 1324 2494 spiritum
1336 2458 1495 2491 constituta,
1506 2457 1589 2485 homo
1609 2465 1689 2490 unus,
1710 2457 1754 2485 in-

960 2505 1029 2540 quit,
1049 2505 1220 2539 compositus
1230 2512 1292 2533 sum
1309 2526 1318 2538 ,
1341 2505 1432 2540 imago
1457 2504 1623 2532 immortalis
1643 2503 1691 2531 Dei
1711 2503 1753 2531 fa.—

960 2553 1031 2582 ctus,
1049 2549 1136 2577 libera
1145 2554 1172 2578 et
1195 2550 1375 2578 dominatrice
1399 2549 1589 2585 intelligentia.
1602 2549 1664 2577 Istis
1678 2549 1753 2578 enim

961 2596 1113 2625 similitudo
1124 2604 1188 2624 cum
1198 2597 1329 2624 Creatore
1337 2596 1508 2632 conspicitur
1515 2595 1590 2631 quod
1604 2598 1631 2623 in
1641 2595 1753 2623 homine

959 2642 1136 2677 intelligentia
1152 2643 1180 2670 in
1189 2643 1284 2670 ambos
1295 2646 1399 2678 regnet,
1411 2649 1508 2677 nempe
1520 2642 1639 2670 animam
1650 2646 1678 2670 et
1689 2649 1752 2670 cor-

960 2697 1011 2725 pus
1025 2699 1031 2716 :
1044 2689 1136 2724 itaque
1147 2689 1180 2716 de
1195 2690 1285 2723 seipsa
1301 2689 1448 2717 dominans
1466 2689 1617 2716 innostros
1635 2687 1751 2716 adactus

960 2735 1147 2763 denuntiatur.
1157 2735 1222 2763 Inde
1233 2735 1267 2762 ad
1281 2739 1426 2770 utramque
1436 2735 1520 2762 vitam
1533 2741 1615 2769 quam
1633 2735 1750 2762 sortitus

960 2789 1032 2814 sum,
1062 2784 1220 2808 terrestrem
1238 2784 1265 2808 et
1281 2781 1421 2808 cmlestem
1439 2787 1543 2816 pronus
1558 2780 1623 2807 mihi
1640 2780 1744 2814 videor,

960 2835 1033 2855 nunc
1058 2827 1195 2863 corporis,
1217 2834 1290 2855 nunc
1305 2827 1421 2862 spiritus
1439 2828 1520 2855 vitam
1543 2826 1637 2856 fovens
1658 2832 1684 2856 ct
1713 2827 1751 2856 ad

958 2875 1116 2903 alterutram
1131 2874 1268 2910 voluptate
1281 2878 1395 2902 tractus.
