1936 3042
119 157 173 184 697

119 220 230 253 σθέντος
244 219 291 247 καὶ
304 218 458 255 νέουἏδὰμ
469 219 666 254 γεγενημένου,
679 220 695 246 ὸ
707 219 913 256 παλαιδςἎδὰμ

117 267 164 294 δια
178 266 299 298 πίστεως
312 265 373 293 ὅλον
386 265 417 292 τὸ
431 265 527 301 γήῖνον
538 265 668 300 ἀμείψας,
679 266 726 292 καὶ
738 265 778 301 τῷ
795 266 915 302 οὐρανίῳ

117 312 179 347 Θεῷ
196 311 423 347 προσκολληθεὶς,
436 310 503 342 Θεὸς
514 310 588 346 αὐτῷ
607 311 763 338 συνοδεύσει
777 311 847 348 πρὸς
868 311 914 338 τὸν

117 358 243 394 οὐρανόν.
264 357 373 393 Ταύτην
396 357 499 393 μεταξὺ
516 356 563 383 τοῦ
589 357 669 392 λόγου
694 358 744 393 τὴν
761 358 852 385 αἰτίαν
865 358 915 394 τῆς

118 404 246 436 πλάσεως
272 403 487 438 ὑπαινιξάμενος
508 403 625 437 ἐπάγει·
650 413 660 429 ι
676 403 746 431 Οὔτε
768 413 832 440 μιν,
858 404 914 431 οὒτ’

119 450 238 485 ἀνέηκεν
260 450 413 487 ἐλεύθερον,
427 460 436 475 ι
455 450 503 477 καὶ
525 449 606 485 ἑξῆς·
632 450 646 476 δ
673 450 702 476 δὲ
718 450 812 485 λέγει,
837 450 915 478 τοῦτό

120 499 198 524 ἐστιν
215 506 222 513 ·
250 496 295 528 Ὧς
308 495 370 523 οὔτε
387 495 560 523 παντάπασιν
576 494 720 532 ἐλεύθερον
743 497 850 532 ἀφῆκεν
868 497 915 524 τὸν

107 542 264 578 ’ἄνθρωπον
280 541 329 569 καὶ
345 541 542 569 αὐτοδέσπστον
564 541 635 576 (πῶς
658 542 713 577 τὰρ
726 543 774 569 καὶ
790 540 825 579 ἦν
840 541 915 574 ἀξιον

118 587 173 620 ἔξω
186 588 235 622 τῆς
260 585 480 622 παντοκράτορος
503 585 610 613 κεῖσθαι
630 586 792 619 δεσποτείας
803 589 833 620 ;),
851 586 914 614 οὔτε

117 629 148 661 δὲ
159 632 298 664 παντελῶς
311 632 405 660 τοῦτον
416 633 517 668 τρόπον
527 632 632 667 ἀλόγων
644 634 770 669 ἀνάγκης
782 633 914 666 ὑπέζευξε

119 680 213 714 ζυγοῖς
223 688 231 696 ·
248 679 295 706 τὸν
311 679 426 714 φυσικὸν
437 679 467 706 δὲ
479 679 562 715 νόμον
573 681 621 707 καὶ
634 679 740 714 ἀγαθὰς
757 680 863 712 ἑννοίας
878 682 911 716 τῇ

119 725 203 752 αὑτοῦ
229 725 329 761 καρδίᾳ
349 724 577 760 ὶγγραψάμενος.
606 726 637 752 ὲν
660 726 718 757 τοῖς
741 725 913 761 μισαιτάτοις

117 771 166 797 τοῦ
180 770 322 802 ἀειθαλοῦς
345 771 511 806 παραδείσου
528 771 735 806 ἀμφιτάλαντον
751 771 844 807 τίθησι
858 780 912 806 χω-

118 814 206 849 ρίοις,
219 815 267 841 καὶ
282 815 447 852 ἀμφιρρεπῆ
476 815 526 851 μὲν
543 815 581 848 ὡς
594 816 771 851 αὐτοκίνητον
785 817 832 843 καὶ
846 816 913 843 αὐτ-

117 860 249 893 εξούσιον,
258 861 362 896 γυμνὸν
376 862 405 888 δὲ
416 862 454 894 ὡς
465 861 570 889 ἁπλοῦν
582 863 629 889 καὶ
641 862 788 898 ἁπόνηρον,
802 862 912 897 διπλόης

116 915 149 934 τε
163 907 254 943 πάσης
268 907 411 944 ἐλεύθερον
426 908 474 935 καὶ
494 909 667 944 ὑποκρίσεως
677 916 685 924 ’
704 909 752 936 καὶ
770 910 824 946 γὰρ
839 909 913 944 luat-

115 961 150 988 γε
165 955 247 990 κριτῇ
271 954 288 990 ἡ
309 954 490 989 θεὸφθεγκτος
506 955 665 991 ἀπεφήνατο
683 956 759 991 φωνή
769 964 777 971 ·
793 956 807 982 ο
822 956 913 991 παρά-

115 997 207 1030 δεισος
228 994 307 1030 οὗτος
332 999 446 1034 οὐρανία
471 999 637 1035 χρηματίζει
664 1000 833 1033 κατάστασις
866 1001 914 1028 καὶ

115 1041 209 1069 δίαιτα
223 1043 308 1077 ἁγίων
327 1044 406 1076 νοῶν,
421 1042 451 1071 οὗ
476 1044 509 1080 δὴ
527 1045 574 1072 τὸν
587 1045 732 1082 ἄνθρωπον
744 1047 774 1072 έν
791 1046 888 1082 ἀρχαῖς
898 1047 914 1073 ὁ

116 1088 360 1171 ἷῖῗσαςαεωργδν
373 1090 482 1118 ἐννοιῶν
494 1091 575 1118 θείων
590 1092 638 1119 καὶ
650 1092 738 1126 λόγων
748 1092 913 1129 δραστήριον

171 1144 248 1163 ita-co.

171 1144 248 1163 κατο.

118 1191 168 1218 107
189 1192 260 1219 οιον
277 1201 332 1227 μιν
343 1192 472 1228 ἁπέεργε
487 1194 681 1229 τελειοτέροιο
695 1195 812 1230 φυτοῖο,
821 1195 881 1222 κτλ.

157 1237 232 1269 Ἐνδς
248 1237 333 1272 φυτοῦ
351 1239 433 1274 μόνου
454 1239 503 1275 τὴν
528 1239 624 1274 γεῦσιν
647 1240 785 1267 ἐκώλυσεν
807 1241 821 1267 ὁ
838 1240 912 1267 Πλα-

117 1281 259 1317 πουργός.
278 1282 310 1309 Et
326 1284 376 1318 μέν
389 1292 415 1310 τι
432 1284 479 1310 καὶ
494 1283 571 1316 ξύλου
590 1282 659 1316 εἶδός
673 1293 699 1311 τι
712 1282 747 1320 ἦν
761 1285 819 1311 ἐκεῖ
832 1285 862 1310 τὸ
875 1284 913 1320 τῷ

117 1327 322 1364 πρωτοπλάστῳ
333 1328 570 1365 ἀπηγορευμένον,
592 1330 650 1361 τοῖς
663 1329 787 1357 είποῦοιν
799 1330 830 1356 οὐ
847 1330 911 1356 διοί-

117 1379 222 1409 coitur
254 1374 371 1410 θεωρίας
398 1375 426 1402 δὲ
451 1375 602 1412 μετάληψιν
623 1375 778 1411 κρείττονος
800 1375 817 1409 ἢ
842 1376 913 1402 κατὲ

116 1421 168 1455 τὴν
184 1420 241 1453 έξιν
262 1420 348 1456 Ἀδὰμ
365 1421 395 1448 τὸ
417 1421 500 1456 φυτὸν
515 1423 604 1448 έκεῖνο
621 1423 692 1449 νοεῖν
705 1423 752 1449 καὶ
766 1422 837 1449 πάνυ
852 1430 913 1449 συν-

117 1466 237 1502 θήσομαι
253 1466 293 1502 τῷ
304 1467 467 1503 διδασκάλῳ.
493 1467 568 1504 Αὕτη
584 1467 649 1504 γὰρ,
666 1469 745 1504 φησὶ,
760 1468 868 1496 τελείαν
884 1470 913 1495 ὲν

117 1511 203 1547 ἑαυτῇ
218 1512 357 1548 διάκρισιν
370 1512 418 1539 τοῦ
440 1511 545 1547 ἀγαθοῦ
566 1521 596 1539 τε
611 1513 668 1548 ἔχει
686 1513 733 1540 καὶ
749 1513 796 1540 τοῦ
813 1512 912 1546 κακοῦ,

117 1557 189 1585 κατὰ
201 1557 246 1585 τὸν
267 1558 352 1594 αὐτῆς
374 1557 638 1594 μεταλαμϐανομένη
652 1559 748 1595 καιρόν
761 1567 769 1575 ·
794 1559 828 1585 δι’
847 1558 862 1585 δ
882 1559 911 1585 ού

116 1605 175 1635 τοῖς
189 1604 259 1641 πρὸς
273 1605 341 1632 Θεὸν
354 1604 456 1632 ὁδεύειν
476 1605 655 1641 ἀρχομένοις,
669 1606 728 1642 ῆτοι
742 1605 851 1640 νηπίοις
865 1605 912 1632 καὶ

116 1649 242 1677 ἀτελέσιν
257 1651 288 1677 ὲν
307 1650 429 1686 Χριστῷ,
439 1650 591 1687 λυσιτελὴς,
604 1651 672 1678 ἀλλὰ
682 1653 738 1683 τοῖς
750 1652 799 1687 τὴν
815 1651 912 1687 νοερὰν

117 1696 317 1732 προκεκοφόσιν
334 1696 453 1732 ἡλικίαν,
474 1696 521 1723 καὶ
539 1697 580 1728 είς
602 1696 702 1732 μέτρον
722 1698 912 1733 πνευματικῆς

116 1740 278 1773 ἀνᾶὁάσεως
291 1742 320 1768 ὲν
335 1741 437 1779 θεωρίᾳ
457 1742 505 1769 καὶ
521 1741 620 1777 πράξει
642 1742 760 1778 Χριστοῦ
775 1751 913 1778 κατηντη-

116 1788 206 1819 κόσιν,
223 1788 350 1815 τοσοῦτον
369 1787 523 1824 βαρύνουσα
536 1788 598 1820 τοὺς
615 1788 731 1820 ἀτελεῖς,
749 1789 812 1816 ὅσον
825 1790 873 1816 καὶ
895 1790 913 1825 ἡ

117 1835 219 1872 στερεὰ
235 1835 324 1871 τροφὴ
344 1835 409 1867 τοὺς
436 1835 571 1870 γάλακτος
597 1834 637 1861 ἔτι
657 1835 810 1871 δεομένους.
842 1836 913 1863 Ἀλλ’

118 1880 212 1915 ἐπειδὴ
225 1879 273 1906 τοῦ
289 1879 420 1916 φθονεροῦ
437 1880 565 1915 δαίμονος
581 1879 742 1912 ἐπιϐουλαῖς
758 1881 805 1907 καὶ
819 1889 914 1915 γυναι-

117 1927 166 1959 κὸς
179 1926 376 1962 παραινέσεσιν
388 1926 525 1962 ἡττηθεὶς,
539 1927 589 1960 τῆς
601 1926 791 1962 ἀπειρημένης
807 1927 913 1963 ἐκείνης

117 1971 241 2006 γεύσεως
264 1972 318 2008 πρὸ
337 1971 412 2008 ὥρας
437 1972 484 1999 καὶ
499 1973 575 2008 παρὰ
592 1972 640 2008 τὴν
655 1972 765 2008 ἐντολὴν
784 1972 911 2008 μετέσχε,

117 2019 181 2050 τοὺς
196 2018 372 2054 δερματίνους
388 2018 437 2054 μὲν
453 2017 580 2054 χιτῶνας,
598 2019 659 2054 ἦτοι
671 2018 721 2051 τὴν
737 2018 850 2053 βαρεῖαν
865 2019 913 2045 καὶ

119 2064 221 2100 θνητὴν
246 2064 346 2101 σάρκα,
369 2064 430 2091 ἀντὶ
448 2064 495 2091 τοῦ
507 2064 729 2099 ζδιαφανεστάτου
753 2065 800 2091 καὶ
819 2065 914 2091 λεπτο-

118 2111 202 2138 τάτου
220 2110 346 2147 σώματος
358 2111 524 2147 νεκροφόρος
541 2111 700 2146 ἁμφιάσατο
716 2110 845 2145 γεγονώς.
868 2110 913 2146 Τῷ

119 2158 215 2194 θνητὸν
226 2156 256 2184 δὲ
269 2157 364 2184 τοῦτον
383 2157 521 2192 γενέσθαι,
539 2157 716 2183 διακέκοπται
732 2157 781 2192 μὲν
793 2157 810 2192 ὴ
821 2157 913 2192 ἁμαρ-

117 2204 164 2230 τία
177 2202 216 2239 τῷ
229 2203 348 2239 θανάτῳ,
359 2203 397 2235 ὡς
407 2203 444 2239 μὴ
454 2203 618 2236 διαιωνίζειν
625 2203 656 2229 τὸ
671 2203 766 2235 κακὸν,
780 2202 914 2230 καὶτοῦτο

118 2248 147 2276 δὲ
162 2248 244 2284 ἔργον
257 2249 425 2284 ἀγαθότητος
440 2249 506 2276 Θεοῦ
515 2257 521 2263 ·
537 2249 619 2281 αὐτὸς
633 2249 662 2276 δὲ

124 2306 172 2333 H7
197 2304 291 2333 Ἦλθε
317 2306 377 2341 μὲν
405 2305 518 2339 ἄλσεος
542 2305 628 2341 ἐκτὸς
656 2305 706 2332 ἐπὶ
724 2304 830 2341 χθόνα.
851 2305 913 2341 γτῆς

618 2339 729 2377 [γένος
737 2339 804 2376 ἦεν,
817 2340 876 2367 κτλ.

156 2397 242 2424 Τοῦτο
259 2398 309 2434 τῆς
321 2397 479 2434 παραδολῆς
490 2397 520 2424 τὸ
535 2397 642 2433 κέρδος,
658 2398 705 2424 καὶ
723 2396 826 2433 ταύτην
840 2397 856 2423 ό
867 2396 913 2423 ἄν·

119 2443 230 2480 θρωπος
250 2443 378 2471 ἀπώνατο
394 2444 446 2479 τῆς
470 2443 653 2479 παραϐάσεως
676 2443 840 2478 ἀντάμειψιν
854 2463 861 2475 ,
884 2443 915 2470 τὸ

119 2492 174 2525 ἔξω
184 2492 278 2518 πεσεῖν
285 2491 331 2518 τοῦ
343 2491 518 2526 παραδείσου,
528 2491 576 2517 καὶ
590 2491 630 2522 είς
639 2491 701 2526 γῆν.
711 2487 783 2526 ἑξῆς
796 2490 913 2526 ἐλήφθη,

121 2538 287 2574 στραφῆναι,
298 2539 344 2565 καὶ
355 2537 427 2573 ζωὴν
442 2537 578 2564 ἐπώδυνον
590 2537 636 2564 καὶ
650 2537 819 2573 πολύμοχθον
830 2545 914 2564 κατα-

120 2584 249 2620 κριθῆναι
260 2591 270 2600 ο
283 2583 322 2620 τῷ
337 2583 453 2620 ὲριτίμῳ
464 2584 494 2610 δὲ
509 2584 559 2618 τῆς
574 2583 647 2619 ζωῆς
660 2583 729 2618 ξύλῳ
741 2583 781 2619 τῷ
796 2585 825 2610 ὲν
838 2583 914 2619 μέσῳ

120 2630 168 2657 τοῦ
186 2630 351 2666 παραδείσου
365 2629 512 2665 νοουμένῳ,
538 2629 552 2656 ὅ
573 2630 605 2665 δὴ
625 2630 706 2666 τυχὸν
729 2631 746 2666 ή
762 2630 911 2666 ἀκραιφνε-

123 2677 210 2711 στάτη
227 2676 296 2702 Θεοῦ
310 2676 414 2711 θεωρία
427 2676 475 2702 καὶ
501 2676 639 2712 ἀκροτάτη
663 2675 710 2702 τοῦ
724 2675 916 2711 ἀκαταλήπτου

121 2722 224 2758 γνῶσίς
239 2723 314 2753 ἔστι,
336 2721 423 2757 τούτῳ
444 2722 476 2757 δὴ
487 2721 527 2757 τῷ
544 2721 619 2757 φυτῷ
642 2722 687 2748 τὸν
701 2721 812 2758 πύρινον
831 2721 916 2749 αὐτοῦ

123 2769 216 2805 ζῆλον,
228 2769 258 2795 ὃν
269 2768 318 2795 καὶ
330 2768 460 2803 φλογίνην
475 2769 611 2804 ῥομφαίαν
623 2769 640 2804 ή
658 2768 719 2795 θεία
731 2767 805 2802 λέγει
818 2768 914 2805 Γραφὴ

123 2815 171 2844 ut
184 2815 342 2850 Χερουϐεὶμ
354 2814 410 2849 (10)
423 2814 613 2850 κατονομάζει,
623 2814 770 2846 ἀγγελικὰς
784 2814 914 2850 δυνάμεις

158 2905 216 2942 (l0)
229 2904 401 2940 Χερουδείμ.
422 2904 468 2932 Sic
482 2903 578 2933 codex.

587 157 620 185 ΙΝ
639 156 794 186 CARMINA
816 159 955 188 ARCANA
976 159 1005 187 S.
1026 158 1206 188 GREGORII.

1709 158 1762 185 698

963 221 994 248 tit
1007 228 1096 249 novus
1111 220 1217 253 Adam;
1242 219 1307 247 hinc
1320 224 1399 247 vetus
1411 219 1498 246 Adam
1512 226 1562 254 per
1580 218 1660 246 fidem
1677 226 1760 247 omne

966 271 1106 294 terrenum
1128 267 1255 294 immutat
1279 269 1307 293 et
1326 264 1398 293 Deus
1422 265 1609 300 agglutinstus
1630 263 1686 292 Deo
1701 271 1759 292 co:-

966 313 1037 345 lesti,
1061 320 1124 340 cum
1147 313 1207 347 ipso
1231 319 1348 347 pergens
1370 311 1423 339 iter
1444 311 1576 339 ascendet
1600 311 1628 338 in
1645 311 1757 339 coelum.

966 358 1042 386 Hanc
1063 360 1092 386 in
1116 358 1260 386 tractando
1279 365 1391 385 causam
1413 357 1606 392 plasmationis
1633 358 1759 385 revolans

965 404 1072 439 pergit:
1090 412 1099 429 ι
1118 403 1172 431 Nec
1191 411 1253 431 eum
1266 403 1384 430 libenter
1398 403 1462 430 sivit
1479 403 1608 436 liberum,
1625 412 1634 428 ι
1651 407 1680 430 et
1697 411 1756 437 seq.

965 449 993 477 Id
1005 455 1057 482 est,
1085 450 1157 477 sicut
1172 457 1227 476 non
1244 449 1401 476 omnimode
1423 448 1538 476 liberum
1557 448 1685 484 permisit
1709 449 1759 476 luo-

965 496 1066 523 minem
1079 500 1106 524 et
1117 497 1159 524 sui
1175 497 1258 532 juris.
1271 512 1309 518 -—
1319 499 1458 534 quomodo
1476 499 1547 526 enim
1561 498 1674 533 dignum
1687 497 1757 526 fuis-

965 545 1007 569 set
1020 542 1159 570 hominem
1173 543 1369 572 dominationis
1381 544 1583 579 Omnipotentis
1596 547 1756 578 exemptum

965 591 1039 615 stare
1048 588 1101 614 τ-
1110 597 1162 617 nec
1176 589 1288 617 omnino
1300 589 1376 617 illum
1388 589 1454 624 jttgo
1463 588 1636 617 necessitatis
1645 587 1759 615 irratio-

965 633 1096 660 oabilium
1112 641 1190 662 more
1202 635 1335 668 revinxit;
1350 633 1399 662 sed
1421 633 1480 670 lege
1494 634 1613 661 naturali
1629 639 1657 661 et
1674 634 1758 660 rectis

964 679 1177 715 cogitationibus
1197 681 1225 708 in
1238 679 1322 708 corde
1339 679 1426 715 ipsius
1438 680 1594 715 inscriptis,
1613 679 1640 706 in
1661 678 1760 706 mediis

964 726 1084 762 paradisi
1098 726 1245 754 viridantis
1258 726 1304 754 'ad
1326 731 1445 760 utraque
1463 729 1557 761 aptum
1577 725 1654 761 ponit
1669 725 1759 759 regio-

962 773 1056 804 nibus,
1072 772 1105 800 ad
1121 778 1236 808 utraque
1264 773 1341 807 quasi
1366 772 1513 807 proclivem
1524 791 1532 803 .
1549 773 1595 807 qui
1613 770 1758 798 affet-tuum

962 823 1037 846 esset
1052 826 1176 854 compos,
1200 819 1332 854 suiipsius
1353 818 1471 850 arbitrii.
1493 817 1569 853 ponit
1591 820 1618 844 et
1643 815 1757 845 nudum.

964 865 1009 900 qui
1030 865 1143 900 simplex
1157 868 1184 892 et
1202 865 1306 899 absque
1322 864 1438 896 malitia,
1453 863 1524 890 liber
1537 866 1612 890 esset
1633 862 1669 889 ab
1683 862 1758 888 omni

964 910 1130 944 duplicitate
1146 913 1174 936 et
1195 908 1346 944 hypocrisi.
1375 908 1440 936 Mihi
1462 908 1534 935 enim
1559 907 1645 942 judici
1668 914 1719 934 vox
1743 914 1759 933 ι

964 955 1019 983 Deo
1038 959 1114 983 certe
1130 955 1254 983 insonuit
1271 965 1278 983 :
1296 955 1446 983 Paradisns
1463 955 1514 982 iste
1536 954 1648 981 cmlestc
1667 953 1758 980 lirtna-

964 1006 1086 1030 mentum
1115 1005 1247 1033 vocatur.
1287 1005 1313 1029 et
1335 1005 1495 1028 sanctorum
1517 999 1662 1033 spirituum
1685 998 1760 1030 vita,

963 1048 1043 1082 cujus
1056 1048 1083 1075 in
1102 1048 1238 1083 principio
1255 1047 1396 1075 hominem
1409 1046 1526 1075 Creator
1541 1046 1675 1073 cultorem
1690 1053 1758 1073 con-

963 1093 1064 1123 stituit.
1094 1092 1278 1128 cogitationes
1295 1100 1494 1127 sermonesque
1513 1091 1622 1119 divinos
1642 1098 1761 1126 operose

962 1140 1166 1168 observantem.

963 1195 1015 1223 107
1034 1194 1093 1222 Una
1110 1195 1134 1222 ei
1147 1194 1286 1222 interdixit
1302 1194 1458 1229 perfectiore
1473 1192 1577 1224 arbore.
1599 1197 1652 1219 etc.

998 1239 1087 1268 Unius
1104 1244 1211 1268 tantum
1230 1240 1338 1267 fructus
1354 1243 1464 1274 gustum
1483 1238 1570 1266 vetuit
1592 1237 1759 1266 Plastnalor.

962 1285 1041 1318 Quod
1058 1285 1140 1314 fuerit
1154 1285 1258 1321 aliquid
1279 1285 1424 1321 pulchrum
1449 1283 1476 1311 in
1499 1284 1571 1318 ligno
1593 1283 1644 1310 hoc
1664 1287 1760 1318 proto-

964 1333 1072 1367 parenti
1090 1332 1260 1368 prohibitum
1273 1331 1368 1358 dicant
1379 1331 1436 1363 alii,
1451 1338 1506 1358 non
1522 1334 1619 1357 contra
1635 1329 1761 1361 izeveltar,

963 1378 1011 1406 sed
1027 1378 1260 1407 considerationis
1281 1378 1439 1413 allegoriam
1465 1376 1587 1404 melioris
1607 1383 1689 1411 quam
1716 1384 1760 1403 sc-

963 1425 1085 1452 t-nndum
1099 1432 1179 1452 usum
1197 1425 1283 1452 Adam
1297 1424 1373 1451 illum
1391 1423 1541 1458 intelligere
1555 1422 1685 1454 fructum,
1700 1430 1762 1457 pru-

964 1471 1037 1498 fecto
1053 1471 1224 1498 consentiam
1243 1471 1375 1505 magistro
1389 1479 1395 1496 :
1412 1469 1479 1502 Quae
1498 1469 1637 1504 allegoria,
1656 1468 1758 1504 inquit,

964 1516 1116 1551 perfectum
1130 1517 1158 1543 in
1171 1523 1201 1543 se
1218 1516 1277 1550 ipsa
1295 1515 1431 1550 judicium
1447 1513 1482 1542 de
1499 1515 1570 1541 bono
1584 1518 1609 1541 et
1626 1515 1698 1541 malo
1710 1513 1760 1541 ha—

965 1563 1023 1593 bet.
1040 1567 1152 1597 accepta
1172 1563 1200 1589 in
1216 1561 1304 1597 ipsius
1321 1565 1446 1596 tempore
1464 1563 1630 1595 opportuno.
1654 1559 1762 1587 Idcirco

963 1607 1095 1634 acredere
1108 1605 1143 1633 ad
1158 1605 1243 1634 Deum
1259 1605 1468 1639 incipientibus.
1486 1604 1638 1632 infantibus
1654 1604 1760 1632 scilicet

962 1657 989 1680 et
1004 1651 1172 1687 imperfectis
1187 1651 1214 1678 in
1227 1650 1338 1678 Christo
1353 1658 1408 1677 non
1420 1651 1542 1685 expedit.
1564 1650 1612 1677 sed
1627 1655 1707 1677 aetate
1720 1650 1760 1676 in-

963 1697 1094 1733 telligenti
1117 1698 1255 1733 provectis
1271 1701 1299 1724 et
1317 1696 1351 1724 iis
1368 1697 1415 1731 qui
1438 1696 1472 1723 ad
1496 1696 1622 1723 altiorem
1642 1695 1759 1730 spiritus

963 1751 1120 1771 mensuram
1132 1744 1159 1771 in
1168 1743 1390 1771 consideratimte
1404 1746 1430 1770 et
1443 1743 1572 1777 operibus
1583 1741 1685 1769 Christi
1700 1748 1759 1776 per-

964 1794 1108 1819 venerunt.
1132 1789 1195 1817 Haec
1219 1797 1283 1817 vero
1311 1793 1416 1816 tantum
1441 1796 1559 1824 gravatis
1582 1788 1759 1823 imperfectos

964 1842 1098 1872 quantum
1116 1836 1196 1864 solidi
1212 1835 1266 1863 cibi
1286 1842 1334 1863 eos
1350 1835 1398 1870 qui
1421 1835 1491 1862 lacte
1512 1834 1603 1861 adhuc
1624 1833 1759 1868 indigent.

965 1881 1018 1909 Sed
1036 1888 1179 1917 postquam
1193 1880 1279 1908 invidi
1292 1881 1468 1908 suasionibus
1480 1880 1583 1907 diaboli
1595 1883 1622 1906 ct
1633 1879 1762 1906 mulieris

964 1928 1172 1956 invitationibus
1189 1928 1289 1958 victus.
1304 1927 1418 1954 vetitum
1437 1926 1556 1953 fructum
1569 1929 1634 1952 ante
1650 1929 1760 1959 tempus

964 1978 992 2002 et
1008 1978 1108 2009 praeter
1125 1973 1285 2000 mandatum
1299 1973 1428 2008 gustavit.
1442 1972 1564 2007 pelliceis
1578 1971 1681 1998 tunicis
1694 1979 1758 2005 gra-

965 2028 1023 2048 vem
1042 2024 1070 2048 et
1088 2020 1234 2047 mortalem
1255 2026 1366 2046 carnem
1389 2026 1450 2054 quae
1465 2018 1604 2046 successit
1622 2016 1711 2044 nitido
1732 2021 1759 2043 et

965 2065 1071 2102 fulgido
1084 2065 1195 2100 corpori
1210 2064 1300 2092 letifer
1311 2064 1431 2096 vestivit,
1446 2065 1504 2099 ipse
1518 2063 1570 2091 sub
1584 2063 1627 2090 his
1639 2062 1671 2089 ad
1685 2071 1760 2089 mor-

965 2117 1018 2140 tem
1029 2111 1200 2147 designatus.
1212 2110 1360 2146 Frangitur
1370 2117 1461 2138 autern
1475 2115 1616 2146 peccatum
1630 2117 1677 2145 per
1689 2117 1760 2136 inor—

965 2164 1019 2185 tem
1041 2158 1077 2184 ita
1092 2162 1121 2184 ut
1135 2165 1190 2184 non
1205 2158 1241 2185 sit
1252 2161 1386 2184 internum
1398 2157 1515 2189 malum,
1531 2160 1643 2183 auctore
1656 2156 1760 2190 optimo

966 2203 1022 2231 Deo
1036 2213 1043 2232 :
1060 2203 1148 2231 llomo
1164 2211 1227 2231 vero
1242 2204 1301 2239 ipse

968 2306 1018 2334 H7
1040 2305 1147 2341 Ejeetus
1169 2315 1184 2334 ε
1196 2306 1325 2341 paradiso
1341 2306 1410 2333 venit
1422 2305 1449 2333 in
1468 2311 1600 2341 terrant_e
1612 2313 1664 2338 qua
1685 2310 1759 2332 artus

1575 2339 1656 2377 [cum
1669 2345 1723 2368 etc.

1003 2399 1054 2427 llic
1081 2399 1134 2427 fuit
1158 2399 1305 2427 divisionis
1329 2398 1458 2432 fructus,
1494 2398 1561 2426 illud
1589 2396 1762 2433 comparavit

967 2445 1050 2472 homo
1067 2445 1289 2480 transgressiOne
1302 2452 1352 2473 sua
1365 2445 1439 2480 quod
1462 2444 1596 2472 exciderit
1618 2444 1652 2471 de
1679 2451 1761 2480 pura—

966 2492 1066 2520 disoin
1084 2495 1186 2519 terram
1202 2499 1217 2519 e
1239 2499 1294 2526 qua
1317 2495 1444 2526 sumptus
1468 2495 1510 2518 est
1529 2498 1704 2522 reversurus.
1726 2489 1762 2517 ad

966 2539 1051 2566 vitam
1066 2537 1208 2565 doloribus
1227 2537 1416 2572 terumnisque
1437 2536 1567 2564 refertam
1594 2535 1760 2568 damnatus.

967 2585 1046 2620 quin,
1070 2584 1145 2611 circa
1169 2583 1399 2619 pretiosissimum
1417 2583 1480 2610 vitae
1501 2583 1602 2617 lignum
1627 2582 1654 2609 in
1670 2581 1764 2609 medio

968 2630 1098 2666 paradiso
1116 2629 1285 2657 intellectum
1309 2628 1383 2664 quod
1403 2636 1466 2656 esse
1496 2632 1588 2663 potest
1612 2627 1763 2662 purissima

969 2676 1014 2704 Dei
1035 2675 1233 2711 contemplatio
1259 2680 1288 2703 et
1310 2674 1439 2703 sublimis
1471 2672 1764 2709 incomprehensibilis

967 2722 1014 2750 Dei
1031 2722 1165 2758 cognitio,
1186 2721 1260 2749 circa
1276 2721 1329 2749 hoc
1344 2721 1460 2756 lignum.
1484 2720 1594 2756 igneum
1608 2719 1695 2755 ipsius
1714 2727 1760 2746 ze-

965 2769 1031 2801 lum,
1043 2776 1123 2803 quem
1136 2767 1292 2796 llammeum
1304 2767 1424 2803 gladium
1435 2767 1528 2795 divina
1537 2766 1603 2794 dicit
1613 2766 1760 2801 Scriptura

966 2819 994 2843 ct
1007 2815 1153 2844 Clterubiin
1169 2818 1257 2849 vocat,
1275 2814 1411 2850 angelicas
1428 2813 1549 2841 virtutes
1563 2813 1628 2841 dico
1651 2817 1679 2840 et
1699 2819 1762 2840 εα-
