1936 3042
170 119 223 146 ὓ¹¹9

172 179 256 208 lestes
269 187 329 215 qua
347 179 474 215 indignos
492 179 616 207 dividant
632 183 659 207 et
681 183 803 209 arceant.
823 179 960 214 disposuit

172 227 258 259 tteus,
277 235 312 254 ne
325 227 388 261 quis
404 234 594 261 praeproperus
605 225 691 253 Adam
708 229 735 253 et
747 225 856 259 spiritui
868 229 959 260 aptam

173 273 269 299 horam
286 272 465 306 praeveniens,
479 279 514 299 ne
537 271 600 306 quis
622 270 756 306 profanus
785 274 832 297 aut
857 270 959 303 malus,

171 325 230 344 non
241 316 355 351 abjectis
370 322 450 344 antea
469 317 616 351 saporibus
638 323 718 351 pana
741 315 832 351 dignis
854 315 962 342 arboris

175 363 403 397 concupiscentiae
428 362 570 394 carnalis.
593 363 655 389 vitae
681 362 783 396 lignum
813 361 962 396 appropin-

174 415 261 442 quare
273 407 382 434 audeat.
402 418 410 433 1
428 407 521 442 Itaque
545 415 561 435 a
582 407 802 437 vehementibus.
827 416 838 433 ι
855 411 883 434 et
903 414 961 441 seq.

176 453 253 481 Unde
272 453 299 480 lit
329 458 359 480 ut
383 453 547 481 hiemalibus
564 453 824 488 vehementibusque
846 452 962 480 furenti-

173 500 226 527 bus
246 499 374 534 procellis
399 501 426 525 in
443 499 513 526 mari
534 499 667 533 navigans
680 497 761 526 homo
784 502 812 526 et
835 499 870 526 ab
892 502 962 526 mstu

174 549 306 579 exsputus
324 545 350 571 in
367 545 451 572 altum
467 545 632 579 volutusque
648 549 721 572 retro
743 544 879 572 dedecore
892 552 908 570 a
920 545 961 572 via

173 591 343 624 deducatur;
364 590 463 618 deinde
482 591 634 618 lenioribus
658 590 747 618 ventis
772 590 830 618 vela
854 591 962 625 scaphae

174 638 337 672 permittens
368 642 416 664 aut
449 637 601 672 remigibus
626 641 707 665 utens
734 638 962 665 convenientibus

174 683 263 709 multo
294 683 388 710 labore
413 682 532 716 spatium
553 682 699 718 denavigat
721 690 813 710 suum.
837 682 870 710 Et
899 691 961 715 nos.

174 729 271 763 inquit,
287 729 381 756 eodem
400 729 498 761 modo.
512 737 527 756 a
547 729 602 756 Deo
617 730 778 765 elongamur
796 737 846 765 per
869 730 963 758 inube-

174 775 306 802 dientiam
334 774 386 802 sub
420 775 567 810 spirituum
596 776 732 802 malorum
760 776 909 810 impetibus
934 780 962 804 et

174 824 286 854 peccato
303 820 498 848 coutundimur
511 825 538 848 et
557 824 662 853 morte;
689 820 737 848 sed
750 828 859 848 rursum
882 821 962 848 Chri-

172 869 234 894 stus
248 864 329 893 Jesus
342 865 445 901 dirigit,
461 866 540 900 cujus
552 866 630 893 bonis
644 866 749 901 angelis
765 867 962 895 auxiliantibus

173 915 200 936 et
215 910 410 944 adjuvantibus
430 910 464 938 ad
487 911 658 938 destinatum
686 916 893 947 persequentes,
917 913 963 940 vix

174 955 264 982 adhuc
278 960 306 983 et
322 955 461 990 adjunctis
485 965 539 984 non
561 958 667 992 ignavis
688 958 834 985 conatibus
859 959 964 986 nostris

174 1009 223 1036 pro
236 1002 346 1037 pietate.
366 1002 437 1029 viam
452 1002 486 1029 ad
503 1002 550 1030 Dei
576 1002 736 1038 paradisum
757 1011 868 1032 sursum
894 1004 963 1031 diri-

173 1047 274 1081 gimus.
301 1046 364 1074 llaec
382 1047 434 1074 fuit
461 1055 475 1074 a
492 1048 580 1082 primo
605 1054 717 1082 parente
740 1049 962 1084 superseminata

173 1093 201 1119 in
217 1100 303 1128 genus
318 1092 467 1120 humanum
482 1101 544 1129 quae
558 1094 720 1128 germinavit
743 1095 841 1130 culpa;
858 1102 912 1122 non
931 1096 959 1122 in

174 1139 310 1174 principio
333 1140 483 1172 exsistens.
513 1148 574 1175 qua:
609 1148 642 1168 ex
664 1141 762 1168 ordine
789 1142 817 1168 in
842 1144 960 1176 segetem

173 1183 357 1212 abundantem
385 1185 507 1213 letiferos
533 1185 608 1213 dedit
638 1186 759 1219 fructus,
781 1186 885 1222 quibus
911 1195 962 1214 nos

173 1230 253 1264 plene
269 1230 430 1265 puriﬁcans,
443 1238 460 1257 ο
482 1231 592 1258 Christe
613 1230 696 1263 Deus,
709 1239 758 1266 per
779 1235 852 1259 tuam
878 1232 961 1260 bene-

171 1275 332 1310 dictionem,
345 1277 453 1312 justitia
470 1281 516 1304 tua
532 1281 559 1305 et
575 1285 640 1312 pace
653 1282 680 1305 et
696 1278 785 1313 gratia
801 1278 876 1313 reple
892 1286 957 1311 nos.

172 1322 219 1356 qui
234 1323 311 1350 solus
324 1323 486 1351 benedictus
507 1331 537 1351 es
560 1328 587 1352 et
608 1324 778 1360 gloriﬁcatus
798 1324 826 1352 in
847 1325 958 1354 saacnla.

171 1371 268 1397 Amen.

171 1460 383 1499 Commentarius
401 1470 565 1499 organorum
581 1462 684 1499 Nagui_
695 1463 816 1497 (ἔτερον-ξι
835 1463 960 1499 Tlteolugi

206 1498 372 1538 carminum;
390 1496 422 1523 de
436 1497 612 1525 Testanmuis
627 1496 684 1525 ὲιΜ
690 1496 875 1533 αιιίιὲειαιὶοηε
884 1496 960 1526 (Σήιῖὶ-

207 1535 252 1564 sti,
265 1540 352 1558 sermo
367 1537 485 1560 octavus.

207 1577 320 1604 Peracto
348 1578 502 1614 dogmatico
519 1578 553 1606 de
572 1579 664 1606 anima
688 1587 816 1607 sermone
842 1580 960 1615 septimo

170 1624 336 1651 excellenter
351 1632 365 1651 a
393 1624 448 1652 Deo
473 1625 572 1653 ductus
598 1625 747 1661 Gregorius
769 1626 832 1654 inde
848 1626 881 1653 ad
906 1627 961 1654 duo

171 1673 345 1701 testamenta.
363 1675 440 1698 vetus
468 1675 496 1698 et
526 1679 637 1704 novum,
661 1676 709 1698 aut
741 1673 775 1700 ad
799 1673 885 1707 legem
913 1673 960 1700 Dei

171 1715 282 1743 transit.
326 1715 431 1743 Etenim
465 1717 492 1744 in
525 1716 668 1752 Scriptura
697 1717 739 1746 lex
768 1726 816 1753 per
841 1717 960 1754 Moysem

171 1762 299 1797 primitus
313 1763 386 1797 data,
400 1768 482 1799 atque
497 1765 585 1798 gratia
597 1768 624 1792 et
639 1765 739 1793 veritas
759 1765 897 1800 Evangelii
918 1773 961 1792 sc-

170 1807 262 1834 cundo
278 1816 325 1842 per
349 1807 442 1835 Jesum
469 1808 610 1837 Christum
640 1809 722 1842 facta,
744 1818 798 1837 una
829 1810 873 1838 lex
897 1814 962 1838 Slllll

170 1852 284 1886 spiritus
302 1853 364 1880 vita
380 1854 426 1888 qui
448 1853 475 1881 in
496 1852 560 1881 Jesu
592 1854 704 1882 Christo
731 1862 774 1882 me
799 1855 925 1883 liberavit
947 1865 961 1882 a

171 1899 231 1933 lege
248 1900 353 1933 peccati
369 1904 397 1927 et
408 1900 516 1927 mortis.
531 1900 590 1927 Duo
611 1904 775 1928 testamenta
799 1901 875 1929 dicta
898 1906 963 1929 sunt

170 1953 204 1974 eo
215 1947 287 1981 quod
306 1946 414 1974 duobus
430 1947 611 1982 temporibus,
630 1948 695 1974 olim
710 1952 739 1975 et
753 1956 837 1982 nunc,
851 1954 878 1976 et
891 1949 962 1984 apud

170 1996 241 2019 duos
254 1992 350 2024 Israel,
376 1998 495 2020 Veterem
518 1998 546 2020 et
571 2001 672 2020 novum
706 1993 811 2028 prolata
846 1995 881 2022 sit
908 1994 960 2022 lex.

170 2039 239 2066 Aliis
256 2039 366 2074 quidem
382 2039 504 2073 potentia
517 2039 577 2073 ejus
596 2039 623 2065 in
650 2039 790 2074 parabolis
813 2043 840 2067 et
868 2039 962 2075 figuris

172 2085 337 2112 adumbrata
365 2089 418 2118 est,
446 2089 541 2120 utpote
567 2085 614 2120 qui
641 2085 770 2114 tardioris
797 2086 910 2121 spiritus
935 2090 963 2113 et

171 2129 340 2165 imperfecti;
359 2138 430 2158 novo
449 2138 513 2158 vero
542 2131 642 2165 populo
666 2132 770 2158 clarius
796 2136 824 2159 et
852 2131 908 2159 Deo
925 2132 963 2159 di-

171 2177 264 2212 gnius,
280 2177 359 2210 quasi
377 2180 451 2205 esset
465 2177 617 2205 eruditiore
636 2178 718 2204 oculo
750 2181 777 2205 et
789 2177 959 2212 perlectiori.

170 2223 352 2258 evangelizati
365 2228 430 2250 sunt
455 2223 483 2250 in
499 2222 610 2251 Christo
632 2223 697 2251 Jesu
724 2223 802 2258 regni
827 2224 960 2251 cmlorum

171 2270 343 2306 splendores.
364 2270 511 2299 Videamus
526 2279 559 2298 ne
575 2271 638 2298 vilis
652 2270 688 2298 sit
699 2278 802 2302 sermo.
818 2275 845 2298 et
866 2271 958 2298 heroi-

174 2324 272 2344 corum
298 2317 453 2344 carminum
479 2322 561 2352 atque
582 2317 725 2352 elegantia:
748 2316 851 2344 Graecae
876 2317 960 2345 ardua

171 2363 296 2398 plurimis
317 2363 447 2398 ingeniis.
468 2371 518 2398 pro
533 2370 614 2398 posse
634 2368 740 2396 nostro,
758 2363 901 2399 theologia:
918 2363 960 2391 di-

173 2409 228 2436 vini
244 2409 457 2437 scrmocinantis
474 2417 557 2445 quam
573 2409 716 2437 minimum
743 2409 862 2445 impares
899 2410 962 2437 illu-

172 2459 303 2482 strenuus.

173 2544 184 2570 l
210 2544 260 2572 Eia
284 2553 332 2580 age
348 2550 372 2572 et
391 2546 528 2580 utriusque
539 2545 604 2579 legis
621 2545 751 2572 rationem
761 2545 889 2580 expende,
905 2551 959 2574 etc.

210 2627 276 2661 Age,
297 2626 375 2660 quasi
391 2633 452 2653 cum
471 2625 558 2653 altero
571 2625 732 2660 colloquens
746 2625 838 2657 divus.
855 2632 960 2653 sermo-

173 2681 235 2700 nem
249 2672 284 2700 de
295 2672 396 2708 duplici
419 2673 477 2708 lege
505 2672 645 2708 perquire,
670 2672 761 2706 inquit
782 2671 842 2706 ipse
862 2671 961 2698 anima:

172 2727 232 2746 sua:
252 2729 259 2746 :
279 2718 378 2754 duplex
392 2719 466 2746 enim
484 2722 528 2745 est
541 2721 620 2746 vetus
638 2721 666 2745 et
684 2725 766 2749 nova,
786 2713 960 2742 manifestata

195 2789 265 2823 Δ(Η)
284 2790 425 2826 Ὲγτίσει.
457 2788 485 2816 ln
508 2788 602 2826 codice
627 2788 759 2826 scriptum
779 2791 821 2826 est
839 2786 957 2826 ᾓγγίσει,

173 2821 276 2860 puncto
307 2821 405 2851 litterae
423 2833 431 2850 ι
458 2821 699 2860 superimposito):
721 2822 802 2860 quod
818 2821 960 2860 signiﬁcat

174 2857 371 2889 dubitationem
385 2863 432 2887 aut
441 2857 655 2894 corruptionem.
677 2857 709 2886 ν.
720 2857 803 2885 Bastii
813 2857 949 2885 Comment

837 121 987 149 NICETAS
1023 119 1125 148 DAVID

1749 120 1815 148 700

1013 178 1085 212 φημὶ
1099 177 1131 213 δὴ
1148 175 1195 203 καὶ
1212 175 1357 212 οὐρανίας,
1381 176 1445 208 τοὺς
1462 175 1588 209 ἀναξίους
1603 175 1814 210 ἀποκληρώσας

1012 223 1058 249 καὶ
1073 221 1334 253 ἀποδιαπελλούσας
1346 221 1468 254 διέταξεν
1490 223 1505 248 ό
1526 221 1602 254 Θεὸς,
1618 223 1693 254 ὅπως
1706 223 1812 258 μηδεὶς

1012 267 1146 304 προώριος
1160 268 1244 303 Ἀδὰμ
1255 268 1303 294 καὶ
1314 268 1364 303 τὴν
1375 267 1563 304 πνευματικὴν
1578 268 1687 304 ήλικίιν
1701 269 1808 305 ἄωρος,

1013 315 1106 350 μηδεὶς
1119 314 1231 349 βέὃηλος
1248 314 1294 341 καὶ
1309 314 1403 346 κακὸς,
1416 313 1481 349 πρὶν
1494 314 1510 349 ἢ
1521 314 1568 340 τοῦ
1580 314 1629 349 τῆς
1643 314 1812 349 σαρκὼδους

1012 360 1160 396 ἐπιθυμίας
1175 359 1260 395 φυτοῦ
1277 360 1325 396 τὴν
1342 360 1520 396 κολαστήριον
1530 359 1625 394 γεῦσιν
1639 362 1747 394 φυγεῖν,
1764 361 1813 396 τῷ

1011 409 1061 444 τῆς
1077 407 1150 443 ζωῆς
1167 407 1272 442 ἐγγίσει
1285 407 1341 441 (Η)
1362 407 1448 442 φυτῷ.
1471 416 1481 432 ι
1511 407 1555 438 Ὠς
1566 407 1589 433 δ’
1604 407 1650 434 ὑπ’
1662 408 1775 443 ἀήταις,
1795 418 1808 434 ν

1012 462 1040 480 κ.
1055 461 1081 479 τ.
1097 452 1246 488 ἑξ.Ὢσπερ
1262 453 1314 479 ὑπὸ
1325 454 1489 488 χειμερινοῖς
1500 453 1547 479 καὶ
1561 452 1658 487 βιαίοις
1677 453 1809 488 πνεύμα-

1013 508 1056 526 σιν
1073 499 1216 535 ἄνθρωπος
1236 499 1328 526 πλέων
1342 498 1391 535 τὴν
1406 499 1554 530 θάλασσαν,
1576 499 1624 526 καὶ
1645 499 1697 534 τῆς
1715 500 1755 531 είς
1774 499 1813 526 τὸ

1013 545 1108 580 πρόσω
1130 545 1216 579 φορᾶς
1231 544 1417 580 ἐκκρουσθεὶς,
1434 543 1481 571 καὶ
1496 543 1696 577 κλυδωνισθεὶς,
1711 546 1752 577 είς
1769 545 1810 571 τὰ

1012 591 1100 618 ὀπίσω
1119 591 1279 626 παλίνορσος
1297 591 1355 626 μετ’
1369 590 1499 626 αἰσχύνης
1515 591 1689 626 ἀπεστράφη,
1706 591 1810 618 ἔπειτα

1014 637 1094 664 πάλιν
1109 637 1126 672 ἢ
1147 637 1311 673 πραϋτέρως
1329 637 1467 672 πνεύμασι
1485 637 1520 664 τὰ
1541 638 1614 665 ἱστία
1635 638 1682 665 τοῦ
1708 638 1809 665 πλοίου

1012 683 1107 716 διῖεὶς,
1126 683 1263 719 ἢέρέτιιις
1289 684 1462 719 χρησάμενος
1479 684 1616 720 δοκίμοις,
1640 685 1689 711 σὺν
1713 684 1810 719 πολλῷ

1013 729 1086 763 πόνῳ
1100 728 1145 754 τὸν
1158 728 1257 754 οἰκεῖον
1270 727 1417 763 ὲξεπέρανε
1432 728 1530 755 πλοῦν·
1541 728 1645 760 τοῦτον,
1662 730 1741 764 φησὶ,
1755 730 1809 756 καὶ

1013 775 1093 810 ἡμεῖς
1107 773 1153 800 τὸν
1164 773 1264 809 τρόπον
1277 773 1323 799 τοῦ
1334 773 1402 800 Θεοῦ
1419 774 1467 808 μὲν
1483 774 1645 807 ἐκπεσόντες
1659 774 1704 801 διὰ
1714 783 1809 811 παρα-

1014 820 1128 851 ϐάσεως,
1137 819 1299 854 πνευμάτων
1307 819 1334 846 δὲ
1344 820 1469 855 πονηρῶν
1480 820 1616 847 ὲπιθέσεσι
1625 822 1657 856 τῇ
1669 829 1700 847 τε
1712 821 1808 857 ἅμαρ-

1014 867 1060 902 τίᾳ
1073 866 1297 902 κατα-τριϐόμενοι
1313 866 1362 892 καὶ
1372 865 1412 901 τῷ
1425 865 1542 901 θανάτῳ,
1556 864 1634 898 αὖθις
1644 866 1672 893 δὲ
1683 866 1810 902 Χριστοῦ

1021 911 1109 947 Ἰησοῦ
1127 911 1304 946 κυϐερνήτου.
1326 910 1381 937 τῶν
1395 910 1504 944 ἀγαθῶν
1519 910 1548 937 δὲ
1567 910 1662 937 τούτου
1677 910 1811 945 ἀγγέλων

1014 957 1203 993 ιὺστοχοῦντες
1228 956 1332 992 βοηθῶν
1364 957 1411 983 καὶ
1443 957 1598 990 συνεργῶν,
1630 957 1707 992 μόλις
1732 956 1808 983 οὕτω

1015 1005 1063 1030 σὺν
1076 1004 1126 1030 οὐκ
1138 1003 1262 1037 ἀγεννέσι
1276 1003 1332 1035 τοῖς
1349 1003 1494 1039 ἡμετέροις
1509 1002 1581 1038 ὑπὲρ
1595 1003 1739 1034 εὐσεϐείας
1754 1003 1805 1029 πό-

1013 1057 1070 1081 νοις
1082 1049 1127 1075 τὺν
1142 1047 1210 1084 πρὸς
1229 1046 1285 1074 ἀνω
1304 1047 1352 1074 τοῦ
1377 1047 1447 1074 Θεοῦ
1464 1048 1627 1083 παράδεισον
1640 1048 1807 1075 κατευθυνό-

1015 1095 1085 1131 μεθα
1099 1094 1191 1122 πλοῦν.
1209 1094 1326 1130 Τοιαύτη
1343 1096 1392 1130 μὲν
1406 1095 1460 1122 ἀπὺ
1472 1095 1520 1122 τοῦ
1535 1095 1749 1130 πρωτοπλάστου
1763 1094 1805 1129 τῷ

1013 1141 1174 1176 ἀνθρωπίνῳ
1194 1140 1267 1175 γένει
1288 1140 1463 1175 νεόσποροςή
1480 1140 1603 1175 ἁμαρτία
1625 1141 1735 1174 φυεῖσα,
1752 1141 1804 1166 οῦκ

1012 1187 1138 1223 ἀνάρχως
1150 1185 1229 1219 οὖσα,
1239 1186 1284 1213 διὰ
1296 1186 1350 1212 τῶν
1362 1185 1489 1220 καθεξῆς.
1501 1187 1541 1217 εἰς
1555 1185 1655 1221 στάχυν
1669 1185 1804 1221 πολύχουν

1012 1234 1058 1260 τδν
1073 1233 1246 1269 ὀλεθροτόκον
1262 1232 1347 1266 αὐτῆς
1363 1232 1480 1259 ἀνέδωκε
1498 1232 1612 1268 καρπὸν,
1625 1229 1654 1259 οἶδ
1668 1232 1716 1258 καὶ
1729 1232 1805 1266 ἡμᾶς

1012 1280 1185 1307 παντάπασιν
1209 1278 1473 1314 ἀνακαθηράμενος,
1501 1278 1602 1314 Χριστὲ
1617 1278 1631 1304 ὀ
1648 1278 1730 1310 Θεὸς,
1754 1278 1804 1313 τῆς

1012 1327 1061 1361 σῆς
1073 1325 1206 1359 εὐλογίας,
1223 1324 1274 1359 τῆς
1302 1324 1352 1359 σῆς
1372 1324 1542 1360 δικαιοσύνης
1559 1325 1606 1350 καὶ
1626 1325 1739 1360 εἰρήνης
1758 1323 1804 1350 καὶ

1011 1371 1193 1407 χρηστότητος
1214 1371 1367 1406 πλήρωσον,
1394 1370 1434 1396 ὃτι
1455 1370 1535 1406 μόνος
1555 1370 1700 1406 εὐλογητὸς
1721 1368 1806 1396 εἶκαὶ

1010 1416 1202 1451 δεδοξασμένος
1218 1417 1256 1448 είς
1270 1416 1334 1447 τοὺς
1348 1415 1458 1448 αἰῶνας.
1485 1416 1581 1451 Ἀμήν.

1018 1463 1179 1497 Ἐξήγησις
1195 1462 1255 1489 τῶν
1270 1461 1447 1497 ἁπορῤήτων
1472 1461 1525 1488 τοῦ
1538 1461 1673 1496 μεγάλου
1696 1463 1805 1496 Γρηγο-

1042 1496 1111 1533 plot;
1129 1497 1182 1524 τοῦ
1206 1498 1352 1531 Θεολόγου
1377 1496 1475 1524 ἐπῶν·
1494 1497 1561 1531 περὶ
1579 1497 1732 1531 Διαθηκῶν
1752 1499 1800 1524 καί

1044 1532 1218 1568 ἐπιφανείας
1230 1533 1370 1566 Χριστοῦ,
1383 1533 1473 1567 λόγος
1487 1535 1514 1566 η’
1529 1532 1596 1568 (12).

1046 1579 1212 1610 Συντελέσας
1225 1579 1287 1610 τοὺς
1305 1578 1487 1614 δογματικοὺς
1509 1578 1574 1613 περὶ
1595 1578 1685 1614 ψυχῆς
1709 1578 1803 1612 λόγους

1012 1627 1044 1659 ζ’,
1059 1627 1073 1652 ὸ
1089 1624 1327 1660 θεωρητικώτατος
1345 1623 1493 1660 Γρηγόριος
1505 1644 1513 1656 ,
1531 1623 1656 1650 ἐντεῦθεν
1672 1625 1736 1660 περὶ
1752 1623 1804 1650 τῶν

1011 1672 1057 1699 δύο
1076 1670 1227 1706 Διαθηκῶν,
1247 1670 1370 1702 Παλαιᾶς
1396 1678 1426 1696 τε
1451 1670 1497 1697 καὶ
1521 1670 1635 1705 Καινῆς,
1660 1671 1719 1706 ήτοι
1741 1671 1802 1706 περὶ

1012 1718 1094 1753 νόμου
1111 1717 1178 1744 Θεοῦ
1189 1736 1195 1748 ,
1226 1716 1414 1752 διαλαμβάνει.
1431 1716 1465 1742 Ὂ
1489 1725 1519 1742 τε
1543 1716 1597 1752 γὰρ
1615 1717 1644 1742 ὲν
1660 1717 1802 1752 γράμματι

1011 1764 1092 1799 νόμος
1108 1764 1151 1791 διὰ
1165 1763 1302 1795 Μωῡσέως
1318 1763 1426 1799 πρῶτον
1452 1762 1603 1797 δεδομένης,
1631 1763 1647 1798 ή
1670 1772 1700 1790 τε
1727 1764 1802 1799 χάρις

1012 1809 1059 1835 καὶ
1076 1810 1092 1844 ὴ
1108 1808 1222 1843 ἀλήθεια
1240 1807 1286 1834 τοῦ
1307 1807 1473 1842 Εὐαγγελίου
1489 1807 1520 1833 τὸ
1540 1807 1665 1843 δεύτερον
1689 1807 1733 1834 διὰ
1754 1809 1801 1843 Ἰη-

1013 1855 1060 1881 σοῦ
1083 1853 1200 1890 Χριστοῦ
1225 1853 1404 1888 γεγενημένη,
1422 1850 1462 1884 εἷς
1477 1853 1557 1888 νόμος
1578 1854 1636 1880 ἐστὶ
1657 1853 1705 1880 τοῦ
1723 1854 1802 1881 Πειεὼ

1014 1909 1096 1936 ματος
1115 1901 1164 1935 τῆς
1181 1900 1264 1935 ζωῆς,
1286 1899 1316 1931 ὃς
1342 1901 1370 1926 ὲν
1387 1899 1496 1935 Χριστῷ
1519 1899 1606 1936 Ἰησοῦ
1640 1899 1800 1936 ὲλευθέρωσέ

1014 1954 1048 1980 με
1068 1945 1122 1971 ἀπὸ
1142 1944 1188 1971 τοῦ
1214 1945 1296 1980 νόμου
1316 1944 1365 1979 τῆς
1388 1944 1526 1980 ἁμαρτίας
1546 1945 1593 1971 καὶ
1610 1944 1656 1971 τοῦ
1675 1945 1800 1973 Θανάτου·

1012 1990 1058 2017 δύο
1074 1990 1102 2017 δὲ
1117 1990 1249 2025 Διαθῆκαι
1266 1990 1389 2025 εἴρηνται
1408 1989 1447 2024 τῷ
1471 1990 1500 2016 ὲν
1527 1989 1599 2017 δυοῖν
1614 1990 1731 2026 χρόνοις,
1755 1990 1802 2017 πά-

1013 2037 1056 2064 λαι
1079 2037 1125 2063 καὶ
1139 2036 1195 2069 νῦν,
1220 2037 1266 2063 καὶ
1288 2037 1360 2063 δυοῖν
1389 2036 1496 2072 Ἰσραὴλ
1515 2036 1554 2072 τῷ
1577 2036 1683 2072 παλαιῷ
1699 2046 1801 2072 νενομο-

1014 2082 1142 2118 θετῆσθαι
1157 2084 1204 2109 καὶ
1219 2082 1256 2117 τῷ
1273 2081 1369 2118 καινῷ,
1385 2083 1432 2109 καὶ
1448 2083 1486 2118 τῷ
1504 2084 1553 2118 μὲν
1569 2083 1618 2118 τὴν
1635 2083 1718 2110 αὑτοῦ
1729 2083 1801 2110 δύνα-

1016 2138 1060 2165 μιν
1074 2129 1111 2162 ὡς
1125 2130 1154 2157 ὲν
1168 2129 1335 2165 παραϐολαῖς
1350 2130 1396 2156 καὶ
1414 2131 1503 2161 σκιαῖς
1519 2129 1698 2157 ὑποτυπῶσαι
1720 2139 1801 2166 παχυ-

1013 2173 1086 2209 τέρφ
1098 2174 1143 2200 τὸν
1155 2173 1217 2200 νοῦν
1233 2174 1290 2200 δντι
1308 2174 1354 2200 καὶ
1367 2173 1465 2206 ἀτελεῖ,
1484 2173 1522 2209 τῷ
1542 2174 1627 2210 καινῷ
1640 2174 1667 2201 δὲ
1689 2175 1745 2210 λαῷ
1760 2177 1802 2210 ἑμ-

1015 2219 1179 2255 φανέστερον
1195 2219 1241 2246 καὶ
1254 2219 1485 2255 θεοπρεπέστερον
1500 2220 1537 2251 ὡς
1549 2220 1745 2256 ὁξυωπεστέρῳ
1761 2221 1802 2247 καὶ

1014 2266 1172 2302 τελειοτέρῳ
1186 2265 1235 2297 τὰς
1249 2265 1300 2300 τῆς
1313 2266 1452 2302 βασιλείας
1471 2265 1526 2293 τῶν
1545 2266 1679 2302 οὐρανίων
1695 2267 1802 2302 εὐαγγε-

1014 2313 1138 2341 λίσασθαι
1155 2313 1185 2340 ὲν
1205 2312 1315 2348 Χριστῷ
1335 2313 1422 2348 Ἰησοῦ
1437 2313 1632 2349 μαρμαρυγὰς.
1647 2314 1761 2349 ἰδωμεν
1777 2313 1801 2340 δὲ

1015 2362 1062 2388 καὶ
1079 2360 1128 2397 τήν
1145 2359 1311 2395 ισχνολογίαν
1330 2359 1380 2394 τῆς
1400 2359 1535 2396 φράσεως,
1553 2360 1600 2386 καὶ
1612 2359 1666 2386 τῶν
1682 2359 1802 2395 ἡρωϊκῶν

1017 2406 1124 2442 μέτρων
1147 2404 1195 2431 καὶ
1218 2403 1316 2435 λέξεων
1337 2403 1500 2439 Ἑλληνικῶν
1525 2403 1556 2430 τὸ
1571 2403 1732 2438 ,δύσληπτον
1754 2404 1802 2434 τοῖς

1017 2451 1123 2482 πολλοῖς
1146 2450 1183 2482 ὡς
1203 2448 1254 2476 οἷοί
1276 2457 1305 2476 τε
1328 2450 1411 2485 ἐσμεν
1434 2448 1621 2484 ὸμαλίσαντες,
1636 2451 1669 2485 τῇ
1688 2449 1801 2484 θεολογίᾳ

1015 2497 1061 2524 τοῦ
1079 2496 1257 2532 Θεοφάντορος
1271 2495 1525 2530 καταλαμπώμεθα.

1018 2544 1028 2571 l
1047 2543 1128 2577 Δεῦρ’
1149 2542 1204 2577 ἆγε
1223 2542 1272 2568 καὶ
1291 2541 1410 2568 δισσοῐο
1434 2541 1529 2576 νόμον
1543 2541 1638 2575 λόγον
1652 2540 1798 2613 ἐξεΐέξίνε.

1050 2624 1117 2657 Ἄγε
1132 2623 1173 2658 δὴ,
1190 2623 1281 2657 φησιν,
1303 2622 1341 2653 ὼς
1361 2620 1429 2656 πρὸς
1451 2621 1543 2656 ἕτερον
1559 2621 1574 2647 ό
1594 2621 1730 2652 θειότατος
1743 2622 1799 2648 ἁπο-

1013 2669 1176 2704 τεινόμενος,
1191 2667 1236 2694 τὸν
1253 2668 1318 2703 περὶ
1331 2667 1378 2693 τοῦ
1393 2666 1486 2694 διπλοῦ
1501 2667 1583 2702 νόμου
1608 2666 1687 2701 λόγον
1702 2665 1799 2702 ἐξερευ-

1013 2723 1057 2746 να,
1072 2716 1105 2750 τῇ
1124 2712 1220 2740 ἑαυτοῦ
1237 2712 1390 2747 διαλέγεται
1410 2713 1501 2748 ψυχῇ·
1524 2712 1634 2744 διπλοῦς
1647 2711 1703 2749 γὰρ
1721 2709 1798 2744 οὗτος,

1011 2788 1150 2821 ραιιεοςνη
1165 2792 1191 2819 p.
1202 2783 1370 2821 855_._ltaque
1383 2783 1465 2821 etiam
1486 2783 1569 2821 scribi
1581 2786 1676 2821 potest
1694 2782 1792 2821 ξγγῑσῃ.

1049 2818 1107 2855 (ηῑ
1129 2818 1231 2847 Arcan.
1252 2818 1332 2849 Vlll.’
1349 2826 1375 2854 p.
1405 2819 1519 2855 used.
1539 2819 1636 2847 Colon.
1662 2818 1717 2855 [ed.
1741 2826 1794 2847 nov.

1013 2853 1098 2884 carm.
1115 2857 1131 2884 9
1146 2855 1193 2883 lib.
1211 2863 1230 2888 ι,
1249 2860 1314 2883 sect.
1333 2853 1357 2887 1,
1372 2853 1468 2890 p.2l.]
