1936 3042
139 137 187 165 ’Μ

135 198 174 230 ὡς
195 198 311 231 παλαιὸς
333 199 381 226 καὶ
399 199 459 231 νόος
484 200 623 236 ἐκφανεὶς,
648 202 694 228 καὶ
723 202 935 238 σκιαγραφήσας

138 243 189 279 μὶν
203 244 287 272 αὑτοῦ
301 245 351 280 τὴν
372 244 486 280 δῦναμιν
500 245 531 272 ἐν
545 246 659 281 Μωῦσῇ,
676 245 891 281 τηλαυγέστερον
904 245 933 272 δὲ

137 290 188 326 τὴν
210 289 294 316 αὑτοῦ
308 290 388 324 δόξαν
412 291 457 318 διὰ
481 291 569 327 Ἰησοῦ
596 291 773 326 ἀνακαλύψας
797 292 931 328 Χριστοῦ·

139 335 187 363 καὶ
201 336 294 371 ἐπειδὴ
311 337 370 364 κατ’
383 337 470 372 ἀρχὰς
489 338 608 373 Ἑϐραῖοι
622 338 655 364 δι’
677 338 802 373 ’Δὸραὰμ
816 339 863 365 καὶ
878 338 933 365 τῶν

136 384 268 416 ⁸πατέρων
288 382 334 409 τὸν
358 383 533 418 παμϐασιλέα
553 384 656 419 πρῶτοι
678 385 836 419 ἐπέγνωσαν
855 385 932 418 Θεὸν,

137 427 253 459 εἰκότως
277 427 325 454 καὶ
350 428 453 464 πρῶτοι
472 428 518 456 τὸν
531 429 612 465 νόμον
635 430 810 464 ὑπεδέχοντοί
828 431 933 466 καιροῖς

136 472 166 500 δὲ
180 473 255 505 ἰδίοις
269 473 314 500 διὰ
334 473 381 500 τοῦ
406 475 573 508 Μονογενοῦς
591 476 631 507 είς
647 475 683 502 τὰ
701 476 773 511 ἄκρα
788 475 932 510 εὐαγγελί-

137 519 214 551 ζεται
229 520 281 554 τῆς
293 520 354 556 γῆς.
372 520 433 548 Ὀτι
452 521 480 547 δὲ
502 518 541 551 εἷς
557 518 634 553 οὗτός
647 522 721 548 ἐστιν
740 523 755 548 6
770 522 861 557 νόμος,
878 521 933 548 ὣσ-

138 574 194 602 περ
207 567 256 593 καὶ
267 567 281 593 6
296 566 456 602 νομοθέτης,
471 566 500 593 ἐν
511 575 541 594 τε
557 569 589 603 τῇ
603 567 710 603 Παλαιᾷ
722 568 769 594 καὶ
783 568 816 602 τῇ
830 568 930 603 Καινῇ,

137 612 212 644 ἀξιον
226 612 335 644 ειδέναι,
349 611 387 644 ὡς
401 612 452 639 οὐκ
468 613 684 649 ὶναντιουμένοις
701 613 832 648 δόγμασιν
849 613 865 649 ἢ
882 621 932 639 πα-

137 657 302 692 λιμεούλοις,
329 659 376 684 καὶ
403 658 491 685 ἄλλοτ’
509 658 602 690 ἄλλαις
626 658 808 690 διδασκαλίαις
829 659 844 685 6
868 658 934 690 Θεὸς

136 700 191 728 τῶν
216 699 343 735 γνὼσεων
366 701 411 728 τὺν
438 702 580 737 ἄνθρωπον
603 703 665 737 ἄγει
684 703 751 738 πρὸς
774 703 932 738 ἐπίγνωσιν,

137 745 232 782 ὥσπερ
254 756 296 778 τις
321 748 468 780 ἀσύνθετος
492 748 539 775 καὶ
563 748 746 783 παλίμϐουλος
760 749 830 784 ἀνὴρ
846 749 933 785 ἑαυτῷ

138 792 304 828 μαχόμενος.
338 793 355 829 ἢ
384 793 430 820 ἐπὶ
456 794 512 825 τοῖς
544 794 687 830 προτέροις
712 794 779 822 ἄλλα
803 804 934 831 προσεπι-

136 838 205 864 νοῶν
216 847 223 853 ·
244 838 333 873 ἄπαγε
359 838 408 874 τὴν
432 838 600 875 χαμαίζηλον
617 840 750 876 ὑπόληψιν
763 841 816 868 ἀπὸ
833 841 880 867 τοῦ
898 842 933 869 τὰ

135 884 226 911 πάντα
245 884 298 920 πρὸ
313 886 362 921 τῆς
378 886 468 912 αὐτῶν
484 886 617 921 γενέσεως
631 887 791 923 ὡρισμένως
801 888 847 914 καὶ
861 888 933 914 ἁπα-

137 931 295 966 ραποιήτως
321 931 542 967 ὲξεπισταμένου.
573 932 658 959 Τοῦτο
683 933 738 968 γὰρ
757 934 804 961 καὶ
827 933 933 969 ἀνθρώ-

136 983 199 1006 ποις
216 977 303 1002 ποιεῖν
319 975 335 1011 ἢ
351 976 466 1011 πάσχειν
482 976 674 1005 ἐπονείδιστον.

136 1021 153 1049 8
179 1021 257 1048 Ἀλλ’
267 1022 312 1048 ὅδ’
326 1022 398 1057 ἐμὸς
411 1024 512 1057 λόγος,
526 1031 553 1050 κ.
571 1032 596 1050 τ.
609 1024 650 1057 ἐξ.

171 1067 251 1094 Τοῦτ’
269 1068 356 1094 ἐστιν’
370 1065 454 1104 οὗτος
471 1069 485 1095 6
503 1069 571 1104 ἐμὸς
585 1069 663 1103 λόγος
676 1070 723 1097 καὶ
736 1069 805 1106 αὕτη
824 1070 899 1098 ἐστὶν
916 1071 932 1107 ἠ

137 1114 202 1150 παρ’
228 1113 294 1149 ἐμοῦ
317 1115 381 1150 περὶ
402 1115 453 1150 τῆς
469 1115 508 1146 είς
523 1115 568 1142 τόν
589 1115 731 1151 ἄνθρωπον
760 1116 808 1143 τοῦ
832 1115 933 1151 φιλαν-

135 1159 248 1195 θρώπου
266 1160 427 1196 κηδεμονίας
443 1161 489 1188 καὶ
507 1161 631 1197 βοηθείας
645 1162 802 1190 διδασκαλία
816 1163 864 1190 καὶ
879 1163 933 1190 διά-

136 1213 227 1240 κρισις
240 1206 287 1232 καὶ
306 1206 321 1232 6
340 1205 387 1232 τοῦ
401 1205 481 1240 λόγου
503 1206 613 1239 σκοπὸς,
630 1207 671 1234 ὃτι
690 1207 722 1240 ἐξ
741 1207 828 1243 ἀρχῆς
848 1209 862 1235 6
884 1208 932 1235 τοῦ

136 1251 299 1287 γράμματος
320 1252 432 1288 εἰσήχθη
455 1252 545 1288 νόμος,
561 1254 610 1285 τὰς
632 1253 852 1288 εἰδωλολατρεῖας
866 1263 933 1281 κατ-

136 1298 242 1333 αργῶν.
258 1299 304 1324 καὶ
317 1298 411 1334 ὅτιπερ
427 1299 456 1325 ἐν
466 1298 553 1334 τούτῳ
572 1299 633 1334 μηδ’
648 1299 730 1326 αὐτοῦ
744 1299 791 1326 τοῦ
805 1299 932 1334 παλαιοῦ,

135 1343 245 1378 Ἰσραὴλ
268 1344 333 1379 πρὸς
356 1344 402 1370 τὸν
422 1343 570 1380 νομοθέτην
591 1345 671 1371 αὐτὸν
689 1344 835 1372 ἀνανεῦσαι
851 1346 932 1372 δυνα-

137 1390 232 1424 μένου,
246 1390 326 1423 αὐτὸς
340 1392 442 1423 ἐκεῖνος
455 1391 651 1428 ἀνδρούμενος.
669 1392 773 1419 καὶτὸν
788 1392 835 1419 τοῦ
851 1391 933 1419 πνεύ-

137 1444 223 1470 ματος
238 1437 319 1471 νόμον
336 1435 380 1463 οἷα
401 1437 476 1472 ῥόδον
496 1439 525 1464 ὲν
552 1438 651 1466 κάλυκι
668 1438 707 1473 τῷ
721 1439 865 1474 γράμματι
884 1447 929 1466 κε-

135 1482 294 1517 κρυμμένον
312 1481 487 1517 ἑξεκάλυψεν,
503 1483 548 1509 καὶ
562 1483 607 1509 τὸν
622 1483 805 1519 πνευματικὸν
825 1483 932 1520 Ἰσραὴλ

135 1528 183 1554 τοῦ
208 1528 340 1563 σαρκικοῦ
368 1529 402 1564 τῇ
433 1528 578 1565 θεανδρικῇ
606 1529 722 1564 ὲνδημίᾳ
751 1529 930 1565 διημείψατο’

135 1571 213 1605 οὗτος
229 1571 286 1606 οὖν,
305 1574 398 1609 φησὶν,
413 1575 427 1600 6
441 1574 506 1609 ἐμὸς
518 1574 565 1600 ἀπ’
582 1574 668 1610 ἀρχῆς
680 1575 745 1610 ἄχρι
757 1575 850 1607 τέλους
865 1576 929 1611 περὶ

134 1619 185 1654 τῆς
194 1618 349 1654 οἰκονομίας
360 1618 407 1645 τοῦ
420 1618 492 1645 θείου
505 1618 591 1653 Λόγου
603 1619 691 1654 λόγος,
705 1620 735 1646 ὂν
747 1620 794 1647 ἐπὶ
806 1620 836 1647 τὺ
849 1621 929 1656 ἀκρι-

135 1665 265 1692 σιστατον
281 1666 337 1696 τοῖς
352 1664 430 1692 ἔπεσι
443 1665 547 1697 τούτοις
563 1666 729 1701 πειράσομαι
744 1666 921 1702 διασαφῆσαι.

135 1724 154 1752 9
171 1722 328 1757 Λυσσήεις
352 1722 401 1750 ὅτε
422 1722 539 1757 πρῶτον
555 1723 642 1760 Ἀδὰμ
661 1724 761 1756 ,ϐάλεν
781 1724 816 1752 ἐκ
833 1731 930 1760 παρα-

613 1759 741 1795 {delum},
759 1768 786 1788 κ.
806 1769 832 1787 τ.
853 1761 893 1793 ἐξ.

171 1806 237 1833 Ὅτε
255 1806 302 1832 ἀπ’
315 1805 405 1842 ἀρχῆς
420 1804 559 1841 λυσσώδης
573 1806 621 1832 καὶ
638 1805 858 1841 ἀνθρωποκτόνος
869 1807 930 1841 ὄφις

135 1853 179 1880 διὰ
193 1853 243 1887 τῆς
261 1852 449 1888 ἀπειρημένης
465 1851 512 1878 τοῦ
535 1851 714 1887 όλεθροφόρου
728 1852 848 1886 γεύσεως
862 1861 929 1888 καρ-

135 1899 188 1925 ποῦ
206 1899 253 1925 τὸν
274 1898 382 1934 πρῶτον
404 1897 547 1933 ἄνθρωπον
572 1898 715 1934 ἀπατήσας
738 1898 858 1934 ἑξώθησε
882 1899 928 1926 τοῦ

136 1944 313 1980 παραδείσου,
338 1943 473 1980 καθάπερ,
494 1945 586 1980 φησὶν,
610 1944 656 1971 ἐπὶ
684 1944 819 1980 πολεμίων
839 1954 929 1981 παρα-

135 1989 248 2023 τάξεως,
263 1989 309 2016 τοῦ
324 1991 486 2025 στρατηγεῖν
504 1989 672 2025 τεταγμένου
685 1991 870 2023 πεπτωκότος,
883 1992 929 2018 τὸν

135 2037 351 2073 ἀνηγεμόνευτον
368 2037 477 2064 τύπτων
497 2037 611 2071 στρατὸν
623 2037 638 2063 6
651 2036 784 2072 δυσμενὴς
801 2037 848 2063 καὶ
866 2046 928 2064 κον-

134 2085 190 2116 τοῖς
206 2084 253 2110 καὶ
266 2082 354 2118 βέλεσι
368 2082 414 2109 καὶ
424 2082 506 2108 πᾶσιν
520 2081 621 2113 ὅπλοις,
635 2081 846 2116 κατευμεγεθεῖν
857 2083 929 2116 ἀγω-

134 2130 240 2162 νίζεται
252 2129 307 2156 τῶν
321 2129 493 2165 ἡττωμένων,
509 2128 554 2154 τὸν
570 2128 661 2163 ὅμοιον
679 2129 778 2163 τρόπον
790 2129 836 2155 καὶ
849 2129 929 2161 αὐτὸς

134 2176 151 2203 ὁ
174 2175 307 2207 Σατανᾶς,
331 2174 376 2201 τὸν
403 2173 510 2210 πρῶτον
532 2174 619 2209 Ἀδὰμ
645 2174 857 2210 τροπωσάμενος
883 2175 929 2201 καὶ

135 2221 345 2256 ὑπαγαγόμενος
367 2221 400 2256 τῇ
422 2220 542 2256 ἁμαρτίᾳ
563 2221 610 2247 καὶ
633 2221 700 2247 πᾶσι
722 2222 778 2252 τοῖς
792 2220 821 2254 ἐξ
845 2221 928 2247 αὑτοῦ

135 2268 208 2294 κατὰ
222 2267 311 2298 πάσας
323 2266 518 2302 βεϐλαστηκόσι
531 2266 637 2300 γενεὰς,
656 2268 763 2302 μηχανῇ
781 2268 856 2304 πάσῃ
872 2276 931 2294 συνο

135 2313 320 2350 εργαζόμενος
333 2313 382 2348 τὴν
396 2312 542 2348 ἁμαρτίαν,
555 2311 593 2348 τῷ
612 2313 662 2348 ἴσῳ
684 2313 827 2348 προστίμῳ
845 2322 930 2340 κατα-

133 2358 240 2390 εικὰζει
254 2357 302 2384 τοῦ
323 2357 455 2383 θανάτου’
479 2356 561 2383 αὑτοῦ
580 2356 634 2393 γὰρ
660 2357 706 2383 τοῦ
726 2357 852 2392 Ὑψίστου
870 2360 930 2391 ταῖς

135 2403 294 2434 ἱπικλόποις
307 2402 388 2429 αὐτοῦ
409 2402 456 2429 καὶ
474 2403 677 2438 κακομηχάνοις
694 2394 851 2439 ἀπορρήξας
868 2404 929 2439 βου-

135 2450 204 2483 λαῖς,
225 2449 332 2485 πρῶτον
350 2448 400 2484 μὲν
419 2448 481 2480 τοὺς
496 2447 577 2475 αὑτοῦ
589 2447 743 2484 διέστρεφεν
763 2448 927 2484 ὀφθαλμοὺς,

135 2496 204 2532 πρὸς
218 2495 253 2522 τὰ
267 2495 352 2531 κάλλη
371 2494 419 2522 τοῦ
434 2494 548 2529 οὐρανοῦ
563 2495 610 2522 καὶ
626 2496 675 2527 τὰς
703 2496 853 2530 φανοτάτας
870 2496 927 2532 (l3)

135 2542 189 2569 τῶν
203 2542 312 2578 ἄστρων
332 2541 448 2576 ἀγλαΐας
472 2541 638 2573 ἀτενίζοντα,
653 2541 757 2574 τούτοις
773 2542 804 2568 τὸ
823 2542 927 2577 ὀφειλό-

137 2597 217 2624 μενον
229 2588 268 2624 τῷ
284 2589 388 2625 κτίστῃ
403 2589 618 2624 προσαναφέρειν
631 2589 728 2620 σέὸας·
743 2588 839 2616 ἔπειτα
858 2590 926 2626 πρὸς

135 2635 184 2667 τὰς
195 2634 250 2661 τῶν
263 2634 450 2662 ἀποθανόντων
468 2634 575 2670 μορφὰς
592 2635 754 2662 ἀποϐλέπειν
772 2636 819 2663 καὶ
840 2637 874 2663 τὰ
888 2638 927 2663 εἴ·

134 2679 218 2712 δωλα,
241 2680 260 2707 ἃ
278 2681 416 2715 συγγενῶν
438 2680 520 2713 πόθος
543 2681 635 2717 χρυσῷ
659 2681 675 2718 ἢ
701 2682 927 2719 ἀργύρῳῆτισιν

135 2724 214 2757 ὕλαις
234 2725 328 2758 ἄλλαις
351 2725 493 2760 εὐκόσμως
511 2726 695 2761 διεμόρφωσεν
707 2735 714 2742 ⁸
737 2727 820 2762 μῦθος
836 2729 864 2755 δὲ
879 2729 924 2756 καὶ

133 2770 223 2805 λόγος,
238 2771 339 2807 ψευδὴς
353 2772 412 2806 μὲν,
433 2772 623 2807 ἀνεξέλεγκτος
640 2772 668 2800 δὲ
684 2773 732 2799 καὶ
750 2774 794 2800 ἀεὶ.
805 2776 861 2806 τοῖς
875 2775 924 2802 ἐπ-

133 2817 293 2853 ερχομένοις
305 2817 392 2844 ἔτεσιν
404 2819 462 2850 ταῖς
473 2818 658 2853 ψευδοεπείαις
672 2819 862 2856 ὲπαυξόμενος,
877 2822 924 2849 καὶ

168 2907 224 2943 (1.3)
244 2906 316 2935 Edit.
333 2911 501 2943 φανωτάτας.

635 139 668 168 IN
688 141 843 169 CARMINA
862 139 1003 170 ARCANA
1039 141 1068 170 S.
1097 142 1275 172 GREGORII.

1722 146 1775 175 709

984 206 1013 229 et
1027 202 1196 231 adumbrans
1214 203 1363 238 potentiam
1378 211 1456 232 suam
1469 204 1645 232 ministrante
1669 203 1771 239 Moyse.

985 249 1123 277 illustrius
1141 258 1207 277 vero
1223 250 1339 285 gloriam
1364 258 1443 278 suam
1458 251 1586 279 revelatis
1610 259 1657 286 per
1679 249 1774 278 Jesum

985 294 1137 323 Christum.
1154 295 1186 322 Et
1204 300 1349 331 postquam
1378 296 1406 323 in
1437 296 1576 332 principio
1592 295 1699 323 Νεοτωὶ
1725 303 1774 331 per

984 340 1124 368 Abraham
1139 345 1167 369 et
1181 341 1277 370 Patres
1300 343 1423 370 omnium
1445 351 1537 379 regem
1562 343 1642 378 primi
1667 342 1774 370 didice-

984 391 1050 414 runt
1064 385 1160 421 Deum,
1177 387 1304 415 similiter
1314 392 1342 416 et
1365 388 1447 424 primi
1474 389 1561 424 legem
1588 392 1772 423 acceperunt:

985 434 1108 465 tempore
1124 439 1190 458 vero
1206 435 1360 466 opportuno
1376 441 1425 469 per
1439 433 1612 468 unigenitum
1633 432 1774 467 eVatIgeli-

984 481 1065 504 zatur
1078 485 1166 513 usque
1180 477 1212 505 ad
1237 478 1419 506 novissimum
1441 482 1533 506 terrae.
1555 478 1634 512 Quod
1657 478 1692 505 sit
1718 485 1773 504 una

984 524 1043 552 haec
1061 525 1103 552 lex
1119 526 1191 553 sicut
1205 533 1277 566 unus
1287 530 1315 553 et
1325 525 1467 561 legislator
1478 526 1506 553 in
1521 525 1612 554 Veteri
1621 529 1648 553 et
1660 526 1688 553 in
1696 524 1772 552 Novo

985 570 1173 603 Testamento,
1189 572 1262 599 scire
1281 571 1393 608 dignum
1408 575 1461 605 est,
1476 572 1548 599 unde
1566 579 1621 599 non
1642 579 1689 606 per
1705 571 1769 605 dog-

983 621 1058 644 mata
1075 617 1146 644 inter
1168 625 1198 645 se
1218 618 1400 653 repugnantia
1422 622 1471 645 aut
1492 617 1641 651 variantia,
1659 625 1710 644 nec
1723 625 1773 652 per

984 663 1039 690 alia
1053 667 1081 691 et
1095 663 1148 690 alia
1164 663 1291 691 instituta
1309 663 1385 692 ducit
1397 663 1470 692 Deus
1486 663 1626 691 hominem
1647 663 1680 690 ad
1695 663 1773 698 agni-

984 710 1086 736 tionem
1111 710 1282 743 veritatnm,
1317 711 1370 738 viri
1397 710 1486 738 instar
1509 710 1591 745 cujus
1614 709 1773 737 intellectus

983 755 1094 784 mobilis
1115 763 1165 784 nec
1191 761 1291 784 cuncta
1314 757 1513 791 complectens.
1541 756 1646 791 quique
1669 759 1773 790 pugnat

984 808 1076 829 secum
1109 805 1158 829 aut
1188 802 1332 837 prioribus
1365 803 1419 829 alia
1447 801 1644 837 supercogitat.
1673 800 1774 828 Pr0cul

983 852 1098 883 reptans
1108 856 1187 876 mens
1200 849 1227 875 in
1240 852 1326 880 terra,
1342 848 1377 875 ab
1394 848 1441 875 ilio
1458 848 1506 883 qui
1526 848 1646 876 scienter
1663 851 1690 875 et
1709 852 1774 875 ante

983 892 1173 920 exsistentiam
1190 893 1282 920 omnia
1300 892 1410 928 praeﬁxa
1425 897 1452 920 et
1477 893 1533 920 ullo
1551 893 1657 927 absque
1678 900 1774 920 errore

984 939 1126 975 perspicit.
1145 938 1223 966 Talia
1237 938 1329 967 facere
1339 944 1367 967 et
1385 939 1440 974 pati
1455 938 1578 966 hominis
1591 941 1644 970 est.
1663 937 1773 973 ipsique

983 985 1144 1020 ignominia.
1262 1017 1267 1020 ,

982 1033 1000 1060 8
1016 1031 1068 1059 Sed
1093 1039 1165 1058 meus
1195 1030 1237 1058 llic
1267 1038 1364 1063 sermo,
1391 1033 1419 1057 et
1445 1037 1502 1065 seq.

1020 1077 1126 1105 Sensus
1135 1079 1195 1104 est:
1208 1075 1286 1103 Meus
1297 1075 1342 1102 hic
1358 1082 1460 1106 sermo,
1471 1079 1499 1102 et
1508 1081 1523 1100 a
1533 1081 1576 1101 me
1590 1073 1676 1100 hocce
1688 1072 1774 1100 docn-

983 1128 1103 1151 mentum
1112 1122 1278 1157 etjudicium
1285 1121 1319 1149 de
1327 1121 1387 1149 zelo
1394 1125 1421 1148 et
1431 1121 1535 1148 auxilio
1542 1120 1684 1147 hominum
1694 1127 1773 1145 ama-

983 1170 1051 1198 toris
1065 1173 1092 1197 et
1110 1168 1246 1196 sermonis
1262 1167 1324 1195 linis
1333 1166 1478 1195 enuntiare
1491 1167 1562 1201 quod
1575 1166 1609 1193 ab
1625 1165 1703 1192 initio
1719 1165 1774 1192 lata

983 1216 1020 1245 sit
1042 1214 1246 1251 Scripturtelex
1260 1213 1294 1240 ad
1309 1212 1453 1241 delendam
1464 1211 1648 1239 idololatriam
1659 1215 1687 1238 et
1698 1209 1773 1245 quod

983 1262 1036 1291 sub
1051 1262 1110 1297 lege
1121 1261 1197 1288 nullo
1211 1260 1285 1295 apud
1299 1263 1421 1287 veterem
1435 1257 1520 1286 Israel
1538 1257 1571 1284 ad
1589 1256 1775 1292 legislaturem

983 1316 1062 1336 suum
1075 1307 1182 1342 erigere
1196 1314 1226 1334 se
1242 1305 1349 1333 valente
1371 1305 1431 1340 ipse
1461 1304 1544 1330 homo
1566 1303 1656 1330 factus
1678 1305 1705 1328 et
1731 1301 1772 1329 le-

983 1361 1043 1388 gem
1072 1352 1187 1387 spiritus
1206 1350 1335 1386 patefecit
1360 1349 1387 1376 in
1411 1348 1557 1383 Scriptura
1581 1347 1777 1374 obnubilatnm

982 1398 1055 1426 sicut
1069 1404 1160 1424 rosam
1176 1396 1205 1423 in
1220 1395 1308 1423 calice
1332 1395 1469 1425 clausam,
1484 1398 1512 1421 et
1533 1393 1702 1420 habitatione
1722 1400 1775 1420 sua

982 1445 1011 1472 in
1027 1443 1107 1471 nobis
1123 1443 1206 1470 homo
1219 1441 1303 1473 Deus,
1323 1440 1407 1468 lsrael
1434 1439 1575 1467 carnalem
1602 1438 1719 1465 mutavit
1743 1439 1772 1465 in

982 1490 1165 1526 spiritualem.
1192 1488 1262 1523 Ergo
1287 1488 1322 1521 is,
1352 1487 1452 1522 inquit,
1482 1486 1517 1514 ab
1535 1485 1616 1513 initio
1630 1485 1665 1512 ad
1691 1484 1774 1512 linem

982 1543 1074 1564 sermo
1089 1542 1167 1563 meus
1180 1534 1214 1562 de
1229 1533 1423 1562 incarnatione
1433 1531 1519 1559 divini
1543 1530 1634 1563 Verbi,
1659 1531 1767 1565 ipsum-

979 1590 1034 1618 que
1048 1588 1131 1616 quam
1149 1579 1357 1607 accuratissime
1368 1577 1543 1605 carminibus
1559 1575 1620 1604 istis
1633 1575 1775 1602 (lelincare

980 1627 1141 1664 aggrediar.

978 1729 995 1757 9
1016 1728 1164 1763 Postquam
1177 1725 1287 1753 rabidus
1304 1724 1389 1752 hortis
1415 1724 1532 1763 primum
1547 1721 1676 1763 hominem
1695 1720 1772 1763 ejecit

1491 1757 1516 1794 [ε
1529 1757 1666 1792 paradiso,
1680 1760 1734 1783 etc.

1016 1810 1086 1838 Cum
1102 1809 1142 1837 ab}
1152 1807 1230 1836 initio
1246 1806 1432 1834 habensiram
1447 1811 1574 1840 magmm
1591 1807 1619 1831 et
1635 1802 1772 1830 homicida

979 1863 1094 1891 serpens
1108 1861 1157 1890 per
1168 1851 1388 1881 vetitamletil'eri
1398 1850 1582 1886 gustationem
1594 1848 1702 1876 [ructus
1716 1847 1773 1882 pri-

979 1908 1054 1929 mum
1077 1899 1231 1935 decepisset
1255 1898 1395 1926 hominem
1407 1896 1637 1931 exturbassetque
1661 1901 1677 1920 a
1691 1901 1770 1928 para-

979 1948 1052 1980 diso,
1066 1945 1297 1982 quemadmodum
1323 1948 1436 1971 mortuo
1460 1943 1488 1970 in
1514 1949 1605 1978 pugna
1630 1941 1700 1968 duce
1722 1939 1771 1974 qui

979 1993 1150 2028 imperabat,
1180 1991 1313 2026 proelians
1343 1990 1433 2017 hostis
1468 1989 1498 2016 in
1527 1988 1678 2015 exercitum
1701 1986 1772 2013 duce

979 2039 1077 2066 orbum
1095 2057 1102 2070 ,
1132 2036 1242 2068 contis,
1264 2034 1365 2070 jaculis
1394 2037 1422 2061 et
1445 2032 1613 2068 quibuslibet
1634 2030 1719 2057 armis
1743 2030 1770 2056 in

981 2085 1067 2112 victos
1082 2086 1213 2119 praestare
1226 2085 1326 2113 certat,
1344 2080 1428 2108 simili
1447 2079 1549 2115 impetu
1567 2082 1595 2106 et
1616 2077 1674 2113 ipse
1691 2076 1771 2104 Sata-

979 2138 1029 2158 nas
1046 2129 1169 2165 fugatum
1203 2127 1321 2162 primum
1348 2125 1435 2153 Adam
1471 2132 1534 2152 cum
1560 2123 1716 2151 induxisset
1741 2123 1769 2149 in

981 2178 1126 2211 peccatum
1140 2176 1169 2200 et
1184 2172 1216 2199 in
1226 2171 1319 2198 omnia
1336 2177 1398 2205 quae
1418 2170 1453 2197 ab
1475 2177 1508 2197 eo
1529 2169 1670 2201 oriuntur,
1693 2167 1770 2194 omni

982 2228 1065 2257 opera
1077 2219 1130 2255 ipsi
1150 2218 1303 2253 adiutorem
1316 2225 1345 2244 se
1357 2217 1462 2252 praebet
1475 2216 1650 2247 delictorum,
1663 2218 1690 2241 et
1703 2221 1771 2241 con-

980 2268 1049 2297 socii
1073 2267 1101 2294 in
1117 2269 1230 2301 peccato
1245 2264 1273 2292 iit
1286 2267 1430 2291 accusator
1443 2262 1476 2289 ad
1490 2265 1619 2289 mortem.
1636 2260 1704 2287 Nam
1723 2268 1770 2288 as-

980 2314 1048 2342 tulis
1059 2317 1087 2340 et.
1107 2311 1220 2340 nefariis
1236 2310 1362 2338 consiliis
1373 2309 1408 2336 ab
1423 2308 1567 2335 Altissimo
1590 2306 1668 2334 divisi
1695 2305 1770 2333 illius

980 2359 1080 2387 oculos
1090 2358 1178 2393 primo
1193 2355 1330 2385 convertit
1345 2355 1379 2382 ad
1389 2354 1452 2382 celi
1465 2352 1716 2389 pulchritudinem,
1732 2355 1770 2378 at-

980 2413 1033 2441 que
1045 2406 1072 2432 in
1087 2403 1304 2439 fulgentissimas
1316 2407 1452 2429 astrorum
1464 2400 1606 2428 claritates
1632 2399 1768 2426 intentum

980 2453 1065 2485 astris
1077 2451 1184 2479 deferre
1199 2450 1319 2478 debitam
1334 2447 1459 2476 Creatori
1484 2445 1668 2474 reverentiam
1689 2445 1766 2472 fecit.

980 2499 1043 2526 Mox
1058 2498 1092 2525 ad
1105 2496 1336 2532 contemplandos
1350 2493 1526 2522 morientium
1550 2492 1662 2527 impulit
1674 2491 1768 2518 vultus

979 2550 1006 2573 et
1019 2544 1153 2579 imagines
1170 2551 1231 2579 quae
1247 2549 1315 2569 auro
1330 2545 1377 2568 aut
1391 2544 1505 2576 argento
1532 2543 1580 2566 aut
1598 2538 1662 2565 aliis
1681 2541 1767 2565 mate-

982 2592 1030 2620 riis
1043 2591 1183 2626 eleganter
1191 2588 1294 2617 eiiinxit
1307 2587 1462 2623 parentium
1474 2585 1654 2614 desiderium.
1665 2584 1767 2612 Deinde

981 2640 1167 2665 commentum
1181 2639 1209 2663 et
1221 2641 1322 2666 sermo,
1352 2632 1468 2660 mendax
1487 2631 1610 2667 quidem.
1637 2631 1684 2659 sed
1710 2638 1769 2658 non

981 2683 1151 2719 improbatus
1180 2685 1208 2709 et
1246 2687 1354 2715 semper
1385 2679 1465 2707 annis
1507 2677 1768 2713 supervenientibus

981 2728 1142 2757 commentis
1155 2730 1253 2754 auctus
1267 2729 1295 2754 ct
1309 2727 1336 2753 in
1349 2725 1500 2753 amicorum
1515 2724 1691 2752 sermonibus
1707 2730 1767 2750 non

978 2773 1059 2800 malis
1075 2772 1240 2800 illustratus
1255 2773 1334 2807 quasi
1353 2771 1405 2799 ﬁde
1419 2771 1530 2807 dignus,
1546 2771 1672 2798 insanam
1688 2771 1767 2798 add:-

980 2819 1018 2848 dit
1037 2819 1235 2848 adorationem.
1254 2818 1300 2847 Sic
1316 2818 1351 2847 ab
1362 2818 1442 2846 initio
1457 2817 1618 2846 idololatria
1634 2817 1661 2845 iu
1679 2817 1768 2845 vitam
