1936 3042
134 124 189 151 705

598 123 632 152 ΙΝ
650 124 806 152 CARMINA
822 122 963 152 ARCANA
983 123 1012 152 S.
1028 123 1205 152 GREGORII.

1717 116 1769 155 τοο

136 184 168 212 3i
198 183 286 212 Ἀλλὰ
296 182 333 210 τὰ
348 182 407 218 μὲν
419 182 575 218 μετόπισθ’
591 184 619 210 at
637 182 665 210 δ’
680 182 721 218 ᾡς
736 182 830 217 νόμον
845 179 924 218 εἶχον

981 181 1012 209 5i
1046 180 1140 209 Verum
1159 182 1215 210 Iun
1239 187 1339 216 postea.
1367 183 1433 211 Cum
1456 184 1539 218 igitur
1570 184 1674 212 "ebrazi
1694 185 1770 212 vitm

683 217 810 253 [ἅτιμονκ
831 217 890 245 κτλ.

173 265 215 292 Τὰ
230 265 280 301 μὲν
303 264 445 301 εἰρημένα,
465 264 548 300 φησιν
561 263 576 290 ὸ
591 263 642 299 τῆς
663 264 806 298 θεοσοφίας
821 262 928 299 λύχνος.

136 313 154 348 ἦ
171 320 203 339 τε
223 311 278 338 τῶν
301 311 387 339 ἐθνῶν
401 311 529 339 ἁπάντων
544 310 646 342 εἴσοδος
662 311 703 342 είς
725 309 854 346 Χριστὸν,
868 310 886 345 ἥ
898 317 928 336 τι

135 357 184 385 τοῦ
207 357 429 393 καταλείμματος
449 354 556 392 Ἰσραὴλ
577 356 621 383 διὰ
637 355 720 392 ζήλου
737 356 784 383 καὶ
802 356 927 391 ἐπιστρο-

136 404 191 439 φῆς
209 404 279 440 πρὸς
295 404 362 431 Θεὸν
374 404 505 440 σωτηρία,
518 403 604 430 ταῦτα
616 404 665 439 μὲν
677 404 707 430 ὲν
722 403 846 438 ὑστέροις
860 402 927 429 ἀπο-

137 449 342 485 καλυφθήσεται
356 451 477 485 καιροίς·
492 449 564 476 κατὰ
584 449 676 485 μέντοι
689 449 736 476 τὸν
755 448 861 484 πρῶτον
877 449 926 483 τῆς

135 495 297 530 ἐπιφανείας
319 495 367 522 τοῦ
393 496 519 531 Σωτῆρος
550 495 808 530 ἑνανθρωπήσαντος
830 494 926 530 καιρὸν

134 542 190 569 τῶν
204 541 290 570 ἐθνῶν
305 541 354 577 μὲν
364 543 424 573 ταῖς
435 541 565 577 ἀθέσμοις
579 541 812 576 είδωλολατρείαις
824 540 925 575 σφόδρα

135 588 260 624 σφοδρῶς
276 587 490 623 ὲϐδελυγμένων,
507 587 562 614 τῶν
575 587 604 620 ἐξ
627 587 735 623 Ἰσραὴλ
754 587 781 614 δὲ
804 588 864 618 ταῖς
877 585 924 613 τοῦ

133 635 218 670 νόμου
234 633 371 666 ποικίλαις
388 633 577 669 παραϐάσεσιν
593 632 762 669 ἀτιμούντων
783 632 828 659 τὸν
847 632 923 664 Θεὸν,

132 681 194 708 τότε
211 680 243 717 δὴ
257 681 328 713 τότε,
339 681 384 707 ἴνα
396 681 413 716 ἡ
434 679 571 715 ὑπερὸολὴ
584 679 634 715 τῆς
648 679 763 715 ἀπείρου
774 677 925 714 χρηστότη-

132 735 179 758 τος
190 727 328 761 ἀναφανῇ,
344 725 474 760 τοιαύτης
491 725 508 760 ἡ
524 724 682 760 ἀνθρωπίνη
701 723 782 759 φύσις
794 723 923 760 διειλήχει

131 773 215 809 τιμῆς
224 780 232 788 ·
247 771 365 808 Εὺδοκίᾳ
383 770 433 807 μὲν
444 770 491 798 τοῦ
507 770 641 797 ἀθανάτου
654 769 772 806 Πατρὸς,
786 769 833 796 τοῦ
844 769 922 804 άγίου

131 819 160 846 δὲ
178 817 309 855 συνεργίᾳ
324 818 483 853 Πνεύματος
496 816 511 843 ὁ
525 816 671 853 μονογενὴς
685 816 731 844 τοῦ
744 815 811 843 Θεοῦ
824 816 921 851 Λόγος,

131 865 194 891 ὅσον
220 864 272 899 τῆς
298 863 392 899 θεῖκῆς
416 863 513 899 μοίρας
541 861 642 895 κτίζων
659 862 705 889 τὸν
729 862 871 899 ἄνθρωπον
894 860 925 894 ἐξ

131 910 221 947 ἀρχῆς
237 909 277 946 τῷ
292 909 374 937 αὑτοῦ
392 909 499 944 σώματι
514 909 655 941 κατέθετο,
671 909 750 936 τοῦτο
762 909 823 941 ταῖς
840 908 924 944 ψυχο-

131 957 244 995 φθᾴροις
262 956 411 993 ἁμαρτίαις
434 955 638 991 λελυμασμένον
656 955 739 991 ὁρῶν,
753 963 924 991 κατατυραν-

130 1003 230 1032 νοῦντα
258 1003 287 1030 δὲ
311 1003 366 1030 τῶν
390 1002 500 1030 πάντων
523 1002 626 1038 βροτῶν
651 1002 698 1029 τὸν
720 1002 855 1038 δράκοντα
878 1002 923 1029 τὸν

130 1050 288 1086 ἀποστάτην
301 1049 374 1082 ίδὼν,
389 1048 583 1085 καὶ.ὴλεηκὼς,
596 1048 688 1075 οὐκέτι
705 1048 795 1080 ἀλλοις
810 1049 859 1084 τὴν
873 1048 923 1084 ἀρ-

131 1097 252 1133 ρωστίαν
276 1096 378 1132 ταύτην
397 1095 490 1131 ἐφίησι
515 1094 640 1131 βοηθεῖν·
657 1095 689 1121 οὐ
715 1095 768 1130 γάρ
787 1093 922 1130 αὔταρκες

131 1144 172 1176 είς
189 1142 315 1178 μεγάλων
335 1141 429 1169 παθῶν
446 1139 594 1177 θεραπείαν
612 1140 681 1176 ῐαμα
700 1139 812 1176 μικρόν
832 1140 870 1172 ὼς
889 1140 922 1167 ἂν

129 1187 159 1214 δὲ
177 1186 359 1222 κληρονομίαν
376 1185 443 1213 ἰδίαν
459 1184 548 1220 ἑαυτῷ
565 1185 596 1217 ἐξ
616 1184 768 1221 ἀνθρώπων
783 1185 797 1211 ὸ
818 1185 850 1212 ὲκ
866 1186 922 1212 Πα-

129 1233 194 1268 τρὸς
207 1232 271 1263 Υἱὸς
286 1232 402 1267 ἀμήτωρ
417 1230 615 1266 ἀναστήσηται,
635 1230 681 1257 καὶ
692 1230 741 1266 τὴν
757 1230 847 1258 εἰκόνα
858 1231 921 1258 ἐαυ-

129 1277 177 1304 τοῦ
195 1277 245 1313 τῆς
257 1278 423 1313 τυραννικῆς
436 1275 664 1312 ἀπολυτρὼσηται
681 1276 809 1312 κατοχῆς,
822 1276 922 1303 ἐκένω-

131 1332 178 1350 σεν
193 1323 290 1350 ἑαυτὸν
306 1323 370 1354 Υἱὸς
389 1321 532 1358 ἀνθρώπου
552 1322 615 1357 δίχα
634 1322 735 1358 πατρὸς,
754 1321 923 1357 γεννώμενος

129 1370 197 1405 ἡμῖν
214 1368 409 1405 καινοπρεπῶς
430 1369 479 1404 μὲν
499 1369 546 1396 καὶ
562 1369 655 1402 ξένως,
670 1369 711 1396 ὅτι
733 1369 800 1406 άτερ
814 1369 921 1406 ἀνδρὸς,

129 1416 160 1442 οὐ
175 1415 259 1448 ξένως
272 1415 301 1442 δὲ
315 1415 501 1447 παντάπασιν,
515 1415 556 1442 ὅτι
570 1415 600 1448 ὲξ
613 1415 692 1451 ἐμοῦ,
704 1412 781 1448 οὗτος
795 1416 839 1443 διὰ
853 1425 924 1452 παρ-

130 1460 242 1495 θενικῆς
255 1460 305 1487 καὶ
316 1460 397 1495 ἁγίας
413 1459 594 1496 βροτούμενος
610 1461 724 1496 μητρὸς,
738 1461 798 1493 ὅλος
806 1461 867 1488 ὅλον
878 1461 923 1488 τὸν

130 1506 164 1533 δι’
181 1506 321 1542 ἁμαρτίας
345 1506 464 1534 πεσόντα
486 1506 672 1542 προσείληφεν
694 1506 789 1542 Ἀδὰμ,
812 1507 846 1534 ἵν’
869 1508 923 1544 ὅλῳ

130 1554 345 1590 περιποιήσηται
360 1553 410 1589 τὴν
426 1553 572 1590 σωτηρίαν.
589 1552 644 1580 Τοῦ
661 1553 693 1589 δὴ
714 1553 795 1589 χάριν
818 1553 923 1590 ἀνθρω-

131 1600 221 1632 πίνοις
237 1600 285 1626 καὶ
311 1599 362 1626 οὐκ
380 1599 563 1634 ἀνθρωπίνοις
585 1599 678 1636 νόμοις
703 1599 734 1632 ἐξ
761 1599 852 1634 ἁγνῶν
877 1599 925 1627 καὶ

131 1644 306 1681 Μρθενικῶν
321 1644 482 1680 σπλάγχνων
498 1644 532 1680 (ὢ
549 1643 643 1680 θαῦμα
662 1645 776 1672 ἀπιστον
800 1644 924 1680 βεϐήλοις

132 1691 268 1727 βροτοτςί)
280 1692 294 1718 ὁ
308 1690 442 1727 άμὸροτος
460 1689 608 1726 βροτωθεὶς
630 1690 750 1726 προῆλθε
770 1689 836 1722 Θεὸς
855 1689 924 1726 ὁμοῦ

131 1738 181 1764 καὶ
196 1737 350 1772 ἄνθρωπος,
362 1735 409 1763 δύο
422 1735 518 1771 φύσεις
533 1736 575 1768 είς
588 1735 618 1763 ἓν
631 1736 777 1771 πρόσωπον
788 1735 923 1770 συνάγων,

130 1783 182 1818 τὴν
197 1783 246 1819 μὲν
258 1783 453 1819 κρυπτομένην
468 1782 516 1809 καὶ
532 1782 657 1815 ἀθέατον,
672 1782 721 1818 τὴν
736 1782 759 1809 δ’
771 1781 925 1817 ἀναφανδὸν

131 1829 287 1865 ἀνθρώποις
300 1829 443 1866 ὁρωμένην
453 1837 461 1844 ·
475 1825 514 1857 ὧν
526 1830 543 1865 ἡ
561 1829 611 1865 μὲν
626 1828 692 1861 Θεὸς
704 1827 738 1865 ἦν
748 1828 788 1864 τῷ
798 1828 926 1863 ἀνάρχως

131 1876 263 1911 γεννῶντι
286 1876 439 1911 ὸμοούσιος,
453 1876 471 1912 ἠ
491 1875 519 1903 δὲ
535 1875 679 1912 ἄνθρωπος
701 1875 822 1902 ἔκτισται
842 1876 875 1911 τῇ
896 1875 925 1901 ὲν

131 1922 221 1959 χρόνῳ
234 1922 350 1958 τεκούσῃ
364 1922 413 1949 καὶ
425 1922 492 1958 ἡμῖν
508 1923 642 1958 ὀμοφυής.

132 2015 164 2042 5|
188 2014 243 2050 (ﬁl)
259 2012 311 2047 Εἷς
326 2014 398 2048 Θεὸς
410 2013 628 2050 ἀμφοτέρωθεν,
640 2014 704 2041 ἐπεὶ
715 2014 831 2050 θεότητι
841 2023 925 2049 κερα-

131 2085 170 2113 52
188 2084 243 2112 Kal
267 2085 378 2120 ,βροτὸς
402 2085 438 2112 ἐκ
464 2084 604 2118 θεότητος
621 2084 700 2120 ἅναξ
726 2084 777 2111 καὶ
795 2049 926 2120 [12:];de

676 2119 817 2156 [in-(£17m,
829 2120 889 2148 κτλ.

169 2167 218 2200 Εἷς
230 2168 297 2201 Θεὸς
319 2167 546 2203 ὁμολογουμένως
557 2167 590 2194 ὲκ
607 2167 680 2194 δυοῖν
693 2167 801 2202 φύσεων
820 2167 924 2204 ὑπέστη

132 2217 148 2243 ὁ
161 2215 278 2251 Χριστός
287 2223 293 2230 ·
304 2215 321 2250 ή
335 2214 390 2250 γάρ
401 2214 430 2240 ὲν
442 2213 517 2249 αὐτῷ
537 2213 648 2249 βροτεία
660 2212 752 2248 φύσις,
767 2215 801 2250 τῇ
816 2213 925 2250 θεότητι

133 2261 196 2289 καθ’
204 2261 354 2288 ὑπόστασιν
366 2260 559 2296 συνενουμένη,
570 2260 617 2286 καὶ
627 2260 644 2295 ἡ
657 2259 753 2295 θεότης
766 2259 926 2296 παραδόξως

132 2308 167 2342 ττι
185 2306 375 2342 ἅνθρωπότητι
390 2304 605 2341 συγκιρναμένη,
615 2306 629 2332 6
642 2305 723 2338 αὐτὸς
741 2304 867 2340 βασιλεὺς
880 2305 926 2332 καὶΙ

132 2353 201 2385 Θεὸς
216 2352 265 2379 καὶ
289 2351 367 2383 ἀλλος
382 2351 442 2384 νέος
465 2351 551 2386 ’Δδὰμ
570 2350 617 2378 τὸν
641 2350 755 2378 παλαιὸν
779 2350 926 2387 ἐξιώμενος

133 2398 304 2430 πιστεύεται,
318 2397 355 2430 ὡς
365 2397 418 2424 ὑπὸ
428 2396 661 2433 παραπετάσματι
673 2392 702 2423 δὲ
711 2396 751 2433 τῷ
763 2397 926 2433 ἀνθρωπίνῳ

133 2443 310 2481 προϐλήματι
324 2443 490 2477 κεκάλυπτο,
504 2442 612 2479 πρῶτον
629 2442 680 2478 μὲν
692 2442 733 2470 ὅτι
749 2443 786 2478 μὴ
802 2443 926 2479 καθαρὰν

132 2490 217 2518 αὐτοῦ
228 2491 278 2527 τὴν
290 2490 406 2526 θεότητα
418 2491 511 2526 φέρειν
523 2487 580 2516 οἷόν
590 2497 632 2523 τε,
644 2489 712 2525 μηδὲ
724 2489 848 2525 χωρητὸν
857 2486 926 2517 εἶναι

133 2537 231 2564 τοῦτον
245 2538 302 2569 τοῖς
315 2535 451 2572 ὲμπαθέαι
466 2536 557 2571 γυμνῇ
569 2535 753 2572 προσεγγίσαι
762 2536 796 2572 τῇ
808 2535 925 2572 θεὰτητι·

133 2584 231 2610 ιπειτα
250 2583 287 2615 ὡς
300 2582 332 2610 ἃν
346 2583 392 2609 τὸν
403 2582 556 2618 ἀρχέκακον
566 2581 627 2616 ὅφιν
640 2580 846 2617 φρονιμώτατον
856 2579 927 2609 εἶναι

134 2628 191 2656 τῶν
208 2629 334 2656 ἀπάντων
348 2628 451 2664 θηρίων
467 2627 571 2663 νοητῶν
588 2627 772 2663 κατοιόμενον,
785 2627 826 2664 τῷ
838 2637 927 2663 φαινο-

137 2675 213 2711 μένῳ
227 2675 367 2707 δελεάσας,
385 2675 417 2710 τῇ
441 2673 530 2710 οἰκείᾳ
551 2672 659 2709 θεότητι
677 2673 714 2706 ὡς
736 2674 765 2701 ἐν
787 2674 927 2710 ἀγκίστρῳ

137 2721 296 2757 παριπείρῃ,
312 2721 359 2747 καὶ
373 2720 410 2752 ὡς
431 2719 516 2756 ’Δδὰμ
531 2719 582 2755 μὲν
597 2718 671 2755 αὐτῷ
685 2718 926 2755 προσπηδήσαντα,

136 2768 175 2800 ὡς
194 2767 254 2804 Θεῷ
268 2767 297 2794 δὲ
317 2766 541 2803 ἀντιϐολήσαντα,
560 2765 655 2793 τοῦτον
672 2766 858 2802 κατανικήσας
881 2767 929 2795 καὶ

139 2814 224 2850 ῥάξας
236 2814 329 2850 ὲκτίλῃ
337 2812 387 2848 τῆς
396 2812 494 2849 ἀρχῆς.
507 2822 516 2839 ι
528 2811 574 2848 Τῷ
588 2812 652 2848 πέρι
663 2812 774 2847 κάρτος,
787 2821 797 2838 ι
808 2821 834 2841 κ.
847 2821 871 2839 τ.
887 2812 927 2846 ἐξ.

1439 219 1603 255 [habuissent
1613 221 1705 255 tegent,
1716 227 1769 248 etc.

1015 262 1081 296 Quae
1096 269 1224 291 enarrata
1239 268 1312 298 sunt,
1328 265 1366 292 ait
1377 265 1521 300 sapientiae
1538 265 1584 293 Dei
1605 266 1727 299 lucerna,
1737 267 1772 293 si-

978 317 1011 336 ve
1033 310 1194 345 populorum
1221 312 1343 339 omnium
1364 312 1497 341 transitus
1509 313 1543 340 ad
1563 312 1714 345 Christum,
1731 313 1771 340 si-

978 362 1010 382 ve
1027 355 1205 391 reliquiarum
1218 355 1301 384 Israel
1318 357 1434 385 salvatio
1450 366 1498 393 per
1510 359 1598 387 zelum
1616 363 1644 387 et
1661 367 1772 387 conver-

978 401 1082 429 sionem
1100 402 1133 429 ad
1150 402 1246 435 Deum,
1264 403 1367 431 ultimis
1381 404 1550 439 temporibus
1564 405 1770 434 revelabuntur.

977 447 1102 475 Attamen
1118 448 1215 484 primis
1235 449 1466 478 manifestationis
1488 450 1625 478 iucarnati
1645 451 1771 479 Salvato-

976 493 1016 521 ris
1030 495 1212 530 temporibus,
1229 503 1291 522 cum
1307 495 1371 523 hinc
1390 501 1485 532 gentes
1501 496 1565 525 odio
1586 498 1663 526 valde
1677 505 1746 526 esse,
1760 501 1773 525 ι

976 547 1034 575 prae
1054 540 1149 568 illicita
1164 541 1329 574 idololatria,
1343 542 1406 570 inde
1423 551 1486 570 vero
1506 543 1587 571 Israel
1602 543 1685 572 variis
1703 544 1772 579 legis

976 587 1242 622 transgressionibus
1261 587 1346 615 Deum
1367 588 1556 622 iuhonoraret,
1580 594 1644 617 tunc
1669 594 1698 617 ut
1712 590 1774 616 the-

975 641 1075 662 saurus
1089 633 1230 662 immensae
1243 634 1373 662 bonitatis
1390 636 1583 668 illustraretur,
1599 641 1704 664 tantum
1719 637 1771 664 hu-

974 686 1055 707 mana
1088 683 1194 708 natura,
1216 681 1312 708 sortita
1336 685 1379 709 est
1404 681 1559 709 honorem:
1584 683 1661 717 juxta
1676 681 1773 709 aeterni

973 723 1063 753 Patris
1091 725 1302 760 beueplacitum,
1333 730 1499 760 cooperante
1533 725 1637 762 Spiritu
1662 730 1770 758 sancto,

974 770 1103 804 Verbum,
1122 771 1280 806 unigenitus
1298 771 1343 799 Dei
1362 771 1456 804 Filius,
1479 780 1559 807 quam
1581 771 1680 800 divina;
1693 772 1772 799 intel~

973 817 1090 853 ligentiac
1105 817 1251 845 scintillam
1275 818 1309 845 ab
1325 818 1402 845 initio
1422 826 1522 846 crcans
1535 818 1673 846 hominem
1691 819 1719 846 in
1735 820 1773 854 ip-

974 863 1032 891 sius
1046 871 1162 899 corpore
1182 864 1375 896 constituerat,
1399 871 1459 891 eam
1479 864 1604 892 letalibus
1628 864 1772 893 erratibus

975 913 1133 937 evacuatam
1153 915 1279 940 cernens,
1295 909 1393 936 videns
1408 913 1435 936 et
1450 909 1594 944 tyrannice
1614 909 1773 945 opprimen-

976 960 1030 984 tem
1047 963 1143 983 ontucs
1164 960 1297 992 quotquot
1321 956 1416 983 vivunt
1439 955 1585 983 draconem
1602 948 1768 991 apos‘tatam.

974 1002 1162 1030 misericordia
1184 1007 1275 1030 motus
1289 1002 1356 1030 alios
1373 1009 1428 1030 non
1453 1002 1518 1030 sinit
1536 1003 1564 1030 in
1590 1006 1666 1029 tanta
1692 1003 1772 1030 auxi-

974 1049 1033 1077 liari
1056 1049 1214 1077 inﬁrmitate
1229 1049 1370 1077 destitutis
1386 1057 1394 1076 ι
1410 1057 1465 1076 non
1483 1049 1661 1077 sullicitenim
1673 1049 1706 1076 ad
1719 1056 1774 1076 ma-

973 1101 1088 1129 gnorum
1103 1094 1236 1122 malorum
1249 1102 1342 1121 curam
1364 1095 1421 1122 leve
1436 1094 1588 1122 remedium
1603 1103 1610 1127 ;
1628 1094 1771 1125 nimirum.

974 1144 1003 1166 ut
1018 1147 1052 1167 ex
1073 1139 1231 1168 hominibus
1241 1140 1387 1168 suscitaret
1404 1139 1454 1167 sibi
1478 1143 1573 1175 gentes
1588 1139 1677 1167 haered
1689 1142 1773 1168 tatem

974 1193 1063 1214 suam.
1087 1184 1175 1213 Filius
1195 1185 1286 1213 Patris
1301 1185 1361 1213 sine
1378 1189 1476 1217 matre,
1488 1189 1517 1212 ut
1535 1185 1680 1220 imaginem
1695 1193 1772 1212 suam

973 1231 1119 1259 redimeret
1130 1239 1145 1259 a
1155 1232 1296 1268 tyrannica
1312 1233 1498 1267 possessione,
1506 1231 1656 1259 exinanivit
1673 1235 1775 1259 semet-

974 1278 1064 1313 ipsum
1090 1277 1177 1306 Filius
1197 1278 1316 1305 hominis
1328 1278 1388 1305 sine
1404 1282 1482 1313 patre
1499 1282 1581 1305 natus
1607 1277 1698 1308 nobis,
1724 1285 1774 1304 no-

974 1331 1036 1350 vum
1053 1329 1136 1359 super
1145 1327 1259 1356 terram,
1281 1323 1433 1359 alienigena
1444 1324 1509 1359 quia
1521 1323 1582 1351 sine
1596 1324 1666 1356 viro,
1681 1328 1774 1351 etnon

974 1370 1139 1406 alienigena,
1152 1370 1215 1406 quia
1237 1374 1334 1398 natura
1349 1370 1416 1398 mihi
1439 1370 1550 1404 similis,
1564 1370 1623 1406 ipse
1646 1379 1694 1406 per
1710 1369 1773 1398 Vir—

973 1415 1064 1451 ginem
1097 1420 1220 1444 sanctam
1240 1420 1355 1444 matrem
1375 1416 1463 1444 factus
1484 1417 1620 1449 mortalis,
1638 1421 1712 1444 totus
1732 1421 1775 1443 to-

975 1467 1031 1489 tum
1045 1461 1130 1489 Adam
1151 1469 1200 1497 per
1215 1467 1357 1497 peccatum
1374 1461 1481 1496 lapsum
1497 1461 1659 1497 assumpsit,
1681 1462 1718 1488 ita
1745 1465 1775 1488 ut

976 1509 1051 1536 omni
1066 1507 1169 1536 homini
1187 1508 1303 1535 salutem
1320 1508 1486 1543 acquireret.
1504 1506 1774 1542 Quamobremjuxta

977 1556 1050 1591 leges
1067 1554 1179 1582 humani
1199 1554 1318 1589 generis,
1336 1559 1363 1582 et
1377 1554 1496 1581 humano
1510 1553 1603 1589 generi
1629 1553 1743 1587 alienas.
1759 1561 1778 1581 ο

975 1602 1037 1630 sinu
1053 1607 1130 1629 casto
1149 1605 1176 1628 et
1192 1600 1329 1635 virginali,
1360 1608 1377 1627 ο
1395 1599 1494 1628 mirum
1515 1608 1598 1636 supra
1623 1600 1702 1628 [idem
1725 1608 1777 1636 pro

975 1646 1096 1683 profanis
1138 1646 1319 1674 mortalibus!
1369 1650 1490 1674 aeternus
1517 1647 1642 1674 mortalis
1685 1647 1774 1676 lactus

975 1700 1104 1728 egressus
1118 1696 1160 1720 est
1177 1692 1248 1720 Deus
1267 1693 1348 1720 simul
1365 1695 1393 1720 et
1413 1693 1505 1724 homo.
1518 1693 1587 1721 duas
1608 1698 1722 1721 naturas
1746 1694 1775 1721 in

975 1746 1059 1766 unam
1078 1746 1222 1774 personam
1245 1738 1395 1771 adducens,
1413 1746 1528 1775 quarum
1540 1740 1625 1768 altera
1642 1741 1731 1767 velata
1746 1745 1774 1768 et

976 1784 1134 1817 invisibilis,
1144 1784 1236 1811 ‘altera
1249 1784 1338 1819 palam
1359 1777 1523 1812 cerneretur
1550 1785 1584 1812 ab
1605 1785 1774 1817 hominibus.

974 1831 1021 1858 illa
1038 1830 1112 1858 Deus
1132 1834 1207 1858 esset
1223 1829 1340 1865 genitori
1356 1834 1420 1857 ante
1431 1837 1513 1857 omne
1527 1830 1693 1866 principimn
1706 1838 1774 1858 con-

976 1876 1177 1909 substantialis,
1194 1876 1252 1903 haec
1269 1876 1351 1903 homo
1367 1883 1415 1911 per
1428 1876 1598 1903 creationem
1613 1879 1697 1908 esset,
1713 1883 1775 1903 eam

976 1927 1102 1950 naturam
1115 1930 1178 1950 cum
1193 1926 1281 1949 matre
1304 1929 1365 1957 quae
1382 1921 1502 1949 divinam
1517 1922 1620 1957 prolem
1636 1923 1729 1957 genuit
1746 1922 1774 1949 in

976 1973 1097 2003 tempore
1116 1968 1316 2003 nobiscumque
1335 1968 1463 1995 sortiens.

975 2015 1008 2043 5i
1029 2014 1102 2042 Unus
1115 2014 1185 2042 Deus
1196 2015 1329 2049 utrinque,
1349 2014 1477 2050 siquidem
1493 2014 1586 2042 deitati
1597 2015 1702 2042 mixtus.

976 2084 1012 2112 52
1032 2083 1065 2111 Et
1076 2083 1153 2111 homo
1168 2091 1214 2117 per
1229 2082 1354 2111 deitatem
1368 2091 1415 2110 rea:
1428 2087 1454 2110 et
1464 2081 1587 2111 Christus
1597 2083 1708 2115 exstitit,
1720 2087 1773 2110 etc.

1013 2165 1091 2194 Unus
1105 2164 1189 2197 Deus,
1201 2163 1306 2192 duabus
1318 2166 1449 2191 constans
1476 2164 1583 2191 naturis
1599 2163 1634 2190 ab
1654 2163 1775 2191 homini-

977 2212 1029 2240 bus
1042 2211 1207 2247 praadicatur
1231 2210 1371 2238 Christus.
1399 2209 1521 2245 Namque
1541 2210 1570 2237 in
1594 2210 1654 2245 ipso
1676 2214 1776 2238 natura

978 2258 1103 2286 mortalis
1134 2257 1269 2285 divinitati
1301 2256 1451 2285 secundum
1473 2256 1641 2292 bypostasim
1658 2256 1733 2284 unita
1746 2260 1776 2284 et

979 2305 1108 2332 divinitas
1121 2303 1284 2331 mirabiliter
1292 2302 1454 2330 humanitati
1466 2302 1625 2339 conjuncta,
1634 2310 1699 2331 ecce
1715 2310 1776 2333 rex.

979 2349 1062 2383 Deus,
1081 2355 1168 2377 novus
1181 2349 1267 2376 Adam
1293 2350 1372 2381 alter,
1391 2348 1505 2375 alterum
1525 2351 1641 2376 veterem
1673 2355 1776 2375 sanans

980 2397 1111 2425 creditur.
1132 2395 1178 2423 Sic
1196 2395 1248 2423 sub
1261 2394 1396 2423 velamine
1427 2394 1549 2422 hominis
1567 2394 1654 2421 forma
1674 2401 1777 2430 myste-

979 2443 1021 2471 rio
1049 2443 1129 2478 plena
1148 2441 1258 2473 latebat,
1271 2441 1363 2476 primo
1377 2440 1499 2476 quidem,
1511 2440 1577 2475 quia
1591 2447 1687 2475 puram
1715 2440 1776 2474 ejus

979 2488 1149 2518 divinitatem
1179 2487 1250 2515 ferre
1283 2487 1373 2520 nefas,
1396 2493 1485 2521 neque
1506 2493 1568 2513 cum
1587 2485 1776 2514 all'ectionibus

979 2535 1085 2564 nostris
1109 2533 1269 2570 simpliciter
1292 2532 1466 2561 manifestata
1482 2532 1613 2560 divinitas
1629 2533 1777 2568 appropin-

980 2582 1058 2618 quari
1076 2585 1176 2616 potest.
1191 2579 1294 2608 Deinde
1309 2583 1339 2606 ut
1353 2586 1491 2607 summum
1513 2578 1543 2606 in
1553 2578 1657 2607 malitia
1664 2586 1777 2615 serpen—

980 2633 1046 2662 tem,
1070 2627 1117 2663 qui
1141 2627 1289 2663 putabatur
1302 2625 1498 2654 callidissimus
1510 2626 1632 2654 omnium
1651 2627 1777 2655 animan-

981 2675 1048 2702 tium
1064 2673 1241 2709 intelligentia
1257 2672 1443 2709 praditorum.
1463 2672 1554 2707 specie
1566 2672 1692 2700 delusum
1709 2680 1776 2708 pro-

980 2720 1042 2756 prio
1076 2719 1188 2747 numine
1217 2718 1297 2754 quasi
1310 2718 1391 2746 hamo
1407 2718 1590 2754 transﬁgant.
1610 2723 1638 2746 et
1649 2719 1778 2747 eumdun

982 2768 1130 2796 irruentem
1150 2765 1178 2794 in
1193 2765 1334 2793 Christum
1352 2768 1483 2800 tanquam
1499 2765 1528 2792 in
1549 2764 1695 2799 Adamum,
1715 2770 1778 2793 tan—

982 2821 1063 2849 quam
1086 2812 1141 2841 Deo
1162 2818 1253 2841 autem
1269 2820 1331 2840 cum
1361 2811 1599 2841 obsecrationibus
1620 2812 1778 2841 obviantem

173 2895 231 2929 (ﬁt)
248 2894 335 2923 Iidem
351 2901 447 2924 versus
469 2897 630 2931 repetuntur
649 2901 736 2922 carm.
752 2893 770 2921 ἓ
786 2892 837 2930 [1],
855 2901 926 2922 vers.
948 2894 1012 2928 155,
1030 2893 1089 2921 154.
