1936 3042
177 105 229 134 τω

182 167 284 194 victum
297 170 330 194 et
349 165 465 195 fractum
484 168 611 196 evelleret
623 176 656 197 ex
677 168 801 204 imperio.
819 168 910 197 «Furti
930 178 976 197 ar-

177 218 251 240 mato
265 221 275 239 ι
292 217 319 241 et
341 221 399 248 seq.
414 214 484 241 Ante
494 214 618 242 eumdem
637 215 711 242 enim
733 215 869 243 hominem
886 215 971 244 Deum

175 258 316 287 Christum
331 260 419 288 rictus
438 259 522 288 draco
543 262 679 296 pessimus
702 263 877 297 praevalidam
893 271 971 291 suam

175 307 311 334 malitiam
329 311 410 342 atque
432 308 606 343 tyrannidem
618 309 685 336 vidit
712 309 827 336 fractam
842 315 869 337 et
894 318 972 338 com-

176 352 322 383 minutam.
341 353 413 380 sicut
435 353 519 381 maris
537 353 637 381 ﬂuctus
658 359 754 382 contra
782 363 906 390 asperam
927 364 972 383 ru-

176 406 237 433 pem
252 399 427 427 immobiliter
435 404 554 428 stantem
566 400 759 428 inconcussam
779 408 889 430 mentes
907 410 971 429 vor-

177 445 258 471 tiuosi
273 445 441 480 franguntur
455 452 482 473 et
494 446 646 474 eliduntur.

175 490 218 524 ειη
235 483 302 517 Cum
328 492 427 526 prodiit
445 491 580 525 Christus,
597 498 668 520 terra
683 498 707 520 el
722 494 816 520 caelum
829 495 865 520 ad
882 499 971 536 orlum

913 537 971 556 CH“

175 560 206 588 6i
230 560 412 593 Morabantur,
427 566 482 589 etc.
913 538 937 564 ‘J

213 608 345 635 Altissimi
360 608 404 635 Dei
418 610 588 644 unigenitum
603 608 722 637 Verbum
739 610 813 637 dicto
833 610 914 637 modo
930 609 972 637 fa-

176 657 251 681 ctum
271 658 314 682 est
330 655 422 686 homo,
440 660 468 682 et
484 663 573 683 novus
590 655 676 683 Adam
687 663 720 683 ex
739 660 815 683 casta
829 660 857 683 et
882 656 972 683 virum

177 701 316 728 nesciente
332 700 443 736 Virgine
462 707 554 735 natus,
574 701 645 730 Deus
668 706 694 730 et
710 703 802 735 homo,
818 703 853 730 de
867 710 897 730 se
912 703 972 738 ipso

177 747 265 775 [luens
285 751 313 774 et
337 747 475 776 exsistens
505 747 697 776 manifestatus
718 753 761 776 est
785 749 882 782 nobis;
901 749 973 777 Deus

176 793 315 828 perfectus
327 799 353 820 et
368 793 507 828 perfectus
521 793 603 821 homo
627 794 713 829 prima
729 794 787 822 haec
815 794 971 822 testimonia

176 839 233 866 Deo
252 839 333 875 digna
349 839 448 867 dabnt:
470 840 599 867 nimirum
622 840 668 867 ubi
689 841 813 875 primum'
836 848 885 876 per
900 840 972 867 nati-

176 888 289 910 vuatem
311 883 449 918 apparuit.
465 885 557 911 statim
570 884 672 911 cceliet
695 887 768 911 terra
794 889 970 911 contremue-

116 924 119 931 ¹
176 931 260 954 runt:
276 928 338 954 (λαξιί
361 928 463 955 militia:
486 929 607 956 caelestis
628 929 832 956 multitudinem
851 929 879 956 in
913 929 971 964 glo-

175 972 243 999 riam
255 977 284 1000 et
307 973 413 1001 laudem
435 978 500 1000 nato
512 974 665 1006 miserunt;
680 979 752 1001 terra
768 983 833 1002 vero
849 983 970 1002 commo-

175 1022 202 1045 ta
218 1024 260 1046 est
268 1023 397 1053 surgente
413 1019 492 1046 stella
503 1024 530 1046 ct
542 1019 633 1055 Magos
641 1019 788 1048 Persarum
804 1029 883 1056 reges
899 1022 970 1048 dona

176 1064 296 1091 ferentes
313 1064 340 1091 in
350 1063 472 1091 Iudaeam
483 1064 602 1092 ducente
613 1069 639 1092 et
653 1066 680 1092 in
693 1065 842 1098 Bethleem,
852 1066 970 1094 Parvulo

175 1110 222 1144 qui
244 1114 326 1137 natus
343 1115 384 1137 est
403 1117 450 1137 rex
467 1111 598 1138 honorem
615 1115 643 1139 et
655 1112 845 1140 adorationem
862 1113 970 1140 habitu-

176 1164 234 1184 ros.
256 1155 306 1183 Hic
320 1164 387 1192 ergo
405 1164 482 1184 nova:
496 1161 523 1185 et
538 1158 666 1185 secunda:
677 1158 779 1186 Christi
795 1159 847 1186 mei
859 1167 972 1193 genera-

175 1202 259 1230 tionis
273 1210 375 1235 sermo,
392 1203 460 1230 adeo
479 1210 575 1238 purus,
592 1204 706 1232 illustris
725 1203 834 1240 Deoque
860 1205 970 1240 dignus.

176 1246 250 1274 Nihil
273 1248 300 1275 in
314 1247 367 1275 hoc
385 1248 525 1275 invenitur
542 1249 728 1276 verecundum
743 1254 790 1276 aut
811 1250 970 1278 indecorum

176 1297 223 1320 aut
243 1293 316 1328 quod
331 1292 470 1320 sanctitati
487 1294 548 1328 ejus
560 1301 613 1320 non
630 1294 736 1322 deceat.
768 1294 885 1322 Peccato
911 1297 972 1323 solo

176 1339 313 1366 adhaereat
337 1334 456 1366 dedecus
473 1343 499 1366 et
513 1339 672 1374 turpitudo;
695 1339 743 1367 sed
773 1348 835 1367 cum
851 1340 971 1368 Verbum

178 1384 226 1412 Dei
244 1385 360 1413 mortale
378 1385 479 1413 factum
494 1390 549 1417 est,
575 1394 631 1413 non
649 1387 759 1414 immani
778 1388 904 1422 corporis
931 1388 972 1414 iu-

176 1431 267 1458 liuxus
291 1429 355 1464 fuit,
385 1431 454 1460 bene
472 1439 539 1459 vero
568 1433 737 1460 sanctilicata
770 1441 818 1469 per
838 1433 970 1468 Spiritum

176 1484 260 1504 carne
277 1477 373 1504 matris
396 1481 499 1505 sanctae
519 1482 546 1505 et
559 1478 675 1513 virginis
701 1486 802 1514 corpus
817 1480 909 1506 anima
926 1487 971 1506 ra-

176 1521 271 1548 tionali
292 1526 320 1549 et
344 1522 508 1558 intelligenti
531 1524 673 1558 prmditum
690 1524 743 1552 sibi
763 1524 929 1553 cirumdedit
943 1529 970 1552 et

176 1568 239 1596 inde
254 1569 390 1603 processit
404 1578 410 1595 :
427 1577 508 1605 porro
533 1570 584 1605 ipsi
600 1571 667 1605 quid
682 1571 775 1606 probri
794 1576 841 1598 aut
859 1571 973 1599 dedeco-

177 1614 216 1640 ris
235 1617 308 1641 esset
320 1615 482 1649 _secundum
502 1623 613 1644 carnem
631 1618 707 1645 nasci
720 1618 779 1653 lege
800 1622 905 1646 natura:
920 1626 971 1646 cu-

182 1661 230 1695 jus
247 1661 305 1695 ipse
326 1666 434 1689 creator
453 1667 524 1694 erat,
546 1667 573 1691 et
598 1663 752 1699 piaculares
767 1672 817 1700 pro
837 1673 881 1692 me
903 1666 971 1693 tole-

178 1714 238 1733 rare
249 1714 344 1742 poenas
359 1707 437 1741 juxta
453 1708 538 1744 legem
554 1710 634 1744 cujus
645 1715 703 1738 erat
731 1711 790 1746 ipse
814 1710 971 1746 legislalor?

178 1752 284 1780 Etetiim
309 1753 540 1788 quemadmodum
556 1756 649 1782 omnia
674 1762 780 1784 naturae
801 1757 900 1785 honori
922 1758 971 1785 ha-

178 1799 261 1828 heus.
289 1804 415 1826 naturam
447 1805 570 1828 nostram
594 1802 697 1837 absque
717 1807 832 1838 peccato
862 1811 970 1831 assum-

179 1850 281 1880 pserat,
294 1845 329 1872 ita
338 1851 366 1873 et
380 1850 483 1874 statuta
492 1847 584 1883 inlege
599 1848 689 1875 omnia
703 1849 818 1884 accepit,
831 1849 888 1877 sive
901 1858 970 1885 qua-

177 1891 200 1918 si
225 1892 387 1928 pmdagogus
412 1892 472 1928 ipse
498 1893 732 1920 sanctiﬁcatorum
756 1902 771 1921 a
795 1894 888 1929 seipso
914 1895 970 1923 sol-

177 1945 242 1966 vens
263 1938 364 1971 debita,
380 1939 438 1967 sive
453 1939 635 1974 expiatoriam
661 1939 748 1975 legem
764 1939 925 1975 adimplens,
942 1947 970 1969 ct

178 1985 239 2011 ideo
260 1992 323 2012 cum
345 1985 388 2012 lex
415 1985 451 2012 ob
467 1985 653 2013 inﬁrmitatem
676 1986 791 2016 cedebat
807 1986 967 2024 perfectioni

177 2031 272 2064 gratiae
285 2039 366 2067 quam
382 2031 472 2058 attulit
484 2031 662 2067 Evangelium
680 2040 809 2068 suprema
840 2035 884 2071 pia
913 2035 969 2063 sol-

178 2085 255 2109 vens,
270 2082 300 2104 ut
311 2078 431 2112 loquitur
442 2077 552 2105 divinus
567 2077 696 2114 scriptor.

178 2165 215 2193 72
267 2164 409 2200 Postquam
449 2167 537 2202 magni
577 2167 685 2195 luminis
725 2169 896 2204 prcefulgente
926 2169 968 2196 lu-

759 2204 862 2240 [centa.
877 2209 931 2232 etc.

212 2259 283 2286 Ante
299 2257 407 2293 fulgens
419 2258 486 2286 solis
495 2259 599 2290 lumen,
609 2263 672 2288 ante
685 2259 766 2289 Verbi
779 2269 885 2295 vocem,
901 2263 970 2290 ami-

177 2311 228 2331 cus
239 2304 333 2340 sponsi
349 2311 522 2339 przecurrens
541 2305 692 2333 secundum
711 2307 882 2335 nativitatem
898 2316 969 2344 prae-

177 2350 301 2376 cucurrit
323 2352 350 2376 et
375 2350 532 2385 evangelica
558 2351 750 2386 praedicatione
763 2357 791 2380 et
821 2355 895 2389 regni
915 2362 971 2382 cce-

177 2397 265 2423 lorum
287 2395 504 2428 annuntiatione,
521 2403 573 2423 vox
586 2397 732 2426 clamantis
743 2398 771 2425 in
780 2398 890 2427 deserto
903 2408 969 2436 pro-

175 2448 210 2476 pe
229 2447 291 2468 esse
299 2439 384 2468 Deum
401 2445 429 2468 et
440 2441 580 2470 Christum
597 2450 698 2477 meum,
725 2444 760 2472 ad
787 2453 869 2474 aures
884 2454 971 2482 popu-

174 2487 266 2514 lorum
281 2488 515 2525 concurrentium.
527 2493 554 2516 et
569 2489 636 2517 istos
651 2490 794 2526 baptizans
809 2492 836 2519 in
850 2491 970 2521 Jordane

174 2531 210 2558 ad
225 2533 378 2568 parandum
403 2534 547 2563 adventum
568 2537 629 2572 ejus
652 2537 819 2572 puriﬁcatit.
850 2543 877 2567 et
909 2539 970 2575 Ipse

175 2579 269 2607 statim
284 2586 349 2606 voce
363 2582 544 2615 prmcursoris
563 2583 706 2611 nuntiatus
731 2589 758 2611 et
781 2585 968 2614 testimonium

175 2624 314 2658 accipiens
328 2625 438 2653 obviam
452 2627 526 2654 venit
542 2627 672 2664 Baptista;
681 2633 708 2657 et
724 2630 758 2657 ab
773 2631 970 2667 eobaptizatus

175 2673 231 2701 est,
252 2670 342 2706 majus
375 2679 458 2706 quam
491 2673 612 2702 Joannes
648 2682 663 2702 a
683 2673 788 2710 Spiritu
819 2676 910 2706 Patris
930 2683 971 2707 te-

174 2716 336 2744 stimonium
354 2717 460 2745 habuit.
476 2718 536 2754 Ipse
556 2720 662 2749 medius
675 2722 746 2749 viam
761 2724 885 2751 cucurrit
900 2725 970 2754 duos

174 2762 246 2790 inter
260 2764 386 2799 populos.
413 2765 490 2792 illum
508 2767 554 2801 qui
574 2775 658 2803 prope
680 2777 711 2796 ex
730 2768 823 2801 lsrael.
849 2775 876 2798 et
887 2771 970 2798 istum

173 2807 221 2842 qui
241 2808 347 2844 alonge
361 2813 420 2837 erat
435 2818 468 2838 ex
482 2812 610 2846 gentibus
628 2823 635 2840 :
663 2815 820 2842 communis
841 2815 914 2842 enim
943 2820 971 2844 et

172 2853 314 2890 angularis
328 2854 397 2890 l:-pis
411 2856 514 2885 electus
535 2861 561 2885 et
581 2859 719 2894 pretiosus
741 2858 821 2888 Iesus
837 2860 966 2891 Christus

856 111 1004 140 NICETAS
1021 111 1125 140 DAVID

1765 113 1822 142 708

1029 171 1097 207 Περὶ
1111 171 1192 199 αὐτὸν
1205 173 1259 208 γὰρ
1272 173 1318 199 τὸν
1332 173 1505 210 θεάνθρωπον
1516 174 1632 210 Χριστὸν
1642 175 1673 202 τὸ
1683 174 1734 210 τῆς
1750 175 1820 203 ἰδίας

1024 218 1123 249 κακίας
1140 218 1238 252 κράτος
1250 219 1296 245 καὶ
1311 219 1359 255 τὴν
1380 220 1525 255 τυραννίδα
1539 221 1552 247 ό
1573 220 1701 256 πανώλης
1717 220 1815 254 ἔμελλε

1022 263 1130 298 δράκων
1141 264 1269 297 ἑαλωκὼς
1279 265 1404 298 κατάξειν
1414 275 1444 293 τε
1455 267 1502 293 xui.
1512 267 1707 303 καταρράξειν,
1719 267 1796 293 ὥσπε
1800 275 1818 302 ρ

1022 309 1054 344 δὴ
1076 311 1124 336 καὶ
1145 309 1266 337 Θάλασσα
1285 311 1349 346 περὶ
1365 313 1494 347 τραχεῖαν
1511 312 1613 348 πέτραν
1630 314 1677 340 καὶ
1701 313 1818 349 ἰσχυρὰν

1023 355 1071 382 καὶ
1093 355 1231 382 ἀνένδοτον
1244 357 1274 383 τὸ
1290 357 1375 393 αὐτῆς
1387 357 1472 394 Δκῦμα
1490 359 1700 394 προσρὶ-σσουσα
1718 360 1816 386 περιά-

1023 409 1118 435 γνυται
1132 402 1179 429 καὶ
1195 402 1408 439 καταθραύεται.

1023 491 1059 518 60
1083 491 1132 524 Ὠς
1144 491 1252 526 ἐφάνη,
1268 491 1336 527 γαῖα
1345 491 1379 518 δὲ
1391 491 1440 518 καὶ
1456 492 1585 527 οὐρανὸς
1595 493 1669 528 ἀμφὶ
1685 493 1816 529 γενέθλη

1024 557 1054 584 6i
1077 557 1186 586 Σείετο.
1203 557 1264 585 κτλ.

1064 603 1094 630 '0
1109 603 1157 638 μὲν
1173 602 1219 629 τοῦ
1233 602 1345 636 ὑψίστου
1366 603 1433 630 Θεοῦ
1451 604 1597 640 μονογενὴς
1613 605 1699 639 Λόγος
1713 606 1758 632 τὸν
1774 607 1817 634 ιι-

1025 650 1141 685 ρημένον
1153 650 1300 685 ἀνδρωθεὶς
1312 650 1421 686 τρόπον,
1439 651 1486 677 καὶ
1500 652 1559 683 νέος
1579 651 1662 687 Ἀδὰμ
1677 652 1707 684 ἐξ
1729 653 1816 688 ἁγνῆς

1024 696 1071 722 xui.
1087 695 1261 730 ἁνυμφεύτου
1279 696 1364 732 κόρης
1375 696 1506 730 γεγονὼς,
1520 697 1587 729 Θεὸς
1599 698 1647 725 καὶ
1659 698 1814 733 ἄνθρωπος,

1024 742 1181 777 αὖτοπαγὴς
1194 741 1211 777 ἢ
1233 741 1438 773 αὐθυπόστατος
1459 742 1594 777 ὲπέφανεν
1613 743 1676 779 ημῖν
1686 752 1693 758 ·
1705 745 1746 770 ὅτι
1762 744 1785 770 δ’
1801 745 1816 771 ό

1024 788 1105 819 αὐτὸς
1131 788 1178 814 καὶ
1200 787 1267 820 Θεὸς
1288 787 1391 819 τέλειος
1414 788 1461 815 καὶ
1482 788 1584 821 τέλειος
1605 789 1747 825 ἄνθρωπος
1766 788 1814 826 ἦν,

1024 835 1122 871 πρῶτα
1134 835 1272 870 τεκμήρια
1287 834 1374 862 ταῦτα
1388 834 1572 867 ἁξιοθεώτατα
1584 836 1745 872 παρέσχετο.
1758 837 1815 863 Καὶ

1023 879 1077 913 γὰρ
1091 878 1149 913 ἅμα
1171 878 1278 913 πρῶτον
1293 878 1336 905 διὰ
1358 879 1511 914 γεννήσεως
1526 880 1655 914 ὲπέφανε,
1671 882 1718 908 καὶ
1737 881 1753 908 ό
1767 882 1814 908 οὐ·

1024 923 1102 960 ρανδς
1116 923 1198 955 εὐθὺς
1211 924 1356 960 ἀνεσείσθη
1374 924 1421 951 καὶ
1432 925 1448 960 ὴ
1461 925 1511 960 γῆ·
1525 926 1638 961 οὑρανὸς
1651 927 1700 962 μὲν
1711 927 1814 962 πλῆθος

1023 971 1153 1005 στρατιᾶς
1168 969 1298 1006 οὐρανίας
1319 971 1358 1002 είς
1374 970 1527 1005 δοξολογίαν
1550 972 1596 998 καὶ
1610 972 1713 1000 αἴνεσιν
1730 973 1815 1009 προῦ-

1023 1024 1116 1051 πεμπε
1140 1015 1178 1051 τῷ
1195 1016 1367 1052 γεννωμένῳ,
1387 1017 1404 1052 ὴ
1423 1016 1458 1052 γῆ
1477 1017 1505 1043 δὲ
1524 1018 1677 1050 σεσάλευτο,
1700 1019 1814 1054 ἀστέρος

1022 1061 1052 1094 ἐξ
1066 1061 1199 1097 ἀνατολῆς
1213 1062 1386 1097 ἀνασχόντος,
1402 1063 1449 1090 καὶ
1462 1063 1560 1099 μάγοις
1572 1063 1625 1090 τῶν
1640 1064 1753 1099 Περσῶν
1768 1064 1815 1100 βαι

1022 1107 1126 1135 σιλεῦσι
1140 1108 1304 1144 δωροψόροις
1316 1109 1356 1140 εἰς
1369 1109 1419 1145 τὴν
1437 1109 1568 1136 Ἰουδαίαν
1585 1110 1637 1145 γῆν
1654 1110 1812 1147 καθηγησα-

1024 1154 1104 1188 μένου
1116 1154 1164 1180 χαὶ
1182 1153 1232 1189 τὴν
1254 1154 1378 1190 Βηθλεὲμ
1390 1156 1430 1187 είς
1444 1156 1495 1191 τὴν
1515 1155 1561 1183 τοῦ
1581 1157 1719 1191 νεογενοῦς
1737 1157 1815 1192 βασι-

1021 1200 1090 1232 λέως
1112 1200 1298 1237 προσκύνησιν
1324 1201 1371 1228 καὶ
1384 1203 1477 1238 τιμήν.
1499 1202 1529 1229 '0
1546 1203 1594 1238 μὲν
1613 1202 1660 1230 οὖν
1679 1204 1728 1239 τῆς
1750 1204 1813 1236 νέας

1023 1245 1069 1271 καὶ
1083 1245 1213 1280 δευτέρας
1226 1245 1273 1272 τοῦ
1289 1246 1356 1281 ἐμοῦ
1371 1247 1490 1281 Χριστοῦ
1504 1249 1656 1283 γεννήσεως
1672 1249 1751 1283 λόγος
1765 1246 1812 1276 οὗ·

1022 1299 1067 1322 τος
1081 1290 1129 1316 καὶ
1140 1290 1210 1317 οὕτω
1223 1290 1343 1326 καθαρὸς
1356 1293 1403 1319 καὶ
1412 1292 1484 1319 οὕτω
1499 1293 1624 1329 λαμπρὸς
1637 1295 1684 1322 καὶ
1701 1295 1813 1331 θεοπρε-

1023 1337 1090 1373 πής·
1107 1337 1229 1372 ἄσχημον
1245 1337 1274 1364 δὲ
1296 1337 1313 1373 ἢ
1337 1338 1461 1374 ἀπρεπὲς
1477 1339 1524 1366 καὶ
1544 1339 1593 1375 τῆς
1617 1340 1813 1376 ἁγιοπρεπείας

1023 1382 1106 1410 αὐτοῦ
1123 1383 1231 1415 ἀνάξιον
1252 1383 1328 1410 οὐδέν
1338 1392 1344 1399 ·
1363 1383 1430 1419 μόνη
1443 1384 1497 1420 γὰρ
1518 1386 1695 1422 ἀσχημοσύνη
1711 1388 1759 1414 καὶ
1771 1388 1816 1413 αἱ·

1024 1430 1141 1465 σχρότης
1152 1431 1168 1465 ἡ
1186 1430 1308 1466 ἁμαρτία
1321 1430 1440 1466 ὑπάρχει
1454 1431 1554 1467 δηλαδή
1564 1440 1572 1447 ·
1586 1432 1626 1468 τῷ
1637 1433 1715 1468 Λόγῳ
1723 1433 1753 1461 δὲ
1765 1433 1812 1460 τοῦ

1023 1475 1091 1502 Θεοῦ
1102 1476 1152 1503 οὐκ
1164 1476 1322 1512 ἀνθρωπίνῃ
1334 1476 1460 1512 σώματος
1471 1477 1547 1512 ῥύσει
1565 1478 1737 1515 βροτουμένῳ
1747 1488 1753 1494 ·
1768 1480 1812 1507 αὑ-

1023 1522 1068 1554 τὺς
1086 1522 1141 1557 γὰρ
1156 1522 1259 1554 ἐκεῖνος
1272 1522 1305 1549 ὲκ
1320 1522 1422 1558 σαρκὸς
1435 1523 1601 1560 ήγνισμένης
1616 1525 1655 1560 τῷ
1673 1526 1812 1561 ῐῙνεύματι

1024 1568 1071 1594 καὶ
1083 1567 1200 1603 μητέρος
1217 1567 1297 1602 ἁγίας
1307 1568 1354 1595 καὶ
1368 1568 1534 1605 παρθενικῆς
1544 1570 1633 1606 ἑαυτῷ
1649 1571 1729 1607 σῶμα
1739 1573 1810 1608 ψυχῇ

1023 1613 1119 1649 λογικῇ
1132 1614 1179 1640 καὶ
1189 1614 1270 1649 νοερᾷ
1281 1613 1421 1649 χρώμενον
1433 1615 1654 1651 περιπηξάμενος
1667 1617 1810 1653 προῆλθεν

1024 1660 1113 1696 τούτῳ
1130 1659 1157 1694 γ’
1170 1658 1216 1687 οὖν
1231 1661 1307 1692 ποῖος
1322 1661 1416 1696 μῶμος
1429 1661 1446 1696 ἦ
1461 1659 1554 1697 αῐσχος
1567 1663 1638 1690 κατὰ
1651 1664 1740 1700 σάρκα
1752 1674 1813 1699 γεν-

1023 1706 1136 1742 νωμένῳ
1147 1706 1221 1742 νόμῳ
1234 1707 1284 1742 τῆς
1304 1706 1422 1742 φύσεως,
1436 1705 1470 1743 ἦς
1483 1708 1564 1740 αὐτὸς
1584 1709 1751 1746 δημιουργὸς
1766 1709 1811 1747 ἦν,

1023 1752 1070 1778 καὶ
1087 1752 1243 1788 καθαρσίων
1269 1753 1340 1788 ὑπὲρ
1359 1753 1426 1788 ἐμοῦ
1449 1754 1605 1791 ἀνεχομένῳ
1631 1756 1702 1783 κατὰ
1720 1758 1811 1793 νόμον,

1022 1795 1052 1825 οὗ
1067 1797 1216 1833 νομοθέτης
1229 1798 1309 1830 αὐτὸς
1322 1796 1370 1834 ἦν;
1387 1799 1442 1825 Καὶ
1455 1800 1510 1836 γὰρ
1529 1800 1622 1837 ὥσπερ
1640 1802 1676 1829 τὰ
1695 1803 1745 1838 τῆς
1760 1804 1811 1838 φύ-

1023 1853 1092 1876 σεως
1105 1845 1194 1871 πάντα
1212 1845 1311 1880 τιμῶν,
1328 1845 1377 1881 τὴν
1393 1846 1472 1882 ἡμῶν
1485 1848 1565 1882 φύσιν
1576 1849 1660 1884 χωρὶς
1675 1850 1811 1885 ἁμαρτίας

1022 1890 1204 1917 καταδέδεκτο
1215 1899 1222 1906 ·
1238 1891 1309 1918 οὕτω
1323 1891 1371 1918 καὶ
1389 1892 1425 1919 τὰ
1447 1895 1669 1930 προστεταγμένα
1682 1895 1720 1931 τῷ
1737 1896 1811 1932 νόμῳ

1022 1935 1112 1962 πάντα
1127 1935 1298 1968 κατεδέξατο,
1317 1937 1333 1972 ἢ
1349 1937 1386 1969 ὼς
1407 1939 1572 1975 παιδαγωγῷ
1588 1939 1645 1967 ὄντι
1666 1941 1720 1967 τῶν
1733 1942 1812 1976 ἡγια-

1023 1981 1128 2015 σμένων
1146 1982 1192 2008 ὐπ’
1204 1981 1277 2017 αὐτῷ
1288 1981 1322 2009 τὰ
1336 1982 1489 2019 θρεπτήρια
1507 1985 1756 2022 ἁποτιννύμενο;,ἦ
1774 1987 1811 2018 ὡς

1022 2028 1207 2064 ὑποχωροῦντι
1233 2028 1277 2055 διὰ
1298 2029 1348 2063 τὴν
1371 2026 1495 2057 ἀτέπειαν
1517 2032 1550 2066 τῇ
1566 2031 1616 2067 τῆς
1635 2033 1746 2068 χάριτος
1765 2032 1810 2059 τοῦ

1022 2073 1188 2108 Εὑαγγελίου
1202 2073 1351 2108 τελειότητι
1366 2074 1400 2101 τὰ
1419 2077 1646 2113 προπεμπτήρια,
1667 2077 1704 2109 ὣς
1730 2087 1812 2113 φησιν

1021 2118 1035 2143 ὁ
1048 2117 1235 2151 θεόπνευστος,
1250 2119 1456 2154 ἀφοσιούμενος.

1023 2172 1056 2199 72
1073 2173 1172 2207 Αὐτὰρ
1196 2173 1261 2199 ἐπεὶ
1284 2173 1427 2208 μεγάλοιο
1453 2175 1549 2210 φάους
1569 2177 1729 2248 ἐριῐιαμπέῑ
1749 2180 1809 2240 1.ch-

1625 2222 1696 2247 χνῳ,
1715 2223 1748 2240 κτ
1767 2234 1773 2241 .

1625 2222 1696 2247 χνῳ,
1715 2222 1773 2241 κτλ.

1061 2264 1138 2291 Ἐπεὶ
1153 2264 1191 2296 δὲ,
1205 2266 1288 2300 φησὶν
1305 2267 1320 2292 ό
1336 2266 1571 2302 θεολογικώτατος,
1592 2269 1631 2305 τῷ
1644 2272 1808 2307 φαεινοτάτῳ

1019 2310 1109 2346 λύχνῳ
1127 2311 1174 2337 τοῦ
1186 2311 1273 2347 ἡλίου,
1297 2313 1329 2348 τῇ
1344 2314 1419 2349 φωνῇ
1445 2314 1490 2341 τοῦ
1506 2315 1604 2349 Λόγου,
1617 2315 1656 2352 τῷ
1677 2317 1747 2352 φίλῳ
1763 2318 1808 2344 τοῦ

1019 2359 1147 2394 νυμφίου,
1159 2359 1336 2394 προτρέχοντι
1348 2360 1418 2387 κατὰ
1426 2360 1475 2395 τὴν
1487 2361 1621 2398 γέννησιν,
1633 2363 1808 2400 προτρέχοντι

1020 2405 1091 2433 κατὰ
1110 2405 1160 2440 τὴν
1176 2405 1356 2441 εὐαγγελικὴν
1368 2405 1479 2442 διδαχὴν
1493 2407 1540 2433 καὶ
1557 2408 1605 2444 τῆς
1623 2409 1676 2435 τῶν
1689 2409 1809 2444 οὐρανῶν

1021 2450 1159 2486 βασιλείας
1177 2451 1354 2487 ἀνακήρυξιν,
1369 2452 1418 2479 καὶ
1433 2453 1462 2479 ὲν
1477 2453 1573 2489 ἐρήμῳ
1597 2454 1667 2491 μέσῃ
1684 2455 1729 2482 τὸν
1745 2456 1808 2491 ἐμὸν

1020 2498 1086 2524 Θεὸν
1101 2497 1147 2524 καὶ
1163 2497 1280 2532 Χριστὸν
1295 2497 1416 2532 ἐγγίζειν
1433 2498 1528 2533 βοῶντι
1543 2499 1612 2535 πρὸς
1626 2501 1690 2533 τοὺς
1705 2502 1748 2528 ἐπ’
1759 2503 1807 2528 αὺ-

1019 2543 1065 2570 τὸν
1080 2542 1272 2579 συντρέχοντας
1284 2543 1376 2576 λαοὺς,
1387 2544 1434 2576 οὓς
1445 2545 1491 2572 καὶ
1503 2545 1642 2581 βαπτίζων
1653 2547 1683 2574 ὲν
1692 2547 1731 2582 τῷ
1749 2548 1809 2584 Ἰορ-

1019 2590 1086 2626 δάνῃ
1111 2590 1178 2625 πρὸς
1200 2589 1249 2626 τὴν
1272 2590 1406 2627 ὑποδοχὴν
1426 2592 1530 2618 ἐκείνου
1553 2593 1748 2630 προεκάθαιρε,
1764 2596 1808 2622 καὶ

1019 2635 1100 2666 αὐτὸς
1113 2634 1213 2667 εὐθέως
1220 2635 1314 2662 λοιπὸν
1326 2637 1340 2662 ό
1351 2637 1550 2672 κηρυττόμενος
1560 2639 1607 2665 καὶ
1620 2640 1807 2676 μαρτυρούμε-

1021 2689 1065 2711 νος
1079 2680 1118 2716 τῷ
1135 2680 1292 2716 βαπτίζοντι
1305 2683 1458 2717 παραστὰς,
1473 2684 1520 2710 καὶ
1531 2683 1688 2719 βαπτισθεὶς
1703 2687 1748 2713 ὑπ’
1763 2688 1806 2714 αὖ·

1020 2725 1078 2759 τοῦ,
1097 2727 1181 2761 μείζω
1207 2727 1235 2754 δὲ
1251 2727 1302 2762 τῆς
1322 2728 1446 2755 Ἰωάννου
1465 2730 1513 2766 τὴν
1535 2731 1671 2766 πατρόθεν
1696 2733 1748 2759 ὑπὸ
1762 2733 1807 2759 τοῦ

1021 2772 1179 2808 Πνεύματος
1191 2774 1418 2811 καταδεδεγμένος
1431 2777 1592 2813 μαρτυρίαν,
1604 2779 1686 2811 αὐτὸς
1696 2780 1745 2815 μὶν
1756 2780 1807 2806 τῶν

1021 2819 1068 2845 δύο
1077 2819 1158 2854 μέσος
1167 2821 1334 2857 πεπόρευται
1344 2822 1427 2855 λαῶν,
1438 2823 1484 2850 τοῦ
1492 2833 1521 2850 τε
1533 2824 1646 2860 πλησίον
1659 2826 1688 2859 ἐξ
1703 2826 1808 2864 Ἰσραὴλ

1020 2864 1127 2894 καὶτοῦ
1142 2865 1284 2903 πόρρωθεν
1294 2868 1406 2904 ἥκοντος
1421 2870 1452 2897 ὲκ
1466 2869 1521 2897 τῶν
1535 2870 1630 2899 ἐθνῶν.
1646 2872 1742 2905 Κοινδς
1754 2873 1807 2910 γὰρ
