1936 3042
118 114 171 143 τοο

121 176 168 201 καὶ
194 172 391 209 ἀκρογωνιαῐος
412 171 485 203 λίθος
511 170 637 203 ἑκλεκτδς
659 172 706 199 καὶ
731 172 838 208 ἔντιμος
857 173 909 207 Ἰη-

123 220 186 251 σοῦς
201 220 215 244 ὁ
228 217 345 253 Χριστὸς
360 218 389 244 ὲν
405 219 437 253 τῇ
455 217 523 244 Σιὼν
539 217 630 253 ἐτέθη.
645 218 687 252 ἐφ’
708 218 802 245 ἑαυτὸν
817 218 911 245 ἑκατέ-

121 274 185 301 ρους
200 265 239 296 είς
259 264 287 289 ἓν
304 263 420 290 συνδέων
434 264 496 295 τοὺς
518 263 615 295 λαούς·
637 264 731 298 ὥσπερ
751 265 780 291 δὲ
802 264 912 299 πνεῦμα

118 308 153 346 ἦν
172 311 187 336 ό
201 310 281 341 αὐτὸς
297 309 345 336 καὶ
356 309 432 344 σὰρξ,
446 309 516 335 οὕτω
533 310 579 336 καὶ
590 309 722 344 κάθαρσιν
738 311 793 341 τοῖς
806 309 910 345 ἀνθρώ-

119 365 182 388 ποις
203 356 352 391 παρέχεται
373 355 475 390 διττὴν,
490 356 539 390 τήν
553 363 583 381 τε
602 355 649 381 τοῦ
669 355 770 387 ζῶντος
784 355 911 390 Πνεῦμα.-

118 411 176 433 τος.
193 398 215 435 ᾧ
227 402 273 428 καὶ
285 402 315 428 τὸ
330 401 400 437 ὕδωρ
415 400 461 427 τοῦ
478 400 664 436 βαπτίσματος
685 401 806 428 κάτωθεν
824 401 909 436 παρέ-

119 456 210 479 πεται,
221 446 272 481 τήν
283 455 313 474 τε
327 446 373 473 τοῦ
386 447 500 481 αἵματος
508 446 626 482 Χριστοῦ
637 447 684 473 τοῦ
695 447 824 481 χυθέντος
838 447 908 483 ὑπὲρ

120 494 198 529 ήμῶν
211 494 240 520 ὲν
252 493 291 528 τῷ
301 492 408 528 σταυρῷ
422 500 428 506 ·
437 492 515 519 τοῦτό
529 493 588 519 ἐστι
601 493 631 519 τὸ
641 489 709 528 αἷμα
719 493 736 528 ἡ
751 492 800 527 τῆς
812 493 909 529 διαθή-

119 548 172 575 κης
187 540 237 575 τῆς
249 539 345 574 καινῆς
357 539 484 574 σφραγὶς,
498 539 512 565 ὂ
523 539 555 575 δὴ
570 539 662 574 ρύσιόν
679 547 707 565 τε
723 539 769 566 καὶ
784 538 909 575 λυτήριον

118 587 174 613 τῶν
184 586 231 613 τοῦ
247 585 417 621 προπάτορός
439 586 514 612 ἐστιν
532 585 688 621 ἀρχεγόνων
704 586 810 618 παθῶν,
832 586 910 613 τοῦτο

119 652 155 680 82
173 652 207 678 Et
219 651 278 686 μὲν
292 650 330 685 δὴ
342 651 385 686 μὴ
403 650 528 685 τρεπτὸς
548 651 604 684 ἔην
622 651 743 685 βροτὸς,
758 651 826 679 ἀλλ’
838 651 909 679 ἀδά-

658 686 795 722 [μιιστος,
811 687 870 715 κτλ.

156 745 188 771 Εἰ
202 743 310 780 ἀληθῶς
321 743 375 779 ἄρα
387 743 417 770 οὐ
429 743 546 779 τρεπτὺς
558 743 627 770 ἀλλὰ
639 744 774 779 ἄτρεπτος
785 744 832 771 καὶ
844 745 910 780 ἀμε-

117 790 249 826 τακλινὴς
265 789 310 816 ἐπὶ
329 789 359 816 τὸ
374 791 463 825 χεῖρον
478 789 565 824 ἔγωγε
581 790 740 825 πέπλασμαι
756 791 788 817 ἐκ
801 790 909 826 προσώ-

120 846 173 864 που
184 837 234 872 τῆς
252 836 471 872 ἀνθρωπότητος,
490 837 506 871 ή
524 836 684 872 θεοῤῥήμων
699 836 809 871 γλῶσσά
830 846 906 871 φησι.

121 883 203 918 μόνος
214 883 247 910 ἂν
261 883 375 919 ἐδεόμην
386 882 436 918 τῆς
448 882 630 918 σταυριώδους
645 882 693 909 τοῦ
709 882 775 909 Θεοῦ
788 883 907 918 ἐντολῆς·

120 929 137 964 ἥ
150 929 373 965 περιφρουροῦσα
380 929 427 956 καὶ
436 929 559 961 σώζουσα
567 930 607 961 εὶς
617 929 687 965 μέγα
697 929 730 957 ἄν
742 938 775 964 με
790 931 909 966 προῆγεν

119 975 227 1011 ὺψοῦσα
241 975 320 1009 δόξης
341 983 371 1001 τε
394 974 440 1001 καὶ
459 976 558 1010 τιμῆς’
577 975 624 1001 νῦν
640 975 668 1002 δὲ
683 975 775 1012 ἐπειδὴ
802 977 850 1011 οὐχ
872 976 910 1008 ὡς

119 1020 188 1046 Θεὸν
205 1020 381 1055 ἀμετάθετον,
403 1020 460 1047 ἀλλ’
474 1020 511 1052 ὼς
537 1020 605 1051 ζῶον
630 1020 738 1047 ἔκτισεν
760 1021 909 1056 εὐμετάϐο-

121 1066 178 1097 λον,
189 1067 333 1102 ἀμφιρεπῆ
347 1075 377 1092 τε
388 1065 478 1093 κλιτόν
489 1074 528 1097 τε,
544 1066 587 1092 ἐπ’
596 1066 697 1101 ἀρετήν
709 1074 738 1092 τε
752 1066 798 1093 καὶ
811 1067 910 1094 κακίαν

119 1113 222 1147 ὁμοίως
237 1112 330 1149 ῥέπειν
347 1112 394 1139 καὶ
411 1110 608 1143 ὲπικλίνεσθαι,
622 1112 775 1147 ὁποτέρωσε
797 1113 908 1146 νεύσειε,

120 1158 278 1192 δυνάμενον,
292 1157 337 1184 διὰ
349 1156 429 1184 τοῦτο
439 1158 485 1184 καὶ
500 1157 605 1184 πλείοσι
621 1157 789 1193 βοηθήμασιν
800 1158 838 1190 ὡς
853 1159 911 1193 φιλ-

120 1203 222 1237 άγαθος
241 1203 435 1239 ὑποστηρίζει·
452 1204 506 1230 τῶν
531 1203 711 1240 βοηθημάτων
725 1204 753 1231 δὲ
768 1204 797 1231 ἓν
812 1205 859 1232 καὶ
879 1205 910 1232 τδ

120 1249 266 1276 κάλλιστον
332 1249 377 1276 διὰ
402 1249 514 1285 λουτροῦ
543 1250 590 1276 καὶ
616 1250 803 1286 βαπτίσματος
830 1252 910 1288 χάρις

121 1295 207 1322 ἐστίν.
218 1295 272 1322 Καὶ
284 1296 336 1331 γὰρ
348 1295 377 1322 ὂν
388 1295 489 1330 τρόπον
500 1295 634 1331 Ἐϐραίων
644 1288 738 1328 παίδές
748 1305 813 1323 ποτε
822 1297 909 1333 ἀμνοῦ

119 1341 221 1375 ἀλόγου
237 1340 277 1376 τῷ
289 1341 385 1376 αἵματι
395 1341 444 1373 τὰς
457 1341 511 1368 τῶν
526 1341 619 1368 οἰκιῶν
637 1342 793 1377 ἀλείφοντες
809 1343 838 1370 ὲν
853 1352 911 1370 συν-

121 1386 355 1422 τάγματιΚυρίου
369 1387 459 1421 φλιάς,
475 1387 518 1414 ὅτε
528 1388 581 1414 πᾶν
597 1388 768 1423 πρωτογενὲς
784 1389 812 1414 ἐν
828 1389 912 1423 Αίγύ-

121 1442 183 1469 πτῳ
197 1433 251 1460 ἀπὸ
267 1433 410 1468 ἀνθρώπου
424 1434 476 1465 ἕως
492 1434 606 1469 κτήνους
621 1435 650 1460 ὲν
662 1435 720 1470 ’μιᾷ
732 1435 912 1472 ὲξανῃροῦντο

121 1480 212 1512 νυκτὶ,
221 1480 282 1506 τότε
293 1477 365 1507 οὗτοι
381 1479 419 1515 τῷ
431 1480 537 1516 τυπικῷ
548 1480 678 1516 χρίσματι
689 1481 785 1516 ἐκείνῳ
795 1481 843 1517 τὴν
859 1482 912 1508 ἀπὸ

121 1527 170 1554 τοῦ
190 1527 351 1563 ὀλοθρευτοῦ
363 1527 453 1564 λύμην
468 1527 651 1563 διεδίδρασκον
663 1535 669 1543 ·
684 1527 755 1554 οὔτω
765 1528 850 1563 κάμοὶ
865 1527 911 1554 τοῦ

120 1572 210 1609 ἀμνοῦ
224 1572 272 1599 τοῦ
287 1573 354 1599 Θεοῦ
368 1572 414 1600 τοῦ
430 1572 480 1608 τὴν
501 1573 637 1609 ἁμαρτίαν
654 1573 778 1608 αῐροντος
797 1574 845 1600 τοῦ
864 1574 911 1600 κό-

123 1627 193 1653 σμου
211 1617 243 1644 τὺ
254 1617 362 1653 πνεῦμα
375 1618 422 1644 καὶ
434 1619 464 1644 τὸ
473 1615 543 1653 αἷμα
559 1617 688 1652 Χριστοῦ,
705 1618 822 1654 σφραγὶς
835 1618 912 1654 θεόρο

123 1665 205 1699 ρυτος
215 1664 261 1690 καὶ
273 1663 342 1698 ἴαμα
357 1663 528 1695 ἀλεξίκακον,
545 1663 583 1699 τῷ
596 1673 626 1690 τε
640 1664 677 1700 νῷ
693 1665 741 1691 καὶ
753 1664 792 1700 τῷ
807 1664 912 1700 σώματι

121 1709 161 1741 ὡς
183 1709 260 1735 οἴκου
284 1709 374 1744 φλιαῖς
396 1709 491 1745 νοητοῦ
513 1710 660 1746 χριομένῳ,
678 1710 839 1746 χρηματίζει
866 1711 913 1737 καὶ

123 1756 259 1783 παντοίων
290 1755 473 1791 ἀποτρόπαιον
497 1755 686 1783 ἀποδείκνυται
717 1756 820 1783 κακῶν.
851 1757 912 1789 Τοῖς

125 1803 174 1837 μὲν
203 1800 248 1829 οὖν
277 1802 315 1834 ὡς
344 1801 451 1828 ἀτελέσι
480 1801 525 1828 καὶ
557 1802 663 1837 νηπίοις
690 1802 720 1829 τὸ
745 1802 867 1834 τυπικῶς
895 1802 912 1838 ἢ

125 1847 249 1879 σκιωδῶς
280 1849 339 1874 ἐκεῖ
367 1847 590 1883 παρειλημμένον
612 1848 716 1883 χρίσμα
738 1849 856 1884 τυπικήν
883 1857 913 1874 τε

124 1894 173 1920 καὶ
200 1893 367 1930 πρόσκαιρον
393 1893 481 1920 εῖτουν
510 1894 669 1929 σωματικὴν
696 1894 831 1930 σωτηρίαν
856 1896 914 1926 τοῖς

125 1939 280 1976 χριομένοις
297 1938 471 1965 ὑπετείνατο·
499 1939 624 1966 ἐνταυθοῖ
647 1940 674 1966 δὲ
698 1941 714 1975 ή
737 1941 782 1967 διὰ
801 1940 913 1977 λουτροῦ

125 1985 336 2020 παλιγγενεσίας
352 1985 477 2020 διδομένη
499 1986 578 2021 χάρις
593 1985 639 2012 τοῦ
654 1986 810 2021 Πνεῦματος
825 1987 872 2014 καὶ
884 1987 915 2014 τὸ

124 2031 171 2058 τοῦ
189 2030 338 2065 φωτοδότου
353 2028 422 2066 αἷμα
445 2031 532 2067 Ἰησοῦ
550 2031 649 2067 ἀρίστη
669 2031 772 2065 γίνεται
797 2032 915 2068 σφραγὶς

124 2078 173 2104 καὶ
187 2077 323 2112 ἀσφάλεια.
339 2077 456 2112 μυστικὴ
472 2077 530 2109 νοὸς
544 2078 592 2104 καὶ
613 2077 701 2113 ψυχῆς
715 2078 762 2105 καὶ.
777 2078 913 2113 σώματος,

124 2121 181 2150 οἷὸν
196 2132 239 2155 τις
253 2123 382 2159 ἀρῤαὸὼν
399 2123 473 2158 ζωῆς
489 2123 598 2150 αἰωνίου
613 2125 660 2150 καὶ
680 2124 851 2151 ἀκαταλύτου
867 2124 915 2159 βα-

125 2168 246 2201 σιλείας,
270 2171 327 2201 τοῖς
352 2169 438 2202 ἀξίοις
461 2169 645 2204 λαμὸάνουσιν
669 2170 865 2206 βραὸευομένη·
885 2171 914 2198 ἐν

124 2215 202 2251 αὑτῷ
214 2216 268 2251 γὰρ
281 2216 319 2251 τῷ
331 2216 378 2242 τοῦ
396 2215 482 2251 ἀμνοῦ
495 2215 541 2243 τοῦ
555 2216 623 2243 Θεοῦ
638 2217 779 2252 χρίσματι,
798 2216 846 2243 τοῦ
862 2216 908 2252 βά-

125 2261 190 2292 θους
204 2261 253 2296 τῆς
272 2260 360 2295 λύπης
380 2260 427 2287 καὶ
447 2260 499 2295 τῆς
521 2260 711 2294 ἀπογνώσεως.
739 2260 787 2288 καὶ
807 2261 839 2296 δὴ
866 2262 914 2288 καὶ

123 2306 173 2334 τοῦ
195 2307 244 2342 τῆς
261 2307 398 2342 ἁμαρτίας
413 2305 512 2342 βάρους
536 2306 607 2333 κατὰ
624 2306 721 2341 μικρὸν
735 2306 914 2341 ἀνακουφιζό-

126 2360 214 2388 μενοι,
234 2352 280 2378 καὶ
294 2352 340 2378 τὺν
355 2352 456 2387 αὐχένα
469 2352 653 2383 ἀνατείνοντες
662 2352 711 2387 τῆς
724 2352 824 2387 ψυχῆς,
843 2353 915 2387 πρὸς

123 2400 174 2435 τὴν
191 2399 316 2435 οὐράνιον
333 2398 404 2434 ζωὴν
420 2398 469 2430 τὰς
491 2399 603 2435 πορείας
623 2399 844 2434 κατευθυνόμεθα
866 2398 914 2425 τοῦ

124 2445 183 2472 νοῦ.
202 2445 257 2471 Καὶ
272 2443 326 2479 γὰρ
341 2444 434 2479 ὥσπερ
456 2444 606 2480 όδοιπὸρος,
623 2443 775 2478 ἐπιτηδείου
797 2442 916 2470 καταλύ-

126 2498 213 2524 ματος
241 2488 432 2525 εὐμοιρηκὼς,
458 2489 505 2515 καὶ
527 2488 581 2515 τῶν
612 2489 704 2515 κόπων
730 2488 914 2521 ἀναπνεύσας,

124 2534 211 2570 νεαρᾷ
228 2533 366 2568 προθυμίᾳ
380 2533 426 2559 καὶ
448 2532 633 2568 συντονωτέρᾳ
652 2532 718 2568 πρὸς
737 2532 768 2559 τὸ
789 2532 853 2567 ἑξῆς
867 2532 917 2568 τῆς

125 2579 240 2615 πορείας
262 2578 439 2610 διανίσταται,
459 2577 530 2604 οὕτω
553 2578 600 2605 καὶ
624 2579 638 2604 ὸ
659 2578 708 2613 τῆς
733 2578 844 2613 χάριτος
868 2577 916 2604 τοῦ

126 2625 206 2660 ἁγίου
232 2624 389 2660 Πνεύματος
404 2624 451 2651 καὶ
473 2624 587 2660 αἵματος
609 2624 639 2651 ἐν
662 2623 787 2660 αἰσθήσει
802 2624 917 2660 καρδίας

125 2671 174 2699 καὶ
201 2670 292 2697 πίστει
316 2669 412 2705 βεσαίᾳ
431 2669 633 2705 κατηξιωμένος
647 2669 694 2695 τοῦ
713 2668 844 2705 Χριστοῦ,
860 2668 915 2695 τῶν

125 2726 155 2745 τε
179 2716 335 2743 λυπούντων
357 2717 494 2747 ἁπάντων,
512 2715 566 2742 τῶν
581 2724 611 2742 τε
625 2714 795 2751 βαρυνόντων
810 2715 915 2751 νοητῶς

127 2764 144 2798 ἢ
158 2763 206 2791 καὶ
218 2762 367 2799 ὁρωμένως
382 2763 412 2789 τὸ
424 2762 504 2798 ἄχθος
517 2763 564 2789 καὶ
581 2763 630 2797 τῆς
645 2762 760 2797 ὰκηδίας
776 2761 821 2789 τὸν
834 2762 917 2797 δγκον

129 2807 383 2842 ἀποσκευαζόμενος
395 2808 442 2835 καὶ
455 2807 661 2844 ἀνανεούμενος,
676 2808 813 2840 εὐσταλῶς
826 2817 855 2835 τε
870 2809 917 2835 καὶ

130 2854 328 2890 πεπονημένως
353 2853 420 2890 πρὸς
441 2855 490 2888 τὰς
509 2855 654 2891 ἀγαπητὰς
677 2854 724 2883 τοῦ
743 2853 798 2883 τῶν
819 2855 916 2890 φώτων

637 113 670 141 ΙΝ
687 113 842 141 CARMINA
859 112 998 142 ARCANA
1019 114 1048 142 S.
1061 112 1239 143 GREGOR‘II.

1698 117 1752 145 710

961 174 987 200 in
1005 172 1069 201 Sion
1078 174 1183 209 positus
1198 173 1281 206 est,in
1293 172 1386 208 seipse
1399 177 1548 209 utrumque
1564 174 1689 202 adunans
1704 183 1753 210 po.

965 219 1083 254 pulum;
1114 225 1141 248 et
1160 222 1232 247 sicut
1252 223 1311 248 erat
1339 220 1397 254 ipse
1424 219 1543 254 Spit-itus
1565 226 1592 248 et
1618 228 1694 252 caro.
1713 224 1754 249 sic

965 265 1122 292 hominibus
1131 265 1265 300 duplicem
1278 266 1495 300 puriﬁcationem
1513 267 1625 301 praebet.
1638 268 1751 294 alteratn

963 311 1077 346 spiritus
1102 311 1164 338 vita:
1187 320 1267 347 quem
1287 312 1412 346 sequitur
1432 319 1447 338 a
1480 317 1551 339 terra
1580 313 1754 347 baptismatis

962 363 1044 391 aqua,
1065 357 1178 384 alteram
1197 357 1339 393 sanguinis
1351 358 1453 384 Christi
1466 366 1548 393 super
1561 367 1610 386 nos
1629 359 1656 388 in
1670 365 1752 386 cruce

962 401 1040 429 eﬁ‘usi
1058 412 1066 430 :
1081 403 1125 430 hic
1137 404 1260 439 sanguis,
1279 404 1342 431 nori
1358 405 1511 432 testamenti
1534 404 1632 436 fcedtts.
1658 405 1753 440 piacu-

963 448 1018 474 lum
1032 452 1059 475 et
1075 449 1226 484 redemptio
1239 449 1414 484 originalium
1427 450 1595 477 macularum
1609 451 1688 485 primi
1705 458 1753 486 pa-

963 494 1014 521 tris
1042 494 1094 521 hoc
1125 495 1244 529 pretium
1277 495 1402 522 funditur
1429 495 1631 530 puriﬁcationi:
1666 497 1752 524 totius

963 539 1069 567 mundi.

929 586 976 613 καὶ
983 586 1079 622 λύτρον
1091 586 1161 622 ὑπὲρ
1169 586 1230 613 ὅλον
1249 586 1409 622 καθάρσεως
1424 587 1535 622 κέχυται
1547 587 1593 614 τοῦ
1604 588 1716 624 κόσμου.

961 652 997 679 82
1023 651 1154 687 Equidem
1183 653 1207 679 si
1230 661 1282 679 non
1303 660 1387 680 essent
1420 653 1496 680 homo
1519 654 1682 687 inconstans.
1707 655 1754 683 sed

1496 689 1680 723 immutabilis,
1698 697 1751 718 etc.

997 743 1138 780 Siquidem
1153 753 1216 773 vere
1228 746 1368 774 versatilis
1384 746 1431 774 sed
1441 751 1468 774 et
1481 755 1536 774 non
1550 747 1686 774 versatilis
1703 756 1754 775 nec

961 798 1074 818 cessans
1096 791 1129 818 ad
1150 792 1243 827 pejora
1263 800 1365 826 pronus
1384 800 1447 821 esse
1468 792 1620 828 plasntatus
1645 801 1705 821 sum
1724 799 1754 821 ut

962 836 1053 868 homo,
1066 835 1157 870 lingua
1173 837 1291 871 theologi
1306 837 1447 871 praedicat,
1463 837 1548 864 solitts
1559 838 1669 873 egebam
1684 847 1753 874 prm-

961 881 1032 915 cepti
1047 881 1080 908 de
1096 880 1151 908 Deo
1169 882 1301 908 cruciﬁxo
1320 891 1327 909 :
1342 882 1414 917 qttod
1433 883 1633 919 cireumlegens
1649 890 1675 911 et
1698 885 1754 911 sni-

960 934 1027 953 vans
1042 934 1085 953 me
1100 927 1202 954 cxaltat
1221 931 1247 954 et
1264 927 1339 954 ducit
1353 927 1386 954 ad
1405 928 1532 962 gloriaeet
1550 929 1662 958 honoris
1678 938 1753 957 sum-

961 978 1044 998 ntum.
1067 971 1120 998 Sed
1142 979 1215 999 nunc
1242 971 1286 1006 qui
1314 980 1357 999 me
1371 973 1476 999 creavit
1498 981 1552 1001 non
1573 974 1644 1001 sicut
1669 974 1754 1002 Deum

960 1016 1168 1050 immutabilem,
1179 1017 1251 1045 bette
1261 1026 1324 1046 vero
1337 1019 1408 1046 sicut
1418 1020 1536 1046 attimam
1546 1020 1680 1047 viventem
1694 1029 1753 1048 mu-

961 1062 1056 1090 tationi
1072 1063 1231 1096 obnoxium,
1256 1068 1401 1098 utramque
1411 1064 1444 1090 ad
1469 1068 1573 1099 partem
1587 1073 1752 1100 propensum

960 1111 987 1134 et
1007 1107 1166 1135 inclinatum
1179 1116 1186 1141 ;
1200 1113 1227 1136 et
1243 1109 1368 1136 similiter
1383 1109 1571 1138 iuclinationis
1581 1115 1608 1138 et
1619 1113 1753 1139 trahentis

960 1154 1107 1189 voluptatis
1124 1155 1158 1182 ad
1180 1155 1309 1182 virtutem
1332 1163 1409 1191 atque
1427 1164 1459 1183 ac
1475 1157 1507 1183 ad
1528 1158 1657 1185 malitiam
1681 1167 1752 1194 quo"

961 1207 1066 1234 cunque
1080 1207 1141 1227 sors
1154 1204 1236 1232 esset,
1249 1208 1395 1236 capacem,
1415 1201 1520 1228 idcirco
1534 1202 1662 1230 virtutum
1678 1211 1754 1230 ama-

961 1248 1003 1272 tor
1013 1245 1137 1280 pluribus
1154 1246 1265 1273 auxiliis
1275 1245 1420 1273 conﬁrmat
1433 1254 1440 1273 :
1453 1253 1571 1281 quorum
1589 1248 1752 1275 auxiliorum

962 1300 1045 1320 unum
1058 1293 1260 1328 pulchritudine
1278 1297 1388 1328 praestat
1404 1292 1496 1320 Gratia
1513 1301 1560 1328 per
1574 1294 1711 1322 lavacrum
1727 1300 1755 1323 et

961 1339 1108 1374 baptisma.
1126 1338 1158 1366 Et
1168 1339 1398 1374 quemadmodum
1412 1340 1489 1374 pueri
1499 1340 1675 1368 Hebraaorum
1688 1343 1754 1369 olim

962 1385 1023 1421 agni
1035 1386 1139 1412 ratione
1155 1386 1276 1420 expertis
1291 1386 1423 1420 sanguine
1438 1387 1586 1413 domorum
1611 1394 1704 1421 postes
1719 1388 1754 1415 Ii-
1768 1385 1774 1388 ”

962 1432 1070 1459 nientes
1080 1431 1113 1459 ad
1121 1431 1226 1459 Domini
1235 1432 1399 1467 jussiouem,
1409 1433 1518 1468 quando
1530 1441 1610 1461 omne
1619 1435 1755 1470 primoge-

962 1479 1049 1505 nitmu
1068 1478 1095 1505 in
1107 1477 1226 1513 Egyth
1241 1479 1276 1506 ab
1302 1478 1410 1506 homine
1424 1486 1513 1514 usque
1537 1479 1572 1506 ad
1594 1487 1678 1514 pecus
1698 1489 1754 1508 una

964 1528 1045 1551 nocte
1061 1524 1265 1551 exterminatus
1281 1527 1334 1556 est,
1357 1527 1424 1552 tunc
1441 1524 1494 1559 ipsi
1513 1525 1564 1552 hac
1578 1525 1705 1552 linitione
1718 1525 1752 1552 ﬁ-

966 1568 1090 1604 gttrativa
1104 1568 1210 1604 plagam
1232 1569 1388 1604 eﬁugerunt
1410 1570 1642 1603 exterminatoris,
1667 1570 1709 1599 sic
1727 1575 1755 1598 et

962 1614 1028 1641 mihi
1042 1609 1112 1649 Agni
1135 1613 1180 1641 Dei
1198 1615 1244 1649 qui
1268 1615 1344 1642 tollit
1366 1619 1510 1650 peccatum
1523 1616 1618 1643 mundi
1634 1616 1752 1651 spiritus

962 1663 989 1687 et
1004 1659 1116 1694 sanguis
1135 1659 1248 1694 Christi,
1271 1660 1446 1695 signaculum
1470 1668 1485 1688 ι
1501 1661 1559 1689 Deo
1583 1662 1707 1690 oblatum
1727 1668 1755 1690 et

963 1706 1113 1733 remedium
1141 1706 1211 1732 mala
1228 1707 1380 1741 corrigens,
1395 1714 1478 1742 super
1498 1708 1704 1744 intelligentiam
1727 1714 1755 1736 et

963 1759 1062 1787 corpus
1076 1753 1155 1788 quasi
1172 1753 1270 1780 domus
1286 1753 1437 1788 spiritualis
1453 1758 1545 1789 postes
1555 1755 1754 1787 linitur.valdt~.

963 1799 1110 1833 proﬁciens
1123 1803 1152 1826 et
1170 1799 1198 1825 ﬁt
1211 1799 1296 1826 tutela
1310 1803 1407 1826 contra
1421 1800 1576 1827 omnimoda
1587 1802 1658 1828 mala
1676 1811 1682 1829 :
1695 1801 1752 1830 illis

964 1852 1028 1880 ergo
1049 1848 1143 1880 utpote
1154 1844 1323 1880 imperfectis
1338 1849 1364 1872 et
1373 1846 1526 1874 infantibus
1544 1847 1682 1882 ﬁguratim
1703 1853 1753 1876 aut

963 1897 1012 1925 per
1032 1891 1155 1918 umbram
1174 1890 1218 1917 hic
1235 1890 1343 1917 tradita
1361 1891 1462 1923 linitio,
1480 1891 1624 1927 ﬁguratam
1643 1897 1670 1920 et
1694 1901 1755 1920 mo-

965 1939 1135 1964 mentaneam
1147 1940 1174 1964 et
1192 1936 1253 1964 ideo
1269 1944 1429 1972 corpoream
1452 1938 1631 1966 sulvatiouetn
1667 1939 1755 1966 linilis

965 1982 1112 2009 tribuebat.
1135 1982 1212 2017 Apud
1229 1990 1281 2010 nos
1296 1990 1361 2010 vero
1378 1991 1426 2018 per
1446 1983 1585 2011 lavacrum
1603 1992 1750 2020 regenera-

965 2027 1047 2054 tionis
1062 2026 1125 2054 data
1142 2026 1261 2062 Spiritus
1275 2028 1363 2063 gratia
1376 2033 1403 2056 et
1420 2028 1616 2057 illutninatoris
1637 2031 1750 2065 sanguis

964 2071 1028 2098 Jesu
1044 2071 1071 2098 ﬁt
1084 2072 1215 2106 optimum
1230 2073 1400 2108 signaculum
1413 2077 1440 2101 et
1456 2074 1541 2101 tutela
1555 2075 1670 2109 tnystica
1692 2075 1749 2110 spi-

966 2119 1046 2151 ritus,
1079 2118 1177 2145 anintaz
1202 2123 1229 2146 ct
1251 2120 1387 2154 corporis,
1412 2119 1512 2154 pignus
1534 2120 1671 2155 quoddam
1691 2121 1754 2148 vita:

966 2169 1075 2192 αξιοι-ηε
1089 2168 1117 2192 et
1126 2164 1203 2200 regni
1222 2165 1295 2200 quod
1314 2165 1389 2193 nulla
1405 2165 1556 2193 amicttone
1576 2165 1684 2201 ﬁneque
1706 2166 1754 2194 de-

966 2210 1081 2243 solatur.
1106 2210 1196 2245 dignis
1214 2210 1374 2238 decernitur
1403 2212 1451 2247 qui
1472 2212 1618 2248 recipiant.
1644 2212 1752 2241 Etenim

967 2255 1014 2282 ubi
1034 2255 1154 2290 primunt
1170 2263 1254 2290 super
1277 2263 1328 2284 nos
1349 2261 1443 2284 manat
1455 2257 1515 2292 ipse
1534 2257 1605 2292 Agni
1628 2256 1674 2285 Dei
1689 2265 1754 2285 san-

966 2301 1037 2336 guis.
1055 2301 1089 2329 de
1101 2301 1246 2336 profundis
1258 2302 1373 2337 angoris
1388 2307 1415 2330 et
1427 2303 1629 2338 desperationis
1640 2308 1667 2331 et
1685 2311 1754 2339 pra:-

966 2348 1059 2376 sertim
1073 2348 1106 2376 de
1120 2349 1224 2384 peccati
1233 2356 1317 2377 onere
1330 2349 1467 2385 erigentes
1486 2358 1548 2383 nos.
1575 2351 1752 2385 gubernacu-

967 2394 1023 2422 lum
1041 2395 1213 2423 sustollimus
1228 2395 1327 2423 animat
1348 2400 1432 2431 atque
1453 2396 1488 2423 ad
1509 2396 1648 2424 celestem
1668 2397 1753 2424 vitam

965 2441 1078 2475 spiritus
1095 2448 1207 2476 gressus
1219 2440 1371 2477 dirigimus.
1383 2441 1510 2470 Profecto
1522 2443 1595 2469 sicut
1607 2442 1696 2470 viator
1707 2442 1750 2470 di-

967 2487 1120 2514 versorium
1130 2490 1228 2514 nactus
1243 2492 1428 2523 opportunum
1440 2495 1454 2514 a
1466 2488 1628 2516 lassitudine
1639 2488 1753 2523 acquie-

972 2533 1034 2564 scit.
1047 2540 1165 2568 moxque
1183 2541 1256 2561 novo
1266 2534 1486 2561 ardorealacrior
1496 2533 1531 2570 ad
1547 2534 1600 2561 iter
1611 2535 1752 2562 residuum

972 2584 1113 2613 assurget;
1128 2580 1168 2606 sic
1185 2583 1213 2606 et
1229 2580 1315 2614 gratia
1331 2580 1417 2606 sancti
1433 2579 1553 2614 Spiritus
1575 2584 1600 2607 et
1619 2580 1753 2614 sanguine

971 2624 1074 2652 Christi
1090 2624 1218 2660 dignatus
1228 2625 1275 2659 qui
1290 2625 1374 2652 corde
1388 2625 1516 2660 intelligit
1538 2630 1566 2653 et
1584 2626 1636 2653 ﬁde
1655 2626 1752 2653 lirmus

969 2674 1011 2697 est
1022 2674 1162 2697 recreatus
1174 2675 1201 2697 et
1212 2675 1360 2698 renovatus
1380 2671 1414 2697 ab
1429 2671 1608 2705 oppressione
1631 2671 1754 2704 alﬁigen-

968 2716 1036 2744 tium
1051 2716 1172 2744 omnium
1189 2720 1217 2744 et
1230 2717 1402 2744 onerantium
1422 2717 1481 2744 sive
1495 2717 1676 2752 spiritualiter
1694 2718 1754 2745 sive

968 2761 1126 2793 visibiliter,
1152 2769 1259 2789 necnon
1282 2769 1297 2788 a
1319 2766 1424 2790 tumore
1445 2763 1555 2795 acediaa,
1576 2763 1702 2791 alacriter
1725 2767 1753 2791 et

968 2806 1105 2833 laboriose
1119 2804 1191 2833 sicut
1204 2813 1302 2834 cervus
1316 2805 1453 2835 desiderat
1461 2806 1496 2835 ad
1504 2807 1620 2836 dilectas
1632 2808 1754 2835 mansio-

968 2861 1018 2882 nes
1034 2852 1105 2888 apud
1115 2851 1223 2881 Patrem
1234 2853 1381 2882 luminum.
1406 2853 1441 2882 Et
1465 2860 1499 2882 ne
1515 2853 1579 2890 quis
1597 2859 1753 2882 murmuret
