1936 3042
58 201 113 229 715

57 259 74 286 ὁ
88 258 280 294 τελισκόμενος
303 258 431 285 κολλᾶται
450 257 520 293 θεῷ,
538 258 584 284 καὶ
599 257 627 284 ἓν
646 258 767 293 πνεῦμα,
782 257 852 285 κατὰ

58 303 108 331 τὸν
126 304 299 335 Ἀπόστειλον,
314 304 388 339 αὐτῷ
406 303 526 338 γίνεται;
543 304 612 330 Καθ’
633 304 694 331 ὅσον
707 303 851 339 τοιγαροῦν

61 352 166 388 ὑψηλὸν
183 360 211 378 τε
229 351 276 378 καὶ
297 350 390 386 νοερὸν
403 350 511 385 καὶτῆς
523 349 635 385 πρώτης
653 350 851 386 μακαριότητος

59 397 193 433 πρόξενον
215 397 246 423 τὺ
265 396 360 432 χρῆμα
384 395 562 422 πεπίστευται
585 396 635 431 τῆς
658 395 769 431 ἀρετῆς,
781 395 852 422 κατὰ

58 443 190 470 τοσοῦτον
214 443 260 469 καὶ
279 441 363 469 πολλὰ
388 441 444 477 ἔχει
466 441 500 469 τὰ
523 441 591 478 πρὸς
612 441 661 477 τὴν
684 441 852 477 κατόρθωσιν

58 489 164 525 ταύτης
177 489 278 524 ἀνάντη
293 489 338 515 καὶ
349 488 476 524 δυσχερῆ.
492 488 551 514 Ἴνα
564 488 619 523 γὰρ
632 487 677 514 τὸν
688 488 735 514 τοῦ
749 488 851 524 δυσμε-

58 535 124 567 νοῦς
139 535 236 570 φθόνον
259 535 337 570 παρῶ
355 535 513 561 ἐπισκοπεῖν
536 535 580 560 ἀεὶ
593 534 642 569 τὴν
664 535 791 570 πρόθεσιν
804 535 851 561 τοῦ

60 581 131 616 πρὸς
147 580 233 615 αὐτὴν
242 579 361 612 ἀνιόντος
372 580 556 616 πειρωμένου,
570 580 638 615 αὑτὴ
655 581 672 616 ἡ
687 580 745 607 κατ’
759 580 852 615 αἴσθη-

60 634 106 653 σιν
121 625 190 661 ζωὴ,
204 626 218 653 ὅ
238 635 268 652 τε
284 626 422 661 σύμφυτος
438 626 488 661 τῆς
502 626 590 662 ψυχῆς
601 626 685 662 θυμὸς
699 628 747 654 καὶ
762 628 778 662 ἡ
792 627 852 653 ἐπι-

60 672 165 708 θυμία,
192 673 216 698 εἰ
239 672 277 708 μὴ
302 671 479 707 πνευματικῷ
502 673 576 707 νόμῳ
603 672 781 699 παιδευθέντα
805 673 852 699 καὶ

59 718 205 754 ταχθέντα,
225 718 362 752 καταπιθῆ
379 719 425 745 καὶ
437 718 530 754 εὺήνια
543 718 648 753 γένοιτο
662 718 701 754 τῷ
717 719 850 754 λογισμῷ,

59 764 153 796 οὔπως
168 764 201 791 ἂν
221 764 235 790 ὁ
252 764 347 800 ἐχθρὸς
361 764 562 800 ἀποστραφείη,
575 764 630 790 οὐδ’
648 764 795 800 εἰλικρινὴς
805 765 852 791 ἀν-

61 808 165 843 θρώπῳ
187 807 374 844 κατορθωθείη
398 809 500 844 ἀρετή’
520 808 554 835 δι’
573 808 588 835 ὃ
609 808 655 835 καὶ
677 809 691 835 ὁ
715 809 754 844 τῷ
770 809 852 845 ἔρωτι

59 855 148 890 αὐτῆς
169 855 284 889 κάτοχος
308 855 460 890 φιλοσόφως
475 856 516 886 εἰς
533 854 628 881 ἑαυτὸν
648 855 694 882 τὸν
709 855 787 890 λόγον
803 864 852 891 με-

60 901 284 936 τασχηματίζων,
311 901 366 936 Τὴν
388 900 499 936 ἀρετὴν,
529 902 607 937 φησὶ,
634 901 708 928 ποθῶ
731 902 791 936 μὲν,
804 903 852 929 καὶ

60 946 111 973 οὐκ
126 947 296 982 ἀρνήσομαι·
318 946 397 972 τοῦτο
409 946 464 982 γὰρ
483 947 530 973 καὶ
550 947 649 980 πάντες
660 949 687 974 'oi
706 947 752 975 τοῦ
768 948 851 980 ὅντως

60 992 176 1027 ἐρασταὶ
194 991 277 1019 καλοῦ
289 1000 296 1007 ·
312 992 380 1019 ἀλλὰ
395 992 474 1019 τοῦτό
490 1001 524 1028 με
536 993 587 1020 οὐκ
601 993 714 1027 ἐδίδαξε.
732 995 774 1026 τίς
786 1004 851 1021 ποτε

60 1038 142 1074 αὕτη,
159 1038 208 1064 καὶ
228 1038 289 1064 ὅθεν
314 1038 346 1065 ἄν
371 1047 416 1074 μοι
441 1039 614 1075 προστεθείη,
633 1041 730 1076 κομιδῇ
751 1041 852 1077 ταύτης

60 1083 149 1119 ἔχοντι
175 1084 225 1119 τὴν
250 1084 356 1120 ὄρεξιν·
383 1083 424 1117 οἷς
444 1086 492 1112 καὶ
515 1085 634 1122 ἀνιῶμαι
660 1088 693 1123 τῇ
712 1088 852 1122 ἀτελότητι

61 1129 161 1165 ταύτης
189 1130 387 1165 ἁλγυνόμενος’
421 1132 476 1163 πᾶς
503 1131 557 1167 γὰρ
589 1132 670 1164 πόθος
700 1133 851 1166 ἀτέλεστος,

61 1175 140 1211 ὀδύνη
156 1175 196 1210 τῷ
215 1177 376 1211 κεκτημένῳ
395 1176 488 1204 τοῦτον
513 1179 687 1213 χρηματίζει.

204 1223 239 1248 El
252 1222 312 1256 μὲν
325 1222 363 1256 δὴ
377 1224 517 1257 καθαρὸς,
534 1233 562 1252 κ.
576 1233 600 1251 τ.
618 1225 642 1251 ὲ.

102 1265 133 1293 'H
148 1267 308 1302 μὲνάληθὴς
330 1268 414 1303 ἀρετὴ
436 1269 483 1296 καὶ
512 1269 551 1305 τῷ
573 1269 629 1297 ὄντι
660 1270 785 1306 καθαρὰ,
815 1273 854 1308 τῷ

63 1313 154 1347 πάσης
173 1313 272 1344 κακίας
294 1314 340 1339 καὶ
360 1314 496 1350 ῥυπαρίας
520 1315 620 1351 σαρκὸς
636 1316 682 1342 καὶ
699 1317 854 1353 πνεύματος

63 1359 181 1394 πάμπαν
195 1359 378 1394 ἀπηλλάχθαι,
396 1360 474 1387 ὕδατι
494 1361 637 1396 προσέοικε
657 1362 852 1400 καθαρωτάτῳ,

64 1406 108 1431 καὶ
123 1404 241 1441 ῥεύματι
252 1406 356 1441 κρήνης
369 1405 539 1442 ὲξαλλομένῳ
553 1406 654 1443 ζώσης,
675 1408 704 1441 ἐξ
727 1408 854 1443 οὐδεμιᾶς

64 1451 213 1486 χειμερίιυν
242 1451 357 1482 ὑδάτων,
379 1452 438 1486 ἤτοι
461 1453 636 1488 χειμάρρων,
661 1454 801 1489 ἐπιμιξίας
824 1454 855 1481 τὸ

64 1497 108 1523 τοῦ
128 1497 250 1531 νάματος
271 1496 424 1532 θολουμὲνῳ
438 1497 628 1525 διειδέστατον.
648 1499 734 1534 Εἴπερ
754 1497 799 1526 οὖν
813 1509 856 1532 τις

65 1541 137 1568 οὕτω
156 1541 275 1577 καθαρός
298 1542 382 1573 ἐστιν,
403 1542 440 1574 ὡς
465 1543 551 1578 ἀμιγῆ
575 1544 665 1578 πάσης
688 1545 786 1577 κακίας
808 1546 856 1572 καὶ

64 1587 201 1623 ἁμαρτίας
225 1588 354 1623 ἀμίαντον
371 1588 421 1624 τὴν
447 1589 531 1616 αὑτοῦ
557 1590 679 1625 τηρήσας
698 1590 787 1627 ψυχὴν
809 1593 856 1618 καὶ

65 1634 109 1661 τὸν
138 1634 219 1666 νοῦν,
246 1634 382 1662 ἀθόλωτον
408 1635 437 1662 δὲ
459 1636 509 1671 τὴν
533 1636 622 1673 σάρκα
648 1637 695 1663 καὶ
722 1637 855 1673 ἆρῤυπον,

65 1679 140 1715 ζητῶ
159 1680 203 1712 τίς
225 1680 257 1707 ἂν
280 1679 357 1712 οὗτος
377 1682 438 1717 εἴης
466 1683 490 1708 εἰ
511 1682 566 1717 γὰρ
582 1683 669 1718 ἄστρα
691 1683 722 1709 οὐ
750 1684 858 1719 καθαρὰ

66 1727 186 1753 ἐναντίον
199 1726 292 1758 αὐτοῦ,
307 1727 378 1754 κατὰ
389 1727 419 1754 τὸ
433 1727 532 1762 λόγιον,
546 1728 578 1755 ἔα
589 1729 618 1755 δὲ
632 1730 656 1755 οἱ
669 1729 858 1762 κατοικοῦντες

65 1772 156 1804 οἰκίας
173 1773 339 1809 πηλίνας·ἢ
363 1773 416 1809 γὰρ
441 1775 473 1800 ὲκ
499 1774 611 1810 καρδίας
637 1775 704 1807 ἰδίας
727 1775 858 1811 βόρϐορον

67 1819 174 1845 ἀτόπων
184 1819 314 1854 ἀναφέρει
327 1820 469 1856 ἄνθρωπος
480 1820 617 1856 λογισμῶν
626 1829 632 1836 ·
643 1821 712 1857 αὕτη
722 1822 771 1857 μία
784 1821 858 1848 αἰτία

66 1864 116 1899 τῆς
129 1865 245 1896 κακίας·
264 1865 360 1892 ἔπειτα
373 1866 461 1902 σάρκα
482 1867 595 1903 βαρεῖαν
611 1868 658 1895 καὶ
677 1867 774 1903 ῑλυώδη
791 1868 859 1904 πρὸς

68 1911 97 1936 τὺ
120 1907 221 1944 γεῶδὲς
240 1911 386 1946 βρίθουσαν
406 1913 534 1948 φρόνημα
557 1913 787 1949 συνεφελκόμενος
810 1917 859 1950 ῥυ-

69 1956 212 1982 παίνεται·
228 1957 296 1993 πρὸς
311 1957 339 1984 δὲ
356 1959 404 1985 καὶ
424 1958 463 1994 τῷ
485 1959 595 1995 ἄρχοντι
621 1960 667 1987 τοῦ
693 1960 805 1993 σκότους
820 1961 860 1996 τῷ

69 2004 116 2037 τῆς
131 2003 269 2038 ἡμετέρας
284 2003 374 2040 ἐχθρῷ
389 2005 525 2042 σωτηρίας
544 2006 643 2039 ἔξωθεν
659 2007 861 2042 παροτρυνὸμε-

71 2057 124 2080 νος,
143 2049 191 2075 καὶ
209 2050 278 2084 πρὸς
303 2051 440 2087 ἁμαρτίαν
461 2051 664 2088 ὕφαπτόμενος,
687 2052 746 2084 πῶς
765 2053 797 2079 ἂν
820 2053 862 2080 δυ-

71 2095 169 2129 ναίιιην
181 2094 321 2130 ἀκραιφνῆ
341 2095 481 2132 προΐσχειν
496 2096 545 2132 τὴν
559 2097 659 2132 ἀρετήν
671 2105 679 2129 ;

182 2141 298 2175 Ἐπειδὴ
315 2139 372 2168 οὖν
383 2142 475 2176 ῥύσις
487 2143 545 2176 εἰμὶ
560 2143 698 2178 Jay-sica.

105 2185 143 2214 Ἦ
151 2186 299 2222 οὖχῶσπερ
307 2187 416 2223 γάλαμε
431 2188 559 2223 ἠμελξας,
576 2190 658 2224 φησὶν
679 2190 693 2216 ὀ
718 2189 787 2221 Ίὼὸ,
799 2189 859 2216 ἐτύ-

73 2239 160 2265 ρωσας
178 2231 206 2258 δέ
225 2240 259 2267 με
280 2232 324 2259 ἴσα
340 2232 431 2269 τυρῷ;
456 2233 501 2260 διὰ
519 2233 576 2269 βίου
591 2243 621 2261 τε
636 2234 742 2270 ῥέοντος
759 2235 804 2261 καὶ
820 2235 860 2261 εὑ-

74 2276 220 2310 μεταϐόλου
244 2277 410 2314 διεκτρέχω·
435 2279 485 2305 οὐκ
508 2277 540 2315 ἦν
578 2280 665 2312 ἐοικὸς
695 2281 771 2316 (25),
801 2281 860 2316 ἠτοι

73 2323 223 2359 προσφυὲς,
243 2323 394 2361 ἇρρευπόν
420 2325 525 2361 μεθεῷ
548 2325 605 2362 βίον
625 2327 673 2353 καὶ
686 2327 861 2354 παντάπασιν

74 2370 262 2406 ἀναμάρτητον
275 2371 349 2406 βιοῦν
357 2392 364 2399 .

72 2414 101 2441 El
115 2415 139 2441 δ’
157 2417 213 2442 οὐκ
228 2416 373 2450 ἀργύρεος
389 2416 487 2451 πάντη
504 2418 586 2451 νόος,
604 2418 674 2445 ἀλλ’
694 2417 860 2453 ἐπίμικτος.

105 2462 135 2488 EE
149 2462 179 2488 δὲ
198 2462 287 2494 τοῦτο,
303 2463 397 2498 φησὶν,
412 2463 522 2499 ἀληθὲς,
536 2465 582 2491 καὶ
598 2465 612 2491 ὁ
628 2464 766 2501 τροπικῶς
781 2472 863 2500 προσ-

75 2508 215 2542 ειρημένος
231 2508 311 2543 ῥοῦς,
325 2509 384 2545 ἦτοι
406 2509 477 2545 βίος,
494 2510 544 2537 οὐκ
560 2510 693 2546 ἀργύρεος
710 2511 770 2537 οὐδὲ
786 2510 860 2537 δόκι-

76 2561 119 2586 μος
139 2555 281 2586 παντελῶς
296 2556 342 2582 καὶ
358 2556 487 2592 καθαρὸς,
508 2557 632 2593 ἐπιμιξίᾳ
646 2557 674 2584 δὲ
689 2558 739 2593 τῆς
760 2557 859 2588 κακίας

554 197 587 225 ΙΝ
604 197 757 227 CARMINA
774 197 914 226 ARCANA
928 198 956 225 S.
970 197 1146 226 GREGORII.

1635 204 1687 232 7M

904 257 960 285 Deo
974 265 1092 293 quocum
1109 265 1179 285 unus
1197 257 1310 293 spiritus
1324 258 1403 293 juxta
1426 259 1586 295 Apostolum
1605 261 1688 290 cilici-

902 302 964 329 tur?
984 302 1122 335 Quantum
1146 310 1210 338 ergo
1235 304 1443 338 supereminens
1454 308 1482 332 et
1493 305 1646 341 spiritualis
1661 312 1689 335 et

902 347 997 383 prima:
1007 347 1187 375 beatitudinis
1205 349 1416 384 promissionem
1438 350 1542 379 habens
1566 357 1689 387 questus

902 394 1015 421 virtutis
1032 394 1164 426 creditur,
1188 398 1243 421 tam
1260 395 1345 422 multa
1359 395 1393 423 ad
1412 395 1472 431 ejus
1487 398 1688 425 assecutionem

903 439 989 466 ardua
1005 439 1152 467 admodum
1180 445 1208 468 et
1232 440 1351 468 diﬁicilia
1377 442 1488 476 praebet.
1514 442 1639 479 Namque
1661 449 1691 471 Iit

901 485 1057 513 Adversarii
1084 486 1286 520 praetermittam
1306 487 1434 515 invidiam
1462 488 1627 523 pedetentim
1648 489 1692 516 in-

902 530 978 564 sequi
995 531 1167 566 propositum
1184 531 1339 559 anhelantis
1352 532 1385 559 ad
1400 532 1528 561 virtutem
1546 534 1689 565 conantis,

903 577 961 612 ipsa
991 576 1045 604 vita
1064 584 1118 612 qua
1139 577 1267 605 sensibus
1290 578 1456 613 indulgetur,
1477 584 1504 606 et
1521 578 1614 607 innata
1632 581 1691 608 ani-

902 631 953 650 ma:
970 622 1058 650 fervor
1074 628 1102 652 et
1121 624 1360 659 concupiscentia,
1388 625 1442 652 nisi
1455 633 1470 652 a
1495 626 1553 661 lege
1574 626 1691 662 spiritus

903 669 1010 696 erudita
1024 672 1052 696 et
1074 670 1181 701 edocta,
1209 670 1357 698 suadibilia
1388 675 1416 698 et
1437 671 1564 699 docibilia
1592 673 1691 700 rationi

904 715 980 748 ﬁant,
989 715 1063 742 nullo
1074 715 1155 743 modo
1169 715 1263 744 llostis
1274 716 1424 752 fugabitur,
1440 718 1595 746 nullatenus
1605 719 1692 747 electa

904 761 990 789 virtus
1002 761 1139 789 hominem
1155 762 1318 789 moderabit.
1337 763 1401 790 Ideo
1419 763 1506 799 ipsius
1523 772 1617 792 amore
1631 764 1692 800 phi-

904 807 1046 842 losophice
1071 807 1201 843 flagrans,
1222 816 1294 836 novo
1317 809 1414 837 ordine
1434 810 1554 845 seipsum
1576 811 1692 846 alloqui-

903 857 983 880 tur...
996 853 1142 886 Virtutem,
1167 854 1267 888 inquit,
1288 855 1370 889 cupio
1387 862 1438 882 nec
1457 856 1608 883 aversabor
1625 866 1631 884 :
1651 856 1694 884 sic

905 898 978 926 enim
1000 898 1091 926 cuncti
1108 899 1198 934 reipsa
1221 899 1287 926 boni
1309 904 1462 930 amatores:
1484 900 1531 928 sed
1552 908 1606 929 non
1631 909 1694 929 eru-

905 944 980 973 ditus
1001 952 1061 972 sum
1084 952 1146 980 qua:
1167 945 1204 972 sit
1220 949 1247 972 et
1263 944 1336 972 unde
1354 945 1420 972 mihi
1444 945 1525 980 hujus
1547 947 1694 975 vehemens

906 990 1071 1018 desiderium
1088 991 1198 1019 habenti
1220 991 1375 1025 adjiciatur.
1398 991 1446 1019 His
1469 992 1549 1020 doleo
1573 1000 1694 1021 maerens

905 1037 940 1065 de
954 1038 1063 1064 virtutis
1077 1037 1283 1072 imperfectione
1295 1046 1303 1071 ;
1318 1038 1419 1066 etenim
1436 1038 1602 1067 desiderium
1613 1047 1696 1068 omne

906 1091 961 1119 quo
977 1091 1031 1110 non
1047 1083 1137 1118 potior
1153 1083 1255 1111 doloris
1268 1083 1405 1111 rationem
1434 1084 1518 1112 habet
1537 1085 1565 1112 in
1585 1085 1694 1114 deside-

906 1130 989 1157 ranti.
1005 1139 1014 1156 ι
1028 1129 1056 1157 Si
1069 1135 1158 1157 autem
1174 1137 1271 1165 purus,
1283 1139 1292 1156 ι
1302 1133 1330 1157 et
1341 1138 1399 1165 seq.
1414 1130 1483 1158 Vera
1496 1131 1582 1160 virtus
1593 1137 1620 1158 et
1632 1140 1697 1160 vero

907 1184 975 1212 pura
991 1176 1027 1204 ab
1043 1176 1118 1204 omni
1133 1176 1235 1203 malitia
1250 1181 1277 1203 et
1289 1175 1412 1204 fmditate
1424 1178 1515 1205 carnis
1526 1181 1554 1205 et
1569 1177 1695 1212 spiritus.

907 1223 1090 1258 aaqniparatur
1107 1221 1263 1258 purissimis
1289 1223 1371 1250 undis
1388 1226 1416 1250 et
1438 1223 1601 1251 salientibus
1619 1232 1697 1259 aqua:

908 1271 976 1296 viva:
990 1268 1097 1300 rivulis,
1110 1276 1227 1303 quorum
1241 1268 1314 1295 nulla
1322 1276 1455 1303 aquarum
1466 1269 1596 1297 imbrium
1606 1270 1698 1297 mistio

908 1323 944 1343 ne
971 1314 1142 1349 superﬁciem
1168 1314 1278 1349 quidem
1304 1314 1402 1342 inﬁcit.
1434 1315 1476 1343 Sit
1502 1322 1568 1350 ergo
1597 1315 1698 1351 aliquis

909 1361 977 1388 adeo
992 1368 1077 1395 purus
1089 1361 1135 1395 qui
1152 1367 1254 1387 meram
1272 1360 1307 1387 ab
1321 1360 1396 1387 omni
1413 1360 1518 1388 malitia
1537 1366 1564 1389 et
1584 1367 1698 1396 peccato

909 1408 1059 1435 servaverit
1082 1406 1201 1433 animam
1231 1410 1314 1442 atque
1340 1411 1470 1440 mentem,
1493 1407 1540 1442 qui
1566 1408 1697 1435 mundam

909 1452 1071 1481 custodierit
1102 1459 1213 1479 carnem
1241 1455 1269 1478 et
1309 1452 1526 1485 immaculatam,
1553 1453 1615 1488 quis
1646 1454 1698 1480 crit

910 1501 982 1528 iste?
1003 1499 1114 1535 quando
1138 1503 1212 1526 astra
1235 1507 1289 1526 non
1311 1503 1376 1526 sunt
1401 1499 1503 1526 munda
1518 1507 1533 1526 a
1551 1499 1621 1527 faeie
1638 1499 1697 1532 Dei,

907 1548 985 1582 juxta
999 1546 1121 1574 divinum
1136 1545 1249 1577 librum,
1266 1545 1333 1580 quid
1346 1545 1380 1573 de
1393 1545 1582 1574 habitantibus
1599 1546 1698 1573 dumos

910 1593 1016 1620 luteas?
1038 1591 1101 1619 Sive
1113 1599 1146 1618 ex
1162 1591 1243 1620 corde
1264 1598 1315 1618 suo
1336 1591 1593 1627 intempestivorum
1616 1593 1699 1619 ratio-

908 1638 1044 1666 ciniornm
1068 1636 1149 1664 homo
1166 1634 1288 1671 proferat
1306 1643 1426 1668 cmnum.
1441 1636 1497 1664 ha-c
1515 1644 1569 1664 una
1588 1637 1699 1665 malitiae

908 1690 990 1712 causa
1003 1691 1011 1716 ;
1028 1682 1163 1718 siquidem
1176 1689 1259 1709 carne
1273 1681 1349 1717 gravi
1364 1686 1392 1708 et
1407 1681 1496 1709 lutosa
1505 1682 1538 1709 ad
1549 1685 1695 1710 terrestres

909 1732 1053 1757 attractata
1067 1727 1245 1763 cogitationes
1258 1726 1395 1762 im‘pulsus
1407 1727 1568 1755 maculatur.
1579 1718 1700 1756 ῬΙ-αξιοι*-

909 1782 941 1802 ea
968 1773 1003 1801 ab
1024 1777 1102 1801 extra
1117 1780 1133 1799 a
1158 1772 1282 1807 principe
1301 1773 1477 1800 tenebrarum
1497 1777 1599 1801 nostrae
1616 1774 1698 1802 saluti

909 1821 1019 1848 infenso
1032 1819 1191 1848 stimulatus
1215 1823 1242 1846 et
1258 1818 1293 1846 ad
1315 1823 1457 1854 peccatum
1479 1819 1609 1848 incensus
1628 1829 1699 1855 quo-

910 1866 991 1894 modo
1006 1873 1103 1902 puram
1122 1865 1250 1893 virtutem
1263 1865 1384 1901 praebere
1399 1866 1526 1900 possem?
1548 1876 1558 1892 ι
1570 1866 1638 1894 Cum
1648 1868 1701 1894 sim

910 1912 971 1939 fons
979 1911 1164 1946 obrigescens.
1177 1919 1187 1936 ι
1199 1910 1271 1942 Sive.
1283 1910 1377 1938 Nonne
1387 1911 1508 1938 sicutlac
1519 1911 1699 1941 mulsistimc.

911 1958 1000 1993 inquit
1014 1957 1076 1990 Job,
1090 1961 1117 1985 et.
1133 1957 1206 1985 sicut
1229 1964 1339 1984 caseum
1353 1964 1396 1984 me
1410 1957 1581 1992 coagulasti?
1610 1956 1699 1984 Vitam

910 2007 1098 2032 transeuntem
1111 2006 1139 2030 et
1152 2003 1296 2030 mutationi
1311 2002 1457 2030 obnoxiam
1473 2010 1566 2034 curro.
1588 2011 1641 2030 non
1654 2004 1702 2030 (le-

910 2050 989 2078 cebat
1004 2056 1069 2078 sane
1085 2057 1118 2075 ex
1135 2054 1233 2076 natura
1248 2048 1446 2076 immutabilem
1465 2056 1508 2076 me
1527 2049 1599 2076 sicut
1614 2048 1698 2076 Deum

910 2096 995 2122 vitam
1011 2097 1039 2122 et
1051 2093 1206 2121 omnimodo
1220 2091 1426 2127 impeccabilem
1443 2092 1555 2120 ducere.
1575 2102 1584 2118 ε
1600 2093 1628 2120 Si
1645 2101 1699 2119 non

911 2147 954 2170 est
971 2141 1082 2168 omnino
1096 2139 1199 2166 nitidus
1220 2138 1350 2173 spiritus,
1365 2138 1413 2165 sed
1433 2142 1461 2166 et
1484 2138 1669 2172 intermistus;
1689 2149 1699 2165 υ

913 2187 941 2214 Si
959 2186 986 2213 id
1002 2192 1095 2213 verum
1111 2188 1163 2216 est,
1181 2183 1281 2218 inquit,
1296 2183 1319 2210 si
1339 2183 1477 2218 alligorice
1497 2191 1579 2218 supra
1602 2184 1702 2212 allatus

914 2233 1008 2263 vivus,
1033 2231 1138 2258 scilicet
1162 2230 1217 2257 vita
1240 2236 1292 2256 nec
1316 2228 1402 2256 nitida
1430 2237 1478 2256 nec
1505 2229 1617 2257 omnino
1641 2238 1701 2265 pro-

914 2280 978 2306 bata
993 2282 1020 2305 ct
1038 2284 1116 2312 pura,
1133 2276 1181 2304 sed
1199 2275 1301 2302 malitia
1316 2275 1448 2303 miscetur
1469 2280 1497 2303 et
1520 2275 1650 2308 inﬁcitur,
1676 2280 1703 2303 et

916 2323 1070 2352 inordinate
1093 2322 1223 2353 findatur,
1243 2319 1311 2348 illud
1334 2321 1473 2356 quamodo
1496 2325 1571 2348 esset
1592 2321 1702 2348 virtus?

912 2369 1034 2404 Agedum
1053 2367 1097 2395 dic
1123 2367 1201 2399 mihi,
1226 2366 1316 2401 inquit
1336 2366 1457 2401 sapiens,
1485 2367 1626 2401 justumne
1660 2373 1703 2394 est

914 2415 994 2444 istius
1008 2415 1083 2442 modi
1097 2414 1221 2441 habitum
1234 2420 1331 2441 vocare
1360 2413 1509 2441 virtutem?
1531 2413 1637 2441 Etenim
1661 2415 1702 2442 sic

913 2471 964 2498 ego
981 2461 1081 2497 spiritu
1102 2468 1160 2489 rem
1180 2461 1304 2492 volvens,
1324 2468 1420 2495 puram
1447 2465 1474 2488 et
1496 2460 1700 2488 immaculatam

913 2509 999 2536 vitam
1019 2509 1047 2535 in
1060 2508 1172 2535 homine
1182 2506 1274 2534 videre
1287 2507 1334 2542 qui
1357 2515 1475 2541 nequeo,
1488 2506 1561 2534 unde
1571 2506 1700 2534 virtutem

914 2555 1084 2583 nominarem
1097 2561 1158 2589 quae
1169 2553 1273 2581 malitia
1291 2553 1422 2581 miscetur
1434 2554 1446 2580 ἲ

75 2599 230 2636 θολούμενος
262 2601 404 2637 μολύνεται
429 2604 477 2630 καὶ
500 2603 629 2638 ἀκόσμως
659 2603 881 2638 καταχραίνεται,
909 2601 967 2632 πῶς
991 2601 1023 2628 ἂν
1048 2600 1091 2636 εἴη
1117 2599 1195 2627 τοῦτο
1219 2600 1319 2636 ἁρετή;
1338 2600 1443 2636 Φράσον
1460 2599 1491 2636 δή
1510 2608 1565 2634 μοι,
1586 2599 1668 2634 φησὶν
1687 2599 1703 2625 6

76 2650 237 2684 δολιώτατος,
262 2650 286 2676 εἰ
305 2650 378 2683 ἄξιον
396 2650 446 2686 τὴν
464 2650 535 2678 οὕτω
550 2651 724 2686 διακειμένην
740 2651 796 2684 ἕξιν
815 2650 907 2677 καλεῖν
925 2649 1042 2686 (Ξιρετείλν⁹
1057 2648 1105 2675 καὶ
1123 2648 1178 2684 γὰρ
1193 2647 1270 2682 κάγὼ
1287 2644 1337 2674 ὧδε
1353 2648 1433 2674 κάκεῖ
1444 2647 1492 2674 τοῦ
1506 2646 1552 2673 νοῦ
1567 2646 1702 2682 περιελίσο

76 2702 134 2725 οων,
152 2695 276 2731 καθαράν
291 2697 322 2723 τέ
339 2705 399 2724 τινα
416 2697 464 2724 καὶ
485 2697 721 2734 ἀκραιφνεστάτην
741 2698 834 2733 βίωσιν
859 2698 888 2724 ἐν
907 2695 1042 2731 ἀνθρώπῳ
1063 2695 1100 2730 μὴ
1125 2694 1273 2730 δυνάμενος
1298 2695 1371 2723 ἰδεῖν.
1399 2693 1504 2730 ἀπορῶ,
1530 2692 1587 2724 πῶς
1604 2692 1703 2729 ἀρετὴν

76 2741 118 2777 τὴν
137 2742 281 2777 ἐπίμικτον
299 2743 366 2780 πρὸς
382 2744 480 2771 κακίαν
494 2745 668 2780 ὀνομάσαιμι.

77 2796 106 2825 16
120 2798 238 2833 -Ψυχρὴ
265 2799 324 2834 μὲν
348 2801 452 2834 χιόνος
476 2801 569 2835 φύσις
588 2801 702 2872 ξπλᾶιὶῧ
727 2799 860 2862 ἀργυῖέη

600 2845 630 2862 τε
707 2856 715 2868 ,
728 2844 790 2863 κ.τ.
818 2855 825 2862 .

600 2845 630 2862 τε
646 2844 715 2868 uti),
728 2844 790 2863 κ.τ.
800 2844 825 2862 Α.

108 2878 184 2913 οἴδα,
201 2883 284 2918 φησὶν
305 2884 321 2910 ὁ
345 2883 416 2915 θεῖος
435 2883 490 2910 τῶν
510 2883 599 2920 ἐργῶν
624 2883 692 2910 Θιοῦ
716 2883 862 2919 ἐξηγητὴς,

108 2947 164 2986 (ἓξ)
183 2949 251 2976 Cod.
270 2949 365 2982 ἐοικώς
381 2955 409 2978 et
427 2950 511 2986 μεθῶ.

214 3007 351 3034 ΡΑτιιοι,-
370 3009 416 3034 Gn
450 3008 609 3034 XXXVIII-

952 2798 986 2826 l6
995 2797 1107 2832 Frigida
1123 2798 1227 2832 quidem
1240 2803 1279 2825 est
1294 2799 1359 2825 η’νὶς
1370 2804 1468 2826 natura
1479 2803 1502 2826 ει
1514 2796 1703 2828 οηηάίιὲηωιε.

956 2881 1013 2913 Sic,
1037 2881 1076 2908 ait
1100 2881 1180 2909 divus
1203 2889 1316 2916 operum
1341 2881 1386 2908 Dei
1408 2881 1554 2915 interpres,
1578 2879 1703 2915 frigidam

952 2950 1009 2985 (‘26)
1028 2950 1123 2978 Billius
1138 2951 1259 2988 ἀργυρέη
1279 2959 1318 2977 τε.
1335 2950 1384 2977 Sed
1400 2950 1526 2986 ἀργυφέη
1541 2950 1702 2978 vorabulum

1507 3005 1545 3023 οἳ
