1936 3042
126 176 178 203 ἷΠ

632 171 666 200 iN
678 172 830 201 CARMINA
846 172 986 200 ABCANA
1007 172 1036 200 S.
1056 173 1228 202 GREGORII.

1689 170 1741 198 713

126 237 204 264 δαιον
225 235 274 262 καὶ
293 235 393 272 ἀραρὸς
415 234 462 262 καὶ
483 235 594 270 μόνιμον
618 235 648 261 τὸ
674 236 741 269 μετὰ
763 235 841 261 πόνου
866 235 910 261 καὶ

964 235 1134 266 ΓίΠηυηιεεῑ.
1145 235 1241 262 stabile
1256 235 1332 261 dccct
1347 237 1373 260 et
1388 237 1520 269 perstans,
1536 232 1607 268 quod
1627 240 1689 260 cum
1703 232 1741 258 Ia-

126 283 213 310 κόπου
233 281 403 316 προσκτηθὲν
418 280 456 315 τῷ
476 280 513 315 νῷ
538 281 584 306 καὶ
606 281 750 315 φυλαχθὲν,
765 279 859 316 ὥσπερ
880 279 911 305 τὸ

126 327 280 363 προχείρως
296 326 396 361 ληφθὲν
410 326 645 361 εὐκαταφρόνητον
659 326 730 354 ’ἅπαν
745 327 791 353 καὶ
810 326 909 352 εὐαπά-

126 374 225 408 6λητον
239 372 409 398 καθίσταται.

367 421 503 447 ιιιολλίὶκι
518 420 542 446 δ’
560 418 631 447 αὖτε

187 456 324 488 Ἑσθλοῦ,
342 466 368 483 κ.
383 465 407 482 τ.
426 455 455 487 ἐξ

162 504 292 539 (Ξ8)Φασὶ
300 504 343 530 τὸν
352 504 455 533 λέοντα,
464 505 492 529 ἐν
499 503 559 538 ὥρᾳ
572 503 708 537 βαδίζοντα
717 504 855 538 χειμῶνος,
866 504 911 529 καὶ

127 549 179 580 τὰς
198 549 252 575 τῶν
275 549 411 585 θηρευτῶν
436 549 572 581 ἐπιθέσεις
589 550 765 584 διαφεύγοντα
779 571 785 582 ,
800 552 838 586 τῷ
863 552 910 577 οὺ-

130 595 199 631 ραίῳ
217 595 250 622 τὰ
272 596 331 630 ἴχνη
348 595 401 621 τῶν
417 596 523 622 οἰκείων
549 595 635 622 ποδῶν
662 596 853 623 ἐπικαλύπτειν
876 599 909 632 τῇ

128 641 197 676 χιόνι
214 650 220 656 ·
236 641 342 667 τοιοῦτὸ
356 650 381 667 τι
397 640 535 667 κάνταῦθα
555 641 600 667 τὴν
622 641 742 668 διάὸολον
758 641 823 677 δρᾷν
838 643 852 668 ὁ
869 641 910 668 δι-

127 686 260 719 δάσκαλός
270 695 363 722 φησιν,
376 687 417 713 ὅτι
433 687 563 718 πολλάκις
579 687 681 721 ἀγαθοῦ
696 688 741 714 καὶ
753 687 838 714 κακοῦ
853 688 911 714 διά-

128 740 220 767 κρισιν
246 732 275 758 ὲν
301 731 404 767 διανοίᾳ
430 730 525 767 ἀνδρὸς
550 731 677 764 εὐσεϐοῦς
701 729 883 767 ὖποφανεῖσαν
898 734 912 759 ὁ

134 777 247 812 Ἐχθρὸς
263 777 439 812 πανουργίαις
455 777 514 812 ἴχνη
532 776 633 812 βάλλων
646 778 689 803 ἐπ’
709 778 810 812 ἴχνεσιν
824 778 912 813 ἠμαύ-

130 829 211 857 ρωσε,
236 822 282 848 καὶ
304 821 442 857 λογισμοῖς
470 822 607 857 σαρκίνοις
623 822 684 854 τοὺς
711 825 911 858 πνευματικῶς

128 868 281 903 κακουργίᾳ
296 868 585 903 παρακαλυπτόμενος,
606 868 650 894 τὸν
666 868 712 895 τοῦ
730 868 832 903 ἀγαθοῦ
845 869 910 896 θεω-

128 912 176 947 ρὸν
195 913 338 948 ἀποπλανᾷ
354 921 360 927 ·
371 914 418 939 καὶ
433 914 449 948 ἡ
465 913 514 948 μὲν
527 913 594 949 σὰρξ
611 914 670 948 ἐμοὶ
687 913 756 941 κατὰ
766 914 815 949 τὴν
828 915 912 950 αὐτῆς

127 958 208 993 φύσιν
222 959 255 984 τὰ
264 959 313 993 τῆς
325 958 426 993 σαρκὸς
437 958 515 985 ἐπιθυ
520 960 574 993 μεῖ,
585 959 602 993 ἡ
616 959 707 994 ἐντολὴ
720 959 748 985 δὲ
763 968 910 994 πνευματι-

127 1004 163 1039 κὴ
183 1002 249 1032 οὖσα
262 1004 296 1031 τὰ
316 1004 363 1031 τοῦ
382 1004 533 1039 πνεύματος
553 1004 731 1039 ὑπαγορεύει,
743 1006 789 1031 καὶ
810 1006 840 1030 τὸ
864 1006 910 1032 τοῦ

127 1049 194 1076 Θεοῦ
211 1049 314 1084 θέλημα
340 1049 554 1084 παρακελεύεται
574 1057 581 1063 '
594 1049 655 1076 ἄλλο
669 1049 691 1074 δ’
708 1050 722 1075 ὁ
736 1049 831 1083 φθόνος
847 1051 912 1077 ὐπο-

127 1095 231 1122 τίθεται
242 1096 288 1123 τοῦ
302 1096 504 1131 Πονηροίἇλλο
517 1095 539 1121 δ’
548 1094 584 1121 ἔτι
602 1095 668 1130 πρὸς
683 1097 738 1127 τοῖς
758 1096 912 1130 εἰρημένοις

125 1142 200 1177 ’τρισὶ
217 1142 309 1176 νόμοις
325 1143 339 1168 ὁ
354 1141 419 1168 αίὼν
435 1142 507 1176 καὶὴ
524 1140 655 1176 πρόληψις
670 1140 716 1166 τοῦ
740 1141 911 1176 ἀνθρωπίνου

127 1187 274 1214 ὑποϐάλλει
294 1187 434 1222 λογισμοῦ.
456 1196 464 1212 ι
485 1187 573 1222 Ἔρδω
593 1186 616 1212 δ’
639 1187 652 1212 ’ὁ
673 1187 794 1220 στυγέω·
818 1197 826 1213 ι
842 1187 913 1214 καθά

127 1242 210 1268 φησιν
225 1234 239 1259 ὁ
257 1233 430 1264 ’Λπόστολος
442 1235 482 1259 Οὐ
495 1234 549 1267 γὰρ
560 1233 575 1259 ὂ
584 1233 659 1260 θέλω
675 1234 762 1260 τοῦτο
776 1233 911 1267 πράσσω,

126 1280 194 1307 ἀλλ’
213 1279 229 1306 ὃ
242 1279 322 1314 μισῶ
340 1279 427 1306 τοῦτο
447 1278 596 1312 πολλάκις
611 1279 661 1305 καὶ
673 1279 747 1306 ποιῶ
761 1288 767 1294 ·
780 1280 825 1306 καὶ
841 1279 855 1306 ὃ
875 1280 912 1311 ὡς

126 1326 256 1361 ἀθέμιτον
280 1325 296 1361 ἢ
321 1325 411 1352 ἄδικον
439 1324 585 1358 ἀποστυγῶ
599 1344 606 1356 ,
626 1326 659 1361 τῇ
687 1325 823 1361 φιληδονίᾳ
841 1326 858 1360 ἢ
873 1325 912 1360 τῷ

127 1371 218 1406 φθόνῳ
235 1370 281 1397 τοῦ
296 1370 418 1406 Πονηροῦ
432 1371 634 1406 κατεργάζομαι
652 1370 848 1406 κλεπτόμενος,
867 1372 913 1398 καὶ

127 1417 289 1452 ὲνηδὺνομαι
304 1418 359 1448 τοῖς
371 1418 466 1448 κακοῖς
481 1417 526 1442 καὶ
537 1416 608 1450 γελῶ
621 1417 666 1442 τὸν
679 1416 744 1451 ὲμὺν
760 1417 841 1452 μόρον
856 1418 914 1448 τοῖς

128 1464 222 1499 μέλεσι
243 1465 298 1494 τοῖς
318 1463 394 1497 ἐμοῖς
411 1463 599 1497 ἐνιδρυμένον,
616 1462 686 1496 γελῶ
701 1462 806 1496 γέλωτα
826 1463 913 1497 κακῆς

128 1509 345 1544 πεπληρωμένον
365 1509 451 1544 χαρᾶς
466 1508 512 1534 καὶ
533 1506 587 1534 οἷον
603 1509 620 1544 ἡ
637 1508 770 1544 παροιμία
781 1508 853 1542 λέγει
867 1509 913 1535 τὸν

129 1557 272 1592 σαρδάνιον
289 1564 296 1571 ’
313 1555 370 1582 ἐστι
386 1555 439 1590 γὰρ
461 1555 508 1580 καὶ
525 1554 638 1585 θάνατος
652 1554 717 1589 ἡδὺς
741 1555 758 1590 ἠ
780 1555 912 1590 ἁμαρτία.

127 1605 158 1631 Οἱ
169 1604 233 1638 γοῦν
247 1604 296 1638 τῆς
310 1603 406 1637 στενῆς
421 1601 479 1628 ὁδοῦ
492 1602 537 1628 καὶ
549 1601 616 1636 πρὸς
635 1601 720 1636 βραχὺ
731 1601 912 1636 τεθλιμμένης

126 1650 298 1680 ἐκκλίνοντες
318 1648 347 1674 τὸ
367 1647 456 1683 ἀηδὲς,
478 1647 527 1682 τὴν
546 1647 675 1673 πλατεῖαν
693 1646 720 1672 δὲ
735 1646 780 1672 καὶ
795 1646 913 1682 εὐρύχω-

128 1704 175 1731 ρον
202 1694 372 1729 ἀνθελόμενοι
396 1693 446 1727 τῆς
460 1692 565 1727 ἡδονῆς,
581 1693 629 1726 τῆς
651 1691 735 1722 ὅντως
752 1691 800 1726 μὲν
826 1691 912 1726 ζωῆς-

128 1740 321 1775 ὡλισθηκότες,
340 1739 406 1774 πρὸς
421 1738 469 1774 τὴν
483 1737 618 1764 ἀπώλειαν
634 1737 662 1763 δὲ
680 1737 782 1763 ἑαυτῶν
799 1738 914 1771 αὐτομο-

128 1787 249 1817 λοῦντες,
273 1785 440 1820 κακόχαρτον
452 1783 555 1818 γέλωτα
569 1783 678 1817 γελῶσι,
695 1783 741 1809 καὶ
758 1783 796 1817 τῷ
810 1783 913 1810 ἑαυτῶν

127 1832 236 1867 θανάτῳ
259 1831 450 1866 ἐφηδυνόμενοι
466 1829 681 1864 ἀναισθητοῦσιν.
701 1838 710 1854 ι
726 1828 783 1854 Νῦν
808 1829 913 1863 χθαμα-

127 1878 182 1910 λὺς,
192 1889 199 1904 ι
210 1887 237 1905 κ.
253 1887 278 1904 τ.
295 1877 332 1910 ἐξ.
348 1877 396 1903 Διὶ
412 1877 514 1903 τούτων
524 1876 552 1902 δὲ
564 1875 727 1910 σαφέστερον
739 1875 792 1901 τῶν
802 1875 914 1909 ὑποκρι-

127 1924 183 1950 τῶν
196 1923 227 1949 τὸ
242 1922 368 1950 ὰῦἐϐαιον
382 1921 565 1956 ἐπιμέμφεται
584 1921 630 1947 καὶ
647 1919 914 1951 ἀκατάστατονῶὖν,

128 1966 226 2001 λέγων,
239 1966 376 2002 χθαμαλός
399 1974 441 1997 τις
461 1965 641 2001 ὑποκρίνομαι
656 1966 703 1992 καὶ
722 1965 856 1997 ταπεινὸς,
869 1964 916 1992 νῦν

959 279 1024 306 bore
1039 284 1066 306 et
1076 279 1232 314 fatigatione
1244 278 1363 313 possedit
1377 279 1490 313 spiritus
1508 282 1535 305 et
1548 277 1656 306 tutavit.
1676 276 1740 302 dum

959 331 1039 351 omne
1064 325 1136 359 quod
1170 323 1286 351 faciliter
1311 322 1506 357 consequimur
1537 320 1741 355 contemptibile

959 370 1107 396 aestimatur
1128 374 1154 397 et
1165 369 1375 404 dedignandnm.
1400 377 1408 393 ι
1425 365 1500 402 Saepe
1518 367 1616 393 iterum
1634 366 1709 397 boni,
1728 375 1737 390 ι

960 419 986 442 ct
998 424 1055 451 seq.
1067 415 1184 442 Narrant
1198 415 1302 442 leonem
1318 415 1406 441 hieme
1427 414 1608 440 ambulantem
1621 417 1648 439 et
1662 419 1740 438 \‘cna-

959 465 1048 487 torum
1061 462 1246 496 aggressiones
1270 460 1416 495 fugientem
1434 459 1520 486 cauda
1537 458 1636 493 pedum
1655 458 1739 484 vesti-

960 507 1002 541 gia
1018 515 1128 533 suorum
1143 507 1203 534 nive
1220 506 1411 541 supervestire,
1433 505 1521 532 simile
1536 504 1636 539 aliquid
1656 508 1683 531 et
1703 503 1740 530 ibi

961 560 1041 586 agere
1055 552 1190 578 diabolum
1203 552 1268 578 dicit
1285 552 1413 586 magister
1427 560 1433 582 ;
1462 558 1533 585 saepe
1547 550 1610 577 boni
1630 554 1658 577 et
1676 550 1739 576 mali

960 598 1196 625 distinctionemin
1210 597 1245 632 pii
1260 597 1310 623 viri
1327 602 1415 623 monte
1431 597 1532 621 claram
1552 595 1681 622 Inimicus
1692 595 1742 621 fal-

961 642 1037 669 laciis
1049 643 1161 677 vestigia
1178 642 1298 677 vestigiis
1310 642 1437 676 operiens
1448 641 1601 668 obscuravit
1617 644 1644 667 et
1659 640 1738 666 ratio-

961 688 1040 715 ciniis
1051 688 1206 715 carnalibus
1215 687 1366 722 spiritualia
1376 686 1510 713 malitiose
1521 686 1689 720 conperiens,
1697 693 1742 712 (τοι

961 733 1107 768 gnitionem
1121 734 1184 760 boni
1197 733 1359 766 conturbat;
1379 732 1521 767 etquidem
1533 739 1596 758 caro
1609 732 1634 758 in
1647 739 1690 758 me
1703 739 1744 758 se-

961 779 1080 805 cundum
1098 780 1184 814 ipsius
1201 782 1326 806 natttram
1341 786 1402 814 qure
1424 781 1487 805 sunt
1502 778 1593 804 carnis
1611 779 1742 812 concupi-

962 825 1028 857 scit;
1045 828 1206 859 praeceptum
1222 828 1311 851 autem
1327 824 1425 859 quippe
1439 823 1511 858 quod
1527 823 1667 858 spiritnale
1682 830 1744 858 quae

962 870 1112 904 spiritualia
1123 871 1282 905 snntjubet,
1294 876 1320 898 et
1334 870 1366 896 ad
1377 870 1541 896 voluntatem
1553 869 1599 897 Dei
1614 870 1742 905 impellit;

962 915 1033 942 alittd
1044 915 1143 943 invidia
1161 916 1256 943 suadet
1273 916 1337 942 mali
1361 921 1388 942 et
1407 916 1477 942 ultra
1491 919 1547 942 tres
1563 915 1649 942 dichs
1671 917 1744 951 leges

961 962 1110 993 aeternitas,
1133 965 1159 988 et
1174 962 1362 996 pra-judicium
1388 961 1499 988 humani
1529 961 1663 988 ratiocinii
1679 969 1744 996 sup-

962 1007 1048 1041 ponit.
1072 1016 1081 1031 ι
1096 1006 1172 1040 Quod
1190 1007 1247 1038 odi,
1269 1007 1351 1038 facio,
1366 1016 1374 1031 ι
1394 1011 1474 1041 prout
1499 1007 1564 1034 dicit
1578 1007 1742 1042 Apostolus;

971 1053 1121 1082 (Nonenim
1129 1055 1277 1090 quodvolo‘
1287 1053 1351 1079 illud
1369 1052 1447 1084 facio,
1463 1053 1509 1079 sed
1522 1053 1594 1087 quod
1609 1053 1664 1086 Odi,
1677 1053 1745 1080 illud

963 1106 1034 1133 saepe
1050 1098 1180 1130 fai:io,iet
1197 1098 1268 1133 quod
1279 1103 1408 1132 tanquam
1426 1098 1559 1133 injustnm
1577 1103 1604 1126 ct
1621 1099 1744 1134 iniquum

963 1142 1094 1173 detestor,
1110 1142 1248 1177 voluptate
1271 1146 1317 1169 aut
1338 1143 1439 1169 invidia
1458 1143 1520 1169 Mali
1533 1144 1664 1178 deceptus
1675 1144 1745 1171 facio

962 1193 989 1215 et
1008 1188 1034 1215 in
1052 1188 1129 1216 malis
1145 1188 1274 1220 delector,
1291 1192 1318 1213 ct
1333 1187 1407 1214 ridco
1422 1189 1456 1215 de
1476 1193 1561 1215 morte
1583 1197 1640 1215 mea
1659 1197 1745 1216 mem-

963 1235 1019 1262 bris
1037 1235 1105 1262 meis
1121 1234 1213 1262 insita.
1234 1234 1310 1260 rideo
1333 1233 1419 1260 risum
1444 1234 1569 1268 pessimae
1589 1234 1745 1262 redundan-

964 1285 1016 1307 tem
1029 1280 1139 1313 lzctitiaa,
1159 1280 1266 1315 qualem
1282 1280 1542 1315 proverbium/dicit
1564 1281 1744 1314 sardonium;

964 1334 1025 1353 natn
1041 1330 1182 1362 peccatum
1201 1333 1274 1353 mors
1291 1328 1332 1352 est
1347 1326 1470 1360 quadam
1484 1326 1616 1360 jucunda.
1629 1326 1661 1353 Hi
1681 1335 1746 1362 ergo

963 1372 1009 1407 qui
1028 1373 1061 1399 ab
1076 1376 1196 1407 angusta:
1220 1372 1271 1398 viae
1286 1377 1312 1398 et
1338 1373 1538 1407 aliquantisper
1562 1377 1646 1399 arctat
1673 1373 1745 1407 inju-

963 1417 1052 1445 cundo
1067 1426 1095 1446 se
1114 1418 1266 1451 retrahunt,
1284 1419 1434 1453 spatiosam
1457 1419 1604 1453 voluptatis
1621 1424 1647 1446 et
1661 1419 1745 1446 latam

964 1465 1034 1490 viam
1050 1468 1257 1498 anteponentes,
1286 1464 1374 1499 reipsa
1390 1472 1404 1490 a
1422 1463 1476 1490 vita
1493 1465 1622 1491 cadentes
1641 1464 1674 1492 de
1697 1473 1746 1492 sua

967 1512 1087 1546 ipsorum
1102 1511 1222 1544 pernicie
1235 1510 1386 1544 transfugae
1408 1509 1524 1537 infelicis
1545 1511 1635 1545 gaudii
1659 1511 1746 1538 risum

966 1555 1055 1581 rident
1070 1557 1096 1581 ct
1112 1554 1137 1580 in
1151 1554 1259 1589 propria
1277 1559 1363 1580 morte
1385 1561 1435 1581 sna
1451 1555 1576 1581 laetantur
1598 1563 1678 1583 sensu
1701 1563 1747 1582 ca-

966 1604 1067 1628 rentes.
1085 1609 1095 1626 ι
1111 1598 1180 1626 Tum
1198 1600 1272 1626 humi
1295 1600 1429 1634 abjectns,
1450 1610 1459 1626 ι
1474 1604 1499 1627 et
1512 1608 1569 1635 scq.
1583 1601 1630 1628 His
1656 1602 1747 1629 verbis

967 1647 1096 1678 lucidius,
1111 1647 1189 1681 quasi
1206 1646 1391 1673 comoedorum
1422 1647 1547 1674 instabile
1567 1651 1594 1674 ct
1608 1647 1748 1675 inordina-

968 1697 1022 1719 tum
1037 1691 1140 1727 arguit;
1153 1692 1232 1722 Tum,
1248 1691 1295 1723 ait,
1317 1691 1391 1717 humi
1412 1692 1534 1725 abjcctus
1549 1697 1575 1719 et
1588 1693 1662 1725 vilis,
1690 1697 1748 1721 tum

966 1739 1065 1765 iterum
1081 1741 1189 1765 erectus
1206 1742 1232 1764 et
1253 1738 1354 1770 celsus,
1374 1738 1454 1765 hodie
1469 1740 1651 1774 arrogantiam
1663 1745 1690 1768 et
1704 1748 1749 1768 ar-

966 1785 1094 1818 rogantes
1109 1788 1286 1810 contemnens
1298 1788 1324 1810 et
1339 1783 1502 1818 deprimens,
1517 1792 1577 1812 cras
1593 1785 1650 1819 ipse
1669 1793 1747 1812 arro-

966 1836 1032 1864 gans
1041 1832 1066 1855 et
1084 1828 1283 1859 venditator,et
1297 1828 1367 1856 alius
1385 1829 1445 1855 aliis
1469 1829 1496 1856 in
1519 1831 1685 1864 temporibus
1701 1839 1748 1866 ap-

967 1877 1076 1906 parens,
1094 1871 1255 1906 polyporum
1272 1875 1395 1897 naturam
1412 1871 1514 1901 imitor,
1532 1872 1579 1906 qtti
1593 1872 1627 1898 ad
1643 1876 1747 1907 petram

968 1917 1012 1944 cui
1033 1916 1172 1943 adhazrent
1191 1917 1309 1943 colorem
1330 1916 1569 1945 accommodantes
1590 1919 1750 1952 perquiren-

970 1968 1023 1990 tem
1039 1962 1191 1996 decipiunt,

127 2012 157 2040 δὲ
182 2014 262 2041 πάλιν
280 2013 416 2049 μετέωρος
434 2013 481 2040 καὶ
494 2012 608 2048 ὑψηλὸς,
627 2013 745 2048 σήμερον
761 2013 810 2047 τὴν
835 2011 913 2047 ὓϐριν
932 2011 979 2037 καὶ
997 2011 1058 2041 τοὺς
1070 2009 1198 2044 ὑϐριστὰς
1217 2009 1321 2045 ἀτιμῶν
1337 2010 1383 2036 καὶ
1399 2010 1542 2045 διασύρων,
1564 2010 1655 2046 αὔριον
1669 2012 1750 2043 αὐτὸς

129 2060 259 2095 ὺῦριστὴς
273 2059 444 2094 δεικνύμενος
461 2059 505 2086 καὶ
519 2057 634 2089 ἀλαζὼν,
650 2059 697 2085 καὶ
715 2058 793 2089 ἄλλος
807 2059 835 2084 ὲν
851 2057 939 2089 ἄλλοις
958 2056 1094 2092 ὁρώμενος
1112 2057 1217 2091 καιροῖς
1233 2056 1302 2082 κατὰ
1316 2057 1364 2091 τὴν
1379 2057 1433 2082 τῶν
1447 2057 1602 2083 πολυπόδων
1620 2057 1748 2093 ἰδιότητα,

128 2106 154 2131 οἳ
167 2106 235 2141 πρὸς
250 2106 299 2141 τὴν
315 2106 518 2141 παρακειμένην
535 2105 625 2136 αὐτοῖς
645 2105 746 2141 πέτραν
762 2104 810 2140 τὴν
825 2104 918 2140 χροιὰν
936 2103 1145 2139 μεταϐάλλοντες
1154 2102 1183 2128 τὸ
1196 2102 1310 2137 θηρεῦον
1325 2102 1522 2136 διαφεύγουσιν.

128 2169 164 2196 45
182 2169 299 2204 Δάκρυα
324 2169 412 2203 θερμὰ
437 2169 528 2204 χέων·
554 2169 573 2202 ἡ
602 2168 627 2194 δ’
651 2169 686 2195 οὐ
709 2168 896 2204 συνέρευσεν

607 2203 758 2240 ίὰμαρτιὶς,
772 2212 797 2229 κ.
812 2212 836 2229 τ.
852 2203 875 2229 λ.

165 2269 225 2295 Ἐτι
246 2269 292 2295 καὶ
312 2268 355 2295 διὰ
376 2268 429 2294 τῶν
448 2268 634 2303 προκειμένων
663 2269 764 2294 τούτων
794 2267 867 2294 ἐπῶν
883 2268 914 2293 τὸ

129 2315 296 2351 παλίμϐολον
309 2316 355 2341 καὶ
380 2315 519 2350 ἁνίόρυτον
533 2314 664 2349 διελέγχει
676 2313 730 2339 τῶν
748 2313 912 2348 ὑποκριτῶν.

129 2363 184 2389 Καὶ
207 2362 261 2396 γὰρ
284 2369 348 2388 ποτε
371 2361 419 2395 μὲν
442 2360 557 2395 δάκρυον
583 2359 658 2394 έχεον
678 2359 708 2391 ἐξ
724 2358 879 2394 ὀφθαλμῶν,
896 2359 913 2393 ἡ

127 2408 255 2443 ἁμαρτὰς
262 2408 290 2434 δὲ
303 2407 377 2442 αὐτῷ
384 2407 414 2434 οὐ
426 2406 644 2442 συνεξέρρευσεν,
654 2406 746 2437 ἄλλαις
761 2405 789 2432 δὲ
806 2404 915 2440 ἀμπλα-

128 2456 202 2486 κίαις
215 2454 332 2489 συνεχῶς
347 2453 554 2489 ὲνεργουμέναις
565 2452 629 2479 ἄλλα
646 2452 752 2487 δάκρυα
761 2451 833 2477 ἔνδον
851 2459 914 2476 συν-

128 2501 233 2536 αγείρω
251 2508 258 2515 ·
272 2500 321 2534 τῆς
339 2499 392 2534 γὰρ
408 2499 539 2533 συνήθους
565 2497 725 2533 προλήψεως
745 2496 798 2523 τῶν
822 2496 914 2522 κακῶν

127 2547 177 2573 οὐκ
192 2546 385 2580 ἀφιστάμενος,
399 2545 459 2579 είκῆ
473 2543 506 2570 τὰ
528 2543 661 2578 φάρμακα
679 2542 728 2576 τῆς
744 2542 840 2573 ἰάσεως
853 2541 914 2567 ἐ.κέ-

127 2601 202 2618 νωσα
217 2600 224 2607 ·
239 2592 319 2618 πάλιν
329 2600 335 2606 ·
351 2591 391 2628 ξΓῇ
408 2590 489 2626 σαρκὶ
512 2590 560 2624 μὲν
575 2588 752 2624 παρθενεύειν
772 2596 816 2623 μοι
834 2587 913 2618 δοκῶ,

127 2638 265 2671 γυναικῶν
283 2637 422 2667 συνουσίας
441 2635 618 2670 ἀπεχόμενος,
629 2634 659 2660 οὐ
676 2633 749 2668 μάλα
767 2633 806 2666 δὲ,
821 2633 913 2668 φησὶν,

128 2682 197 2714 οἶδα,
215 2685 239 2710 εἰ
253 2684 300 2710 καὶ
313 2684 380 2718 αὐτῇ
397 2684 429 2717 τῇ
447 2681 566 2716 διανοίᾳ*
584 2680 680 2707 πάλιν·
696 2678 780 2710 Αἰδὼς
797 2678 914 2713 ὑποδρα-

130 2731 218 2765 μοῦσα
232 2730 353 2760 εὐλαϐῶς
366 2729 437 2755 ἔστιν
451 2729 495 2755 ὅτε
519 2727 596 2762 μύειν
611 2726 736 2753 ἀνέπεισε
748 2725 796 2760 τὴν
808 2725 913 2760 ὅρασιν,

129 2777 189 2808 νοῦς
205 2777 232 2803 δὲ
254 2775 391 2803 ἀνανεύων
412 2774 480 2809 μετὰ
501 2773 597 2809 μικρὸν
616 2772 759 2799 ἁνένευσεν
779 2770 911 2801 ἀναιδῶς·

129 2824 176 2851 καὶ
193 2823 261 2858 πρὸς
275 2822 324 2856 τὴν
337 2821 389 2847 τῶν
408 2820 552 2856 ἀλλοτρίων
571 2819 618 2854 μὲν
633 2817 796 2853 ἁμαρτάδων
812 2815 913 2851 ἀκρόα-

164 2891 219 2926 (ist
239 2892 260 2919 Δ
273 2898 329 2926 quo
346 2890 474 2925 scriptore
491 2890 547 2918 haec
561 2888 658 2916 tradita
674 2887 729 2915 sint
747 2886 847 2914 nescio.

966 2167 1000 2194 45
1013 2165 1115 2194 Calida:
1139 2166 1224 2200 [luunt
1249 2174 1280 2192 ex
1304 2166 1387 2192 oculis
1411 2168 1552 2201 (οτι-θηται,
1573 2175 1630 2236 [non
1661 2176 1752 2201 pecca-

1585 2207 1714 2233 lum,ete.

1585 2207 1649 2233 lum,
1662 2208 1714 2230 etc.

1000 2265 1040 2291 Ad
1060 2265 1111 2291 hoc
1131 2268 1157 2291 et
1178 2271 1226 2299 per
1243 2271 1324 2299 supra
1340 2264 1428 2299 posita
1448 2265 1570 2291 carmina
1590 2265 1641 2292 ista
1665 2266 1751 2292 insta—

965 2310 1020 2337 bile
1034 2315 1062 2338 et
1081 2311 1243 2337 inconstans
1257 2310 1348 2344 arguit
1370 2310 1510 2336 hominum
1526 2310 1657 2338 commdis
1674 2312 1752 2338 simi—

966 2355 1032 2382 lium
1049 2362 1055 2380 ι
1073 2363 1136 2382 nam
1156 2355 1304 2390 aliquando
1318 2355 1452 2390 lacrymas
1472 2354 1616 2382 fundebant
1639 2365 1669 2383 ex
1687 2364 1753 2383 Ocu-

967 2402 1013 2434 lis,
1039 2410 1089 2429 nec
1114 2409 1168 2429 una
1194 2409 1256 2428 cum
1280 2401 1341 2429 istis
1364 2406 1505 2436 Peccatum
1530 2401 1715 2434 auferebatur,
1736 2411 1752 2429 e

965 2451 1061 2474 contra
1075 2446 1136 2474 aliis
1150 2447 1281 2473 continuo
1296 2447 1452 2474 commissis
1473 2447 1560 2481 culpis
1576 2447 1690 2474 aliarum
1713 2449 1752 2474 la-

965 2499 1120 2526 crymarum
1143 2491 1217 2518 intus
1230 2499 1327 2518 causas
1342 2499 1494 2518 coacervo:
1517 2492 1563 2526 qui
1579 2492 1659 2520 solita
1683 2500 1752 2527 prae

964 2538 1120 2572 sumptione
1141 2537 1275 2564 malorum
1299 2544 1352 2564 non
1382 2537 1606 2572 abstinens,quaa
1630 2539 1750 2565 remedia

964 2583 1099 2610 sanationi
1118 2590 1180 2610 esse
1195 2583 1340 2614 debebant,
1356 2582 1460 2610 nullius
1483 2590 1545 2610 esse
1561 2583 1611 2610 feci
1624 2583 1748 2612 effectus.

965 2628 1180 2657 lterutn:(iarne
1201 2627 1317 2661 virginis
1343 2627 1429 2654 instar
1441 2627 1534 2654 vivere
1555 2627 1622 2654 mihi
1644 2628 1748 2660 videor,

964 2675 1106 2702 continens
1133 2674 1260 2701 tnulieres
1285 2681 1339 2700 non
1361 2680 1508 2708 cognosco,
1532 2674 1577 2708 qui
1601 2681 1655 2700 non
1683 2675 1744 2701 ideo

965 2720 1050 2756 magis
1062 2719 1134 2753 novi,
1152 2719 1250 2754 inquit,
1268 2719 1289 2746 si
1306 2724 1332 2747 et
1345 2719 1404 2754 ipso
1417 2719 1499 2746 corde
1511 2719 1552 2746 sic
1567 2719 1676 2754 gloriari
1695 2728 1749 2748 me-

963 2767 1016 2794 rito
1029 2766 1143 2801 possim.
1159 2765 1257 2793 lterum
1271 2774 1278 2792 ε
1293 2765 1423 2793 Modeslia
1440 2765 1483 2799 pie
1497 2773 1642 2793 accnrrens
1654 2766 1743 2793 locum

965 2814 1045 2841 habet
1065 2812 1216 2847 suadetque
1239 2812 1334 2840 oculos
1352 2811 1470 2846 dejicere
1490 2817 1515 2840 et
1544 2816 1604 2847 post
1624 2813 1752 2847 pusilum
