1936 3042
220 184 274 212 “9

221 244 331 271 animus
343 250 427 279 supra
438 243 553 278 erigitur
566 246 594 270 et
611 242 784 278 impudenter
799 242 828 270 in
842 243 926 270 altum
939 243 1010 278 aspi-

220 290 272 316 cit.
299 289 331 317 Et
354 289 471 316 aliorum
493 288 641 316 auditurus
665 289 760 324 culpas
780 289 875 316 solerti
897 288 1009 322 auditu,

222 335 368 363 emissitiis
392 335 481 362 oculis
502 342 566 362 cum
578 334 641 366 sim.
653 334 688 361 ad
708 342 830 362 mearum
853 334 1012 362 considera-

223 382 324 408 tionem
340 380 482 408 immemor
496 388 556 408 sum
570 385 598 407 et
612 381 786 409 tenebrosus.
806 380 838 407 Et
859 380 950 408 adhuc
965 381 1012 408 ite-

223 433 285 453 rum
306 436 313 454 :
333 426 459 454 Caelestis
480 427 507 453 in
532 427 706 454 sermonibus
725 432 752 454 ct
780 427 929 462 grandibus
951 435 1011 454 vcr-

223 472 277 504 bis,
293 479 383 500 mente
397 477 423 500 ct
436 474 650 508 cogitationibus
669 478 747 509 repto
761 479 897 501 terrenus.
917 484 926 499 α
945 473 1011 501 Sum

223 518 334 546 sedatus
344 523 371 546 et
380 527 510 553 serenus;
524 529 534 545 ι
548 527 664 547 serenus
674 527 724 554 ego
735 520 846 554 quando
855 519 1012 547 moderatus

223 568 250 591 ct
261 565 354 592 suavis
372 564 530 592 hominibus
545 572 674 599 appareo,
690 565 772 591 flante
788 569 878 591 autem
899 565 942 591 vel
964 572 1013 599 pa-

223 617 285 636 rum
300 617 384 645 parva
404 609 438 637 de
456 617 542 638 causa
566 611 619 642 ira,
635 611 706 638 sicut
730 618 805 638 mare
826 610 956 638 fluctibus
970 611 1013 637 in-

224 655 347 686 ﬂatus,ct
365 655 526 690 ailligentem
542 659 649 683 tumore
668 661 715 683 aut
729 657 810 683 etiam
828 656 955 684 manibus
971 656 1012 682 al-

224 706 304 729 terna
318 701 379 729 vice
397 702 516 737 amigere
535 706 610 737 opto.
630 710 679 729 nec
694 702 770 737 prius
786 702 903 729 sedabor
922 710 937 729 a
955 709 1013 729 mo-

225 749 301 775 tibus
316 747 383 783 quin
404 748 444 775 ira
460 747 554 775 sedata
570 748 605 776 sit
624 752 652 775 et
671 749 832 780 cessaverit,
849 748 959 784 quando
974 753 1014 776 tu-

224 801 301 820 more
315 801 374 828 quaa
390 793 524 820 aestuabat
541 797 742 827 consummato,
759 794 827 820 nihil
844 794 943 821 mirum
957 795 1010 821 erit

224 839 247 866 si
262 839 451 874 exstinguatur
464 839 652 866 inﬂammatio.

223 885 258 912 56
275 885 350 921 ξαιρε
363 885 444 912 etiam
456 890 524 912 recte
532 889 680 921 currentem
692 893 752 911 cum
763 893 807 919 spe
823 885 922 920 optima

222 921 257 947 57
273 920 307 947 Et
320 921 377 955 iam
390 920 463 947 ultra
479 920 594 947 mediam
611 921 796 956 vulgaremque
810 921 932 962 tilitatem
949 928 1011 962 per-

221 990 256 1019 58
266 990 361 1018 Subito
375 990 537 1026 prwcipitem
545 990 580 1017 ad
591 990 645 1017 ima
655 989 749 1024 dejecit
757 955 1010 1025 ρεειίίόιῖιίίὲξνῗίὲιῗίῖ

257 1069 346 1105 δωρε.
372 1069 462 1104 inquit
485 1069 594 1098 divinus
610 1069 757 1105 interpres,
786 1077 848 1097 cum
873 1069 946 1096 bona
963 1076 1011 1104 spe

219 1121 297 1144 recta
309 1119 466 1142 currentem
479 1118 506 1142 et
519 1115 552 1141 ad
571 1114 654 1141 Deum
671 1114 741 1142 bene
755 1115 930 1142 accedentem
941 1118 969 1141 et
983 1114 1010 1140 in

220 1160 311 1188 media
338 1160 441 1186 virtute
465 1159 633 1191 tendentem,
655 1159 711 1193 jam
736 1159 893 1194 proximum
919 1159 1010 1194 perfe-

220 1205 307 1233 ctioni
337 1204 427 1232 virum
447 1205 539 1231 subito
559 1204 748 1231 subintroiens
768 1204 872 1230 malitia
886 1208 1010 1231 retroce-

219 1252 385 1287 dentemque
397 1254 523 1278 evertens
539 1250 573 1277 ad
594 1249 703 1277 inﬁmos
721 1250 830 1278 virtutis
849 1250 950 1285 gradus
965 1257 1010 1277 re-

219 1296 286 1332 iecit
304 1300 331 1323 et
353 1296 387 1323 ad
403 1295 573 1322 noviciorum
601 1299 719 1328 statum;
747 1303 866 1330 namque
889 1295 960 1322 sicut
983 1294 1009 1321 hi

222 1343 270 1379 qui
286 1345 382 1370 contra
399 1349 490 1368 arena:
511 1341 596 1368 maris
612 1348 725 1368 acervos
748 1342 910 1372 ascendunt,
928 1341 1010 1368 simul

223 1397 256 1417 ac
276 1389 423 1417 mobilibus
448 1389 540 1416 arenis
563 1391 590 1415 et
615 1393 689 1415 retro
717 1387 885 1422 fugientibus
915 1387 1009 1422 pedem

221 1436 380 1468 admovent,
396 1435 512 1469 vestigio
532 1435 638 1461 incerto
658 1433 788 1466 titubant,
809 1437 892 1468 atque
917 1433 939 1461 si
960 1441 1006 1460 rc-

219 1486 298 1518 ptare
305 1486 332 1510 et
342 1489 472 1516 superare
479 1480 570 1508 conati
582 1481 646 1512 sint,
655 1480 722 1507 nihil
732 1480 862 1515 amplius,
874 1480 926 1507 nisi
935 1480 1008 1515 quod

218 1530 247 1557 in
258 1536 358 1556 vanum
374 1528 482 1555 labores
491 1532 519 1555 et
529 1527 703 1561 fatigationes
719 1530 900 1560 consumunt,
916 1526 1009 1562 profe-

219 1579 318 1603 cerunt
333 1583 341 1602 :
357 1574 412 1605 ita,
428 1573 528 1608 inquit,
545 1577 572 1600 et
591 1580 642 1601 nos
664 1572 700 1600 ad
717 1572 822 1600 lethum
841 1579 1010 1608 persequens

218 1619 359 1650 Inimicus,
371 1618 416 1646 ubi
434 1618 551 1653 primum
569 1621 664 1645 contra
679 1618 806 1645 sabulum
819 1618 1010 1646 inconstantiae

218 1664 417 1699 cogitationum
436 1663 554 1690 infertur
567 1670 645 1690 mens
661 1666 757 1690 nostra
772 1667 799 1690 et
810 1663 844 1690 ad
856 1662 920 1690 boni
934 1670 1011 1691 asse-

220 1710 358 1736 cutionem
384 1708 545 1736 desiderans
564 1709 674 1736 advolat
689 1713 717 1736 et
735 1709 879 1743 accingere
901 1717 931 1737 se
950 1713 1010 1737 ten-

219 1759 261 1782 tat
274 1755 301 1781 in
318 1754 429 1782 virtutis
441 1754 495 1786 via,
512 1754 615 1781 nullam
631 1761 693 1782 esse
710 1754 942 1789 progressionem,
959 1761 1009 1780 va-

219 1809 284 1828 num
304 1808 366 1829 esse
389 1800 515 1828 ardorem
539 1800 671 1828 ostendit.
697 1800 776 1828 Unde
798 1800 910 1835 inquit:
939 1799 1010 1828 Hinc

219 1847 350 1879 ascendo,
368 1847 478 1882 pietatis
497 1847 610 1882 gradum
634 1854 720 1873 unum
746 1846 862 1874 feliciter
875 1854 1010 1874 consecu-

219 1898 276 1921 tum
292 1893 378 1921 fuisse
395 1893 546 1924 conlidens,
565 1892 628 1920 inde
642 1900 706 1920 vero
719 1893 819 1920 iterum
832 1893 1009 1921 retrocedens

218 1939 308 1974 magis
321 1947 404 1974 quam
423 1939 511 1974 pridie
527 1946 542 1965 a
556 1938 725 1974 perfectione
743 1938 848 1972 cecidi;
865 1946 951 1974 quare
967 1947 1010 1966 re-

218 1985 324 2020 liquum
342 1989 385 2012 cst
399 1988 429 2011 ut
439 1991 545 2020 gemam
562 1983 754 2019 desperatione
771 1987 798 2012 et
821 1984 951 2012 maestitia
968 1988 1010 2011 ta-

218 2036 281 2060 ctus
297 2036 324 2059 et
341 2031 467 2063 afﬂictus,
484 2037 582 2065 meque
595 2030 732 2057 miserans
746 2029 882 2058 infelicem
897 2035 924 2057 et
936 2030 1010 2057 cala-

219 2077 308 2105 mitati
320 2077 546 2105 succumbentem
563 2077 664 2108 dicam,
673 2077 720 2111 qui
732 2083 840 2111 semper
854 2077 882 2104 in
898 2076 1009 2105 virtutis

217 2125 271 2152 viis
285 2131 397 2151 currere
407 2122 526 2157 conﬁdo,
544 2130 594 2150 nec
613 2129 734 2157 unquam
755 2123 789 2150 ad
803 2123 890 2158 ipsius
905 2127 1005 2151 metam

218 2169 359 2206 pervenio,
385 2176 492 2203 semper
522 2174 596 2196 metu
622 2169 826 2204 circumseptus
847 2176 947 2205 magno
972 2177 1008 2196 ne

218 2216 321 2244 bonum
339 2223 393 2242 non
408 2215 557 2250 attingam;
577 2223 625 2250 per
640 2219 755 2244 conatus
767 2219 794 2243 et
811 2216 906 2252 lorngos
929 2216 1007 2243 labo-

218 2271 263 2290 res
277 2262 324 2290 vix
346 2261 467 2302 quidem,
488 2261 535 2289 sed
552 2261 660 2289 tandem
675 2262 842 2290 destinatum
859 2267 1006 2290 assecutu-

217 2315 280 2336 rum
295 2315 338 2335 me
357 2307 459 2342 putavi,
481 2307 526 2342 qui
546 2307 674 2335 facillime
693 2315 814 2343 praeceps
829 2308 858 2335 in
876 2309 1007 2336 malitiam

219 2353 318 2381 cecidi.
335 2352 436 2380 lterum
455 2360 526 2387 saepe
539 2352 718 2388 prolongatur
736 2353 803 2380 mihi
819 2353 874 2381 vita
896 2354 1006 2382 virtutis

219 2399 346 2431 amatrix,
361 2398 460 2433 inquit,
473 2399 638 2426 solutionem
659 2406 674 2426 a
688 2399 744 2427 vita
769 2400 832 2426 nolo
848 2400 1008 2427 conversio-

218 2445 264 2473 nis
289 2452 346 2479 spe,
370 2444 541 2472 sanationem
561 2444 674 2479 cupiens
698 2445 815 2480 peccati,
838 2449 866 2473 et
883 2446 1005 2480 permul-

219 2497 261 2520 tos
289 2491 376 2526 longae
398 2491 460 2518 vita:
484 2490 555 2522 dies,
579 2498 635 2518 non
659 2491 751 2519 minus
781 2492 884 2519 malitia
906 2500 1007 2528 super-

218 2536 345 2569 abundo,
363 2537 464 2564 nedum
486 2537 696 2564 conversionem
716 2538 945 2573 sanationemque
963 2538 1006 2566 in-

217 2582 327 2608 veniam
355 2588 370 2608 a
397 2581 479 2608 malo.
506 2580 582 2608 Talis
611 2586 654 2609 est
678 2581 817 2609 hominum
846 2583 934 2611 virtus
960 2583 1006 2611 cui

219 2627 369 2655 secundum
394 2627 535 2662 proprium
559 2635 670 2655 sensum
697 2631 724 2655 et
741 2627 863 2655 studium
880 2637 910 2657 se
923 2637 1004 2657 exer-

219 2679 282 2702 cent
300 2679 328 2702 et
356 2682 410 2701 non
435 2675 463 2702 in
491 2674 668 2708 adjutorioJ.
692 2674 807 2703 Christi.
839 2685 849 2702 ‹
870 2675 932 2704 Ideo
957 2685 1006 2712 ge-

218 2720 279 2747 neri
295 2722 401 2750 nostro,
420 2727 431 2745 ι
458 2723 484 2746 et
509 2726 567 2754 seq.
590 2718 672 2749 Cum.
691 2719 791 2755 inquit,
807 2720 848 2748 sic
869 2721 1005 2749 instabilis

219 2769 248 2791 et
265 2763 443 2791 fundamento
461 2771 570 2796 carens,
590 2764 631 2792 sic
648 2764 766 2793 infectus
785 2769 812 2793 et
827 2766 1004 2802 imperfectus

256 2852 312 2888 (‘29)
332 2853 392 2891 Bill.
406 2861 439 2891 ex
462 2853 522 2881 cod.
541 2853 631 2882 Sirleti
652 2854 729 2882 all‘ert
743 2855 954 2891 ὲπιδεδασμένου
976 2861 1004 2884 et

219 2887 284 2928 eum
303 2888 388 2928 verba
401 2887 495 2928 Graeca
508 2894 640 2928 corrupta
659 2898 722 2919 esse
744 2887 892 2924 existimel,
910 2891 1003 2928 legen-

219 2924 284 2953 dum
298 2927 392 2953 censet
402 2923 628 2962 ἀποσκεδάσαιμι.

910 182 1057 211 NICETAS
1078 182 1182 212 DAVID

1802 181 1863 209 79.0

1063 252 1104 270 σιν
1123 243 1243 279 divisui];
1261 243 1370 278 γίνομαι
1395 243 1445 269 xui
1469 242 1616 278 ὀξυήκοος,
1632 240 1700 276 πρὸς
1723 242 1773 275 τὴν
1792 240 1862 267 ὲπί-

1064 289 1160 324 σκεψιν
1175 289 1204 315 δὲ
1220 288 1275 315 τῶν
1304 288 1376 314 ἰδίων
1402 287 1525 322 ἀφεγγὴς
1547 286 1594 313 καὶ
1609 286 1788 321 ἐπιλήσμων·
1808 286 1861 312 καὶ

1062 333 1096 362 αὖ
1124 335 1204 362 πάλιν
1223 343 1231 350 ·
1247 334 1379 369 Οὐράνιος
1399 333 1449 368 μὲν
1476 334 1506 359 έν
1533 332 1622 366 λόγοις
1649 332 1696 358 xui.
1717 331 1861 367 μεγαλοῤ-

1063 381 1249 417 ρημοσύναις,
1275 381 1304 406 ὲν
1330 380 1410 415 φρεσὶ
1433 379 1462 405 δὲ
1490 379 1537 405 xui
1564 379 1682 414 νοήμασι
1706 377 1863 413 χαμερπὴς

1063 429 1110 455 καὶ
1135 428 1296 463 ἐπιχθόνιος.
1315 437 1324 453 ί
1343 427 1408 462 Είμὶ
1433 425 1583 462 γαληνιὸων
1599 434 1628 452 τε
1652 425 1699 452 καὶ
1722 424 1826 456 εὔδιος.
1849 434 1860 450 ι

1062 475 1193 510 Γαλήνιος
1218 475 1290 500 ἐστιν
1314 474 1358 500 ὅτε
1384 474 1431 500 xui.
1461 473 1584 507 ἐπιεικὴς
1614 471 1660 498 καὶ
1683 471 1776 506 πραῢς
1801 473 1862 502 τοῖς

1062 519 1215 556 ἀνθρώποις
1238 518 1427 554 καθορώμενος
1449 527 1456 534 ·
1480 520 1503 545 εἰ
1527 518 1555 545 δέ
1583 527 1647 545 ποτε
1673 517 1784 552 πνεῦμα
1813 518 1862 552 ὁρ-

1063 565 1116 600 γῆς-
1139 566 1187 592 xui
1220 565 1318 600 μικρὸν
1342 566 1374 592 ἑκ
1406 565 1506 600 μικρᾶς
1537 564 1625 595 αἰτίας
1657 563 1860 593 ἁντιπνεύσει,

1063 609 1161 648 οἷάπερ
1178 611 1300 638 θάλασσα
1319 610 1422 646 κύμασι
1435 610 1613 646 φυσιούμενος
1630 610 1676 636 xui.
1694 609 1791 644 ὕϐρεσι
1811 609 1861 635 τὸν

1063 656 1202 683 λυποῦντα
1219 657 1235 692 ἢ
1258 657 1305 683 καὶ
1332 657 1425 692 χερσὶν
1443 656 1596 684 ἀντιλυπεῖν
1624 656 1788 692 ὀρεγόμενος
1800 676 1808 688 ,
1826 655 1859 681 οὐ

1064 703 1129 738 πρὶν
1152 703 1334 739 κατεστόρεσα
1358 703 1388 729 τὸ
1409 702 1523 738 φύσημα
1546 703 1611 738 πρὶν
1626 702 1642 737 ἢ
1660 702 1790 737 νηνεμίαν
1808 702 1859 728 καὶ

1064 748 1234 774 κατάπαυσιν
1244 748 1384 782 γεγονέναι
1399 747 1446 774 τοῦ
1461 747 1559 783 θυμοῦ,
1579 748 1658 782 ἡνίκα
1675 748 1706 783 δὴ
1723 748 1773 783 τὴν
1788 749 1858 774 ἀτα-

1064 794 1124 827 ξίαν
1137 794 1359 829 ἐπιδεδειγμένον
1375 794 1430 830 (Sil)
1444 794 1491 820 τοῦ
1513 794 1679 829 θυμοειδοῦς,
1694 794 1770 820 οὐδὲν
1786 793 1856 820 Bau-

1067 835 1168 870 μαστὸν
1182 836 1231 870 τὴν
1243 835 1324 862 αὐτοῦ
1339 836 1434 870 ἔξαψιν
1447 835 1602 870 σϐεσθῆναι.

1065 881 1099 909 56
1117 881 1251 909 Πολλὰκι
1271 882 1298 908 δ’
1310 882 1508 917 εὐδρομέοντα
1530 881 1590 909 σὺν
1606 881 1780 915 ἐλπωρῇσιν
1792 882 1858 916 ἀρί-

1063 951 1097 978 57
1118 952 1193 985 Ἤδη
1207 952 1260 978 παὶ
1281 951 1416 987 μεσότης
1437 951 1546 986 ἀρετῆς
1560 917 1820 986 ύπερελιτείῖιῗὲἓξ

1063 987 1096 1014 58
1122 987 1281 1021 Ἑξαπίνης
1293 987 1482 1022 παλίνορσον
1501 987 1559 1014 ὑπὸ
1571 987 1778 1057 προίτόδεσσιν
1788 987 1858 1048 i011-

1636 1031 1698 1054 κεν,
1716 1031 1742 1048 κ.
1755 1031 1780 1048 τ.
1811 1041 1818 1048 .

1098 1067 1242 1100 Πολλάκις,
1255 1068 1337 1103 φησὶν
1352 1068 1366 1095 ό
1381 1068 1458 1103 θεόλη
1464 1077 1540 1100 πτος,
1554 1068 1602 1095 σὺν
1621 1067 1738 1102 ἁγαθατς
1748 1068 1856 1094 ἐλπίσιν

1062 1112 1146 1148 ἄνδρα
1169 1112 1398 1149 εὐθυδρομοῦντα,
1415 1114 1463 1139 xui.
1489 1113 1558 1148 πρὸς
1573 1113 1639 1140 Θεὸν
1665 1113 1856 1148 εὐοδούμενον,

1062 1158 1109 1185 καὶ
1127 1159 1156 1184 ὲν
1174 1158 1302 1194 μεσότητι
1315 1158 1364 1193 τῆς
1384 1158 1485 1194 ἀρετῆς
1503 1159 1699 1194 ἐκτεινόμενον,
1715 1159 1762 1184 καὶ
1777 1157 1855 1191 ἐγγί-

1062 1203 1143 1236 ζοντα
1157 1204 1225 1240 πρὸς
1241 1205 1273 1230 τὸ
1298 1204 1411 1236 τέλειον,
1427 1204 1594 1237 ἐξαπιναίως
1616 1204 1854 1239 παρεισφθαρεῖσα

1061 1251 1145 1277 κακία
1157 1270 1165 1282 ,
1181 1251 1228 1277 xui
1251 1250 1450 1286 ὁπισθόρμητον
1481 1251 1562 1278 αὑτὸν
1587 1250 1763 1286 ἀνατρέψασα
1776 1270 1783 1282 ,
1802 1250 1856 1276 ὑπὸ

1061 1297 1123 1329 τοὺς
1135 1297 1272 1332 πρόποδας
1283 1298 1333 1332 τῆς
1346 1297 1448 1332 ἀρετῆς
1468 1297 1516 1324 καὶ
1531 1298 1580 1326 τὴν
1594 1297 1647 1323 τῶν
1668 1296 1855 1332 εἰσαγομένων

1061 1343 1226 1369 κατάστασιν
1237 1343 1364 1378 ἐθήκατο.
1377 1343 1432 1369 Καὶ
1443 1343 1497 1379 γὰρ
1510 1343 1604 1378 ὥσπερ
1617 1343 1642 1369 οἱ
1652 1343 1725 1370 κατὰ
1739 1343 1853 1378 ψάμμου

1061 1389 1208 1420 θαλασσίας
1234 1389 1317 1415 τόπον
1344 1389 1444 1424 ἀνάντη
1475 1389 1704 1424 προσϐαίνοντες,
1728 1389 1786 1424 ἅμα
1814 1389 1854 1423 τῷ

1061 1434 1248 1470 προσπελάσαι
1274 1434 1314 1470 τῷ
1335 1435 1407 1466 ποδὶ,
1434 1435 1612 1470 διαρρεούσης
1637 1435 1724 1470 αὐτῆς
1742 1436 1789 1462 xui
1813 1436 1854 1465 si;

1061 1481 1179 1507 τούπίσω
1201 1481 1365 1516 φερομένης,
1383 1481 1530 1507 ἁστατοῦσι
1545 1481 1594 1516 μὲν
1612 1480 1718 1512 τούτοις
1728 1481 1762 1507 τὰ
1780 1481 1851 1516 ἴχνη,

1061 1526 1259 1562 ἀναῤῥιχᾶσθαι
1274 1527 1330 1562 (50)
1342 1527 1370 1553 δὲ
1386 1527 1432 1553 καὶ
1452 1527 1608 1562 προϐαίνειν
1628 1526 1794 1562 πειρώμενοι
1809 1528 1851 1554 οὑ-

1060 1572 1104 1599 δὲν
1116 1573 1195 1599 πλέον
1207 1573 1254 1600 τοῦ
1271 1573 1371 1605 κόπους
1384 1574 1490 1604 ἑαυτοῖς
1504 1573 1632 1609 παρέχειν
1647 1574 1768 1605 εἰκαίους
1775 1573 1851 1600 ἀπώ-

1061 1627 1155 1645 ναντο·
1172 1618 1256 1651 οὕτω,
1271 1619 1354 1654 φησὶ,
1373 1620 1420 1646 xui.
1436 1621 1450 1646 ὁ
1464 1619 1585 1655 ὀλέθριος
1601 1619 1681 1654 ἡμῶν
1701 1620 1849 1654 Δυσμενὴς,

1060 1665 1098 1696 ὡς
1111 1664 1182 1691 κατὰ
1203 1665 1318 1700 ψάμμου
1334 1666 1386 1701 τῆς
1409 1665 1463 1692 τῶν
1485 1665 1624 1700 λογισμῶν
1650 1666 1786 1696 ἀστασίας
1802 1666 1850 1698 si;

1061 1710 1138 1746 ἡμῶν
1152 1711 1271 1742 διανοίας
1287 1711 1450 1746 φερομένης,
1469 1712 1516 1738 καὶ
1536 1713 1568 1747 τῇ
1587 1711 1721 1748 ἐπιθυμίᾳ
1736 1712 1783 1739 τοῦ
1802 1721 1851 1739 xu-

1060 1757 1108 1783 λοῦ
1123 1757 1324 1793 πτερουμένης,
1352 1758 1398 1784 καὶ
1413 1758 1514 1784 ἀνιέναι
1529 1759 1702 1795 πειρωμένης
1718 1759 1763 1785 τὸν
1774 1757 1850 1793 οἷμον

1059 1803 1110 1838 τῆς
1122 1803 1234 1839 ἀρετῆς,
1248 1804 1402 1840 ἀπρόκοπον
1419 1804 1592 1831 ἀποδείκνυσι
1606 1805 1655 1840 τὴν
1676 1805 1830 1841 προθυμίαν
1840 1813 1847 1820 ·

1059 1849 1093 1876 δι’
1117 1850 1144 1882 ὃ,
1165 1850 1242 1886 φησὶ,
1267 1850 1305 1885 πὴ
1323 1850 1373 1885 μὲν
1405 1850 1566 1885 ἀνέρχομαι,
1596 1850 1679 1886 μέρος
1710 1851 1848 1882 εὐσεϐείας

1059 1895 1183 1931 οἰόμενος
1206 1896 1368 1932 κατορθοῦν,
1392 1897 1431 1932 πὴ
1455 1897 1483 1923 δὲ
1507 1897 1624 1932 ἔμπαλιν
1648 1898 1847 1934 ὁπισθόρμητος

1059 1942 1252 1974 ἀπολισθαίνω,
1271 1942 1370 1978 μᾶλλον
1393 1943 1410 1978 ἦ
1429 1942 1523 1978 πρώην
1547 1942 1594 1969 τοῦ
1617 1943 1720 1970 τελείου
1749 1944 1848 1970 ἀποπε-

1059 1988 1191 2020 πτωκὼς·
1211 1989 1244 2015 δι’
1256 1988 1270 2015 ὃ
1283 1989 1330 2015 καὶ
1342 1989 1467 2024 ἀσχάλλω
1486 1989 1579 2016 λοιπὸν
1597 1989 1644 2016 καὶ
1659 1989 1792 2024 ἀδημονία
1803 1990 1847 2015 καὶ

1059 2035 1213 2069 ἀπογνώσει
1231 2035 1430 2070 ψηλαφώμενος
1447 2036 1494 2062 καὶ
1506 2035 1736 2070 κατώυνὼμενος,
1753 2036 1848 2062 δυσϐά-

1059 2090 1138 2109 νατον
1149 2082 1267 2117 ἐμαυτὸν
1283 2082 1329 2108 xui.
1345 2082 1435 2109 ἄθλιον
1450 2081 1637 2116 οἰκτιζόμενος
1656 2081 1796 2112 uri-exuit},
1809 2082 1846 2113 ὡς

1061 2129 1105 2155 ἀεὶ
1119 2129 1168 2162 μὲν
1192 2128 1295 2155 ὁδεύειν
1309 2129 1396 2155 δοκῶν
1415 2129 1460 2155 τὺν
1469 2129 1568 2165 δρόμον
1583 2129 1633 2163 τῆς
1652 2129 1764 2164 ἀρετῆς,
1776 2130 1846 2156 οὐδέ-

1061 2183 1105 2202 πω
1127 2175 1156 2201 δὲ
1175 2175 1207 2203 τὸ
1221 2175 1298 2208 τέλος
1319 2176 1404 2211 αὐτῆς
1420 2175 1576 2210 πεφθακὼς,
1590 2177 1632 2203 ἀεὶ
1654 2176 1729 2211 φόϐῳ
1741 2177 1844 2212 μεγάλῳ

1060 2221 1110 2256 τῆς
1127 2220 1173 2247 τοῦ
1199 2220 1303 2255 ἀγαθοῦ
1325 2220 1453 2253 ἀτευξίας
1480 2222 1749 2257 περιστοιχιζόμενος
1763 2229 1770 2235 θ
1789 2221 1844 2256 βίαν

1063 2266 1112 2301 μὲν
1123 2266 1171 2293 xui
1187 2266 1278 2298 πόνοις
1292 2267 1408 2302 μακροῖς
1420 2267 1496 2302 μόλις
1509 2276 1536 2293 τι
1547 2267 1696 2303 κατορθοῦν
1711 2267 1842 2302 νενόμικα.

1060 2313 1148 2348 ῥᾷστα
1161 2313 1189 2339 δὲ
1200 2313 1238 2344 ὡς
1256 2312 1448 2348 καταπρανοῦς
1462 2313 1530 2348 πρὸς
1544 2313 1646 2340 κακίαν
1659 2313 1842 2346 ἀπωλίσθησαδ

1059 2357 1141 2384 πάλιν
1158 2357 1308 2393 μηκύνεταί
1335 2367 1379 2393 μοι
1401 2357 1532 2390 πολλάκις
1544 2359 1558 2384 ὁ
1580 2357 1736 2394 φιλάρετος,
1756 2359 1832 2393 φησὶν

1059 2403 1116 2438 ἐγὼ
1127 2403 1155 2430 δὲ
1169 2403 1218 2439 τὴν
1231 2404 1308 2430 λύσιν
1321 2403 1371 2439 τῆς
1381 2403 1454 2439 ζωῆς
1464 2405 1494 2431 οὐ
1505 2404 1575 2431 θέλω
1590 2404 1678 2430 ἑλπίδι
1693 2405 1841 2439 μετανοίας,

1059 2449 1091 2477 τὸ
1106 2451 1155 2485 τῆς
1169 2450 1304 2486 ἁμαρτίας
1320 2450 1387 2485 ίαμα
1398 2449 1499 2483 ποθῶν,
1508 2451 1568 2483 ταῖς
1577 2451 1689 2482 πολλαῖς
1696 2451 1725 2477 δὲ
1735 2452 1783 2486 τῆς
1794 2460 1842 2486 μα-

1060 2496 1234 2530 κροϐιότητος
1246 2496 1363 2532 ἡμέραις
1373 2495 1422 2531 τὴν
1436 2496 1535 2523 κακίαν
1551 2496 1627 2523 οὐδὲν
1638 2494 1718 2532 ἦττον
1735 2498 1840 2524 πλεονά-

1059 2541 1125 2573 ζων,
1146 2542 1208 2568 οὒτε
1226 2542 1370 2577 μετάνοιαν
1382 2562 1390 2574 ,
1407 2541 1464 2569 οὔτ’
1483 2540 1529 2569 οὖν
1555 2542 1707 2578 θεραπείαν
1731 2544 1841 2579 εὑρίσκω

1058 2586 1106 2613 τοῦ
1125 2587 1211 2614 κακοῦ
1231 2595 1239 2603 ·
1263 2588 1310 2614 καὶ
1337 2589 1354 2624 ἡ
1371 2588 1421 2624 μὲν
1436 2588 1492 2614 τῶν
1514 2588 1667 2624 ἀνθρώπων
1689 2588 1797 2624 ἀρετὴῆ
1812 2598 1840 2622 γε

1058 2632 1130 2659 κατὰ
1146 2633 1194 2668 τὴν
1212 2633 1280 2659 ἰδίαν
1299 2633 1388 2660 αὐτῶν
1405 2633 1538 2668 ὑπόληψιν
1553 2634 1600 2660 καὶ
1619 2633 1737 2669 σπουδὴν
1755 2635 1840 2668 ἐπιτη-

1059 2678 1202 2714 δευομένη,
1216 2679 1263 2706 καὶ
1277 2680 1328 2706 οὐκ
1344 2681 1373 2707 ὲν
1386 2680 1500 2714 δυνάμει
1519 2679 1607 2715 Ἰησοῦ
1622 2680 1743 2715 τοιαύτη.

1191 2725 1335 2752 Τοῦνεκεν
1351 2725 1478 2761 ἡμετέρῃ
1503 2726 1602 2761 γενεῇ,
1617 2735 1635 2753 κ
1657 2736 1681 2754 τ.
1699 2728 1722 2754 ἑ.

1101 2770 1220 2808 Ἐπειδὴ,
1247 2774 1346 2808 φησιν,
1362 2771 1448 2804 οὕτως
1473 2772 1601 2804 ἀϐέϐαιος
1625 2773 1673 2800 καὶ
1695 2772 1836 2808 ἁνίδρυτοῖ,

1058 2858 1159 2922 xl
1177 2859 1468 2897 Ἀιάρῤιχᾶσθαι.5ἱε
1478 2861 1564 2889 codex
1576 2860 1737 2895 Bckkcr.;v.
1747 2861 1837 2889 Ancrd.

1107 2914 1169 2929 λ...-
