1936 3042
107 151 156 178 τ21
621 147 655 175 IN
666 146 822 176 CARMINA
839 144 981 174 ABCANA
999 144 1029 173 S.
1047 143 1223 173 GREGORII.

105 210 195 240 οὓτως
208 208 339 244 ἀνήνυτος
357 208 405 234 καὶ
417 207 559 239 ἀτέλεστος
573 197 588 233 ό
600 206 671 242 ὑπὲρ
687 206 788 242 ἀρετῆς
806 206 897 238 πόνος,

106 255 155 282 καὶ
169 255 252 286 κόπος
264 244 332 280 Θεοῦ
346 253 487 289 δυνάμεως
500 253 559 289 δίχα
571 254 627 285 τοῖς
638 252 791 289 ἀνθρώποις
804 254 898 288 ἐπιτη-

105 301 261 336 δευόμενος,
271 301 363 326 τούτου
371 308 402 334 γε
410 300 442 335 δὴ
450 300 529 334 χάριν
539 301 571 335 τῇ
583 299 644 326 καθ’
653 300 725 334 ἡμᾶς
734 297 898 334 ταλαιπώρῳ

106 348 190 382 γενεᾷ
205 347 292 383 ταύτῃ
311 346 391 373 τοῦτο
413 346 443 373 τὸ
458 346 546 382 δόγμα
567 345 830 381 προδιωμολογήσθω
850 345 898 371 καὶ

107 393 321 429 προῦποκείσθω
333 392 373 428 τῷ
384 392 432 428 νῷ.

106 440 142 467 68
164 440 265 474 Πρώτη
278 439 336 474 μὲν
353 439 472 474 Τριάδος
490 439 604 473 καθαρὴ
619 439 722 473 φύσις,
738 448 764 466 κ.
776 447 799 465 τ.
809 438 834 466 λ.

142 486 229 512 Τοῦτο
253 485 340 520 δόγμα
366 485 416 520 τῆς
441 485 671 520 θεολογικωτάτης
691 485 731 520 τῷ
753 485 808 511 δντι
822 484 896 517 ἄξιον

107 531 217 567 φρενὸς,
235 529 346 565 πρώτην
358 530 482 566 καθαρὰν
497 530 577 565 φύσιν
602 531 648 557 καὶ
662 531 762 566 ἀρετῆς
785 530 896 565 ἁπάσης

107 573 230 608 πηγαίαν
243 574 330 609 ἀρχὴν
346 574 456 605 εἰδέναι,
471 575 520 610 τὴν
534 575 746 610 τρισυπόστατον
761 574 894 609 θεότητα·

107 618 191 649 εὐθὺς
207 617 235 643 δὲ
254 618 311 652 μετ’
323 618 408 654 αὐτὴν
432 619 481 654 τὴν
507 619 655 655 ἀγγελικὴν
674 620 720 645 καὶ
743 619 871 655 οὐρανίαν
886 627 893 635 ·

106 662 188 697 τρίτη
203 662 230 689 δὲ
248 662 299 697 ἄρα
315 663 394 697 φύσις
418 663 530 699 μέτοχος
541 663 587 690 τοῦ
605 664 688 691 καλοῦ
705 664 753 690 καὶ
764 664 814 698 τῆς
828 664 894 699 ἀρε-

107 709 158 744 τῆς
174 709 189 735 ὁ
210 708 361 744 ἄνθρωπος,
382 709 412 740 ὃς
429 710 630 745 ἁμφιτάλαντος
649 710 696 736 καὶ
717 709 894 745 ἀμφιρῤεπὴς

107 754 221 789 ἐκτίσθη
240 755 300 781 κατ’
327 755 429 790 ἀρχάς·
448 756 549 791 μεταξὺ
578 756 628 791 τῆς
653 765 683 782 τε
710 756 769 782 κατ’
794 756 895 792 ἀρετὴν

108 800 183 834 ζωῆς
198 801 244 827 καὶ
261 800 308 826 τοῦ
326 801 396 827 κατὰ
410 801 458 836 τὴν
475 801 612 836 ἁμαρτίαν
629 802 743 828 θανάτου
760 801 893 836 ἑστηκὼς,

108 846 158 872 καὶ
182 846 388 882 μεγαλοπρεπὲς
409 847 458 882 μὲν
481 847 556 879 τέλος
573 847 642 882 ἔχων
656 847 703 874 τοῦ
724 849 784 874 κατ’
793 848 894 883 ἀρετὴν

107 891 182 926 βίου,
202 891 233 917 τὸ
255 893 312 918 υἱὸν
335 893 461 927 γενέσθαι
479 893 547 919 Θεοῦ
566 893 676 928 δηλαδὴ,
697 893 844 929 ἑπίμοχθον
865 894 894 920 δὲ

106 939 156 964 καὶ
175 938 302 964 ἐπίπονον
328 938 425 974 κομιδῇ
442 939 513 974 (51),
527 938 606 974 εἴπερ
621 940 672 965 κᾶν
684 940 729 966 ἐπὶ
744 940 830 975 βραχὺ
846 940 895 971 τὰς

105 985 157 1020 τῆς
179 985 278 1016 κακίας
298 985 384 1016 πύλας
408 985 596 1021 παρανοίξειεν
611 993 617 1000 ·
635 986 713 1012 τοῦτο
738 988 792 1022 γὰρ
816 984 897 1013 ἆθλον

105 1031 157 1065 τῆς
165 1031 235 1065 ἐμῆς
251 1031 370 1062 διανοίας
386 1031 520 1067 ὲναρέτως
538 1031 648 1067 βιούσης
661 1033 675 1058 ὁ
687 1032 818 1067 ’Υψιστος
827 1041 897 1067 παρ-

106 1076 198 1110 έχεται
203 1096 210 1102 .

227 1122 330 1155 Κεῗνος
348 1123 374 1148 δ’
396 1122 481 1150 ἐστὶν
499 1123 631 1157 ἄριστος,
653 1133 680 1151 κ.
696 1132 720 1150 τ.
739 1124 769 1156 ἐξ

142 1163 227 1197 Οὗτος
241 1167 361 1202 ἄριστος,
369 1166 445 1200 οὗτος
460 1169 578 1205 ἐργάτης
593 1169 693 1201 τέλειος
703 1169 851 1205 ἀρετῆς,ὃς
868 1171 897 1197 ὲν

108 1212 185 1247 μέσῳ
204 1214 300 1246 γενεᾶς
326 1214 435 1246 σκολιᾶς
459 1215 505 1241 καὶ
521 1216 609 1250 κακῆς
635 1215 734 1250 μέτριά
753 1224 814 1242 τινα
836 1216 896 1253 ἴχνη

107 1258 208 1290 κακίας
221 1260 367 1293 ἐπιφαίνει,
379 1260 473 1296 θερμῷ
489 1260 518 1287 δὲ
533 1261 578 1287 τοῦ
598 1261 725 1296 Ὑψίστου
735 1261 816 1297 ἔρωτι
830 1262 898 1297 πρὸς

105 1304 222 1339 οὐρανὸν
235 1304 382 1338 ἀνανεύων,
393 1306 595 1341 συντεταμένως
609 1307 711 1344 τρέχει,
728 1307 798 1333 κατὰ
811 1309 896 1334 νώτου

105 1350 135 1377 δὲ
153 1350 202 1386 τὴν
218 1351 315 1378 κακίαν
339 1352 442 1379 διώκων
461 1352 572 1385 ἐξωθεῖ,
589 1353 684 1389 ὥσπερ
704 1362 746 1385 τις
765 1355 897 1389 ποτάμιος

106 1396 173 1432 ῥοῦς
191 1397 270 1424 ἄλλον
281 1398 342 1424 τινὰ
363 1398 427 1432 ῥοῦν
442 1399 544 1434 τραχύν
560 1408 590 1425 τε
617 1400 664 1426 καὶ
679 1400 774 1434 ἄγριον
789 1401 836 1426 καὶ
851 1401 897 1427 θο-

106 1441 186 1476 λερὸν
206 1443 496 1478 ἁποδιοπομπούμενος
509 1444 557 1470 καὶ
579 1444 800 1480 ἀποτρεπόμενος
811 1453 818 1460 ⁸
834 1446 858 1471 εί
869 1445 898 1473 δέ

106 1495 173 1514 ποτε
188 1489 234 1514 καὶ
249 1489 438 1524 παραμίγνυτό
452 1498 478 1515 τι
498 1490 607 1522 κακίας,
622 1490 715 1525 ὥσπερ
731 1491 770 1526 τῷ
786 1491 898 1528 καθαρῷ

107 1534 226 1568 ῥεύματι
250 1533 298 1560 τοῦ
319 1534 413 1566 ὕδατος
433 1535 464 1561 ἐκ
483 1535 530 1561 τοῦ
551 1535 660 1571 θολεροῦ
673 1537 703 1563 τὸ
722 1537 769 1563 τοῦ
785 1537 897 1569 διειδοῦς

106 1580 303 1615 ὑπερϐάλλοντι
321 1580 452 1616 νάματος,
468 1581 497 1607 τὸ
514 1581 621 1613 ἰλυῶδες
637 1582 830 1614 ἀποκλύζεται,
848 1583 895 1609 καὶ

105 1626 158 1652 οὐκ
174 1627 299 1661 ἐπίδηλον
324 1627 374 1662 τὴν
398 1627 446 1662 τῆς
471 1627 560 1662 ψυχῆς
575 1628 718 1662 ὑποφαίνει
735 1628 870 1664 ῥυπαρίαν
886 1637 893 1644 ·

105 1671 178 1706 αὕτη
211 1671 260 1705 μὲν
289 1671 336 1697 τοῦ
363 1672 490 1698 συνθέτου
515 1672 658 1708 ανθρώπου
683 1673 768 1709 ἀρετὴ
789 1674 895 1701 τελείαν

105 1716 229 1751 ὲνήσθω·
246 1717 339 1743 τούτου
361 1718 389 1744 δὲ
402 1719 432 1744 τὸ
448 1718 528 1744 πλέον
549 1719 578 1745 ἐν
594 1720 649 1750 τοῖς
670 1719 805 1754 οὐρανίοις
825 1720 896 1752 νόοις

105 1762 293 1789 πιστευέσθω·
307 1764 331 1789 εί
345 1763 374 1789 δέ
389 1772 430 1794 τις
449 1763 565 1790 ἐνταῦθα
582 1766 641 1800 μετ’
653 1764 805 1800 ἀνθρώπων
821 1765 895 1800 βιοὺς

105 1809 173 1835 Θεὸν
201 1809 264 1836 ίδείν
284 1811 457 1846 κατηξιώθη.
473 1811 511 1842 ὠς
531 1811 652 1846 Μωῡσῆς
667 1813 714 1839 καὶ
734 1813 856 1845 Ἡσαΐας,
876 1813 893 1848 ἢ

106 1857 197 1892 σάρκα
213 1857 325 1892 βαρεῖαν
346 1857 502 1891 κουφισθεὶς
519 1858 558 1889 είς
582 1859 695 1894 οὐρανὸν
710 1859 895 1895 ἀναδεδραμή-

1680 138 1735 167 722

951 216 1030 243 labor
1049 214 1083 242 ad
1101 213 1296 250 acquirendam
1317 212 1446 240 virtutem
1466 211 1569 246 absque
1590 209 1637 237 Dei
1658 208 1737 244 adju-

951 261 1023 289 torio
1036 260 1071 288 ab
1089 259 1248 287 hominibus
1262 262 1434 291 exerceatur,
1450 257 1512 284 ideo
1526 259 1621 284 nostro
1642 255 1746 290 generi,

950 308 985 335 ad
999 307 1025 335 id
1041 315 1130 342 usque
1148 306 1251 334 misero
1265 305 1331 332 illud
1348 304 1445 340 dogma
1459 304 1487 330 in
1500 303 1590 330 animo
1605 301 1748 337 deligatur,

948 357 977 381 et
997 358 1061 381 ante
1075 353 1128 380 alia
1146 353 1329 387 imprimatur.

949 442 983 470 68
998 441 1093 469 Prima
1108 442 1212 477 quidem
1231 441 1371 468 Trinitatis
1388 448 1455 474 pura
1474 443 1584 470 natura.
1601 441 1655 465 etc.

983 487 1084 522 Reipsa
1107 486 1252 521 theologici
1281 485 1383 520 ingenii
1408 484 1520 519 dignum
1547 482 1614 510 illud
1635 481 1746 517 dogmas

947 539 1039 564 nosse,
1053 539 1150 566 nempe
1165 531 1280 566 primam
1293 537 1388 565 puram
1400 534 1525 556 naturam
1540 533 1567 555 et
1580 528 1670 556 omnis
1679 527 1735 556 vir-

947 578 1015 606 tutis
1038 577 1203 613 principium
1226 580 1254 604 et
1277 576 1377 604 fontem
1402 582 1464 603 esse
1484 575 1586 602 trinum
1610 574 1747 609 personis.

947 624 1043 657 Deum;
1052 631 1132 659 quem
1142 623 1296 651 immediate
1303 622 1426 658 sequitur
1432 621 1554 656 angelica
1564 625 1590 647 et
1601 619 1734 653 caelestis;

947 670 1028 697 tertia
1039 674 1141 697 natura
1152 669 1217 696 boni
1229 673 1256 696 et
1266 668 1377 696 virtutis
1388 667 1525 702 particeps
1545 667 1626 693 homo
1639 666 1686 701 qui
1700 665 1746 694 ab.

947 715 1025 742 initio
1041 715 1075 742 ad
1090 715 1145 742 duo
1160 722 1312 749 suspensus
1326 717 1353 740 et
1363 721 1467 748 pronus
1482 716 1591 740 creatus
1605 716 1665 740 est:
1681 718 1741 738 me-

947 760 1010 787 dius
1025 760 1097 787 inter
1104 759 1214 792 virtutis
1224 760 1307 787 vitam
1315 762 1342 786 et
1358 758 1461 793 peccati
1472 763 1601 789 mortem,
1617 761 1645 785 et
1654 756 1737 785 subli-

947 813 1018 832 mem
1034 805 1181 832 terminum
1199 805 1304 832 habens
1316 803 1379 830 vita:
1391 803 1493 830 virtute
1507 802 1633 837 insignis,
1649 801 1736 829 tilium

947 849 995 877 Dei
1016 851 1126 878 realiter
1147 849 1219 882 ﬁeri,
1242 856 1428 876 aerumnosum
1450 855 1516 876 vero
1537 853 1564 875 et
1589 847 1737 875 molestum

946 895 1025 923 valde
1038 896 1060 923 si
1077 896 1118 923 vel
1131 896 1275 923 minimum
1294 894 1406 922 malitia:
1421 898 1515 930 portas
1534 893 1647 928 aperiat.
1667 892 1736 920 Illud

947 943 1019 970 enim
1033 942 1168 975 bravium,
1180 941 1357 977 intelligentia
1372 948 1435 968 eum
1450 940 1549 967 virtute
1564 941 1671 967 vivente
1692 947 1736 966 me

948 989 982 1016 ab
997 989 1139 1016 Altissimo
1160 992 1262 1015 manet.
1292 996 1300 1013 I
1316 987 1369 1015 lste
1389 990 1432 1014 est
1456 986 1586 1022 optimus.
1604 996 1614 1012 ι
1631 989 1658 1013 et
1676 993 1735 1020 seq.

947 1035 1073 1070 Optimus
1097 1035 1151 1066 ille,
1177 1035 1222 1063 ille
1236 1035 1346 1062 virtutis
1359 1034 1495 1069 perfectus
1520 1034 1620 1065 cultor,
1645 1032 1692 1067 qui
1708 1032 1737 1060 in

948 1084 1046 1107 natura
1062 1087 1191 1115 perversa
1204 1083 1231 1107 et
1245 1080 1316 1106 mala
1339 1080 1410 1107 levia
1426 1079 1551 1115 quaedam
1572 1078 1681 1105 malitia:
1691 1086 1737 1105 ve-

948 1125 1027 1160 stigia
1041 1125 1177 1160 praebens,
1194 1124 1299 1152 fervido
1321 1124 1455 1152 Altissimi
1478 1131 1572 1151 amore
1586 1123 1619 1150 ad
1636 1123 1737 1150 cwlum

948 1170 1045 1203 tendit,
1060 1169 1246 1197 indesinenter
1258 1169 1342 1201 volat,
1356 1174 1417 1204 post
1429 1173 1536 1204 tergum
1550 1172 1640 1196 autem
1656 1168 1736 1195 mali-

948 1216 1014 1243 tiam
1034 1215 1124 1250 rejicit
1141 1219 1169 1242 et
1194 1214 1286 1250 fugat;
1300 1215 1531 1250 quemadmodum
1548 1222 1663 1241 currens
1685 1213 1737 1241 ﬂu-

948 1269 1010 1289 men
1035 1262 1118 1289 alium
1145 1265 1295 1288 torrentem
1326 1260 1465 1296 fragosum
1484 1264 1513 1287 et
1537 1260 1736 1287 tumultuosum

947 1307 1075 1342 propellit
1092 1312 1119 1335 et
1134 1306 1224 1341 rejicit
1237 1316 1244 1339 ;
1259 1311 1286 1334 et
1301 1307 1324 1334 si
1344 1307 1409 1342 quid
1421 1306 1484 1334 mali
1496 1305 1737 1337 intermisceretur,

948 1354 1022 1380 velut
1036 1361 1097 1381 eum
1111 1361 1210 1388 purum
1229 1353 1330 1380 flumen
1348 1360 1396 1388 per
1406 1351 1510 1380 turbidi
1520 1352 1635 1379 alterius
1650 1359 1736 1387 aquas

949 1399 1050 1433 trajicit
1062 1399 1189 1434 limpidas
1208 1400 1250 1426 sui
1264 1399 1351 1434 ipsius
1366 1399 1464 1430 undas,
1483 1402 1549 1425 tunc
1563 1398 1636 1432 quod
1650 1398 1737 1424 limo-

947 1453 1007 1473 sum
1023 1448 1083 1472 erat
1098 1449 1278 1480 expurgatur,
1291 1448 1319 1472 et
1342 1445 1444 1472 revelat
1465 1445 1542 1479 prius
1556 1444 1663 1479 ignotas
1677 1443 1738 1470 ani»

948 1498 998 1518 ma:
1024 1490 1129 1518 sordes.
1151 1490 1276 1517 Hominis
1296 1491 1403 1526 agentis
1424 1490 1511 1518 virtus
1525 1490 1552 1516 in
1569 1489 1736 1524 perfectione

948 1540 1066 1569 constet,
1081 1537 1141 1571 ipse
1158 1540 1249 1563 autem
1265 1536 1353 1571 magis
1369 1536 1395 1563 in
1411 1536 1572 1564 cmlestibus
1593 1534 1736 1570 spiritibus

923 1596 926 1600 -
947 1582 1076 1609 confidat.
1095 1581 1123 1609 Si
1138 1582 1201 1617 quis
1218 1586 1309 1610 autem
1325 1582 1370 1610 hic
1395 1590 1455 1610 cum
1474 1581 1628 1609 hominibus
1641 1581 1737 1608 vivens

948 1628 1032 1656 Deum
1048 1630 1141 1656 videre
1153 1629 1282 1663 dignatus
1301 1628 1392 1661 fuerit,
1403 1629 1477 1656 velut
1488 1627 1594 1664 Moyses
1602 1632 1630 1654 et
1641 1627 1734 1659 Isaias,

947 1676 1004 1702 sive
1019 1676 1046 1702 in
1056 1682 1139 1702 carne
1151 1675 1227 1710 gravi
1243 1675 1330 1702 levior
1346 1674 1434 1702 factus
1451 1675 1478 1702 in
1489 1675 1590 1702 cwlum
1606 1673 1639 1700 ad
1650 1673 1736 1700 Deum

947 1721 1035 1748 instar
1055 1720 1147 1748 Enoch
1171 1724 1199 1748 et
1214 1719 1280 1748 Elia:
1303 1720 1461 1751 avolaverit,
1487 1718 1575 1754 gloria
1596 1723 1622 1746 et
1649 1718 1737 1745 honor

948 1767 1004 1794 Deo
1022 1767 1086 1799 Soli,
1113 1766 1239 1794 homines
1265 1770 1356 1793 autem
1381 1765 1515 1793 modestia
1536 1765 1564 1792 in
1586 1765 1688 1791 virtute
1709 1767 1737 1790 et

948 1813 1065 1841 elatione
1083 1812 1201 1840 maxime
1215 1811 1326 1847 expedit
1348 1811 1540 1847 supervestiri,
1564 1811 1647 1846 idque
1662 1810 1737 1837 salu-

948 1863 1006 1886 tare
1019 1861 1137 1886 constat.

106 1913 150 1930 κει
163 1904 230 1939 πρὸς
252 1903 332 1935 Θεὸν.
345 1904 383 1935 ὼς
405 1903 489 1939 Ἑνώχ
502 1913 533 1930 τε
546 1904 626 1935 αὐτὸς
639 1905 686 1931 καὶ
703 1905 794 1936 Ἠλίας
810 1906 876 1941 (52),
893 1906 971 1933 τοῦτο
987 1905 1051 1937 δόξα
1063 1903 1131 1930 Θεοῦ
1146 1904 1193 1930 καὶ
1203 1904 1270 1939 τιμὴ
1282 1903 1380 1939 δηλαδή
1391 1912 1397 1918 ·
1409 1903 1507 1939 μέτρον
1521 1903 1550 1929 δὲ
1561 1904 1617 1935 τοῖς
1634 1901 1737 1938 ἀνθρώ-

106 1959 169 1981 ποις
184 1951 234 1985 τῆς
252 1950 351 1985 ἀρετῆς
368 1951 413 1976 καὶ
435 1950 484 1985 τῆς
501 1950 630 1985 ὑψώσεως
645 1951 865 1980 λυσιτελέστατον
882 1951 1076 1987 ἐπιϐεϐλῆσθαι
1089 1951 1137 1978 καὶ¹
1150 1950 1330 1987 σωτηριῶδες.

149 2006 274 2046 ξιρᾰγε
280 2014 323 2032 τοι
327 2006 378 2045 καὶ
385 2006 492 2046 τοῦτον
497 2006 553 2046 ὲγςὼ
560 2007 656 2046 λόγοις
662 2007 697 2046 ἐγ
706 2007 793 2046 φρεσὶ
803 2007 896 2046 eligo),

105 2043 142 2070 86
151 2041 217 2074 Πῶς
236 2049 290 2068 κεν
303 2041 359 2075 τῆς
371 2041 504 2076 μεγάλης
518 2041 628 2075 ἀρετῆς
644 2041 697 2113 ἐπὶ
710 2042 820 2069 τέλσον
834 2043 898 2103 ἕκη-

698 2086 742 2110 αι,
760 2086 785 2104 κ.
797 2086 822 2104 τ.
854 2098 860 2105 .

698 2086 742 2110 αι,
760 2086 785 2104 κ.
797 2086 822 2104 τ.
837 2086 860 2105 Λ.

140 2131 205 2160 Εἶεν
218 2132 250 2167 δὴ
272 2129 319 2158 οῦν
337 2132 384 2158 καὶ
412 2131 505 2158 τοῦτον
533 2132 588 2165 ἐγὼ
608 2132 654 2159 τον
672 2132 750 2166 λόγον
768 2134 827 2164 ταῖς
839 2133 899 2164 σαῖς

106 2179 300 2214 παραθήσομαι
316 2178 422 2212 φρεσὶν,
442 2179 458 2212 ὴ
477 2178 600 2211 θεολόγος
614 2178 738 2210 σαλπίζει
753 2179 838 2214 φωνή.
851 2179 899 2210 Τίς

105 2225 134 2251 δὲ
148 2225 162 2250 ὁ
177 2224 269 2257 λάγοςι
283 2223 344 2254 Πῶς
358 2223 392 2249 ἂν
408 2225 447 2254 είς
462 2223 618 2258 τελειότητα
629 2224 679 2259 τῆς
699 2224 820 2259 μεγάλης
833 2224 898 2259 ἀφί-

106 2281 166 2299 κοιο
195 2271 305 2306 ἀρετῆς,
325 2271 385 2306 ἥτις
407 2271 472 2306 μόνη
491 2271 597 2306 καθαρὰ
613 2271 693 2298 θυσία
707 2271 746 2306 τῷ
762 2272 834 2307 μόνῳ
849 2272 899 2306 τὴν

105 2318 189 2351 φύσιν
217 2316 334 2351 ὑπάρχει
359 2315 484 2351 καθαρῷ;
506 2316 562 2342 Οὐκ
578 2314 654 2351 οἶμαι
678 2316 717 2348 δὲ,
738 2316 814 2350 φησὶ,
828 2317 900 2343 κατὰ

104 2363 152 2389 τὸν
169 2363 290 2396 παρόντα
303 2361 359 2396 βίον
369 2361 415 2387 τοῦ
426 2362 577 2397 ἀκροτάτου
584 2362 801 2397 καταδράξασθαι
807 2362 900 2394 τέλους

105 2409 192 2443 αὐτῆς
202 2416 208 2422 ·
227 2407 310 2439 πολὺς
322 2407 376 2443 γὰρ
387 2407 523 2439 ὁκαπνὺς.
539 2408 622 2439 πολὺς
638 2408 652 2433 ό
666 2408 745 2442 ζόφος
761 2408 775 2433 ὁ
785 2407 838 2433 ἀπὸ
850 2407 900 2441 τῆς

104 2455 152 2480 τοῦ
167 2453 293 2488 σώματος
312 2453 411 2488 ἀχλύος
436 2454 491 2484 τοῖς
508 2453 628 2488 ὄμμασιν
645 2453 840 2487 ἐπικεχυμὲνος
852 2451 900 2479 τοῦ

105 2500 152 2526 νοῦ
165 2508 172 2514 ·
188 2499 328 2535 ἀγαπητὸν
347 2499 376 2525 δέ
392 2507 436 2533 μοι
452 2499 515 2533 ἄρα,
531 2499 556 2525 εἰ
571 2499 616 2525 καὶ
631 2499 699 2534 μετὰ
711 2500 760 2535 τὴν
771 2499 899 2527 λύσιντοῦ

105 2545 336 2581 ὲπιπροσθοῦντος
357 2545 452 2578 νέφους
468 2545 689 2580 ἀποσμηξαμένῳ
710 2547 745 2572 τὰ
759 2547 900 2584 δακρυώδη

106 2593 178 2619 κατὰ
191 2593 280 2619 πάντα
297 2592 371 2623 ἐντὸς
384 2591 431 2618 τοῦ
446 2591 514 2617 Θεοῦ
531 2591 578 2618 καὶ
589 2593 638 2626 τῆς
657 2592 819 2628 εἰλικρινοῦς
834 2595 899 2630 ἀρε-

107 2639 157 2674 τῆς
167 2638 384 2673 καταληφθῆναι.
395 2637 474 2663 Ἀλλὰ
483 2637 548 2672 τίςὴ
559 2638 632 2664 αἰτία
644 2639 693 2673 τῆς
704 2639 900 2675 κατορθώσεως

106 2685 210 2720 αὐτῆς
229 2683 290 2710 οὔτε
302 2684 356 2718 γὰρ
372 2683 453 2718 μόνου
476 2683 523 2709 τοῦ
547 2683 614 2710 Θεοῦ
633 2684 712 2711 τοῦτο
723 2684 808 2720 δῶρον
817 2686 906 2721 ὑπάρ-

107 2739 161 2765 χει,
186 2730 237 2764 τὴν
266 2729 362 2755 ἑαυτοῦ
386 2728 564 2763 σεμνύνοντος
588 2729 680 2757 εἰκόνα
693 2738 699 2745 ·
715 2732 782 2758 πᾶσι
797 2733 851 2768 γὰρ
866 2733 900 2760 ἂν

108 2775 180 2802 κατὰ
196 2775 280 2809 φύσιν
294 2774 446 2809 ἀνθρώποις
460 2774 573 2810 προσῆν,
586 2774 624 2806 ὡς
634 2774 664 2801 τὸ
682 2775 790 2810 λογικὸν
809 2779 856 2805 καὶ
869 2779 900 2805 τὸ

108 2820 216 2856 θνητὸν,
230 2819 279 2847 καὶ
301 2819 382 2845 λύοιτ’
399 2819 432 2846 ἂν
450 2818 536 2851 οὕτως
557 2820 588 2845 τὸ
603 2820 746 2852 αὐτοθελὲς
767 2823 813 2849 καὶ
838 2824 899 2851 αὺτ-

143 2878 198 2914 (51)
219 2876 290 2905 Cod.
311 2875 419 2911 κομιδή,
433 2879 460 2902 et
481 2875 520 2902 sic
536 2874 606 2902 infra
624 2884 740 2911 semper.

948 2009 984 2036 85
994 2009 1012 2034 Α
1019 2015 1048 2042 ge
1056 2015 1114 2034 vero
1122 2011 1146 2033 et
1155 2006 1224 2042 larunt
1232 2014 1279 2040 ego
1295 2013 1439 2042 sermonem
1449 2011 1501 2042 tum
1509 2009 1588 2031 ment:
1596 2011 1735 2042 apponam,

949 2044 984 2071 86
995 2040 1132 2076 Quomodo
1140 2041 1175 2068 ad
1186 2049 1296 2068 summm
1308 2041 1412 2068 virtutis
1423 2040 1525 2067 culmen
1532 2041 1742 2076 γενναία-ηας,

986 2133 1106 2169 Agedum
1122 2137 1150 2160 et
1166 2132 1238 2160 hunc
1252 2139 1405 2160 sermonem
1416 2131 1551 2159 mentibus
1569 2131 1622 2158 tuis
1637 2137 1738 2166 propo-

952 2186 1026 2210 nam,
1046 2177 1174 2205 buccinat
1191 2176 1342 2212 theologica
1360 2184 1411 2203 vox
1425 2185 1432 2202 :
1451 2177 1514 2211 quis
1530 2176 1641 2203 sermo?
1665 2176 1739 2208 Quo-

952 2223 1034 2251 modo
1056 2223 1091 2250 ad
1111 2222 1306 2257 perfectionem
1325 2229 1429 2256 magnae
1454 2222 1595 2256 pervenies
1617 2221 1736 2251 virtutis.

950 2277 1011 2304 qua).
1027 2270 1084 2297 sola
1104 2269 1205 2296 oblatio
1224 2269 1335 2299 munda.
1362 2269 1412 2296 soli
1427 2276 1496 2303 puro
1511 2276 1544 2295 ex
1568 2272 1665 2295 natura
1687 2274 1739 2295 sua

950 2316 1024 2344 stat?
1049 2315 1109 2342 Non
1133 2315 1269 2346 arbitror,
1294 2315 1400 2350 inquit,
1428 2322 1471 2341 me
1496 2313 1739 2349 comprehendisse

950 2363 1038 2398 ipsius
1062 2370 1216 2395 summum,
1240 2361 1362 2397 quandiu
1387 2361 1415 2388 in
1436 2362 1563 2396 praesenti
1583 2368 1643 2388 sum
1660 2361 1737 2393 vita;

951 2417 1014 2437 nam
1032 2409 1135 2436 multus
1151 2408 1251 2440 fumus,
1268 2408 1386 2435 tenebra:
1397 2409 1499 2440 multze,
1512 2414 1573 2442 quae
1585 2415 1600 2434 e
1612 2407 1739 2442 corporis

951 2455 1060 2483 nebulis
1076 2455 1260 2483 extenduntur
1279 2455 1375 2481 oculos
1400 2454 1501 2481 mentis
1524 2452 1739 2486 circumsepien-

950 2506 1008 2535 tes;
1028 2502 1130 2529 bonum
1146 2502 1169 2528 si
1192 2505 1337 2536 postquam
1351 2500 1492 2527 evanuerit
1516 2499 1616 2526 nebula
1638 2498 1737 2530 oil'usa.

951 2548 1077 2583 lugendis
1097 2555 1113 2574 a
1128 2548 1207 2575 malis
1222 2547 1350 2574 omnibus
1372 2546 1498 2581 expedito
1513 2546 1580 2572 mihi
1596 2545 1739 2578 contingat

951 2594 978 2621 in
994 2593 1077 2621 Deum
1092 2597 1117 2620 et
1133 2594 1160 2620 in
1177 2594 1321 2628 probatam
1337 2592 1468 2619 virtutem
1486 2591 1589 2618 induci.
1607 2590 1660 2618 Sed
1678 2597 1739 2625 qua:

951 2640 985 2667 ad
999 2640 1127 2666 virtutem
1145 2639 1305 2666 directionis
1319 2638 1420 2665 causa?
1435 2645 1488 2664 non
1506 2637 1578 2663 enim
1593 2637 1678 2664 solius
1691 2636 1737 2664 Dei

951 2686 1052 2713 donum
1069 2689 1111 2712 est
1124 2685 1212 2720 ipsius
1231 2685 1377 2720 imaginem
1392 2684 1591 2719 glorilicantis:
1611 2683 1739 2710 omnibus

952 2731 1101 2758 secundum
1120 2735 1247 2757 naturam
1268 2730 1424 2758 hominibus
1442 2730 1545 2762 aderat,
1562 2730 1635 2757 sicut
1650 2732 1677 2756 et
1695 2737 1739 2756 ra-

952 2778 1034 2804 tionis
1055 2776 1170 2803 facultas
1191 2781 1218 2803 et
1245 2777 1326 2803 morti
1344 2775 1523 2808 obnoxietas;
1550 2775 1740 2803 destrueretur

952 2821 1004 2849 hoc
1014 2821 1096 2848 verbo
1107 2821 1289 2848 voluntarium
1303 2824 1329 2848 et
1347 2820 1461 2848 liberum
1475 2819 1636 2849 arbitrium:
1651 2826 1740 2854 neque

988 2878 1044 2914 (3‘2)
1059 2878 1126 2907 Cod.
1153 2878 1254 2906 Ἡλίου.
