1936 3042
77 60 152 90 725

81 131 125 148 συ
132 120 295 156 μϐάλλεται
308 121 346 157 τῷ
365 123 558 159 ἀγωνιζομένῳ
568 133 573 139 ·
583 124 714 162 οΰτωγὰρ
725 127 825 159 παντὸς
831 127 901 162 φαύ-

79 166 145 194 λου
182 167 346 202 πράγματος
369 165 514 203 ἀφέξεται·
538 170 597 198 λίαν
612 172 641 198 δὲ
669 172 838 208 βλεμεαίνειν
855 175 902 201 καὶ

82 215 174 248 πρὸς
202 213 251 249 τὴν
277 213 324 240 τοῦ
338 215 405 241 Θεοῦ
421 216 537 251 θεωρίαν
554 217 709 250 ἀνευλαὸὦς
726 220 900 255 ἐξεστηκέναι

83 259 147 285 οὐκ
166 260 302 294 ἀσφαλές.
319 262 374 287 Καὶ
395 262 448 297 γὰρ
466 263 545 289 τοῦτο
566 264 695 298 ὑψοῦντος
717 267 812 293 ἑαυτόν
827 268 901 294 ἐστιν

83 307 134 338 ὡς
156 307 308 341 ὴγγικὸτης
322 308 381 343 Θεῷ
393 316 399 323 ·
414 309 444 341 ἐξ
468 307 498 336 οὗ
524 311 571 337 καὶ
594 312 633 343 εἰς
648 313 768 347 αἱρέσεις
783 313 900 345 ἀτόπους

84 351 150 378 οὐκ
171 352 259 386 ὀλίγοι
275 353 474 389 ἐξετράπησαν,
491 356 532 381 ὁτι
555 356 764 393 ὑψηλοφροσύνη
788 359 900 395 πτώμα-

85 406 145 430 τος
166 398 260 425 αἰτὶα’
278 399 372 435 ὥσπερ
389 403 436 427 καὶ
461 402 538 434 ἐλπὶς
562 404 630 438 μετά
650 407 900 442 ταπεινοφροσύνης

85 443 204 479 ἀνυψοῖ
216 453 222 459 ·
239 445 283 471 ἀεὶ
297 445 325 471 δὲ
337 448 396 478 ταῖς
411 448 544 482 μεγάλαις
560 449 761 485 ὑπερηφανίαις
774 452 899 479 ἀντιτάσ-

89 498 182 517 σεται
199 491 247 517 καὶ
259 490 396 526 ὀργίζεται
409 494 422 519 ὁ
439 494 549 529 Κύριος.

178 537 298 570 Μάρπτε
314 538 346 564 τὸ
354 539 423 572 μὲν,
436 548 464 567 κ.
480 549 504 566 τ.
525 541 565 573 ἐξ.

137 582 177 607 "0
191 582 219 608 δὲ
231 583 274 610 διὰ
289 584 390 611 τούτων
403 585 487 620 δηλοῖ,
499 586 571 613 τοῦτ’
583 586 650 615 εἶναι
665 589 807 624 πείθομαι·
818 591 898 618 Ἀλλο

91 627 152 660 μὲν
169 627 224 653 τῶν
235 628 313 655 θείων
325 631 501 666 χαρισμάτων
517 633 563 659 τοῦ
573 634 641 661 Πνεὺ
646 644 728 670 ματος
740 637 832 672 κράτει
841 638 896 672 (54)

89 674 183 707 χερσὶ
210 676 319 710 νοηταῖς
339 677 598 713 περιδρασσόμενος,
614 680 677 707 ἄλλο
692 681 719 708 δὲ
740 683 896 718 προσδοκῶν

89 719 130 753 τῇ
150 719 241 745 ἑλπίδι
270 721 403 756 ταμιεύου
414 731 421 737 '
447 723 486 758 τῷ
500 724 638 760 ἀνεφίκτῳ
653 726 681 752 δὲ
704 728 750 754 καὶ
762 728 832 763 ὑπὲρ
846 730 895 764 τὴν

91 763 149 798 σὴν
164 764 244 796 ἀξίαν
261 765 395 801 ὑποχώρει
411 767 608 803 εὐλαϐούμενος
617 778 624 785 ”
633 770 712 797 τοῦτο
726 772 779 808 γὰρ
789 772 894 808 σώφρο-

88 818 143 840 νος
171 809 221 836 νοῦ
246 811 292 837 καὶ
314 814 480 848 φρονήσεως,
504 815 554 849 τῆς
577 816 644 848 ἰδίας
662 817 780 852 βιώσεως
806 819 895 852 ἐξεπί-

91 854 219 880 στασθαι
245 856 279 882 τὰ
310 857 408 892 μέτρα.
434 859 489 885 Καὶ
513 860 566 895 γὰρ
593 861 649 887 ἴσον
673 862 758 889 κακόν
777 863 894 891 ἐστικαὶ

90 901 204 934 ὁμοίως
235 902 404 931 ἐπικίνδυνον
433 905 594 938 ἀπελπίζειν
608 915 638 934 τε
654 907 687 934 τὰ
709 908 798 942 ἀγαθὰ
813 910 893 943 (ἀπό-

92 955 204 979 γνωσις
223 948 301 975 τοῦτο
315 949 392 985 γὰρ),
410 951 456 977 καὶ
471 951 581 988 οαῤῥείν
593 955 742 989 περισσῶς,
762 956 799 987 ὡς
813 956 894 982 εὐπε-

92 993 142 1023 τὲς
159 993 273 1028 ἄριστον
305 993 375 1022 εἶναι
399 997 447 1023 καὶ
475 997 578 1024 τέλειον
595 999 690 1035 (θρασὺ
706 1001 770 1037 γάρ)
784 1010 789 1016 '
806 1003 894 1037 ἀμφο-

92 1038 188 1073 τέρως
214 1040 242 1066 δὲ
276 1041 323 1067 τοῦ
351 1042 434 1068 καλοῦ
454 1043 655 1080 διαμαρτάνων,
679 1046 830 1078 τοῦ,γ,ακοῦ
844 1049 893 1083 τὴν

93 1085 206 1120 ἵδρυσιν
223 1086 388 1120 βεϐαιώσαις
402 1090 527 1124 σεαυτῷ.,

171 1132 237 1158 ΑΙεί
247 1140 297 1159 σοι
309 1133 341 1159 τὸ
355 1133 519 1169 βέλεμνον,
538 1145 564 1164 κ.
577 1145 600 1163 τ.
619 1137 657 1169 ἐξ.

138 1177 170 1203 Ὀ
202 1178 316 1214 δόκιμος
340 1180 451 1216 τοξότης
469 1183 538 1209 κατὰ
564 1184 663 1211 σκοπὸν
684 1185 728 1210 ἀεὶ
745 1185 849 1220 βάλλειν
863 1187 893 1213 τὸ

95 1221 177 1256 βέλος
190 1224 371 1257 ἀγωνίζεται·
391 1227 522 1259 ὡσαύτως
536 1229 581 1256 καὶ
597 1230 635 1264 τῷ
651 1231 786 1266 ἀγωνιστῇ
805 1241 892 1267 προση

95 1267 169 1302 ήκει.
191 1269 329 1305 εὐστόχως
357 1272 402 1298 ἀεὶ
422 1274 468 1299 τὸν
489 1273 586 1308 εὺσεὸἦ
603 1275 730 1310 λογισμὸν
744 1278 777 1312 τῇ
795 1277 892 1312 πράξει

96 1315 277 1341 κατευθύνειν
302 1317 351 1351 τῆς
371 1319 483 1352 ἀρετῆς,
508 1319 546 1351 ὡς
567 1320 630 1355 μήθ’
646 1321 825 1356 ὑπερῦάλλειν
841 1323 892 1358 τῆς

97 1362 290 1396 σιιιτηριώδους
320 1365 430 1399 ἐντολῆς
447 1365 594 1399 (κενόδοξον
613 1367 688 1402 γὰρ).
710 1369 772 1403 μήτ’
789 1368 835 1396 οὖν
847 1372 891 1398 ἐλ-

97 1405 186 1438 λιπῶς
200 1409 363 1442 ἐργάζεσθαι
384 1411 489 1437 δοκεῖν·
507 1412 628 1447 ῥᾴθυμον
653 1413 716 1448 γάρ.
738 1415 889 1451 ’Υπερὸολὴ

97 1452 155 1487 γὰρ
167 1456 214 1480 καὶ
232 1455 349 1490 ἔλλειψις
363 1457 465 1484 ἐπίπαν
476 1458 611 1489 ἀπευκτὰ,
624 1459 691 1494 πρὸς
702 1461 890 1497 ἀσυμμετρίαν

618 65 652 93 IN
671 67 823 95 CARMIN‘A
847 68 988 97 AMANA
1009 69 1037 97 S.
1054 70 1230 98 GREGORII.

1685 72 1738 102 726

953 136 1004 163 pro
1019 128 1168 160 militante;
1187 129 1229 156 sic
1245 128 1317 156 enim
1341 129 1375 156 ab
1392 128 1466 156 omni
1483 135 1565 163 opere
1581 129 1691 164 indigno
1709 140 1738 157 se

953 175 1110 203 abstinebit.
1126 175 1240 203 Mullum
1252 176 1346 203 extolli
1359 179 1385 202 et
1397 176 1428 202 in
1436 175 1481 202 Dei
1498 176 1623 202 notitiam
1635 177 1739 210 absque

951 222 1103 249 reverentia
1121 226 1264 256 penetrare
1277 243 1284 254 ,
1307 229 1362 249 non
1386 226 1490 253 totum;
1510 226 1553 249 est
1573 222 1645 248 enim
1671 223 1738 250 illud

952 268 1136 303 superbientis
1151 268 1178 295 in
1195 268 1351 296 accedendo
1368 268 1400 295 ad
1418 267 1521 301 Deum;
1546 268 1609 295 inde
1631 269 1658 294 in
1682 268 1739 295 hat-

951 322 1025 342 reses
1042 314 1154 341 insanas
1176 322 1230 341 non
1246 314 1324 349 pauci
1337 318 1510 347 erraverunt,
1524 315 1589 349 quia
1609 315 1738 349 superbia

951 368 1032 388 casus
1047 368 1141 393 causa,
1160 361 1231 388 sicut
1248 365 1274 387 et
1293 369 1355 395 spes
1369 369 1431 388 eum
1450 361 1604 389 humilitate
1617 362 1736 388 exaltat:

951 415 1059 441 semper
1081 411 1107 434 et
1127 407 1225 434 audaci
1242 407 1376 442 superbia:
1398 407 1545 443 opponitur
1561 412 1587 434 et
1607 409 1738 435 irascitur

950 453 1092 480 Dominus.
1114 463 1122 479 ι
1141 453 1199 481 Hoc
1215 462 1292 488 cape,
1307 463 1316 479 ι
1336 458 1363 481 et
1374 462 1432 488 seq.
1453 454 1530 486 Quod
1548 455 1589 481 his
1606 454 1736 486 ostendit.

950 500 989 527 sic
1009 500 1106 534 opinor
1124 498 1218 526 :Aliud
1235 500 1390 526 divinorum
1403 499 1524 534 Spiritus
1539 500 1732 527 charismatum

949 553 1017 580 cape
1037 546 1163 573 manibus
1181 545 1412 573 intellectuaiibus
1425 546 1571 581 arripiens,
1592 545 1664 573 aliud
1687 554 1736 572 ex-

949 595 1077 626 spectans
1098 592 1125 618 in
1150 599 1226 626 spem
1243 591 1290 618 tibi
1309 600 1407 625 ponas.
1421 591 1510 626 quoad
1534 591 1743 621 inaccessibilia,

949 643 974 665 et
992 638 1117 665 meritum
1134 643 1208 664 tuum
1226 638 1392 673 superantia,
1411 639 1453 671 pie
1463 638 1585 665 sentiens
1598 638 1655 665 haec
1668 638 1736 665 mis-

949 692 978 712 sa
995 683 1054 716 fac;
1081 683 1214 718 sapientis
1227 684 1303 714 enim
1328 688 1371 711 est
1401 684 1500 710 mentis
1528 688 1556 710 et
1585 683 1738 718 prudentiae

951 730 1102 764 appretiale
1118 737 1199 757 nosse
1213 729 1332 764 propria:
1345 729 1407 756 vita;
1421 729 1585 756 mediocrem
1600 729 1736 763 pondera-

948 777 1062 804 tionem.
1075 775 1181 803 Etenim
1193 776 1282 803 simile
1294 776 1395 802 malum
1408 780 1434 802 et
1446 776 1596 810 periculum
1608 783 1656 810 par
1666 776 1739 803 inest

946 823 971 850 in
983 823 1154 857 desperando
1165 823 1198 849 de
1212 822 1302 853 bonis,
1320 822 1421 857 quippe
1438 821 1510 856 quod
1524 829 1623 856 exspes
1642 825 1696 851 est.
1709 825 1740 848 et

944 869 971 895 in
989 869 1120 895 audacter
1133 867 1305 900 confidendo,
1320 867 1398 902 quasi
1417 867 1497 894 facile
1513 871 1587 894 esset
1602 867 1741 901 optimum

945 915 1003 942 fieri
1018 914 1223 950 et.perfeetum,
1241 914 1312 949 quod
1335 913 1508 941 temerarium
1529 916 1586 940 est:
1606 913 1738 947 utrinque.

945 962 1024 996 longe
1040 968 1054 986 a
1074 961 1146 987 hono
1165 963 1302 987 errantem
1327 960 1353 986 in
1375 963 1401 986 te
1418 959 1599 985 invaleseeret
1619 958 1733 986 malum.

948 1017 956 1032 ι
974 1006 1087 1041 Semper
1100 1006 1148 1032 tibi
1166 1005 1276 1040 sagitta,
1294 1015 1302 1030 ι
1317 1009 1343 1031 et
1358 1013 1416 1040 seq.
1431 1004 1567 1031 Probatos
1576 1004 1736 1038 sagittarius

945 1051 975 1084 in
988 1050 1095 1085 signum
1105 1057 1213 1084 semper
1229 1049 1358 1083 sagittam
1369 1049 1494 1076 emittere
1508 1052 1625 1075 conatur
1638 1057 1644 1074 :
1658 1048 1736 1074 simi-

945 1095 1009 1123 liter
1024 1095 1091 1122 etin
1105 1093 1297 1129 spiritualibus
1314 1094 1458 1121 militantis
1470 1092 1554 1120 refert
1568 1099 1706 1127 nunquam
1720 1099 1737 1118 a

947 1141 1089 1176 proposito
1104 1140 1286 1167 declinantem
1303 1147 1410 1174 semper
1426 1139 1486 1174 pias
1501 1138 1682 1172 cogitationes
1702 1136 1736 1163 ad

945 1187 1056 1214 virtutis
1070 1186 1176 1222 praxim
1191 1186 1333 1218 reducere,
1350 1186 1387 1212 ita
1406 1189 1435 1211 ut
1451 1189 1586 1220 praecepta
1602 1183 1736 1211 salutaria

944 1240 999 1260 non
1021 1233 1139 1260 elatione
1157 1231 1287 1262 excedas,
1306 1238 1404 1258 vanam
1434 1230 1508 1257 enim
1538 1229 1653 1265 gloriam
1671 1227 1736 1255 affe-

943 1282 1044 1310 ctares,
1060 1284 1148 1311 neque
1159 1276 1286 1303 acediose
1301 1275 1408 1310 operari
1421 1275 1533 1310 probes,
1546 1275 1652 1310 pigrum
1661 1274 1736 1301 enim

943 1328 1017 1351 esset
1034 1331 1041 1348 :
1064 1322 1259 1358 exsuperantia
1280 1326 1307 1349 et
1331 1322 1424 1349 acedia
1447 1321 1559 1348 omnino
1578 1321 1689 1348 vitanda
1707 1320 1735 1346 in

946 1367 1183 1395 immoderanliam
1197 1367 1308 1398 abeunt,
1320 1366 1455 1405 siquidem
1469 1367 1510 1393 vel
1527 1374 1610 1400 supra
1625 1366 1735 1400 signum

945 1414 1042 1449 sagitta
1063 1414 1104 1440 vel
1126 1413 1196 1440 infra
1211 1413 1302 1446 cadat,
1320 1413 1423 1447 pariter
1439 1416 1513 1439 errat
1533 1413 1695 1447 sagittarius
1719 1420 1736 1439 a

944 1461 1035 1487 debito
1053 1460 1127 1486 loco:
1142 1460 1177 1486 ita
1190 1465 1231 1500 est
1245 1459 1278 1486 de
1294 1458 1528 1489 consideratione,
1541 1459 1577 1485 ita
1594 1458 1626 1485 de
1642 1458 1730 1492 praxi.

97 1500 293 1528 διεκπὶπτοντα
305 1511 311 1517 ·
335 1503 429 1538 ὥσπερ
456 1505 501 1530 καὶ
525 1505 556 1531 τὸ
579 1505 664 1540 βέλος,
690 1507 765 1542 ἦτὸν
786 1508 886 1534 σκοπὸν
902 1508 1058 1542 ὑπερτεῖνον
1072 1506 1127 1540 (55)
1140 1506 1187 1532 τοῦ
1212 1505 1377 1538 τοξεύοντος,
1396 1505 1412 1539 ἦ
1431 1504 1505 1536 ἐντὸς
1525 1504 1607 1530 αὑτοῦ
1624 1505 1740 1537 πίπτον,

98 1547 201 1581 ὁμοίως
217 1547 263 1573 τοῦ
273 1547 376 1580 δέοντος
389 1549 583 1584 διαμαρτάνει·
599 1550 669 1577 οὕτω
681 1553 749 1578 κατά
761 1552 887 1588 θεωρίαν,
900 1553 971 1579 οὕτω
987 1552 1057 1578 κατὰ
1072 1551 1181 1587 πρᾶξιν.

102 1592 154 1619 HG
167 1593 224 1619 Ἧι·
231 1596 546 1631 μεγαλοφρονέῃςβυ),
554 1597 684 1631 μέμνησ¹
693 1598 762 1625 ὅθεν
775 1599 807 1631 ἐς
818 1599 892 1630 βίον

619 1631 731 1667 [ἦλθες,
750 1643 776 1660 κ.
794 1643 817 1660 τ.
830 1634 854 1661 λ.

143 1677 250 1712 Ἐπειδὴ
263 1677 333 1711 μέγα
345 1686 371 1703 τι
385 1677 477 1711 κτῆμα
491 1677 539 1703 καὶ
559 1678 648 1712 τίμιον
663 1680 677 1705 ὁ
691 1679 834 1714 ἄνθρωπος
848 1680 891 1706 διὰ

101 1723 151 1759 τὴν
162 1723 253 1749 εἰκόνα
264 1723 311 1749 καὶ
324 1724 373 1758 τὴν
384 1724 494 1758 ἀρετὴν,
519 1723 632 1758 μάταιον
648 1725 675 1751 δὲ
699 1726 745 1751 καὶ
757 1726 833 1752 οὐδὲν
847 1726 891 1752 διὰ

102 1770 133 1796 τὸ
147 1770 227 1804 σῶμα
256 1769 302 1795 καὶ
318 1769 368 1804 τὴν
383 1770 480 1796 κακίαν
504 1772 692 1806 μαρτυρεῖται,
708 1772 765 1805 ἐὰν,
782 1774 864 1808 φησὶν
877 1774 891 1800 ὁ

103 1815 205 1846 κλεινὸς
221 1815 299 1850 ἡμῶν
312 1815 379 1849 μετὰ
396 1816 440 1841 τὸν
454 1816 570 1851 Χριστὸν
589 1817 756 1852 καθηγητὴς,
772 1819 821 1853 τῆς
831 1820 891 1854 γηΐ-

104 1869 150 1895 νης
167 1861 272 1894 φύσεως
303 1861 497 1895 ἐπιλαθόμενος
519 1863 566 1889 καὶ
583 1864 709 1899 ῥευστῆς,
723 1865 891 1901 μεγαλοφρο-

105 1908 185 1942 νῄσῃς
203 1907 248 1933 διὰ
276 1907 325 1942 τὴν
349 1908 451 1938 εἰκόνα,
470 1909 525 1942 ἐγώ
540 1918 569 1935 σε
590 1909 639 1944 τῆς
663 1911 714 1945 γῆς
729 1912 889 1947 ὑπομνήσω,

105 1954 161 1980 ὅθεν
176 1952 312 1987 παρῆλθες
327 1954 355 1985 ἐς
371 1954 416 1979 τὸν
430 1954 497 1989 βίον,
514 1956 561 1980 καὶ
572 1955 597 1981 τί
615 1956 664 1990 μὲν
684 1956 736 1991 πρὸ
752 1957 798 1983 τοῦ
814 1958 889 1991 γενέ-

106 1998 174 2030 σθαι,
189 1999 230 2024 ὅτι
244 1998 331 2029 οὐδὲν,
351 1998 377 2024 τί
402 1998 430 2024 δὲ
459 1996 530 2033 ἦσθα
547 2000 603 2030 τοῖς
620 1999 756 2035 μητρῲοις
781 2001 890 2036 χωρίοις

106 2045 144 2071 ἑτι
163 2044 363 2079 ὲγγεννὼμενος
374 2052 380 2057 ·
400 2044 478 2077 ῥύσις
502 2044 557 2080 γὰρ
573 2046 633 2071 κατ’
647 2045 736 2078 ὀλίγον
749 2047 789 2077 εἰς
802 2046 891 2082 σάρκα

106 2092 272 2126 πηγνυμένη.
294 2092 458 2126 Ὑπομνήσω
474 2093 522 2118 καὶ
539 2092 565 2118 τί
582 2092 630 2127 ἔσῃ
651 2093 720 2128 μετὰ
731 2094 829 2121 ταῦτα·
844 2095 889 2121 κό-

108 2145 144 2167 νις
157 2136 210 2170 γὰρ
221 2137 327 2167 πάντως
342 2137 388 2163 καὶ
402 2136 542 2171 σκώληκος
554 2136 672 2171 δαπάνη,
685 2137 738 2163 τῶν
751 2138 889 2164 ταλαιπω-

108 2183 222 2217 ροτάτων
241 2183 269 2209 ὲν
284 2184 389 2217 νεκροῖς
406 2182 486 2209 πλέον
499 2183 568 2217 ἔχων
585 2183 669 2209 οὐδέν.
685 2183 746 2210 Ἐὲιν
758 2184 795 2214 δὲ,
810 2185 887 2219 φησὶ,

107 2231 134 2256 τὸ
148 2229 210 2264 ὕψος
234 2229 312 2262 ἀφεὶς
339 2229 497 2264 περιαθρεῖν
520 2229 597 2264 (ὅπερ
617 2230 677 2265 οὐχὶ
691 2229 746 2260 σὺν,
759 2230 825 2256 ἀλλὰ
839 2230 886 2256 τοῦ

109 2276 224 2302 ΙΙλάστου
246 2275 304 2301 ἐστὶ
320 2275 367 2300 τοῦ
393 2275 468 2310 σοῦ),
486 2275 523 2307 ὠς
545 2276 637 2310 γήϊνος
660 2275 788 2309 πεφυκὼς
810 2275 886 2307 ἐξευ-

108 2321 213 2352 τελίζεις
226 2321 323 2346 σαυτὸν
341 2321 387 2347 καὶ
413 2322 562 2352 ταπεινοῖς,
579 2321 634 2354 ἐγώ
655 2329 684 2347 σε
712 2322 819 2356 ποίημα
841 2322 889 2348 dw-

109 2367 242 2402 ἀγορεύσω
269 2367 352 2393 Θεοῦ·
381 2366 484 2393 ἐκεῖθεν
509 2367 628 2402 ὲπάγης,
640 2368 764 2403 οὐράνιος
792 2368 836 2394 διὰ
859 2369 889 2395 τὺ

111 2413 220 2448 πνεῦμα,
244 2412 349 2447 χθόνιος
370 2412 398 2438 δὲ
414 2412 457 2438 διὰ
477 2412 525 2447 τὴν
539 2413 642 2448 σάρκα·
658 2413 723 2445 Θεὸς
743 2414 793 2440 οὐκ
810 2414 887 2442 ἄκτι-

112 2467 176 2490 στος,
190 2458 257 2484 ἀλλὰ
272 2458 381 2489 κτιστός
391 2466 397 2472 ·
416 2457 497 2492 ἔργον
514 2458 677 2493 ἀείμνηστον
697 2459 743 2484 καὶ
758 2459 888 2494 ἀνεπίλη-

113 2513 175 2532 στον,
190 2505 244 2535 τοῖς
261 2503 307 2530 τοῦ
320 2503 438 2539 Χριστοῦ
457 2503 569 2530 πάθεσιν
583 2503 826 2539 ἁφθαρτιζόμενον,
840 2505 887 2531 καὶ

112 2550 146 2580 εἰς
158 2548 231 2580 δόξαν
245 2549 353 2574 αἰώνιον
367 2546 506 2573 καταντῶν
521 2547 568 2573 καὶ
581 2546 662 2582 ζωήν.

177 2593 302 2620 Τοῦνεκα
313 2593 356 2628 μὴ
369 2592 517 2627 σάρκεσσι
531 2593 685 2627 χαρίζεικκ.
701 2601 725 2619 τ.
741 2593 778 2626 ἐξ.

144 2639 262 2666 Τοιοῦτον
273 2639 610 2675 γεγεννημένον,οὐράνιον
625 2638 683 2674 ἅμα
695 2639 741 2665 καὶ
756 2639 884 2672 ἐπίγειον,

113 2685 140 2712 οὐ
154 2686 276 2721 βούλομαί
294 2694 333 2717 σε,
351 2683 374 2712 ὧ
394 2685 531 2720 ἄνθρωπε,
552 2685 641 2711 πάντα
666 2685 825 2721 χαρίζεσθαι
852 2686 885 2721 τῇ

116 2733 203 2770 σαρκί·
218 2732 248 2758 τὸ
264 2732 354 2758 πλεῖον
373 2732 400 2758 δὲ
426 2731 517 2768 νέμειν
535 2731 572 2764 ὡς
597 2732 729 2767 κρείττονι
745 2731 784 2766 τῷ
808 2732 887 2758 meo.

147 2788 170 2822 (5
175 2787 194 2818 ii
205 2786 260 2814 Cod
265 2807 271 2813 .
290 2796 305 2812 κ
310 2788 398 2821 ραταῖ.

147 2823 196 2859 (55)
210 2822 277 2850 Cod.
292 2822 465 2859 ὑπερτείνων.

944 1598 995 1625 HG
1009 1597 1040 1625 Si
1065 1598 1236 1632 superbieris,
1270 1597 1296 1624 in
1327 1597 1480 1632 memoriam
1500 1603 1590 1622 revoca
1613 1596 1682 1623 unde
1703 1597 1737 1626 in.

1402 1631 1494 1667 [vitam
1509 1631 1610 1658 veneris
1620 1651 1626 1662 ,
1643 1637 1696 1658 etc.

977 1679 1043 1706 Cum
1066 1686 1162 1714 magna
1187 1679 1223 1706 sit
1236 1678 1373 1714 possessio
1392 1682 1420 1705 et
1432 1677 1522 1712 magni
1547 1677 1625 1712 pretii
1649 1677 1733 1704 homo

941 1725 1030 1761 quoad
1042 1726 1186 1760 imaginem
1202 1725 1248 1752 Dei
1262 1728 1287 1752 et
1300 1724 1441 1756 virtutem,
1453 1724 1543 1758 quoad
1556 1731 1657 1758 corpus
1667 1732 1733 1750 vero

941 1777 968 1799 et
989 1771 1120 1798 malitiam
1147 1771 1276 1798 insanum
1300 1770 1424 1804 nihilque
1446 1777 1508 1797 esse
1527 1769 1674 1804 probetur,
1698 1770 1735 1797 ob

942 1817 1087 1852 imaginem
1111 1815 1158 1842 Dei
1177 1816 1199 1842 si
1219 1815 1375 1851 superbias,
1397 1815 1486 1849 inquit
1502 1815 1619 1842 illustris
1637 1819 1733 1842 noster

942 1863 968 1889 in
991 1862 1103 1889 Christo
1123 1862 1320 1893 concionator,
1345 1855 1461 1888 terrenae
1492 1865 1599 1888 naturae
1626 1861 1731 1888 imme—

941 1916 1044 1935 morem
1053 1912 1079 1934 et
1089 1908 1199 1934 caduca:
1210 1911 1236 1934 te
1247 1907 1386 1934 recordari
1396 1907 1505 1939 faciam;
1521 1911 1622 1933 terram
1634 1906 1668 1933 de
1677 1915 1733 1942 quia

941 1954 1054 1981 veniens
1070 1955 1095 1980 in
1112 1954 1196 1980 vitam
1213 1959 1339 1988 sumptus
1355 1947 1437 1984 es,'cl
1455 1952 1520 1986 quid
1538 1956 1602 1980 ante
1615 1961 1731 1987 genera-

940 1999 1043 2026 tionem
1065 1999 1157 2031 fuisti,
1184 1998 1236 2025 nisi
1258 1993 1391 2029 nihilum,
1410 1995 1481 2032 'quid
1505 1998 1589 2025 etiam
1615 2006 1677 2026 eras
1701 1999 1731 2025 in

940 2049 1028 2072 matre
1046 2048 1206 2079 conceptus,
1225 2044 1278 2071 vile
1291 2043 1429 2078 quoddam
1447 2043 1473 2069 in
1493 2050 1606 2070 carnem
1625 2050 1730 2077 coagu-

941 2090 1035 2116 latum.
1062 2089 1208 2116 Recordari
1232 2088 1331 2115 faciam
1355 2094 1383 2115 et
1408 2088 1474 2122 quid
1500 2088 1555 2115 eris
1575 2091 1638 2123 post
1660 2088 1729 2120 haec,

941 2136 1030 2171 pulvis
1043 2140 1071 2163 et
1085 2136 1216 2162 vermium
1231 2143 1305 2167 esca,
1319 2134 1385 2161 nihil
1400 2134 1518 2169 amplius
1532 2134 1637 2162 habens
1647 2142 1730 2170 quam

941 2188 1111 2209 mortuorum
1125 2183 1280 2209 miserrimi.
1296 2181 1324 2208 Si
1343 2181 1542 2216 prmstantiam,
1552 2182 1650 2216 inquit,
1663 2189 1730 2209 con-

940 2228 1061 2255 siderare
1084 2227 1224 2258 desinens.
1248 2235 1308 2262 quae
1331 2231 1376 2253 tua
1400 2235 1455 2254 non
1474 2231 1526 2259 est,
1550 2228 1598 2254 sed
1615 2227 1729 2254 Creato-

943 2273 979 2300 ris
991 2273 1029 2299 tui
1045 2280 1088 2300 res
1097 2277 1149 2303 est,
1163 2276 1189 2299 te
1204 2276 1343 2299 terrenum
1357 2275 1511 2299 exstantem
1524 2275 1686 2299 contemnas
1702 2276 1730 2298 et

941 2319 1096 2354 despicias,
1122 2326 1172 2353 ego
1196 2322 1222 2345 le
1250 2317 1294 2344 Dei
1318 2325 1388 2352 opus
1410 2317 1580 2352 praedicabo:
1610 2317 1646 2344 ab
1668 2318 1729 2352 ipso

939 2367 1083 2399 oriundus,
1100 2366 1220 2394 cmlestis
1233 2374 1262 2393 cs
1278 2366 1374 2401 spiritu
1385 2385 1393 2397 ,
1411 2373 1496 2392 carne
1512 2373 1576 2392 vero
1591 2369 1727 2396 terrenus,

939 2413 1006 2440 deus
1044 2420 1097 2439 non
1131 2413 1268 2439 inereatus
1295 2413 1342 2439 sed
1372 2416 1500 2442 creatus,
1525 2419 1595 2446 opus
1619 2419 1728 2446 semper

942 2458 1137 2491 memorabile,
1162 2459 1290 2493 nulloque
1316 2458 1397 2484 modo
1416 2457 1644 2488 oblitterandum,
1664 2465 1728 2491 pas.

941 2505 1048 2531 sionum
1067 2504 1169 2531 Christi
1192 2504 1278 2538 gratia
1303 2512 1317 2529 a
1336 2502 1513 2538 corruptione
1536 2502 1680 2529 liberatum
1700 2508 1728 2529 et

941 2549 973 2576 ad
997 2550 1111 2585 gloriam
1136 2554 1264 2576 a-ternam
1287 2548 1416 2576 incedens
1432 2553 1459 2576 et
1480 2550 1574 2575 vitam.
1603 2558 1612 2574 ι
1633 2547 1726 2583 Itaque

941 2604 974 2622 ne
991 2596 1066 2623 carni
1090 2595 1242 2630 indulgeas,
1262 2603 1271 2618 ι
1292 2600 1318 2621 et
1334 2603 1392 2629 seq.
1411 2594 1503 2621 Talem
1515 2598 1652 2625 creatum.
1670 2603 1727 2622 εω-

939 2643 1034 2671 lestem
1062 2641 1142 2669 simul
1172 2646 1199 2668 et
1226 2646 1383 2671 terrenum,
1405 2647 1453 2675 per
1481 2640 1572 2668 omnia
1599 2641 1681 2672 nolo,
1708 2650 1725 2668 ο

940 2690 1031 2722 homo,
1048 2688 1187 2723 indulgeas
1200 2687 1274 2715 carni
1292 2697 1299 2714 :
1319 2687 1449 2721 majorem
1463 2695 1527 2714 vero
1543 2692 1645 2721 partem
1660 2695 1725 2714 con-

940 2737 1020 2765 cedas
1044 2735 1152 2770 spiritui
1177 2738 1269 2769 utpote
1294 2734 1409 2764 meliori,
1434 2741 1484 2760 nec
1507 2733 1643 2767 superﬂua
1672 2734 1725 2761 vita

977 2794 1031 2830 (56)
1049 2793 1116 2821 Cod.
1135 2792 1370 2829 μεγαλοφρονέεις.
1393 2807 1425 2811 —
1444 2792 1504 2819 Bill.
1523 2793 1652 2827 μνήσωσ’.
