1936 3042
191 55 244 83 727

190 112 299 148 diligas,
318 119 403 151 vanos
417 113 445 141 in
457 117 531 141 terra
545 113 689 141 thesauros
701 113 908 146 thesaurizans;
924 115 980 142 imo

191 159 324 194 templum
341 160 456 195 spiritus
471 159 696 187 meditationibus
720 160 836 188 mundes
857 161 981 188 cunctis-

191 211 244 240 qale
267 205 416 233 virtutibus
431 205 576 233 meliorare
592 206 714 234 studeas.

247 295 297 323 156
313 295 449 329 Templum
465 295 534 322 enim
548 295 637 330 magni
649 294 697 322 Dei
710 299 748 322 est
764 295 859 327 homo,
877 299 931 323 etc.

230 341 327 370 Diceris
339 341 413 377 quod
428 342 561 377 templum
578 349 680 369 ornare
693 346 818 377 oporteat
832 346 861 369 et
875 349 984 378 semper

193 387 351 420 meliorare,
364 387 430 423 quid
445 388 576 423 templum
591 387 638 415 Dei
653 392 707 422 est,
723 388 795 424 quod
814 389 879 415 fecit
891 388 983 416 Domi-

194 434 266 461 nus?
279 433 342 461 Cito
355 433 459 469 profert
473 434 613 462 hominem
627 442 700 467 esse,
712 435 759 469 qui
775 441 791 461 θ
803 439 878 462 terra
897 438 984 461 terre-

194 481 294 516 nisque
308 480 523 515 cogitationibus
537 481 673 516 incipiens
687 480 722 508 ad
737 480 822 508 Deum
839 485 866 507 et
882 480 983 507 caelum

195 527 310 560 moveri,
332 535 380 562 per
396 526 523 563 spiritum
544 535 655 556 sursum
676 527 828 555 extollitur.
846 526 904 554 Hoc
920 535 982 563 ego,

195 574 234 600 ait
263 572 291 600 S.
313 573 479 609 Theologus,
501 574 576 600 omni
603 581 685 609 opere
707 577 734 601 et
754 581 882 601 sermone
899 573 983 605 bono,

196 619 273 646 suavi
287 619 373 647 odore
383 619 508 655 fragrans
525 624 554 646 ut
572 627 675 652 serves,
693 624 720 647 et
732 619 786 647 Deo
799 623 905 654 gratum
921 627 985 655 pro-

196 666 345 701 batumque
365 665 506 693 custodias
518 665 545 693 in
555 669 697 699 aeternum,
713 665 816 693 suadeo
828 674 836 699 ;
850 669 877 693 te
890 665 985 692 hortor

196 708 230 739 ad
244 719 351 747 semper
365 712 392 739 in
404 717 495 740 mente
506 712 660 740 habendum
671 711 811 740 Christum
827 715 982 747 regentem:

195 758 235 786 sis
250 765 360 793 semper
370 766 426 786 non
443 758 536 793 specie
549 757 596 786 sed
612 765 642 785 re
655 761 682 785 et
697 757 810 785 veritate
820 765 917 792 purus,
935 764 987 784 nec

196 804 294 832 oculus
312 804 346 831 ab
364 805 488 831 externis
498 803 628 838 judicans
647 808 674 831 te
688 803 771 831 talem
789 803 946 836 arbitretur;
961 807 989 831 et

200 856 268 877 cave
288 857 324 877 ne
345 849 418 876 sicut
437 850 522 876 minio
544 849 738 884 coloribusque
756 849 887 876 distincta
909 849 988 876 navis

198 899 246 922 aut
260 895 322 923 aliis
339 895 530 923 venustatibus
546 895 702 931 insignibus
722 895 860 928 decorata,
872 902 933 930 quae
948 895 989 922 sic

197 940 332 967 tumentia
346 941 431 967 maria
445 944 611 974 transmeat;
628 949 674 974 ne,
690 941 812 976 inquam,
829 944 856 968 et
871 945 899 968 tu
913 941 989 968 colo-

197 986 275 1014 ribus
295 986 405 1014 virtutis
425 987 462 1013 ita
480 987 596 1022 teipsum
619 987 746 1015 inficiens
779 991 806 1015 et
837 987 987 1014 videntium

196 1033 380 1061 admiratione
404 1033 555 1062 honoratus
577 1038 605 1061 et
628 1034 775 1064 laudatus,
798 1033 827 1060 in
847 1032 988 1069 hypocrisi

195 1079 280 1106 vitam
293 1086 458 1106 consumens
472 1079 558 1106 lateas
570 1089 578 1107 :
595 1079 694 1107 bonam
705 1080 881 1114 validamque
895 1079 986 1105 navim

197 1124 317 1158 fabrica,
338 1132 420 1160 quam
440 1125 618 1153 fortissimam
645 1125 848 1160 pollentemque
869 1124 987 1160 Spiritus

199 1171 309 1206 legibus
326 1175 407 1206 atque
426 1169 528 1198 Christi
544 1169 608 1198 Jesu
627 1171 705 1198 navis
722 1170 896 1198 fabricatoris
919 1177 988 1204 prae—

197 1217 285 1253 ceptis
311 1221 338 1244 et
361 1217 538 1253 dogmatibus
561 1216 723 1252 compingas
746 1216 825 1252 quasi
852 1216 948 1249 clavis,
960 1220 988 1243 et

199 1263 294 1299 rapide
309 1268 391 1298 atque
410 1263 497 1291 multo
512 1267 613 1290 conatu
626 1267 793 1290 tentatorum
803 1262 923 1290 evadens
936 1261 988 1289 ilu-

198 1314 260 1337 ctus
281 1309 314 1336 ad
337 1317 448 1336 serenos
467 1313 564 1344 portus
585 1313 613 1336 et
631 1309 717 1344 patris
739 1309 892 1337 tutissimas
907 1316 986 1336 man-

198 1356 290 1384 siones
302 1356 438 1391 appellere
453 1356 554 1391 possis.

234 1446 286 1475 MS
307 1446 422 1479 Quilibet
438 1446 526 1473 tendat
543 1447 684 1481 proﬁcere,
702 1450 755 1474 etc.

232 1494 328 1528 Quoad
342 1495 528 1529 praestantiam
545 1496 592 1520 aut
609 1493 728 1528 primum
746 1492 861 1528 gradum
871 1514 879 1525 ,
893 1493 985 1521 nullus

199 1550 213 1569 a
231 1549 274 1569 me
293 1540 390 1568 edetur
412 1547 520 1573 sermo,
548 1539 586 1566 ait
606 1539 770 1566 humilitatis
793 1538 823 1566 S.
844 1546 984 1567 commen-

199 1591 288 1620 tator,
304 1585 393 1621 quivis
411 1590 474 1613 ante
496 1593 540 1613 me
558 1589 727 1620 praecurrat,
744 1591 759 1612 a
776 1585 882 1620 Droquc
898 1585 985 1620 pluris

199 1623 351 1661 aistimctur
363 1632 435 1659 sicut
450 1631 501 1666 ipsi
517 1631 718 1666 beneplacitum
732 1630 877 1662 videbitur,
894 1638 986 1658 meum

199 1687 254 1706 non
267 1682 310 1706 est
326 1678 430 1713 primos
448 1677 551 1712 gradus
573 1676 703 1712 diligere;
722 1680 828 1704 tantum
845 1677 901 1704 Deo
921 1677 983 1704 sub-

197 1726 262 1760 jecti
276 1728 364 1753 estote
375 1731 471 1751 omnes
485 1723 513 1749 in
526 1723 641 1755 mundo,
652 1723 674 1751 si
684 1723 730 1758 qui
746 1723 894 1757 sapientes,
907 1723 929 1750 si
938 1723 986 1758 qui

200 1775 338 1807 potentes.
352 1769 375 1798 si
391 1770 437 1805 qui
450 1769 548 1797 divites
563 1774 590 1797 et
602 1776 752 1805 pauperes:
767 1769 840 1804 quod
857 1769 987 1797 omnibus

199 1818 336 1853 reliquum
347 1821 398 1849 est,
415 1824 430 1843 a
447 1820 519 1843 terra
531 1819 558 1844 et
571 1823 587 1843 a
598 1815 727 1843 cordibus
743 1815 884 1842 hominum
896 1823 989 1842 ascen-

200 1865 297 1891 dentes
316 1861 509 1898 co-gitationes,
531 1861 645 1889 sincerae
662 1865 690 1888 et
706 1862 824 1888 immota:
841 1866 924 1896 petra:
942 1865 989 1888 aut

201 1911 377 1936 ﬁrmamento
400 1908 544 1940 veritatis,
569 1907 682 1935 Christo
707 1907 887 1935 adhaereant:
918 1915 988 1942 prae-

200 1955 296 1985 sertim
310 1954 379 1982 illud
395 1955 462 1982 mihi
474 1954 544 1981 dixit
558 1953 749 1982 aestimandum
764 1953 843 1982 valde
861 1962 867 1980 :
880 1961 988 1990 nempe,

201 2002 307 2031 sedenti
324 2002 352 2029 in
374 2007 455 2029 trono
474 2001 594 2036 glorioso
611 2005 639 2028 et
660 2008 676 2028 a
698 2006 771 2028 terra
790 2001 822 2027 ad
842 2002 941 2028 cmlnm
961 2002 989 2028 in

201 2049 346 2083 sacriﬁciis
367 2048 482 2083 populos
505 2052 600 2075 sancte
625 2047 759 2082 crigenti,
782 2052 916 2082 quantum
942 2047 988 2073 tali

202 2095 301 2122 durum
323 2099 350 2122 et
371 2094 492 2129 periculo
514 2094 623 2129 plenum
645 2098 689 2121 est
712 2094 866 2121 tenebrosis
887 2094 991 2128 cogita—

202 2140 326 2167 tionibus
341 2144 388 2167 aut
400 2139 529 2174 operibus
539 2139 679 2167 Christum
694 2139 871 2171 inhonorare,
885 2143 990 2166 tantum

202 2188 288 2215 decus
319 2191 450 2221 tantaque
472 2186 537 2213 mihi
561 2186 614 2213 erit
632 2186 731 2221 gloria,
757 2185 991 2220 irreprchcnsibili

203 2234 237 2261 ad
254 2234 337 2260 Deum
353 2233 503 2261 accedenti.
524 2242 534 2258 ι
551 2232 618 2259 Nam
630 2240 772 2260 mensuras
784 2231 842 2264 Dei,
865 2242 874 2257 ι
890 2236 918 2259 et
932 2239 990 2268 seq.

203 2279 281 2312 Quod
299 2279 382 2312 dicit,
398 2279 454 2306 tale
473 2278 538 2305 mihi
557 2277 666 2305 videtur
681 2287 688 2304 :
708 2277 840 2304 nimirum
855 2277 927 2312 quod
947 2285 992 2305 se-

203 2325 324 2352 cundum
348 2332 506 2352 mensuram
534 2324 692 2351 donationis
721 2324 825 2352 Christi
848 2331 930 2358 quam
958 2323 992 2350 ab

203 2371 283 2399 initio
297 2370 475 2397 credentibus
500 2369 652 2401 distribuit,
672 2374 699 2396 et
723 2369 791 2404 ipsis
814 2369 869 2396 vita
893 2368 992 2396 subse-

204 2423 313 2452 quetur.
339 2417 370 2444 Et
387 2418 447 2444 vice
463 2424 563 2444 versa:
585 2416 736 2444 secundum
756 2416 817 2444 vitae
835 2423 992 2444 mensuram

205 2464 328 2498 ipsorum
344 2466 369 2489 et
387 2462 512 2489 laborum
525 2462 665 2490 mercedes
676 2469 691 2488 a
707 2460 761 2489 Deo
783 2465 939 2494 occurrent;
952 2462 994 2489 sic

206 2508 314 2543 sapiens
325 2511 352 2534 et
363 2507 441 2542 juxta
455 2508 526 2535 hanc
540 2507 626 2543 legem
642 2515 768 2535 securam
778 2512 805 2535 et
815 2507 883 2535 bene
900 2507 994 2542 dispo-

207 2553 288 2580 sitam
305 2553 332 2580 in
351 2553 499 2581 virtutibus
514 2553 618 2580 ducens
634 2554 717 2580 vitam
731 2553 758 2580 in
776 2560 891 2588 corpore
906 2553 992 2588 degis;

206 2607 261 2627 non
275 2600 363 2626 solum
375 2600 427 2627 hoc
441 2600 489 2627 tibi
508 2600 621 2633 bonum,
636 2600 684 2627 sed
699 2604 727 2626 ct
748 2599 888 2634 deinceps.
906 2603 996 2627 trans-

207 2648 268 2672 acta
285 2646 428 2673 tenebrosa
451 2646 507 2673 vita
529 2651 575 2673 tua
589 2651 617 2673 ct
628 2647 737 2673 mortali
752 2655 813 2681 qua),
839 2646 921 2673 hodie
935 2645 995 2673 ﬂuit

209 2695 326 2722 transitu
341 2693 441 2725 soluto,
456 2700 519 2720 cum
531 2693 634 2728 optimo
643 2697 785 2728 apparatu.
799 2693 994 2721 comitantibus

244 2770 299 2803 (5'7)
315 2768 395 2800 Cod.,
410 2769 562 2804 ἠρμοσμέν.
582 2769 628 2794 καὶ
646 2768 885 2804 συμπεπηγμέναι.

247 2805 302 2839 {58)
320 2804 374 2831 Cod
380 2825 385 2830 .
391 2824 398 2837 ,
416 2803 639 2839 πρεπωδέστατον.

860 55 1008 85 NlCLTAS
1045 55 1148 83 DAVID

1781 50 1852 78 738

1033 122 1109 149 ματι,
1125 113 1173 140 καὶ
1186 112 1224 148 μὴ
1236 112 1269 139 τὰ
1282 111 1400 148 περισσὰ
1411 110 1459 138 τοῦ
1477 110 1535 146 βίου
1550 109 1647 145 φιλεῖν,
1658 108 1706 135 καὶ
1720 108 1829 143 θησαυ
1840 123 1849 128 -

1033 158 1118 194 ρίζειν
1141 158 1271 193 ματαίους
1297 158 1344 184 ἐπὶ
1371 158 1423 192 γῆς
1450 155 1613 191 θησαυροὺς,
1643 154 1689 181 τὸν
1712 153 1783 180 ναὸν
1811 153 1847 179 διε

1031 206 1092 235 ταῖς
1112 204 1243 239 ἀσκήσεσι
1266 203 1406 239 καθαίρειν
1427 202 1474 229 καὶ
1493 201 1594 232 πάσαις
1615 199 1740 235 βελτιοῡν
1767 200 1845 234 ἀρε-

1032 252 1100 282 ταῖς.

1033 308 1084 335 156
1092 309 1173 342 Νηύς
1186 308 1240 343 γὰρ
1246 307 1390 343 μεγάλοιο
1407 305 1481 333 Θεοῦ
1490 306 1609 340 βροτός,
1623 313 1649 331 κ.
1664 314 1688 331 τ.
1700 305 1728 332 λ,

1068 353 1161 381 Εἰπὼν
1181 354 1223 380 ὃτι
1244 354 1297 389 χρὴ
1320 353 1432 388 κοσμεῖν
1458 351 1504 378 τὸν
1519 351 1582 377 ναὸν
1599 351 1646 378 καὶ
1661 351 1706 377 ἀεὶ
1728 350 1843 385 βελτίω

1033 401 1130 434 ποιεῖν,
1144 400 1186 432 τίς
1202 400 1268 427 ότοῦ
1284 399 1352 426 Θεοῦ
1366 398 1429 430 ναὸς
1443 394 1521 429 οὗτός
1533 398 1617 430 ἐστιν,
1631 396 1661 423 ὃν
1671 396 1842 431 πεποίηκεν

1032 448 1047 473 ὁ
1066 447 1178 482 Κύριος,
1193 447 1276 478 εὐθὺς
1288 445 1386 480 ἐπάγει
1405 444 1451 471 τὸν
1469 443 1611 479 ἄνθρωπον
1630 441 1708 474 εἶναι,
1729 443 1763 474 ὃς
1776 441 1841 469 ἀπὸ

1033 493 1084 528 γῆς
1100 492 1148 518 καὶ
1174 491 1222 518 τοῦ
1248 492 1342 527 γηϊνου
1357 490 1529 526 φρονήματος
1542 489 1591 524 τῆς
1617 488 1684 523 πρὸς
1695 487 1767 514 Θεὸν
1784 487 1841 514 καὶ

1033 537 1079 564 τὸν
1090 535 1204 573 οὐρανὸν
1216 535 1368 571 ἀρξάμενος
1386 535 1529 570 κινήσεως,
1546 532 1591 559 διὰ
1608 530 1769 566 πνεύματος
1789 530 1840 556 αῖ-

1036 590 1111 617 ρεται
1140 581 1219 616 ὑψοῦ.
1235 581 1335 608 Τοῦτον
1364 579 1429 614 ἐγὼ,
1455 580 1536 614 φησιν
1554 580 1568 605 ό
1593 578 1664 613 ἱερὸς
1685 576 1837 610 θεολόγος,

1035 628 1118 654 πᾶσιν
1129 627 1221 664 ἔργοις
1246 627 1293 653 καὶ
1312 626 1401 660 λόγοις
1424 625 1535 660 ἀγαθοῖς
1550 623 1637 658 εὐώδη
1655 624 1763 658 τηρεῖν,
1782 621 1838 648 καὶ

1034 673 1093 709 Θεῷ
1116 674 1261 709 εὐάρεστον
1296 673 1343 700 καὶ
1379 672 1491 707 δόκιμον
1528 670 1687 705 φυλάσσειν,
1715 669 1758 699 εἰς
1789 668 1839 694 ἀεὶ

1035 719 1174 755 παραινῶ·
1190 718 1233 746 ἀεί
1253 727 1283 745 τε
1309 717 1379 744 κατὰ
1390 717 1453 744 νοῠν
1468 716 1564 751 ἔχοντα
1580 715 1625 741 τὸν
1649 713 1772 749 Χριστὸν
1790 713 1838 739 ὲν-

1038 765 1190 800 ιδρυμένον,
1206 765 1252 791 καὶ
1261 764 1304 790 ἀεὶ
1316 763 1397 798 ἁγνὸν
1409 763 1483 794 ὄντα,
1497 761 1527 788 οὐ
1541 760 1682 790 δοκοῦντα,
1697 757 1838 794 ἀληθινόν

1037 820 1066 838 τε
1077 811 1116 847 τῷ
1125 811 1192 841 ὄντι.
1208 811 1265 838 ἀλλ’
1275 811 1325 837 οὐκ
1334 810 1422 845 οἰήσει
1432 808 1497 844 ψιλῇ
1516 806 1692 842 νομιζόμενον
1704 804 1837 831 τοιοῦτον

1038 856 1118 889 εἶναι,
1150 857 1206 892 ἐγὼ
1232 856 1469 892 παρακελεύομαι·
1493 854 1541 881 καὶ
1565 854 1602 890 μὴ
1620 853 1715 888 ὥσπερ
1735 851 1836 878 πλοῖον

1040 904 1125 939 μίλτῳ
1135 904 1180 930 καὶ
1192 903 1318 939 χρώμασι
1329 900 1562 937 διαντιζόμενον,ἡ
1572 907 1627 926 τισι
1637 898 1727 929 ἄλλοις
1739 905 1837 932 παρα-

1039 951 1135 986 σήμοις
1149 949 1275 976 κάλλεσιν
1289 948 1454 984 ἀπράπτον,
1468 948 1525 978 τοῖς
1539 946 1588 981 τῆς
1609 944 1749 979 θαλάσσης
1777 943 1836 970 νὼ-

1037 1003 1093 1027 τοις
1106 995 1228 1021 ἐπιπλεῖ·
1242 993 1279 1030 μὴ
1302 994 1394 1021 καὶσὺ
1417 992 1560 1028 χρώμασιν
1578 991 1649 1018 οὓτω
1658 991 1709 1025 τῆς
1726 989 1834 1025 ἀρετῆς

1037 1041 1183 1068 ποικίλλων
1192 1040 1297 1073 ἑαυτὸν,
1307 1040 1354 1067 καὶ
1363 1039 1415 1066 ὑπὸ
1420 1039 1474 1065 τῶν
1486 1037 1610 1074 ὁρώντων
1619 1035 1834 1071 θαυμαζόμενος

1037 1087 1084 1113 καὶ
1099 1085 1304 1120 ἐπαινούμενος,
1321 1085 1351 1110 ὲν
1368 1083 1513 1119 ὑποκρίσει
1541 1081 1670 1117 διαλάθῃς
1699 1080 1833 1115 ἐκπερῶν

1036 1132 1083 1158 τὸν
1104 1131 1161 1166 βίον
1174 1139 1181 1146 ·
1206 1129 1290 1166 μιμοῦ
1309 1130 1337 1156 δὲ
1361 1129 1428 1156 ναῦν
1443 1128 1550 1163 ἀγαθὴν
1562 1127 1608 1154 καὶ
1620 1127 1746 1162 ἰσχυρὰν,
1761 1134 1832 1160 κρα-

1036 1177 1138 1208 τίστοις
1153 1176 1199 1202 καὶ
1213 1175 1401 1211 στερροτάτοις
1416 1174 1463 1200 τοῦ
1484 1172 1641 1208 [Ινεύματος
1657 1172 1754 1206 νόμοις
1777 1170 1827 1197 καὶ

1036 1222 1154 1257 Χριστοῦ
1172 1222 1259 1258 Ἰησοῦ
1271 1222 1308 1253 ὡς
1324 1220 1466 1257 ναυπηγοῦ
1483 1219 1650 1255 δικαιώμασι
1665 1218 1713 1244 καὶ
1730 1217 1832 1251 δογμα-

1037 1279 1079 1297 σιν
1087 1267 1131 1296 οἷα
1139 1269 1254 1305 γόμφοις
1265 1269 1442 1305 ἡρμοσμένην
1452 1268 1507 1302 (57)
1518 1268 1565 1294 καὶ
1577 1275 1608 1293 συ
1613 1265 1830 1301 μπεπηγμένην,

1036 1316 1120 1349 ὀξέως
1136 1325 1165 1343 τε
1179 1317 1226 1343 καὶ
1239 1316 1355 1347 εὐτόνως
1366 1315 1400 1341 τὰ
1418 1315 1473 1341 τῶν
1483 1312 1669 1348 πειραζόντων
1678 1310 1830 1337 senatus».

1037 1360 1156 1396 κύματα,
1171 1360 1239 1396 πρὸς
1248 1360 1311 1387 τοὺς
1321 1359 1466 1396 γαληνίους
1479 1359 1578 1395 ὅρμους
1593 1358 1639 1385 καὶ
1652 1356 1830 1391 ἀκυμαντους

1038 1407 1084 1434 τοῦ
1100 1407 1207 1443 Harpe;
1219 1406 1387 1438 καταπαύοις
1406 1406 1500 1441 μονάς.

1091 1454 1142 1481 165
1154 1453 1284 1488 Πᾶςμὲν
1299 1453 1337 1479 τοι
1350 1452 1538 1487 προπάροιθε,
1552 1460 1578 1477 κ.
1595 1459 1620 1476 τ.
1635 1450 1657 1476 λ,

1072 1500 1141 1535 Περὶ
1166 1500 1357 1535 προτιμήσεως
1381 1499 1397 1534 ἢ
1421 1499 1486 1534 περὶ
1513 1497 1712 1532 πρωτοκλισίας
1741 1495 1826 1526 οὐδεί.Ι

1040 1554 1084 1581 μοι
1099 1545 1211 1580 λόγος,ὁ
1223 1545 1272 1580 τῆς
1293 1544 1542 1579 ταπεινοφροσύνης
1565 1544 1708 1577 ὑποφήτης
1729 1541 1803 1574 λέγει
1817 1549 1825 1555 ·

1039 1591 1092 1623 πᾶς
1108 1589 1260 1626 ἔμπροσθέν
1285 1598 1336 1625 μου
1359 1589 1532 1625 προτρεχέτω
1548 1589 1595 1615 καὶ
1618 1586 1827 1622 προτετιμῆσθαι

1039 1636 1077 1672 τῷ
1099 1636 1168 1671 Θεῷ,
1192 1635 1230 1667 ὡς
1254 1635 1287 1662 ἂν
1304 1635 1460 1670 παρασταίη
1481 1634 1606 1669 ἀρεστόν.
1628 1633 1665 1659 Οὐ
1683 1632 1737 1667 γὰρ
1753 1631 1826 1666 φιλο-

1039 1683 1189 1719 πρωτεύειν
1205 1683 1299 1717 ἔμοιγε
1317 1690 1325 1698 ο
1343 1681 1422 1716 μόνον
1436 1681 1464 1707 δὲ
1480 1680 1527 1707 τοῦ
1545 1679 1612 1706 Θεοῦ
1638 1679 1758 1709 ἅπαντες
1783 1678 1824 1710 ἐξ·

1040 1729 1155 1764 έχοισθε,
1167 1729 1267 1760 πάντες
1282 1729 1339 1755 ὅσοι
1347 1727 1416 1754 κατὰ
1424 1727 1525 1763 κόσμον
1541 1727 1627 1761 σοφοὶ,
1638 1726 1696 1752 ὅσοι
1709 1724 1824 1755 δυνατοὶ,

1039 1777 1097 1803 ὅσοι
1113 1775 1235 1803 πλούσιοι
1251 1776 1299 1802 καὶ
1313 1775 1432 1811 πτωχοί·
1447 1774 1482 1801 τὰ
1496 1773 1605 1800 πάντων
1622 1772 1789 1808 πρυμνήσια.
1799 1771 1823 1796 oi

1041 1821 1096 1848 ἀπὸ
1110 1821 1161 1856 γῆς
1177 1821 1223 1847 καὶ
1237 1820 1286 1856 τῆς
1305 1820 1393 1847 αὐτῶν
1414 1819 1528 1854 καρδίας
1549 1817 1739 1848 ἀναϐαίνοντες
1755 1817 1825 1849 λογι-

1042 1867 1106 1902 σμοὶ
1116 1887 1124 1897 ,
1138 1866 1185 1893 τοῦ
1199 1867 1333 1902 ἀψεύστου
1346 1866 1393 1893 καὶ
1405 1866 1554 1892 ἀσαλεύτου
1569 1865 1688 1900 ’ἑρματος
1704 1862 1720 1898 ἧ
1735 1862 1822 1897 στηρί-

1041 1922 1145 1949 γματος
1161 1913 1209 1948 τῆς
1226 1913 1352 1948 ἀληθείας
1366 1909 1661 1947 ὲξήφοωσανΧριστοῦι
1673 1910 1786 1945 μάλιστα
1796 1908 1821 1935 δὲ

1042 1958 1151 1984 πάντων
1167 1957 1228 1992 ἐμοὶ
1243 1957 1321 1984 τοῦτο
1337 1957 1389 1992 ἔφη
1411 1956 1635 1992 πρεπωδέστατον
1652 1955 1709 1990 (38)
1730 1956 1819 1986 ποιεῖν,

1042 2003 1078 2036 ὡς
1093 2003 1227 2039 ὑψιθρόνῳ
1238 2003 1397 2038 τυγχάνοντι
1415 2004 1463 2030 καὶ
1488 2004 1517 2029 ἐν
1533 2002 1638 2033 θυσίαις
1663 2001 1735 2028 λαῶν
1748 2000 1820 2036 ἱερῶν

1042 2048 1185 2084 ἡγουμένῳ
1202 2048 1269 2084 πρὸς
1281 2048 1326 2075 τὸν
1342 2049 1454 2084 οὐρανὸν
1468 2048 1522 2074 ἀπὸ
1539 2048 1588 2082 τῆς
1607 2047 1662 2082 γῆς·
1673 2044 1696 2081 ᾧ
1711 2047 1821 2081 τοσούτῳ

1045 2094 1111 2129 βαρὺ
1119 2094 1165 2121 καὶ
1173 2093 1329 2125 κινδυνῶδες
1336 2094 1542 2129 ἐσκοτοσμέναις
1553 2093 1688 2127 ἐννοίαιςῆ
1699 2093 1819 2127 πράξεσιν

1044 2140 1187 2175 ἀτιμάζειν
1202 2141 1247 2166 τὸν
1269 2141 1386 2175 Χριστὸν
1396 2161 1402 2172 ,
1419 2141 1472 2175 ὅσῳ
1488 2148 1532 2175 μοι
1547 2140 1624 2170 κλέος
1636 2139 1738 2173 ἀγαθὸν
1753 2139 1818 2165 ἔσται

1045 2187 1092 2214 καὶ
1105 2187 1179 2219 δόξα,
1196 2187 1305 2213 ἐπειδὰν
1319 2187 1475 2222 ἀμωμήτως
1491 2187 1593 2220 ἐγγίσω
1605 2185 1644 2219 τῷ
1654 2184 1724 2220 Θεῷ.
1832 2178 1833 2181 Ἰ

1098 2233 1155 2259 Καὶ
1168 2233 1222 2267 γὰρ
1233 2232 1272 2266 δὴ
1284 2232 1419 2267 μέτροισι
1435 2233 1521 2262 Θεοῦ,
1534 2240 1562 2258 κ.
1574 2239 1600 2258 τ.
1614 2230 1653 2262 ἐξ.

1084 2281 1117 2306 Ὃ
1130 2279 1159 2306 δὲ
1172 2279 1262 2313 λέγει,
1281 2278 1400 2304 τοιοῦτον
1418 2275 1489 2304 εἶναι
1505 2286 1550 2312 μοι
1565 2277 1647 2306 δοκεῖ.
1665 2277 1706 2303 ὃτι
1719 2276 1818 2302 κατὰτὸ

1046 2326 1143 2362 μέτρον
1155 2325 1204 2360 τῆς
1215 2325 1318 2360 δωρεᾶς
1329 2324 1375 2351 τοῦ
1388 2323 1503 2359 Χριστοῦ
1515 2323 1564 2357 τῆς
1577 2324 1606 2350 ἐν
1620 2324 1691 2358 ἀρχῇ
1715 2323 1767 2357 (59)
1783 2323 1818 2348 δε-

1045 2372 1204 2408 δωρημένης
1214 2373 1269 2402 τοῖς
1284 2370 1439 2397 πιστεύουσι
1458 2369 1505 2396 καὶ
1517 2370 1531 2395 ὁ
1546 2369 1602 2403 βίος
1613 2369 1705 2399 αὐτοῖς
1721 2367 1817 2394 ἀκολου-

1047 2418 1088 2445 θεῖ
1099 2427 1104 2432 ·
1116 2418 1163 2444 καὶ
1173 2416 1204 2444 αὖ
1217 2417 1297 2444 πάλιν
1307 2425 1313 2430 ·
1322 2416 1400 2443 Κατὰ
1410 2416 1444 2442 τὰ
1460 2417 1548 2451 μέτρα
1560 2414 1606 2441 τοῦ
1622 2414 1679 2449 βίου
1693 2413 1818 2446 ἀναλόγως

1045 2465 1137 2495 αὐτοῖς
1152 2463 1242 2491 καὶτὰ
1254 2463 1322 2498 γέρα
1333 2463 1386 2489 τῶν
1401 2462 1490 2489 πόνων
1505 2461 1654 2495 ἀπαντήσει
1670 2459 1740 2494 πρὸς
1751 2457 1813 2484 Θεοῦ.

1046 2510 1124 2537 Οὕτω
1131 2510 1158 2536 δὲ
1168 2509 1274 2545 φρονῶν
1290 2509 1336 2535 καὶ
1355 2508 1424 2534 κατὰ
1436 2507 1509 2534 τόνδε
1518 2507 1562 2533 τὸν
1576 2506 1661 2532 τύπον
1678 2505 1707 2531 ἐν
1724 2505 1816 2540 ἀρεταῖς

1045 2555 1202 2590 διαὸιώσαςι
1222 2554 1328 2589 ἀσφαλῆ
1353 2553 1399 2580 καὶ
1422 2553 1566 2588 εὐάρεστον
1588 2552 1757 2586 διαπερανεῖς
1777 2549 1814 2584 τὴν

1045 2603 1073 2629 ὲν
1089 2601 1193 2635 σώματι
1208 2600 1279 2635 ζωήν
1292 2609 1299 2615 ”
1317 2600 1347 2625 οὺ
1366 2599 1444 2634 μόνον
1461 2599 1504 2631 δὲ,
1523 2597 1590 2625 ἀλλὰ
1604 2597 1651 2624 καὶ
1666 2597 1812 2632 μετέπειτα,

1043 2647 1091 2673 τοῦ
1108 2645 1237 2677 σκιώδους
1253 2646 1310 2681 βίου
1329 2655 1374 2672 σου
1392 2645 1469 2672 τοῦδε
1484 2644 1531 2671 καὶ
1547 2642 1668 2679 φθαρτοῦ
1690 2643 1719 2669 ἐν
1742 2641 1813 2676 ἡμέρᾳ

1044 2693 1133 2726 ἐξόδου
1153 2693 1284 2728 λυομένου
1295 2714 1302 2725 ,
1321 2692 1369 2718 σὺν
1386 2691 1485 2727 ἀρίστῃ
1497 2691 1592 2726 πομπῇ
1607 2689 1654 2716 καὶ
1670 2687 1762 2724 ὁδηγίᾳ
1773 2687 1813 2718 ἁγ-

1083 2769 1139 2805 (59)
1157 2769 1235 2802 Cod.,
1246 2769 1355 2806 ἐναρχή.
