1936 3042
128 113 182 144 7'29

126 171 216 207 γέλων
231 171 298 198 Θεοῦ
319 172 454 208 κρείττονι
477 173 518 204 είς
537 172 587 205 τὰς
601 172 656 200 τῶν
674 174 818 210 μακαρίων
833 182 917 200 κατα-

127 218 237 249 παύσας
256 218 374 252 σκηνὰς,
392 219 438 246 τὸν
461 219 566 246 ἑστῶτα
580 220 626 246 καὶ
641 219 737 247 ἄλυτον
759 221 807 247 σὺν
827 220 919 252 αὐτοῖς

127 264 273 294 διιιωνίως
284 264 313 290 ὲν
327 264 476 300 Πνεύματι,
489 266 518 291 ὲν
532 264 641 300 Χριστῷ
663 265 749 301 Ίησοῦ
764 265 918 298 διαὸιώσεις

129 310 186 343 βίον
201 317 207 323 ·
220 305 242 342 ᾧ
252 311 269 344 ὴ
285 309 347 342 δόξα
362 311 403 341 είς
417 311 480 342 τοὺς
494 311 594 342 αίῶνας
607 311 662 337 τῶν
676 311 791 338 αἰώνων.
820 313 916 348 Ἀμήν.

129 355 197 390 Περὶ
215 355 316 392 ἀρετῆς
329 356 501 392 ἀνθρωπίνης
515 357 592 391 λόγος
608 356 638 385 θ’.

134 411 302 446 Ἐξήγησις
316 414 359 446 εις
376 413 411 440 τὰ
425 413 578 447 ἁπόρῤητιι
593 412 646 439 τοῦ
659 413 791 448 μεγάλου
806 414 918 446 Γρηγο-

161 448 231 481 ρίου
239 448 292 484 τοῦ
303 449 449 482 Θεολότου
455 451 533 482 Ἔπη
540 449 576 476 τὰ
582 447 630 474 διὰ
641 449 840 483 ὴρωελεγείων
849 448 917 484 μυ).

166 483 238 516 Περὶ
253 483 372 517 φύσεως
384 483 582 517 ἀνθρωπίνης.
595 484 688 518 Λόγος
704 486 730 510 ι’.

165 538 350 574 Φιλοσοφήσας
365 540 380 565 ὁ
394 538 594 574 θεοσοφώτατος
606 540 669 575 περὶ
684 540 733 574 τῆς
743 539 919 575 ἀνθρωπίνης

129 585 243 620 ἀρετῆς.
258 585 309 611 ὅσα
329 585 346 620 ή
371 585 426 612 τῶν
451 585 519 612 ὅλων
543 586 659 620 τεχνῖτις
687 585 744 620 (41)
767 585 920 620 ὑπέρσοφος

131 631 287 666 ἐδωρήσατο
321 631 417 665 σοφία,
445 631 490 658 διὰ
519 631 573 658 τῶν
606 631 791 666 προκειμένων
817 631 919 657 τούτων

132 677 209 704 ἐπῶν
226 677 290 713 περὶ
305 678 390 712 αὐτῆς
405 677 455 712 τῆς
465 677 518 704 τῶν
529 677 680 714 ἀνθρώπων
693 677 798 711 φύσεως
809 677 922 712 διαλαμ-

131 723 220 755 ϐάνει,
237 723 266 750 τὸ
282 723 401 758 φθαρτόν
415 732 445 749 τε
457 723 544 758 αὐτῆς
559 723 606 749 καὶ
618 723 762 758 οὐδαμινὸν
777 723 824 749 καὶ
838 723 920 758 εὐμε-

135 769 245 795 τάσολον
259 769 519 804 διακωμιρδοὺμενος
534 768 606 795 οὕτω
614 769 688 803 λέγει
697 778 704 784 ’

133 815 145 841 1
166 814 270 845 Χθιζὸν
282 815 338 851 (42)
353 815 434 850 ἐμοῖς
449 814 574 849 ἀχέεσσι
587 816 776 849 τετρυμένος,
789 825 816 842 κ.
831 824 855 843 τ.
866 816 890 843 λ.

167 861 239 892 Χθὲς
254 861 302 888 καὶ
318 860 431 896 πρώην,
447 861 529 896 φησὶν
545 862 560 887 ὁ
579 861 724 896 θεόληπτος
742 863 918 898 ἱεροφάντης,

133 907 210 938 ίδίοις
222 907 313 942 ψυχῆς
327 907 448 941 ἄλγεσιν,
481 907 570 938 ἀνίαις
591 915 621 933 τε
643 908 690 934 καὶ
710 908 816 941 ὀδύναις
834 918 919 936 κατα-

131 951 311 987 τρυχόμενος,
338 951 446 978 πάντων
474 952 662 987 ἀπομονωθεὶς
688 953 734 979 ἐπί
759 962 785 980 τι
811 954 918 989 σκιερὸν

131 998 212 1028 ἄλσος
229 997 343 1032 ἐκείμην
354 1018 362 1030 ,
383 997 547 1033 δακνόμενος
563 997 613 1034 τὴν
630 998 756 1034 αἴσθησιν
776 1000 822 1025 καὶ
835 1008 919 1026 κατα-

130 1041 284 1077 τηκόμενπ
295 1049 303 1057 ⁸
315 1043 363 1069 καὶ
373 1042 428 1077 γάρ
442 1051 486 1078 μοι
502 1042 582 1069 τοῦτο
596 1042 672 1077 φίλον
687 1044 729 1070 ἀεὶ
743 1043 836 1079 ὥσπερ
851 1045 920 1081 φάρ-

133 1097 221 1123 μακον
234 1088 365 1123 ίατὴριον,
383 1089 412 1114 ὲν
423 1089 570 1124 αὐστηροῖς
583 1089 696 1116 πάθεσιν
709 1090 867 1126 ὀδυνωμένῳ
881 1091 920 1126 τῷ

133 1135 194 1161 καθ’
212 1135 326 1169 ἡσυχίαν
344 1134 455 1170 ἐμαυτῷ
480 1136 649 1170 προσλαλεῖν.
669 1134 756 1172 Δῦραι
775 1137 803 1163 δὲ
823 1137 921 1164 λεπταὶ

131 1180 225 1216 ἡρέμα
239 1180 417 1215 περιηχοῦσαι
429 1181 475 1206 τὸν
493 1180 562 1216 ἀέρα
574 1201 582 1213 ,
597 1181 655 1216 ἅμα
673 1183 728 1213 τοῖς
744 1181 852 1216 ᾠδικοῖς
872 1182 920 1218 ὕρ-

133 1236 204 1254 νισιν
221 1225 298 1262 ᾆσμα
319 1226 460 1254 κελαδοῦσι
485 1228 565 1254 καλὸν
588 1229 635 1254 καὶ
653 1228 768 1263 τερπνὸν
791 1229 844 1255 ἀπὸ
867 1229 921 1256 τῶν

133 1272 305 1308 ἀκρεμόνων,
326 1273 426 1308 καίπερ
439 1273 578 1299 ὲκπνέοντί
599 1282 644 1306 μοι
656 1273 706 1308 τὴν
721 1273 820 1308 ψυχὴν,
836 1273 921 1309 ὅμως,

134 1318 219 1345 ὕπνον
242 1318 350 1352 ἣδιστον
374 1318 531 1353 ἐχαρίζοντο
557 1320 604 1345 καὶ
629 1319 758 1354 μαλακόν.
785 1319 859 1346 Ἐκεῖ
878 1319 921 1355 δὴ,

135 1364 203 1398 φησὶ
213 1384 220 1395 ,
238 1364 284 1390 καὶ
299 1365 323 1390 οί
338 1364 460 1398 τέττιγες
471 1365 495 1390 οἱ
511 1363 558 1390 τοῦ
574 1365 648 1400 ἡλίου
667 1365 756 1399 φίλοι,
770 1366 794 1392 οἱ
809 1365 923 1401 λιγυρὰν

134 1411 184 1437 καὶ
194 1410 283 1443 ὀξεῖαν
297 1410 350 1437 ἀπὸ
365 1410 412 1437 τοῦ
430 1411 543 1447 στήθους
562 1412 715 1448 μελίζοντες
729 1411 777 1448 τὴν
790 1411 921 1448 φθογγὴν,

134 1456 302 1491 ἐπηχοῦντες
321 1456 381 1482 ὅλον
397 1457 532 1493 ἐπλήρουν
550 1459 580 1485 τὸ
601 1458 683 1489 ἄλσος
699 1459 786 1485 ἐκεῖνο
801 1457 851 1493 τῆς
865 1467 922 1493 φω-

134 1503 184 1537 νῆς
198 1511 203 1517 ·
218 1502 322 1537 ψυχρὸν
348 1502 376 1529 δὲ
403 1502 474 1538 ὕδωρ
494 1504 586 1539 ⁴ἡρέμα
608 1504 641 1530 δι’
665 1504 725 1530 ὃλου
754 1503 800 1530 τοῦ
826 1504 924 1535 ἄλσους

135 1548 292 1583 παραρρέον
324 1549 371 1575 καὶ
391 1549 454 1580 τοὺς
465 1549 548 1584 ἐμοὺς
563 1549 695 1582 ἐπέκλυζε
712 1549 794 1581 πόδας
807 1557 814 1564 ·
824 1549 885 1584 ἐμοὶ
896 1549 924 1575 δὲ

133 1594 209 1628 ὅμως
220 1594 412 1629 ἀπαράκλητος
424 1594 571 1630 ἐτύγχανεν
585 1596 601 1630 ἡ
619 1595 702 1630 ψυχή.
720 1595 775 1622 Καὶ
790 1595 843 1630 γὰρ
857 1603 923 1630 κρα-

134 1640 220 1672 ταιῶς
233 1641 265 1676 τῇ
280 1641 352 1676 λύπῃ
367 1641 530 1676 συνειχόμην
541 1660 549 1672 ,
572 1641 648 1668 οὐδὲν
668 1639 776 1677 ἦττονῆ
797 1641 862 1676 πρὶν
878 1649 925 1674 γε-

135 1686 230 1712 νέσθαι
247 1687 304 1713 ἐκεῖ
315 1695 323 1702 ·
335 1687 388 1712 τῶν
399 1686 608 1721 κατεπᾳδόντων
627 1687 675 1722 μὲν
686 1687 740 1722 γὰρ
757 1688 804 1714 καὶ
818 1686 925 1720 θέλγειν

136 1731 290 1757 δοκούντων
303 1730 388 1762 οὐδεὶς
405 1731 466 1766 ἐμοὶ
485 1731 573 1765 λόγος.
598 1731 670 1764 Νοῦς
685 1731 740 1768 γὰρ
761 1731 903 1767 ἀνθρώπου
916 1751 925 1763 ,

137 1776 246 1807 πολλοῖς
269 1776 316 1803 καὶ
344 1776 452 1812 δριμέσι
474 1777 565 1809 πόνοις
585 1777 849 1813 καταϐαρυνόμενος,
876 1777 925 1804 οὐκ

137 1822 224 1848 ἐθέλει
236 1821 329 1848 λοιπὸν
345 1821 561 1858 παρακαλεῖσθαι
576 1823 636 1849 οὐδὲ
655 1823 777 1858 τέρψεως
789 1823 927 1859 ἀνθρωπί-

137 1876 186 1902 νης
205 1867 296 1902 ἔχεται
314 1868 451 1903 οὐδεμιᾶς.
475 1869 538 1900 Τοῖς
556 1868 603 1895 τοῦ
623 1868 668 1895 νοῦ
687 1869 715 1895 δὲ
730 1870 861 1904 κινήμασι
880 1870 927 1896 καὶ

137 1914 197 1944 ’δαῖς
206 1913 260 1940 τῶν
273 1913 399 1940 ἐναντίων
410 1913 547 1949 λογισμῶν
556 1914 652 1946 πάλαις
665 1915 694 1941 ἐν
704 1914 803 1950 καρδίᾳ
814 1923 927 1950 συστρε-

142 1959 260 1993 φόμενος
271 1960 319 1986 καὶ
331 1960 551 1995 περιδινούμενος
562 1960 705 1987 ἐσκόπουν.

140 2004 173 2031 17
232 2005 280 2037 Ῑίς
298 2005 427 2039 γενόμην
434 2013 443 2036 ;
458 2005 503 2038 τίς
518 2005 604 2040 δἐΙμί
614 2013 622 2035 ;
639 2006 668 2032 τί
697 2005 852 2039 δ’ἕσσομαι
862 2013 871 2037 ;
891 2006 927 2033 οὐ

597 2050 691 2086 [σάφα
705 2050 780 2081 οἶδα,
794 2060 820 2078 κ.
831 2060 855 2078 τ.
867 2051 891 2078 λ.

174 2097 222 2128 ἰ’ίς
237 2115 244 2127 ,
263 2096 345 2131 φησὶν
357 2116 364 2128 ,
379 2096 513 2132 ἐγενόμην
525 2116 532 2128 ,
553 2097 585 2123 ὲκ
603 2096 640 2132 μὴ
653 2096 729 2128 ὄντος
746 2097 786 2128 εἰς
810 2097 840 2123 τὸ
859 2095 928 2124 εἶναι

142 2141 246 2173 tiam;
262 2142 304 2174 τίς
315 2142 344 2169 δὲ
363 2143 410 2169 νῦν
425 2144 499 2178 εἰμι,
519 2143 580 2169 ἐπεὶ
596 2143 758 2178 γεγενῆσθαί
776 2152 864 2178 φημις
883 2143 929 2170 καὶ

141 2186 170 2212 τί
196 2186 267 2221 μετὰ
289 2187 374 2213 ταῦτα
400 2187 512 2222 μάταιος
534 2188 704 2222 γενήσομαι;
730 2188 778 2214 καὶ
800 2189 854 2223 γὰρ
873 2187 928 2214 οὔτ’

143 2232 224 2264 αὐτὸς
240 2230 298 2259 οἶδα
310 2233 411 2266 σαφῶς,
424 2233 464 2264 τίς
481 2234 496 2268 ή
514 2235 575 2259 κατ’
588 2233 674 2268 ἀρχὰς
685 2233 786 2264 εἴσοδος
801 2233 869 2268 πρὸς
883 2233 929 2260 τὸν

144 2279 211 2314 βίον,
227 2279 243 2314 ἦ
258 2279 300 2310 τίς
313 2278 515 2314 προ[σ]κόπτων
530 2278 605 2305 ἐνθεν
621 2279 684 2314 ἄχρι
697 2278 743 2305 τοῦ
757 2278 860 2310 τέλους.
876 2279 930 2304 Λυ-

143 2325 201 2356 θεὶς
217 2325 313 2351 ἔπειτα
330 2325 371 2356 τίς
385 2326 554 2360 γενήσομαι,
571 2325 674 2360 φράσον
694 2332 702 2341 ·
725 2325 772 2351 καὶ
793 2325 847 2359 γὰρ
873 2323 928 2351 οὔτ’

144 2371 226 2402 αὐτὸς
253 2370 375 2404 ἀκριϐῶς
398 2371 567 2405 ἐπίσταμαι,
594 2369 652 2396 ἀλλ’
673 2370 727 2396 οὐδ’
753 2371 871 2400 ἐκεῖνος,
899 2369 929 2400 ὃς

145 2416 246 2451 μᾶλλον
264 2416 331 2451 ἐμοῦ
355 2415 508 2451 σοφώτερος
526 2416 633 2451 εὔχεται
645 2414 725 2442 εἶναι·
741 2415 780 2450 τῷ
795 2416 927 2450 ἐπιπροσ-

142 2462 234 2488 θοῦντι
249 2462 278 2488 δὲ
294 2461 399 2497 σώματι
418 2463 465 2489 καὶ
480 2464 512 2497 τῇ
541 2462 638 2497 ἀγνοίᾳ
651 2460 695 2488 οἵα
709 2461 785 2495 νέφει
799 2461 876 2496 βαθεῖ
885 2461 930 2487 τὸν

142 2508 205 2535 νοῦν
221 2507 444 2543 κεκαλυμμένος,
465 2504 517 2534 ὧδε
533 2508 614 2534 κάκεῖ
629 2507 838 2543 περιπλανῶμαι
850 2527 858 2539 ,
880 2515 930 2542 μα-

180 2608 238 2643 (40)
254 2608 346 2644 Carm.
360 2608 436 2642 Xlll,
455 2617 481 2644 p.
494 2608 549 2644 867,
566 2609 612 2644 ed.
632 2607 728 2644 (Solon.
759 2615 786 2644 p.
803 2607 871 2640 9‘3,
888 2607 932 2635 ed.

144 2641 297 2670 Leuvencl.
313 2643 404 2671 Carm.
425 2641 499 2672 nunc
526 2643 596 2677 MV,
614 2651 640 2678 p.
655 2643 716 2670 469.

183 2678 240 2714 (Η)
256 2679 336 2714 (_‘.od.,
352 2680 498 2714 τεχνηίτις.

183 2711 241 2748 (42)
259 2711 448 2748 ΒῖΙΙ.,χοιζός;
465 2719 611 2748 utrumque
625 2712 811 2740 Homericum.
824 2728 860 2734 —
870 2711 935 2746 Οἷος

146 2748 195 2775 ἀπ’
217 2747 305 2776 ἄλλων
336 2747 355 2776 έ⁷
372 2749 408 2775 ita
431 2750 511 2776 etiam
537 2747 644 2775 loeutus
663 2753 705 2775 est
729 2747 821 2783 Apoll.
843 2748 933 2775 Rhod.

147 2783 169 2815 Ι.
183 2782 235 2815 60,
258 2787 285 2810 et
309 2783 458 2819 Tryphiod.
473 2784 536 2816 2%,
563 2788 601 2819 et_
615 2784 730 2810 fortasse
754 2782 799 2810 Etlii
824 2792 934 2818 quoque

149 2819 288 2845 imitantes
298 2816 561 2850 illud-Homericum,
576 2816 630 2850 οἷος
640 2818 728 2845 ἄνευθ’
739 2816 841 2850 inm;
851 2816 933 2845 “iud.

149 2860 218 2887 nn,
246 2854 291 2887 59,
325 2854 352 2882 in
375 2855 469 2882 eadem
490 2854 606 2882 formula
644 2861 669 2881 ν.
694 2851 748 2885 οἷος
767 2862 818 2889 pro
838 2854 934 2890 μοῦνος

637 117 670 144 lN
687 117 839 146 CARMINA
858 117 999 147 ARCANA
1016 118 1045 146 S.
1067 117 1240 146 GRLGORII.

1696 122 1749 150 736

972 173 1077 209 angelis
1100 172 1146 201 Dei
1169 174 1267 201 melius
1290 173 1378 201 adlntc
1392 177 1443 204 erit
1458 175 1516 208 tibi,
1529 171 1596 204 ac'in
1615 174 1756 204 beatorum

971 220 1148 248 tabernacula
1168 220 1262 255 requie
1283 219 1418 247 fruiturus
1437 221 1577 249 avolabis.
1597 226 1623 249 et
1648 230 1757 257 perma-

972 266 1045 293 nenti
1055 265 1202 300 stabilique
1213 266 1365 293 aeternitate
1373 274 1434 293 cum
1447 267 1514 301 ipsis
1529 267 1556 293 in
1567 265 1759 302 Spiritun'ives

971 311 1001 338 in
1024 310 1135 337 Christo
1155 310 1232 342 Jesu,
1251 311 1295 337 cui
1310 311 1397 346 gloria
1417 311 1443 337 in
1465 312 1565 339 saecula
1582 314 1757 339 saeculorum.

972 357 1070 384 Amen.
1087 356 1124 383 De
1139 356 1230 383 anima
1246 356 1365 383 humana
1382 364 1472 384 sermo
1486 357 1513 384 9.

973 410 1186 438 Commentarius
1198 411 1374 447 rArcanorum
1391 413 1479 447 magni
1498 412 1616 446 Gregorii
1636 413 1759 447 Theologi

1008 447 1156 473 carminum
1184 446 1372 478 distichorum,
1397 446 1549 474 de'natura
1570 449 1686 475 hunmna
1704 446 1761 476 se}-

1005 489 1046 508 mo
1064 481 1106 509 l0.

1011 536 1045 563 ’10
1058 535 1258 572 Philosophans
1270 537 1491 572 sapientissimus
1501 539 1650 566 secundum
1662 539 1759 572 Deum,

970 588 1004 610 de
1013 584 1130 610 humana
1140 584 1250 616 virtute,
1258 592 1319 619 qua‘
1329 584 1519 611 universorum
1527 586 1632 612 doctrix
1641 586 1760 620 perfecta

971 629 1046 656 dedit
1064 629 1214 664 sapientia,
1232 629 1276 655 illa
1300 637 1347 663 per
1368 630 1411 656 hic
1435 622 1572 665 proposita
1589 632 1710 658 carmina
1725 631 1762 658 de

973 680 1070 702 natura
1082 675 1222 702 hominum
1238 676 1382 702 reassuinit
1391 680 1473 710 atque
1483 678 1686 711 corruptionem
1699 676 1761 711 ejus

973 725 1000 748 et
1015 721 1146 747 vilitatem
1159 724 1187 747 et
1203 720 1382 748 mobilitatem
1398 721 1515 749 irridens
1532 722 1573 750 sic
1587 722 1708 757 loquitur
1725 731 1732 749 :

972 808 985 835 Ι
1033 807 1096 835 Heri
1110 807 1174 834 meis
1190 808 1314 834 (erumnis
1326 808 1468 841 conlectus,
1483 812 1536 835 etc.

1009 853 1073 881 Heri
1089 858 1116 881 et
1133 853 1355 886 nudiustertius,
1373 854 1411 880 ait
1425 854 1535 882 divinus
1552 854 1697 889 interpres,
1713 862 1762 882 en-

972 901 1085 935 goribus
1101 900 1199 927 anima:
1213 900 1363 927 comitibus
1373 919 1380 930 ,
1392 900 1511 927 miseriis
1524 905 1604 935 atque
1620 901 1763 929 doioribus

974 947 1141 981 implicatus,
1153 946 1187 973 ab
1199 946 1326 974 omnibus
1336 946 1494 977 derelictus,
1507 947 1636 974 umbroso
1652 947 1678 973 in
1695 955 1764 982 quo—

971 991 1033 1018 dam
1052 999 1162 1019 nemore
1177 992 1312 1026 jacebam,
1331 992 1428 1018 mentis
1443 999 1561 1019 maerore
1578 992 1721 1021 confectus
1736 998 1764 1020 et

972 1041 1144 1072 prostratus:
1165 1037 1254 1071 placet
1273 1037 1344 1064 enim
1363 1045 1471 1072 semper
1487 1038 1553 1065 mihi
1570 1039 1648 1073 qtiasi
1675 1047 1764 1067 reme-

973 1083 1046 1111 dium
1061 1090 1173 1116 sanans,
1182 1090 1244 1110 cum
1255 1082 1322 1109 dura
1337 1090 1445 1117 pascor,
1458 1083 1562 1117 placide
1575 1093 1680 1111 mecum
1695 1094 1764 1112 con-

972 1127 1087 1155 versari.
1098 1130 1179 1154 Anrae
1194 1127 1266 1154 leves
1278 1127 1351 1154 dulci
1368 1135 1484 1155 susurro
1496 1136 1544 1163 per
1559 1137 1621 1156 aera
1635 1138 1688 1157 una
1701 1138 1763 1157 cum

974 1172 1202 1199 modulatricibus
1211 1171 1308 1198 avibus
1315 1172 1466 1200 cantilenas
1473 1173 1623 1201 concinunt
1637 1175 1766 1209 pulchras

974 1223 1000 1246 et
1017 1226 1139 1245 amoenas
1153 1218 1269 1246 summis
1280 1217 1307 1244 in
1322 1218 1417 1251 ramis;
1434 1218 1497 1245 inde
1508 1219 1573 1245 mihi
1586 1220 1765 1254 cogitationes

975 1266 1073 1292 anima:
1108 1264 1246 1292 exhalanti
1274 1264 1427 1298 jucundum
1451 1265 1615 1300 mollemque
1637 1274 1765 1300 procrea-

975 1312 1041 1339 bant
1062 1318 1200 1338 somnum.
1229 1310 1279 1337 llic
1301 1318 1377 1345 ergo,
1406 1310 1505 1344 inquit,
1528 1316 1556 1338 et
1580 1312 1646 1338 solis
1672 1313 1766 1338 amicae

976 1357 1078 1384 cicada:
1091 1363 1223 1383 canorum
1243 1359 1409 1390 acutumque
1422 1356 1508 1382 melos
1524 1364 1538 1382 a
1557 1361 1668 1391 pectore
1685 1359 1766 1384 emit-

976 1407 1066 1430 tcntcs
1090 1402 1229 1430 resonanti
1254 1406 1341 1428 totum
1363 1402 1453 1428 lucum
1475 1402 1548 1429 hunc
1564 1410 1630 1430 voce
1645 1407 1767 1438 complc-

976 1449 1056 1482 bant;
1069 1448 1191 1484 jucunde
1204 1456 1251 1483 per
1265 1452 1350 1474 totum
1367 1448 1457 1475 lucum
1470 1447 1574 1475 ell‘usus
1589 1447 1706 1481 frigidus
1721 1456 1765 1476 ro:

977 1495 1059 1530 pedes
1083 1503 1159 1522 meos
1181 1493 1394 1526 inadel‘aciebat,
1410 1498 1437 1520 et
1461 1495 1488 1520 in
1519 1501 1563 1521 me
1586 1493 1766 1521 nihilominus

977 1542 1067 1568 anima
1085 1541 1160 1568 nullo
1179 1540 1276 1567 solatio
1297 1540 1451 1573 levabatur,
1471 1540 1518 1574 qui
1540 1544 1687 1574 antequam
1712 1540 1767 1567 huc

978 1587 1098 1614 venirem
1118 1585 1256 1613 mcestitiae
1275 1586 1427 1620 subjectus,
1448 1590 1563 1613 mlestus
1582 1585 1659 1612 valde
1673 1589 1700 1612 et
1721 1585 1766 1612 hic

975 1632 1160 1660 remanebam.
1187 1631 1259 1658 Nihil
1284 1631 1316 1657 ad
1343 1639 1386 1658 me
1409 1631 1443 1658 de
1469 1631 1678 1658 susurrantibus
1703 1639 1768 1660 una:

976 1677 1123 1703 mulcentia
1136 1676 1309 1709 videbantur;
1325 1684 1402 1704 mens
1414 1677 1515 1711 quippe
1531 1676 1661 1706 hominis.
1673 1681 1766 1703 multis

975 1727 1002 1750 et
1017 1723 1122 1751 acerbis
1139 1723 1267 1751 laborans
1283 1723 1494 1757 aegritudinibus
1509 1723 1649 1755 solatium,
1661 1722 1767 1749 nullqu

976 1767 1104 1801 admittit,
1119 1775 1170 1795 nec
1191 1768 1256 1795 ullis
1272 1767 1482 1794 oblectamentis
1497 1767 1654 1794 continetur
1672 1767 1768 1793 huma-

977 1812 1038 1839 nis:
1055 1812 1139 1839 animi
1150 1812 1271 1840 motibus
1281 1817 1309 1839 et
1322 1811 1537 1846 cogitationibus
1558 1812 1630 1838 inter
1654 1819 1684 1838 se
1699 1811 1768 1838 relu-

977 1857 1116 1885 ctantibus
1130 1857 1214 1885 corde
1228 1857 1378 1890 volutatus,
1396 1857 1557 1885 recollectus
1573 1856 1728 1884 manebam.

979 2000 1012 2028 ΓΙ
1029 2001 1096 2034 Quis
1116 2000 1227 2034 fuerint,
1249 2001 1307 2035 quis
1327 2000 1394 2031 sint.
1420 1998 1484 2034 quid
1504 1999 1611 2033 futurus
1627 1998 1695 2029 sim,
1715 2005 1767 2024 non

1425 2046 1509 2081 [clare
1521 2044 1660 2079 perspicio,
1676 2048 1730 2070 etc.

1015 2093 1081 2127 Quis
1096 2093 1185 2120 factus
1200 2101 1270 2126 sum,
1285 2093 1384 2127 inquit,
1395 2104 1408 2121 κ
1419 2100 1472 2118 non
1481 2099 1542 2118 esse
1554 2091 1581 2117 in
1597 2098 1659 2117 esse
1676 2094 1768 2116 trans-

980 2141 1058 2168 iens?
1069 2140 1138 2173 Quis
1149 2145 1175 2166 et
1190 2147 1262 2166 nunc
1282 2147 1354 2171 sum,
1371 2139 1416 2174 qui
1428 2142 1510 2166 natus
1527 2138 1612 2165 fuisse
1626 2137 1722 2164 dicor?
1737 2136 1769 2163 Et

981 2191 1043 2223 post
1057 2187 1115 2214 haec
1131 2194 1218 2214 vanus
1232 2186 1296 2221 quid
1309 2186 1391 2212 liam?
1407 2184 1474 2212 Nam
1486 2193 1536 2213 nec
1549 2185 1607 2220 ipse
1619 2184 1691 2211 clare
1705 2182 1768 2209 novi

981 2242 1042 2269 qum
1056 2235 1083 2261 in
1103 2233 1238 2268 principio
1261 2233 1304 2259 via
1333 2233 1366 2259 ad
1385 2232 1489 2264 vitam,
1511 2239 1604 2266 quarve
1623 2231 1686 2257 inde
1704 2236 1770 2256 cur~

980 2288 1043 2307 rens
1061 2287 1182 2314 praeceps
1202 2286 1289 2314 usque
1305 2279 1338 2305 ad
1364 2278 1443 2305 linem
1470 2278 1531 2309 via;
1548 2277 1654 2304 solutus
1670 2275 1768 2303 deinde

979 2327 1044 2360 quid
1060 2327 1132 2356 liam,
1145 2326 1205 2352 dic:
1223 2333 1284 2352 nam
1298 2333 1347 2352 nec
1361 2325 1418 2359 ipse
1432 2328 1560 2351 accurate
1574 2324 1642 2355 scio,
1655 2323 1701 2350 sed
1717 2329 1768 2349 m-c

980 2373 1031 2400 iste
1048 2372 1094 2407 qui
1110 2372 1260 2406 sapientior
1277 2378 1357 2405 quam
1376 2378 1425 2405 ego
1447 2371 1580 2405 gloriatur
1594 2377 1663 2396 esse.
1689 2368 1768 2395 Invo-

983 2418 1059 2444 lucro
1084 2418 1210 2451 corporis
1233 2420 1260 2443 et
1285 2415 1475 2450 imprudentiae
1489 2415 1567 2450 quasi
1590 2415 1672 2441 densa
1696 2413 1768 2439 nube

984 2471 1062 2490 mens
1079 2470 1140 2489 mea
1159 2462 1356 2489 oblencbratur
1379 2465 1405 2488 et
1424 2462 1464 2488 sic
1484 2469 1555 2492 erro,
1576 2460 1769 2494 insipientibus

982 2509 1102 2544 jactatus
1120 2508 1338 2544 cogitationibus
1357 2511 1385 2534 et
1402 2507 1471 2534 nihil
1493 2507 1600 2534 ﬁrmum
1621 2507 1648 2533 in
1669 2505 1769 2533 intelli-

987 2613 1168 2643 usurparunt,
1189 2616 1274 2642 quare
1296 2616 1349 2635 non
1367 2608 1440 2634 omni
1456 2612 1582 2643 exparte
1595 2614 1688 2634 verum
1707 2614 1769 2643 esse

986 2641 1067 2675 pulo,
1084 2645 1156 2678 quod
1171 2641 1345 2671 Wernit'kius
1361 2643 1428 2669 dixit
1444 2643 1476 2669 ad
1495 2641 1644 2678 Tryphiod.
1666 2641 1766 2678 ν.

985 2677 1118 2706 Caeterum
1137 2679 1169 2706 ad
1194 2680 1267 2706 hunc
1282 2681 1369 2706 locum
1381 2698 1388 2707 ,
1406 2678 1432 2704 ni
1454 2677 1550 2706 fallor}
1576 2678 1694 2711 respexit
1713 2677 1770 2703 Mo-

986 2715 1134 2748 schopolns
1150 2715 1176 2741 in
1191 2715 1303 2742 sclioliis
1318 2714 1350 2740 ad
1368 2713 1476 2740 llesiod.
1491 2712 1523 2739 0.
1538 2715 1561 2738 et
1573 2712 1606 2739 Β.
1623 2713 1665 2744 Η,
1680 2720 1769 2746 quan-

987 2747 1068 2783 quam
1085 2750 1232 2783 Gregorius
1245 2749 1339 2776 eadem
1356 2748 1470 2774 formula
1488 2748 1572 2774 utitur
1587 2747 1668 2773 etiam
1680 2754 1766 2773 carm.

985 2783 1004 2811 I.
1017 2792 1088 2811 vers.
1100 2785 1169 2811 ‘166:
1190 2784 1235 2811 ιν.
1252 2784 1298 2810 Hi
1313 2793 1318 2811 t
1335 2782 1413 2811 XLV.
1429 2782 1480 2811 της
1496 2782 1515 2808 L
1527 2802 1534 2811 .
1549 2782 1619 2811 205:
1645 2781 1711 2810 LIV.
1731 2781 1766 2811 τε

998 2789 1169 2816 ,vers.‘2tili;
1190 2789 1235 2816 IV,
1252 2789 1298 2810 HI
1313 2793 1318 2816 ;
1335 2789 1413 2815 ΜΝ,
1429 2789 1480 2815 ‘22;
1496 2789 1534 2812 ιι,
1549 2789 1619 2814 ‘10:);
1645 2789 1711 2810 LIV.
1736 2789 1769 2812 ις

985 2793 1169 2816 i,vers.zoo;
1191 2793 1235 2816 Iv,
1252 2793 1318 2816 1n;
1335 2793 1413 2815 λιιι,
1430 2793 1480 2815 zz;
1496 2793 1534 2812 ιι,
1550 2793 1619 2814 zuo;
1645 2793 1711 2810 ων.
1736 2793 1744 2806 ι
1759 2793 1769 2812 δ

1078 2820 1103 2848 7.
1118 2820 1167 2848 Ed.
1186 2828 1239 2849 nov
1271 2827 1306 2856 pp
1332 2819 1404 2854 675,
1417 2818 1487 2852 559,
1504 2818 1557 2845 279
1570 2837 1577 2851 ,
1596 2817 1680 2851 1057,
1694 2816 1770 2848 295.

1034 2865 1061 2883 De
