1936 3042
194 99 242 126 ’151

191 157 282 193 gentia
302 162 430 185 accurate
448 159 588 187 meditanti
612 168 670 187 mea
689 166 730 188 est
751 169 800 188 nec
822 162 848 188 in
866 162 980 190 somniis

193 203 277 232 meis.
295 204 330 230 de
351 204 393 231 his
409 212 466 238 quia
494 213 574 232 nosse
596 207 696 241 cupio:
716 215 778 233 nam
797 207 880 234 Deum
898 215 980 235 nosse

193 249 272 281 cupio
285 255 307 276 e1
325 258 377 276 non
390 251 489 285 estqui
503 250 586 278 Deunt
601 254 825 287 comprehendat.
837 254 913 281 Dixi:
931 254 982 280 Sa-

194 295 271 328 piens
284 295 398 327 cl'liciar,
418 300 445 323 et
471 297 605 331 sapientia
632 299 739 335 longius
757 301 872 328 recessit
897 308 911 327 a
937 308 980 327 me

193 342 280 367 ntulto
303 342 388 376 magis
402 350 484 376 quam
502 347 572 375 erat,
592 349 619 372 et
639 353 735 372 otnnes
752 346 797 374 isti
815 347 980 381 contempti-

193 387 260 414 biles
276 391 302 414 et
318 395 426 423 semper
433 392 555 419 errantes
565 391 657 422 corde,
669 392 770 426 quibus
784 401 885 420 crassa:
900 393 979 420 istius

192 433 284 459 carnis
305 435 448 462 tenebrosa
472 436 559 463 ofﬁcit
581 437 679 464 nebula
702 438 878 472 interjacens.
902 448 911 463 ι
934 438 979 465 Ille

193 486 256 505 vero
269 487 311 506 me
324 483 377 511 est.
390 489 399 505 ι
412 484 439 507 et
451 489 510 515 seq.
522 482 590 516 Ego.
604 483 701 518 inquit,
717 484 817 518 optime
832 484 892 510 novi
905 483 978 518 quod

190 531 242 549 uec
266 525 370 551 eutium
388 534 439 552 nec
457 529 630 554 nascentium
657 531 796 556 notionem
820 533 976 556 accuratam

190 575 216 594 ut
235 574 342 603 oportet
359 571 445 598 habeo
459 580 466 598 :
480 575 506 598 et
522 572 578 599 haec
596 582 653 600 mea
673 575 892 608 sapientiagcire
904 575 976 609 quod

193 615 258 641 nihil
271 624 368 644 secure
384 625 551 651 cognoscere
567 620 682 654 possim.
696 621 790 653 Quiris
807 629 849 648 me
865 622 976 656 sapien-

188 661 342 696 tiorlquem
367 664 454 698 magis
469 673 550 700 quant
571 666 639 693 alios
667 667 763 694 anima:
779 667 880 702 decipit
905 676 978 695 men-

190 706 310 738 dacium,
329 709 401 742 quod
420 713 462 736 est
478 711 571 744 opinio
592 712 700 743 mentis,
719 716 820 740 temere
834 718 861 739 et
879 713 975 740 incon-

189 752 308 780 siderate
331 755 459 783 eminens
483 756 585 784 [lusum
612 759 723 785 verbum
753 767 806 793 quo
833 768 894 794 qua:
925 767 975 787 nec

188 799 255 825 vidit
273 808 322 827 nec
349 803 425 829 norit
450 805 549 831 asserit
570 805 662 831 homo.
684 805 714 832 Et
732 806 771 833 sic
793 807 972 834 considerat:

190 852 202 871 ι
220 844 297 878 Sum.
315 847 358 874 dic
373 849 437 882 quid
455 854 506 881 est,
523 860 531 876 ι
545 855 572 878 et
587 860 646 886 seq.
665 851 782 879 Tantum
799 853 842 879 hic
859 854 975 881 intendit

187 891 268 918 dirus
292 893 427 928 interpres
452 897 612 930 sapientiam
636 897 809 925 Ecclesiaste:
831 900 976 934 explanare

187 935 303 962 dicentis
324 938 470 966 vanitatem
492 942 641 968 vanitalum
657 946 683 969 et
696 944 904 977 applicmionem
917 946 974 980 spi-

186 981 256 1008 ritus
268 984 376 1017 omnia;
394 985 430 1011 ita
449 993 515 1014 sane
531 992 557 1014 et
576 987 684 1015 Davidis
698 990 858 1024 sapientiam
873 999 972 1019 vanum

187 1027 324 1055 hominem
346 1038 452 1057 onmetn
475 1037 617 1060 canentem
639 1042 700 1061 cum
725 1036 878 1064 substantia
901 1038 973 1072 ejus,

187 1073 234 1106 qui
249 1082 302 1100 non
317 1075 353 1101 sit
374 1077 553 1106 aestimandus
569 1087 631 1107 ante
648 1082 808 1115 plasmantis
829 1091 890 1110 eum
906 1092 973 1111 con-

187 1126 318 1154 spectum.
334 1122 434 1150 Eadem
452 1125 551 1152 ﬁducia
568 1128 670 1155 audens
686 1129 861 1164 philosophat
875 1135 900 1157 ct
915 1131 974 1166 ipse

186 1166 377 1202 interrogans:
396 1169 468 1198 Dicis
485 1173 555 1206 quod
579 1174 641 1206 sim,
663 1175 755 1208 prol'er
771 1179 798 1202 et
816 1176 973 1204 demonstra

187 1213 251 1246 quid
280 1215 316 1240 sit
342 1215 431 1243 illud?
452 1217 518 1244 Nam
542 1219 568 1245 in
587 1220 674 1248 tribus
697 1223 827 1256 temporis
851 1223 972 1256 partibus

185 1259 299 1286 omnino
323 1267 419 1289 cunrta
447 1264 584 1298 videntur,
610 1266 636 1293 in
662 1267 789 1301 przesenti
813 1276 920 1303 nempe,
944 1269 972 1295 in

185 1304 280 1333 futuro
294 1312 320 1334 et
333 1308 359 1334 in
375 1310 524 1343 praeterito;
540 1311 587 1338 sed
602 1313 766 1346 praateritum
780 1314 836 1348 jam
851 1322 903 1341 non
919 1319 970 1345 est,

183 1351 284 1386 quippe
299 1354 372 1388 quod
399 1357 566 1391 prmterivit;
590 1358 711 1385 futurum
731 1367 783 1386 non
804 1361 927 1394 exsistit;
945 1365 972 1388 et

183 1398 272 1430 quoad
296 1407 428 1432 praesens,
445 1402 619 1436 cogitationis
646 1408 752 1439 templis
775 1409 860 1432 estet
882 1407 972 1433 subito

183 1443 299 1479 aufugit.
313 1450 456 1480 antequam
471 1455 547 1475 mens
556 1451 732 1484 contemplari
744 1451 868 1484 valuerit,
882 1453 970 1487 ipsum

182 1491 267 1517 verbo
290 1492 413 1526 rapidius
429 1494 559 1522 avolavit.
579 1495 654 1522 Sicut
679 1501 786 1531 tempus
807 1498 906 1532 ipsum,
932 1500 971 1526 sic

183 1540 234 1567 ego
252 1534 294 1561 cui
312 1543 373 1562 sors
388 1544 440 1563 una
453 1537 572 1572 adigitur
584 1546 646 1566 cutn
661 1545 793 1576 tempore.
809 1542 881 1570 Idem
898 1544 970 1571 enim

184 1578 252 1605 ordo
265 1580 405 1614 temporis,
420 1586 552 1609 eteorum
563 1591 623 1618 quae
637 1585 663 1611 in
677 1589 799 1620 tempore
815 1593 968 1620 versantur;

183 1624 244 1658 ipso
258 1631 398 1658 currente.
415 1628 510 1655 eodem
528 1637 612 1659 cursu
630 1631 815 1659 involvuntur.
838 1632 882 1660 Sic
895 1633 970 1660 aliud

184 1670 351 1698 exsistentiaz
367 1680 432 1699 mete
442 1681 503 1700 cum
519 1679 640 1708 tempore
652 1678 760 1704 evanuit
771 1681 798 1704 et
813 1678 887 1705 aliud
897 1686 970 1706 nunc

183 1715 322 1748 possidere
337 1717 465 1750 arbitror,
481 1719 528 1745 sed
540 1720 614 1746 aliud
630 1725 656 1747 et
668 1729 709 1748 nte
725 1721 881 1749 habiturum
895 1724 970 1750 arbi-

183 1765 271 1790 tratus
296 1762 352 1795 fui,
378 1764 400 1790 si
427 1769 518 1792 tamen
542 1767 678 1795 exsisteus
699 1770 880 1803 permanebo;
907 1779 968 1797 nam

182 1807 249 1834 mihi
271 1809 337 1835 nihil
352 1814 468 1844 certum,
485 1812 553 1838 nihil
567 1813 675 1846 stabile,
693 1815 761 1842 nihil
776 1823 899 1848 manens.
921 1825 970 1845 nec

183 1854 309 1882 similiter
321 1860 413 1883 certus
428 1865 488 1884 sum
503 1857 560 1886 fore
576 1863 606 1886 ut
620 1860 716 1888 oculos
736 1861 857 1895 injiciam
872 1862 898 1889 in
915 1872 969 1891 non

183 1899 260 1925 firma
278 1908 329 1928 nec
355 1906 442 1928 certa.
457 1901 504 1929 sed
530 1903 556 1930 in
579 1907 710 1938 perpetuo
732 1908 759 1932 et
784 1905 971 1934 indesinenter

181 1945 302 1973 volutata
324 1947 401 1981 quasi
428 1947 540 1976 ﬂiilniue
563 1949 672 1977 turbido
699 1954 726 1978 et
748 1951 783 1979 ad
810 1957 969 1987 perpetuum

181 1991 316 2019 ellhivium
330 1993 475 2020 destinata.

181 2127 216 2155 29
236 2128 305 2160 Quid
323 2137 361 2156 me
375 2129 469 2157 horum
483 2139 538 2158 esse
552 2132 643 2159 dices?
657 2137 711 2160 etc.

219 2174 316 2202 [licens
335 2177 461 2210 praesenti
487 2178 618 2212 temporis
639 2180 708 2214 parti
733 2185 759 2207 et
782 2182 924 2215 praeteritae
943 2187 971 2209 et

182 2219 280 2246 futurae
299 2226 455 2248 consortem
474 2222 593 2251 hominis
613 2229 737 2251 naturam
753 2227 830 2260 quasi
847 2227 969 2254 eamdem

181 2274 242 2292 cum
267 2271 387 2301 tempore
411 2268 566 2302 habentem,
590 2275 704 2305 utraque
722 2272 853 2298 continuo
875 2271 966 2304 cinna,

182 2313 252 2346 Quid
273 2313 372 2347 inquit.
388 2313 483 2340 horum
500 2315 582 2341 trium
599 2323 659 2343 esse
676 2324 717 2343 me
728 2316 797 2344 dicis
814 2319 925 2344 natum?
937 2319 968 2346 Et

180 2363 255 2386 certe
265 2359 374 2386 transiit
387 2360 459 2394 quod
471 2365 551 2388 natus
564 2361 626 2388 sim.
642 2361 694 2389 Sed
705 2362 826 2389 futurum
837 2364 848 2389 ?
859 2368 885 2390 et
901 2364 967 2391 illud

180 2404 255 2430 nullo
276 2404 357 2432 modo
381 2409 432 2432 est.
453 2405 507 2432 Sed
531 2413 605 2432 nunc
627 2407 825 2434 exsistentem?
842 2408 895 2436 Sed
917 2416 967 2436 nec

179 2449 245 2477 illud
271 2453 329 2483 est,
359 2451 484 2483 spiritum
511 2452 605 2486 praeit,
630 2455 660 2478 ut
676 2452 779 2480 dictum
801 2457 858 2485 est,
882 2454 968 2489 ipsius

179 2494 291 2521 rilluum
309 2499 335 2522 et
352 2496 553 2523 transitorium.
577 2496 656 2525 Dices
674 2505 739 2533 ergo
750 2519 756 2530 ,
775 2497 824 2526 llis
841 2499 970 2527 deiicien-

179 2540 254 2568 tibus
269 2541 335 2576 quid
352 2541 459 2568 tandem
475 2543 559 2569 sum?
582 2542 622 2570 Tu
644 2543 712 2571 doce
729 2552 787 2577 me,
807 2545 829 2572 si
842 2545 869 2572 in
883 2549 910 2573 te
926 2553 970 2574 sa-

179 2586 288 2621 pientiae
302 2594 392 2614 sermo
403 2588 449 2618 sit,
473 2593 519 2614 aut
538 2589 681 2616 docentem
703 2590 766 2617 audi
784 2599 884 2618 vanum
907 2599 969 2619 esse

181 2640 289 2659 omnem
307 2633 445 2660 hominem
461 2637 488 2660 et
511 2635 579 2661 nihil
603 2635 692 2662 ultra:
715 2641 741 2663 et
763 2644 837 2664 nunc
858 2645 901 2664 me
921 2637 967 2671 qui

182 2677 238 2704 haec
254 2678 381 2712 profero,
401 2681 524 2714 sequaris
545 2681 601 2709 illic
624 2689 755 2715 manens;
771 2682 832 2710 vide
855 2691 889 2710 ne
909 2692 924 2710 a
942 2688 968 2711 te

182 2723 298 2751 latenter
314 2725 365 2751 sub
381 2726 510 2760 temporis
527 2730 628 2760 puncto
642 2728 777 2754 recedam.
792 2728 970 2755 Abundantcr

182 2768 230 2797 tibi
247 2777 399 2797 sermonem
413 2770 539 2806 probabit
552 2771 671 2799 fluminis
683 2773 855 2808 exemplum:
875 2782 969 2809 quem-

221 2847 277 2882 (45)
293 2848 503 2882 Σοφίαν-,εἴπω
520 2857 545 2876 v.
561 2849 650 2878 Ecele.
662 2852 764 2885 “MM.

871 101 1021 132 NICETAS
1033 103 1135 132 DAVlD

1769 102 1825 130 733

1033 164 1123 195 ταίαις
1135 164 1349 199 περιφερόμενος
1362 164 1477 195 ἐννοίαις
1490 183 1497 194 ,
1515 163 1561 190 καὶ
1577 162 1653 188 οὐδὲν
1672 162 1779 196 βέϐαιον
1793 163 1825 188 ἐν

1032 209 1142 244 ἀκριϐεῖ
1163 209 1232 244 ἔχων
1244 210 1395 245 καταλήψει
1412 210 1464 236 οὐδ’
1485 211 1515 236 ἐν
1532 208 1646 244 ὀνείρῳ,
1664 205 1702 234 ὧν
1721 208 1823 234 εἰδέναι

1032 255 1116 282 ποθῶ.
1139 255 1217 282 Ποθῶ
1236 255 1290 291 γὰρ
1304 256 1369 282 Θεὸν
1383 256 1493 290 γνῶναι,
1518 255 1564 282 καὶ
1588 255 1668 281 αὑτὸν
1692 256 1742 280 οὐκ
1762 253 1823 280 ἐστι

1031 301 1194 328 καταλαϐεῖν
1207 309 1213 316 '
1231 301 1326 335 σοφίαν
1343 300 1399 335 (45)
1414 320 1421 331 ,
1437 298 1501 326 εἶπα
1515 321 1522 332 ,
1537 299 1735 334 σοφισθήσομαι
1749 319 1756 330 ,
1772 298 1824 324 καὶ

1030 346 1098 382 αὐτὴ
1117 346 1275 382 ὲμακρύνθη
1299 347 1346 372 ἀπ’
1369 346 1434 381 ἐμοῦ
1453 346 1559 381 μακρὰν
1572 345 1642 380 ὑπὲρ
1657 345 1671 371 ὃ
1689 343 1723 379 ἦν
1743 344 1800 379 (44)
1813 353 1821 358 ·

1030 393 1077 418 καὶ
1091 393 1190 424 πάντες
1203 389 1274 419 οὗτοι
1286 394 1407 418 ταπεινοὶ
1419 393 1464 418 καὶ
1475 393 1518 418 ἀεὶ
1531 391 1820 426 πλανώμενοικαρδίᾳ,

1029 435 1097 473 οἷ’ςὴ
1113 440 1162 474 τῆς
1178 439 1294 474 παχείας
1312 438 1412 473 ταύτης
1437 438 1536 473 σαρκὸς
1559 437 1683 472 σκοτεινὴ
1705 437 1822 472 ἐπικρέ-

1030 492 1113 519 μαται
1126 484 1142 519 ἢ
1160 484 1293 510 ἐπίκειται
1308 483 1399 518 ἀχλύς.

1083 529 1186 562 Κεῖνος
1198 529 1224 555 δ’
1235 529 1320 556 ἐστὶν
1331 529 1421 563 ἐμεῖο,
1435 538 1462 555 κ.
1476 538 1502 556 τ.
1518 529 1558 562 ἑξ.

1070 574 1137 608 Ἐγὼ
1153 574 1213 608 μὲν,
1227 575 1318 610 φησιν,
1332 574 1390 601 οἴδα
1405 574 1507 607 σαφῶς,
1523 574 1561 605 ὠς
1576 574 1652 600 οὐδὲν
1666 574 1719 599 τῶν
1731 573 1820 599 ὄντων

1027 620 1043 653 ἢ
1055 620 1208 655 γενομένων
1225 621 1346 656 ἅκριόὦς
1358 640 1364 651 ,
1384 620 1444 647 καθ’
1457 621 1471 646 ὂ
1486 621 1526 646 δεῖ
1542 619 1653 654 γνῶναι.
1674 617 1733 644 οἶδα
1744 626 1750 632 ·
1770 618 1819 644 καὶ

1026 665 1104 692 τοῦτο
1116 667 1132 700 ή
1145 665 1197 701 ἐμὴ
1211 666 1291 700 σοφία
1301 685 1308 697 ,
1323 665 1354 692 τὸ
1366 666 1463 692 εἰδέναι
1477 666 1515 696 ὡς
1539 665 1587 691 οὐκ
1601 665 1673 690 ἔστιν
1688 663 1819 697 ἀσφαλῶς

1026 711 1124 738 εἰδέναι
1143 712 1218 738 οὐδέν
1231 720 1238 727 ο
1261 711 1329 747 ἐμοῦ
1346 711 1375 738 δὲ
1403 711 1556 746 σοφώτερος
1577 711 1645 742 πᾶς,
1662 710 1691 735 ὃν
1715 709 1819 744 μᾶλλον

1025 758 1079 784 τῶν
1094 758 1179 785 ἄλλων
1192 758 1222 784 τὺ
1235 759 1284 794 τῆς
1297 757 1378 784 αὑτοῦ
1393 757 1481 792 ψυχῆς
1496 757 1589 791 ἀπατᾷ
1603 755 1699 790 ψεῦδος
1708 776 1714 787 ,
1728 756 1742 781 ὅ
1756 756 1817 781 ἐστι

1026 802 1084 834 νοὸς
1097 803 1183 837 οἴησις
1195 803 1256 837 εἰκῆ
1270 812 1300 828 τε
1317 803 1364 828 καὶ
1382 801 1592 838 ἀπερισκέπτως
1608 800 1816 835 ἁπερευγομένῃ

1029 848 1167 883 λογύδρια,
1186 848 1204 875 ἂ.
1225 849 1273 875 οὐκ
1293 846 1362 874 οἶδεν
1385 849 1431 874 καὶ
1449 847 1467 874 ἃ
1489 847 1538 873 οὐκ
1561 847 1703 873 ἐπίσταται
1724 846 1815 872 διαϐε-

1028 894 1184 930 ϐαιουμένη.
1204 895 1305 920 Σκοπεῖ
1319 895 1347 921 δὲ
1362 894 1458 926 οὕτως·

1080 940 1157 974 Εἱμί.
1179 939 1268 974 Φράζε
1282 940 1310 966 τί
1321 940 1418 971 τοῦτο,
1431 948 1458 965 κ.
1473 948 1499 966 τ.
1516 938 1555 972 ἐξ.

1063 986 1143 1017 ’Όλος
1169 986 1293 1013 ἐνταυθοῖ
1312 985 1349 1020 τῷ
1363 985 1486 1021 θεηγόρῳ
1503 985 1602 1016 σκοπὸς
1621 984 1670 1019 τὴν
1688 983 1735 1010 τοῦ
1755 984 1818 1010 Ἐκ-

1026 1032 1190 1067 κλησιαστοῦ
1205 1032 1301 1066 σοφίαν
1318 1032 1464 1067 σαφηνίσαι
1477 1052 1484 1062 ,
1508 1031 1674 1066 ματαιότητα
1690 1030 1817 1063 λέγοντος

1027 1079 1214 1114 ματαιοτήτων
1229 1079 1276 1105 καὶ
1294 1078 1453 1113 προαίρεσιν
1470 1077 1624 1112 πνεύματος
1648 1077 1683 1103 τὰ
1708 1077 1816 1103 πάντα·

1024 1124 1068 1150 ναὶ
1091 1124 1123 1159 δὴ
1140 1125 1187 1150 καὶ
1205 1124 1254 1159 τὴν
1274 1124 1322 1150 τοῦ
1344 1123 1442 1156 Δαϐὶδ,
1464 1123 1552 1158 μάτην
1573 1122 1650 1149 πάντ’
1672 1121 1816 1156 ἄνθρωπον

1024 1168 1093 1197 εἶναι
1119 1170 1316 1206 μελῳδοῦντος,
1338 1170 1385 1197 καὶ
1403 1171 1453 1204 τὴν
1472 1170 1619 1196 ὑπόστασιν
1640 1168 1723 1195 αὑτοῦ
1749 1168 1818 1194 ὡσεὶ

1023 1216 1098 1243 οὐδὲν
1115 1216 1284 1252 καθορᾶσθαι
1296 1217 1325 1243 ὲν
1345 1216 1483 1251 προσώπῳ
1495 1216 1541 1242 τοῦ
1556 1216 1706 1246 πλάσαντος
1722 1215 1814 1241 αὐτόν.

1030 1262 1188 1296 Ὶσοδύναμα
1199 1261 1305 1294 τούτοις
1316 1262 1468 1296 φιλοσοφῶν
1481 1261 1644 1288 πυνθάνεται
1657 1261 1703 1287 καὶ
1716 1257 1794 1291 οἷιτος
1806 1267 1814 1274 ·

1023 1308 1120 1342 Λέγεις
1133 1308 1174 1334 ὃτι
1189 1308 1245 1342 εἰμί
1257 1316 1264 1323 ·
1282 1308 1400 1343 πρόσθες
1412 1307 1459 1334 καὶ
1477 1308 1502 1333 τί
1520 1307 1597 1333 τοῦτο
1614 1306 1640 1333 εἷ
1655 1307 1748 1340 φάναι.
1759 1306 1815 1332 Καὶ

1023 1356 1076 1391 γὰρ
1090 1356 1116 1381 ἒν
1131 1356 1203 1391 τρισὶ
1218 1356 1311 1391 μέρεσι
1328 1355 1423 1391 χρόνου
1433 1355 1541 1386 πάντως
1554 1354 1588 1380 τὰ
1600 1353 1665 1397 ὅντα
1675 1353 1813 1397 strepitat,

1022 1400 1237 1434 ὲνεστῶτιδῆλον
1246 1400 1287 1426 ὅτι
1296 1400 1343 1426 καὶ
1360 1399 1483 1433 μέλλοντι
1492 1398 1540 1424 καὶ
1548 1395 1758 1432 παρεληλυθότι.
1778 1394 1814 1420 Τὸ

1024 1446 1072 1481 μὲν
1091 1445 1137 1472 οὖν
1155 1445 1341 1481 παρεληλυθὸς
1362 1446 1411 1472 οὐκ
1430 1445 1485 1471 ἔστι
1497 1453 1504 1459 ⁸
1523 1443 1661 1479 παρῆλθεν
1682 1442 1738 1478 γάρ
1754 1450 1761 1456 ·
1784 1441 1814 1467 τὸ

1023 1491 1118 1526 μέλλον
1140 1491 1167 1517 δὲ
1191 1491 1267 1517 οῡπω
1289 1491 1403 1526 πάρεστι
1421 1499 1428 1506 ι
1446 1491 1476 1517 τὺ
1496 1489 1612 1521 ἐνεστὼς
1631 1489 1659 1515 δὲ
1676 1489 1706 1514 οὐ
1721 1488 1814 1521 φθάνω

1021 1538 1116 1572 νοῆσαι
1130 1537 1233 1572 παρὸν,
1252 1537 1300 1563 καὶ
1315 1537 1491 1572 παρέδραμεν
1508 1535 1644 1569 εὐθὺςιωῦ
1662 1534 1755 1568 φθάνω
1774 1533 1813 1567 τῷ

1021 1581 1059 1616 νῷ
1084 1582 1266 1608 καταλαϐεῖν·
1286 1582 1333 1608 καὶ
1357 1582 1422 1607 αὐτὸ
1451 1582 1548 1607 θᾶττον
1570 1580 1586 1615 ἦ
1608 1580 1687 1613 λόγος
1710 1579 1812 1613 οἴχεται

1022 1627 1156 1655 ἁποπτάν.
1177 1627 1271 1658 Οὕτως
1287 1628 1301 1652 ὁ
1320 1627 1415 1663 χρόνος
1429 1626 1521 1658 αὐτὸς,
1537 1626 1624 1657 οὕτως
1637 1624 1733 1659 κάγὼ,
1748 1621 1770 1658 ᾧ
1783 1624 1813 1650 τὺ

1022 1671 1091 1700 εἶναι
1114 1674 1309 1709 συμπαραρρεἰ
1336 1673 1375 1708 τῷ
1400 1672 1507 1708 χρόνῳ·
1527 1673 1666 1706 συστοιχεῖ
1693 1671 1748 1706 γὰρ
1775 1670 1812 1704 τῷ

1022 1720 1109 1754 χρόνῳ
1124 1719 1158 1745 τὰ
1172 1720 1200 1745 ἐν
1211 1719 1299 1754 χρόνῳ
1312 1719 1360 1745 καὶ
1372 1720 1403 1753 τῇ
1417 1720 1466 1754 ῥοῇ
1481 1718 1575 1744 τούτου
1597 1717 1742 1743 συνέπεται
1767 1716 1812 1742 καὶ

1021 1766 1053 1800 τῇ
1076 1766 1198 1800 ἀποῤῥοῇ
1222 1766 1397 1801 συναπορρεῖ.
1425 1764 1518 1796 Οὕτως
1532 1764 1595 1791 ἄλλο
1611 1763 1660 1798 μὲν
1677 1763 1726 1798 τῆς
1743 1762 1810 1797 ἐμῆς

1022 1811 1165 1844 ὑπάρξεως
1183 1810 1221 1845 τῷ
1234 1811 1322 1846 χρόνῳ
1337 1810 1521 1845 συναπῆλθεν.
1537 1810 1602 1836 ἄλλο
1616 1810 1645 1837 δὲ
1659 1809 1706 1835 νῦν
1720 1809 1811 1843 οἴομαι

1022 1857 1154 1892 ὑπάρχειν
1167 1877 1173 1888 ,
1188 1857 1252 1883 ἄλλο
1264 1857 1285 1882 δ’
1301 1855 1410 1883 ἔσεσθαι
1429 1856 1569 1890 ὑπείληφα
1583 1875 1590 1886 ,
1611 1855 1680 1888 εἴγε
1699 1855 1752 1889 ἄρα
1767 1854 1811 1880 καὶ

1022 1902 1228 1937 ἔσομαι-οὐδὲν
1253 1902 1307 1936 γὰρ
1335 1902 1423 1936 ἔγωγε
1451 1901 1569 1936 βεῦαιον,
1596 1900 1672 1926 οὐδὲν
1699 1899 1810 1934 ἀραρὸς,

1020 1948 1080 1974 οὐδὲ
1099 1947 1211 1982 μόνιμον
1226 1968 1234 1981 ,
1250 1947 1310 1973 οὐδὲ
1326 1947 1456 1978 ὡσαύτως
1475 1946 1560 1978 ἑστὼς
1577 1946 1635 1972 ἔστι
1655 1946 1767 1980 θεωρεῖν
1783 1946 1810 1970 ἐν

1020 1994 1059 2029 τῷ
1076 1993 1111 2028 μὴ
1128 1993 1263 2029 ἱδρυμένῳ
1274 2015 1281 2024 ,
1300 1994 1360 2029 μηδ’
1376 1994 1472 2021 ἑστῶτι
1486 2014 1493 2025 ,
1509 1993 1566 2020 ἀλλ’
1589 1992 1694 2024 devio);
1711 1993 1757 2018 καὶ
1773 1992 1810 2017 διν

1019 2039 1126 2075 ηνεκῶς
1140 2040 1178 2070 ὡς
1191 2039 1294 2075 Θολερῴ
1317 2039 1433 2074 ποταμῷ
1457 2040 1693 2073 κατεπειγομένῳ,
1717 2040 1764 2065 καὶ
1782 2038 1810 2064 τὸ

1022 2086 1079 2120 ῥεῖν
1095 2084 1215 2120 συνεχῶς
1230 2085 1505 2120 χαρακτηριζομένῳ.

1020 2130 1055 2157 ‘29
1078 2131 1163 2157 Τίπτε
1176 2140 1214 2165 με
1227 2130 1313 2157 τῶνδ’
1328 2130 1438 2164 ἑρέεις;
1453 2140 1478 2158 κ.
1491 2139 1515 2157 τ.
1529 2130 1553 2157 λ.

1057 2176 1147 2203 Εἰπὼν
1175 2176 1314 2211 σύστοιχον
1335 2175 1405 2204 εἶναι
1427 2177 1464 2212 τῷ
1487 2177 1617 2204 ἐνεστῶτι
1638 2177 1686 2205 τοῦ
1715 2178 1809 2213 χρόνου

1024 2223 1101 2258 μέρει
1118 2223 1164 2248 καὶ
1179 2222 1218 2257 τῷ
1233 2223 1430 2258 παρεληλυθότι
1447 2224 1494 2249 καὶ
1505 2223 1545 2258 τῷ
1562 2223 1686 2258 μέλλοντι
1704 2224 1754 2258 τὴν
1766 2224 1809 2250 τοῦ

1021 2268 1165 2304 ἀνθρώπου
1188 2267 1288 2302 φύσιν,
1311 2268 1349 2300 ὡς
1372 2268 1505 2303 συμφυῶς
1526 2268 1600 2303 αὐτῷ
1617 2268 1744 2303 ἔχουσαν,
1765 2268 1810 2294 καὶ

1021 2315 1095 2349 αὐτῷ
1109 2314 1230 2349 συνεχῶς
1242 2315 1522 2349 συμπαραρρἐυσαν,
1540 2314 1572 2341 Τί
1587 2323 1621 2349 με
1632 2335 1639 2346 ,
1653 2315 1721 2350 φησὶ
1733 2335 1741 2345 ,
1759 2315 1809 2341 τῶν

1021 2360 1104 2395 τριῶν
1121 2361 1193 2396 ἐρεῖς
1207 2358 1296 2390 εἷναι;
1319 2361 1362 2391 Ὠς
1381 2361 1530 2394 γεγονότας
1548 2362 1594 2386 καὶ
1613 2360 1667 2395 μὴν
1689 2361 1807 2396 παρῆλθε

1020 2407 1051 2432 τὸ
1073 2406 1185 2440 γεγονός
1205 2414 1211 2420 ”
1229 2407 1287 2432 ἀλλ’
1310 2406 1347 2438 ὡς
1363 2407 1560 2441 γενησόμενον;
1579 2407 1625 2433 καὶ
1642 2407 1722 2432 τοῦτο
1735 2406 1808 2432 οὔπω

1021 2453 1095 2479 ἔστιν
1110 2461 1116 2467 ·
1129 2452 1186 2478 ἀλλ’
1205 2452 1243 2484 ὡς
1262 2452 1309 2479 νῦν
1325 2452 1466 2487 ὑπάρχον;
1482 2451 1538 2478 ἀλλ’
1553 2451 1614 2478 οὐδὲ
1631 2451 1712 2478 τοῦτό
1734 2453 1807 2482 ἐστι,

1021 2498 1065 2524 νοῦ
1080 2499 1190 2528 θᾶττον.
1217 2499 1254 2529 ὡς
1273 2498 1400 2534 εἴρηται,
1423 2497 1580 2534 παραρρέον
1607 2507 1636 2524 τε
1667 2497 1715 2524 καὶ
1743 2505 1808 2532 πιρ-

1020 2545 1121 2570 οδεῦον.
1138 2545 1225 2579 Ἐρεῖς
1239 2542 1285 2570 οὖν
1300 2552 1305 2558 ·
1320 2544 1373 2570 Καὶ
1386 2544 1412 2570 τί
1427 2544 1519 2570 λοιπόν
1528 2545 1585 2578 εἰμι
1598 2543 1670 2577 syth;
1687 2544 1723 2570 Σὺ
1739 2544 1808 2570 δίδα-

1021 2591 1075 2623 ξον,
1092 2591 1118 2616 εἴ
1130 2600 1170 2617 σοι
1184 2590 1262 2624 λόγος
1280 2590 1368 2616 ἔνεστι
1381 2591 1475 2624 σοφίας
1488 2599 1494 2605 ·
1505 2590 1521 2625 ἦ
1534 2590 1672 2622 διδάσκου,
1686 2590 1729 2616 ὅτι
1742 2590 1809 2624 πλὴν

1023 2638 1111 2673 μάτην
1131 2638 1185 2669 πᾶς
1206 2637 1349 2672 ἅνθρωπος
1364 2645 1372 2652 ·
1391 2638 1437 2664 καὶ
1452 2637 1499 2663 νῦν
1515 2637 1632 2672 πρόσεχε
1653 2647 1698 2673 μοι
1717 2639 1808 2666 ὲνταυτ

1022 2683 1064 2708 θοῖ
1081 2682 1180 2716 μένων,
1192 2683 1229 2714 ὡς
1245 2683 1400 2718 φθέγγομαι
1415 2683 1517 2710 ταῦτα·
1527 2685 1576 2719 δρα
1589 2685 1633 2719 μὴ’
1643 2692 1672 2710 σε
1687 2684 1808 2718 διαφύγοι

1024 2730 1123 2763 στιγμῇ
1146 2728 1278 2754 διαλαθὼν
1302 2730 1408 2764 χρόνου.
1439 2729 1632 2764 Ἀποχρώντως
1661 2730 1689 2756 δὲ
1710 2731 1741 2756 τὸ
1763 2729 1806 2756 τ(ιῦ

1025 2773 1146 2808 ποταμοῦ
1164 2783 1205 2800 σοι
1222 2775 1396 2810 παράδειγμα
1410 2775 1576 2801 πιστώσεται
1589 2775 1635 2802 τὸν
1648 2775 1735 2809 λόγον.
1767 2775 1807 2806 Ὠς

1064 2853 1119 2890 (Η)
1136 2854 1216 2887 Cod.,
1229 2854 1310 2890 ὑπὲρ,
1324 2854 1337 2881 ὂ
1351 2851 1385 2889 ἦν
1401 2861 1409 2870 ο
1426 2853 1577 2890 ἄνθρωπον,
1594 2853 1695 2885 πάντες
1711 2858 1769 2881 can.
