1936 3042
140 101 196 131 753

144 159 198 195 γὰρ
218 160 360 196 ἀμήχανον
377 161 424 189 τὸν
444 162 566 198 ποταμὸν
589 163 716 199 περῶντα
736 163 776 194 δὶς
796 161 836 198 τῷ
858 161 932 196 αὑτῷ

140 203 220 230 ὕδατι
234 205 279 231 τὸν
297 205 366 231 πόδα
382 205 481 240 βάψαι,
498 207 584 239 οὕτως
596 207 656 234 οὐδὲ
672 207 716 234 τὸν
733 207 813 234 αὐτὸν
828 207 931 242 ἄνθρω-

138 259 204 281 πον,
229 250 259 277 ὃν
280 252 388 287 πρῶτον
414 252 554 288 ἑώρακας,
578 254 795 290 ἀπαραλλάκτως
821 253 931 284 ἐσαῦθις

136 296 201 331 ὕψει
216 297 262 323 τὸν
278 298 368 325 αὐτόν.
396 299 450 326 Καὶ
467 299 520 334 γὰρ
537 298 575 334 τῷ
590 299 627 334 νῷ
650 299 699 334 μὲν
715 300 744 326 ὲν
767 299 930 334 βουλεύμασι

136 343 188 369 καὶ
198 343 361 379 διανοήμασι
373 344 493 380 συνεχῶς
507 345 753 381 μεταϐαλλόμενος,
767 343 812 372 οἶα
826 345 930 381 ἄνθρω-

136 395 192 418 πος
214 388 356 423 ἀνίδρυτος
378 390 592 426 καταθεωρεῖται
613 391 641 417 ἐν
661 391 767 423 αὐτοῖς,
784 392 808 417 εί
826 392 861 426 μή
879 400 929 418 που

135 432 206 465 Θεὸς
222 434 236 459 6
251 433 288 460 ὣν
302 434 345 460 ἀεὶ
358 435 404 461 καὶ
422 435 451 461 τὸ
471 436 546 471 ῥῆμα
564 436 666 471 Κυρίου
687 436 766 472 μένον
787 437 814 463 ὲν
837 436 927 472 αὐτῷ,

136 479 168 504 τὸ
182 479 269 510 ἑστὼς
283 480 473 507 καταδείκνυσι
489 482 536 508 καὶ
552 482 675 516 μόνιμον.
687 483 720 517 τῇ
735 482 807 517 ψυχῇ
823 482 850 508 δὲ
868 484 928 514 ταῖς

134 532 166 549 τε
188 523 294 556 λαλιαῐς
316 526 363 551 καὶ
385 525 543 560 αἰσθήσεσι,
564 528 624 558 ταῖς
648 535 678 553 τε
701 528 860 561 φαντασίαις
881 529 927 555 καὶ

135 569 199 598 ταῖς
221 568 342 603 ὀρέξεσιν
360 570 487 601 ἀϐέϐαιος
509 570 657 606 καθορᾶται
678 572 725 598 καὶ
748 572 925 607 ἀστήρικτος,

135 614 229 648 ἀενάῳ
240 615 415 649 κινήσεικατ¹
427 615 511 647 αὐτὰς
525 616 732 651 διαμειϐόμενος
743 625 749 632 ⁸
768 616 806 652 τῷ
820 617 926 652 σώματι

133 658 165 685 δὲ
188 660 269 686 πάλιν
290 662 350 692 ταῖς
372 669 400 687 τε
425 662 590 696 μεταϐάσεσι
608 662 678 688 κατὰ
693 663 738 689 τὸν
753 663 846 693 τόπον,
866 664 926 694 ταῖς

133 713 167 731 τε
182 705 319 732 διαθέσεσι
339 708 386 733 καὶ
400 707 473 740 ἓξεσι
490 708 537 735 καὶ
559 708 653 744 χρόαις
672 709 861 744 ἁλλοιούμενος
878 709 925 735 καὶ⁸

133 751 182 776 ἀεὶ
210 752 455 788 μετατρεπόμενος,
483 753 621 780 ἄπαυστον
651 753 707 789 ἔχει
731 755 780 790 τὴν
808 755 922 789 τροπήν,

132 793 215 821 οὕτω
229 795 279 830 μὲν
294 796 363 823 κατὰ
379 796 408 823 τὸ
428 799 535 833 συνεχὲς
549 799 596 825 τοῦ
611 799 707 834 χρόνου
719 799 767 826 καὶ
780 800 922 835 ἁείῤῥυτον

131 840 148 874 ὴ
162 840 320 877 ἀνθρωπίνη
339 842 419 876 φύσις
438 844 644 871 καταδείκνυται
663 845 764 880 ματαία
779 854 786 860 ·
803 846 873 872 κατὰ
891 846 921 872 τὸ

129 885 285 921 ὁλοσχερῶς
308 887 336 913 δὲ
357 887 373 923 ῆ
400 889 567 925 παχυμερῶς
592 889 796 925 θεωρούμενον,
821 891 921 917 οὑτωσὶ

131 931 278 957 σκεπτέον.

184 985 240 1014 Ἦν
255 987 350 1022 πάρος
362 988 398 1015 ἐν
407 990 483 1023 χροΐ,
501 998 527 1016 κ.
540 998 565 1016 τ.
581 990 620 1023 ἐξ,

169 1034 275 1068 ’Ὠσπερ
290 1035 304 1060 6
317 1034 382 1060 Λευῒ
396 1035 551 1069 γέγραπται
568 1036 596 1061 ἐν
610 1037 643 1072 τῇ
657 1036 738 1070 ὀσφύϊ
755 1036 801 1063 τοῦ
818 1037 921 1073 πατρὸς

127 1076 201 1104 εἶναι
221 1079 346 1115 Ἀϐραὰμ
362 1080 428 1115 (45),
438 1080 508 1107 οὕτω
522 1082 568 1108 καὶ
584 1083 637 1113 πᾶς
651 1082 793 1118 ἄνθρωπος
809 1083 861 1118 πρὸ
873 1083 919 1111 τοῦ

127 1124 312 1160 γεννηθῆναι,
332 1127 360 1152 ὲν
376 1128 408 1161 τῇ
429 1127 474 1153 τοῦ
493 1128 596 1164 πατρὸς
616 1128 697 1155 αὑτοῦ
716 1129 794 1164 φύσει
809 1129 921 1164 νοούμε-

127 1179 186 1202 νος,
204 1171 302 1198 ἔπειτα
315 1173 355 1204 είς
370 1173 419 1208 τὴν
438 1174 639 1210 ὑποδεξαμένην
654 1175 734 1201 αὐτὸν
750 1175 857 1211 μητέρα
875 1176 919 1203 διὰ

126 1217 179 1251 τῆς
192 1217 336 1249 συνουσίας
353 1219 533 1253 μεταϐαίνων,
550 1220 638 1246 κοινὸν
654 1221 722 1255 μετὰ
734 1222 819 1247 ταῦτα
834 1222 918 1257 κρέας

126 1262 232 1296 ἀμφοῖν
246 1264 301 1294 τοῖς
314 1264 438 1290 τεκοῦσιν
450 1265 478 1292 ἐν
492 1266 525 1300 τῇ
539 1266 653 1302 μητρῷα
666 1267 765 1302 γαστρὶ
785 1267 919 1304 βρεφουρ-

126 1308 262 1343 γούμενος
278 1309 439 1337 καθίσταται
456 1318 463 1326 ·
480 1311 509 1338 ὲν
525 1312 595 1348 ἀρχῇ
612 1312 640 1338 δὲ
655 1313 706 1348 τῆς
724 1313 915 1349 βρεφουργίας,

126 1355 285 1390 ἀδιάκριτον
311 1357 358 1382 καὶ
380 1357 566 1393 ἀδιάρθρωτον
591 1359 621 1385 ὃν
643 1359 671 1385 τὸ
697 1361 834 1395 κρεάδιον,
855 1361 916 1387 οὔτε

127 1400 233 1436 βροτὸς,
248 1401 446 1438 οὒτ’ᾶνθρωπος
460 1403 570 1431 δύναται
584 1404 835 1441 καλεῖσθαι,αἶσχος
842 1408 915 1433 ἀνεί-

125 1448 185 1473 δεον
207 1448 236 1474 ὂν
261 1448 307 1475 καὶ
328 1450 454 1482 ἀκαλλὲς,
469 1449 531 1476 οὒτε
551 1450 630 1484 λόγου
654 1453 830 1486 μετεσχηκὸς,
853 1453 915 1479 οὗτε

125 1494 186 1522 νοός
202 1503 210 1510 ”
227 1494 278 1521 ποῦ
304 1496 356 1531 γὰρ
380 1495 466 1523 ταῦτα
487 1496 564 1530 παρὰ
584 1496 622 1532 τῷ
643 1497 754 1533 ὲμϐρύῳ
772 1498 810 1533 τῷ
826 1498 863 1530 ὡς
886 1500 914 1525 ἐν

124 1540 224 1576 τὺμὸῳ
238 1543 271 1577 τῇ
292 1544 410 1578 μητρικῇ
433 1542 508 1577 νηδύϊ
525 1543 700 1578 ἐνεχόμενονς
724 1543 761 1575 ὡς
785 1545 814 1571 ἐν
836 1546 913 1580 τάφῳ

125 1586 181 1620 γὰρ
193 1586 278 1622 ταύτῃ
296 1587 501 1623 περιείληπται·
516 1589 549 1615 δι’
566 1589 580 1615 ὃ
598 1590 644 1616 καὶ
661 1590 786 1625 ἐπιφέρει
800 1598 807 1605 ·
828 1600 837 1617 ι
852 1592 915 1617 Δισ-

124 1632 225 1666 ταφέες
244 1632 358 1665 ζώοντες
379 1635 426 1660 ἐπὶ
445 1634 548 1670 φθοράν
562 1644 569 1651 ·
590 1646 598 1661 ι
617 1636 812 1670 ταλανιστικῶς
835 1639 914 1666 τοῦτο

123 1677 213 1711 λέγων
233 1679 279 1705 καὶ
301 1680 531 1716 ἐποικτιζόμενος.
557 1682 600 1713 Ὠς
617 1683 670 1709 ἀπὸ
691 1684 775 1718 τάφου
790 1683 844 1719 γὰρ
859 1684 912 1710 τῶν

126 1724 261 1760 μητρῴων
280 1726 386 1761 χωρίων
401 1727 527 1760 ἐξιόντες,
545 1729 591 1754 καὶ
602 1728 712 1760 ζῶντες,
727 1729 854 1764 ὁδεύομεν
867 1731 913 1757 ἐπὶ

124 1767 228 1804 φθορὰν
241 1789 249 1800 ,
268 1770 284 1804 ἥ
301 1772 358 1796 ὲστι
371 1771 496 1807 δεύτερος
512 1773 596 1807 τάφος
608 1794 615 1806 ,
631 1774 677 1800 καὶ
692 1774 739 1800 τοῦ
756 1775 912 1810 πεπηγότος

125 1814 251 1849 σώματος
265 1816 384 1848 διάλυσις
402 1826 408 1832 ·
422 1817 455 1853 ἢν
474 1818 518 1851 δὲ,
542 1820 623 1854 φησιν
636 1840 643 1851 ,
662 1820 819 1856 ὡδεύσαμεν
835 1821 909 1854 ὁδὸν,

124 1861 171 1887 καὶ
185 1861 258 1896 ζωὴν
271 1862 299 1888 ἐν
313 1862 352 1897 τῷ
370 1863 419 1898 βίῳ
435 1863 516 1898 ζῆσαι
539 1865 607 1900 μετά
623 1865 748 1900 σώματος
763 1866 909 1901 ἐδόξαμεν,

123 1908 198 1934 οὐδὲν
216 1908 279 1934 ἄλλο
298 1917 343 1943 μοι
357 1909 372 1944 ἢ
391 1909 459 1935 ἐτῶν
474 1910 578 1945 δαπάνη
592 1930 598 1941 ,
614 1912 660 1937 καὶ
674 1912 770 1946 χρόνου
785 1913 909 1945 κένωσις,

124 1954 183 1989 ἦτοι
197 1954 362 1989 παρέλευσις
374 1975 381 1987 ,
396 1955 470 1982 δοκεῖ
486 1964 491 1970 ·
508 1955 578 1991 αὕτη
599 1957 628 1983 δέ
649 1966 694 1992 μοι
715 1959 761 1984 καὶ
783 1959 910 1995 ὀδυνηρὸν

123 1999 170 2025 καὶ
186 1999 314 2026 ἐπίπονον
324 1999 414 2035 γῆρας
425 2001 548 2035 καταχεῖ.
563 2001 680 2036 Τοιαύτη
691 2002 766 2038 μὲνὴ
779 2004 910 2039 ὲπίκηρος

124 2043 195 2080 ζωὴ,
212 2045 264 2071 ἀπὸ
276 2046 362 2080 τάφου
380 2046 520 2082 ἀρξαμένη
535 2048 581 2074 καὶ
601 2049 791 2083 καταλήγουσα
807 2051 846 2082 είς
860 2051 909 2077 τά-

124 2101 172 2127 φον
185 2101 191 2107 ⁸
207 2093 231 2118 εἰ
251 2093 279 2119 δέ
297 2101 330 2128 με
353 2093 430 2125 ἄλλος
459 2094 534 2126 αἰὼν,
559 2095 606 2121 καὶ
621 2095 677 2130 ζωὴ
699 2096 836 2132 ἄφθαρτος
860 2097 910 2123 καὶ

122 2139 228 2169 ἀλυτος,
245 2139 336 2170 καθὼς
349 2139 513 2174 γέγραπται,
531 2140 644 2168 λυθέντα
657 2141 704 2167 τοῦ
721 2141 844 2177 σώματος
854 2143 910 2169 δια-

122 2185 227 2219 δέχεται
245 2186 311 2217 ἐκεῖ,
330 2184 437 2219 σκέψαι,
451 2182 473 2211 ὧ
488 2184 575 2218 οὗτος,
591 2188 605 2213 6
619 2187 689 2218 θεῖός
706 2196 788 2223 φησιν
808 2189 909 2224 ὶερολό-

122 2240 177 2264 γος,
194 2232 231 2266 μή
251 2240 316 2257 ποτε
331 2232 347 2266 ἡ
364 2231 480 2258 δοκοῦσα
498 2233 546 2267 μὲν
558 2233 627 2268 αὕτη
644 2233 699 2269 ζωὴ
713 2234 762 2269 ἔχῃ
776 2234 853 2266 τέλος
865 2235 910 2262 τὸν

125 2278 205 2313 μόρον
222 2277 269 2304 καὶ
284 2278 329 2305 τὸν
344 2279 457 2305 θάνατον
468 2299 474 2310 ,
494 2280 510 2314 ἡ
523 2279 634 2314 τελευτὴ
649 2280 677 2306 δὲ
689 2280 761 2315 ζωῆς
775 2281 908 2308 ἀθανάτου

119 2325 273 2359 ὀδοποίησίς
294 2333 335 2351 σοι
361 2326 407 2351 καὶ
424 2325 552 2361 πρόξενος
582 2326 766 2360 καθίσταται,
791 2328 908 2363 ἔμπαλιν

121 2370 282 2406 ἢὺηονοείξ.
303 2372 338 2398 Σὺ
356 2371 405 2405 μὲν
424 2371 477 2407 γὰρ
492 2372 617 2399 τεθνάναι
629 2373 735 2405 πάντως
754 2374 800 2401 τὸν
819 2374 908 2401 τελευ-

120 2416 206 2442 τῶντα
219 2416 391 2447 ὑποπτεύεις,
407 2418 421 2443 6
433 2417 462 2443 δὲ
471 2417 510 2452 τῷ
524 2417 635 2453 λυθῆναι
647 2418 696 2454 τῆς
706 2419 778 2455 ζωῆς
790 2420 902 2454 ταύτης,

121 2463 215 2497 ἄριστα
232 2462 332 2498 δηλαδὴ
355 2462 473 2497 βιώσας,
495 2463 564 2499 πρὸς
583 2463 632 2499 τὴν
650 2464 780 2500 ἀληθινὴν
802 2466 901 2502 μετέϐη

121 2507 200 2543 ζωήν.

120 2560 151 2586 45
170 2560 266 2587 Οὐδὲν
278 2560 364 2596 ἔφυν,
376 2571 403 2588 κ.
417 2571 440 2589 τ.
453 2561 479 2589 λ.

155 2618 311 2651 Ἀπώείξας
323 2619 440 2654 ματαίαν
451 2620 498 2646 καὶ
513 2620 660 2656 οὐδαμινὴν
679 2622 729 2658 τὴν
740 2623 788 2650 τοῦ
803 2624 904 2660 ἀνθρώ.

119 2672 167 2690 που
197 2663 287 2698 φύσιν.
314 2665 361 2690 καὶ
386 2665 451 2691 ὡσεὶ
476 2665 554 2692 οὐθὲν
577 2665 659 2694 οὖσαν
680 2668 730 2704 τὴν
756 2669 903 2697 ὑπόστασιν

118 2709 206 2741 αὑτοῦ,
228 2710 409 2737 ἀποδυσπετεῖ
429 2711 522 2739 λοιπὸν
539 2713 586 2739 ἐπὶ
604 2716 659 2746 τοῖς
674 2715 768 2749 ἄλγεσι
783 2717 828 2743 καὶ
842 2719 902 2749 ταῖς

119 2755 313 2792 ιπερχομέναις
329 2756 464 2793 ἀνθρώπῳ
481 2761 634 2795 συμφοραῖς
644 2780 650 2791 ,
665 2761 747 2787 Οὐδὲν
762 2762 826 2796 ἔφυν
839 2783 845 2793 ,
859 2763 901 2789 λέ.

640 104 673 133 ΙΝ
691 103 845 133 CARMINA
864 103 1006 132 ARCANA
1035 105 1064 133 S.
1100 106 1274 135 GREGOliII.

1716 109 1768 137 7.1.1

983 161 1127 190 admodum
1151 171 1266 198 pronum
1286 163 1385 191 ﬂumen
1409 163 1452 192 bis
1481 163 1574 191 eadem
1592 171 1662 198 aqua
1684 167 1768 199 pedes

984 208 1086 243 tingere
1103 209 1270 244 impossibile
1289 215 1341 243 est,
1360 210 1399 237 sic
1413 217 1463 237 nec
1483 210 1608 237 eumdem
1629 211 1765 238 hominem

981 263 1060 289 quem
1079 257 1167 290 primo
1181 257 1272 284 vidisti
1294 265 1389 285 rursus
1404 257 1497 284 eadem
1515 257 1675 284 habitudine
1690 257 1768 285 vitle-

981 300 1032 327 bis.
1053 300 1119 326 Nam
1138 301 1227 335 quoad
1248 301 1425 333 voluntatem,
1446 301 1643 328 intentionibus
1658 305 1685 328 et
1704 309 1768 335 pro-

981 345 1077 378 positis
1092 345 1277 373 indesinenter
1297 351 1422 377 mutans,
1438 347 1616 374 immoderate
1631 348 1767 375 instabilis

981 391 1061 418 homo
1084 392 1112 418 in
1135 393 1195 420 islis
1217 393 1355 426 cernitur,
1376 393 1462 420 donec
1487 393 1559 420 Deus
1583 394 1610 420 in
1632 398 1765 420 aeternum

979 438 1115 465 exsistens
1126 442 1152 465 et
1165 439 1191 465 in
1207 439 1267 473 ipso
1279 446 1391 467 manens
1408 439 1523 466 Verbum
1535 439 1641 465 Domini
1656 439 1764 466 stabilia

978 486 1005 509 et
1021 483 1196 517 perdurantia
1206 485 1350 518 ostendat;
1361 485 1450 520 quoad
1462 485 1580 512 animam
1596 485 1764 516 sensualem,
1776 497 1778 500 ν

978 529 1143 564 vaniloquiis
1170 535 1196 557 et
1221 530 1422 564 affectionibus,
1450 531 1602 566 pbantasiis
1627 535 1654 558 et
1682 539 1765 565 appe-

978 574 1083 606 titibus.
1104 575 1264 604 inconstans
1284 581 1397 611 apparet
1420 582 1447 604 et
1468 578 1603 609 diversus,
1627 578 1765 612 perpetuis

978 622 1096 649 motibus
1117 623 1143 649 in
1158 622 1201 650 his
1219 623 1396 655 immutatus;
1417 623 1506 658 quoad
1521 631 1620 657 corpus
1635 623 1724 649 adhuc
1737 625 1765 650 et

976 668 1093 695 statibus
1119 668 1270 696 secundum
1289 670 1448 696 occasiones
1471 673 1498 696 et
1521 668 1717 696 constitutione
1737 671 1765 695 et

976 715 1069 742 colore
1084 715 1159 742 vitali
1174 719 1346 742 commutans
1362 719 1390 742 et
1404 723 1512 750 semper
1525 714 1763 742 vicissitudinibus

976 761 1122 792 obnoxius,
1148 761 1329 788 incessaulem
1353 761 1531 788 mobilitatem
1559 762 1689 788 ostendit.
1717 761 1764 788 Sic

976 815 1024 843 per
1046 808 1186 834 assiduum
1209 811 1316 842 tempus
1338 811 1365 834 et
1389 815 1497 842 semper
1514 807 1601 835 fluens
1616 808 1762 835 vanitatem

974 861 1029 887 prae
1043 861 1072 881 se
1095 853 1146 881 fert
1160 853 1278 880 humana
1296 857 1391 880 natura
1405 873 1412 885 ,
1429 854 1469 881 sic
1484 853 1682 881 consideranda
1703 853 1762 880 sive

974 899 1001 925 in
1024 903 1091 930 toto,
1113 899 1171 926 sive
1191 899 1293 926 crassis
1317 899 1343 925 in
1361 899 1492 934 partibus.
1514 910 1523 924 ι
1543 899 1666 927 Praesens
1685 907 1760 926 eram

972 946 999 973 in
1011 953 1104 979 carne,
1121 955 1131 971 ι
1147 950 1174 972 et
1195 953 1253 981 seq.
1269 946 1502 979 Quemadmodum
1522 946 1653 980 scriptum
1675 951 1716 972 est
1733 946 1761 972 in

972 991 1073 1018 lumbis
1093 991 1230 1018 Abraham
1255 992 1340 1026 patris
1361 991 1447 1019 fuisse
1470 991 1549 1024 Levi,
1564 992 1603 1019 sic
1620 997 1647 1018 et
1668 993 1760 1018 omnis

972 1037 1054 1064 homo
1068 1041 1213 1072 antequam
1234 1041 1364 1064 nascatur
1380 1038 1465 1073 patris
1479 1038 1519 1065 sui
1538 1038 1564 1064 in
1581 1043 1677 1064 natura
1692 1045 1760 1065 con-

971 1088 1083 1118 ceptus,
1099 1083 1198 1111 deinde
1220 1084 1247 1110 in
1264 1084 1461 1115 concipientem
1489 1089 1602 1111 matrem
1626 1092 1673 1119 per
1684 1091 1760 1110 com-

971 1130 1101 1156 mercium
1119 1130 1267 1162 transiens,
1286 1130 1348 1157 itide
1366 1130 1519 1157 communis
1535 1137 1601 1156 caro
1617 1130 1759 1156 amborum

970 1176 999 1202 fit
1013 1181 1154 1211 parentum
1166 1177 1192 1203 in
1204 1177 1282 1203 vulva
1294 1176 1389 1202 matris
1407 1176 1551 1209 feturatus;
1561 1184 1654 1203 verum
1671 1176 1758 1203 fetura

970 1221 997 1247 in
1010 1221 1144 1255 principio
1157 1229 1218 1247 cum
1232 1221 1268 1247 sit
1284 1220 1410 1246 informis
1419 1227 1483 1246 caro
1496 1223 1522 1247 et
1537 1227 1597 1254 qua:
1610 1218 1758 1245 internosci

969 1272 1101 1301 nequeat,
1130 1274 1180 1293 nec
1206 1262 1331 1293 mortalis
1357 1273 1406 1292 nec
1432 1265 1512 1292 [ionio
1539 1264 1631 1292 vocari
1656 1268 1757 1298 potest,

969 1317 1047 1348 turpe
1064 1313 1165 1348 aliquid
1189 1312 1249 1340 sine
1265 1312 1436 1339 lineamentis
1455 1315 1483 1337 et
1508 1311 1567 1338 sine
1587 1311 1687 1338 decore
1702 1315 1756 1343 est,

968 1367 1094 1386 sermone
1117 1366 1214 1385 carens
1237 1361 1264 1385 et
1283 1358 1439 1389 intellectu;
1454 1357 1591 1391 quomodo
1609 1357 1680 1384 enim
1700 1356 1758 1384 haec

966 1409 1059 1432 essent
1074 1405 1101 1431 in
1120 1404 1174 1431 fetu
1193 1404 1264 1438 quod
1278 1403 1355 1438 quasi
1374 1403 1400 1429 in
1420 1404 1545 1437 sepulcro
1561 1403 1587 1429 in
1603 1404 1681 1430 vulva
1698 1411 1758 1430 ma-

968 1452 1019 1478 tris
1035 1450 1209 1478 coarelatur?
1227 1449 1292 1476 Nam
1307 1455 1433 1484 tanquam
1454 1450 1479 1476 in
1495 1450 1599 1476 tumulo
1617 1450 1653 1476 ibi
1667 1449 1756 1476 inelu-

966 1497 1055 1530 ditur,
1079 1497 1142 1523 inde
1161 1495 1256 1522 addit:
1286 1505 1295 1520 ‹
1323 1495 1368 1523 Bis
1392 1495 1558 1529 sepulcrales
1575 1495 1697 1521 viventes
1721 1495 1753 1521 ad

965 1544 1175 1578 corruptionem,
1187 1552 1195 1567 ι
1204 1542 1349 1576 adgemens
1360 1541 1402 1568 his
1416 1541 1505 1568 verbis
1516 1545 1597 1575 atque
1610 1540 1754 1575 lugendam

965 1589 1052 1617 vicem
1073 1589 1219 1616 miserans.
1238 1587 1305 1614 Nam
1329 1587 1407 1621 quasi
1429 1594 1444 1613 e
1469 1587 1562 1613 tumba
1583 1594 1598 1613 e
1620 1582 1752 1613 maternis

964 1635 1071 1662 vicibus
1089 1637 1219 1661 exeuntes
1234 1637 1260 1660 et
1275 1633 1397 1660 viventes
1417 1633 1467 1659 iter
1487 1631 1593 1667 agimus
1609 1631 1641 1658 ad
1656 1639 1752 1658 corru-

964 1681 1085 1715 ptionem
1110 1688 1170 1715 quae
1185 1685 1227 1706 est
1249 1679 1364 1706 alterum
1383 1679 1538 1713 sepulcrum
1566 1684 1592 1705 et
1616 1678 1752 1713 coagulali

963 1727 1086 1762 corporis
1102 1726 1220 1759 solutio;
1233 1730 1259 1753 et
1273 1733 1364 1760 quam,
1377 1725 1476 1760 inquit.
1488 1725 1559 1752 viam
1568 1725 1751 1756 cucurrimus,

963 1779 1043 1806 quam
1068 1772 1150 1798 vitam
1176 1771 1204 1798 in
1227 1771 1326 1799 saeculo
1348 1771 1447 1805 degere
1472 1778 1534 1797 cum
1561 1777 1676 1804 corpore
1699 1769 1750 1796 visi

963 1825 1071 1849 sumus,
1094 1817 1150 1844 hate
1172 1816 1239 1843 nihil
1260 1816 1312 1843 nisi
1334 1823 1468 1842 annorum
1492 1815 1613 1849 impensa
1635 1818 1661 1841 et
1682 1819 1751 1841 tetu-

962 1864 1037 1899 poris
1057 1863 1198 1891 evacua'io
1218 1867 1262 1890 aut
1290 1862 1463 1896 eonsumptio
1486 1869 1499 1887 a
1521 1869 1564 1888 tne
1586 1861 1750 1887 aestimatur.

962 1909 1021 1945 ipsa
1040 1910 1104 1936 mihi
1117 1909 1230 1936 eﬂ'uudit
1243 1909 1384 1936 doloribus
1405 1911 1432 1935 et
1452 1906 1581 1934 aerumnis
1597 1906 1747 1933 confertam

962 1959 1140 1983 senectutem.
1161 1954 1198 1981 Ea
1215 1959 1256 1982 est
1279 1954 1369 1981 fatalis
1388 1954 1442 1981 vita
1458 1961 1473 1979 a
1492 1952 1583 1979 tumba
1602 1952 1747 1986 incipiens,

961 2000 995 2027 ad
1010 2000 1130 2027 tumbam
1150 1999 1294 2033 desinens;
1315 1999 1337 2027 si
1356 2007 1419 2026 vero
1443 1998 1561 2025 mundus
1579 1997 1659 2030 alius,
1680 1999 1750 2023 vita--

961 2053 1013 2080 que
1030 2045 1246 2079 incorruptibilis
1261 2049 1287 2071 et
1302 2044 1510 2074 indissolubilis,
1529 2043 1601 2070 sicut
1615 2043 1747 2077 scriptum

960 2097 1012 2123 est,
1031 2099 1045 2118 a
1064 2098 1179 2125 corpore
1201 2091 1320 2118 solutum
1336 2098 1379 2117 me
1402 2090 1439 2117 ibi
1459 2089 1566 2124 recipit,
1587 2089 1659 2120 vide,
1671 2097 1687 2115 ο
1706 2093 1746 2121 ιιι,

961 2137 1034 2164 fatur
1052 2137 1131 2165 divus
1146 2140 1240 2164 sancta
1256 2136 1418 2170 praedicans,
1430 2143 1463 2163 ne
1480 2135 1548 2163 forte
1560 2143 1621 2170 qua:
1637 2139 1748 2169 apparet

961 2185 1027 2216 vita,
1048 2183 1138 2215 tinem.
1158 2183 1321 2218 supplicium
1340 2188 1366 2209 et
1379 2187 1493 2209 mortem
1511 2181 1620 2211 habeat,
1640 2185 1667 2208 et
1686 2181 1746 2207 vila:

959 2229 1101 2265 prmseutis
1116 2229 1177 2256 finis
1191 2229 1243 2255 iter
1260 2228 1308 2255 tibi
1325 2233 1351 2255 et
1369 2235 1453 2254 causa
1472 2227 1542 2254 adsit
1558 2227 1619 2254 vita:
1636 2227 1747 2253 immor-

958 2277 1019 2303 talis
1031 2277 1109 2310 longe
1122 2275 1201 2302 aliter
1221 2282 1302 2310 quam
1327 2279 1424 2308 putas;
1445 2277 1473 2300 tu
1494 2273 1603 2308 quidem
1627 2272 1746 2298 letaliter

958 2323 1027 2349 mori
1056 2321 1202 2356 suspicaris
1224 2321 1396 2352 morientem,
1411 2319 1457 2354 qui
1475 2323 1563 2346 autem
1580 2318 1614 2344 ab
1627 2318 1677 2344 hac
1691 2318 1745 2344 vita

957 2369 1103 2395 solvendus
1123 2367 1224 2404 optime
1244 2367 1356 2394 omnino
1371 2366 1483 2398 vixerit,
1503 2366 1535 2393 ad
1548 2372 1638 2392 veram
1654 2369 1744 2392 trans-

956 2414 1006 2441 ibit
1020 2414 1112 2441 vitam.

960 2569 990 2596 ’ὦ
1014 2568 1085 2595 Nihil
1103 2576 1162 2595 sum
1171 2587 1180 2600 ,
1194 2572 1247 2596 etc.

991 2628 1139 2662 Postquam
1154 2633 1252 2653 vanam
1271 2629 1297 2653 et
1313 2626 1415 2653 nullius
1430 2627 1510 2661 pretii
1528 2626 1646 2653 hominis
1659 2629 1740 2653 natu-

952 2681 1011 2701 ram
1029 2673 1227 2701 demonstravit
1242 2677 1269 2699 et
1286 2676 1416 2706 tanquam
1428 2672 1542 2699 nihilum
1559 2672 1740 2700 substantiam

952 2720 1022 2754 ejus;
1038 2719 1151 2746 minimc
1170 2718 1234 2746 facit
1249 2719 1384 2754 reliquum
1400 2719 1433 2746 de
1445 2719 1585 2746 doloribus
1603 2722 1630 2746 et
1646 2726 1741 2753 super-

954 2765 1124 2793 venientibus
1135 2765 1162 2793 in
1172 2765 1308 2793 hominem
1321 2765 1523 2794 calamitatibus
1533 2765 1627 2794 dicens
1639 2765 1742 2794 :Natua

150 2845 205 2881 με)
229 2845 330 2873 Alludit
352 2847 385 2875 ad
404 2847 430 2875 id
453 2856 524 2883 quoa
547 2849 584 2877 ait
602 2850 746 2884 Apostolus
764 2851 796 2879 ad
821 2851 902 2882 llcbt'.
923 2861 967 2889 vr,
986 2854 1010 2882 τί.
