1936 3042
174 79 227 108 755

175 147 236 165 Illlll
253 146 332 173 qnasr
349 139 505 170 nilli|,niliil
520 146 598 173 sum;
616 145 643 167 et
663 148 712 167 cur
725 144 766 167 tot
780 141 859 168 malis
874 149 966 176 super-

176 185 348 212 abundanter
369 185 511 213 confectus
529 186 686 221 opprimor,
709 187 787 222 quasi
810 187 879 215 bene
898 195 966 215 con-

175 234 254 257 stans
271 238 360 257 essem
379 230 485 257 iactura
508 234 535 258 et
552 231 640 258 valida
663 238 691 258 et
708 232 843 259 robusta?
858 231 964 259 Etenim

176 277 405 311 quemadmodum
428 276 482 305 Deo
495 281 521 304 et
539 277 695 304 caelestibus
715 278 787 313 quod
817 277 851 304 ad
870 286 966 306 essen-

177 323 243 348 tiam
255 328 282 349 et
296 323 443 357 potentiam
461 327 488 351 et
499 323 614 358 gloriam
629 323 656 350 in
673 324 790 351 excelsis
806 329 833 351 et
847 324 966 352 beatitu-

177 368 267 394 dinem
289 373 394 403 spectat
416 369 606 396 indissolubile
621 374 664 396 est
680 374 709 397 et
725 370 910 400 immutabile:
927 370 966 398 sic

177 418 204 441 et
220 414 339 441 hominis
356 419 461 442 natura:
477 415 668 443 indissolubile
686 419 712 443 et
725 416 865 444 adhaerens
885 420 927 444 est
940 421 967 443 et

176 460 346 488 immutabile
369 462 505 489 infelicem
528 469 590 489 esse
611 470 774 497 semperque
808 463 877 490 alios
906 463 968 491 aliis

176 506 239 533 vitae
252 507 383 534 atrumnis
407 512 434 534 et
455 508 573 534 miseriis
587 508 690 543 urgeri.
708 508 746 534 Ex
765 516 819 542 quo
848 508 966 543 primum

175 559 193 579 ε
206 553 286 579 vulva
301 554 395 580 matris
413 553 508 581 exiens
527 554 554 580 in
573 557 674 580 terram
690 554 916 588 cecidi,ploratus
933 554 968 581 ab

177 599 266 626 oculis
276 600 366 633 emisi;
376 600 441 626 milii
450 608 515 635 ergo
528 599 700 627 manifestum
710 601 833 635 profecto
858 600 968 636 signum

176 645 230 672 hoc
251 650 302 676 est.
321 645 373 672 hoc
388 646 587 677 testimonium.
606 650 672 681 quot
689 650 716 673 et
732 646 842 681 quantis
858 646 968 673 obviatu

179 699 226 719 ero
239 692 363 727 lugendis
375 697 402 719 et
416 692 493 719 malis
509 693 554 726 qui
570 693 730 728 priusquam
744 693 825 719 vitam
838 692 967 724 delibetu.

179 741 313 773 tacrymas
327 739 362 766 ab
376 740 465 768 oculis
476 739 572 766 fundo.
591 749 600 764 ι
617 739 729 766 Terram
743 739 889 774 quamdam
903 738 969 766 foris

180 785 303 815 liberam,
318 796 323 809 ι
336 789 363 813 et
379 794 438 821 seq.
455 785 514 817 Est,
528 786 627 820 inquit,
640 790 710 812 terra
725 789 752 812 et
769 785 857 812 insula
872 786 899 812 in
915 792 968 820 qua

179 831 329 858 belluarum
347 840 433 867 genus
450 840 504 859 non
522 833 597 863 vivit.
612 837 639 859 et
656 836 698 858 est
715 832 791 859 locus
808 836 897 859 tostus
914 839 968 866 quo

179 884 232 903 non
247 878 448 912 appropinquat
460 877 557 913 frigida
574 886 626 905 nox
637 887 644 910 ;
655 886 790 906 aerumnas
802 883 890 906 autem
907 879 969 904 vita:

179 929 206 951 et
225 924 331 952 labores
345 932 425 951 nemo
447 925 608 959 gloriabitur
625 925 698 960 quod
715 924 834 952 intactus
849 928 876 952 et
893 924 970 951 indo-

180 970 263 997 mitus
275 970 320 997 llic
331 970 538 1005 subterfugerit.
553 970 605 998 Sed
621 971 745 1005 quaedam
762 971 868 997 misera:
884 970 971 997 homi-

179 1024 244 1042 num
260 1016 321 1042 vitie
335 1016 404 1042 dura
419 1021 544 1043 recenset
561 1021 589 1043 et
605 1016 688 1043 dicit:
713 1016 783 1043 Sunt
801 1016 929 1044 debilitas
942 1020 970 1042 et

179 1065 344 1095 paupertas,
362 1062 485 1095 corporis
502 1062 582 1089 variae
606 1062 779 1089 infirmitates
799 1066 827 1090 et
843 1063 904 1090 vitm
921 1071 969 1090 ne-

178 1107 363 1134 cessariorum
384 1112 511 1142 egestas,
535 1114 629 1143 partus
649 1113 677 1136 et
700 1109 780 1136 triste
798 1109 901 1140 latum,
924 1113 970 1136 aut

178 1152 288 1180 dolores
311 1154 475 1187 parientium
501 1157 528 1180 et
546 1161 596 1188 pro
618 1153 781 1181 educatione
801 1155 885 1189 prolis
909 1162 970 1182 sese

178 1199 399 1226 consumentium
410 1220 418 1232 ,
434 1199 526 1226 odium
543 1204 570 1226 et
585 1200 612 1226 in
629 1200 782 1234 proximum
801 1201 926 1232 invidiaa,
944 1205 971 1228 et

179 1244 275 1278 injusti
291 1245 341 1271 viri
354 1249 381 1272 et
395 1246 518 1273 scelerati
533 1246 568 1273 ab
579 1241 722 1281 egentibus
739 1247 895 1274 necessaria
909 1247 970 1274 vita:

180 1291 328 1326 rapientes,
345 1299 420 1318 more
433 1292 584 1318 belluarum
599 1293 626 1318 in
643 1292 712 1318 mari
727 1296 754 1319 et
769 1300 851 1327 super
869 1298 969 1320 terram

179 1337 295 1364 llilSSl‘OS
315 1341 493 1368 consumunt.
516 1341 542 1364 et
557 1344 664 1364 omnem
683 1337 752 1363 hanc
771 1337 854 1364 νίιίιιιι
871 1346 971 1364 terum-

180 1388 276 1408 uosam
290 1387 317 1408 et
330 1381 472 1410 doloribus
485 1381 642 1408 allluentem
653 1381 811 1409 hominibus
825 1383 969 1410 inducunt.

182 1435 193 1452 ι
211 1426 313 1454 Damna
332 1427 442 1462 quidem
456 1431 484 1455 et
498 1428 622 1460 omnino,
644 1438 653 1454 ι
673 1435 699 1456 et
714 1436 774 1463 seq.
787 1428 864 1461 Quod
880 1429 968 1462 dicit,

183 1468 249 1495 illud
272 1474 313 1496 est
337 1478 345 1498 :
368 1471 438 1499 Mala
453 1479 513 1506 qua:
534 1473 656 1500 homines
674 1481 735 1500 esse
749 1479 844 1508 putant
862 1483 894 1502 ac
910 1483 968 1502 mo-

182 1514 267 1547 le~ta,
304 1517 433 1552 pleraque
461 1519 583 1553 reputavi
616 1519 729 1546 einnino
761 1519 909 1554 injucunda
939 1525 968 1548 et

181 1568 336 1590 :erumnosa
364 1564 494 1598 omnique
521 1565 618 1592 solatio
649 1566 801 1597 destituta;
831 1565 966 1593 bonorum

182 1616 243 1641 qua:
277 1615 310 1635 co
340 1610 451 1637 nomine
481 1611 659 1646 designantur
693 1612 819 1639 molestia
848 1613 968 1640 immune

182 1654 285 1682 nul'um
312 1655 433 1689 profecto
462 1656 534 1689 vidi.
559 1665 591 1684 ex
622 1649 826 1692 quodetliilera
853 1665 868 1685 a
895 1658 968 1692 ligno

181 1701 335 1735 degustatio
355 1706 382 1729 et
404 1703 547 1730 homicida:
572 1704 674 1731 invidia
697 1712 819 1731 amaram
838 1708 866 1732 et
889 1712 968 1731 acer-

181 1747 244 1774 bam
263 1748 328 1775 mihi
349 1751 574 1784 transgressionis
593 1758 700 1785 pinnam
723 1751 825 1778 attulit.

844 80 992 110 NICETAS
1024 81 1126 110 DAVID

1758 77 1825 106 ’1Ξῦ

1016 149 1082 175 γων,
1094 141 1170 167 οὐδὲν
1181 141 1250 176 εἰμι.
1270 140 1325 167 Καὶ
1338 139 1382 167 ἵνα
1395 139 1421 165 τί
1432 138 1568 170 τοσούτοις
1578 136 1823 173 ταλαιπωροῦμαι

1017 187 1122 217 κακοῖς,
1144 184 1378 220 ἐνδαπανώμενος,
1395 183 1466 211 ὥστε
1492 183 1615 219 πεπηγὸς
1637 182 1666 208 ὃν
1691 183 1823 216 πρᾶγμα

1017 234 1064 260 xui.
1083 232 1191 268 ἰσχυρὸν
1208 233 1256 259 xui.
1276 231 1404 267 στερρόν;
1422 231 1477 257 Kui
1492 230 1547 265 γὰρ
1566 229 1660 264 ὥσπερ
1680 229 1743 263 Θεῴ
1767 229 1826 255 καὶ

1016 280 1072 310 τοῖς
1093 278 1175 310 θείοις
1194 278 1225 305 τὸ
1246 278 1305 305 κατ’
1320 278 1429 310 οὐσίαν,
1451 278 1499 304 xui
1523 276 1646 311 δύναμιν,
1666 275 1714 302 xui
1731 274 1825 306 δόξαν

1017 325 1066 359 τὴν
1086 324 1235 356 ἀνωτάτω,
1249 324 1297 350 xui
1319 323 1524 359 μακαριότητα,
1540 321 1673 356 ἄτρεπτον
1694 320 1726 346 τέ
1754 321 1822 345 ἐστι

1019 371 1066 397 xui
1083 370 1250 405 ἀμετάϐολον
1261 379 1268 385 ·
1283 370 1368 402 οὓτως
1380 368 1525 405 ἀνθρώπου
1538 368 1616 403 φύσει
1629 367 1659 393 τὸ
1668 366 1823 393 ταλαιπω-

1021 415 1143 452 ρεῖσθαι,
1158 416 1205 442 xui
1219 415 1263 442 ἀεὶ
1286 416 1342 446 τοῖς
1357 414 1404 442 τοῦ
1426 414 1485 449 βίου
1508 411 1693 440 διαπονεῖσθαι
1711 410 1822 438 ἄλλοτε

1018 461 1109 492 ἄλλοις
1135 461 1276 492 ἐπιπόνοις
1302 461 1349 487 xui
1372 460 1511 496 ἁλγηροίς,
1532 459 1664 494 ἄτρεπτον
1689 457 1822 493 ὑπάρχει

1018 507 1065 534 xui
1089 507 1212 542 συμφυὲς
1232 507 1279 534 xui
1299 507 1467 542 ἀμετάθετον
1486 515 1492 521 “
1511 505 1541 538 ἐξ
1556 503 1587 532 οὗ
1601 505 1632 540 δὴ
1650 503 1681 530 τὸ
1699 503 1821 538 πρῶτον

1018 553 1072 579 τῶν
1087 553 1228 589 μητρικῶν
1246 553 1365 587 λαγόνων
1385 552 1554 583 ὁλισθαίνων,
1573 551 1620 578 xui
1637 551 1678 581 εἰς
1696 550 1751 584 γῆν
1767 549 1821 574 ὲκ-

1019 598 1122 630 πεσὼν.
1135 599 1251 634 δάκρυον
1265 599 1359 634 ἀφῆκα
1371 599 1426 625 τῶν
1444 597 1592 633 ὀφθαλμῶν
1604 604 1612 612 ·
1628 596 1675 623 καὶ
1691 595 1750 630 γάρ
1767 602 1819 629 μοι

1018 645 1094 671 τουτὶ
1123 645 1223 681 δηλαδὴ
1248 644 1382 680 σύμῧολον
1404 644 1532 680 ἐναργὲς,
1550 643 1628 670 τοῦτο
1642 642 1749 676 γίνεται
1769 648 1820 667 τε-

1019 692 1138 726 κμήριον
1147 712 1153 723 ,
1171 692 1242 723 ὅσοις
1253 692 1300 718 xui
1312 691 1377 722 οἵοις
1395 691 1483 726 μέλλω
1493 689 1706 725 συναντήσεσθαι
1721 688 1819 722 λυπη-

1022 738 1078 773 ροῖς
1095 738 1142 764 xui
1151 739 1257 770 κακοῖς,
1273 737 1303 764 τὸ
1320 739 1383 773 πρὶν
1398 737 1414 773 ἢ
1426 737 1473 764 τοῦ
1487 736 1543 772 βίου
1557 735 1677 771 ἅψασθαι
1691 734 1817 769 δάκρυον

1020 783 1050 815 ἐξ
1063 783 1210 819 ὀφθαλμῶν
1222 784 1339 818 ἀφεῖναι.

1074 829 1178 864 Χώρην
1188 830 1246 865 μέν
1262 831 1315 856 τιν’
1331 830 1453 864 ἄθηρον,
1467 838 1494 857 κ.
1509 837 1536 856 τ.
1550 828 1590 861 ἐξ.

1059 878 1145 908 Ἐστι,
1161 877 1237 912 φησὶ,
1253 877 1339 913 χώρα,
1351 878 1398 903 xui
1411 877 1507 911 νῆσος,
1525 872 1582 912 ὲνῇ
1598 873 1689 910 θηρῶν
1705 871 1816 907 ἀγρίων

1020 924 1050 950 οὐ
1063 924 1198 950 διαιτᾶται
1214 924 1295 958 φύσις
1306 932 1313 939 ⁸
1332 924 1378 950 xui
1392 923 1449 950 ἐστι
1461 923 1543 954 τόπος
1556 920 1814 955 κατακεκαυμένος,

1019 968 1050 997 οὗ
1070 970 1175 1006 κρυερὰ
1196 971 1225 996 οὺ
1245 970 1419 1006 προσεγγίζει
1438 969 1518 1004 νιφὰς
1534 975 1541 982 ⁸
1559 967 1613 994 τῶν
1633 965 1766 1000 λυπηρῶν
1784 964 1813 990 δὲ

1019 1017 1066 1044 τοῦ
1085 1017 1142 1052 βίου
1156 1018 1203 1043 xui
1215 1016 1270 1044 τῶν
1287 1017 1394 1052 μόχθων
1405 1015 1493 1047 οὐδεὶς
1503 1015 1669 1049 καυχήσεται
1685 1013 1723 1044 ῶς
1744 1011 1812 1038 ἀδά-

1022 1071 1123 1098 μαστος
1142 1063 1188 1089 καὶ
1209 1062 1340 1096 ἄγευστος
1352 1061 1468 1087 ἐνταῦθα
1482 1059 1629 1094 διαφυγών.
1650 1057 1736 1084 Ἀλλα
1750 1057 1814 1083 τινὰ

1019 1108 1054 1134 τὰ
1068 1108 1186 1142 δυσχερῆ
1203 1107 1259 1142 (46)
1273 1107 1320 1133 τοῦ
1332 1105 1504 1141 ταλαιπώρου
1518 1105 1571 1131 τῶν
1585 1103 1738 1139 ἀνθρώπων
1752 1103 1812 1138 βίον

1021 1155 1079 1180 κατ’
1103 1153 1171 1185 εἶδος
1190 1153 1396 1190 ἁναριθμεῖται,
1418 1153 1464 1179 καί
1478 1161 1559 1187 φησιν
1575 1160 1581 1165 ·
1606 1150 1748 1186 Ἀδρᾶνεια
1765 1150 1813 1176 xui

1021 1201 1112 1232 πενία,
1128 1200 1254 1235 σώματος
1274 1200 1424 1235 ἀρῤιυστίαι
1441 1199 1560 1227 ποικίλαι
1577 1199 1624 1225 καὶ
1637 1198 1736 1224 ἐνδειαι
1756 1195 1812 1222 τῶν

1020 1246 1180 1281 ἐπιτηδείων
1195 1245 1260 1282 πρὸς
1274 1245 1356 1281 ζωὴν,
1370 1245 1448 1276 τόκος
1465 1245 1511 1272 καὶ
1528 1245 1609 1279 μόρος
1621 1264 1628 1274 ,
1644 1243 1704 1277 ἦτοι
1726 1250 1812 1268 xuxo-

1021 1292 1122 1318 πάθεια
1150 1293 1209 1323 ταῖς
1224 1293 1380 1323 τικτούσαις
1394 1292 1440 1317 xui
1454 1291 1518 1327 περὶ
1527 1290 1575 1325 τὴν
1588 1289 1744 1325 ἀνατροφὴν
1757 1287 1811 1313 τῶν

1022 1338 1139 1370 ἐκγόνων
1157 1337 1348 1372 πονουμέναις.
1362 1337 1439 1371 ἔχθος
1456 1336 1503 1363 xui
1520 1337 1548 1362 αἱ
1563 1336 1632 1371 πρὸς
1647 1336 1709 1366 τοὺς
1722 1342 1811 1368 γειτο-

1021 1383 1133 1415 νοῦντας
1156 1382 1320 1419 ἓχθραι,καὶ
1340 1383 1427 1409 ἄδικοι
1449 1382 1545 1417 ἄνδρες
1562 1381 1609 1407 xui
1636 1379 1811 1416 ἁμαρτωλοὶ,

1022 1429 1070 1460 τὰς
1083 1429 1151 1464 πρὸς
1167 1429 1197 1455 τὸ
1209 1428 1258 1464 ζῇν
1270 1428 1324 1454 τῶν
1342 1428 1543 1462 ταπεινοτέρων
1558 1425 1716 1462 ἁρπώμενοι
1729 1426 1813 1458 ἀφορ-

1024 1476 1077 1511 μὰς
1089 1496 1096 1507 ,
1119 1476 1212 1510 ὅμοιον
1231 1476 1330 1511 τρόπον
1348 1476 1404 1507 τοῖς
1424 1475 1453 1501 ὲν
1470 1474 1591 1509 θαλάσσῃ
1609 1473 1690 1507 θηρσὶ
1712 1472 1759 1497 καὶ
1778 1471 1810 1506 τῇ

1022 1522 1092 1558 ξηρᾷ
1108 1522 1317 1558 κατατρίϐουσιν
1334 1522 1432 1554 αὐτοὺς
1443 1543 1450 1554 ,
1466 1521 1512 1548 καὶ
1529 1520 1617 1547 πάντα
1631 1519 1676 1546 τὸν
1692 1518 1750 1553 βίον
1765 1516 1810 1543 ἀλ-

1022 1577 1056 1604 γη
1063 1568 1106 1603 ρὸν
1121 1569 1167 1594 xui
1182 1567 1316 1594 ἐπώδυνον
1329 1568 1385 1598 τοῖς
1396 1566 1549 1602 ἀνθρώποις
1564 1563 1742 1591 καθιστῶσιν.

1075 1614 1200 1648 "multa
1210 1613 1268 1648 μὲν
1283 1614 1331 1640 καὶ
1348 1612 1484 1647 πάμπαν,
1497 1620 1513 1638 κ
1536 1620 1562 1637 τ.
1578 1610 1617 1641 ἐξ.

1062 1660 1095 1685 Ὃ
1116 1659 1143 1686 δὲ
1163 1659 1247 1691 λέγει,
1267 1658 1386 1685 τοιοῦτόν
1404 1659 1462 1684 ἐστι
1477 1666 1484 1672 ·
1501 1656 1562 1683 Τῶν
1583 1656 1648 1691 παρ’
1660 1652 1812 1688 ἀνθρώποις

1023 1704 1177 1738 λεγομένων
1201 1704 1295 1730 κακῶν
1318 1703 1366 1729 xui
1387 1701 1525 1737 δυσχερῶν
1551 1700 1635 1726 πολλὰ
1660 1697 1810 1732 κατενόησα

1024 1749 1164 1780 παντελῶς
1178 1749 1242 1775 ὄντα
1259 1749 1367 1784 ἀτερπῆ
1403 1748 1449 1773 xui
1465 1746 1593 1782 λυπηρὰ,
1616 1746 1663 1771 xui
1685 1742 1810 1778 οὐδεμίαν

181 1791 277 1825 ἔχοντα
291 1789 456 1826 παραψυχὴν
474 1791 704 1827 παρομαρτοῦσαν
717 1800 724 1806 ·
742 1792 795 1818 τῶν
812 1791 922 1826 ἀγαθῶν
945 1793 974 1819 δὲ
991 1793 1020 1819 ὲν
1039 1793 1089 1830 βίῳ
1105 1794 1358 1830 κατωνομασμένων
1380 1794 1456 1820 οὐδὲν
1475 1792 1588 1828 ἄμοιρον
1608 1791 1696 1825 λύπης
1713 1787 1811 1816 παντά·

182 1846 249 1863 πασι
263 1838 407 1872 τεθέαμαι.
423 1837 470 1872 ἀφ’
482 1833 539 1872 οὖή
554 1837 663 1872 ὀλεθρία
674 1836 721 1863 τοῦ
735 1837 813 1870 ξύλου
829 1837 923 1872 γεῦσις
938 1839 984 1865 καὶ
1001 1840 1014 1866 ὁ
1025 1840 1071 1866 τοῦ
1086 1840 1262 1876 ἀνδροκτόνου
1277 1840 1372 1875 φθόνος
1391 1839 1492 1874 πικράν
1507 1847 1552 1873 μοι
1564 1837 1610 1864 xui
1629 1836 1752 1871 ἁλγηρὰν
1764 1834 1810 1869 τὴν

180 1885 230 1919 τῆς
248 1884 429 1920 παραϐάσεως
441 1884 577 1919 τιμωρίαν
590 1885 773 1919 ἐναπήμεσεν.

181 1941 215 1968 59
228 1939 292 1967 Ilwc
301 1941 358 1972 tibi,
372 1948 445 1972 cura,
462 1939 534 1966 dicta
547 1940 612 1972 sint,
623 1949 675 1967 non
685 1939 766 1973 facile
777 1941 905 1972 sanabili,
917 1945 970 1968 etc.

216 1986 256 2013 Ad
280 1991 306 2014 te
322 1994 403 2021 ergo,
419 1994 435 2013 ο
453 1994 534 2018 caro,
559 1990 658 2013 sanatu
675 1986 828 2017 diﬂicilem,
845 1987 972 2014 immedi—

181 2032 295 2059 cabilem
315 2032 385 2060 forte
408 2034 465 2060 haec
482 2041 497 2060 a
518 2034 617 2061 nobis:
639 2041 702 2060 nam
723 2033 801 2061 hoste
823 2041 929 2062 amoena
947 2039 973 2062 te

182 2083 242 2106 utor
255 2084 282 2106 et
295 2088 403 2114 semper
416 2080 562 2113 militanti;
580 2080 667 2107 hostis
683 2080 775 2107 debita
792 2088 900 2115 semper
919 2081 972 2107 ini-

182 2126 253 2152 mica
270 2126 381 2161 placens
403 2134 478 2156 caro.
501 2131 558 2154 tum
575 2135 646 2162 saepe
666 2135 820 2161 cooperans
837 2128 869 2154 ad
889 2128 971 2160 bona,

181 2177 238 2199 tum
251 2172 389 2199 ordinarie
403 2181 537 2208 propensa
549 2173 580 2200 ad
594 2174 727 2200 malorum
741 2173 880 2208 abyssum.
897 2173 973 2201 Pera:

181 2219 329 2246 blandienti
350 2219 416 2246 mihi
435 2221 533 2248 similis
552 2220 652 2248 videris
672 2225 700 2248 et.
722 2220 863 2252 adulanti,
882 2225 909 2248 et
930 2221 970 2247 in-

181 2265 288 2292 terdum
308 2265 405 2292 acerbe
424 2265 572 2300 mordenti;
596 2269 624 2293 et
638 2266 694 2301 igni
708 2267 877 2294 calefacienti
894 2267 971 2294 simi-

181 2313 254 2342 labo.
276 2313 323 2340 sed
337 2316 364 2340 et
386 2312 469 2340 simul
491 2313 668 2341 vehementer
684 2314 877 2350 refrigeranti;
896 2314 969 2350 quod

181 2361 332 2393 insolitum,
347 2368 435 2396 eoque
452 2362 538 2396 magis
550 2362 649 2388 mirum
660 2366 713 2394 est,
726 2363 749 2390 si
762 2363 831 2390 forte
843 2364 877 2390 ad
889 2364 970 2390 tinem

180 2411 266 2433 totum
281 2407 348 2434 mihi
369 2407 501 2435 benevola
522 2409 601 2436 lieres
620 2416 769 2445 pacemque
803 2409 902 2443 dares;
921 2409 971 2436 tibi

180 2459 256 2486 ergo,
273 2459 289 2478 o
301 2459 376 2489 caro!
389 2451 445 2479 haec
458 2452 532 2479 dicta
549 2453 614 2486 sint,
632 2454 679 2480 sed
693 2459 721 2481 ct
733 2454 781 2481 tibi
796 2455 893 2481 auium
919 2451 971 2487 ipsi

181 2498 309 2524 dicentur
339 2503 420 2533 prout
447 2499 554 2533 justum
581 2504 635 2529 est.
663 2510 671 2525 ε
695 2500 783 2533 Quis?
804 2501 905 2529 Unde?
927 2505 975 2527 aut

180 2545 246 2579 quid
260 2545 311 2572 es?
327 2555 336 2571 ι
348 2549 375 2572 et
386 2553 445 2580 seq.
459 2544 527 2578 Quis
536 2549 562 2573 et
575 2547 657 2579 unde,
670 2551 697 2573 et
709 2546 772 2581 quid
783 2554 812 2574 es
822 2547 973 2574 secundum

181 2595 320 2623 naturam,
340 2591 385 2618 die
404 2591 428 2618 si
452 2591 552 2625 babes;
568 2592 630 2626 quis
647 2595 674 2619 te
690 2596 826 2619 mortuum
843 2592 973 2619 ferentem

182 2642 230 2663 aut
244 2645 346 2672 corpus
363 2639 494 2666 ferentem
519 2639 681 2673 plasmavit?
705 2639 771 2672 Quis
793 2638 974 2673 undequaque

183 2689 325 2712 oneratam
350 2689 378 2712 et
399 2685 433 2712 ad
457 2689 558 2712 terram
578 2686 721 2720 religatam
746 2686 851 2712 catenis
876 2685 973 2711 validis

183 2731 247 2758 vita
266 2731 407 2766 religavit?
425 2732 568 2764 Quomodo
590 2731 736 2759 ronuoista
759 2731 807 2759 es?
832 2730 973 2765 Quomodo

217 2823 275 2859 (i6)
289 2823 381 2852 Codex
397 2824 468 2852 ἀλλὰ
480 2824 540 2852 τίνα
555 2824 589 2851 τὰ
601 2824 734 2859 δυαχερεῖ.

1022 1945 1056 1972 59
1073 1944 1124 1971 Σοὶ
1133 1943 1193 1978 μὲν
1207 1943 1255 1977 δὴ,
1269 1943 1358 1977 σὰρξ,
1370 1943 1434 1969 τοῖα
1448 1941 1604 1974 δυσαλθέϊ,
1622 1951 1648 1968 κ.
1663 1951 1688 1968 τ.
1699 1942 1724 1967 λ.

1058 1991 1130 2026 Πρὸς
1152 1998 1182 2016 σε
1203 1990 1252 2025 μὲν
1267 1987 1330 2021 οὖν,
1348 1986 1370 2015 ῶ
1387 1989 1467 2024 σὰρξ,
1483 1989 1602 2024 δυσαλθῆ
1617 1997 1646 2015 τε
1663 1989 1709 2014 xui
1720 1987 1806 2014 δυσία-

1022 2045 1067 2064 τον
1085 2036 1260 2071 ὑπὰρχουσαν
1273 2036 1384 2062 τοιαῦτα
1401 2037 1468 2071 παρ’
1482 2036 1560 2071 ὴμῶν
1571 2044 1577 2050 ·
1597 2035 1645 2062 xui.
1657 2035 1711 2069 γὰρ
1724 2033 1806 2069 ἐχθρῷ

1024 2092 1064 2110 σοι
1089 2084 1199 2118 εὐμενεῖ
1226 2083 1335 2118 χρῶμαι
1351 2083 1398 2109 xui
1425 2081 1651 2116 φιλοπολεμοῦντι
1681 2082 1735 2107 ἀεί.
1751 2080 1807 2106 Φίλ-

1026 2129 1122 2164 εχθρος
1136 2129 1190 2154 αἰεὶ
1205 2128 1381 2164 δυσμενὴς,ή
1400 2128 1467 2163 σὰρξ
1482 2127 1567 2162 φίλος,
1582 2127 1612 2153 τὸ
1626 2127 1676 2162 μὲν
1686 2126 1806 2162 συνεργὸς

1026 2174 1095 2209 πρὸς
1120 2174 1154 2200 τὰ
1180 2175 1250 2200 καλὰ
1266 2174 1410 2205 πολλάκις,
1438 2174 1468 2200 τὸ
1491 2174 1512 2200 δ’
1538 2173 1661 2204 ἐκτόπως
1684 2173 1805 2208 βρίθουσα

1025 2220 1093 2255 πρὸς
1116 2220 1209 2247 κακῶν
1236 2220 1332 2255 βάθος·
1352 2220 1438 2255 θηρίῳ
1460 2220 1515 2255 γὰρ
1531 2220 1647 2246 ἐοικέναι
1669 2228 1714 2254 μοι
1726 2219 1804 2250 δοκεῖς

1025 2265 1214 2300 προσσαίνοντι
1236 2265 1284 2300 μὲν
1301 2264 1454 2296 κολακικῶς
1464 2285 1471 2296 ,
1493 2264 1616 2291 δάκνοντι
1632 2264 1655 2291 δ’
1670 2265 1754 2290 ἐνίοτε
1767 2273 1804 2291 τιι-

1024 2311 1098 2347 κρῶς
1107 2333 1114 2344 ,
1130 2312 1177 2338 καὶ
1191 2312 1258 2347 πυρὶ
1271 2311 1444 2347 θερμαίνοντι
1456 2312 1644 2346 παρομοιάσω,
1665 2311 1722 2337 ἀλλ’
1738 2311 1803 2346 αὐτῷ

1024 2359 1113 2394 τούτῳ
1129 2359 1176 2385 xui
1190 2358 1302 2394 ψύχοντι
1320 2358 1456 2394 σφοδρῶς·
1477 2358 1491 2384 ὃ
1506 2359 1552 2384 καὶ
1567 2359 1717 2394 παράδοξον
1727 2379 1734 2390 ,
1752 2360 1802 2393 μεῖ-

1026 2406 1071 2438 ζον
1090 2407 1119 2432 δὲ
1134 2405 1243 2440 θαῦμα,
1268 2406 1295 2432 εἴ
1309 2414 1374 2432 ποτε
1393 2405 1444 2432 κᾶν
1467 2406 1494 2437 ἐς
1521 2405 1633 2440 ὕστερον
1648 2404 1678 2430 τὸ
1691 2404 1749 2430 ὅλον
1765 2412 1802 2438 μοι

1026 2451 1141 2487 εὐμενὴς
1165 2452 1250 2485 γένοιο
1273 2451 1320 2478 xui
1343 2451 1503 2486 εἰρηνεύοις.
1529 2451 1574 2476 Σοὶ
1598 2451 1646 2485 μὲν
1661 2448 1708 2476 οὖν
1722 2450 1767 2485 δὴ,
1781 2447 1800 2476 ὦ

1027 2497 1111 2533 σὰρξ,
1136 2497 1222 2524 ταῦτα
1247 2497 1451 2532 προσειρήσθω·
1475 2497 1543 2523 ἀλλὰ.
1557 2498 1604 2524 xui
1628 2497 1669 2523 eoi.
1692 2498 1725 2532 τῇ
1740 2496 1800 2532 ψυχῇ

1026 2544 1095 2580 αὐτῇ
1110 2543 1144 2570 τὰ
1162 2543 1316 2578 καθήκοντα
1331 2543 1489 2579 ῥηθήσεται.

1099 2590 1163 2622 Τίς;
1178 2590 1286 2621 πόθεν;
1301 2589 1320 2623 ἢ
1335 2589 1364 2615 τι
1380 2589 1497 2622 πέλεις;
1511 2597 1538 2615 κ.
1553 2597 1578 2615 τ.
1596 2588 1635 2621 ἐξ.

1061 2636 1109 2668 Τίς
1126 2637 1172 2663 καὶ
1197 2636 1277 2662 πόθεν
1305 2636 1352 2662 xui
1369 2635 1395 2662 τί
1420 2635 1490 2662 κατὰ
1509 2635 1558 2671 τὴν
1581 2635 1661 2670 φύσιν
1676 2635 1757 2671 αὐτὴν
1770 2632 1797 2668 εἴ,

1027 2682 1149 2717 φράσον,
1174 2681 1200 2708 εἴ
1217 2691 1258 2708 σοι
1281 2682 1380 2717 παρόν·
1396 2682 1438 2713 τίς
1459 2682 1488 2708 δέ
1505 2690 1535 2707 σε
1548 2682 1728 2716 νεκροφόρον,
1751 2681 1798 2717 ἦτοι

1030 2727 1238 2763 σωματοφὸρον,
1267 2728 1429 2763 ἐποιήσατο,
1457 2728 1575 2763 στερεοῖς
1592 2728 1622 2754 ἐν
1635 2726 1742 2762 δεσμοῖς
1761 2725 1798 2752 τοῦ
