  <div class='ocr_page' id='page_1' title='image "/cluster/home/n/w/nwhite01/storage/ocr_20150623/38/njp.32101077772570/378.png"; bbox 0 0 1936 3042; ppageno 0'>
   <div class='ocr_carea' id='block_1_1' title="bbox 120 147 172 175">
    <p class='ocr_par' dir='ltr' id='par_1_1' title="bbox 120 147 172 175">
     <span class='ocr_line' id='line_1_1' title="bbox 120 147 172 175; baseline -0.038 0"><span class='ocrx_word' id='word_1_1' title='bbox 120 147 172 175; x_wconf 77' lang='lat'><strong>7&#39;57</strong></span> 
     </span>
    </p>
   </div>
   <div class='ocr_carea' id='block_1_2' title="bbox 121 205 911 242">
    <p class='ocr_par' dir='ltr' id='par_1_2' title="bbox 121 205 911 242">
     <span class='ocr_line' id='line_1_2' title="bbox 121 205 911 242; baseline 0 -10"><span class='ocrx_word' id='word_1_2' title='bbox 121 205 181 242; x_wconf 68' lang='grc' dir='ltr'>βίου</span> <span class='ocrx_word' id='word_1_3' title='bbox 208 205 365 242; x_wconf 79' lang='grc' dir='ltr'><strong>καταδήσας</strong></span> <span class='ocrx_word' id='word_1_4' title='bbox 391 206 558 242; x_wconf 76' lang='grc' dir='ltr'><strong>πανταχόθεν</strong></span> <span class='ocrx_word' id='word_1_5' title='bbox 584 205 770 242; x_wconf 80' lang='grc' dir='ltr'><strong>βαρυνομένην</strong></span> <span class='ocrx_word' id='word_1_6' title='bbox 788 206 834 233; x_wconf 78' lang='grc' dir='ltr'>καὶ</span> <span class='ocrx_word' id='word_1_7' title='bbox 848 213 911 232; x_wconf 73' lang='lat' dir='ltr'><strong>suv-</strong></span> 
     </span>
    </p>
   </div>
   <div class='ocr_carea' id='block_1_3' title="bbox 120 252 910 288">
    <p class='ocr_par' dir='ltr' id='par_1_3' title="bbox 120 252 910 288">
     <span class='ocr_line' id='line_1_3' title="bbox 120 252 910 288; baseline 0 -10"><span class='ocrx_word' id='word_1_8' title='bbox 120 252 302 287; x_wconf 81' lang='grc' dir='ltr'>ειλκυσμένην</span> <span class='ocrx_word' id='word_1_9' title='bbox 327 253 367 284; x_wconf 86' lang='grc' dir='ltr'><strong>είς</strong></span> <span class='ocrx_word' id='word_1_10' title='bbox 389 252 455 287; x_wconf 81' lang='grc' dir='ltr'>γῆν;</span> <span class='ocrx_word' id='word_1_11' title='bbox 472 252 530 284; x_wconf 86' lang='grc' dir='ltr'>πῶς</span> <span class='ocrx_word' id='word_1_12' title='bbox 554 252 672 288; x_wconf 71' lang='grc' dir='ltr'>ἑμίγηςς</span> <span class='ocrx_word' id='word_1_13' title='bbox 694 252 752 284; x_wconf 85' lang='grc' dir='ltr'>πῶς</span> <span class='ocrx_word' id='word_1_14' title='bbox 773 252 910 288; x_wconf 82' lang='grc' dir='ltr'>ὲκράθης,</span> 
     </span>
    </p>
   </div>
   <div class='ocr_carea' id='block_1_4' title="bbox 122 296 911 334">
    <p class='ocr_par' dir='ltr' id='par_1_4' title="bbox 122 296 911 334">
     <span class='ocr_line' id='line_1_4' title="bbox 122 296 911 334; baseline -0.003 -9"><span class='ocrx_word' id='word_1_15' title='bbox 122 298 232 334; x_wconf 81' lang='grc' dir='ltr'>πνεῦμα</span> <span class='ocrx_word' id='word_1_16' title='bbox 256 296 334 332; x_wconf 81' lang='grc' dir='ltr'>οὖσα,</span> <span class='ocrx_word' id='word_1_17' title='bbox 346 298 384 334; x_wconf 86' lang='grc' dir='ltr'>τῷ</span> <span class='ocrx_word' id='word_1_18' title='bbox 409 298 486 334; x_wconf 83' lang='grc' dir='ltr'>βάρει</span> <span class='ocrx_word' id='word_1_19' title='bbox 507 298 554 325; x_wconf 85' lang='grc' dir='ltr'><strong>τοῦ</strong></span> <span class='ocrx_word' id='word_1_20' title='bbox 571 299 710 332; x_wconf 82' lang='grc' dir='ltr'>σώματος;</span> <span class='ocrx_word' id='word_1_21' title='bbox 727 298 785 330; x_wconf 84' lang='grc' dir='ltr'>πῶς</span> <span class='ocrx_word' id='word_1_22' title='bbox 803 299 831 324; x_wconf 83' lang='grc' dir='ltr'>δὲ</span> <span class='ocrx_word' id='word_1_23' title='bbox 849 298 911 329; x_wconf 84' lang='grc' dir='ltr'>νοῦς</span> 
     </span>
    </p>
   </div>
   <div class='ocr_carea' id='block_1_5' title="bbox 121 344 910 381">
    <p class='ocr_par' dir='ltr' id='par_1_5' title="bbox 121 344 910 381">
     <span class='ocr_line' id='line_1_5' title="bbox 121 344 910 381; baseline -0.001 -10"><span class='ocrx_word' id='word_1_24' title='bbox 121 345 261 376; x_wconf 84' lang='grc' dir='ltr'>πέλουσα,</span> <span class='ocrx_word' id='word_1_25' title='bbox 297 345 378 380; x_wconf 75' lang='grc' dir='ltr'>σαρκὶ</span> <span class='ocrx_word' id='word_1_26' title='bbox 410 345 544 381; x_wconf 80' lang='grc' dir='ltr'><strong>κραθῆναι</strong></span> <span class='ocrx_word' id='word_1_27' title='bbox 576 345 727 377; x_wconf 81' lang='grc' dir='ltr'>κατεδὲξω;</span> <span class='ocrx_word' id='word_1_28' title='bbox 764 344 852 379; x_wconf 76' lang='grc' dir='ltr'>κούφη</span> <span class='ocrx_word' id='word_1_29' title='bbox 881 344 910 370; x_wconf 84' lang='grc' dir='ltr'>δὲ</span> 
     </span>
    </p>
   </div>
   <div class='ocr_carea' id='block_1_6' title="bbox 120 390 911 427">
    <p class='ocr_par' dir='ltr' id='par_1_6' title="bbox 120 390 911 427">
     <span class='ocr_line' id='line_1_6' title="bbox 120 390 911 427; baseline -0.001 -9"><span class='ocrx_word' id='word_1_30' title='bbox 120 393 294 427; x_wconf 78' lang='grc' dir='ltr'>τυγχάνουσα</span> <span class='ocrx_word' id='word_1_31' title='bbox 316 391 374 423; x_wconf 83' lang='grc' dir='ltr'>πῶς</span> <span class='ocrx_word' id='word_1_32' title='bbox 393 391 474 426; x_wconf 78' lang='grc' dir='ltr'>ἄχθος</span> <span class='ocrx_word' id='word_1_33' title='bbox 488 392 598 426; x_wconf 74' lang='grc' dir='ltr'>φέρειςς</span> <span class='ocrx_word' id='word_1_34' title='bbox 611 391 703 418; x_wconf 82' lang='grc' dir='ltr'>Ταῦτα</span> <span class='ocrx_word' id='word_1_35' title='bbox 724 390 778 426; x_wconf 82' lang='grc' dir='ltr'><strong>γὰρ</strong></span> <span class='ocrx_word' id='word_1_36' title='bbox 794 390 911 418; x_wconf 81' lang='grc' dir='ltr'>ἀντικεί-</span> 
     </span>
    </p>
   </div>
   <div class='ocr_carea' id='block_1_7' title="bbox 123 437 692 473">
    <p class='ocr_par' dir='ltr' id='par_1_7' title="bbox 123 437 692 473">
     <span class='ocr_line' id='line_1_7' title="bbox 123 437 692 473; baseline 0 -9"><span class='ocrx_word' id='word_1_37' title='bbox 123 447 193 473; x_wconf 79' lang='grc' dir='ltr'>μενα</span> <span class='ocrx_word' id='word_1_38' title='bbox 208 439 246 470; x_wconf 83' lang='grc' dir='ltr'>ὡς</span> <span class='ocrx_word' id='word_1_39' title='bbox 257 438 364 464; x_wconf 80' lang='grc' dir='ltr'><strong>ἐναντία</strong></span> <span class='ocrx_word' id='word_1_40' title='bbox 380 437 503 473; x_wconf 81' lang='grc' dir='ltr'>ἀλλήλοις</span> <span class='ocrx_word' id='word_1_41' title='bbox 520 438 692 473; x_wconf 78' lang='grc' dir='ltr'>διαμάχεται.</span> 
     </span>
    </p>
   </div>
   <div class='ocr_carea' id='block_1_8' title="bbox 121 480 912 554">
    <p class='ocr_par' dir='ltr' id='par_1_8' title="bbox 121 480 912 554">
     <span class='ocr_line' id='line_1_8' title="bbox 121 480 912 554; baseline -0.001 -44"><span class='ocrx_word' id='word_1_42' title='bbox 121 483 156 511; x_wconf 83' lang='lat'><strong>69</strong></span> <span class='ocrx_word' id='word_1_43' title='bbox 177 484 211 510; x_wconf 84' lang='grc' dir='ltr'><strong>Εἰ</strong></span> <span class='ocrx_word' id='word_1_44' title='bbox 221 483 279 517; x_wconf 84' lang='grc' dir='ltr'><strong>μὲν</strong></span> <span class='ocrx_word' id='word_1_45' title='bbox 294 482 331 516; x_wconf 80' lang='grc' dir='ltr'>δὴ</span> <span class='ocrx_word' id='word_1_46' title='bbox 347 482 516 516; x_wconf 80' lang='grc' dir='ltr'>σάρκεσσιν</span> <span class='ocrx_word' id='word_1_47' title='bbox 531 482 747 554; x_wconf 63' lang='grc' dir='ltr'>ὁμόσποροῖθές</span> <span class='ocrx_word' id='word_1_48' title='bbox 764 482 837 515; x_wconf 81' lang='grc' dir='ltr'>βίον</span> <span class='ocrx_word' id='word_1_49' title='bbox 850 480 912 543; x_wconf 72' lang='grc' dir='ltr'><strong>λῆλ-</strong></span> 
     </span>
     <span class='ocr_line' id='line_1_9' title="bbox 718 526 874 551; baseline 0 -7"><span class='ocrx_word' id='word_1_50' title='bbox 718 526 759 551; x_wconf 80' lang='grc' dir='ltr'><strong>ες,</strong></span> <span class='ocrx_word' id='word_1_51' title='bbox 771 527 797 544; x_wconf 76' lang='grc' dir='ltr'>κ.</span> <span class='ocrx_word' id='word_1_52' title='bbox 812 526 836 544; x_wconf 87' lang='grc' dir='ltr'>τ.</span> <span class='ocrx_word' id='word_1_53' title='bbox 869 538 874 544; x_wconf 93' lang='grc'><em>.</em></span> 
     </span>
    </p>
   </div>
   <div class='ocr_carea' id='block_1_9' title="bbox 718 526 874 551">
    <p class='ocr_par' dir='ltr' id='par_1_9' title="bbox 718 526 874 551">
     <span class='ocr_line' id='line_1_10' title="bbox 718 526 874 551; baseline -0.006 -7"><span class='ocrx_word' id='word_1_54' title='bbox 718 526 759 551; x_wconf 79' lang='grc' dir='ltr'><strong>ες,</strong></span> <span class='ocrx_word' id='word_1_55' title='bbox 771 527 797 544; x_wconf 76' lang='grc' dir='ltr'>κ.</span> <span class='ocrx_word' id='word_1_56' title='bbox 812 526 836 544; x_wconf 85' lang='grc' dir='ltr'>τ.</span> <span class='ocrx_word' id='word_1_57' title='bbox 850 526 874 544; x_wconf 90' lang='grc' dir='ltr'><strong>Λ.</strong></span> 
     </span>
    </p>
   </div>
   <div class='ocr_carea' id='block_1_10' title="bbox 160 563 910 600">
    <p class='ocr_par' dir='ltr' id='par_1_10' title="bbox 160 563 910 600">
     <span class='ocr_line' id='line_1_11' title="bbox 160 563 910 600; baseline 0.001 -10"><span class='ocrx_word' id='word_1_58' title='bbox 160 563 354 599; x_wconf 77' lang='grc' dir='ltr'>Προσλαλήσας</span> <span class='ocrx_word' id='word_1_59' title='bbox 378 565 410 599; x_wconf 82' lang='grc' dir='ltr'>τῇ</span> <span class='ocrx_word' id='word_1_60' title='bbox 435 564 516 600; x_wconf 78' lang='grc' dir='ltr'>σαρκὶ</span> <span class='ocrx_word' id='word_1_61' title='bbox 539 564 662 600; x_wconf 83' lang='grc' dir='ltr'>πρῶτον,</span> <span class='ocrx_word' id='word_1_62' title='bbox 681 563 740 591; x_wconf 81' lang='grc' dir='ltr'>εἶτα</span> <span class='ocrx_word' id='word_1_63' title='bbox 763 565 796 600; x_wconf 84' lang='grc' dir='ltr'>τῇ</span> <span class='ocrx_word' id='word_1_64' title='bbox 820 564 910 599; x_wconf 74' lang='grc' dir='ltr'>ψυχῇ,</span> 
     </span>
    </p>
   </div>
   <div class='ocr_carea' id='block_1_11' title="bbox 122 608 912 646">
    <p class='ocr_par' dir='ltr' id='par_1_11' title="bbox 122 608 912 646">
     <span class='ocr_line' id='line_1_12' title="bbox 122 608 912 646; baseline 0 -10"><span class='ocrx_word' id='word_1_65' title='bbox 122 610 173 636; x_wconf 81' lang='grc' dir='ltr'>ὅσα</span> <span class='ocrx_word' id='word_1_66' title='bbox 195 609 428 646; x_wconf 86' lang='grc' dir='ltr'>θεοληπτούμενον</span> <span class='ocrx_word' id='word_1_67' title='bbox 445 611 527 646; x_wconf 77' lang='grc' dir='ltr'>ἄνδρα</span> <span class='ocrx_word' id='word_1_68' title='bbox 543 610 703 646; x_wconf 83' lang='grc' dir='ltr'><strong>προσλαλεῖν</strong></span> <span class='ocrx_word' id='word_1_69' title='bbox 720 611 818 646; x_wconf 77' lang='grc' dir='ltr'>ἐχρῆν,</span> <span class='ocrx_word' id='word_1_70' title='bbox 834 608 912 641; x_wconf 78' lang='grc' dir='ltr'>αὖθις</span> 
     </span>
    </p>
   </div>
   <div class='ocr_carea' id='block_1_12' title="bbox 123 657 912 693">
    <p class='ocr_par' dir='ltr' id='par_1_12' title="bbox 123 657 912 693">
     <span class='ocr_line' id='line_1_13' title="bbox 123 657 912 693; baseline 0.003 -11"><span class='ocrx_word' id='word_1_71' title='bbox 123 657 192 692; x_wconf 75' lang='grc' dir='ltr'>πρὸς</span> <span class='ocrx_word' id='word_1_72' title='bbox 212 657 261 692; x_wconf 82' lang='grc' dir='ltr'><strong>τὴν</strong></span> <span class='ocrx_word' id='word_1_73' title='bbox 286 657 374 692; x_wconf 79' lang='grc' dir='ltr'>ψυχὴν</span> <span class='ocrx_word' id='word_1_74' title='bbox 391 657 512 692; x_wconf 78' lang='grc' dir='ltr'>περὶτῆς</span> <span class='ocrx_word' id='word_1_75' title='bbox 538 658 597 684; x_wconf 82' lang='grc' dir='ltr'>κατ’</span> <span class='ocrx_word' id='word_1_76' title='bbox 611 657 695 693; x_wconf 79' lang='grc' dir='ltr'>αὐτὴν</span> <span class='ocrx_word' id='word_1_77' title='bbox 709 657 842 692; x_wconf 83' lang='grc' dir='ltr'>γενέσεως</span> <span class='ocrx_word' id='word_1_78' title='bbox 865 657 912 684; x_wconf 79' lang='grc' dir='ltr'>καὶ</span> 
     </span>
    </p>
   </div>
   <div class='ocr_carea' id='block_1_13' title="bbox 123 703 912 738">
    <p class='ocr_par' dir='ltr' id='par_1_13' title="bbox 123 703 912 738">
     <span class='ocr_line' id='line_1_14' title="bbox 123 703 912 738; baseline 0.003 -10"><span class='ocrx_word' id='word_1_79' title='bbox 123 703 194 738; x_wconf 77' lang='grc' dir='ltr'>πρὸς</span> <span class='ocrx_word' id='word_1_80' title='bbox 218 703 249 729; x_wconf 80' lang='grc' dir='ltr'>τὸ</span> <span class='ocrx_word' id='word_1_81' title='bbox 281 703 361 738; x_wconf 82' lang='grc' dir='ltr'>σῶμα</span> <span class='ocrx_word' id='word_1_82' title='bbox 390 704 566 738; x_wconf 79' lang='grc' dir='ltr'><strong>συγκράσεως</strong></span> <span class='ocrx_word' id='word_1_83' title='bbox 591 703 742 738; x_wconf 79' lang='grc' dir='ltr'>διαλέγεται</span> <span class='ocrx_word' id='word_1_84' title='bbox 770 703 912 738; x_wconf 82' lang='grc' dir='ltr'>θεοφορού-</span> 
     </span>
    </p>
   </div>
   <div class='ocr_carea' id='block_1_14' title="bbox 125 749 910 785">
    <p class='ocr_par' dir='ltr' id='par_1_14' title="bbox 125 749 910 785">
     <span class='ocr_line' id='line_1_15' title="bbox 125 749 910 785; baseline 0.001 -11"><span class='ocrx_word' id='word_1_85' title='bbox 125 757 206 784; x_wconf 87' lang='grc' dir='ltr'>μενος</span> <span class='ocrx_word' id='word_1_86' title='bbox 217 770 224 780; x_wconf 86' lang='grc'><strong>,</strong></span> <span class='ocrx_word' id='word_1_87' title='bbox 242 749 273 775; x_wconf 77' lang='grc' dir='ltr'><strong>Εἰ</strong></span> <span class='ocrx_word' id='word_1_88' title='bbox 289 749 337 783; x_wconf 82' lang='grc' dir='ltr'>μὲν</span> <span class='ocrx_word' id='word_1_89' title='bbox 354 749 410 784; x_wconf 78' lang='grc' dir='ltr'>ἅμα</span> <span class='ocrx_word' id='word_1_90' title='bbox 422 769 428 781; x_wconf 86' lang='grc'><strong>,</strong></span> <span class='ocrx_word' id='word_1_91' title='bbox 451 749 537 783; x_wconf 78' lang='grc' dir='ltr'>λέγων</span> <span class='ocrx_word' id='word_1_92' title='bbox 548 770 556 781; x_wconf 85' lang='lat'><strong>,</strong></span> <span class='ocrx_word' id='word_1_93' title='bbox 578 749 617 784; x_wconf 84' lang='grc' dir='ltr'>τῷ</span> <span class='ocrx_word' id='word_1_94' title='bbox 634 749 739 785; x_wconf 85' lang='grc' dir='ltr'>σώματι</span> <span class='ocrx_word' id='word_1_95' title='bbox 765 750 812 776; x_wconf 72' lang='grc' dir='ltr'><strong>καὶ</strong></span> <span class='ocrx_word' id='word_1_96' title='bbox 826 749 910 784; x_wconf 78' lang='grc' dir='ltr'>αὐτὴ,</span> 
     </span>
    </p>
   </div>
   <div class='ocr_carea' id='block_1_15' title="bbox 122 790 912 831">
    <p class='ocr_par' dir='ltr' id='par_1_15' title="bbox 122 790 912 831">
     <span class='ocr_line' id='line_1_16' title="bbox 122 790 912 831; baseline 0.003 -11"><span class='ocrx_word' id='word_1_97' title='bbox 122 790 147 820; x_wconf 81' lang='grc' dir='ltr'><strong>ὦ</strong></span> <span class='ocrx_word' id='word_1_98' title='bbox 168 795 256 830; x_wconf 78' lang='grc' dir='ltr'>ψυχὴ,</span> <span class='ocrx_word' id='word_1_99' title='bbox 270 795 488 831; x_wconf 80' lang='grc' dir='ltr'>συσπειρομένη,</span> <span class='ocrx_word' id='word_1_100' title='bbox 503 797 536 831; x_wconf 82' lang='grc' dir='ltr'>τῇ</span> <span class='ocrx_word' id='word_1_101' title='bbox 556 795 669 830; x_wconf 78' lang='grc' dir='ltr'><strong>μητρῷα</strong></span> <span class='ocrx_word' id='word_1_102' title='bbox 685 796 784 830; x_wconf 75' lang='grc' dir='ltr'>γαστρὶ</span> <span class='ocrx_word' id='word_1_103' title='bbox 808 803 912 829; x_wconf 83' lang='grc' dir='ltr'>συγκα-</span> 
     </span>
    </p>
   </div>
   <div class='ocr_carea' id='block_1_16' title="bbox 123 840 912 877">
    <p class='ocr_par' dir='ltr' id='par_1_16' title="bbox 123 840 912 877">
     <span class='ocr_line' id='line_1_17' title="bbox 123 840 912 877; baseline 0.001 -11"><span class='ocrx_word' id='word_1_104' title='bbox 123 840 276 876; x_wconf 82' lang='grc' dir='ltr'>τεσλήθης,</span> <span class='ocrx_word' id='word_1_105' title='bbox 299 841 347 867; x_wconf 79' lang='grc' dir='ltr'>καὶ</span> <span class='ocrx_word' id='word_1_106' title='bbox 372 841 444 868; x_wconf 79' lang='grc' dir='ltr'>οὕτω</span> <span class='ocrx_word' id='word_1_107' title='bbox 473 841 612 877; x_wconf 78' lang='grc' dir='ltr'><strong>παρῆλθες</strong></span> <span class='ocrx_word' id='word_1_108' title='bbox 633 842 673 873; x_wconf 79' lang='grc' dir='ltr'><strong>είς</strong></span> <span class='ocrx_word' id='word_1_109' title='bbox 684 841 731 868; x_wconf 72' lang='grc' dir='ltr'><strong>τὸν</strong></span> <span class='ocrx_word' id='word_1_110' title='bbox 746 841 814 876; x_wconf 85' lang='grc' dir='ltr'>βίον,</span> <span class='ocrx_word' id='word_1_111' title='bbox 827 841 850 867; x_wconf 82' lang='grc' dir='ltr'>ὦ</span> <span class='ocrx_word' id='word_1_112' title='bbox 865 850 912 877; x_wconf 88' lang='grc' dir='ltr'><strong>μοι</strong></span> 
     </span>
    </p>
   </div>
   <div class='ocr_carea' id='block_1_17' title="bbox 122 878 912 924">
    <p class='ocr_par' dir='ltr' id='par_1_17' title="bbox 122 878 912 924">
     <span class='ocr_line' id='line_1_18' title="bbox 122 878 912 924; baseline 0.003 -11"><span class='ocrx_word' id='word_1_113' title='bbox 122 887 175 921; x_wconf 80' lang='grc' dir='ltr'>τῆς</span> <span class='ocrx_word' id='word_1_114' title='bbox 204 878 335 921; x_wconf 75' lang='grc' dir='ltr'>συζυγίας</span> <span class='ocrx_word' id='word_1_115' title='bbox 360 887 405 914; x_wconf 76' lang='grc' dir='ltr'><strong>διὰ</strong></span> <span class='ocrx_word' id='word_1_116' title='bbox 437 887 542 922; x_wconf 82' lang='grc' dir='ltr'><strong>μακροῦ</strong></span> <span class='ocrx_word' id='word_1_117' title='bbox 568 887 752 923; x_wconf 78' lang='grc' dir='ltr'>ἀπολομένηςί</span> <span class='ocrx_word' id='word_1_118' title='bbox 778 888 832 915; x_wconf 79' lang='grc' dir='ltr'><strong>Καὶ</strong></span> <span class='ocrx_word' id='word_1_119' title='bbox 859 887 912 924; x_wconf 86' lang='grc' dir='ltr'><strong>γὰρ</strong></span> 
     </span>
    </p>
   </div>
   <div class='ocr_carea' id='block_1_18' title="bbox 123 930 914 968">
    <p class='ocr_par' dir='ltr' id='par_1_18' title="bbox 123 930 914 968">
     <span class='ocr_line' id='line_1_19' title="bbox 123 930 914 968; baseline 0.001 -10"><span class='ocrx_word' id='word_1_120' title='bbox 123 931 208 958; x_wconf 79' lang='grc' dir='ltr'>εἰκὼν</span> <span class='ocrx_word' id='word_1_121' title='bbox 224 930 295 958; x_wconf 70' lang='grc' dir='ltr'>εἶναι</span> <span class='ocrx_word' id='word_1_122' title='bbox 317 931 384 958; x_wconf 82' lang='grc' dir='ltr'>Θεοῦ</span> <span class='ocrx_word' id='word_1_123' title='bbox 412 932 518 967; x_wconf 80' lang='grc' dir='ltr'>φρονῶν</span> <span class='ocrx_word' id='word_1_124' title='bbox 540 932 587 959; x_wconf 75' lang='grc' dir='ltr'>καὶ</span> <span class='ocrx_word' id='word_1_125' title='bbox 602 932 798 968; x_wconf 82' lang='grc' dir='ltr'>μεγαλαυχῶν,</span> <span class='ocrx_word' id='word_1_126' title='bbox 813 940 914 968; x_wconf 89' lang='grc' dir='ltr'>μαργο-</span> 
     </span>
    </p>
   </div>
   <div class='ocr_carea' id='block_1_19' title="bbox 124 976 913 1014">
    <p class='ocr_par' dir='ltr' id='par_1_19' title="bbox 124 976 913 1014">
     <span class='ocr_line' id='line_1_20' title="bbox 124 976 913 1014; baseline 0.003 -11"><span class='ocrx_word' id='word_1_127' title='bbox 124 976 209 1012; x_wconf 73' lang='grc' dir='ltr'>σύνης</span> <span class='ocrx_word' id='word_1_128' title='bbox 235 977 352 1013; x_wconf 73' lang='grc' dir='ltr'>αἰσχρᾶς</span> <span class='ocrx_word' id='word_1_129' title='bbox 373 978 419 1004; x_wconf 75' lang='grc' dir='ltr'><strong>καὶ</strong></span> <span class='ocrx_word' id='word_1_130' title='bbox 434 978 532 1014; x_wconf 78' lang='grc' dir='ltr'>ἀτίμου</span> <span class='ocrx_word' id='word_1_131' title='bbox 557 979 675 1013; x_wconf 83' lang='grc' dir='ltr'>ῥεύσεως</span> <span class='ocrx_word' id='word_1_132' title='bbox 698 978 913 1014; x_wconf 84' lang='grc' dir='ltr'>ἀποτετέλεσμαι</span> 
     </span>
    </p>
   </div>
   <div class='ocr_carea' id='block_1_20' title="bbox 123 1022 914 1061">
    <p class='ocr_par' dir='ltr' id='par_1_20' title="bbox 123 1022 914 1061">
     <span class='ocr_line' id='line_1_21' title="bbox 123 1022 914 1061; baseline 0.005 -13"><span class='ocrx_word' id='word_1_133' title='bbox 123 1022 193 1053; x_wconf 86' lang='grc' dir='ltr'>υἱός.</span> <span class='ocrx_word' id='word_1_134' title='bbox 209 1023 378 1058; x_wconf 77' lang='grc' dir='ltr'><strong>Αἰσχύνομαι</strong></span> <span class='ocrx_word' id='word_1_135' title='bbox 393 1024 424 1059; x_wconf 85' lang='grc' dir='ltr'>δὴ</span> <span class='ocrx_word' id='word_1_136' title='bbox 439 1022 485 1051; x_wconf 79' lang='grc' dir='ltr'><strong>οῦν</strong></span> <span class='ocrx_word' id='word_1_137' title='bbox 503 1024 608 1060; x_wconf 78' lang='grc' dir='ltr'>μητέρα</span> <span class='ocrx_word' id='word_1_138' title='bbox 627 1025 718 1060; x_wconf 81' lang='grc' dir='ltr'>τιμῆς,</span> <span class='ocrx_word' id='word_1_139' title='bbox 735 1025 806 1060; x_wconf 82' lang='grc' dir='ltr'>φημὶ</span> <span class='ocrx_word' id='word_1_140' title='bbox 820 1024 852 1061; x_wconf 80' lang='grc' dir='ltr'><strong>δὴ</strong></span> <span class='ocrx_word' id='word_1_141' title='bbox 864 1024 914 1060; x_wconf 80' lang='grc' dir='ltr'><strong>τῆς</strong></span> 
     </span>
    </p>
   </div>
   <div class='ocr_carea' id='block_1_21' title="bbox 122 1068 914 1106">
    <p class='ocr_par' dir='ltr' id='par_1_21' title="bbox 122 1068 914 1106">
     <span class='ocr_line' id='line_1_22' title="bbox 122 1068 914 1106; baseline 0.004 -11"><span class='ocrx_word' id='word_1_142' title='bbox 122 1068 228 1100; x_wconf 73' lang='grc' dir='ltr'>εἰκόνος</span> <span class='ocrx_word' id='word_1_143' title='bbox 238 1089 245 1100; x_wconf 84' lang='grc'><strong>,</strong></span> <span class='ocrx_word' id='word_1_144' title='bbox 263 1070 313 1105; x_wconf 81' lang='grc' dir='ltr'><strong>τὴν</strong></span> <span class='ocrx_word' id='word_1_145' title='bbox 329 1070 379 1104; x_wconf 82' lang='grc' dir='ltr'>τῆς</span> <span class='ocrx_word' id='word_1_146' title='bbox 396 1070 495 1105; x_wconf 84' lang='grc' dir='ltr'>σαρκός</span> <span class='ocrx_word' id='word_1_147' title='bbox 511 1070 659 1097; x_wconf 80' lang='grc' dir='ltr'>ἀκόλαστον</span> <span class='ocrx_word' id='word_1_148' title='bbox 672 1070 783 1106; x_wconf 82' lang='grc' dir='ltr'>λέγωνῆ</span> <span class='ocrx_word' id='word_1_149' title='bbox 794 1070 914 1098; x_wconf 78' lang='grc' dir='ltr'>ὑπονοῶν</span> 
     </span>
    </p>
   </div>
   <div class='ocr_carea' id='block_1_22' title="bbox 123 1115 915 1153">
    <p class='ocr_par' dir='ltr' id='par_1_22' title="bbox 123 1115 915 1153">
     <span class='ocr_line' id='line_1_23' title="bbox 123 1115 915 1153; baseline 0.004 -12"><span class='ocrx_word' id='word_1_150' title='bbox 123 1115 288 1150; x_wconf 75' lang='grc' dir='ltr'>ἐπιθυμίαν·</span> <span class='ocrx_word' id='word_1_151' title='bbox 306 1116 473 1152; x_wconf 74' lang='grc' dir='ltr'>εὐλαϐοῦμαι</span> <span class='ocrx_word' id='word_1_152' title='bbox 491 1117 538 1144; x_wconf 74' lang='grc' dir='ltr'>καὶ</span> <span class='ocrx_word' id='word_1_153' title='bbox 554 1117 626 1144; x_wconf 79' lang='grc' dir='ltr'>δέδια</span> <span class='ocrx_word' id='word_1_154' title='bbox 645 1117 750 1153; x_wconf 84' lang='grc' dir='ltr'>μητέρα</span> <span class='ocrx_word' id='word_1_155' title='bbox 763 1117 812 1152; x_wconf 80' lang='grc' dir='ltr'>τῆς</span> <span class='ocrx_word' id='word_1_156' title='bbox 825 1117 915 1152; x_wconf 80' lang='grc' dir='ltr'>ψυχῆς</span> 
     </span>
    </p>
   </div>
   <div class='ocr_carea' id='block_1_23' title="bbox 123 1161 914 1199">
    <p class='ocr_par' dir='ltr' id='par_1_23' title="bbox 123 1161 914 1199">
     <span class='ocr_line' id='line_1_24' title="bbox 123 1161 914 1199; baseline 0.004 -12"><span class='ocrx_word' id='word_1_157' title='bbox 123 1161 175 1196; x_wconf 77' lang='grc' dir='ltr'>τὴν</span> <span class='ocrx_word' id='word_1_158' title='bbox 189 1161 282 1196; x_wconf 79' lang='grc' dir='ltr'>ρεῦσιν</span> <span class='ocrx_word' id='word_1_159' title='bbox 297 1163 396 1194; x_wconf 73' lang='grc' dir='ltr'>εἰπεῖν,</span> <span class='ocrx_word' id='word_1_160' title='bbox 413 1163 455 1189; x_wconf 76' lang='grc' dir='ltr'>ὅτι</span> <span class='ocrx_word' id='word_1_161' title='bbox 477 1163 545 1198; x_wconf 80' lang='grc' dir='ltr'>αὑτὴ</span> <span class='ocrx_word' id='word_1_162' title='bbox 561 1163 610 1198; x_wconf 79' lang='grc' dir='ltr'>μὲν</span> <span class='ocrx_word' id='word_1_163' title='bbox 625 1163 757 1199; x_wconf 75' lang='grc' dir='ltr'>ἔφθαρται</span> <span class='ocrx_word' id='word_1_164' title='bbox 772 1163 812 1195; x_wconf 86' lang='grc' dir='ltr'><strong>είς</strong></span> <span class='ocrx_word' id='word_1_165' title='bbox 835 1163 914 1198; x_wconf 84' lang='grc' dir='ltr'>σῶμα</span> 
     </span>
    </p>
   </div>
   <div class='ocr_carea' id='block_1_24' title="bbox 124 1209 916 1246">
    <p class='ocr_par' dir='ltr' id='par_1_24' title="bbox 124 1209 916 1246">
     <span class='ocr_line' id='line_1_25' title="bbox 124 1209 916 1246; baseline 0.001 -12"><span class='ocrx_word' id='word_1_166' title='bbox 124 1210 245 1243; x_wconf 83' lang='grc' dir='ltr'>παγείσα</span> <span class='ocrx_word' id='word_1_167' title='bbox 259 1209 366 1245; x_wconf 80' lang='grc' dir='ltr'>βροτοῦ,</span> <span class='ocrx_word' id='word_1_168' title='bbox 379 1211 408 1242; x_wconf 78' lang='grc' dir='ltr'>ὃς</span> <span class='ocrx_word' id='word_1_169' title='bbox 422 1211 469 1237; x_wconf 87' lang='grc' dir='ltr'><strong>νῦν</strong></span> <span class='ocrx_word' id='word_1_170' title='bbox 484 1211 535 1246; x_wconf 79' lang='grc' dir='ltr'><strong>μὲν</strong></span> <span class='ocrx_word' id='word_1_171' title='bbox 548 1212 644 1246; x_wconf 79' lang='grc' dir='ltr'>ὁρᾶται</span> <span class='ocrx_word' id='word_1_172' title='bbox 659 1210 751 1246; x_wconf 75' lang='grc' dir='ltr'>βροτὸς</span> <span class='ocrx_word' id='word_1_173' title='bbox 762 1218 916 1244; x_wconf 83' lang='grc' dir='ltr'>γενεσιουρ-</span> 
     </span>
    </p>
   </div>
   <div class='ocr_carea' id='block_1_25' title="bbox 124 1253 915 1293">
    <p class='ocr_par' dir='ltr' id='par_1_25' title="bbox 124 1253 915 1293">
     <span class='ocr_line' id='line_1_26' title="bbox 124 1253 915 1293; baseline 0.001 -12"><span class='ocrx_word' id='word_1_174' title='bbox 124 1255 231 1290; x_wconf 76' lang='grc' dir='ltr'>γηθεὶς,</span> <span class='ocrx_word' id='word_1_175' title='bbox 248 1253 326 1288; x_wconf 79' lang='grc' dir='ltr'>αὖθις</span> <span class='ocrx_word' id='word_1_176' title='bbox 338 1256 366 1282; x_wconf 83' lang='grc' dir='ltr'>δὲ</span> <span class='ocrx_word' id='word_1_177' title='bbox 377 1256 436 1282; x_wconf 71' lang='grc' dir='ltr'>οὐδὲ</span> <span class='ocrx_word' id='word_1_178' title='bbox 450 1256 555 1293; x_wconf 78' lang='grc' dir='ltr'>βροτὸς,</span> <span class='ocrx_word' id='word_1_179' title='bbox 571 1256 638 1283; x_wconf 81' lang='grc' dir='ltr'><strong>ἀλλά</strong></span> <span class='ocrx_word' id='word_1_180' title='bbox 657 1257 730 1287; x_wconf 80' lang='grc' dir='ltr'>κόνις</span> <span class='ocrx_word' id='word_1_181' title='bbox 744 1256 872 1292; x_wconf 77' lang='grc' dir='ltr'><strong>ἐσόμενος</strong></span> <span class='ocrx_word' id='word_1_182' title='bbox 884 1255 915 1282; x_wconf 82' lang='grc' dir='ltr'>τὸ</span> 
     </span>
    </p>
   </div>
   <div class='ocr_carea' id='block_1_26' title="bbox 124 1301 915 1338">
    <p class='ocr_par' dir='ltr' id='par_1_26' title="bbox 124 1301 915 1338">
     <span class='ocr_line' id='line_1_27' title="bbox 124 1301 915 1338; baseline 0 -10"><span class='ocrx_word' id='word_1_183' title='bbox 124 1301 291 1328; x_wconf 83' lang='grc' dir='ltr'>τελευταῖον.</span> <span class='ocrx_word' id='word_1_184' title='bbox 309 1303 341 1329; x_wconf 85' lang='grc' dir='ltr'><strong>Εἰ</strong></span> <span class='ocrx_word' id='word_1_185' title='bbox 362 1301 423 1334; x_wconf 81' lang='grc' dir='ltr'>οὖν,</span> <span class='ocrx_word' id='word_1_186' title='bbox 447 1302 470 1328; x_wconf 85' lang='grc' dir='ltr'>ὦ</span> <span class='ocrx_word' id='word_1_187' title='bbox 485 1303 568 1338; x_wconf 74' lang='grc' dir='ltr'>ψυχὴ,</span> <span class='ocrx_word' id='word_1_188' title='bbox 582 1304 614 1338; x_wconf 85' lang='grc' dir='ltr'>τῇ</span> <span class='ocrx_word' id='word_1_189' title='bbox 630 1303 712 1338; x_wconf 75' lang='grc' dir='ltr'>σαρκὶ</span> <span class='ocrx_word' id='word_1_190' title='bbox 725 1301 915 1337; x_wconf 82' lang='grc' dir='ltr'>συγκατεσπά-</span> 
     </span>
    </p>
   </div>
   <div class='ocr_carea' id='block_1_27' title="bbox 127 1348 675 1384">
    <p class='ocr_par' dir='ltr' id='par_1_27' title="bbox 127 1348 675 1384">
     <span class='ocr_line' id='line_1_28' title="bbox 127 1348 675 1384; baseline 0.002 -9"><span class='ocrx_word' id='word_1_191' title='bbox 127 1356 193 1384; x_wconf 80' lang='grc' dir='ltr'>ρης.</span> <span class='ocrx_word' id='word_1_192' title='bbox 211 1349 247 1383; x_wconf 87' lang='grc' dir='ltr'>μή</span> <span class='ocrx_word' id='word_1_193' title='bbox 263 1357 328 1375; x_wconf 84' lang='grc' dir='ltr'>ποτε</span> <span class='ocrx_word' id='word_1_194' title='bbox 344 1349 390 1375; x_wconf 80' lang='grc' dir='ltr'>καὶ</span> <span class='ocrx_word' id='word_1_195' title='bbox 409 1348 675 1384; x_wconf 67' lang='grc' dir='ltr'>συγκαταφοαρῇις].</span> 
     </span>
    </p>
   </div>
   <div class='ocr_carea' id='block_1_28' title="bbox 161 1395 688 1430">
    <p class='ocr_par' dir='ltr' id='par_1_28' title="bbox 161 1395 688 1430">
     <span class='ocr_line' id='line_1_29' title="bbox 161 1395 688 1430; baseline 0 -9"><span class='ocrx_word' id='word_1_196' title='bbox 161 1396 197 1422; x_wconf 85' lang='lat' dir='ltr'><em>El</em></span> <span class='ocrx_word' id='word_1_197' title='bbox 210 1395 245 1421; x_wconf 72' lang='grc' dir='ltr'>δὲ</span> <span class='ocrx_word' id='word_1_198' title='bbox 260 1395 300 1421; x_wconf 85' lang='grc' dir='ltr'>σύ</span> <span class='ocrx_word' id='word_1_199' title='bbox 314 1396 340 1429; x_wconf 78' lang='grc' dir='ltr'>γ’</span> <span class='ocrx_word' id='word_1_200' title='bbox 354 1395 477 1430; x_wconf 77' lang='grc' dir='ltr'>οὐρανίη</span> <span class='ocrx_word' id='word_1_201' title='bbox 491 1403 550 1428; x_wconf 75' lang='grc' dir='ltr'>τις,</span> <span class='ocrx_word' id='word_1_202' title='bbox 562 1404 588 1421; x_wconf 86' lang='grc' dir='ltr'>κ.</span> <span class='ocrx_word' id='word_1_203' title='bbox 606 1404 629 1422; x_wconf 83' lang='grc' dir='ltr'>τ.</span> <span class='ocrx_word' id='word_1_204' title='bbox 649 1395 688 1428; x_wconf 81' lang='grc' dir='ltr'><strong>ἐξ.</strong></span> 
     </span>
    </p>
   </div>
   <div class='ocr_carea' id='block_1_29' title="bbox 162 1438 916 1477">
    <p class='ocr_par' dir='ltr' id='par_1_29' title="bbox 162 1438 916 1477">
     <span class='ocr_line' id='line_1_30' title="bbox 162 1438 916 1477; baseline 0.001 -11"><span class='ocrx_word' id='word_1_205' title='bbox 162 1440 258 1476; x_wconf 75' lang='grc' dir='ltr'>Εἴπερ,</span> <span class='ocrx_word' id='word_1_206' title='bbox 277 1441 359 1476; x_wconf 71' lang='grc' dir='ltr'>φησὶν</span> <span class='ocrx_word' id='word_1_207' title='bbox 369 1461 376 1472; x_wconf 83' lang='grc'><strong>,</strong></span> <span class='ocrx_word' id='word_1_208' title='bbox 388 1441 437 1476; x_wconf 69' lang='grc' dir='ltr'><strong>οὐχ</strong></span> <span class='ocrx_word' id='word_1_209' title='bbox 444 1441 607 1477; x_wconf 75' lang='grc' dir='ltr'>ὁμόσπορος,</span> <span class='ocrx_word' id='word_1_210' title='bbox 623 1438 645 1468; x_wconf 79' lang='grc' dir='ltr'>ὦ</span> <span class='ocrx_word' id='word_1_211' title='bbox 658 1441 741 1477; x_wconf 81' lang='grc' dir='ltr'>ψυχὴ,</span> <span class='ocrx_word' id='word_1_212' title='bbox 752 1441 866 1475; x_wconf 80' lang='grc' dir='ltr'>γέγονας</span> <span class='ocrx_word' id='word_1_213' title='bbox 877 1440 916 1476; x_wconf 78' lang='grc' dir='ltr'><strong>τῷ</strong></span> 
     </span>
    </p>
   </div>
   <div class='ocr_carea' id='block_1_30' title="bbox 126 1485 916 1522">
    <p class='ocr_par' dir='ltr' id='par_1_30' title="bbox 126 1485 916 1522">
     <span class='ocr_line' id='line_1_31' title="bbox 126 1485 916 1522; baseline 0.003 -10"><span class='ocrx_word' id='word_1_214' title='bbox 126 1486 251 1521; x_wconf 84' lang='grc' dir='ltr'>σώματι,</span> <span class='ocrx_word' id='word_1_215' title='bbox 268 1485 362 1522; x_wconf 79' lang='grc' dir='ltr'>ὥσπερ</span> <span class='ocrx_word' id='word_1_216' title='bbox 376 1486 429 1513; x_wconf 76' lang='grc' dir='ltr'>οὐδ’</span> <span class='ocrx_word' id='word_1_217' title='bbox 448 1487 572 1522; x_wconf 75' lang='grc' dir='ltr'>ὁμοφυὴς</span> <span class='ocrx_word' id='word_1_218' title='bbox 591 1487 665 1521; x_wconf 82' lang='grc' dir='ltr'>(πῶς</span> <span class='ocrx_word' id='word_1_219' title='bbox 679 1487 751 1522; x_wconf 80' lang='grc' dir='ltr'>γάρ;</span> <span class='ocrx_word' id='word_1_220' title='bbox 766 1487 807 1514; x_wconf 85' lang='grc' dir='ltr'>ὅτι</span> <span class='ocrx_word' id='word_1_221' title='bbox 822 1487 853 1513; x_wconf 77' lang='grc' dir='ltr'>τὸ</span> <span class='ocrx_word' id='word_1_222' title='bbox 868 1487 916 1522; x_wconf 84' lang='grc' dir='ltr'>μὲν</span> 
     </span>
    </p>
   </div>
   <div class='ocr_carea' id='block_1_31' title="bbox 126 1532 917 1569">
    <p class='ocr_par' dir='ltr' id='par_1_31' title="bbox 126 1532 917 1569">
     <span class='ocr_line' id='line_1_32' title="bbox 126 1532 917 1569; baseline 0.001 -11"><span class='ocrx_word' id='word_1_223' title='bbox 126 1532 192 1567; x_wconf 74' lang='grc' dir='ltr'>χοῦς</span> <span class='ocrx_word' id='word_1_224' title='bbox 210 1532 257 1558; x_wconf 76' lang='grc' dir='ltr'>καὶ</span> <span class='ocrx_word' id='word_1_225' title='bbox 280 1532 371 1567; x_wconf 75' lang='grc' dir='ltr'>ἐπάγη</span> <span class='ocrx_word' id='word_1_226' title='bbox 388 1533 419 1559; x_wconf 81' lang='grc' dir='ltr'>ὲκ</span> <span class='ocrx_word' id='word_1_227' title='bbox 437 1533 509 1567; x_wconf 81' lang='grc' dir='ltr'>χοὸς,</span> <span class='ocrx_word' id='word_1_228' title='bbox 523 1533 556 1560; x_wconf 84' lang='grc' dir='ltr'>σὺ</span> <span class='ocrx_word' id='word_1_229' title='bbox 571 1533 600 1559; x_wconf 82' lang='grc' dir='ltr'>δὲ</span> <span class='ocrx_word' id='word_1_230' title='bbox 615 1533 743 1569; x_wconf 75' lang='grc' dir='ltr'>οὐρανίας</span> <span class='ocrx_word' id='word_1_231' title='bbox 765 1532 917 1568; x_wconf 77' lang='grc' dir='ltr'>κομπάζεις</span> 
     </span>
    </p>
   </div>
   <div class='ocr_carea' id='block_1_32' title="bbox 127 1574 916 1613">
    <p class='ocr_par' dir='ltr' id='par_1_32' title="bbox 127 1574 916 1613">
     <span class='ocr_line' id='line_1_33' title="bbox 127 1574 916 1613; baseline 0 -11"><span class='ocrx_word' id='word_1_232' title='bbox 127 1576 236 1611; x_wconf 74' lang='grc' dir='ltr'>φύσεως</span> <span class='ocrx_word' id='word_1_233' title='bbox 252 1574 321 1604; x_wconf 76' lang='grc' dir='ltr'>εἷναι</span> <span class='ocrx_word' id='word_1_234' title='bbox 345 1578 392 1603; x_wconf 79' lang='grc' dir='ltr'>καὶ</span> <span class='ocrx_word' id='word_1_235' title='bbox 409 1577 548 1612; x_wconf 62' lang='grc' dir='ltr'>ἀᾳθάρτου</span> <span class='ocrx_word' id='word_1_236' title='bbox 559 1577 579 1612; x_wconf 83' lang='grc'>),</span> <span class='ocrx_word' id='word_1_237' title='bbox 598 1577 658 1604; x_wconf 83' lang='grc' dir='ltr'>ὄθεν</span> <span class='ocrx_word' id='word_1_238' title='bbox 674 1577 750 1611; x_wconf 62' lang='grc' dir='ltr'>ἔφυς,</span> <span class='ocrx_word' id='word_1_239' title='bbox 769 1578 916 1613; x_wconf 86' lang='grc' dir='ltr'>σαφήνισον</span> 
     </span>
    </p>
   </div>
   <div class='ocr_carea' id='block_1_33' title="bbox 127 1623 917 1659">
    <p class='ocr_par' dir='ltr' id='par_1_33' title="bbox 127 1623 917 1659">
     <span class='ocr_line' id='line_1_34' title="bbox 127 1623 917 1659; baseline 0.001 -11"><span class='ocrx_word' id='word_1_240' title='bbox 127 1624 194 1658; x_wconf 82' lang='grc' dir='ltr'><strong>ἡμῖν</strong></span> <span class='ocrx_word' id='word_1_241' title='bbox 206 1631 215 1638; x_wconf 89' lang='grc'><strong>·</strong></span> <span class='ocrx_word' id='word_1_242' title='bbox 230 1623 255 1649; x_wconf 81' lang='grc' dir='ltr'>εἰ</span> <span class='ocrx_word' id='word_1_243' title='bbox 273 1623 322 1658; x_wconf 79' lang='grc' dir='ltr'>μὲν</span> <span class='ocrx_word' id='word_1_244' title='bbox 337 1623 405 1650; x_wconf 85' lang='grc' dir='ltr'>Θεοῦ</span> <span class='ocrx_word' id='word_1_245' title='bbox 420 1624 497 1659; x_wconf 81' lang='grc' dir='ltr'>ἀημα</span> <span class='ocrx_word' id='word_1_246' title='bbox 511 1624 527 1659; x_wconf 86' lang='grc' dir='ltr'><strong>ῆ</strong></span> <span class='ocrx_word' id='word_1_247' title='bbox 544 1623 666 1658; x_wconf 82' lang='grc' dir='ltr'>πνεῦμα,</span> <span class='ocrx_word' id='word_1_248' title='bbox 688 1625 734 1650; x_wconf 69' lang='grc' dir='ltr'><strong>καὶ</strong></span> <span class='ocrx_word' id='word_1_249' title='bbox 749 1623 839 1658; x_wconf 82' lang='grc' dir='ltr'>λάχος,</span> <span class='ocrx_word' id='word_1_250' title='bbox 858 1624 917 1658; x_wconf 81' lang='grc' dir='ltr'>ἦτοι</span> 
     </span>
    </p>
   </div>
   <div class='ocr_carea' id='block_1_34' title="bbox 127 1667 918 1703">
    <p class='ocr_par' dir='ltr' id='par_1_34' title="bbox 127 1667 918 1703">
     <span class='ocr_line' id='line_1_35' title="bbox 127 1667 918 1703; baseline -0.001 -8"><span class='ocrx_word' id='word_1_251' title='bbox 127 1669 245 1703; x_wconf 79' lang='grc' dir='ltr'>κλῆρος,</span> <span class='ocrx_word' id='word_1_252' title='bbox 260 1668 297 1700; x_wconf 88' lang='grc' dir='ltr'>ὡς</span> <span class='ocrx_word' id='word_1_253' title='bbox 311 1668 377 1699; x_wconf 75' lang='grc' dir='ltr'>οἴει,</span> <span class='ocrx_word' id='word_1_254' title='bbox 394 1668 440 1695; x_wconf 80' lang='grc' dir='ltr'>καὶ</span> <span class='ocrx_word' id='word_1_255' title='bbox 458 1669 546 1703; x_wconf 73' lang='grc' dir='ltr'>μερὶς,</span> <span class='ocrx_word' id='word_1_256' title='bbox 560 1668 637 1703; x_wconf 72' lang='grc' dir='ltr'>ῥῖψον</span> <span class='ocrx_word' id='word_1_257' title='bbox 652 1667 816 1694; x_wconf 74' lang='grc' dir='ltr'>ἀτασθαλίαν</span> <span class='ocrx_word' id='word_1_258' title='bbox 828 1668 918 1694; x_wconf 78' lang='grc' dir='ltr'>πᾶσαν</span> 
     </span>
    </p>
   </div>
   <div class='ocr_carea' id='block_1_35' title="bbox 127 1715 918 1750">
    <p class='ocr_par' dir='ltr' id='par_1_35' title="bbox 127 1715 918 1750">
     <span class='ocr_line' id='line_1_36' title="bbox 127 1715 918 1750; baseline -0.001 -8"><span class='ocrx_word' id='word_1_259' title='bbox 127 1715 237 1746; x_wconf 81' lang='grc' dir='ltr'>ἀδικίας</span> <span class='ocrx_word' id='word_1_260' title='bbox 254 1724 284 1741; x_wconf 77' lang='grc' dir='ltr'><strong>τε</strong></span> <span class='ocrx_word' id='word_1_261' title='bbox 298 1715 344 1741; x_wconf 73' lang='grc' dir='ltr'><strong>καὶ</strong></span> <span class='ocrx_word' id='word_1_262' title='bbox 360 1715 506 1750; x_wconf 81' lang='grc' dir='ltr'>πονηρίαν,</span> <span class='ocrx_word' id='word_1_263' title='bbox 523 1715 570 1742; x_wconf 77' lang='grc' dir='ltr'>καὶ</span> <span class='ocrx_word' id='word_1_264' title='bbox 591 1715 775 1750; x_wconf 79' lang='grc' dir='ltr'>συνθήσομαι·</span> <span class='ocrx_word' id='word_1_265' title='bbox 799 1715 848 1742; x_wconf 76' lang='grc' dir='ltr'>καὶ</span> <span class='ocrx_word' id='word_1_266' title='bbox 864 1715 918 1750; x_wconf 83' lang='grc' dir='ltr'><strong>γὰρ</strong></span> 
     </span>
    </p>
   </div>
   <div class='ocr_carea' id='block_1_36' title="bbox 127 1760 917 1797">
    <p class='ocr_par' dir='ltr' id='par_1_36' title="bbox 127 1760 917 1797">
     <span class='ocr_line' id='line_1_37' title="bbox 127 1760 917 1797; baseline -0.003 -9"><span class='ocrx_word' id='word_1_267' title='bbox 127 1761 290 1793; x_wconf 67' lang='grc' dir='ltr'>οὖδὲέξεοτι</span> <span class='ocrx_word' id='word_1_268' title='bbox 303 1761 350 1787; x_wconf 82' lang='grc' dir='ltr'><strong>τοῦ</strong></span> <span class='ocrx_word' id='word_1_269' title='bbox 373 1761 475 1794; x_wconf 79' lang='grc' dir='ltr'>ἀγαθοῦ</span> <span class='ocrx_word' id='word_1_270' title='bbox 489 1761 536 1787; x_wconf 82' lang='grc' dir='ltr'><strong>καὶ</strong></span> <span class='ocrx_word' id='word_1_271' title='bbox 551 1760 673 1796; x_wconf 79' lang='grc' dir='ltr'>καθαροῦ</span> <span class='ocrx_word' id='word_1_272' title='bbox 693 1761 772 1796; x_wconf 76' lang='grc' dir='ltr'>φύσει</span> <span class='ocrx_word' id='word_1_273' title='bbox 790 1763 886 1797; x_wconf 89' lang='grc' dir='ltr'>μοῖραν</span> <span class='ocrx_word' id='word_1_274' title='bbox 900 1760 917 1796; x_wconf 86' lang='grc' dir='ltr'>ἢ</span> 
     </span>
    </p>
   </div>
   <div class='ocr_carea' id='block_1_37' title="bbox 127 1805 917 1842">
    <p class='ocr_par' dir='ltr' id='par_1_37' title="bbox 127 1805 917 1842">
     <span class='ocr_line' id='line_1_38' title="bbox 127 1805 917 1842; baseline 0.001 -10"><span class='ocrx_word' id='word_1_275' title='bbox 127 1806 278 1842; x_wconf 68' lang='grc' dir='ltr'>ἀπόρροιαν</span> <span class='ocrx_word' id='word_1_276' title='bbox 307 1807 498 1842; x_wconf 72' lang='grc' dir='ltr'>ὑπάρχουσαν,</span> <span class='ocrx_word' id='word_1_277' title='bbox 524 1806 611 1842; x_wconf 83' lang='grc' dir='ltr'>κακὴν</span> <span class='ocrx_word' id='word_1_278' title='bbox 638 1805 707 1833; x_wconf 73' lang='grc' dir='ltr'>εἶναι</span> <span class='ocrx_word' id='word_1_279' title='bbox 728 1807 744 1842; x_wconf 84' lang='grc' dir='ltr'>ἢ</span> <span class='ocrx_word' id='word_1_280' title='bbox 765 1806 850 1842; x_wconf 79' lang='grc' dir='ltr'>ῥύπου</span> <span class='ocrx_word' id='word_1_281' title='bbox 867 1806 917 1833; x_wconf 81' lang='grc' dir='ltr'><strong>κᾶν</strong></span> 
     </span>
    </p>
   </div>
   <div class='ocr_carea' id='block_1_38' title="bbox 127 1852 918 1888">
    <p class='ocr_par' dir='ltr' id='par_1_38' title="bbox 127 1852 918 1888">
     <span class='ocr_line' id='line_1_39' title="bbox 127 1852 918 1888; baseline 0.001 -10"><span class='ocrx_word' id='word_1_282' title='bbox 127 1852 255 1879; x_wconf 78' lang='grc' dir='ltr'>ὁπωσοῦν</span> <span class='ocrx_word' id='word_1_283' title='bbox 275 1853 304 1878; x_wconf 83' lang='grc' dir='ltr'><strong>ὲν</strong></span> <span class='ocrx_word' id='word_1_284' title='bbox 320 1852 426 1887; x_wconf 78' lang='grc' dir='ltr'><strong>μεθέξει</strong></span> <span class='ocrx_word' id='word_1_285' title='bbox 453 1853 633 1879; x_wconf 80' lang='grc' dir='ltr'>καθεστάναι·</span> <span class='ocrx_word' id='word_1_286' title='bbox 660 1853 719 1879; x_wconf 80' lang='grc' dir='ltr'>οὐδὲ</span> <span class='ocrx_word' id='word_1_287' title='bbox 745 1854 799 1888; x_wconf 86' lang='grc' dir='ltr'><strong>γὰρ</strong></span> <span class='ocrx_word' id='word_1_288' title='bbox 823 1853 918 1885; x_wconf 78' lang='grc' dir='ltr'>σκότος</span> 
     </span>
    </p>
   </div>
   <div class='ocr_carea' id='block_1_39' title="bbox 128 1898 918 1934">
    <p class='ocr_par' dir='ltr' id='par_1_39' title="bbox 128 1898 918 1934">
     <span class='ocr_line' id='line_1_40' title="bbox 128 1898 918 1934; baseline -0.001 -9"><span class='ocrx_word' id='word_1_289' title='bbox 128 1899 205 1934; x_wconf 74' lang='grc' dir='ltr'>ἡλίου</span> <span class='ocrx_word' id='word_1_290' title='bbox 231 1899 352 1933; x_wconf 81' lang='grc' dir='ltr'>πέφυκεν</span> <span class='ocrx_word' id='word_1_291' title='bbox 375 1899 532 1934; x_wconf 74' lang='grc' dir='ltr'>ἐνέργημα,</span> <span class='ocrx_word' id='word_1_292' title='bbox 547 1898 608 1925; x_wconf 78' lang='grc' dir='ltr'>οὒτε</span> <span class='ocrx_word' id='word_1_293' title='bbox 630 1899 748 1934; x_wconf 80' lang='grc' dir='ltr'>πονηροῦ</span> <span class='ocrx_word' id='word_1_294' title='bbox 763 1899 810 1926; x_wconf 79' lang='grc' dir='ltr'>καὶ</span> <span class='ocrx_word' id='word_1_295' title='bbox 830 1898 918 1933; x_wconf 79' lang='grc' dir='ltr'><strong>ζοφώ-</strong></span> 
     </span>
    </p>
   </div>
   <div class='ocr_carea' id='block_1_40' title="bbox 127 1944 919 1980">
    <p class='ocr_par' dir='ltr' id='par_1_40' title="bbox 127 1944 919 1980">
     <span class='ocr_line' id='line_1_41' title="bbox 127 1944 919 1980; baseline 0.001 -10"><span class='ocrx_word' id='word_1_296' title='bbox 127 1944 190 1976; x_wconf 87' lang='grc' dir='ltr'>δους</span> <span class='ocrx_word' id='word_1_297' title='bbox 211 1944 365 1979; x_wconf 84' lang='grc' dir='ltr'>πνεύματος</span> <span class='ocrx_word' id='word_1_298' title='bbox 387 1944 530 1978; x_wconf 84' lang='grc' dir='ltr'>φώταυγον</span> <span class='ocrx_word' id='word_1_299' title='bbox 546 1944 601 1979; x_wconf 72' lang='grc'><strong>(4⁵1)</strong></span> <span class='ocrx_word' id='word_1_300' title='bbox 618 1944 725 1980; x_wconf 78' lang='grc' dir='ltr'>πνεῦμα</span> <span class='ocrx_word' id='word_1_301' title='bbox 745 1944 761 1980; x_wconf 79' lang='grc' dir='ltr'>ἢ</span> <span class='ocrx_word' id='word_1_302' title='bbox 784 1944 919 1979; x_wconf 85' lang='grc' dir='ltr'>ἀγαθουρ-</span> 
     </span>
    </p>
   </div>
   <div class='ocr_carea' id='block_1_41' title="bbox 128 1989 917 2026">
    <p class='ocr_par' dir='ltr' id='par_1_41' title="bbox 128 1989 917 2026">
     <span class='ocr_line' id='line_1_42' title="bbox 128 1989 917 2026; baseline 0.004 -11"><span class='ocrx_word' id='word_1_303' title='bbox 128 1990 177 2022; x_wconf 72' lang='grc' dir='ltr'><strong>γὸν</strong></span> <span class='ocrx_word' id='word_1_304' title='bbox 192 1989 291 2024; x_wconf 75' lang='grc' dir='ltr'>ἐξέφυο</span> <span class='ocrx_word' id='word_1_305' title='bbox 315 1989 345 2016; x_wconf 80' lang='grc' dir='ltr'>τὸ</span> <span class='ocrx_word' id='word_1_306' title='bbox 359 1990 451 2024; x_wconf 84' lang='grc' dir='ltr'>ὅμοιον</span> <span class='ocrx_word' id='word_1_307' title='bbox 467 1990 521 2025; x_wconf 77' lang='grc' dir='ltr'><strong>γὰρ</strong></span> <span class='ocrx_word' id='word_1_308' title='bbox 537 1989 608 2016; x_wconf 84' lang='grc' dir='ltr'>κατὰ</span> <span class='ocrx_word' id='word_1_309' title='bbox 623 1989 703 2023; x_wconf 82' lang='grc' dir='ltr'>φύσιν</span> <span class='ocrx_word' id='word_1_310' title='bbox 717 1990 809 2025; x_wconf 81' lang='grc' dir='ltr'>ὅμοιον</span> <span class='ocrx_word' id='word_1_311' title='bbox 824 1991 917 2026; x_wconf 84' lang='grc' dir='ltr'>γεννᾷ.</span> 
     </span>
    </p>
   </div>
   <div class='ocr_carea' id='block_1_42' title="bbox 129 2032 918 2072">
    <p class='ocr_par' dir='ltr' id='par_1_42' title="bbox 129 2032 918 2072">
     <span class='ocr_line' id='line_1_43' title="bbox 129 2032 918 2072; baseline 0.003 -11"><span class='ocrx_word' id='word_1_312' title='bbox 129 2035 193 2066; x_wconf 79' lang='grc' dir='ltr'>Πῶς</span> <span class='ocrx_word' id='word_1_313' title='bbox 207 2033 253 2062; x_wconf 79' lang='grc' dir='ltr'>οὖν</span> <span class='ocrx_word' id='word_1_314' title='bbox 268 2035 300 2061; x_wconf 76' lang='grc' dir='ltr'>σὺ</span> <span class='ocrx_word' id='word_1_315' title='bbox 310 2055 317 2065; x_wconf 90' lang='grc'><strong>,</strong></span> <span class='ocrx_word' id='word_1_316' title='bbox 331 2032 353 2062; x_wconf 85' lang='grc' dir='ltr'><strong>ὦ</strong></span> <span class='ocrx_word' id='word_1_317' title='bbox 368 2035 453 2071; x_wconf 69' lang='grc' dir='ltr'>ψυχὴ,</span> <span class='ocrx_word' id='word_1_318' title='bbox 469 2037 528 2066; x_wconf 82' lang='grc' dir='ltr'>ταῖς</span> <span class='ocrx_word' id='word_1_319' title='bbox 543 2035 591 2062; x_wconf 81' lang='grc' dir='ltr'><strong>τοῦ</strong></span> <span class='ocrx_word' id='word_1_320' title='bbox 607 2036 729 2072; x_wconf 80' lang='grc' dir='ltr'>Πονηροῦ</span> <span class='ocrx_word' id='word_1_321' title='bbox 745 2037 843 2068; x_wconf 85' lang='grc' dir='ltr'>κακαῖς</span> <span class='ocrx_word' id='word_1_322' title='bbox 858 2037 918 2063; x_wconf 81' lang='grc' dir='ltr'>ἐπι-</span> 
     </span>
    </p>
   </div>
   <div class='ocr_carea' id='block_1_43' title="bbox 130 2078 918 2114">
    <p class='ocr_par' dir='ltr' id='par_1_43' title="bbox 130 2078 918 2114">
     <span class='ocr_line' id='line_1_44' title="bbox 130 2078 918 2114; baseline 0.001 -9"><span class='ocrx_word' id='word_1_323' title='bbox 130 2078 224 2105; x_wconf 78' lang='grc' dir='ltr'>θέσεσι</span> <span class='ocrx_word' id='word_1_324' title='bbox 244 2079 371 2106; x_wconf 80' lang='grc' dir='ltr'>τοσοῦτον</span> <span class='ocrx_word' id='word_1_325' title='bbox 397 2079 445 2105; x_wconf 79' lang='grc' dir='ltr'><strong>τοῦ</strong></span> <span class='ocrx_word' id='word_1_326' title='bbox 467 2079 549 2114; x_wconf 84' lang='grc' dir='ltr'>ὀρθοῦ</span> <span class='ocrx_word' id='word_1_327' title='bbox 566 2079 645 2113; x_wconf 88' lang='grc' dir='ltr'>λόγου</span> <span class='ocrx_word' id='word_1_328' title='bbox 671 2079 719 2105; x_wconf 80' lang='grc' dir='ltr'><strong>καὶ</strong></span> <span class='ocrx_word' id='word_1_329' title='bbox 742 2079 790 2106; x_wconf 79' lang='grc' dir='ltr'><strong>τοῦ</strong></span> <span class='ocrx_word' id='word_1_330' title='bbox 815 2079 918 2113; x_wconf 84' lang='grc' dir='ltr'>ἀγαθοῦ</span> 
     </span>
    </p>
   </div>
   <div class='ocr_carea' id='block_1_44' title="bbox 130 2123 918 2160">
    <p class='ocr_par' dir='ltr' id='par_1_44' title="bbox 130 2123 918 2160">
     <span class='ocr_line' id='line_1_45' title="bbox 130 2123 918 2160; baseline 0.001 -10"><span class='ocrx_word' id='word_1_331' title='bbox 130 2124 296 2160; x_wconf 76' lang='grc' dir='ltr'>παρατρέπῃ</span> <span class='ocrx_word' id='word_1_332' title='bbox 310 2124 357 2151; x_wconf 72' lang='grc' dir='ltr'>καὶ</span> <span class='ocrx_word' id='word_1_333' title='bbox 378 2123 564 2160; x_wconf 84' lang='grc' dir='ltr'>παρεξελαύνῃ</span> <span class='ocrx_word' id='word_1_334' title='bbox 576 2144 583 2155; x_wconf 83' lang='lat'><strong>,</strong></span> <span class='ocrx_word' id='word_1_335' title='bbox 608 2125 720 2160; x_wconf 82' lang='grc' dir='ltr'>καίπερ,</span> <span class='ocrx_word' id='word_1_336' title='bbox 738 2124 776 2156; x_wconf 85' lang='grc' dir='ltr'><strong>ὡς</strong></span> <span class='ocrx_word' id='word_1_337' title='bbox 795 2125 858 2160; x_wconf 80' lang='grc' dir='ltr'>φῂς,</span> <span class='ocrx_word' id='word_1_338' title='bbox 871 2125 918 2151; x_wconf 84' lang='grc' dir='ltr'><strong>οὺ-</strong></span> 
     </span>
    </p>
   </div>
   <div class='ocr_carea' id='block_1_45' title="bbox 131 2167 918 2204">
    <p class='ocr_par' dir='ltr' id='par_1_45' title="bbox 131 2167 918 2204">
     <span class='ocr_line' id='line_1_46' title="bbox 131 2167 918 2204; baseline -0.003 -8"><span class='ocrx_word' id='word_1_339' title='bbox 131 2170 217 2204; x_wconf 84' lang='grc' dir='ltr'>ρανίῳ</span> <span class='ocrx_word' id='word_1_340' title='bbox 231 2169 278 2195; x_wconf 77' lang='grc' dir='ltr'>καὶ</span> <span class='ocrx_word' id='word_1_341' title='bbox 294 2168 389 2203; x_wconf 82' lang='grc' dir='ltr'>ἀγαθῷ</span> <span class='ocrx_word' id='word_1_342' title='bbox 403 2168 537 2203; x_wconf 77' lang='grc' dir='ltr'>πνεύματι</span> <span class='ocrx_word' id='word_1_343' title='bbox 557 2168 766 2203; x_wconf 80' lang='grc' dir='ltr'>συγκεκραμένη</span> <span class='ocrx_word' id='word_1_344' title='bbox 777 2176 784 2200; x_wconf 86' lang='grc'><strong>;</strong></span> <span class='ocrx_word' id='word_1_345' title='bbox 797 2168 852 2194; x_wconf 80' lang='grc' dir='ltr'><strong>Καὶ</strong></span> <span class='ocrx_word' id='word_1_346' title='bbox 864 2167 918 2204; x_wconf 74' lang='grc' dir='ltr'><strong>γὰρ</strong></span> 
     </span>
    </p>
   </div>
   <div class='ocr_carea' id='block_1_46' title="bbox 129 2213 919 2250">
    <p class='ocr_par' dir='ltr' id='par_1_46' title="bbox 129 2213 919 2250">
     <span class='ocr_line' id='line_1_47' title="bbox 129 2213 919 2250; baseline -0.003 -8"><span class='ocrx_word' id='word_1_347' title='bbox 129 2216 155 2242; x_wconf 81' lang='grc' dir='ltr'><strong>εί</strong></span> <span class='ocrx_word' id='word_1_348' title='bbox 171 2215 268 2250; x_wconf 79' lang='grc' dir='ltr'>βοηθὸν</span> <span class='ocrx_word' id='word_1_349' title='bbox 282 2214 380 2249; x_wconf 69' lang='grc' dir='ltr'>ἔχουσα</span> <span class='ocrx_word' id='word_1_350' title='bbox 394 2214 525 2246; x_wconf 81' lang='grc' dir='ltr'>τοιοῦτον,</span> <span class='ocrx_word' id='word_1_351' title='bbox 537 2214 584 2240; x_wconf 74' lang='grc' dir='ltr'><strong>ἐπὶ</strong></span> <span class='ocrx_word' id='word_1_352' title='bbox 595 2214 722 2241; x_wconf 85' lang='grc' dir='ltr'>τοσοῦτον</span> <span class='ocrx_word' id='word_1_353' title='bbox 737 2213 838 2250; x_wconf 87' lang='grc' dir='ltr'>βρίθεις</span> <span class='ocrx_word' id='word_1_354' title='bbox 850 2214 919 2250; x_wconf 84' lang='grc' dir='ltr'>πρὸς</span> 
     </span>
    </p>
   </div>
   <div class='ocr_carea' id='block_1_47' title="bbox 129 2260 919 2297">
    <p class='ocr_par' dir='ltr' id='par_1_47' title="bbox 129 2260 919 2297">
     <span class='ocr_line' id='line_1_48' title="bbox 129 2260 919 2297; baseline 0 -11"><span class='ocrx_word' id='word_1_355' title='bbox 129 2261 180 2297; x_wconf 74' lang='grc' dir='ltr'><strong>τὴν</strong></span> <span class='ocrx_word' id='word_1_356' title='bbox 193 2261 245 2295; x_wconf 84' lang='grc' dir='ltr'><strong>γῆν</strong></span> <span class='ocrx_word' id='word_1_357' title='bbox 259 2261 306 2288; x_wconf 70' lang='grc' dir='ltr'>καὶ</span> <span class='ocrx_word' id='word_1_358' title='bbox 321 2260 407 2292; x_wconf 74' lang='grc' dir='ltr'>οὕτως</span> <span class='ocrx_word' id='word_1_359' title='bbox 417 2261 464 2287; x_wconf 74' lang='grc' dir='ltr'><strong>ἐπὶ</strong></span> <span class='ocrx_word' id='word_1_360' title='bbox 476 2260 505 2287; x_wconf 83' lang='grc' dir='ltr'><strong>τὺ</strong></span> <span class='ocrx_word' id='word_1_361' title='bbox 518 2262 608 2296; x_wconf 83' lang='grc' dir='ltr'>χεῖρον</span> <span class='ocrx_word' id='word_1_362' title='bbox 620 2261 813 2297; x_wconf 78' lang='grc' dir='ltr'>καταῤῥέπεις,</span> <span class='ocrx_word' id='word_1_363' title='bbox 829 2261 870 2292; x_wconf 66' lang='grc' dir='ltr'><strong>Ιτίς</strong></span> <span class='ocrx_word' id='word_1_364' title='bbox 885 2261 919 2287; x_wconf 82' lang='grc' dir='ltr'><strong>ἂν</strong></span> 
     </span>
    </p>
   </div>
   <div class='ocr_carea' id='block_1_48' title="bbox 130 2305 919 2343">
    <p class='ocr_par' dir='ltr' id='par_1_48' title="bbox 130 2305 919 2343">
     <span class='ocr_line' id='line_1_49' title="bbox 130 2305 919 2343; baseline -0.003 -9"><span class='ocrx_word' id='word_1_365' title='bbox 130 2307 191 2343; x_wconf 82' lang='grc' dir='ltr'>εἴης</span> <span class='ocrx_word' id='word_1_366' title='bbox 216 2307 385 2342; x_wconf 77' lang='grc' dir='ltr'>ἑστερημένη</span> <span class='ocrx_word' id='word_1_367' title='bbox 409 2307 553 2342; x_wconf 81' lang='grc' dir='ltr'>βοηθείας;</span> <span class='ocrx_word' id='word_1_368' title='bbox 575 2306 609 2333; x_wconf 74' lang='lat' dir='ltr'><strong>Ai</strong></span> <span class='ocrx_word' id='word_1_369' title='bbox 633 2306 661 2333; x_wconf 87' lang='grc' dir='ltr'>αἳ</span> <span class='ocrx_word' id='word_1_370' title='bbox 676 2306 726 2341; x_wconf 82' lang='grc' dir='ltr'>τῆς</span> <span class='ocrx_word' id='word_1_371' title='bbox 745 2305 919 2342; x_wconf 88' lang='grc' dir='ltr'>πανωλέθρου</span> 
     </span>
    </p>
   </div>
   <div class='ocr_carea' id='block_1_49' title="bbox 130 2353 812 2390">
    <p class='ocr_par' dir='ltr' id='par_1_49' title="bbox 130 2353 812 2390">
     <span class='ocr_line' id='line_1_50' title="bbox 130 2353 812 2390; baseline -0.003 -8"><span class='ocrx_word' id='word_1_372' title='bbox 130 2355 230 2385; x_wconf 80' lang='grc' dir='ltr'>κακίας</span> <span class='ocrx_word' id='word_1_373' title='bbox 247 2353 371 2389; x_wconf 85' lang='grc' dir='ltr'>ἀμικτῶς</span> <span class='ocrx_word' id='word_1_374' title='bbox 386 2354 455 2390; x_wconf 81' lang='grc' dir='ltr'>πρὸς</span> <span class='ocrx_word' id='word_1_375' title='bbox 467 2355 498 2381; x_wconf 79' lang='grc' dir='ltr'>τὸ</span> <span class='ocrx_word' id='word_1_376' title='bbox 508 2354 610 2388; x_wconf 76' lang='grc' dir='ltr'>ἀγαθὸν</span> <span class='ocrx_word' id='word_1_377' title='bbox 622 2353 812 2390; x_wconf 80' lang='grc' dir='ltr'>διακειμένηςι</span> 
     </span>
    </p>
   </div>
   <div class='ocr_carea' id='block_1_50' title="bbox 167 2399 673 2434">
    <p class='ocr_par' dir='ltr' id='par_1_50' title="bbox 167 2399 673 2434">
     <span class='ocr_line' id='line_1_51' title="bbox 167 2399 673 2434; baseline 0.002 -8"><span class='ocrx_word' id='word_1_378' title='bbox 167 2400 239 2427; x_wconf 76' lang='grc' dir='ltr'>Είδ“</span> <span class='ocrx_word' id='word_1_379' title='bbox 255 2400 290 2427; x_wconf 83' lang='grc' dir='ltr'>οὐ</span> <span class='ocrx_word' id='word_1_380' title='bbox 301 2408 351 2434; x_wconf 84' lang='grc' dir='ltr'><strong>μοι</strong></span> <span class='ocrx_word' id='word_1_381' title='bbox 367 2401 470 2427; x_wconf 79' lang='grc' dir='ltr'>θεόθεν</span> <span class='ocrx_word' id='word_1_382' title='bbox 479 2400 531 2432; x_wconf 84' lang='grc' dir='ltr'><strong>σὺ,</strong></span> <span class='ocrx_word' id='word_1_383' title='bbox 546 2407 572 2428; x_wconf 84' lang='grc' dir='ltr'>κ.</span> <span class='ocrx_word' id='word_1_384' title='bbox 590 2408 616 2426; x_wconf 89' lang='grc' dir='ltr'>τ.</span> <span class='ocrx_word' id='word_1_385' title='bbox 633 2399 673 2432; x_wconf 76' lang='grc' dir='ltr'><strong>ἐξ.</strong></span> 
     </span>
    </p>
   </div>
   <div class='ocr_carea' id='block_1_51' title="bbox 166 2444 919 2481">
    <p class='ocr_par' dir='ltr' id='par_1_51' title="bbox 166 2444 919 2481">
     <span class='ocr_line' id='line_1_52' title="bbox 166 2444 919 2481; baseline -0.001 -9"><span class='ocrx_word' id='word_1_386' title='bbox 166 2446 198 2472; x_wconf 88' lang='grc' dir='ltr'><strong>Εἰ</strong></span> <span class='ocrx_word' id='word_1_387' title='bbox 219 2445 256 2480; x_wconf 82' lang='grc' dir='ltr'>μὴ</span> <span class='ocrx_word' id='word_1_388' title='bbox 276 2445 388 2481; x_wconf 76' lang='grc' dir='ltr'>οὐρανία</span> <span class='ocrx_word' id='word_1_389' title='bbox 406 2446 453 2472; x_wconf 76' lang='grc' dir='ltr'>καὶ</span> <span class='ocrx_word' id='word_1_390' title='bbox 480 2446 511 2472; x_wconf 84' lang='grc' dir='ltr'>ὲκ</span> <span class='ocrx_word' id='word_1_391' title='bbox 526 2445 573 2472; x_wconf 79' lang='grc' dir='ltr'><strong>τοῦ</strong></span> <span class='ocrx_word' id='word_1_392' title='bbox 598 2445 795 2481; x_wconf 84' lang='grc' dir='ltr'>ὑπερουρανίου</span> <span class='ocrx_word' id='word_1_393' title='bbox 819 2444 919 2480; x_wconf 81' lang='grc' dir='ltr'>Θεοῦὴ</span> 
     </span>
    </p>
   </div>
   <div class='ocr_carea' id='block_1_52' title="bbox 132 2489 920 2528">
    <p class='ocr_par' dir='ltr' id='par_1_52' title="bbox 132 2489 920 2528">
     <span class='ocr_line' id='line_1_53' title="bbox 132 2489 920 2528; baseline 0 -10"><span class='ocrx_word' id='word_1_394' title='bbox 132 2491 168 2528; x_wconf 83' lang='grc' dir='ltr'>σὴ</span> <span class='ocrx_word' id='word_1_395' title='bbox 183 2491 264 2526; x_wconf 78' lang='grc' dir='ltr'>φύσις</span> <span class='ocrx_word' id='word_1_396' title='bbox 276 2493 322 2519; x_wconf 84' lang='grc' dir='ltr'>καὶ</span> <span class='ocrx_word' id='word_1_397' title='bbox 333 2492 471 2525; x_wconf 81' lang='grc' dir='ltr'>οὗσίωσις,</span> <span class='ocrx_word' id='word_1_398' title='bbox 485 2489 508 2519; x_wconf 81' lang='grc' dir='ltr'>ὦ</span> <span class='ocrx_word' id='word_1_399' title='bbox 518 2491 602 2528; x_wconf 79' lang='grc' dir='ltr'>ψυχὴ,</span> <span class='ocrx_word' id='word_1_400' title='bbox 618 2492 704 2524; x_wconf 85' lang='grc' dir='ltr'>πέλει,</span> <span class='ocrx_word' id='word_1_401' title='bbox 719 2491 776 2524; x_wconf 86' lang='grc' dir='ltr'>δέος</span> <span class='ocrx_word' id='word_1_402' title='bbox 796 2500 840 2528; x_wconf 84' lang='grc' dir='ltr'><strong>μοι</strong></span> <span class='ocrx_word' id='word_1_403' title='bbox 856 2491 920 2526; x_wconf 77' lang='grc' dir='ltr'>σφό-</span> 
     </span>
    </p>
   </div>
   <div class='ocr_carea' id='block_1_53' title="bbox 131 2537 920 2573">
    <p class='ocr_par' dir='ltr' id='par_1_53' title="bbox 131 2537 920 2573">
     <span class='ocr_line' id='line_1_54' title="bbox 131 2537 920 2573; baseline -0.001 -9"><span class='ocrx_word' id='word_1_404' title='bbox 131 2538 184 2572; x_wconf 87' lang='grc' dir='ltr'><strong>δρα</strong></span> <span class='ocrx_word' id='word_1_405' title='bbox 198 2537 279 2572; x_wconf 82' lang='grc' dir='ltr'>μέγα,</span> <span class='ocrx_word' id='word_1_406' title='bbox 290 2537 337 2564; x_wconf 66' lang='grc' dir='ltr'>καὶ</span> <span class='ocrx_word' id='word_1_407' title='bbox 348 2538 452 2571; x_wconf 82' lang='grc' dir='ltr'>ἀγωνία</span> <span class='ocrx_word' id='word_1_408' title='bbox 461 2558 468 2569; x_wconf 88' lang='grc'><strong>,</strong></span> <span class='ocrx_word' id='word_1_409' title='bbox 481 2538 527 2564; x_wconf 83' lang='grc' dir='ltr'>καὶ</span> <span class='ocrx_word' id='word_1_410' title='bbox 541 2537 622 2572; x_wconf 79' lang='grc' dir='ltr'>φόϐος</span> <span class='ocrx_word' id='word_1_411' title='bbox 630 2537 783 2573; x_wconf 82' lang='grc' dir='ltr'>ὑποτρέχει,</span> <span class='ocrx_word' id='word_1_412' title='bbox 805 2538 841 2573; x_wconf 86' lang='grc' dir='ltr'>μή</span> <span class='ocrx_word' id='word_1_413' title='bbox 854 2545 920 2564; x_wconf 82' lang='grc' dir='ltr'>ποτε</span> 
     </span>
    </p>
   </div>
   <div class='ocr_carea' id='block_1_54' title="bbox 132 2583 920 2619">
    <p class='ocr_par' dir='ltr' id='par_1_54' title="bbox 132 2583 920 2619">
     <span class='ocr_line' id='line_1_55' title="bbox 132 2583 920 2619; baseline 0 -9"><span class='ocrx_word' id='word_1_414' title='bbox 132 2583 204 2618; x_wconf 81' lang='grc' dir='ltr'>κενῷ</span> <span class='ocrx_word' id='word_1_415' title='bbox 212 2583 328 2619; x_wconf 76' lang='grc' dir='ltr'>δοξαρίῳ</span> <span class='ocrx_word' id='word_1_416' title='bbox 342 2583 500 2619; x_wconf 77' lang='grc' dir='ltr'>φυσιοῦμαι,</span> <span class='ocrx_word' id='word_1_417' title='bbox 512 2583 558 2610; x_wconf 76' lang='grc' dir='ltr'>καὶ</span> <span class='ocrx_word' id='word_1_418' title='bbox 568 2583 739 2619; x_wconf 80' lang='grc' dir='ltr'>γαυριάματι</span> <span class='ocrx_word' id='word_1_419' title='bbox 755 2583 920 2619; x_wconf 77' lang='grc' dir='ltr'>μετεωρίζο-</span> 
     </span>
    </p>
   </div>
   <div class='ocr_carea' id='block_1_55' title="bbox 132 2627 919 2664">
    <p class='ocr_par' dir='ltr' id='par_1_55' title="bbox 132 2627 919 2664">
     <span class='ocr_line' id='line_1_56' title="bbox 132 2627 919 2664; baseline 0.001 -11"><span class='ocrx_word' id='word_1_420' title='bbox 132 2637 194 2663; x_wconf 83' lang='grc' dir='ltr'>μαι,</span> <span class='ocrx_word' id='word_1_421' title='bbox 206 2629 266 2664; x_wconf 87' lang='grc' dir='ltr'><strong>εἱκῆ</strong></span> <span class='ocrx_word' id='word_1_422' title='bbox 280 2628 391 2662; x_wconf 77' lang='grc' dir='ltr'>πλάσμα</span> <span class='ocrx_word' id='word_1_423' title='bbox 404 2629 451 2655; x_wconf 76' lang='grc' dir='ltr'>καὶ</span> <span class='ocrx_word' id='word_1_424' title='bbox 464 2627 546 2655; x_wconf 83' lang='grc' dir='ltr'>εἰκὼν</span> <span class='ocrx_word' id='word_1_425' title='bbox 560 2628 628 2655; x_wconf 86' lang='grc' dir='ltr'>Θεοῦ</span> <span class='ocrx_word' id='word_1_426' title='bbox 643 2627 712 2654; x_wconf 70' lang='grc' dir='ltr'>εἶναι</span> <span class='ocrx_word' id='word_1_427' title='bbox 729 2627 919 2663; x_wconf 85' lang='grc' dir='ltr'>μεγαλαυχῶν.</span> 
     </span>
    </p>
   </div>
   <div class='ocr_carea' id='block_1_56' title="bbox 131 2684 832 2721">
    <p class='ocr_par' dir='ltr' id='par_1_56' title="bbox 131 2684 832 2721">
     <span class='ocr_line' id='line_1_57' title="bbox 131 2684 832 2721; baseline 0.003 -9"><span class='ocrx_word' id='word_1_428' title='bbox 131 2684 165 2712; x_wconf 85' lang='grc'><strong>87</strong></span> <span class='ocrx_word' id='word_1_429' title='bbox 186 2685 316 2720; x_wconf 74' lang='grc' dir='ltr'><em>Πλάσμα</em></span> <span class='ocrx_word' id='word_1_430' title='bbox 328 2686 402 2713; x_wconf 85' lang='grc' dir='ltr'>Θεοῦ</span> <span class='ocrx_word' id='word_1_431' title='bbox 417 2685 610 2721; x_wconf 81' lang='grc' dir='ltr'>παράδεισος,</span> <span class='ocrx_word' id='word_1_432' title='bbox 626 2686 720 2721; x_wconf 81' lang='grc' dir='ltr'>Ὲδὲμ,</span> <span class='ocrx_word' id='word_1_433' title='bbox 737 2695 762 2713; x_wconf 87' lang='grc' dir='ltr'>κ.</span> <span class='ocrx_word' id='word_1_434' title='bbox 772 2695 796 2713; x_wconf 87' lang='grc' dir='ltr'>τ.</span> <span class='ocrx_word' id='word_1_435' title='bbox 807 2687 832 2714; x_wconf 90' lang='grc' dir='ltr'>λ.</span> 
     </span>
    </p>
   </div>
   <div class='ocr_carea' id='block_1_57' title="bbox 169 2741 922 2779">
    <p class='ocr_par' dir='ltr' id='par_1_57' title="bbox 169 2741 922 2779">
     <span class='ocr_line' id='line_1_58' title="bbox 169 2741 922 2779; baseline 0.003 -11"><span class='ocrx_word' id='word_1_436' title='bbox 169 2741 262 2768; x_wconf 84' lang='grc' dir='ltr'>Εἰπὼν</span> <span class='ocrx_word' id='word_1_437' title='bbox 289 2743 415 2778; x_wconf 83' lang='grc' dir='ltr'>οὐρανίαν</span> <span class='ocrx_word' id='word_1_438' title='bbox 441 2741 512 2771; x_wconf 83' lang='grc' dir='ltr'>εἶναι</span> <span class='ocrx_word' id='word_1_439' title='bbox 540 2743 590 2779; x_wconf 81' lang='grc' dir='ltr'>τὴν</span> <span class='ocrx_word' id='word_1_440' title='bbox 614 2743 720 2779; x_wconf 71' lang='grc' dir='ltr'>ψυχὴν,</span> <span class='ocrx_word' id='word_1_441' title='bbox 747 2743 785 2775; x_wconf 83' lang='grc' dir='ltr'>ὡς</span> <span class='ocrx_word' id='word_1_442' title='bbox 809 2743 922 2778; x_wconf 79' lang='grc' dir='ltr'>πλάσμα</span> 
     </span>
    </p>
   </div>
   <div class='ocr_carea' id='block_1_58' title="bbox 131 2788 922 2826">
    <p class='ocr_par' dir='ltr' id='par_1_58' title="bbox 131 2788 922 2826">
     <span class='ocr_line' id='line_1_59' title="bbox 131 2788 922 2826; baseline 0.001 -11"><span class='ocrx_word' id='word_1_443' title='bbox 131 2788 201 2815; x_wconf 82' lang='grc' dir='ltr'>Θεοῦ</span> <span class='ocrx_word' id='word_1_444' title='bbox 222 2788 270 2816; x_wconf 83' lang='grc' dir='ltr'><strong>τοῦ</strong></span> <span class='ocrx_word' id='word_1_445' title='bbox 291 2789 503 2826; x_wconf 81' lang='grc' dir='ltr'>ὑπερουρανίου,</span> <span class='ocrx_word' id='word_1_446' title='bbox 517 2790 551 2817; x_wconf 81' lang='grc' dir='ltr'>δι’</span> <span class='ocrx_word' id='word_1_447' title='bbox 575 2790 589 2817; x_wconf 82' lang='grc' dir='ltr'><strong>δ</strong></span> <span class='ocrx_word' id='word_1_448' title='bbox 604 2791 651 2818; x_wconf 70' lang='grc' dir='ltr'><strong>κα)⁴</strong></span> <span class='ocrx_word' id='word_1_449' title='bbox 668 2789 852 2826; x_wconf 81' lang='grc' dir='ltr'>βοηθουμένην</span> <span class='ocrx_word' id='word_1_450' title='bbox 875 2790 922 2816; x_wconf 84' lang='grc' dir='ltr'><strong>ὑπ’</strong></span> 
     </span>
    </p>
   </div>
   <div class='ocr_carea' id='block_1_59' title="bbox 633 143 1240 175">
    <p class='ocr_par' dir='ltr' id='par_1_59' title="bbox 633 143 1240 175">
     <span class='ocr_line' id='line_1_60' title="bbox 633 143 1240 175; baseline -0.005 -2"><span class='ocrx_word' id='word_1_451' title='bbox 633 145 666 173; x_wconf 86' lang='grc' dir='ltr'><strong>ΙΝ</strong></span> <span class='ocrx_word' id='word_1_452' title='bbox 687 146 841 175; x_wconf 76' lang='lat' dir='ltr'><strong>CARMINA</strong></span> <span class='ocrx_word' id='word_1_453' title='bbox 859 145 999 174; x_wconf 72' lang='lat' dir='ltr'><strong>ARCANA</strong></span> <span class='ocrx_word' id='word_1_454' title='bbox 1019 144 1047 171; x_wconf 87' lang='lat' dir='ltr'><strong>S.</strong></span> <span class='ocrx_word' id='word_1_455' title='bbox 1066 143 1240 172; x_wconf 79' lang='lat' dir='ltr'><strong>GREGORIL</strong></span> 
     </span>
    </p>
   </div>
   <div class='ocr_carea' id='block_1_60' title="bbox 1701 142 1758 170">
    <p class='ocr_par' dir='ltr' id='par_1_60' title="bbox 1701 142 1758 170">
     <span class='ocr_line' id='line_1_61' title="bbox 1701 142 1758 170; baseline 0 0"><span class='ocrx_word' id='word_1_456' title='bbox 1701 142 1758 170; x_wconf 72' lang='lat'><strong>738</strong></span> 
     </span>
    </p>
   </div>
   <div class='ocr_carea' id='block_1_61' title="bbox 963 199 1751 238">
    <p class='ocr_par' dir='ltr' id='par_1_61' title="bbox 963 199 1751 238">
     <span class='ocr_line' id='line_1_62' title="bbox 963 199 1751 238; baseline -0.006 -7"><span class='ocrx_word' id='word_1_457' title='bbox 963 203 1076 238; x_wconf 72' lang='lat' dir='ltr'><strong>spiritus</strong></span> <span class='ocrx_word' id='word_1_458' title='bbox 1090 210 1152 230; x_wconf 91' lang='lat' dir='ltr'><strong>cum</strong></span> <span class='ocrx_word' id='word_1_459' title='bbox 1174 203 1230 234; x_wconf 85' lang='lat' dir='ltr'><strong>sis.</strong></span> <span class='ocrx_word' id='word_1_460' title='bbox 1249 207 1332 230; x_wconf 83' lang='lat' dir='ltr'><strong>onere</strong></span> <span class='ocrx_word' id='word_1_461' title='bbox 1345 201 1469 237; x_wconf 86' lang='lat' dir='ltr'><strong>corporis</strong></span> <span class='ocrx_word' id='word_1_462' title='bbox 1490 200 1592 228; x_wconf 84' lang='lat' dir='ltr'><strong>domita</strong></span> <span class='ocrx_word' id='word_1_463' title='bbox 1615 200 1664 227; x_wconf 79' lang='lat' dir='ltr'><strong>es?</strong></span> <span class='ocrx_word' id='word_1_464' title='bbox 1681 199 1751 233; x_wconf 81' lang='lat' dir='ltr'><strong>Quo-</strong></span> 
     </span>
    </p>
   </div>
   <div class='ocr_carea' id='block_1_62' title="bbox 963 247 1754 282">
    <p class='ocr_par' dir='ltr' id='par_1_62' title="bbox 963 247 1754 282">
     <span class='ocr_line' id='line_1_63' title="bbox 963 247 1754 282; baseline -0.005 -7"><span class='ocrx_word' id='word_1_465' title='bbox 963 249 1045 275; x_wconf 88' lang='lat' dir='ltr'><strong>modo</strong></span> <span class='ocrx_word' id='word_1_466' title='bbox 1061 249 1169 274; x_wconf 87' lang='lat' dir='ltr'><strong>animus</strong></span> <span class='ocrx_word' id='word_1_467' title='bbox 1185 255 1247 274; x_wconf 90' lang='lat' dir='ltr'><strong>cum</strong></span> <span class='ocrx_word' id='word_1_468' title='bbox 1262 247 1317 279; x_wconf 85' lang='lat' dir='ltr'><strong>sis,</strong></span> <span class='ocrx_word' id='word_1_469' title='bbox 1334 247 1478 282; x_wconf 86' lang='lat' dir='ltr'><strong>imperium</strong></span> <span class='ocrx_word' id='word_1_470' title='bbox 1490 247 1583 273; x_wconf 87' lang='lat' dir='ltr'><strong>carnis</strong></span> <span class='ocrx_word' id='word_1_471' title='bbox 1603 250 1697 272; x_wconf 79' lang='lat' dir='ltr'><strong>coacta</strong></span> <span class='ocrx_word' id='word_1_472' title='bbox 1724 253 1754 272; x_wconf 80' lang='lat' dir='ltr'><strong>cs</strong></span> 
     </span>
    </p>
   </div>
   <div class='ocr_carea' id='block_1_63' title="bbox 963 291 1754 329">
    <p class='ocr_par' dir='ltr' id='par_1_63' title="bbox 963 291 1754 329">
     <span class='ocr_line' id='line_1_64' title="bbox 963 291 1754 329; baseline -0.006 -8"><span class='ocrx_word' id='word_1_473' title='bbox 963 294 1103 329; x_wconf 81' lang='lat' dir='ltr'><strong>recipere?</strong></span> <span class='ocrx_word' id='word_1_474' title='bbox 1114 293 1237 320; x_wconf 86' lang='lat' dir='ltr'><strong>Pondere</strong></span> <span class='ocrx_word' id='word_1_475' title='bbox 1250 293 1380 320; x_wconf 82' lang='lat' dir='ltr'><strong>immunis</strong></span> <span class='ocrx_word' id='word_1_476' title='bbox 1391 293 1455 327; x_wconf 86' lang='lat' dir='ltr'><strong>quid</strong></span> <span class='ocrx_word' id='word_1_477' title='bbox 1472 292 1579 327; x_wconf 87' lang='lat' dir='ltr'><strong>pondus</strong></span> <span class='ocrx_word' id='word_1_478' title='bbox 1594 292 1670 320; x_wconf 80' lang='lat' dir='ltr'><strong>fers?</strong></span> <span class='ocrx_word' id='word_1_479' title='bbox 1685 291 1754 318; x_wconf 81' lang='lat' dir='ltr'><strong>Nam</strong></span> 
     </span>
    </p>
   </div>
   <div class='ocr_carea' id='block_1_64' title="bbox 963 338 1699 373">
    <p class='ocr_par' dir='ltr' id='par_1_64' title="bbox 963 338 1699 373">
     <span class='ocr_line' id='line_1_65' title="bbox 963 338 1699 373; baseline -0.004 -6"><span class='ocrx_word' id='word_1_480' title='bbox 963 339 1022 367; x_wconf 59' lang='lat' dir='ltr'><strong>haec</strong></span> <span class='ocrx_word' id='word_1_481' title='bbox 1036 338 1087 368; x_wconf 86' lang='lat' dir='ltr'><strong>sibi</strong></span> <span class='ocrx_word' id='word_1_482' title='bbox 1111 339 1226 366; x_wconf 85' lang='lat' dir='ltr'><strong>invicem</strong></span> <span class='ocrx_word' id='word_1_483' title='bbox 1241 339 1383 366; x_wconf 89' lang='lat' dir='ltr'><strong>contraria</strong></span> <span class='ocrx_word' id='word_1_484' title='bbox 1402 338 1473 365; x_wconf 88' lang='lat' dir='ltr'><strong>inter</strong></span> <span class='ocrx_word' id='word_1_485' title='bbox 1488 346 1517 366; x_wconf 89' lang='lat' dir='ltr'><strong>se</strong></span> <span class='ocrx_word' id='word_1_486' title='bbox 1534 342 1699 373; x_wconf 80' lang='lat' dir='ltr'><strong>repugnant.</strong></span> 
     </span>
    </p>
   </div>
   <div class='ocr_carea' id='block_1_65' title="bbox 964 471 1752 507">
    <p class='ocr_par' dir='ltr' id='par_1_65' title="bbox 964 471 1752 507">
     <span class='ocr_line' id='line_1_66' title="bbox 964 471 1752 507; baseline -0.004 -5"><span class='ocrx_word' id='word_1_487' title='bbox 964 474 999 502; x_wconf 86' lang='lat'><strong>69</strong></span> <span class='ocrx_word' id='word_1_488' title='bbox 1019 474 1095 507; x_wconf 84' lang='lat' dir='ltr'><strong>Quod</strong></span> <span class='ocrx_word' id='word_1_489' title='bbox 1113 482 1135 500; x_wconf 77' lang='grc' dir='ltr'>δι</span> <span class='ocrx_word' id='word_1_490' title='bbox 1150 481 1209 500; x_wconf 85' lang='lat' dir='ltr'><strong>cum</strong></span> <span class='ocrx_word' id='word_1_491' title='bbox 1225 471 1350 500; x_wconf 72' lang='lat' dir='ltr'><strong>carnibus</strong></span> <span class='ocrx_word' id='word_1_492' title='bbox 1368 477 1427 499; x_wconf 78' lang='lat' dir='ltr'><strong>sata</strong></span> <span class='ocrx_word' id='word_1_493' title='bbox 1443 472 1470 498; x_wconf 82' lang='lat' dir='ltr'><strong>in</strong></span> <span class='ocrx_word' id='word_1_494' title='bbox 1484 471 1563 498; x_wconf 85' lang='lat' dir='ltr'><strong>vitam</strong></span> <span class='ocrx_word' id='word_1_495' title='bbox 1579 471 1682 504; x_wconf 80' lang='lat' dir='ltr'><strong>uenisti,</strong></span> <span class='ocrx_word' id='word_1_496' title='bbox 1697 475 1752 499; x_wconf 78' lang='lat' dir='ltr'><strong>etc.</strong></span> 
     </span>
    </p>
   </div>
   <div class='ocr_carea' id='block_1_66' title="bbox 999 517 1755 555">
    <p class='ocr_par' dir='ltr' id='par_1_66' title="bbox 999 517 1755 555">
     <span class='ocr_line' id='line_1_67' title="bbox 999 517 1755 555; baseline -0.004 -8"><span class='ocrx_word' id='word_1_497' title='bbox 999 520 1148 555; x_wconf 78' lang='lat' dir='ltr'><strong>Postquam</strong></span> <span class='ocrx_word' id='word_1_498' title='bbox 1166 519 1243 546; x_wconf 92' lang='lat' dir='ltr'><strong>carni</strong></span> <span class='ocrx_word' id='word_1_499' title='bbox 1259 518 1387 554; x_wconf 85' lang='lat' dir='ltr'><strong>primum,</strong></span> <span class='ocrx_word' id='word_1_500' title='bbox 1405 518 1467 545; x_wconf 90' lang='lat' dir='ltr'><strong>dein</strong></span> <span class='ocrx_word' id='word_1_501' title='bbox 1485 518 1592 550; x_wconf 79' lang='lat' dir='ltr'><strong>animae,</strong></span> <span class='ocrx_word' id='word_1_502' title='bbox 1609 517 1681 544; x_wconf 89' lang='lat' dir='ltr'><strong>sicut</strong></span> <span class='ocrx_word' id='word_1_503' title='bbox 1697 517 1755 544; x_wconf 89' lang='lat' dir='ltr'><strong>Deo</strong></span> 
     </span>
    </p>
   </div>
   <div class='ocr_carea' id='block_1_67' title="bbox 965 563 1752 600">
    <p class='ocr_par' dir='ltr' id='par_1_67' title="bbox 965 563 1752 600">
     <span class='ocr_line' id='line_1_68' title="bbox 965 563 1752 600; baseline -0.004 -7"><span class='ocrx_word' id='word_1_504' title='bbox 965 566 1123 594; x_wconf 90' lang='lat' dir='ltr'><strong>concitante</strong></span> <span class='ocrx_word' id='word_1_505' title='bbox 1145 565 1220 600; x_wconf 83' lang='lat' dir='ltr'><strong>loqui</strong></span> <span class='ocrx_word' id='word_1_506' title='bbox 1243 564 1360 592; x_wconf 88' lang='lat' dir='ltr'><strong>decebat</strong></span> <span class='ocrx_word' id='word_1_507' title='bbox 1381 563 1483 596; x_wconf 85' lang='lat' dir='ltr'><strong>virum,</strong></span> <span class='ocrx_word' id='word_1_508' title='bbox 1498 564 1606 591; x_wconf 87' lang='lat' dir='ltr'><strong>loculus</strong></span> <span class='ocrx_word' id='word_1_509' title='bbox 1623 568 1674 596; x_wconf 90' lang='lat' dir='ltr'><strong>est,</strong></span> <span class='ocrx_word' id='word_1_510' title='bbox 1700 563 1752 590; x_wconf 90' lang='lat' dir='ltr'><strong>ile--</strong></span> 
     </span>
    </p>
   </div>
   <div class='ocr_carea' id='block_1_68' title="bbox 965 610 1755 646">
    <p class='ocr_par' dir='ltr' id='par_1_68' title="bbox 965 610 1755 646">
     <span class='ocr_line' id='line_1_69' title="bbox 965 610 1755 646; baseline -0.006 -7"><span class='ocrx_word' id='word_1_511' title='bbox 965 620 1027 639; x_wconf 88' lang='lat' dir='ltr'><strong>rum</strong></span> <span class='ocrx_word' id='word_1_512' title='bbox 1042 619 1104 639; x_wconf 93' lang='lat' dir='ltr'><strong>cum</strong></span> <span class='ocrx_word' id='word_1_513' title='bbox 1124 612 1215 638; x_wconf 89' lang='lat' dir='ltr'><strong>anima</strong></span> <span class='ocrx_word' id='word_1_514' title='bbox 1233 611 1266 638; x_wconf 91' lang='lat' dir='ltr'><strong>de</strong></span> <span class='ocrx_word' id='word_1_515' title='bbox 1287 610 1376 646; x_wconf 86' lang='lat' dir='ltr'><strong>ipsius</strong></span> <span class='ocrx_word' id='word_1_516' title='bbox 1395 614 1493 637; x_wconf 87' lang='lat' dir='ltr'><strong>natura</strong></span> <span class='ocrx_word' id='word_1_517' title='bbox 1509 613 1537 637; x_wconf 86' lang='lat' dir='ltr'><strong>et</strong></span> <span class='ocrx_word' id='word_1_518' title='bbox 1559 617 1619 637; x_wconf 86' lang='lat' dir='ltr'><strong>cum</strong></span> <span class='ocrx_word' id='word_1_519' title='bbox 1639 617 1755 644; x_wconf 73' lang='lat' dir='ltr'><strong>corpore</strong></span> 
     </span>
    </p>
   </div>
   <div class='ocr_carea' id='block_1_69' title="bbox 965 655 1753 693">
    <p class='ocr_par' dir='ltr' id='par_1_69' title="bbox 965 655 1753 693">
     <span class='ocr_line' id='line_1_70' title="bbox 965 655 1753 693; baseline -0.006 -7"><span class='ocrx_word' id='word_1_520' title='bbox 965 658 999 686; x_wconf 82' lang='lat' dir='ltr'><strong>de</strong></span> <span class='ocrx_word' id='word_1_521' title='bbox 1012 658 1073 693; x_wconf 81' lang='lat' dir='ltr'><strong>ejus</strong></span> <span class='ocrx_word' id='word_1_522' title='bbox 1085 659 1202 685; x_wconf 87' lang='lat' dir='ltr'><strong>mistura</strong></span> <span class='ocrx_word' id='word_1_523' title='bbox 1214 661 1395 684; x_wconf 80' lang='lat' dir='ltr'><strong>conversatur</strong></span> <span class='ocrx_word' id='word_1_524' title='bbox 1407 657 1500 683; x_wconf 86' lang='lat' dir='ltr'><strong>divino</strong></span> <span class='ocrx_word' id='word_1_525' title='bbox 1515 655 1612 691; x_wconf 83' lang='lat' dir='ltr'><strong>spiritu</strong></span> <span class='ocrx_word' id='word_1_526' title='bbox 1629 655 1753 683; x_wconf 78' lang='lat' dir='ltr'><strong>afﬂatus:</strong></span> 
     </span>
    </p>
   </div>
   <div class='ocr_carea' id='block_1_70' title="bbox 966 702 1754 740">
    <p class='ocr_par' dir='ltr' id='par_1_70' title="bbox 966 702 1754 740">
     <span class='ocr_line' id='line_1_71' title="bbox 966 702 1754 740; baseline -0.006 -8"><span class='ocrx_word' id='word_1_527' title='bbox 966 704 1118 740; x_wconf 86' lang='lat' dir='ltr'><strong>Siquidem,</strong></span> <span class='ocrx_word' id='word_1_528' title='bbox 1143 704 1244 739; x_wconf 81' lang='lat' dir='ltr'><strong>inquit.</strong></span> <span class='ocrx_word' id='word_1_529' title='bbox 1260 711 1321 730; x_wconf 85' lang='lat' dir='ltr'><strong>cum</strong></span> <span class='ocrx_word' id='word_1_530' title='bbox 1342 711 1457 738; x_wconf 86' lang='lat' dir='ltr'><strong>corpore</strong></span> <span class='ocrx_word' id='word_1_531' title='bbox 1478 707 1506 729; x_wconf 88' lang='lat' dir='ltr'><strong>et</strong></span> <span class='ocrx_word' id='word_1_532' title='bbox 1526 703 1595 736; x_wconf 86' lang='lat' dir='ltr'><strong>ipsa.</strong></span> <span class='ocrx_word' id='word_1_533' title='bbox 1619 709 1635 729; x_wconf 90' lang='grc' dir='ltr'><strong>ο</strong></span> <span class='ocrx_word' id='word_1_534' title='bbox 1651 702 1754 732; x_wconf 86' lang='lat' dir='ltr'><strong>anima,</strong></span> 
     </span>
    </p>
   </div>
   <div class='ocr_carea' id='block_1_71' title="bbox 966 749 1753 788">
    <p class='ocr_par' dir='ltr' id='par_1_71' title="bbox 966 749 1753 788">
     <span class='ocr_line' id='line_1_72' title="bbox 966 749 1753 788; baseline -0.008 -8"><span class='ocrx_word' id='word_1_535' title='bbox 966 752 1100 788; x_wconf 78' lang='lat' dir='ltr'><strong>inspirata</strong></span> <span class='ocrx_word' id='word_1_536' title='bbox 1115 759 1130 779; x_wconf 88' lang='lat' dir='ltr'><strong>e</strong></span> <span class='ocrx_word' id='word_1_537' title='bbox 1145 751 1242 778; x_wconf 79' lang='lat' dir='ltr'><strong>matris</strong></span> <span class='ocrx_word' id='word_1_538' title='bbox 1257 750 1363 786; x_wconf 87' lang='lat' dir='ltr'><strong>gremio</strong></span> <span class='ocrx_word' id='word_1_539' title='bbox 1377 749 1470 777; x_wconf 84' lang='lat' dir='ltr'><strong>exiisti</strong></span> <span class='ocrx_word' id='word_1_540' title='bbox 1486 754 1513 776; x_wconf 90' lang='lat' dir='ltr'><strong>et</strong></span> <span class='ocrx_word' id='word_1_541' title='bbox 1529 749 1561 776; x_wconf 85' lang='lat' dir='ltr'><strong>ad</strong></span> <span class='ocrx_word' id='word_1_542' title='bbox 1573 749 1656 775; x_wconf 81' lang='lat' dir='ltr'><strong>vitam</strong></span> <span class='ocrx_word' id='word_1_543' title='bbox 1676 749 1753 775; x_wconf 87' lang='lat' dir='ltr'><strong>veni-</strong></span> 
     </span>
    </p>
   </div>
   <div class='ocr_carea' id='block_1_72' title="bbox 966 793 1755 831">
    <p class='ocr_par' dir='ltr' id='par_1_72' title="bbox 966 793 1755 831">
     <span class='ocr_line' id='line_1_73' title="bbox 966 793 1755 831; baseline -0.005 -6"><span class='ocrx_word' id='word_1_544' title='bbox 966 799 1011 831; x_wconf 77' lang='lat' dir='ltr'><strong>sti,</strong></span> <span class='ocrx_word' id='word_1_545' title='bbox 1028 805 1068 825; x_wconf 58' lang='grc' dir='ltr'><strong>γε</strong></span> <span class='ocrx_word' id='word_1_546' title='bbox 1091 797 1159 824; x_wconf 90' lang='lat' dir='ltr'><strong>mihi</strong></span> <span class='ocrx_word' id='word_1_547' title='bbox 1185 796 1221 823; x_wconf 86' lang='lat' dir='ltr'><strong>oh</strong></span> <span class='ocrx_word' id='word_1_548' title='bbox 1242 795 1464 830; x_wconf 75' lang='lat' dir='ltr'><strong>coniunctionem</strong></span> <span class='ocrx_word' id='word_1_549' title='bbox 1487 794 1560 822; x_wconf 84' lang='lat' dir='ltr'><strong>lente</strong></span> <span class='ocrx_word' id='word_1_550' title='bbox 1578 793 1755 829; x_wconf 74' lang='lat' dir='ltr'><strong>pereuntem!</strong></span> 
     </span>
    </p>
   </div>
   <div class='ocr_carea' id='block_1_73' title="bbox 966 840 1756 877">
    <p class='ocr_par' dir='ltr' id='par_1_73' title="bbox 966 840 1756 877">
     <span class='ocr_line' id='line_1_74' title="bbox 966 840 1756 877; baseline -0.005 -6"><span class='ocrx_word' id='word_1_551' title='bbox 966 843 1034 871; x_wconf 82' lang='lat' dir='ltr'><strong>Nam</strong></span> <span class='ocrx_word' id='word_1_552' title='bbox 1050 843 1140 877; x_wconf 83' lang='lat' dir='ltr'><strong>imago</strong></span> <span class='ocrx_word' id='word_1_553' title='bbox 1154 841 1200 869; x_wconf 91' lang='lat' dir='ltr'><strong>Dei</strong></span> <span class='ocrx_word' id='word_1_554' title='bbox 1216 841 1288 876; x_wconf 89' lang='lat' dir='ltr'><strong>quod</strong></span> <span class='ocrx_word' id='word_1_555' title='bbox 1305 841 1356 868; x_wconf 88' lang='lat' dir='ltr'><strong>sim</strong></span> <span class='ocrx_word' id='word_1_556' title='bbox 1373 841 1500 876; x_wconf 76' lang='lat' dir='ltr'><strong>cogitans</strong></span> <span class='ocrx_word' id='word_1_557' title='bbox 1518 844 1545 867; x_wconf 86' lang='lat' dir='ltr'><strong>et</strong></span> <span class='ocrx_word' id='word_1_558' title='bbox 1560 840 1692 875; x_wconf 81' lang='lat' dir='ltr'><strong>glorians,</strong></span> <span class='ocrx_word' id='word_1_559' title='bbox 1708 840 1756 867; x_wconf 86' lang='lat' dir='ltr'><strong>de-</strong></span> 
     </span>
    </p>
   </div>
   <div class='ocr_carea' id='block_1_74' title="bbox 965 886 1756 923">
    <p class='ocr_par' dir='ltr' id='par_1_74' title="bbox 965 886 1756 923">
     <span class='ocr_line' id='line_1_75' title="bbox 965 886 1756 923; baseline -0.006 -6"><span class='ocrx_word' id='word_1_560' title='bbox 965 890 1076 917; x_wconf 76' lang='lat' dir='ltr'><strong>mentiae</strong></span> <span class='ocrx_word' id='word_1_561' title='bbox 1103 888 1192 923; x_wconf 91' lang='lat' dir='ltr'><strong>turpis</strong></span> <span class='ocrx_word' id='word_1_562' title='bbox 1211 891 1238 914; x_wconf 89' lang='lat' dir='ltr'><strong>et</strong></span> <span class='ocrx_word' id='word_1_563' title='bbox 1264 887 1454 922; x_wconf 65' lang='lat' dir='ltr'><strong>ignominiosa:</strong></span> <span class='ocrx_word' id='word_1_564' title='bbox 1483 886 1600 920; x_wconf 74' lang='lat' dir='ltr'><strong>originis</strong></span> <span class='ocrx_word' id='word_1_565' title='bbox 1628 886 1756 920; x_wconf 81' lang='lat' dir='ltr'><strong>perﬁcior</strong></span> 
     </span>
    </p>
   </div>
   <div class='ocr_carea' id='block_1_75' title="bbox 966 931 1753 968">
    <p class='ocr_par' dir='ltr' id='par_1_75' title="bbox 966 931 1753 968">
     <span class='ocr_line' id='line_1_76' title="bbox 966 931 1753 968; baseline -0.008 -4"><span class='ocrx_word' id='word_1_566' title='bbox 966 935 1052 964; x_wconf 85' lang='lat' dir='ltr'><strong>ﬁlius.</strong></span> <span class='ocrx_word' id='word_1_567' title='bbox 1075 935 1216 961; x_wconf 85' lang='lat' dir='ltr'><strong>Erubesco</strong></span> <span class='ocrx_word' id='word_1_568' title='bbox 1235 940 1302 968; x_wconf 82' lang='lat' dir='ltr'><strong>ergo</strong></span> <span class='ocrx_word' id='word_1_569' title='bbox 1323 936 1438 959; x_wconf 83' lang='lat' dir='ltr'><strong>matrem</strong></span> <span class='ocrx_word' id='word_1_570' title='bbox 1462 932 1585 963; x_wconf 82' lang='lat' dir='ltr'><strong>honoris,</strong></span> <span class='ocrx_word' id='word_1_571' title='bbox 1602 931 1663 959; x_wconf 83' lang='lat' dir='ltr'><strong>dico</strong></span> <span class='ocrx_word' id='word_1_572' title='bbox 1688 932 1753 958; x_wconf 77' lang='lat' dir='ltr'><strong>ima-</strong></span> 
     </span>
    </p>
   </div>
   <div class='ocr_carea' id='block_1_76' title="bbox 966 977 1755 1018">
    <p class='ocr_par' dir='ltr' id='par_1_76' title="bbox 966 977 1755 1018">
     <span class='ocr_line' id='line_1_77' title="bbox 966 977 1755 1018; baseline -0.006 -9"><span class='ocrx_word' id='word_1_573' title='bbox 966 982 1057 1018; x_wconf 81' lang='lat' dir='ltr'><strong>ginis,</strong></span> <span class='ocrx_word' id='word_1_574' title='bbox 1085 981 1250 1008; x_wconf 82' lang='lat' dir='ltr'><strong>infrenatam</strong></span> <span class='ocrx_word' id='word_1_575' title='bbox 1273 979 1363 1006; x_wconf 89' lang='lat' dir='ltr'><strong>dicere</strong></span> <span class='ocrx_word' id='word_1_576' title='bbox 1399 980 1446 1005; x_wconf 89' lang='lat' dir='ltr'><strong>aut</strong></span> <span class='ocrx_word' id='word_1_577' title='bbox 1456 977 1588 1012; x_wconf 84' lang='lat' dir='ltr'><strong>suspicari</strong></span> <span class='ocrx_word' id='word_1_578' title='bbox 1601 978 1691 1006; x_wconf 86' lang='lat' dir='ltr'><strong>carnis</strong></span> <span class='ocrx_word' id='word_1_579' title='bbox 1707 986 1755 1005; x_wconf 88' lang='lat' dir='ltr'><strong>cu-</strong></span> 
     </span>
    </p>
   </div>
   <div class='ocr_carea' id='block_1_77' title="bbox 964 1025 1757 1062">
    <p class='ocr_par' dir='ltr' id='par_1_77' title="bbox 964 1025 1757 1062">
     <span class='ocr_line' id='line_1_78' title="bbox 964 1025 1757 1062; baseline -0.006 -7"><span class='ocrx_word' id='word_1_580' title='bbox 964 1028 1113 1062; x_wconf 85' lang='lat' dir='ltr'><strong>piditatem;</strong></span> <span class='ocrx_word' id='word_1_581' title='bbox 1135 1027 1179 1062; x_wconf 83' lang='lat' dir='ltr'><strong>pio</strong></span> <span class='ocrx_word' id='word_1_582' title='bbox 1204 1025 1302 1053; x_wconf 83' lang='lat' dir='ltr'><strong>aﬂ‘ectu</strong></span> <span class='ocrx_word' id='word_1_583' title='bbox 1320 1029 1347 1052; x_wconf 88' lang='lat' dir='ltr'><strong>et</strong></span> <span class='ocrx_word' id='word_1_584' title='bbox 1363 1028 1497 1052; x_wconf 85' lang='lat' dir='ltr'><strong>tremente</strong></span> <span class='ocrx_word' id='word_1_585' title='bbox 1523 1031 1618 1050; x_wconf 72' lang='lat' dir='ltr'><strong>vereor</strong></span> <span class='ocrx_word' id='word_1_586' title='bbox 1641 1028 1757 1051; x_wconf 85' lang='lat' dir='ltr'><strong>matrem</strong></span> 
     </span>
    </p>
   </div>
   <div class='ocr_carea' id='block_1_78' title="bbox 965 1070 1757 1106">
    <p class='ocr_par' dir='ltr' id='par_1_78' title="bbox 965 1070 1757 1106">
     <span class='ocr_line' id='line_1_79' title="bbox 965 1070 1757 1106; baseline -0.006 -5"><span class='ocrx_word' id='word_1_587' title='bbox 965 1074 1063 1101; x_wconf 72' lang='lat' dir='ltr'><strong>anima:</strong></span> <span class='ocrx_word' id='word_1_588' title='bbox 1102 1071 1279 1099; x_wconf 77' lang='lat' dir='ltr'><strong>inﬂuxionem</strong></span> <span class='ocrx_word' id='word_1_589' title='bbox 1311 1078 1485 1103; x_wconf 86' lang='lat' dir='ltr'><strong>memorare,</strong></span> <span class='ocrx_word' id='word_1_590' title='bbox 1515 1070 1579 1105; x_wconf 88' lang='lat' dir='ltr'><strong>quia</strong></span> <span class='ocrx_word' id='word_1_591' title='bbox 1608 1070 1667 1105; x_wconf 86' lang='lat' dir='ltr'><strong>ipsa</strong></span> <span class='ocrx_word' id='word_1_592' title='bbox 1697 1070 1757 1106; x_wconf 78' lang='lat' dir='ltr'><strong>qui-</strong></span> 
     </span>
    </p>
   </div>
   <div class='ocr_carea' id='block_1_79' title="bbox 964 1116 1756 1152">
    <p class='ocr_par' dir='ltr' id='par_1_79' title="bbox 964 1116 1756 1152">
     <span class='ocr_line' id='line_1_80' title="bbox 964 1116 1756 1152; baseline -0.006 -5"><span class='ocrx_word' id='word_1_593' title='bbox 964 1121 1027 1147; x_wconf 86' lang='lat' dir='ltr'><strong>dem</strong></span> <span class='ocrx_word' id='word_1_594' title='bbox 1046 1127 1109 1146; x_wconf 86' lang='lat' dir='ltr'><strong>cum</strong></span> <span class='ocrx_word' id='word_1_595' title='bbox 1132 1118 1312 1152; x_wconf 89' lang='lat' dir='ltr'><strong>corruptione</strong></span> <span class='ocrx_word' id='word_1_596' title='bbox 1337 1117 1489 1144; x_wconf 87' lang='lat' dir='ltr'><strong>seminatur</strong></span> <span class='ocrx_word' id='word_1_597' title='bbox 1512 1116 1539 1143; x_wconf 91' lang='lat' dir='ltr'><strong>in</strong></span> <span class='ocrx_word' id='word_1_598' title='bbox 1561 1124 1661 1152; x_wconf 88' lang='lat' dir='ltr'><strong>corpus</strong></span> <span class='ocrx_word' id='word_1_599' title='bbox 1682 1124 1756 1143; x_wconf 92' lang='lat' dir='ltr'><strong>mor-</strong></span> 
     </span>
    </p>
   </div>
   <div class='ocr_carea' id='block_1_80' title="bbox 964 1163 1758 1201">
    <p class='ocr_par' dir='ltr' id='par_1_80' title="bbox 964 1163 1758 1201">
     <span class='ocr_line' id='line_1_81' title="bbox 964 1163 1758 1201; baseline -0.005 -8"><span class='ocrx_word' id='word_1_600' title='bbox 964 1166 1029 1194; x_wconf 88' lang='lat' dir='ltr'><strong>talis</strong></span> <span class='ocrx_word' id='word_1_601' title='bbox 1055 1165 1208 1201; x_wconf 79' lang='lat' dir='ltr'><strong>coagulata,</strong></span> <span class='ocrx_word' id='word_1_602' title='bbox 1229 1163 1276 1199; x_wconf 88' lang='lat' dir='ltr'><strong>qui</strong></span> <span class='ocrx_word' id='word_1_603' title='bbox 1298 1171 1372 1190; x_wconf 93' lang='lat' dir='ltr'><strong>nunc</strong></span> <span class='ocrx_word' id='word_1_604' title='bbox 1393 1163 1502 1190; x_wconf 87' lang='lat' dir='ltr'><strong>videtur</strong></span> <span class='ocrx_word' id='word_1_605' title='bbox 1527 1163 1654 1191; x_wconf 86' lang='lat' dir='ltr'><strong>mortalis</strong></span> <span class='ocrx_word' id='word_1_606' title='bbox 1681 1171 1758 1190; x_wconf 89' lang='lat' dir='ltr'><strong>crea-</strong></span> 
     </span>
    </p>
   </div>
   <div class='ocr_carea' id='block_1_81' title="bbox 964 1208 1759 1246">
    <p class='ocr_par' dir='ltr' id='par_1_81' title="bbox 964 1208 1759 1246">
     <span class='ocr_line' id='line_1_82' title="bbox 964 1208 1759 1246; baseline -0.005 -8"><span class='ocrx_word' id='word_1_607' title='bbox 964 1216 1020 1242; x_wconf 85' lang='lat' dir='ltr'><strong>tus.</strong></span> <span class='ocrx_word' id='word_1_608' title='bbox 1035 1215 1128 1246; x_wconf 84' lang='lat' dir='ltr'><strong>postea</strong></span> <span class='ocrx_word' id='word_1_609' title='bbox 1147 1218 1211 1238; x_wconf 85' lang='lat' dir='ltr'><strong>vero</strong></span> <span class='ocrx_word' id='word_1_610' title='bbox 1220 1210 1275 1245; x_wconf 79' lang='lat' dir='ltr'><strong>jam</strong></span> <span class='ocrx_word' id='word_1_611' title='bbox 1294 1217 1348 1236; x_wconf 80' lang='lat' dir='ltr'><strong>non</strong></span> <span class='ocrx_word' id='word_1_612' title='bbox 1363 1209 1498 1239; x_wconf 81' lang='lat' dir='ltr'><strong>mortalis,</strong></span> <span class='ocrx_word' id='word_1_613' title='bbox 1516 1209 1562 1236; x_wconf 84' lang='lat' dir='ltr'><strong>sed</strong></span> <span class='ocrx_word' id='word_1_614' title='bbox 1578 1210 1667 1244; x_wconf 83' lang='lat' dir='ltr'><strong>pulvis</strong></span> <span class='ocrx_word' id='word_1_615' title='bbox 1683 1208 1759 1236; x_wconf 69' lang='lat' dir='ltr'><strong>fotu.</strong></span> 
     </span>
    </p>
   </div>
   <div class='ocr_carea' id='block_1_82' title="bbox 966 1255 1758 1292">
    <p class='ocr_par' dir='ltr' id='par_1_82' title="bbox 966 1255 1758 1292">
     <span class='ocr_line' id='line_1_83' title="bbox 966 1255 1758 1292; baseline -0.005 -7"><span class='ocrx_word' id='word_1_616' title='bbox 966 1266 1013 1286; x_wconf 87' lang='lat' dir='ltr'><strong>rus</strong></span> <span class='ocrx_word' id='word_1_617' title='bbox 1028 1259 1055 1285; x_wconf 92' lang='lat' dir='ltr'><strong>in</strong></span> <span class='ocrx_word' id='word_1_618' title='bbox 1072 1258 1164 1285; x_wconf 83' lang='lat' dir='ltr'><strong>tinem.</strong></span> <span class='ocrx_word' id='word_1_619' title='bbox 1181 1256 1211 1284; x_wconf 97' lang='lat' dir='ltr'><strong>Si</strong></span> <span class='ocrx_word' id='word_1_620' title='bbox 1224 1265 1301 1292; x_wconf 80' lang='lat' dir='ltr'><strong>ergo,</strong></span> <span class='ocrx_word' id='word_1_621' title='bbox 1322 1264 1339 1284; x_wconf 90' lang='grc' dir='ltr'><strong>ο</strong></span> <span class='ocrx_word' id='word_1_622' title='bbox 1353 1257 1457 1289; x_wconf 84' lang='lat' dir='ltr'><strong>anima,</strong></span> <span class='ocrx_word' id='word_1_623' title='bbox 1479 1256 1505 1283; x_wconf 91' lang='lat' dir='ltr'><strong>in</strong></span> <span class='ocrx_word' id='word_1_624' title='bbox 1521 1264 1604 1283; x_wconf 89' lang='lat' dir='ltr'><strong>carne</strong></span> <span class='ocrx_word' id='word_1_625' title='bbox 1622 1255 1758 1283; x_wconf 73' lang='lat' dir='ltr'><strong>seminata</strong></span> 
     </span>
    </p>
   </div>
   <div class='ocr_carea' id='block_1_83' title="bbox 965 1302 1759 1338">
    <p class='ocr_par' dir='ltr' id='par_1_83' title="bbox 965 1302 1759 1338">
     <span class='ocr_line' id='line_1_84' title="bbox 965 1302 1759 1338; baseline -0.005 -6"><span class='ocrx_word' id='word_1_626' title='bbox 965 1306 1015 1338; x_wconf 84' lang='lat' dir='ltr'><strong>sis,</strong></span> <span class='ocrx_word' id='word_1_627' title='bbox 1034 1305 1096 1332; x_wconf 85' lang='lat' dir='ltr'><strong>vide</strong></span> <span class='ocrx_word' id='word_1_628' title='bbox 1113 1312 1146 1331; x_wconf 88' lang='lat' dir='ltr'><strong>ne</strong></span> <span class='ocrx_word' id='word_1_629' title='bbox 1166 1304 1248 1331; x_wconf 86' lang='lat' dir='ltr'><strong>simul</strong></span> <span class='ocrx_word' id='word_1_630' title='bbox 1267 1305 1466 1338; x_wconf 81' lang='lat' dir='ltr'><strong>corruniparis.</strong></span> <span class='ocrx_word' id='word_1_631' title='bbox 1489 1313 1498 1328; x_wconf 81' lang='grc' dir='ltr'><strong>ι</strong></span> <span class='ocrx_word' id='word_1_632' title='bbox 1515 1302 1543 1329; x_wconf 92' lang='lat' dir='ltr'><strong>Si</strong></span> <span class='ocrx_word' id='word_1_633' title='bbox 1561 1310 1624 1330; x_wconf 83' lang='lat' dir='ltr'><strong>vero</strong></span> <span class='ocrx_word' id='word_1_634' title='bbox 1637 1303 1732 1330; x_wconf 74' lang='lat' dir='ltr'><strong>cmlcst</strong></span> <span class='ocrx_word' id='word_1_635' title='bbox 1745 1311 1759 1329; x_wconf 71' lang='grc' dir='ltr'><strong>ο</strong></span> 
     </span>
    </p>
   </div>
   <div class='ocr_carea' id='block_1_84' title="bbox 967 1349 1760 1385">
    <p class='ocr_par' dir='ltr' id='par_1_84' title="bbox 967 1349 1760 1385">
     <span class='ocr_line' id='line_1_85' title="bbox 967 1349 1760 1385; baseline -0.004 -8"><span class='ocrx_word' id='word_1_636' title='bbox 967 1355 1029 1384; x_wconf 83' lang='grc' dir='ltr'>ιιι..,</span> <span class='ocrx_word' id='word_1_637' title='bbox 1048 1360 1056 1375; x_wconf 72' lang='grc' dir='ltr'><strong>ι</strong></span> <span class='ocrx_word' id='word_1_638' title='bbox 1074 1355 1101 1377; x_wconf 82' lang='lat' dir='ltr'><strong>et</strong></span> <span class='ocrx_word' id='word_1_639' title='bbox 1120 1358 1178 1385; x_wconf 81' lang='lat' dir='ltr'><strong>seq.</strong></span> <span class='ocrx_word' id='word_1_640' title='bbox 1198 1350 1238 1380; x_wconf 84' lang='lat' dir='ltr'><strong>Si.</strong></span> <span class='ocrx_word' id='word_1_641' title='bbox 1255 1349 1355 1384; x_wconf 88' lang='lat' dir='ltr'><strong>inquit,</strong></span> <span class='ocrx_word' id='word_1_642' title='bbox 1375 1357 1429 1376; x_wconf 89' lang='lat' dir='ltr'><strong>non</strong></span> <span class='ocrx_word' id='word_1_643' title='bbox 1450 1357 1483 1376; x_wconf 76' lang='lat' dir='ltr'><strong>ex</strong></span> <span class='ocrx_word' id='word_1_644' title='bbox 1505 1349 1587 1376; x_wconf 87' lang='lat' dir='ltr'><strong>simili</strong></span> <span class='ocrx_word' id='word_1_645' title='bbox 1607 1349 1723 1384; x_wconf 83' lang='lat' dir='ltr'><strong>origine,</strong></span> <span class='ocrx_word' id='word_1_646' title='bbox 1742 1357 1760 1374; x_wconf 82' lang='grc' dir='ltr'><strong>ιι</strong></span> 
     </span>
    </p>
   </div>
   <div class='ocr_carea' id='block_1_85' title="bbox 967 1394 1758 1431">
    <p class='ocr_par' dir='ltr' id='par_1_85' title="bbox 967 1394 1758 1431">
     <span class='ocr_line' id='line_1_86' title="bbox 967 1394 1758 1431; baseline -0.004 -8"><span class='ocrx_word' id='word_1_647' title='bbox 967 1397 1069 1428; x_wconf 83' lang='lat' dir='ltr'><strong>anima,</strong></span> <span class='ocrx_word' id='word_1_648' title='bbox 1084 1395 1222 1431; x_wconf 87' lang='lat' dir='ltr'><strong>prodiisti.</strong></span> <span class='ocrx_word' id='word_1_649' title='bbox 1239 1403 1271 1422; x_wconf 88' lang='lat' dir='ltr'><strong>ac</strong></span> <span class='ocrx_word' id='word_1_650' title='bbox 1291 1403 1404 1430; x_wconf 87' lang='lat' dir='ltr'><strong>corpus,</strong></span> <span class='ocrx_word' id='word_1_651' title='bbox 1428 1402 1477 1422; x_wconf 84' lang='lat' dir='ltr'><strong>nec</strong></span> <span class='ocrx_word' id='word_1_652' title='bbox 1493 1402 1507 1421; x_wconf 88' lang='lat' dir='ltr'><strong>a</strong></span> <span class='ocrx_word' id='word_1_653' title='bbox 1530 1394 1612 1421; x_wconf 86' lang='lat' dir='ltr'><strong>simili</strong></span> <span class='ocrx_word' id='word_1_654' title='bbox 1634 1395 1696 1421; x_wconf 88' lang='lat' dir='ltr'><strong>loco</strong></span> <span class='ocrx_word' id='word_1_655' title='bbox 1710 1402 1758 1429; x_wconf 74' lang='lat' dir='ltr'><strong>ge-</strong></span> 
     </span>
    </p>
   </div>
   <div class='ocr_carea' id='block_1_86' title="bbox 966 1441 1760 1477">
    <p class='ocr_par' dir='ltr' id='par_1_86' title="bbox 966 1441 1760 1477">
     <span class='ocr_line' id='line_1_87' title="bbox 966 1441 1760 1477; baseline -0.005 -7"><span class='ocrx_word' id='word_1_656' title='bbox 966 1443 1024 1470; x_wconf 90' lang='lat' dir='ltr'><strong>nita</strong></span> <span class='ocrx_word' id='word_1_657' title='bbox 1037 1450 1077 1474; x_wconf 88' lang='lat' dir='ltr'><strong>es,</strong></span> <span class='ocrx_word' id='word_1_658' title='bbox 1094 1442 1179 1477; x_wconf 87' lang='lat' dir='ltr'><strong>quid?</strong></span> <span class='ocrx_word' id='word_1_659' title='bbox 1196 1441 1264 1469; x_wconf 90' lang='lat' dir='ltr'><strong>Illud</strong></span> <span class='ocrx_word' id='word_1_660' title='bbox 1279 1442 1389 1476; x_wconf 82' lang='lat' dir='ltr'><strong>quidem</strong></span> <span class='ocrx_word' id='word_1_661' title='bbox 1404 1445 1477 1468; x_wconf 84' lang='lat' dir='ltr'><strong>terra</strong></span> <span class='ocrx_word' id='word_1_662' title='bbox 1491 1445 1518 1468; x_wconf 87' lang='lat' dir='ltr'><strong>ct</strong></span> <span class='ocrx_word' id='word_1_663' title='bbox 1534 1445 1672 1475; x_wconf 89' lang='lat' dir='ltr'><strong>sumptum</strong></span> <span class='ocrx_word' id='word_1_664' title='bbox 1686 1446 1728 1468; x_wconf 93' lang='lat' dir='ltr'><strong>cst</strong></span> <span class='ocrx_word' id='word_1_665' title='bbox 1744 1449 1760 1466; x_wconf 67' lang='grc' dir='ltr'>θ</span> 
     </span>
    </p>
   </div>
   <div class='ocr_carea' id='block_1_87' title="bbox 966 1485 1758 1520">
    <p class='ocr_par' dir='ltr' id='par_1_87' title="bbox 966 1485 1758 1520">
     <span class='ocr_line' id='line_1_88' title="bbox 966 1485 1758 1520; baseline -0.006 -5"><span class='ocrx_word' id='word_1_666' title='bbox 966 1493 1050 1519; x_wconf 77' lang='lat' dir='ltr'><strong>terra,</strong></span> <span class='ocrx_word' id='word_1_667' title='bbox 1068 1493 1095 1515; x_wconf 94' lang='lat' dir='ltr'><strong>Iu</strong></span> <span class='ocrx_word' id='word_1_668' title='bbox 1116 1494 1206 1515; x_wconf 89' lang='lat' dir='ltr'><strong>tamen</strong></span> <span class='ocrx_word' id='word_1_669' title='bbox 1224 1486 1330 1514; x_wconf 71' lang='lat' dir='ltr'><strong>cmlesti</strong></span> <span class='ocrx_word' id='word_1_670' title='bbox 1354 1491 1452 1513; x_wconf 86' lang='lat' dir='ltr'><strong>natura</strong></span> <span class='ocrx_word' id='word_1_671' title='bbox 1470 1489 1497 1512; x_wconf 91' lang='lat' dir='ltr'><strong>et</strong></span> <span class='ocrx_word' id='word_1_672' title='bbox 1518 1485 1678 1520; x_wconf 84' lang='lat' dir='ltr'><strong>incorrupta</strong></span> <span class='ocrx_word' id='word_1_673' title='bbox 1701 1486 1758 1519; x_wconf 84' lang='lat' dir='ltr'><strong>glo-</strong></span> 
     </span>
    </p>
   </div>
   <div class='ocr_carea' id='block_1_88' title="bbox 967 1531 1759 1565">
    <p class='ocr_par' dir='ltr' id='par_1_88' title="bbox 967 1531 1759 1565">
     <span class='ocr_line' id='line_1_89' title="bbox 967 1531 1759 1565; baseline -0.004 -3"><span class='ocrx_word' id='word_1_674' title='bbox 967 1535 1066 1562; x_wconf 88' lang='lat' dir='ltr'><strong>riaris?</strong></span> <span class='ocrx_word' id='word_1_675' title='bbox 1085 1533 1161 1561; x_wconf 85' lang='lat' dir='ltr'><strong>Unde</strong></span> <span class='ocrx_word' id='word_1_676' title='bbox 1175 1538 1235 1561; x_wconf 84' lang='lat' dir='ltr'><strong>orta</strong></span> <span class='ocrx_word' id='word_1_677' title='bbox 1249 1540 1290 1565; x_wconf 83' lang='lat' dir='ltr'><strong>es,</strong></span> <span class='ocrx_word' id='word_1_678' title='bbox 1306 1532 1397 1560; x_wconf 85' lang='lat' dir='ltr'><strong>indica</strong></span> <span class='ocrx_word' id='word_1_679' title='bbox 1419 1532 1485 1559; x_wconf 88' lang='lat' dir='ltr'><strong>mihi</strong></span> <span class='ocrx_word' id='word_1_680' title='bbox 1505 1541 1512 1559; x_wconf 83' lang='lat'><strong>:</strong></span> <span class='ocrx_word' id='word_1_681' title='bbox 1528 1531 1550 1559; x_wconf 91' lang='lat' dir='ltr'><strong>si</strong></span> <span class='ocrx_word' id='word_1_682' title='bbox 1568 1539 1583 1557; x_wconf 88' lang='lat' dir='ltr'><strong>a</strong></span> <span class='ocrx_word' id='word_1_683' title='bbox 1602 1531 1658 1558; x_wconf 83' lang='lat' dir='ltr'><strong>Deo</strong></span> <span class='ocrx_word' id='word_1_684' title='bbox 1688 1532 1759 1559; x_wconf 78' lang='lat' dir='ltr'><strong>bali-</strong></span> 
     </span>
    </p>
   </div>
   <div class='ocr_carea' id='block_1_89' title="bbox 967 1578 1759 1616">
    <p class='ocr_par' dir='ltr' id='par_1_89' title="bbox 967 1578 1759 1616">
     <span class='ocr_line' id='line_1_90' title="bbox 967 1578 1759 1616; baseline -0.005 -8"><span class='ocrx_word' id='word_1_685' title='bbox 967 1587 1012 1609; x_wconf 69' lang='grc' dir='ltr'>ιιι-ε</span> <span class='ocrx_word' id='word_1_686' title='bbox 1025 1585 1052 1608; x_wconf 91' lang='lat' dir='ltr'><strong>et</strong></span> <span class='ocrx_word' id='word_1_687' title='bbox 1067 1580 1180 1616; x_wconf 86' lang='lat' dir='ltr'><strong>spiritus</strong></span> <span class='ocrx_word' id='word_1_688' title='bbox 1194 1588 1234 1611; x_wconf 88' lang='lat' dir='ltr'><strong>es.</strong></span> <span class='ocrx_word' id='word_1_689' title='bbox 1250 1584 1276 1607; x_wconf 86' lang='lat' dir='ltr'><strong>et</strong></span> <span class='ocrx_word' id='word_1_690' title='bbox 1292 1587 1357 1614; x_wconf 87' lang='lat' dir='ltr'><strong>pars</strong></span> <span class='ocrx_word' id='word_1_691' title='bbox 1375 1582 1422 1605; x_wconf 87' lang='lat' dir='ltr'><strong>aut</strong></span> <span class='ocrx_word' id='word_1_692' title='bbox 1442 1578 1638 1612; x_wconf 66' lang='lat' dir='ltr'><strong>liaareditas,ut</strong></span> <span class='ocrx_word' id='word_1_693' title='bbox 1660 1580 1759 1612; x_wconf 72' lang='lat' dir='ltr'><strong>opina-</strong></span> 
     </span>
    </p>
   </div>
   <div class='ocr_carea' id='block_1_90' title="bbox 969 1625 1760 1663">
    <p class='ocr_par' dir='ltr' id='par_1_90' title="bbox 969 1625 1760 1663">
     <span class='ocr_line' id='line_1_91' title="bbox 969 1625 1760 1663; baseline -0.006 -7"><span class='ocrx_word' id='word_1_694' title='bbox 969 1629 1052 1661; x_wconf 79' lang='lat' dir='ltr'><strong>ris,et</strong></span> <span class='ocrx_word' id='word_1_695' title='bbox 1068 1628 1168 1663; x_wconf 83' lang='lat' dir='ltr'><strong>portio,</strong></span> <span class='ocrx_word' id='word_1_696' title='bbox 1188 1634 1296 1654; x_wconf 89' lang='lat' dir='ltr'><strong>omnem</strong></span> <span class='ocrx_word' id='word_1_697' title='bbox 1313 1625 1425 1653; x_wconf 62' lang='lat' dir='ltr'><strong>malitim</strong></span> <span class='ocrx_word' id='word_1_698' title='bbox 1449 1625 1610 1652; x_wconf 85' lang='lat' dir='ltr'><strong>thesaurum</strong></span> <span class='ocrx_word' id='word_1_699' title='bbox 1634 1629 1660 1652; x_wconf 88' lang='lat' dir='ltr'><strong>et</strong></span> <span class='ocrx_word' id='word_1_700' title='bbox 1682 1625 1760 1651; x_wconf 88' lang='lat' dir='ltr'><strong>mali-</strong></span> 
     </span>
    </p>
   </div>
   <div class='ocr_carea' id='block_1_91' title="bbox 968 1669 1761 1708">
    <p class='ocr_par' dir='ltr' id='par_1_91' title="bbox 968 1669 1761 1708">
     <span class='ocr_line' id='line_1_92' title="bbox 968 1669 1761 1708; baseline -0.005 -8"><span class='ocrx_word' id='word_1_701' title='bbox 968 1673 1098 1708; x_wconf 82' lang='lat' dir='ltr'><strong>gnitatem</strong></span> <span class='ocrx_word' id='word_1_702' title='bbox 1116 1672 1232 1708; x_wconf 84' lang='lat' dir='ltr'><strong>projice,</strong></span> <span class='ocrx_word' id='word_1_703' title='bbox 1247 1675 1274 1699; x_wconf 92' lang='lat' dir='ltr'><strong>et</strong></span> <span class='ocrx_word' id='word_1_704' title='bbox 1294 1671 1476 1698; x_wconf 81' lang='lat' dir='ltr'><strong>consentiam.</strong></span> <span class='ocrx_word' id='word_1_705' title='bbox 1493 1669 1598 1697; x_wconf 78' lang='lat' dir='ltr'><strong>Etenim</strong></span> <span class='ocrx_word' id='word_1_706' title='bbox 1621 1677 1675 1697; x_wconf 92' lang='lat' dir='ltr'><strong>non</strong></span> <span class='ocrx_word' id='word_1_707' title='bbox 1697 1669 1761 1697; x_wconf 70' lang='lat' dir='ltr'><strong>licet</strong></span> 
     </span>
    </p>
   </div>
   <div class='ocr_carea' id='block_1_92' title="bbox 974 1715 1759 1753">
    <p class='ocr_par' dir='ltr' id='par_1_92' title="bbox 974 1715 1759 1753">
     <span class='ocr_line' id='line_1_93' title="bbox 974 1715 1759 1753; baseline -0.005 -8"><span class='ocrx_word' id='word_1_708' title='bbox 974 1718 1039 1745; x_wconf 79' lang='lat' dir='ltr'><strong>boni</strong></span> <span class='ocrx_word' id='word_1_709' title='bbox 1062 1721 1090 1745; x_wconf 84' lang='lat' dir='ltr'><strong>et</strong></span> <span class='ocrx_word' id='word_1_710' title='bbox 1105 1718 1166 1753; x_wconf 90' lang='lat' dir='ltr'><strong>puri</strong></span> <span class='ocrx_word' id='word_1_711' title='bbox 1182 1720 1286 1752; x_wconf 84' lang='lat' dir='ltr'><strong>partem</strong></span> <span class='ocrx_word' id='word_1_712' title='bbox 1303 1716 1467 1744; x_wconf 83' lang='lat' dir='ltr'><strong>naturaliter</strong></span> <span class='ocrx_word' id='word_1_713' title='bbox 1489 1719 1537 1742; x_wconf 89' lang='lat' dir='ltr'><strong>aut</strong></span> <span class='ocrx_word' id='word_1_714' title='bbox 1559 1715 1759 1742; x_wconf 86' lang='lat' dir='ltr'><strong>emanationem</strong></span> 
     </span>
    </p>
   </div>
   <div class='ocr_carea' id='block_1_93' title="bbox 968 1760 1759 1796">
    <p class='ocr_par' dir='ltr' id='par_1_93' title="bbox 968 1760 1759 1796">
     <span class='ocr_line' id='line_1_94' title="bbox 968 1760 1759 1796; baseline -0.003 -6"><span class='ocrx_word' id='word_1_715' title='bbox 968 1770 1030 1790; x_wconf 82' lang='lat' dir='ltr'><strong>esse</strong></span> <span class='ocrx_word' id='word_1_716' title='bbox 1050 1763 1148 1790; x_wconf 87' lang='lat' dir='ltr'><strong>malam</strong></span> <span class='ocrx_word' id='word_1_717' title='bbox 1167 1766 1214 1789; x_wconf 91' lang='lat' dir='ltr'><strong>aut</strong></span> <span class='ocrx_word' id='word_1_718' title='bbox 1232 1761 1368 1796; x_wconf 88' lang='lat' dir='ltr'><strong>quantulo</strong></span> <span class='ocrx_word' id='word_1_719' title='bbox 1388 1761 1453 1788; x_wconf 91' lang='lat' dir='ltr'><strong>libet</strong></span> <span class='ocrx_word' id='word_1_720' title='bbox 1469 1761 1550 1787; x_wconf 88' lang='lat' dir='ltr'><strong>modo</strong></span> <span class='ocrx_word' id='word_1_721' title='bbox 1567 1760 1634 1788; x_wconf 78' lang='lat' dir='ltr'><strong>fecis</strong></span> <span class='ocrx_word' id='word_1_722' title='bbox 1647 1761 1759 1795; x_wconf 85' lang='lat' dir='ltr'><strong>partici-</strong></span> 
     </span>
    </p>
   </div>
   <div class='ocr_carea' id='block_1_94' title="bbox 970 1806 1760 1844">
    <p class='ocr_par' dir='ltr' id='par_1_94' title="bbox 970 1806 1760 1844">
     <span class='ocr_line' id='line_1_95' title="bbox 970 1806 1760 1844; baseline -0.005 -8"><span class='ocrx_word' id='word_1_723' title='bbox 970 1817 1031 1844; x_wconf 88' lang='lat' dir='ltr'><strong>pem</strong></span> <span class='ocrx_word' id='word_1_724' title='bbox 1046 1817 1119 1836; x_wconf 86' lang='lat' dir='ltr'><strong>esse.</strong></span> <span class='ocrx_word' id='word_1_725' title='bbox 1130 1808 1198 1835; x_wconf 89' lang='lat' dir='ltr'><strong>Nam</strong></span> <span class='ocrx_word' id='word_1_726' title='bbox 1216 1815 1267 1835; x_wconf 84' lang='lat' dir='ltr'><strong>nec</strong></span> <span class='ocrx_word' id='word_1_727' title='bbox 1288 1807 1419 1835; x_wconf 80' lang='lat' dir='ltr'><strong>tenebras</strong></span> <span class='ocrx_word' id='word_1_728' title='bbox 1439 1807 1533 1841; x_wconf 82' lang='lat' dir='ltr'><strong>genuit</strong></span> <span class='ocrx_word' id='word_1_729' title='bbox 1548 1807 1614 1833; x_wconf 89' lang='lat' dir='ltr'><strong>solis</strong></span> <span class='ocrx_word' id='word_1_730' title='bbox 1629 1806 1760 1837; x_wconf 77' lang='lat' dir='ltr'><strong>etlicacia.</strong></span> 
     </span>
    </p>
   </div>
   <div class='ocr_carea' id='block_1_95' title="bbox 969 1852 1759 1888">
    <p class='ocr_par' dir='ltr' id='par_1_95' title="bbox 969 1852 1759 1888">
     <span class='ocr_line' id='line_1_96' title="bbox 969 1852 1759 1888; baseline -0.006 -5"><span class='ocrx_word' id='word_1_731' title='bbox 969 1864 1020 1884; x_wconf 83' lang='lat' dir='ltr'><strong>nec</strong></span> <span class='ocrx_word' id='word_1_732' title='bbox 1034 1855 1098 1882; x_wconf 87' lang='lat' dir='ltr'><strong>mali</strong></span> <span class='ocrx_word' id='word_1_733' title='bbox 1115 1859 1142 1882; x_wconf 91' lang='lat' dir='ltr'><strong>et</strong></span> <span class='ocrx_word' id='word_1_734' title='bbox 1158 1854 1333 1882; x_wconf 88' lang='lat' dir='ltr'><strong>tenebrarum</strong></span> <span class='ocrx_word' id='word_1_735' title='bbox 1361 1853 1476 1888; x_wconf 85' lang='lat' dir='ltr'><strong>spiritus</strong></span> <span class='ocrx_word' id='word_1_736' title='bbox 1491 1852 1611 1880; x_wconf 82' lang='lat' dir='ltr'><strong>eilicacia</strong></span> <span class='ocrx_word' id='word_1_737' title='bbox 1632 1852 1759 1887; x_wconf 90' lang='lat' dir='ltr'><strong>spiritum</strong></span> 
     </span>
    </p>
   </div>
   <div class='ocr_carea' id='block_1_96' title="bbox 969 1898 1761 1934">
    <p class='ocr_par' dir='ltr' id='par_1_96' title="bbox 969 1898 1761 1934">
     <span class='ocr_line' id='line_1_97' title="bbox 969 1898 1761 1934; baseline -0.008 -4"><span class='ocrx_word' id='word_1_738' title='bbox 969 1903 1170 1930; x_wconf 82' lang='lat' dir='ltr'><strong>illuminantem</strong></span> <span class='ocrx_word' id='word_1_739' title='bbox 1186 1905 1213 1929; x_wconf 88' lang='lat' dir='ltr'><strong>et</strong></span> <span class='ocrx_word' id='word_1_740' title='bbox 1231 1901 1301 1928; x_wconf 88' lang='lat' dir='ltr'><strong>bona</strong></span> <span class='ocrx_word' id='word_1_741' title='bbox 1317 1903 1477 1934; x_wconf 87' lang='lat' dir='ltr'><strong>operantem</strong></span> <span class='ocrx_word' id='word_1_742' title='bbox 1503 1899 1597 1934; x_wconf 86' lang='lat' dir='ltr'><strong>genuit</strong></span> <span class='ocrx_word' id='word_1_743' title='bbox 1611 1908 1618 1925; x_wconf 88' lang='lat'><strong>:</strong></span> <span class='ocrx_word' id='word_1_744' title='bbox 1633 1906 1696 1925; x_wconf 89' lang='lat' dir='ltr'><strong>nam</strong></span> <span class='ocrx_word' id='word_1_745' title='bbox 1722 1898 1761 1926; x_wconf 92' lang='lat' dir='ltr'><strong>si-</strong></span> 
     </span>
    </p>
   </div>
   <div class='ocr_carea' id='block_1_97' title="bbox 969 1945 1759 1980">
    <p class='ocr_par' dir='ltr' id='par_1_97' title="bbox 969 1945 1759 1980">
     <span class='ocr_line' id='line_1_98' title="bbox 969 1945 1759 1980; baseline -0.008 -3"><span class='ocrx_word' id='word_1_746' title='bbox 969 1950 1032 1977; x_wconf 90' lang='lat' dir='ltr'><strong>mile</strong></span> <span class='ocrx_word' id='word_1_747' title='bbox 1049 1949 1102 1976; x_wconf 87' lang='lat' dir='ltr'><strong>sibi</strong></span> <span class='ocrx_word' id='word_1_748' title='bbox 1126 1947 1277 1976; x_wconf 89' lang='lat' dir='ltr'><strong>secuudum</strong></span> <span class='ocrx_word' id='word_1_749' title='bbox 1295 1951 1422 1974; x_wconf 90' lang='lat' dir='ltr'><strong>naturam</strong></span> <span class='ocrx_word' id='word_1_750' title='bbox 1439 1946 1566 1980; x_wconf 66' lang='lat' dir='ltr'><strong>qumlibet</strong></span> <span class='ocrx_word' id='word_1_751' title='bbox 1589 1953 1633 1972; x_wconf 84' lang='lat' dir='ltr'><strong>res</strong></span> <span class='ocrx_word' id='word_1_752' title='bbox 1649 1945 1736 1980; x_wconf 77' lang='lat' dir='ltr'><strong>gignit</strong></span> <span class='ocrx_word' id='word_1_753' title='bbox 1753 1954 1759 1972; x_wconf 87' lang='lat'><strong>:</strong></span> 
     </span>
    </p>
   </div>
   <div class='ocr_carea' id='block_1_98' title="bbox 969 1989 1761 2031">
    <p class='ocr_par' dir='ltr' id='par_1_98' title="bbox 969 1989 1761 2031">
     <span class='ocr_line' id='line_1_99' title="bbox 969 1989 1761 2031; baseline -0.008 -9"><span class='ocrx_word' id='word_1_754' title='bbox 969 1995 1107 2031; x_wconf 88' lang='lat' dir='ltr'><strong>quomodo</strong></span> <span class='ocrx_word' id='word_1_755' title='bbox 1122 2001 1188 2029; x_wconf 84' lang='lat' dir='ltr'><strong>ergo</strong></span> <span class='ocrx_word' id='word_1_756' title='bbox 1203 1997 1244 2024; x_wconf 85' lang='lat' dir='ltr'><strong>tu,</strong></span> <span class='ocrx_word' id='word_1_757' title='bbox 1262 2001 1279 2020; x_wconf 94' lang='grc' dir='ltr'><strong>ο</strong></span> <span class='ocrx_word' id='word_1_758' title='bbox 1293 1993 1395 2025; x_wconf 83' lang='lat' dir='ltr'><strong>anima,</strong></span> <span class='ocrx_word' id='word_1_759' title='bbox 1412 1992 1440 2019; x_wconf 93' lang='lat' dir='ltr'><strong>in</strong></span> <span class='ocrx_word' id='word_1_760' title='bbox 1461 1992 1548 2018; x_wconf 86' lang='lat' dir='ltr'><strong>malos</strong></span> <span class='ocrx_word' id='word_1_761' title='bbox 1567 1989 1630 2018; x_wconf 83' lang='lat' dir='ltr'><strong>Mali</strong></span> <span class='ocrx_word' id='word_1_762' title='bbox 1645 1996 1761 2017; x_wconf 87' lang='lat' dir='ltr'><strong>conatus</strong></span> 
     </span>
    </p>
   </div>
   <div class='ocr_carea' id='block_1_99' title="bbox 969 2036 1761 2068">
    <p class='ocr_par' dir='ltr' id='par_1_99' title="bbox 969 2036 1761 2068">
     <span class='ocr_line' id='line_1_100' title="bbox 969 2036 1761 2068; baseline -0.008 0"><span class='ocrx_word' id='word_1_763' title='bbox 969 2041 1037 2068; x_wconf 86' lang='lat' dir='ltr'><strong>adeo</strong></span> <span class='ocrx_word' id='word_1_764' title='bbox 1056 2047 1070 2066; x_wconf 91' lang='lat' dir='ltr'><strong>a</strong></span> <span class='ocrx_word' id='word_1_765' title='bbox 1090 2043 1165 2067; x_wconf 84' lang='lat' dir='ltr'><strong>recta</strong></span> <span class='ocrx_word' id='word_1_766' title='bbox 1190 2039 1296 2065; x_wconf 81' lang='lat' dir='ltr'><strong>ratione</strong></span> <span class='ocrx_word' id='word_1_767' title='bbox 1319 2042 1345 2064; x_wconf 88' lang='lat' dir='ltr'><strong>et</strong></span> <span class='ocrx_word' id='word_1_768' title='bbox 1366 2045 1381 2064; x_wconf 89' lang='lat' dir='ltr'><strong>a</strong></span> <span class='ocrx_word' id='word_1_769' title='bbox 1407 2038 1479 2064; x_wconf 89' lang='lat' dir='ltr'><strong>bono</strong></span> <span class='ocrx_word' id='word_1_770' title='bbox 1494 2036 1652 2064; x_wconf 88' lang='lat' dir='ltr'><strong>decliuarcs</strong></span> <span class='ocrx_word' id='word_1_771' title='bbox 1668 2040 1696 2063; x_wconf 89' lang='lat' dir='ltr'><strong>et</strong></span> <span class='ocrx_word' id='word_1_772' title='bbox 1723 2036 1761 2063; x_wconf 50' lang='lat' dir='ltr'><strong>ir-</strong></span> 
     </span>
    </p>
   </div>
   <div class='ocr_carea' id='block_1_100' title="bbox 969 2083 1760 2122">
    <p class='ocr_par' dir='ltr' id='par_1_100' title="bbox 969 2083 1760 2122">
     <span class='ocr_line' id='line_1_101' title="bbox 969 2083 1760 2122; baseline -0.006 -8"><span class='ocrx_word' id='word_1_773' title='bbox 969 2094 1122 2122; x_wconf 87' lang='lat' dir='ltr'><strong>rnmperes,</strong></span> <span class='ocrx_word' id='word_1_774' title='bbox 1147 2085 1223 2116; x_wconf 83' lang='lat' dir='ltr'><strong>lieet,</strong></span> <span class='ocrx_word' id='word_1_775' title='bbox 1241 2089 1270 2111; x_wconf 89' lang='lat' dir='ltr'><strong>ut</strong></span> <span class='ocrx_word' id='word_1_776' title='bbox 1285 2084 1365 2116; x_wconf 90' lang='lat' dir='ltr'><strong>dicis,</strong></span> <span class='ocrx_word' id='word_1_777' title='bbox 1385 2083 1492 2111; x_wconf 63' lang='lat' dir='ltr'><strong>caelesti</strong></span> <span class='ocrx_word' id='word_1_778' title='bbox 1508 2087 1535 2110; x_wconf 86' lang='lat' dir='ltr'><strong>et</strong></span> <span class='ocrx_word' id='word_1_779' title='bbox 1557 2083 1631 2110; x_wconf 88' lang='lat' dir='ltr'><strong>bono</strong></span> <span class='ocrx_word' id='word_1_780' title='bbox 1649 2083 1760 2118; x_wconf 88' lang='lat' dir='ltr'><strong>spiritui</strong></span> 
     </span>
    </p>
   </div>
   <div class='ocr_carea' id='block_1_101' title="bbox 969 2129 1761 2166">
    <p class='ocr_par' dir='ltr' id='par_1_101' title="bbox 969 2129 1761 2166">
     <span class='ocr_line' id='line_1_102' title="bbox 969 2129 1761 2166; baseline -0.005 -5"><span class='ocrx_word' id='word_1_781' title='bbox 969 2131 1191 2161; x_wconf 79' lang='lat' dir='ltr'><strong>commiscearis?</strong></span> <span class='ocrx_word' id='word_1_782' title='bbox 1215 2130 1340 2166; x_wconf 85' lang='lat' dir='ltr'><strong>Namque</strong></span> <span class='ocrx_word' id='word_1_783' title='bbox 1367 2131 1413 2157; x_wconf 90' lang='lat' dir='ltr'><strong>tali</strong></span> <span class='ocrx_word' id='word_1_784' title='bbox 1441 2129 1535 2157; x_wconf 76' lang='lat' dir='ltr'><strong>{ruens</strong></span> <span class='ocrx_word' id='word_1_785' title='bbox 1563 2129 1714 2156; x_wconf 77' lang='lat' dir='ltr'><strong>auxiliante</strong></span> <span class='ocrx_word' id='word_1_786' title='bbox 1737 2129 1761 2157; x_wconf 80' lang='lat' dir='ltr'><strong>si</strong></span> 
     </span>
    </p>
   </div>
   <div class='ocr_carea' id='block_1_102' title="bbox 969 2175 1761 2212">
    <p class='ocr_par' dir='ltr' id='par_1_102' title="bbox 969 2175 1761 2212">
     <span class='ocr_line' id='line_1_103' title="bbox 969 2175 1761 2212; baseline -0.005 -6"><span class='ocrx_word' id='word_1_787' title='bbox 969 2182 1074 2206; x_wconf 91' lang='lat' dir='ltr'><strong>tantum</strong></span> <span class='ocrx_word' id='word_1_788' title='bbox 1092 2177 1278 2212; x_wconf 83' lang='lat' dir='ltr'><strong>prosternaris</strong></span> <span class='ocrx_word' id='word_1_789' title='bbox 1298 2177 1325 2204; x_wconf 93' lang='lat' dir='ltr'><strong>in</strong></span> <span class='ocrx_word' id='word_1_790' title='bbox 1349 2180 1469 2208; x_wconf 83' lang='lat' dir='ltr'><strong>terrain,</strong></span> <span class='ocrx_word' id='word_1_791' title='bbox 1494 2176 1590 2210; x_wconf 85' lang='lat' dir='ltr'><strong>sicque</strong></span> <span class='ocrx_word' id='word_1_792' title='bbox 1615 2175 1648 2202; x_wconf 86' lang='lat' dir='ltr'><strong>ad</strong></span> <span class='ocrx_word' id='word_1_793' title='bbox 1667 2175 1761 2211; x_wconf 81' lang='lat' dir='ltr'><strong>pejora</strong></span> 
     </span>
    </p>
   </div>
   <div class='ocr_carea' id='block_1_103' title="bbox 970 2221 1760 2258">
    <p class='ocr_par' dir='ltr' id='par_1_103' title="bbox 970 2221 1760 2258">
     <span class='ocr_line' id='line_1_104' title="bbox 970 2221 1760 2258; baseline -0.005 -6"><span class='ocrx_word' id='word_1_794' title='bbox 970 2229 997 2252; x_wconf 91' lang='lat' dir='ltr'><strong>te</strong></span> <span class='ocrx_word' id='word_1_795' title='bbox 1011 2224 1156 2256; x_wconf 77' lang='lat' dir='ltr'><strong>extendas.</strong></span> <span class='ocrx_word' id='word_1_796' title='bbox 1171 2223 1237 2258; x_wconf 91' lang='lat' dir='ltr'><strong>quid</strong></span> <span class='ocrx_word' id='word_1_797' title='bbox 1258 2224 1362 2250; x_wconf 80' lang='lat' dir='ltr'><strong>auxilio</strong></span> <span class='ocrx_word' id='word_1_798' title='bbox 1380 2223 1477 2250; x_wconf 87' lang='lat' dir='ltr'><strong>orbata</strong></span> <span class='ocrx_word' id='word_1_799' title='bbox 1499 2221 1672 2249; x_wconf 80' lang='lat' dir='ltr'><strong>remanebis?</strong></span> <span class='ocrx_word' id='word_1_800' title='bbox 1686 2221 1760 2249; x_wconf 83' lang='lat' dir='ltr'><strong>Eheu</strong></span> 
     </span>
    </p>
   </div>
   <div class='ocr_carea' id='block_1_104' title="bbox 971 2267 1760 2304">
    <p class='ocr_par' dir='ltr' id='par_1_104' title="bbox 971 2267 1760 2304">
     <span class='ocr_line' id='line_1_105' title="bbox 971 2267 1760 2304; baseline -0.006 -6"><span class='ocrx_word' id='word_1_801' title='bbox 971 2271 1060 2299; x_wconf 89' lang='lat' dir='ltr'><strong>letalis</strong></span> <span class='ocrx_word' id='word_1_802' title='bbox 1075 2270 1186 2298; x_wconf 74' lang='lat' dir='ltr'><strong>malitiae</strong></span> <span class='ocrx_word' id='word_1_803' title='bbox 1208 2270 1310 2304; x_wconf 86' lang='lat' dir='ltr'><strong>absque</strong></span> <span class='ocrx_word' id='word_1_804' title='bbox 1328 2269 1445 2296; x_wconf 87' lang='lat' dir='ltr'><strong>mistura</strong></span> <span class='ocrx_word' id='word_1_805' title='bbox 1468 2276 1517 2304; x_wconf 92' lang='lat' dir='ltr'><strong>pro</strong></span> <span class='ocrx_word' id='word_1_806' title='bbox 1534 2268 1606 2295; x_wconf 90' lang='lat' dir='ltr'><strong>bono</strong></span> <span class='ocrx_word' id='word_1_807' title='bbox 1623 2267 1760 2302; x_wconf 82' lang='lat' dir='ltr'><strong>impoten-</strong></span> 
     </span>
    </p>
   </div>
   <div class='ocr_carea' id='block_1_105' title="bbox 969 2314 1760 2352">
    <p class='ocr_par' dir='ltr' id='par_1_105' title="bbox 969 2314 1760 2352">
     <span class='ocr_line' id='line_1_106' title="bbox 969 2314 1760 2352; baseline -0.006 -7"><span class='ocrx_word' id='word_1_808' title='bbox 969 2321 1014 2345; x_wconf 63' lang='lat' dir='ltr'><strong>ter</strong></span> <span class='ocrx_word' id='word_1_809' title='bbox 1028 2317 1163 2352; x_wconf 85' lang='lat' dir='ltr'><strong>jacentis!</strong></span> <span class='ocrx_word' id='word_1_810' title='bbox 1182 2326 1191 2342; x_wconf 83' lang='grc' dir='ltr'><strong>ι</strong></span> <span class='ocrx_word' id='word_1_811' title='bbox 1207 2316 1236 2343; x_wconf 90' lang='lat' dir='ltr'><strong>Si</strong></span> <span class='ocrx_word' id='word_1_812' title='bbox 1260 2324 1315 2343; x_wconf 90' lang='lat' dir='ltr'><strong>non</strong></span> <span class='ocrx_word' id='word_1_813' title='bbox 1337 2323 1352 2343; x_wconf 87' lang='lat' dir='ltr'><strong>a</strong></span> <span class='ocrx_word' id='word_1_814' title='bbox 1371 2315 1427 2342; x_wconf 84' lang='lat' dir='ltr'><strong>Deo</strong></span> <span class='ocrx_word' id='word_1_815' title='bbox 1443 2319 1472 2342; x_wconf 91' lang='lat' dir='ltr'><strong>tu</strong></span> <span class='ocrx_word' id='word_1_816' title='bbox 1489 2314 1567 2347; x_wconf 82' lang='lat' dir='ltr'><strong>mihi,</strong></span> <span class='ocrx_word' id='word_1_817' title='bbox 1582 2324 1591 2340; x_wconf 76' lang='grc' dir='ltr'><strong>ι</strong></span> <span class='ocrx_word' id='word_1_818' title='bbox 1611 2318 1638 2341; x_wconf 84' lang='lat' dir='ltr'><strong>et</strong></span> <span class='ocrx_word' id='word_1_819' title='bbox 1652 2322 1712 2349; x_wconf 88' lang='lat' dir='ltr'><strong>seq.</strong></span> <span class='ocrx_word' id='word_1_820' title='bbox 1732 2314 1760 2340; x_wconf 88' lang='lat' dir='ltr'><strong>Si</strong></span> 
     </span>
    </p>
   </div>
   <div class='ocr_carea' id='block_1_106' title="bbox 972 2359 1760 2391">
    <p class='ocr_par' dir='ltr' id='par_1_106' title="bbox 972 2359 1760 2391">
     <span class='ocr_line' id='line_1_107' title="bbox 972 2359 1760 2391; baseline -0.006 0"><span class='ocrx_word' id='word_1_821' title='bbox 972 2370 1027 2391; x_wconf 91' lang='lat' dir='ltr'><strong>non</strong></span> <span class='ocrx_word' id='word_1_822' title='bbox 1046 2367 1088 2390; x_wconf 84' lang='lat' dir='ltr'><strong>est</strong></span> <span class='ocrx_word' id='word_1_823' title='bbox 1103 2362 1225 2390; x_wconf 61' lang='lat' dir='ltr'><strong>eorlestis</strong></span> <span class='ocrx_word' id='word_1_824' title='bbox 1243 2369 1292 2389; x_wconf 89' lang='lat' dir='ltr'><strong>nec</strong></span> <span class='ocrx_word' id='word_1_825' title='bbox 1310 2361 1345 2388; x_wconf 84' lang='lat' dir='ltr'><strong>ab</strong></span> <span class='ocrx_word' id='word_1_826' title='bbox 1369 2361 1505 2389; x_wconf 87' lang='lat' dir='ltr'><strong>altissimo</strong></span> <span class='ocrx_word' id='word_1_827' title='bbox 1520 2359 1577 2387; x_wconf 86' lang='lat' dir='ltr'><strong>Deo</strong></span> <span class='ocrx_word' id='word_1_828' title='bbox 1592 2364 1690 2387; x_wconf 87' lang='lat' dir='ltr'><strong>natura</strong></span> <span class='ocrx_word' id='word_1_829' title='bbox 1714 2364 1760 2387; x_wconf 86' lang='lat' dir='ltr'><strong>tua</strong></span> 
     </span>
    </p>
   </div>
   <div class='ocr_carea' id='block_1_107' title="bbox 971 2406 1762 2442">
    <p class='ocr_par' dir='ltr' id='par_1_107' title="bbox 971 2406 1762 2442">
     <span class='ocr_line' id='line_1_108' title="bbox 971 2406 1762 2442; baseline -0.006 -5"><span class='ocrx_word' id='word_1_830' title='bbox 971 2414 999 2437; x_wconf 86' lang='lat' dir='ltr'><strong>et</strong></span> <span class='ocrx_word' id='word_1_831' title='bbox 1011 2409 1177 2439; x_wconf 82' lang='lat' dir='ltr'><strong>substantia.</strong></span> <span class='ocrx_word' id='word_1_832' title='bbox 1189 2416 1206 2435; x_wconf 89' lang='grc' dir='ltr'><strong>ο</strong></span> <span class='ocrx_word' id='word_1_833' title='bbox 1222 2407 1324 2440; x_wconf 81' lang='lat' dir='ltr'><strong>anima,</strong></span> <span class='ocrx_word' id='word_1_834' title='bbox 1339 2415 1454 2442; x_wconf 84' lang='lat' dir='ltr'><strong>magnus</strong></span> <span class='ocrx_word' id='word_1_835' title='bbox 1469 2406 1550 2433; x_wconf 87' lang='lat' dir='ltr'><strong>valde</strong></span> <span class='ocrx_word' id='word_1_836' title='bbox 1561 2406 1644 2432; x_wconf 90' lang='lat' dir='ltr'><strong>timor</strong></span> <span class='ocrx_word' id='word_1_837' title='bbox 1662 2410 1690 2433; x_wconf 90' lang='lat' dir='ltr'><strong>et</strong></span> <span class='ocrx_word' id='word_1_838' title='bbox 1703 2410 1762 2433; x_wconf 89' lang='lat' dir='ltr'><strong>tre-</strong></span> 
     </span>
    </p>
   </div>
   <div class='ocr_carea' id='block_1_108' title="bbox 974 2453 1761 2488">
    <p class='ocr_par' dir='ltr' id='par_1_108' title="bbox 974 2453 1761 2488">
     <span class='ocr_line' id='line_1_109' title="bbox 974 2453 1761 2488; baseline -0.004 -6"><span class='ocrx_word' id='word_1_839' title='bbox 974 2463 1034 2482; x_wconf 91' lang='lat' dir='ltr'><strong>mor</strong></span> <span class='ocrx_word' id='word_1_840' title='bbox 1045 2459 1073 2481; x_wconf 83' lang='lat' dir='ltr'><strong>et</strong></span> <span class='ocrx_word' id='word_1_841' title='bbox 1085 2455 1156 2482; x_wconf 88' lang='lat' dir='ltr'><strong>lucta</strong></span> <span class='ocrx_word' id='word_1_842' title='bbox 1168 2455 1301 2485; x_wconf 84' lang='lat' dir='ltr'><strong>occurrit.</strong></span> <span class='ocrx_word' id='word_1_843' title='bbox 1316 2461 1350 2481; x_wconf 92' lang='lat' dir='ltr'><strong>ne</strong></span> <span class='ocrx_word' id='word_1_844' title='bbox 1365 2453 1435 2481; x_wconf 81' lang='lat' dir='ltr'><strong>forte</strong></span> <span class='ocrx_word' id='word_1_845' title='bbox 1451 2459 1521 2479; x_wconf 88' lang='lat' dir='ltr'><strong>vana</strong></span> <span class='ocrx_word' id='word_1_846' title='bbox 1543 2453 1628 2488; x_wconf 90' lang='lat' dir='ltr'><strong>gloria</strong></span> <span class='ocrx_word' id='word_1_847' title='bbox 1643 2457 1761 2480; x_wconf 82' lang='lat' dir='ltr'><strong>Iumeam</strong></span> 
     </span>
    </p>
   </div>
   <div class='ocr_carea' id='block_1_109' title="bbox 975 2499 1762 2535">
    <p class='ocr_par' dir='ltr' id='par_1_109' title="bbox 975 2499 1762 2535">
     <span class='ocr_line' id='line_1_110' title="bbox 975 2499 1762 2535; baseline -0.003 -8"><span class='ocrx_word' id='word_1_848' title='bbox 975 2505 1002 2527; x_wconf 87' lang='lat' dir='ltr'><strong>et</strong></span> <span class='ocrx_word' id='word_1_849' title='bbox 1016 2500 1169 2535; x_wconf 82' lang='lat' dir='ltr'><strong>arrogantia</strong></span> <span class='ocrx_word' id='word_1_850' title='bbox 1187 2508 1229 2527; x_wconf 91' lang='lat' dir='ltr'><strong>me</strong></span> <span class='ocrx_word' id='word_1_851' title='bbox 1248 2501 1377 2532; x_wconf 79' lang='lat' dir='ltr'><strong>exaltem,</strong></span> <span class='ocrx_word' id='word_1_852' title='bbox 1394 2503 1549 2527; x_wconf 86' lang='lat' dir='ltr'><strong>creaturam</strong></span> <span class='ocrx_word' id='word_1_853' title='bbox 1570 2502 1597 2526; x_wconf 90' lang='lat' dir='ltr'><strong>ct</strong></span> <span class='ocrx_word' id='word_1_854' title='bbox 1615 2499 1762 2534; x_wconf 84' lang='lat' dir='ltr'><strong>imaginem</strong></span> 
     </span>
    </p>
   </div>
   <div class='ocr_carea' id='block_1_110' title="bbox 975 2545 1218 2581">
    <p class='ocr_par' dir='ltr' id='par_1_110' title="bbox 975 2545 1218 2581">
     <span class='ocr_line' id='line_1_111' title="bbox 975 2545 1218 2581; baseline 0.004 -9"><span class='ocrx_word' id='word_1_855' title='bbox 975 2545 1023 2573; x_wconf 88' lang='lat' dir='ltr'><strong>Dei</strong></span> <span class='ocrx_word' id='word_1_856' title='bbox 1045 2554 1088 2573; x_wconf 87' lang='lat' dir='ltr'><strong>me</strong></span> <span class='ocrx_word' id='word_1_857' title='bbox 1101 2546 1218 2581; x_wconf 86' lang='lat' dir='ltr'><strong>jactaus.</strong></span> 
     </span>
    </p>
   </div>
   <div class='ocr_carea' id='block_1_111' title="bbox 976 2683 1603 2720">
    <p class='ocr_par' dir='ltr' id='par_1_111' title="bbox 976 2683 1603 2720">
     <span class='ocr_line' id='line_1_112' title="bbox 976 2683 1603 2720; baseline 0 -8"><span class='ocrx_word' id='word_1_858' title='bbox 976 2686 1009 2713; x_wconf 85' lang='lat'><strong>87</strong></span> <span class='ocrx_word' id='word_1_859' title='bbox 1031 2685 1199 2720; x_wconf 80' lang='lat' dir='ltr'><strong>Figmentum</strong></span> <span class='ocrx_word' id='word_1_860' title='bbox 1217 2685 1265 2713; x_wconf 86' lang='lat' dir='ltr'><strong>Dei</strong></span> <span class='ocrx_word' id='word_1_861' title='bbox 1279 2684 1432 2720; x_wconf 74' lang='lat' dir='ltr'><strong>paradisus,</strong></span> <span class='ocrx_word' id='word_1_862' title='bbox 1449 2683 1534 2718; x_wconf 71' lang='lat' dir='ltr'><strong>Edon,</strong></span> <span class='ocrx_word' id='word_1_863' title='bbox 1548 2688 1603 2712; x_wconf 82' lang='lat' dir='ltr'><strong>etc.</strong></span> 
     </span>
    </p>
   </div>
   <div class='ocr_carea' id='block_1_112' title="bbox 1011 2739 1765 2776">
    <p class='ocr_par' dir='ltr' id='par_1_112' title="bbox 1011 2739 1765 2776">
     <span class='ocr_line' id='line_1_113' title="bbox 1011 2739 1765 2776; baseline -0.001 -8"><span class='ocrx_word' id='word_1_864' title='bbox 1011 2741 1110 2769; x_wconf 88' lang='lat' dir='ltr'><strong>Dicens</strong></span> <span class='ocrx_word' id='word_1_865' title='bbox 1125 2742 1265 2770; x_wconf 74' lang='lat' dir='ltr'><strong>cmlesteiu</strong></span> <span class='ocrx_word' id='word_1_866' title='bbox 1280 2743 1400 2769; x_wconf 86' lang='lat' dir='ltr'><strong>animam</strong></span> <span class='ocrx_word' id='word_1_867' title='bbox 1413 2746 1545 2776; x_wconf 88' lang='lat' dir='ltr'><strong>tanquam</strong></span> <span class='ocrx_word' id='word_1_868' title='bbox 1563 2741 1610 2769; x_wconf 89' lang='lat' dir='ltr'><strong>Dei</strong></span> <span class='ocrx_word' id='word_1_869' title='bbox 1635 2739 1765 2768; x_wconf 72' lang='lat' dir='ltr'><strong>altissimi</strong></span> 
     </span>
    </p>
   </div>
   <div class='ocr_carea' id='block_1_113' title="bbox 975 2787 1766 2825">
    <p class='ocr_par' dir='ltr' id='par_1_113' title="bbox 975 2787 1766 2825">
     <span class='ocr_line' id='line_1_114' title="bbox 975 2787 1766 2825; baseline -0.001 -9"><span class='ocrx_word' id='word_1_870' title='bbox 975 2789 1091 2825; x_wconf 84' lang='lat' dir='ltr'><strong>plasma,</strong></span> <span class='ocrx_word' id='word_1_871' title='bbox 1114 2789 1228 2824; x_wconf 79' lang='lat' dir='ltr'><strong>ideoque</strong></span> <span class='ocrx_word' id='word_1_872' title='bbox 1251 2789 1284 2816; x_wconf 88' lang='lat' dir='ltr'><strong>ab</strong></span> <span class='ocrx_word' id='word_1_873' title='bbox 1306 2789 1366 2824; x_wconf 88' lang='lat' dir='ltr'><strong>ipso</strong></span> <span class='ocrx_word' id='word_1_874' title='bbox 1390 2787 1522 2823; x_wconf 84' lang='lat' dir='ltr'><strong>adjutam,</strong></span> <span class='ocrx_word' id='word_1_875' title='bbox 1545 2787 1670 2824; x_wconf 69' lang='lat' dir='ltr'><strong>quaedam</strong></span> <span class='ocrx_word' id='word_1_876' title='bbox 1693 2787 1766 2815; x_wconf 78' lang='lat' dir='ltr'><strong>inter</strong></span> 
     </span>
    </p>
   </div>
   <div class='ocr_carea' id='block_1_114' title="bbox 169 2877 1191 2914">
    <p class='ocr_par' dir='ltr' id='par_1_114' title="bbox 169 2877 1191 2914">
     <span class='ocr_line' id='line_1_115' title="bbox 169 2877 1191 2914; baseline 0.004 -10"><span class='ocrx_word' id='word_1_877' title='bbox 169 2877 227 2914; x_wconf 71' lang='grc'><strong>(67)</strong></span> <span class='ocrx_word' id='word_1_878' title='bbox 248 2877 418 2914; x_wconf 55' lang='lat' dir='ltr'><strong>Maeror,</strong></span> <span class='ocrx_word' id='word_1_879' title='bbox 435 2879 476 2908; x_wconf 87' lang='lat' dir='ltr'><strong>sic</strong></span> <span class='ocrx_word' id='word_1_880' title='bbox 491 2879 572 2914; x_wconf 86' lang='lat' dir='ltr'><strong>cod.;</strong></span> <span class='ocrx_word' id='word_1_881' title='bbox 587 2879 757 2908; x_wconf 83' lang='lat' dir='ltr'><strong>addubitavit</strong></span> <span class='ocrx_word' id='word_1_882' title='bbox 771 2880 842 2908; x_wconf 85' lang='lat' dir='ltr'><strong>hanc</strong></span> <span class='ocrx_word' id='word_1_883' title='bbox 865 2879 978 2908; x_wconf 80' lang='lat' dir='ltr'><strong>formam</strong></span> <span class='ocrx_word' id='word_1_884' title='bbox 997 2878 1191 2909; x_wconf 83' lang='lat' dir='ltr'><strong>Schneiderus.</strong></span> 
     </span>
    </p>
   </div>
  </div>
