1936 3042
210 139 262 168 T59

210 200 330 228 maxima
356 201 458 228 auxilia
476 208 536 236 quae
552 208 602 236 pro
623 201 681 236 ipsa
707 201 834 236 praestitit
858 205 999 229 memorat.

210 246 303 273 Primo
322 254 388 282 ergo
400 246 559 281 paradisum
579 246 606 273 in
630 246 704 274 Eden
728 247 755 273 in
772 247 869 274 anima:
882 247 1000 274 hominis

210 292 332 319 favorem
359 293 510 328 plantavit;
531 296 558 319 et
581 293 701 328 primum
723 293 808 321 decus
831 293 1000 328 gloriamque

209 337 331 373 perfudit
354 338 381 365 in
405 338 494 373 ipsqu
520 346 601 373 quem
625 339 659 366 ad
678 339 822 374 imaginem
847 339 1000 367 similitudie

208 391 328 418 ueloque
343 391 421 411 suam
439 384 601 419 plasmavit;
623 384 723 412 deinde
740 385 766 412 in
790 385 921 412 auxilium
947 385 999 420 ipsi

207 429 282 456 dedit
312 431 472 457 mandatum
499 438 551 465 quo
571 430 717 457 observato
735 430 950 458 immortalitatis
972 434 999 457 et

207 474 392 503 deiiicationis
421 484 485 511 spes
522 476 743 510 promittebatur.
774 477 901 503 Admissa
935 484 999 503 vero

206 523 430 556 transgressione
454 523 481 549 in
500 521 676 556 irrequietam
692 523 775 549 vitam
790 523 883 554 istam,
903 530 998 557 pecca-

207 566 244 592 tis
258 566 442 594 abundantem
460 571 488 594 et
510 568 653 594 mortalem
672 568 736 595 inde
752 568 857 603 lapsura
874 570 997 600 noxium,

207 613 248 640 sic
271 613 330 640 sine
347 614 484 647 adjutorio
502 623 556 642 non
577 615 697 650 neglexit
715 615 857 642 hominum
880 620 996 643 amator.

205 658 328 687 Diversis
355 661 546 687 institutorum
570 661 719 696 generibus
743 662 800 688 sive
823 661 999 696 generaliori-

206 705 271 737 bus,
291 707 348 734 sive
361 709 449 742 magis
461 709 628 742 specialibus
642 709 795 744 impietates
809 713 835 735 et
851 708 996 743 impiorum

205 753 234 780 in
256 754 343 788 ipsum
369 754 480 788 indigne
506 759 567 781 acta
595 754 671 790 juxta
698 755 835 789 justitiam
859 754 997 781 insecutus

205 805 246 827 est
265 810 271 827 :
288 800 329 827 sic
355 801 485 834 paulatim
512 801 555 827 sui
587 801 675 836 ipsius
698 801 846 836 agnitionis
872 801 998 828 instituta

204 847 306 879 dabat;
324 851 349 873 et
368 855 438 882 aqua
460 848 541 875 morti
557 848 681 875 deditum
697 847 841 875 inundavit
864 848 996 874 mundum

204 898 231 920 et
245 893 399 928 fulguribus
420 893 578 921 incendium
601 894 795 929 spargenlibus
817 893 996 921 Sodomorum

205 939 349 968 lasciviam
368 941 395 967 in
407 941 526 967 cinerem
540 941 654 976 redegit.
668 940 771 968 Deinde
782 944 843 975 post
855 941 912 968 haec
925 940 996 967 aliud

203 985 354 1013 remedium
384 990 430 1013 aut
453 986 586 1013 auxilium
611 987 804 1021 peccatoribus
827 987 870 1013 lex
895 986 997 1021 scripta

204 1039 253 1066 per
271 1031 391 1067 Moysem
415 1032 577 1059 insinuavit.
596 1032 719 1065 Quorum
735 1032 856 1059 omnium
876 1031 997 1059 fortissi-

204 1085 290 1108 mum.
311 1077 428 1105 Domino
451 1078 645 1114 dignissimum
661 1082 688 1106 et
712 1078 842 1113 pietatem
858 1086 923 1113 erga
946 1078 997 1105 ho-

205 1123 296 1150 mines
323 1124 443 1158 spirans,
465 1124 524 1158 ipse
540 1124 567 1150 in
586 1129 739 1159 temporum
754 1124 937 1158 plenitudine,
960 1124 997 1151 si-

204 1177 270 1196 num
289 1169 379 1197 Patris
397 1178 451 1197 non
475 1171 632 1205 relinquens
655 1169 740 1197 Filius
757 1170 914 1205 unigenitus
937 1169 994 1202 Dei,

204 1213 339 1248 Verbum,
365 1223 522 1250 supremam
549 1215 596 1242 Dei
622 1219 748 1241 naturam
776 1215 902 1241 humana:
928 1222 996 1241 con-

205 1262 304 1294 iunxit,
331 1266 406 1289 tolus
435 1261 588 1289 secundum
621 1261 791 1297 hypostasim
811 1265 870 1287 tota
898 1265 996 1287 natura

204 1308 324 1334 humana
351 1315 411 1335 sese
437 1307 583 1335 includens
606 1308 792 1340 iiiell‘abiliter,
816 1309 853 1335 ita
877 1315 905 1336 ut
924 1308 996 1336 Deus

204 1354 383 1387 ‘nnpassibilis
399 1362 524 1385 manens,
544 1354 722 1389 passionibus
739 1355 808 1382 meis
824 1362 838 1381 a
854 1360 931 1390 parte
943 1355 995 1381 hu-

204 1407 285 1426 mana
305 1400 423 1434 patiens,
447 1399 637 1427 fortitudinem
667 1405 693 1427 et
709 1401 780 1428 vires
806 1401 873 1428 mihi
894 1401 996 1436 praebe-

205 1449 255 1477 ret,
278 1451 305 1473 et
322 1454 365 1473 me
382 1447 526 1473 mortalem
553 1446 613 1482 ipso
630 1451 840 1475 consummante
856 1447 936 1474 deum
956 1447 996 1474 ef-

206 1491 309 1520 ﬁceret.
326 1492 402 1519 Adeo
424 1500 501 1528 ergo,
519 1493 556 1519 ait
576 1493 666 1520 anima
689 1502 703 1520 a
722 1493 776 1521 Deo
794 1494 947 1520 illuminata
969 1497 996 1521 et

203 1539 294 1567 divina
320 1539 458 1572 revelans,
488 1539 555 1566 mibi
583 1540 711 1574 praestitis
737 1541 772 1567 ab
800 1541 905 1575 optimo
931 1540 996 1567 boni

203 1589 328 1611 amatore
360 1585 522 1615 beneﬁciis.
547 1589 742 1620 praepotentem
772 1590 801 1611 ut
829 1590 856 1611 et
886 1585 997 1620 perillu-

204 1635 289 1657 strem
318 1630 405 1656 habeo
428 1631 562 1656 animam.
579 1629 680 1657 Verum
700 1638 780 1658 suum
805 1639 881 1657 more
901 1632 946 1665 qui
967 1639 997 1658 se

204 1675 332 1702 occidere
359 1676 437 1710 quasi
472 1675 576 1707 furunt,
601 1676 683 1703 corde
712 1676 814 1703 volenti
841 1676 868 1703 in
895 1676 996 1703 ferrum

204 1727 327 1750 ruentes.
345 1722 376 1748 ad
400 1727 515 1749 mortem
535 1731 597 1757 qua:
608 1722 878 1759 obpeccatumnobis
894 1723 997 1758 impcn-

204 1768 250 1795 det
270 1768 423 1802 praecipites
445 1769 619 1795 iestinamus.

205 1813 314 1848 Ecquod
329 1814 388 1841 vilic
407 1814 503 1840 bonum
518 1813 566 1841 Dei
577 1813 645 1841 tum?
659 1819 685 1841 ct
704 1823 762 1849 seq.

243 1859 273 1886 ln
291 1860 325 1887 iis
346 1866 406 1894 qua:
424 1861 600 1894 reperiuntur
622 1861 649 1887 in
676 1861 727 1888 hac
745 1862 799 1888 vita
815 1861 878 1896 quid
897 1861 996 1889 testiﬁ-

205 1905 323 1932 candum
349 1910 390 1932 est
415 1906 538 1933 bonum?
569 1905 744 1933 Unanimiter
767 1907 995 1942 respondebitur,

206 1951 298 1978 lumen
316 1949 415 1982 :Nam,
429 1951 528 1985 inquit,
544 1951 614 1978 vidit
631 1952 702 1979 Dens
724 1952 816 1979 lumen
831 1952 903 1987 quod
924 1956 997 1980 esset

204 1999 328 2032 bonum;
344 2004 370 2026 et
391 1999 458 2034 quid
487 1999 560 2026 aliud
582 2000 681 2027 melius
704 2004 750 2026 aut
760 2000 909 2035 jucundius
925 2006 996 2027 esset

205 2053 301 2072 eorum
318 2052 379 2080 qua:
399 2051 463 2072 sunt
479 2046 506 2072 in
524 2046 600 2072 vita?
624 2046 676 2073 Sed
693 2050 720 2073 et
738 2054 771 2073 ne
787 2046 845 2081 ipse
861 2048 995 2082 particeps

206 2093 258 2119 sim
281 2096 329 2118 aut
350 2091 427 2119 fruar
451 2093 549 2127 majori
574 2097 652 2128 parte
677 2092 765 2127 ipsius
790 2100 833 2120 me
852 2094 950 2120 invida:
968 2099 995 2121 et

205 2138 309 2165 odiosae
330 2138 438 2173 privam
462 2139 593 2170 tenebrat.
620 2139 707 2167 aciem
730 2139 874 2166 oculorum
893 2140 993 2167 obseu-

206 2190 317 2217 rantes,
347 2193 396 2212 nec
417 2185 483 2212 mihi
502 2185 563 2220 plus
583 2185 665 2219 hujus
690 2190 813 2214 remanet
841 2186 953 2214 luminis
970 2186 992 2214 si

206 2231 251 2265 pie
260 2232 352 2258 vivere
373 2235 496 2266 reputor.
515 2231 645 2264 Quinimo
661 2232 751 2266 majus
774 2232 865 2259 lumen
886 2232 994 2260 videtur

206 2277 278 2311 apud
292 2277 402 2311 impios,
419 2277 490 2304 unde
506 2285 549 2304 me
561 2278 702 2304 oculorum
717 2278 777 2304 acie
792 2277 914 2305 hebetem
931 2286 993 2313 pre-

207 2327 285 2350 catur
302 2323 372 2350 idem
389 2331 451 2350 cum
479 2323 532 2350 illis
556 2325 616 2350 visu
639 2331 769 2358 prospere
791 2323 912 2358 assequi,
931 2324 994 2351 licet

207 2369 260 2396 alia
292 2377 324 2396 ex
354 2374 430 2404 parte
462 2369 620 2397 inﬁrmitate
644 2369 764 2396 laborem
792 2373 819 2396 et
844 2376 942 2396 onerer
967 2373 994 2397 et

206 2419 341 2450 aegrotans
354 2414 405 2441 sim
422 2420 449 2441 et
467 2414 563 2449 jacens
584 2420 610 2442 et
623 2415 746 2449 abjectus
763 2424 769 2441 :
785 2422 880 2442 verum
896 2414 943 2442 Dei
961 2416 994 2442 ti-

206 2468 266 2487 mor
281 2468 324 2487 me
339 2460 472 2487 humilem
485 2461 531 2488 diu
547 2465 686 2495 noctuque
698 2461 912 2496 cogitationibus
927 2469 994 2489 enn-

206 2507 345 2533 tnrhntum
359 2511 385 2534 et
398 2511 592 2541 consumptum
606 2507 683 2534 facit.

207 2552 258 2579 Ille
270 2561 309 2580 me
327 2554 453 2588 superbus
468 2554 590 2587 supinum
603 2553 707 2588 impulit
725 2558 806 2586 retro,
823 2557 851 2580 et
861 2561 917 2588 seq.

243 2629 289 2657 Illa
305 2630 421 2665 superba
437 2631 492 2658 vita
506 2635 533 2658 et
548 2631 668 2664 excelsa,
687 2631 733 2658 illa
747 2631 838 2658 mollis
855 2634 882 2658 et
899 2631 996 2659 crude-

206 2677 241 2704 lis
255 2681 282 2704 et
298 2677 426 2712 languida
450 2677 476 2704 iu
492 2678 689 2713 voluptatibus,
708 2677 774 2713 pede
791 2683 882 2705 terens
902 2677 946 2704 illa
968 2681 996 2704 et

206 2729 221 2748 a
238 2722 421 2756 propensioue
437 2722 463 2749 in
488 2730 663 2758 progressum
688 2724 840 2758 reprimens
856 2730 899 2749 me
922 2728 996 2749 retro

207 2767 313 2801 repellit
328 2764 416 2798 :Dixi,
440 2769 538 2803 inquit,
556 2773 580 2796 cl
607 2770 720 2796 timores
734 2773 761 2795 et
782 2774 872 2796 metus
891 2772 918 2795 et
938 2772 994 2795 tre-

208 2819 298 2839 mores
319 2812 419 2844 qnibus
443 2818 469 2840 te
491 2817 611 2848 torquet,
634 2813 779 2842 Tartarum
805 2813 992 2845 tenebrosum,

243 2879 298 2914 (48)
318 2878 385 2907 Cod.
401 2880 611 2916 νοσιλξιόμενος.

890 139 1037 169 NlCETAS
1056 139 1160 168 DAVID

1787 142 1846 170 τω

1053 202 1150 234 αὐτοῦ,
1169 201 1320 237 ὑπόμνησιν
1346 201 1380 228 δι’
1405 200 1501 235 ὀλίγων
1520 201 1573 227 τῶν
1591 200 1727 236 μεγίστων
1751 202 1845 230 αὐτοῦ

1052 248 1249 284 βοηθημάτων,
1268 244 1305 274 ὧν
1328 248 1398 283 ὑπὲρ
1417 247 1501 283 αὐτῆς
1523 247 1683 283 εἰργάσατο,
1707 250 1842 276 ποιεῖται.

1052 293 1162 330 Πρῶτον
1177 291 1223 320 οὖν
1240 293 1284 320 τὸν
1295 293 1458 329 παράδεισον
1467 294 1512 320 τὸν
1525 294 1553 320 ὲν
1574 293 1654 328 Ἐδὲμ
1667 293 1711 320 διὰ
1725 294 1776 329 τὴν
1791 294 1842 320 τοῦ

1051 340 1194 376 ἀνθρώπου
1217 339 1347 374 ἐφύτευσε
1371 340 1478 375 ψυχήν·
1494 339 1542 366 καὶ
1565 339 1672 374 πρῶτον
1689 339 1738 374 μὲν
1759 340 1844 371 κλέος

1050 386 1125 421 αὐτῴ
1142 385 1253 421 κατέχεε
1275 386 1322 412 καὶ
1344 385 1438 418 δόξαν,
1457 385 1516 412 κατ’
1530 386 1622 412 είκόνα
1644 385 1750 416 πλάσας
1768 385 1843 411 ἰδὶαν

1050 433 1097 460 καὶ
1111 433 1240 468 ὁμοίωσιν
1252 441 1259 448 ·
1274 433 1368 459 ἔπειτα
1381 432 1491 468 ἐντολὴν
1504 432 1578 468 αὐτῷ
1592 432 1701 461 δεδώκει
1715 435 1755 465 εἰς
1773 433 1845 469 βοή-

1051 479 1134 510 θειαν,
1145 477 1178 514 ἧς
1187 479 1235 514 τῆς
1245 479 1391 511 ἀθανασίας
1399 479 1474 510 ἐλπὶς
1487 479 1532 505 καὶ
1541 478 1662 510 οεὼσεως
1670 479 1842 514 ἐπήγγελτα-

1051 525 1233 560 παραόᾱισεως
1247 525 1275 551 δὲ
1290 525 1455 560 γενομένης,
1480 525 1526 551 καὶ
1539 526 1578 556 εἰς
1592 525 1636 552 τὸν
1651 525 1760 560 ἐμπαθῆ
1775 534 1843 552 του-

1049 572 1106 598 τονὶ
1125 572 1182 607 βίον
1201 571 1247 598 καὶ
1265 571 1449 607 ἁμαρτητικὸν
1465 571 1513 598 καὶ
1529 571 1625 606 θνητὸν
1640 570 1687 598 τοῦ
1710 572 1842 606 παραδε-

1049 618 1163 654 6ηκότος
1188 618 1291 644 ἐκεῖθεν
1313 617 1518 652 ὁλισθήσαντος,
1544 617 1597 643 οὐδ’
1620 616 1706 649 οὕτως
1722 617 1805 644 αὐτὸν
1824 618 1842 643 6

1049 663 1239 698 φιλάνθρωπος
1263 663 1413 698 ἀϐοήθητον
1428 662 1566 698 παρεῖδεν,
1580 662 1717 698 διαφόροις
1730 664 1757 690 δὲ
1774 665 1842 698 τρό-

1049 718 1109 740 ποις
1122 708 1246 740 παιδείας
1270 708 1495 743 καθολικωτέροις
1511 708 1558 734 καὶ
1573 708 1768 744 μερικωτέροις
1785 710 1841 741 τὰς

1048 754 1175 786 ἀσεϐείας
1189 754 1235 780 καὶ
1250 754 1362 786 ἁϐεσίας
1369 753 1420 780 τῶν
1431 754 1470 785 εἰς
1482 754 1563 780 αὑτὸν
1577 754 1746 781 ἀσεϐούντων
1757 756 1785 781 ἐν
1796 755 1841 781 δι-

1051 800 1178 836 καιοσύνῃ
1196 800 1403 835 μετερχόμενος,
1415 800 1485 826 οὕτω
1505 800 1576 827 κατὰ
1591 801 1688 837 μικρὸν
1703 801 1771 837 πρὸς
1786 802 1839 837 τὴν

1057 847 1124 874 ἰδίαν
1138 846 1220 873 αὐτοῦ
1237 846 1381 881 ἐπίγνωσιν
1403 846 1602 881 ἐπαιδαγώγει·
1622 847 1670 873 καὶ
1688 847 1765 874 ὕδατι
1786 848 1839 883 μὲν

1048 893 1221 924 κατακλύσας
1235 892 1278 919 τὸν
1294 892 1394 928 κόσμον
1404 892 1509 927 ὀλέθρῳ
1525 887 1701 928 παραδέδωκε
1710 914 1718 925 ,
1737 902 1839 928 κεραυ-

1048 938 1103 968 νοῖς
1114 936 1142 962 δὲ
1157 936 1336 972 πρηστηριοις
1347 937 1397 972 τὴν
1410 936 1464 963 τῶν
1477 937 1635 972 Σοδομηνῶν
1649 937 1837 974 ὲξετέφρωσεν

1047 983 1189 1017 ἀσέλγειαν
1200 992 1206 998 ·
1221 983 1315 1010 ἔπειτα
1333 983 1401 1018 μετά
1421 983 1507 1010 ταῦτα
1520 983 1583 1010 ἄλλο
1599 985 1676 1019 ἴαμα,
1693 985 1752 1020 ἦτοι
1767 985 1834 1020 βοή-

1047 1030 1140 1065 Οημα,
1157 1031 1212 1062 τοῖς
1228 1030 1429 1065 ἁμαρτάνουσιν
1447 1031 1461 1057 ὁ
1477 1030 1598 1065 γραπτὰς
1611 1031 1692 1066 νόμος
1708 1031 1752 1057 διὰ
1768 1031 1833 1058 Μω-

1049 1078 1117 1109 σέως
1131 1076 1313 1112 παρεισῆλθεν
1324 1085 1330 1091 ·
1348 1079 1378 1103 τὸ
1398 1077 1507 1104 πάντων
1522 1077 1683 1112 κράτιστον,
1698 1078 1836 1114 κυριώτα-

1046 1123 1091 1149 τόν
1107 1131 1136 1149 τε
1154 1123 1201 1150 καὶ
1214 1122 1468 1158 φιλανθρωπότατον
1479 1143 1486 1155 ,
1503 1123 1584 1154 αὐτὸς
1598 1123 1628 1149 ὲν
1646 1123 1685 1158 τῷ
1696 1123 1750 1150 τῶν
1768 1124 1835 1159 χρό-

1047 1178 1099 1195 νων
1117 1168 1279 1204 πληρώματι
1302 1169 1355 1195 τῶν
1371 1168 1513 1204 πατρικῶν
1529 1169 1560 1195 οὑ
1579 1169 1690 1201 διαστὰς
1700 1171 1807 1197 κόλπων
1820 1171 1836 1196 ό

1048 1214 1194 1250 μονογενὴς
1211 1214 1276 1246 Θεὸς
1298 1214 1383 1248 Λόγος
1406 1215 1455 1249 τὴν
1471 1214 1617 1250 θεαρχικὴν
1634 1215 1714 1250 φύσιν
1736 1217 1769 1250 τῇ
1786 1217 1837 1242 ἀν-

1047 1260 1170 1295 θρωπίνῃ
1198 1260 1394 1295 συνεκέρασεν,
1419 1260 1478 1292 ὅλος
1509 1260 1557 1296 ὅλῃ
1589 1260 1650 1287 καθ’
1684 1261 1837 1288 ὑπόστασιν

1047 1305 1207 1340 ἀπορῤήτως
1240 1304 1448 1340 συνενούμενος,
1474 1305 1545 1336 ὅπως
1575 1304 1607 1332 ἂν
1629 1305 1694 1337 Θεὸς
1724 1307 1837 1342 ἀπαθὴς

1048 1350 1153 1386 μένων,
1177 1352 1234 1382 τοῖς
1257 1351 1332 1385 ἐμοῖς
1356 1350 1383 1377 δὲ
1398 1351 1496 1377 πάοεσι
1517 1351 1555 1386 τῷ
1573 1351 1736 1387 ἀνθρωπίνῳ
1755 1353 1836 1388 μέρει

1047 1397 1157 1428 παθὼν,
1184 1397 1259 1433 ἰσχύν
1280 1398 1310 1423 τέ
1329 1406 1373 1432 μοι
1389 1398 1435 1424 καὶ
1454 1397 1567 1433 δύναμιν
1586 1399 1739 1434 παράσχοι,
1762 1399 1835 1434 κὰμ-ὲ

1046 1443 1092 1470 τὸν
1106 1443 1209 1479 βροτὸν,
1219 1443 1279 1470 Οεὺν
1287 1443 1437 1475 ἀποδείξειε
1446 1443 1684 1479 τελεσιουργήσας.
1699 1443 1836 1470 Τοσοῦτον

1046 1488 1092 1516 οὖν
1106 1499 1160 1525 μοι,
1175 1490 1256 1524 φησὶν
1267 1491 1283 1525 ἡ
1295 1489 1497 1525 θεοπτικωτάτη
1511 1489 1584 1524 ψυχὴ
1601 1490 1646 1516 καὶ
1660 1489 1834 1525 θεορῥήμων,

1045 1537 1100 1564 τῶν
1115 1537 1167 1563 ὑπὸ
1178 1536 1225 1563 τοῦ
1236 1536 1384 1571 φιλαγὰθου
1395 1536 1610 1571 παρεσχημένων
1624 1536 1833 1571 εύεργημάτων,

1046 1583 1120 1618 ὅμως
1131 1583 1285 1618 ἀδάμαστον
1297 1583 1336 1608 ἔτι
1351 1582 1398 1609 καὶ
1411 1583 1585 1617 ὑπερήφανον
1601 1582 1654 1617 ἔχω
1664 1582 1713 1617 τὴν
1729 1582 1817 1616 ψυχήν
1827 1591 1834 1597 ”

1047 1630 1120 1656 συῶν
1135 1629 1164 1656 δὲ
1176 1629 1276 1665 τρόπον
1297 1629 1436 1664 αὑτοφόνῳ
1454 1629 1537 1664 μανία
1550 1629 1597 1655 καὶ
1611 1628 1725 1664 καρδίας
1740 1629 1838 1655 abbat-

1047 1676 1116 1711 ρέτῳ
1133 1676 1202 1711 ῥοπῇ
1225 1675 1292 1710 πρὸς
1314 1675 1360 1701 τὸν
1382 1675 1505 1709 σίδηρον,
1523 1675 1610 1702 εἶτουν
1630 1675 1674 1701 τὸν
1692 1675 1726 1701 δι’
1743 1676 1837 1709 ἁμαρ-

1045 1722 1105 1754 τίας
1119 1721 1313 1756 ἀπειλούμενον
1330 1722 1394 1757 ἡμῖν
1412 1721 1525 1748 θάνατον
1536 1743 1543 1754 ,
1560 1721 1663 1756 σπουδῇ
1679 1721 1832 1757 χωροῦμεν.

1049 1814 1126 1839 Τι’πτ’
1140 1812 1252 1847 ἀγαθὸν
1264 1813 1396 1845 ,βιότοιίη
1412 1812 1485 1840 Θεοῦ
1497 1812 1583 1847 φάος,
1596 1821 1621 1839 κ.
1635 1821 1660 1840 τ.
1680 1812 1721 1845 ἐξ.

1082 1858 1114 1884 Τί
1132 1859 1196 1885 ποτέ
1212 1861 1269 1885 ἐστι
1292 1859 1345 1884 τῶν
1363 1859 1392 1885 ὲν
1405 1858 1472 1894 τῷδε
1491 1858 1530 1893 τῷ
1547 1858 1596 1892 βίῳ
1611 1858 1833 1894 μαρτυρούμενον

1046 1907 1142 1938 καλόν;
1162 1906 1273 1937 Πάντως
1294 1905 1520 1940 συνομολογήσεις
1535 1905 1564 1931 τὸ
1584 1905 1651 1938 φῶς.
1672 1902 1752 1930 Εἷδεν
1767 1905 1833 1939 γὰρ,

1046 1952 1128 1986 φησὶν
1140 1973 1147 1984 ,
1173 1952 1186 1977 ό
1201 1951 1267 1982 Θεὸς
1290 1950 1320 1977 τὸ
1337 1950 1394 1984 φῶς
1417 1951 1458 1977 ὅτι
1475 1950 1556 1976 καλόν
1567 1957 1575 1966 ⁴
1597 1950 1622 1976 τί
1636 1949 1658 1976 δ’
1673 1950 1706 1976 ἂν
1725 1950 1773 1977 καὶ
1789 1951 1833 1985 εἴη

1046 1999 1108 2026 ἄλλο
1128 1997 1260 2034 βέλτιονῆ
1281 1998 1354 2032 ἥδιον
1369 1998 1425 2028 τοῖς
1447 1997 1476 2022 ὲν
1495 1997 1533 2031 τῷ
1549 1996 1616 2031 βίῳ;
1634 1996 1701 2023 ἀλλὰ
1721 1997 1768 2023 καὶ
1784 1997 1834 2031 τῆς

1046 2044 1128 2070 αὐτοῦ
1146 2043 1352 2079 μεταλήψεωςῆ
1377 2042 1553 2074 ἀπολαύσεως
1581 2042 1612 2068 τὺ
1636 2043 1727 2068 πλεῖον
1751 2043 1833 2077 μέρος

1047 2091 1064 2125 ἡ
1082 2089 1199 2125 φθονερά
1214 2097 1246 2124 με
1260 2089 1307 2115 καὶ
1320 2089 1439 2123 στυγητὴ
1452 2089 1599 2123 ἀποστερεῖ
1609 2088 1713 2119 σκοτία,
1728 2088 1759 2114 τὸ
1773 2088 1833 2120 όξυο

1047 2132 1141 2168 δερκὲς
1161 2133 1209 2167 τῆς
1226 2132 1345 2166 βλέψεως
1364 2131 1532 2166 ὲξείργουσα,
1551 2132 1598 2158 καὶ
1614 2132 1689 2158 οὐδὲν
1707 2132 1768 2167 ἐμοὶ
1786 2132 1832 2159 τοῦ

1047 2178 1135 2213 φωτὸς
1147 2177 1222 2204 τοῦδε
1240 2177 1320 2204 πλέον
1334 2177 1372 2208 ὠς
1387 2178 1507 2215 εὑσεϋεῐν
1528 2175 1698 2212 νομιζομένῳ
1708 2187 1716 2193 ·
1734 2178 1832 2213 μᾶλλον

1049 2224 1098 2259 μὲν
1111 2222 1158 2251 οὖν
1172 2223 1203 2250 τὸ
1220 2223 1311 2250 πλεῖον
1327 2225 1383 2255 τοῖς
1397 2223 1540 2250 ἀσεϐοῦσιν
1556 2224 1750 2258 ὲνορᾶσθαι,ὠς
1762 2225 1832 2258 κάμὲ

1047 2270 1255 2306 ἀμόλυώττοντα
1275 2269 1420 2304 ἐπεύχεται
1435 2269 1482 2296 τοῦ
1500 2269 1556 2295 ἴσου
1572 2269 1664 2300 αὐτοῖς
1678 2271 1728 2303 τῆς
1745 2269 1832 2304 ὅψεως

1047 2317 1248 2351 κατευστοχεῖν,
1267 2315 1369 2351 καίπερ
1395 2315 1478 2342 τᾶλλο
1502 2316 1643 2351 ἀρρωστίᾳ
1667 2325 1697 2342 τε
1721 2316 1830 2351 κάμνων

1046 2363 1093 2388 καὶ
1104 2362 1313 2398 νοσηλευόμενος
1329 2362 1395 2397 (48),
1411 2363 1456 2388 καὶ
1469 2362 1673 2397 κατακείμενος,
1686 2363 1734 2389 καὶ
1746 2362 1830 2395 ὀλιγοο

1046 2409 1154 2444 ψυχῶν⁸
1169 2408 1250 2443 φόϐος
1263 2408 1290 2434 δέ
1304 2417 1337 2443 με
1347 2408 1414 2434 Θεοῦ
1426 2409 1630 2443 κατακάμπτει,
1647 2409 1791 2444 ἡμεριναῖς
1800 2416 1828 2434 τε

1047 2454 1169 2490 φροντίσι
1186 2454 1231 2480 καὶ
1244 2455 1412 2486 νυκτεριναῖς
1425 2453 1618 2488 δαπανώμενον
1633 2454 1680 2480 καὶ
1701 2462 1829 2490 κατατρυ-

1046 2501 1169 2536 χόμενον.

1049 2547 1145 2581 Οὗτος
1159 2549 1175 2575 ὁ
1187 2548 1361 2582 βρισαύχην
1372 2556 1408 2582 με
1425 2547 1475 2574 καὶ
1486 2548 1591 2581 ῦπτιος
1602 2545 1683 2619 ὧσεῖ
1695 2549 1827 2610 (infigo),

1677 2592 1704 2614 κ,
1717 2593 1740 2610 τ.
1772 2604 1794 2617 ς.

1677 2592 1704 2614 κ,
1717 2593 1740 2610 τ.
1757 2592 1794 2617 ες.

1080 2626 1163 2661 υἷιτος
1174 2630 1188 2656 ό
1202 2628 1324 2664 ὑψαύχην
1338 2628 1394 2664 βίος
1416 2629 1462 2656 καὶ
1481 2630 1628 2665 μετέωρος,
1640 2631 1654 2656 ὁ
1675 2629 1770 2661 ὕπτιος
1786 2631 1829 2656 καὶ

1045 2675 1194 2711 ἀνάλγητος
1214 2676 1262 2702 καὶ
1279 2675 1484 2707 ἀναπεπτωκὼς
1498 2678 1557 2707 ταῖς
1577 2675 1694 2710 ἡδοναῖς,
1715 2676 1764 2708 λὰξ
1777 2677 1829 2702 επι-

1046 2721 1095 2751 εὰς
1112 2719 1187 2753 οὗτος
1202 2722 1248 2748 καὶ
1268 2721 1317 2757 τῆς
1330 2722 1369 2753 εἰς
1384 2722 1415 2748 τὸ
1430 2722 1523 2758 πρόσω
1539 2723 1624 2756 φορᾶς
1638 2722 1776 2756 ἀνακύψας
1791 2723 1829 2754 είς

1046 2767 1167 2794 τούπίσω
1189 2776 1222 2802 με
1248 2767 1392 2794 ἀπώσατο·
1413 2767 1494 2794 Εἶπον
1517 2768 1558 2799 δὲ,
1576 2768 1655 2803 φησὶ,
1675 2768 1766 2795 καὶτὰ
1778 2768 1830 2794 δεί-

1049 2822 1121 2849 ματα
1143 2814 1189 2840 καὶ
1211 2814 1273 2845 τοὺς
1299 2814 1399 2848 φόϐους
1421 2814 1467 2841 καὶ
1488 2815 1615 2850 τρόμους,
1643 2811 1684 2846 οἷς
1698 2822 1727 2840 σε
1750 2823 1830 2841 κατα-
