1936 3042
171 128 218 156 ιιι
664 129 699 157 IN
719 129 874 158 CARMINA
894 130 1035 158 ARCANA
1054 130 1084 159 S.
1112 130 1285 159 GREGORII.

168 188 302 223 κάμπτει,
315 188 457 225 Τάρταρον
474 189 614 224 ἡερόεντα,
625 190 761 216 σκοτεινὸν
775 189 855 226 ’ᾍδου
872 190 962 226 χῶρον

167 235 215 260 καὶ
234 234 348 269 ἀλαμπῆ
373 235 432 261 λίαν
453 235 636 269 φαντάζεσθαι
648 234 861 270 παρασκευάζει,
876 236 961 271 Πυρι-

168 279 352 313 φλεγέθοντας
367 279 414 311 οὓς
429 279 460 314 δή
482 289 566 314 φασιν
583 281 723 315 Ἕλληνες,
743 281 855 314 γέενναν
870 280 898 307 δὲ
914 281 960 307 καὶ

168 324 226 360 πῦρ
252 324 382 352 ἄσϐεστον
403 325 436 352 τὰ
459 326 592 361 θεαρχικὰ
607 326 662 361 (49)
687 326 764 360 λόγια
780 327 876 358 καλεῖ,
898 327 962 362 ἱμά-

169 370 254 402 σθλας
273 379 303 397 τε
321 371 388 406 πρὸς
402 371 507 403 αὐτοῖς,
531 373 665 407 τιμωρίας
689 373 760 408 φημὶ
773 374 820 399 καὶ
836 373 961 404 κολάσεις

170 417 218 443 καὶ
243 416 384 452 δαίμονας,
414 417 605 452 τιμωρητικὰς
631 416 706 452 οἶμαι
732 418 879 453 δυνάμεις,
908 419 961 445 τῶν

170 463 314 498 ἡμετέρων
335 464 495 499 πράκτορας
518 463 629 499 ψυχῶν,
643 464 692 495 τὰς
715 465 780 499 ἡμῖν
798 464 847 499 μὲν
864 473 958 500 συνερ-

169 509 272 542 γούσας
287 509 349 544 ἄρτι
370 509 438 544 πρὸς
454 510 503 544 τὴν
523 506 678 545 ἁμαρτίαν,
694 510 722 536 ὲν
745 510 833 545 καιρῷ
849 511 877 537 δὲ
901 510 963 546 κρέα

171 562 239 585 aeto;
264 554 413 590 τιμωροῦσι
431 555 479 589 μὲν
495 555 625 588 ἐνδίκως,
638 553 675 587 ὡς
690 557 962 591 ἐπακολουθήσαντας

172 601 262 626 αὐτῶν
281 599 341 632 ταῖς
363 601 526 632 ὑποϐολαῖς,
551 602 597 627 καὶ
620 602 700 627 αὑταὶ
714 602 741 628 δὲ
759 602 805 628 ἐπὶ
821 602 851 628 τὸ
872 602 963 629 διπλά-

174 654 231 672 σιον
262 647 549 682 συντιμωρηθήσονταί
572 649 628 678 τοῖς
649 646 826 679 ὑπευθύνοις,
852 648 889 678 ὡς
915 648 962 674 καὶ

174 691 448 727 συμϐουλευσάμεναι
466 693 500 720 τὰ
514 693 552 728 τῷ
573 692 632 728 Θεῷ
648 693 768 728 στυγητὰ
783 693 830 719 καὶ
841 702 963 729 συμπρα-

172 738 297 773 ξάμεναι,
312 738 345 764 δι’
355 737 369 764 ὃ
383 740 431 765 καὶ
451 739 605 775 πράκτορες
620 740 673 765 τῶν
684 740 826 775 ἡμετέρων
840 740 962 775 εἴρηνται

171 783 276 818 ψυχῶν.
299 782 392 811 Ταῦτα
406 785 444 815 δὲ,
461 786 537 820 φησὶ,
556 785 644 811 πάντα
660 785 744 820 μῦθος
759 786 806 819 μὲν
818 786 960 820 λεγόμενα,

171 832 217 857 καὶ
229 831 355 862 ὑπόθεσις
366 832 482 865 γέλωτος
497 832 658 858 καθίσταται
669 833 724 862 τοῖς
737 831 847 857 ἀσεϐέσι
857 837 865 847 ⁵
881 831 960 866 μόνον

170 876 198 902 δὲ
218 876 250 902 τὸ
267 875 336 902 κατά
351 875 380 902 τὸ
405 876 492 911 παρὸν
514 876 562 911 ἡδὺ
578 875 625 902 καὶ
642 877 772 911 ἐράσμιον
785 876 876 908 αὐτοῖς
889 885 962 911 νομι-

172 923 235 948 σθὲν
255 922 340 957 ἀπρὶξ
354 922 514 956 ἀγαπῶντες
530 923 576 949 καὶ
592 922 792 958 περιεχόμενοι,
810 922 859 957 τῆς
873 924 901 948 ὲν
922 923 961 949 ἐλ-

170 969 231 994 πίσι
249 968 365 1002 βασάνου
381 968 434 994 οὐδ’
447 968 570 1003 ἡντινοῦν
582 968 719 995 ποιοῦνται
736 969 912 1004 ἐπιστροφήν.

242 1013 337 1040 Λώῒον
348 1012 386 1048 ἦν
396 1014 542 1048 ἀλιτροῖς,
558 1023 583 1041 κ.
604 1024 628 1042 τ.
646 1015 667 1043 ἐ.

206 1060 292 1086 Τοῦτο
308 1058 384 1096 οἶμαι
408 1061 453 1086 τὸν
476 1059 603 1096 θεοφόρον
619 1060 702 1096 ἄνδρα
724 1061 766 1088 διὰ
781 1060 856 1087 τοῦδε
873 1069 962 1096 παρα-

169 1106 266 1141 δηλοῦν
281 1106 327 1132 τοῦ
345 1106 437 1139 ἔπους,
455 1107 493 1138 ὼς
508 1107 610 1142 βέλτιον
627 1104 661 1141 ἦν
678 1108 731 1143 ἄρα
749 1107 796 1133 καὶ
812 1107 950 1138 λυσιτελὲς

169 1154 226 1183 τοῖς
240 1152 411 1187 ἁμαρτωλοῖς
423 1153 472 1187 μὲν
488 1152 648 1188 ἀτιμώρητα
659 1150 728 1179 εἴναι
739 1152 809 1179 κατὰ
821 1152 866 1179 τὸν
877 1153 962 1180 αἰῶνα

169 1197 216 1223 τὸν
235 1198 365 1232 μέλλοντα
389 1198 436 1224 καὶ
453 1199 550 1232 πεῖραν
566 1199 616 1233 τῆς
633 1199 691 1225 ἐκεῖ
703 1198 840 1230 κολάσεως
861 1199 897 1234 μὴ
915 1199 962 1225 λα-

171 1244 241 1274 ϐεῖν,
268 1245 347 1279 εἴπερ
366 1245 416 1279 ἐμὲ
430 1244 499 1271 κατὰ
513 1244 558 1270 τὸν
585 1244 706 1280 παρόντα
722 1246 781 1276 ταῖς
798 1245 847 1279 τῆς
863 1245 962 1277 κακίας

169 1289 216 1316 τοῦ
236 1290 294 1324 βίου
308 1290 478 1325 δυσχερείαις
500 1290 645 1326 ἀσχάλλειν
668 1292 715 1317 καὶ
730 1291 871 1317 ἀνιᾶσθαι·
887 1291 959 1326 ἢοῦ-

169 1345 224 1367 τως
233 1345 239 1350 '
254 1336 387 1371 Συνέφερε
399 1338 455 1367 τοῖς
470 1336 572 1372 ἐνόχοις
582 1357 589 1368 ,
601 1337 650 1371 τῆς
665 1337 801 1372 ἁμαρτίας
812 1335 961 1372 ἁφεθεῖσιν,

169 1381 342 1416 ἀπηλλάχθαι
356 1373 405 1416 τῆξ
422 1381 538 1416 βασάνου
549 1402 555 1413 ,
572 1381 619 1408 καὶ
632 1381 681 1416 ἐμὲ
697 1381 753 1416 (50)
768 1383 824 1411 τοῖς
841 1381 887 1408 τοῦ
904 1381 962 1416 βίου

169 1428 265 1458 κακοῖς
279 1427 378 1453 οὑτωσὶ
392 1426 635 1462 ταλαιπωρεῖσθαι.

170 1474 223 1501 109
249 1473 337 1500 Ἀλλὰ
349 1473 376 1498 τί
387 1481 437 1506 μοι
452 1471 596 1506 βροτέων,
614 1472 642 1498 τί
659 1471 692 1498 δέ
702 1480 752 1505 μοι
768 1473 862 1498 τόσον
881 1471 962 1506 ἄλγε’

673 1507 806 1542 {de/68w,
825 1515 851 1533 κ.
863 1515 888 1534 τ.
900 1507 924 1533 λ.

206 1553 387 1589 Παραμυθίαν
411 1555 471 1585 ταῖς
488 1552 570 1579 αὑτοῦ
598 1553 751 1588 συμφοραῖς
770 1553 817 1578 καὶ
838 1553 895 1584 τοῖς
914 1552 961 1578 τοῦ

171 1599 298 1635 σώματος
319 1600 428 1634 ἄλγεσιν
453 1601 466 1625 ὁ
491 1599 637 1635 ἱερώτατος
654 1598 768 1625 ἐπινοῶν
789 1599 961 1634 πρεσϐύτης,

172 1648 232 1673 Ἵνα
254 1647 280 1673 τί
296 1655 357 1681 μοι,
374 1646 441 1681 ἔφη,
464 1646 511 1672 ἐπὶ
530 1645 655 1671 τοσοῦτον
679 1645 713 1670 τὰ
732 1644 785 1671 τῶν
813 1644 963 1680 ἀνθρώπων

171 1692 356 1729 ὲκτραγῳδεῖν
374 1692 492 1727 ὀδυνηρὰ
514 1691 560 1718 καὶ
577 1691 627 1722 τὰς
649 1690 855 1725 συμπιπτούσας
870 1691 963 1718 ταλαι-

170 1739 279 1774 πωρίας
293 1737 452 1771 καταλέγειν
463 1746 469 1767 ;

244 1784 342 1811 Πᾶσιν·
353 1785 478 1811 ἔπεστιν
491 1783 575 1817 ἄχος.

207 1832 279 1858 Hist
294 1829 374 1862 ζώοις
391 1831 437 1856 καὶ
463 1831 529 1855 πᾶσι
554 1830 610 1860 τοῖς
628 1827 673 1855 τοῦ
700 1829 803 1864 κόσμου
822 1828 964 1863 στοιχείοις

171 1877 244 1911 λύπη
260 1877 317 1908 (5|)
337 1876 382 1902 καὶ
407 1875 563 1906 ἐναντίωσις
579 1875 761 1910 παρίσταται,
779 1875 809 1900 οὐ
831 1874 909 1910 μόνον
924 1875 962 1905 δὲ,

171 1921 240 1948 ἀλλὰ
265 1922 312 1947 καὶ
332 1922 388 1953 τοῖς
403 1921 558 1955 ἀσωμάτοις
577 1921 686 1951 αὐτοῖς·
713 1921 758 1946 καὶ
774 1921 841 1956 αὑτῇ
855 1920 910 1955 (52)
929 1922 962 1956 τῇ

172 1966 384 2001 ὑπερασωμάτῳ
399 1965 494 2000 Τριάδι
521 1965 552 1991 τὸ
573 1965 697 1997 ἀντίξουν
719 1966 765 1992 καὶ
778 1965 964 2000 ἀντικείμενον

173 2012 356 2046 παρομαρτεῖ.
379 2011 434 2037 Καὶ
450 2010 504 2046 γὰρ
524 2010 568 2036 ἵνα
587 2010 637 2041 τὰς
660 2009 713 2036 τῶν
737 2010 814 2041 ζώων
839 2011 885 2037 καὶ
909 2010 964 2036 τῶν

172 2056 261 2082 ἄλλων
276 2055 355 2090 παρῶ
367 2055 515 2090 διαφθορὰς
525 2075 531 2086 ,
547 2055 616 2090 αὐτὴ
632 2056 648 2090 ὴ
667 2055 704 2090 γῆ
719 2055 749 2081 τὸ
767 2057 897 2091 στοιχεῖον
913 2056 964 2082 οὐκ

174 2101 319 2132 ἀτίνακτος
347 2100 402 2126 οὐδ’
434 2101 558 2132 ἄσειστος
588 2100 727 2131 παντελῶς
752 2101 799 2127 καὶ
824 2101 962 2137 ἀτρεμής·

173 2146 318 2181 πνεύματα
343 2146 372 2172 δὲ
393 2147 535 2182 κρυφαίως
550 2146 634 2182 αὐτὴν
647 2146 879 2181 διαλαμϐάνοντα,
900 2148 964 2173 ὅταν

173 2195 276 2222 ἄνωθεν
291 2194 361 2231 λάϐῃ
377 2194 407 2220 τὸ
430 2195 578 2229 ἐνδόσιμον.
606 2195 812 2221 ὰνατινάσσουσί
828 2204 857 2221 τε
879 2195 964 2230 αὐτὴν

173 2241 221 2267 καὶ
237 2241 274 2272 ὡς
295 2240 335 2275 τῷ
356 2241 530 2276 ἐπιτρέποντι
549 2241 623 2274 φίλον
640 2241 853 2267 ἐντινάσσουσιν·
873 2242 919 2268 καὶ
935 2243 963 2267 αἱ

173 2284 243 2321 ῧιραι
255 2287 284 2313 δὲ
303 2287 349 2313 τοῦ
367 2287 443 2316 ἔτους
457 2287 573 2321 ταχινῶς
587 2286 716 2322 ἀλλήλαις
730 2286 920 2322 ὑποχωροῦσαί
935 2296 965 2313 τε

174 2334 221 2359 καὶ
240 2332 548 2368 ὑπαπιοῦσαι,’τρόπον
564 2332 625 2359 τινὰ
647 2333 691 2358 ὑπ’
713 2331 835 2367 ἀλλήλων
853 2333 966 2368 ἀνατρέ-

175 2387 271 2405 πονται
281 2401 288 2411 ,
303 2379 436 2414 χειμῶνος
459 2379 507 2414 μὲν
523 2379 575 2405 ὑπὸ
587 2379 684 2414 θέρους
697 2378 742 2405 διὰ
757 2378 804 2404 τοῦ
826 2379 905 2414 ἔαρος
920 2387 966 2413 με-

176 2425 353 2456 σολαῦοὖντος
375 2425 518 2459 λυομένου,
535 2424 631 2460 θέρους
644 2425 671 2450 δὲ
689 2423 722 2451 αὖ
737 2424 782 2450 διὰ
798 2424 844 2450 τοῦ
861 2425 965 2460 μεταξὺ

175 2471 350 2506 φθινοπώρου
377 2471 590 2506 ἀφαν.ζομένου·
625 2471 718 2505 ὥσπερ
745 2479 776 2505 γε
793 2471 839 2497 καὶ
861 2472 965 2507 ἡμέραν

177 2517 226 2551 μὲν
252 2518 408 2544 κατέπαυσε
440 2517 504 2549 νὺξ,
540 2517 626 2543 νύκτα
653 2517 675 2543 δ’
704 2516 840 2543 ἀπώλεσεν
873 2518 886 2552 ή
914 2518 966 2548 ἓως

176 2563 324 2598 ἀνίσχουσα
332 2572 338 2579 ·
352 2563 433 2590 πάλιν
440 2571 447 2578 ⁸
461 2563 571 2599 Χειμὼν
583 2563 630 2599 μὲν
639 2563 829 2598 ἐπιγενόμενος
837 2563 914 2597 ξοφοῖ
921 2563 966 2590 τὸν

176 2610 244 2645 ἀέρα
260 2610 307 2636 καὶ
328 2610 464 2642 σκυτάξει,
479 2610 554 2645 ἣλιος
572 2610 600 2636 δὲ
616 2609 725 2644 λάμψας
742 2610 859 2645 ἀστέρας
879 2611 968 2645 ἀμαυ-

177 2656 234 2690 ροῖ·
256 2656 302 2681 καὶ
321 2655 388 2690 ἡλίῳ
406 2656 455 2689 μὲν
477 2655 556 2689 νέφος
571 2646 753 2689 ἐπιπροσθοῦν
767 2654 904 2681 διακόπτει
918 2655 967 2690 τὴν

175 2701 274 2737 αἴγλην
288 2702 355 2737 (55),
383 2702 481 2737 σελήνη
506 2701 534 2727 δὲ
558 2700 687 2735 φθίνουσα
714 2701 762 2726 καὶ
783 2701 824 2732 είς
848 2701 966 2736 παντελῆ

214 2770 270 2806 (49)
289 2771 357 2799 Cod.
375 2771 504 2807 θεάρχια,
520 2780 546 2797 v.
562 2778 644 2804 supra
659 2773 717 2796 not.
735 2770 780 2807 2οτ

216 2807 273 2839 (50)
294 2807 353 2834 ΒιΙΙ.
377 2808 404 2833 in
426 2805 626 2834 commentario
646 2813 694 2840 pro
710 2805 756 2831 καὶ
774 2805 823 2840 ἐμὲ
845 2812 966 2833 scribere

178 2841 270 2878 vult?)
294 2841 359 2877 ἐμέ,
375 2841 421 2878 sed
438 2842 520 2869 etiam
546 2849 628 2876 supra
652 2840 760 2868 Niectas
782 2840 850 2868 dixit
868 2841 965 2878 εἰπερ,

180 2876 254 2913 quod
271 2876 325 2904 non
340 2877 470 2912 intelligo.

1750 133 1803 161 742

1013 191 1160 218 obscurum
1178 191 1238 217 Orci
1255 191 1344 217 locum
1361 195 1388 218 et
1403 191 1508 226 absque
1530 192 1632 219 lumine
1652 191 1801 219 {alitasma-

1013 236 1086 263 libus
1111 236 1249 262 abundare
1273 241 1416 271 pra-parat,
1440 236 1519 271 ignea
1546 236 1658 264 flumina
1684 245 1801 272 quorum

1012 282 1197 309 meminerunt
1218 281 1316 314 Grzcei,
1333 282 1485 316 gehennam
1511 285 1537 309 et
1563 282 1652 317 ignem
1669 283 1803 310 inexstin-

1011 327 1142 361 guibilem
1168 331 1266 353 voeant
1290 327 1438 362 prophetiae
1462 328 1571 361 divinae,
1598 333 1625 355 et
1648 328 1752 363 ﬂagella
1773 330 1803 356 in

1013 373 1099 407 ipsis,
1126 381 1220 407 pmnas
1243 373 1305 400 dico
1329 378 1356 401 et
1377 375 1627 402 animadversiones
1650 380 1678 401 et
1701 376 1802 402 dmino-

1013 427 1072 451 nes,
1088 421 1233 454 punientcs
1248 424 1316 455 puto
1338 424 1498 455 potestates,
1517 428 1673 449 nostrarum
1688 429 1803 449 exsecu-

1014 469 1089 494 tores
1118 467 1283 498 animarum,
1311 474 1372 502 qua:
1393 468 1535 495 nobiscum
1563 473 1714 502 cooperatae
1738 474 1802 495 sunt

1014 515 1138 539 recenter
1151 513 1184 539 ad
1201 517 1356 547 peccatum,
1372 513 1398 539 in
1411 517 1533 548 tempore
1544 521 1609 540 vero
1620 514 1715 548 judicii
1729 515 1802 548 jule-

1014 557 1123 591 quidem
1142 558 1259 592 pnniunt
1277 565 1323 584 eas
1335 566 1394 592 quae
1412 566 1460 593 per
1476 559 1665 594 instigationes
1681 559 1802 592 ipsarum

1013 603 1151 629 comitatae
1166 607 1249 636 sunt;
1275 609 1302 630 ct
1326 604 1391 638 ipsa:
1407 604 1599 632 damnatorum
1619 604 1741 639 duplices
1759 605 1804 631 da-

1014 649 1082 676 bunt
1098 656 1193 683 ptenas
1209 657 1270 684 qum
1287 655 1436 676 suaserunt
1450 650 1544 677 odiosa
1562 650 1618 677 Deo
1639 658 1747 684 unaque
1765 651 1803 677 fc-

1013 699 1122 726 ('erunt,
1145 695 1216 722 unde
1234 700 1390 723 nostrarum
1407 696 1558 722 animarum
1572 702 1748 724 exsecutorcs
1761 697 1799 722 di-

1013 746 1063 767 em
1085 744 1160 768 sunt.
1185 740 1248 767 "me
1269 741 1370 773 omnia,
1393 741 1493 776 inquit,
1518 742 1610 769 fabula
1627 743 1758 769 dicuntur
1776 747 1803 770 et

1016 786 1074 813 risu
1087 786 1167 820 digna
1182 792 1353 821 reponuntur
1367 787 1402 814 ab
1416 787 1524 822 impiis;
1539 792 1644 814 tantum
1656 795 1719 815 vero
1730 790 1802 823 quod

1014 839 1134 866 praesens
1148 837 1190 860 est
1207 833 1288 860 dulce
1308 837 1334 860 et
1350 833 1501 867 jucundum
1522 833 1679 868 judicantes
1696 834 1803 861 fortiter

1013 880 1107 903 amant
1132 882 1158 904 et
1182 878 1289 908 ardent.
1316 878 1381 905 dum
1406 879 1534 905 tormenti
1561 886 1575 905 a
1596 887 1644 913 spe
1664 879 1801 914 designati

1013 923 1115 949 nullam
1134 930 1228 950 curam
1253 924 1363 952 habent.
1385 934 1394 949 ε
1411 923 1507 952 Melius
1526 929 1583 952 erat
1597 926 1733 957 sontibus,
1748 936 1757 953 ι
1776 932 1803 954 et

1015 977 1074 1003 seq.
1093 968 1119 996 Id
1141 970 1228 996 virum
1243 970 1366 997 divinum
1385 969 1591 998 demonstrasse
1604 979 1652 1006 per
1666 972 1722 999 ba-e
1742 979 1804 1000 car-

1014 1014 1086 1041 mina
1103 1020 1168 1048 puto
1183 1024 1190 1042 :
1206 1014 1303 1042 Melius
1319 1019 1377 1041 erat
1390 1019 1416 1042 et
1435 1016 1522 1051 magis
1536 1016 1694 1051 expediebat
1707 1025 1804 1052 perc..-

1013 1060 1119 1087 toribus
1131 1060 1264 1095 impunita
1280 1068 1341 1088 esse
1357 1061 1383 1088 in
1398 1062 1453 1088 vita
1468 1061 1559 1088 futura
1576 1062 1645 1089 mala
1662 1071 1711 1090 nec
1725 1063 1804 1098 qnitL

1014 1114 1098 1141 quam
1113 1106 1147 1134 de
1163 1107 1309 1134 tormentis
1323 1107 1399 1134 hisce
1413 1107 1541 1142 experiri,
1560 1108 1623 1135 licet.
1638 1109 1664 1135 in
1678 1110 1806 1144 prasenti

1014 1153 1115 1180 saeculo
1135 1153 1267 1180 mrunmis
1285 1153 1457 1180 miseriarum
1482 1154 1544 1180 vitae
1562 1161 1646 1188 angar
1661 1159 1686 1181 et
1703 1154 1806 1190 amigar

1013 1206 1074 1233 ego.
1092 1199 1146 1225 Aut
1162 1198 1202 1225 sic
1215 1208 1222 1225 :
1236 1199 1351 1233 Expedit
1368 1199 1494 1225 sontibus
1507 1200 1553 1234 qui
1571 1207 1583 1225 a
1602 1204 1713 1234 peccato
1724 1202 1808 1228 soluti

1013 1249 1089 1274 sunt.
1106 1252 1120 1270 a
1137 1245 1283 1271 tormentis
1302 1245 1438 1271 immunes
1452 1245 1580 1275 transire,
1593 1254 1635 1272 me
1649 1247 1688 1273 sic
1705 1246 1730 1273 in
1750 1254 1806 1274 ina-

1013 1291 1048 1318 lis
1062 1291 1123 1318 vita:
1141 1291 1248 1318 relicto.

1015 1474 1065 1501 109
1086 1472 1137 1500 Sed
1157 1473 1220 1507 quid
1238 1471 1311 1504 milii,
1331 1471 1395 1506 quid
1413 1476 1548 1505 tantopere
1564 1479 1667 1498 necesse
1682 1477 1720 1498 est
1736 1480 1807 1498 mur-

1325 1507 1434 1542 [talinm
1447 1515 1581 1533 wrnmnas
1593 1510 1704 1533 tam-re!
1718 1512 1770 1533 νιν.

1051 1553 1261 1581 Consolationes
1289 1553 1361 1580 inter
1380 1553 1494 1580 adversa
1518 1557 1599 1587 atque
1619 1552 1728 1580 dolores
1750 1561 1806 1579 cor-

1016 1600 1091 1634 poris
1108 1599 1243 1626 meditans
1259 1599 1451 1626 sanctissimus
1462 1598 1593 1626 sacerdos
1607 1607 1614 1625 :
1628 1598 1694 1630 Cur.
1709 1598 1805 1633 inquit,

1015 1646 1084 1673 adeo
1102 1645 1253 1680 grandibus
1274 1645 1361 1672 tristia
1386 1644 1526 1671 hominum
1548 1645 1696 1672 condolere
1716 1646 1806 1672 verbis

1014 1697 1041 1720 et
1056 1692 1183 1720 miserias
1195 1692 1379 1726 opprimentes
1395 1691 1539 1725 repetere?
1556 1700 1565 1716 ‹
1581 1690 1715 1718 Omnibus
1731 1692 1807 1718 οιΙομι

1015 1739 1137 1766 alllictio:
1153 1738 1296 1764 Iomnibus
1311 1738 1498 1764 animantibus
1512 1740 1539 1763 et
1555 1737 1684 1764 omnibus
1702 1745 1762 1772 qum
1780 1738 1807 1764 in

1015 1785 1117 1812 mundo
1137 1784 1314 1810 continentur
1330 1783 1442 1810 afﬂictio
1464 1787 1490 1810 et
1512 1783 1652 1818 oppositio
1669 1785 1804 1814 occurrit,

1015 1834 1042 1856 et
1086 1837 1140 1856 non
1164 1829 1249 1857 solum
1272 1828 1329 1860 his,
1352 1829 1400 1856 sed
1421 1832 1448 1855 et
1464 1831 1531 1857 item
1549 1829 1720 1863 incorporeis
1737 1830 1808 1855 en‘i-

1016 1876 1077 1903 bus.
1095 1875 1124 1901 In
1145 1875 1231 1909 ipsam
1254 1874 1334 1901 etiam
1353 1874 1514 1908 incorporea
1535 1881 1651 1908 qumque
1675 1882 1808 1908 superan-

1016 1925 1069 1948 tem
1088 1920 1251 1948 Trinitatem
1271 1920 1389 1955 insurgit
1411 1919 1550 1946 conlrarie
1563 1919 1708 1946 incurrens
1725 1924 1749 1946 el
1766 1919 1808 1954 ja-

1015 1975 1082 1994 cens
1106 1975 1113 1992 :
1139 1966 1161 1993 si
1193 1966 1265 1993 enim
1293 1965 1474 1992 animantium
1500 1965 1673 1999 aliorumque
1695 1970 1807 1998 praeter-

1015 2013 1117 2040 misero
1149 2012 1365 2045 corruptiones,
1411 2016 1482 2038 terra
1515 2011 1572 2045 ipsa
1606 2011 1632 2037 in
1666 2011 1808 2037 elementis

1016 2059 1073 2086 suis
1099 2065 1148 2084 nec
1172 2058 1336 2084 inconcussa
1373 2064 1423 2083 nec
1448 2056 1552 2091 absone
1582 2056 1636 2082 ulla
1661 2056 1808 2091 agitatione

1015 2108 1042 2131 et
1082 2104 1173 2139 quiete
1211 2107 1302 2129 manet
1325 2112 1331 2129 :
1353 2103 1466 2137 spiritus
1503 2103 1589 2137 ipsam
1628 2103 1699 2129 clam
1732 2103 1808 2129 inva-

1015 2151 1094 2183 dunt,
1111 2149 1221 2185 quando
1240 2156 1271 2176 ex
1290 2149 1344 2175 alto
1364 2149 1434 2175 dona
1453 2149 1574 2183 suscepit
1594 2148 1681 2182 ipsam
1703 2149 1809 2183 agitant

1016 2200 1059 2227 et,
1087 2195 1165 2230 quasi
1191 2194 1217 2221 id
1243 2194 1411 2228 perlniltcnti
1436 2194 1559 2228 placeat,
1586 2194 1751 2229 peragitant.
1777 2193 1809 2220 Et

1018 2243 1147 2270 velociter
1175 2249 1204 2268 se
1229 2240 1345 2267 invicem
1373 2239 1557 2274 propellentes
1587 2244 1614 2266 et
1642 2247 1810 2274 ptoquuen-

1020 2293 1060 2316 trs
1088 2288 1163 2315 horae
1195 2287 1259 2313 anni
1285 2285 1402 2320 quodam
1426 2286 1507 2312 modo
1537 2286 1608 2312 inter
1639 2294 1668 2313 se
1693 2286 1808 2312 invicem

1019 2335 1227 2364 subverlnnlnr.
1250 2333 1364 2367 expulso
1385 2332 1418 2359 ab
1437 2335 1531 2359 testate
1559 2331 1648 2358 hieme
1673 2331 1810 2358 mediante

1020 2388 1100 2410 vere,
1121 2383 1214 2406 testate
1234 2386 1343 2404 rursum
1368 2385 1415 2411 per
1433 2377 1552 2404 medium
1579 2381 1741 2403 autumnum
1762 2376 1810 2404 de-

1020 2427 1151 2458 cedente;
1177 2425 1304 2453 similiter
1331 2429 1357 2452 et
1386 2425 1457 2451 diem
1501 2430 1611 2451 cessare
1643 2423 1707 2450 fecit
1734 2431 1808 2456 nox;

1020 2477 1127 2500 noctem
1149 2471 1285 2498 destruxit
1300 2478 1399 2497 aurora
1416 2477 1551 2504 surgens;
1580 2477 1688 2495 rursum
1702 2468 1811 2497 :llicms

1019 2517 1219 2554 superveniens
1236 2517 1367 2543 obscurat
1387 2523 1449 2542 aera
1471 2519 1498 2542 et
1513 2515 1652 2545 tenebrat.
1670 2515 1709 2541 sol
1730 2515 1810 2542 retul-

1020 2571 1087 2599 gens
1111 2567 1186 2590 astra
1215 2562 1364 2597 pallescere
1393 2561 1457 2588 facit
1481 2565 1507 2588 et
1539 2561 1588 2588 soli
1612 2561 1810 2596 superveniens

1021 2610 1108 2637 nubes
1130 2608 1304 2643 splendorem
1330 2607 1390 2642 ejus
1416 2607 1533 2642 frangit;
1557 2607 1622 2634 luna
1645 2607 1810 2634 decrescens

1020 2656 1048 2680 et
1064 2652 1097 2679 ad
1116 2653 1227 2687 plenum
1240 2651 1348 2678 senium
1364 2651 1502 2678 inclinans
1518 2658 1616 2678 rursus
1638 2651 1693 2678 vita
1709 2651 1810 2678 cresr‘t

1021 2707 1071 2727 sua
1086 2703 1113 2725 et
1130 2698 1202 2726 sicut
1218 2705 1313 2726 recens
1329 2702 1394 2725 nata
1417 2699 1619 2734 contemplatur
1642 2698 1758 2732 lucens;
1781 2700 1810 2725 (ι

1056 2769 1112 2804 (51)
1132 2769 1198 2796 Cod.
1213 2768 1320 2796 λλύπει.

1057 2805 1113 2838 (52)
1133 2805 1202 2832 Cod.
1221 2805 1299 2839 αὐτή.

1058 2840 1113 2876 (53)
1132 2841 1200 2869 Cod.
1216 2840 1310 2876 αἰγήν.
