1920 3046
171 120 224 149 τιτι

173 180 262 214 ipsum
278 178 362 206 astris
377 178 532 205 scintillans
555 178 654 204 cadum
682 185 735 204 non
759 182 847 203 totum
876 184 962 212 quan-

172 230 230 252 tum
248 229 289 251 est
306 232 425 258 unquam
441 223 623 257 contemplari
654 227 707 252 est.
737 230 846 256 semper
870 222 960 248 media

174 277 248 305 parte
262 275 369 297 tantum
387 270 496 297 visibilc
511 273 564 300 est,
580 273 607 296 et
625 269 818 303 licinisphzerio
834 269 959 295 occulta-

172 320 235 346 tur;
252 320 278 342 ct
297 315 416 342 visibilia
430 314 525 341 umndi
543 315 677 341 elementa
690 314 784 341 eodem
805 314 885 340 modo
901 321 960 339 nm-

173 365 266 387 tantur
278 369 284 391 ;
297 365 324 387 et
339 366 379 390 tu,
396 360 495 394 inquit,
509 360 658 386 fascinator
672 360 756 386 draco
769 359 838 394 ipse,
855 360 963 386 invidia:

173 410 250 440 pater
261 411 288 434 ct
300 407 404 441 peccati
418 407 495 433 radix
509 414 541 432 ac
557 406 627 438 fons,
643 410 669 433 et
680 411 720 438 tu,
730 414 745 431 o
758 406 858 432 Satana
876 406 963 432 homi-

174 452 245 482 cida,
259 452 330 479 inter
345 453 484 487 angelicos
500 452 603 480 choros
625 453 699 479 sicut
713 452 784 478 inter
808 456 880 478 astra
900 451 964 478 luci-

176 497 216 525 i'er
227 499 329 525 lumine
342 502 478 532 praestans
496 506 643 533 apparens,
659 497 757 525 deinde
769 505 816 532 per
828 503 961 523 tumorem

176 544 203 571 in
219 545 347 572 tenebras
364 552 459 571 versus
474 552 515 576 es,
541 544 694 571 cmlestium
714 536 843 578 tanquam
865 549 965 577 oppro-

174 590 276 622 brium,
292 596 422 625 tanquam
437 590 605 617 abominatio
622 589 803 617 habitantium
826 589 938 616 evasisti
953 597 960 622 ;

173 637 238 664 hinc
249 643 314 671 ergo
330 637 385 663 sint
403 637 453 663 ista
469 636 503 662 de
520 641 618 663 natura
635 641 748 663 creata:
765 635 829 662 inde
838 636 904 670 quid
922 636 961 662 in-

172 687 265 710 crcata
287 682 464 717 ingenitaque
489 681 622 713 Trinitas,
640 682 791 708 secundum
811 682 960 708 essentiam

173 736 250 755 suam
265 728 496 755 incommutabilis
511 732 538 755 el.
559 729 690 760 immota;
710 727 833 762 nunquid
853 727 911 762 ipsa
935 732 962 754 et

172 773 285 799 omnino
301 780 408 799 omnem
425 773 562 807 praeclusit
580 773 802 807 oppositionem?
825 771 878 800 Sed
899 781 961 808 pro-

174 819 239 853 pitia
253 819 331 850 mihi,
347 819 463 854 propitia
479 819 528 850 sis,
545 818 669 846 Trinitas
682 823 776 846 sancta
790 823 838 845 aut
851 827 961 847 summe

174 869 280 896 saneta,
305 864 395 900 inquit
422 870 484 892 tuus
506 865 700 892 sanctissimus
730 865 847 899 piusque
868 865 960 892 divina

173 911 307 941 clamans,
324 918 385 945 qua).
400 919 450 938 nec
462 911 519 946 ipsa
535 911 644 945 penitus
659 910 849 945 insipientium
870 910 961 937 homi-

173 965 238 983 num
256 956 367 983 evasisti
383 957 575 991 loquacitatem
598 965 605 983 :
622 956 719 983 dicunt
741 957 814 983 enim
830 957 900 983 male
917 961 960 982 tn-

174 1006 279 1030 mentes
300 1002 436 1030 temerarii
454 1002 565 1037 quidam
585 1012 592 1030 :
609 1002 636 1028 In
657 1002 793 1037 principio
822 1007 881 1030 erat
906 1002 959 1029 Pa-

173 1051 226 1079 ter.
242 1048 341 1075 deinde
363 1055 491 1082 magnum
517 1048 611 1083 genuit
626 1047 734 1080 Filium,
751 1048 849 1075 deinde
870 1048 961 1083 magni

173 1093 219 1121 Dei
238 1093 381 1128 Spiritum,
397 1095 476 1129 quasi
495 1095 520 1121 iu
547 1095 680 1130 graduum
710 1095 905 1129 inaequalitate.
918 1103 961 1122 se-

172 1139 295 1165 cundum
313 1140 475 1166 substantize
494 1140 683 1167 mutationem.
702 1140 746 1167 Sic
767 1141 912 1168 diversiter
927 1141 962 1168 ab

175 1184 308 1210 Inrrcticis
330 1185 544 1219 blasphematur.
571 1196 580 1211 ι
602 1186 662 1218 Quo
687 1187 810 1213 stabilies
843 1194 886 1213 me
909 1194 960 1214 au—

172 1227 274 1260 ferens,
297 1239 306 1254 ι
323 1234 350 1256 et
366 1237 423 1264 seq.
439 1229 461 1256 Ο
475 1231 593 1264 pessima
609 1231 725 1265 loquens
742 1232 913 1266 lingua,qu
927 1231 962 1258 ad

172 1275 250 1301 m-l’ns
265 1278 290 1303 et
306 1275 500 1310 blasphemiam
516 1277 572 1303 otio
587 1278 685 1308 uteris,
703 1285 757 1312 quo
777 1285 819 1304 me
832 1278 961 1305 auferens

173 1324 206 1346 st:
218 1317 258 1347 bis
273 1326 290 1346 ιι
304 1321 373 1347 male
389 1321 492 1348 dictis?
505 1322 549 1349 ubi
567 1323 724 1350 sollicitudo
739 1327 767 1351 et
789 1324 901 1359 grandis
916 1332 962 1352 co—

172 1366 335 1400 gitationum
354 1367 438 1393 stabit
454 1368 640 1402 perplexitas;
660 1369 726 1396 siste
740 1374 767 1396 et
786 1370 960 1398 irrationales

173 1417 318 1445 compesce
332 1411 460 1446 impetus,
479 1413 519 1439 ori
537 1416 584 1439 tuo
601 1420 671 1447 pone
686 1414 841 1441 custodiam
858 1419 885 1442 et
900 1415 961 1443 vide

173 1460 305 1490 quantum
322 1457 448 1484 essentia:
464 1465 520 1484 sua:
534 1458 664 1486 ﬁrmitate
685 1468 768 1495 super
789 1462 880 1488 omnia
896 1470 962 1496 pra:-

173 1505 226 1529 stet
254 1501 343 1535 Dens;
366 1506 394 1529 et
427 1510 519 1530 coram
549 1505 634 1538 ipsius
665 1506 808 1540 majeslate
830 1508 960 1535 inferiora

171 1552 270 1574 cuncta
287 1556 415 1583 reponas,
434 1548 573 1584 indignam
588 1551 672 1578 verbo
684 1553 808 1580 veritatis
837 1557 862 1580 te
877 1561 961 1587 agno-

173 1602 271 1627 5ccns;
292 1599 319 1621 et
332 1603 397 1622 cave
414 1603 447 1622 ne
468 1597 526 1622 ullo
537 1597 617 1624 modo
641 1598 775 1626 creaturis
801 1598 960 1627 Creatorem

172 1640 319 1671 nssimiics,
339 1649 406 1668 nere
426 1643 578 1677 suspicaris
591 1651 660 1671 vane
673 1650 796 1672 creatum
821 1653 883 1673 esse
908 1646 960 1673 ho-

172 1687 272 1713 minem
293 1695 299 1713 :
328 1687 429 1714 etenim
445 1688 610 1721 palinodiam
626 1694 742 1717 cantans
754 1695 779 1717 ct
796 1691 887 1725 priora
899 1699 960 1718 car-

171 1731 257 1761 mina.
270 1731 313 1758 his
326 1731 353 1758 in
367 1733 541 1761 sermonibus
553 1734 668 1762 ﬁrmiter
686 1741 778 1770 persto
789 1737 960 1765 contendens

171 1784 216 1803 me
231 1776 342 1803 minime
357 1785 370 1803 a
396 1777 450 1804 Deo
469 1778 495 1805 in
516 1787 615 1806 vanum
640 1781 816 1814 plasmatum.
841 1781 959 1810 Verbum

171 1822 243 1848 enim
256 1827 283 1849 et
297 1823 470 1850 ratiocinium
486 1825 719 1858 pusillanimitatis
735 1831 761 1854 et
776 1827 889 1855 vilitatis
906 1830 958 1856 hu—

171 1873 260 1893 manae
278 1870 330 1894 est.
358 1866 482 1902 Namque
504 1876 579 1896 nunc
601 1870 724 1904 quidem,
751 1871 849 1906 inquit,
880 1873 960 1908 igno-

170 1913 268 1940 rantia:
295 1914 449 1942 obscuritas
485 1919 512 1943 et
540 1916 759 1944 sollicitudinum
787 1918 848 1945 vitae
873 1920 958 1948 nubes

170 1958 268 1985 diil‘usa
292 1966 345 1986 non
373 1959 437 1986 sinit
465 1961 604 1988 veritatem
628 1966 656 1990 et
677 1963 873 1991 vicissitudinis
894 1972 956 1992 mu-

171 2002 335 2037 tationisque
359 2011 470 2032 causam
488 2005 576 2033 lucide
601 2007 769 2035 considerari
790 2018 796 2036 :
819 2014 881 2044 post
897 2010 956 2038 lucc

169 2055 234 2074 vero
249 2049 368 2076 scientia;
383 2058 473 2078 sermo
487 2052 558 2079 sicut
575 2053 619 2079 lux
636 2054 779 2082 veritatem
795 2055 956 2083 desideran-

168 2093 242 2122 tibus
264 2096 403 2132 exsurgit,
421 2098 499 2132 cujus
518 2099 638 2130 lnmine.
655 2100 760 2135 inquit,
781 2101 854 2129 clare
876 2102 955 2129 intel-

167 2139 236 2176 liges
270 2149 351 2176 quam
392 2143 504 2176 pulchre
535 2149 562 2172 et
595 2145 733 2180 sapienter
768 2147 955 2182 gubernentur

169 2186 299 2213 universa
319 2186 353 2213 ab
380 2189 501 2213 omnium
527 2188 711 2222 gubernatore
734 2195 761 2217 et
783 2192 953 2225 providente.

167 2229 223 2256 Aut
236 2230 308 2257 sicut
327 2231 414 2259 lucem
428 2233 523 2261 videns
544 2233 639 2267 Deum,
657 2235 684 2262 in
707 2236 767 2271 ipso
781 2237 863 2264 etiam
888 2239 953 2266 illu-

168 2279 240 2302 slres
274 2275 377 2304 habens
418 2285 510 2306 rerum
541 2280 679 2312 notiones,
713 2287 761 2308 aut
794 2282 866 2310 sicut
892 2285 954 2319 igne

167 2321 221 2348 isto
242 2328 422 2359 consumptus
446 2328 473 2352 et
498 2329 599 2357 tactus,
625 2327 695 2355 scies
718 2329 812 2356 omnia
831 2330 865 2357 ab
892 2331 953 2366 ipso

167 2367 226 2395 ﬁeri
240 2372 267 2396 et
278 2368 354 2404 justa
369 2375 396 2398 et
420 2378 484 2398 vera
507 2376 534 2399 et
560 2373 638 2400 utilia
663 2377 690 2401 et
714 2374 814 2403 ﬁdelia.
851 2386 861 2403 ι
883 2377 952 2406 Dum

166 2415 232 2442 mihi
248 2417 305 2445 haec
318 2419 480 2447 concinebat
493 2421 608 2456 spiritus
626 2430 715 2456 meus,
731 2432 741 2449 ι
758 2427 785 2451 et
797 2431 856 2460 seq.
881 2425 950 2453 Dum

165 2465 230 2491 talia
246 2466 390 2494 ratiocinia
403 2467 430 2494 in
454 2470 612 2504 supradicto
635 2472 697 2498 luco
721 2471 774 2500 isto
801 2473 952 2502 concinens

165 2513 279 2546 spiritus
294 2522 370 2543 meus
387 2523 430 2543 me
442 2522 610 2552 prostratum
626 2523 653 2546 et
663 2519 792 2547 aﬂlietum
808 2522 950 2556 mulceret,

164 2564 193 2586 et
207 2568 307 2596 corpus
329 2563 454 2591 sedatum
478 2565 613 2598 reﬁceret,
638 2575 700 2602 ego,
733 2569 831 2604 inquit,
860 2572 952 2598 serius

164 2613 227 2642 post
241 2609 334 2637 horam
350 2611 385 2639 ab
401 2612 481 2640 horto
494 2621 610 2649 surgens
631 2615 659 2642 in
675 2616 787 2644 domum
804 2618 928 2646 redibam
945 2629 952 2647 :

163 2661 192 2685 et
208 2658 343 2686 interdum
362 2660 452 2688 ridere
471 2670 514 2689 me
530 2664 715 2700 contingebat,
740 2667 764 2694 si
788 2668 852 2702 quis
877 2668 956 2696 aliter

163 2713 246 2740 quam
270 2715 352 2742 supra
377 2708 433 2737 dixi
453 2711 574 2740 sentiat:
595 2713 696 2741 etenim
725 2715 802 2742 aliter
829 2717 953 2745 sentiens

163 2754 254 2788 quivis
279 2757 365 2783 unica:
395 2763 422 2785 et
454 2759 548 2793 prima:
571 2767 625 2787 non
653 2762 778 2797 sequitur
805 2765 950 2793 ratiocinia

162 2803 297 2833 veritatis,
315 2812 364 2831 nec
382 2806 407 2832 in
431 2806 499 2840 ipsis
521 2808 698 2836 stabilitatem
720 2814 747 2837 et
772 2813 948 2841 securitatem

163 2847 255 2876 habet.
269 2848 347 2876 Nunc
363 2851 446 2884 igitur
460 2852 554 2880 talium
579 2855 774 2884 commiserans
793 2858 946 2887 caecitatem

849 116 997 145 NICETAS
1017 117 1121 146 DAVID

1750 113 1802 141 ἰιι

1017 178 1107 212 φθίσιν
1136 178 1226 206 ίοῦσα.
1254 177 1339 212 ἁναζῇ
1363 177 1443 203 πάλιν
1473 174 1521 202 xui.
1545 174 1582 204 ὡς
1607 171 1799 208 ἀρτιγέννητος

1017 223 1143 259 βλέπεται
1168 223 1339 257 φωτιζομένη
1349 230 1355 236 '
1381 221 1462 252 αὐτὸς
1477 220 1504 246 δὲ
1518 221 1531 246 ὁ
1556 218 1742 254 ἁστεροφανὴς
1755 219 1799 244 οὺς

1017 268 1096 304 ρανὸς
1112 268 1161 303 οὐχ
1175 268 1235 299 ὅλος
1250 267 1312 298 ὅσος
1333 266 1392 293 ἐστὶ
1411 265 1521 292 πώποτε
1543 264 1693 295 κατῶπται,
1709 263 1753 290 ἀεὶ
1771 263 1798 290 δὲ

1014 314 1151 350 ἡμιφανὴς
1162 315 1257 349 ὁρᾶται
1268 315 1315 340 xui
1325 312 1363 348 τῷ
1376 312 1546 348 ἡμισφαιρίῳ
1559 311 1796 345 κατακέκρυπται·

1014 361 1060 388 xui
1074 361 1107 387 τὰ
1122 361 1170 396 μὲν
1183 360 1309 395 ὁρώμενα
1325 359 1371 386 τοῦ
1396 359 1498 393 κόσμου
1514 359 1632 392 στοιχεῖα
1654 356 1727 382 τόνδε
1754 355 1799 382 τὸν

1013 407 1112 441 τρόπον
1131 406 1344 442 μετατρέπεται,
1365 405 1413 432 xui
1434 406 1465 430 σὺ
1482 404 1510 430 δὲ
1522 425 1528 436 ,
1547 404 1647 439 φησιν,
1665 402 1757 434 αὐτος,
1777 399 1799 428 ὦ

1014 453 1133 488 βάσκανε
1147 452 1255 487 δράκον,
1269 449 1292 478 ὦ
1309 452 1395 487 πάτερ
1410 451 1507 485 φθόνου
1526 450 1572 477 xui
1587 449 1721 485 ἁμαρτίας
1737 448 1798 484 ῥίζα

1013 500 1060 526 καὶ
1079 499 1168 534 πηγὴ,
1184 499 1230 524 καὶ
1246 499 1278 525 σὺ
1289 519 1297 530 ,
1313 495 1335 525 ὦ
1353 498 1440 524 Σατᾶν
1462 496 1666 532 ἁνβρωποκτόνε
1677 517 1683 528 ,
1701 497 1729 522 ὲν
1743 497 1798 524 τοῖς

1013 545 1166 578 ἁγγελικοῖς
1188 546 1276 580 χοροῖς
1301 544 1394 579 ὥσπερ
1409 544 1438 569 ὲν
1452 543 1580 577 ἀπίασιν
1594 541 1730 576 ἑωσφόρος
1745 541 1799 567 65t—

1013 592 1145 626 κνύμενος
1159 591 1358 626 λαμπρότατος,
1378 587 1437 616 εἶτα
1454 589 1547 620 σκότος
1565 587 1608 615 διὰ
1621 588 1670 624 τὴν
1683 588 1798 623 ἔπαρσιν

1013 638 1173 672 γενόμενος,
1197 637 1250 662 τῶν
1272 636 1413 671 οὐρανίων,
1429 635 1467 666 ὡς
1482 631 1586 669 αἴτιος,
1605 634 1642 666 ὼς
1660 633 1798 668 βδέλυγμα

1013 683 1194 718 ἐξωλίσθησας
1215 682 1388 718 οἰκητηρίων.
1405 682 1459 708 Καὶ
1475 680 1509 707 τὰ
1525 680 1573 715 μὲν
1590 681 1652 715 περὶ
1668 680 1718 714 τῆς
1739 689 1798 706 κτι-

1014 730 1077 764 στῆς
1093 729 1199 762 φύσεως
1210 729 1295 763 ἐχέτω
1303 727 1390 763 ταύτῃ
1400 735 1407 742 ·
1419 727 1445 752 τί
1456 727 1483 753 δὲ
1498 728 1514 761 ή
1530 726 1656 757 ἄκτιστος
1675 726 1722 752 xui
1737 726 1799 760 ἁ.γὲ-

1012 783 1090 808 νητος
1101 775 1184 810 Τριὰς
1194 775 1238 800 xui
1250 773 1318 800 κατά
1331 781 1362 807 γε
1375 773 1423 807 τὴν
1434 773 1518 806 αὐτῆς
1531 771 1609 806 φύσιν
1622 771 1798 802 ἀναλλοίωτος

1013 821 1059 847 xui
1078 821 1227 855 ἄτρεπτος.
1244 817 1298 854 ἆρά
1312 827 1344 853 γε
1369 818 1524 844 παντάπασι
1545 817 1596 843 κᾶν
1619 817 1687 852 αὕτη
1709 818 1799 844 πᾶσαν

1011 866 1167 900 διεξέφυγεν
1180 865 1349 899 ἀντιλογίαν;
1372 864 1441 891 Ἀλλ’
1453 864 1530 896 ἵλεώς
1545 873 1599 899 μοι,
1612 864 1688 895 ἵλεως
1699 864 1802 897 γένοιο,

1012 912 1034 937 Τ
1038 911 1096 946 ριὰς
1105 912 1169 946 ἁγία
1180 911 1196 946 ἢ
1205 911 1349 945 ὑπεραγὶα,
1358 912 1372 937 ὀ
1386 909 1534 944 ἁγιώτατός
1549 918 1594 935 σου
1603 908 1716 935 εὐλαϐοῦ
1720 917 1799 943 μενος

1011 957 1207 992 ἐπιφθέγγεται
1217 956 1361 991 ίερολόγος,
1374 956 1411 986 ὡς
1421 955 1474 981 οὐδ’
1483 955 1550 990 αὑτὴ
1561 954 1648 989 πάντη
1658 953 1710 979 τῶν
1719 953 1797 988 ἀφ

1012 1012 1064 1029 νων
1079 1001 1230 1038 ἀνθρώπων
1240 1001 1382 1036 διέδρασας
1395 1001 1444 1036 τὴν
1457 999 1655 1034 γλωσσαλγίαν.
1669 999 1737 1025 Φασὶ
1745 999 1799 1034 γὰρ

1011 1047 1153 1083 τολμητίαι
1171 1046 1264 1078 κακῶς
1288 1046 1510 1081 αὑθαδιζόμενοι·
1537 1044 1646 1080 Πρῶτον
1661 1042 1695 1080 ἦν
1711 1045 1725 1070 ὁ
1741 1045 1798 1070 Πα-

1011 1093 1074 1129 τὴρ,
1089 1091 1147 1119 εἷτα
1161 1092 1206 1119 τὸν
1229 1093 1317 1127 μέγαν
1337 1092 1480 1126 ἐγέννησεν
1498 1091 1577 1123 Υἱὸν,
1597 1090 1692 1116 ἔπειτα
1707 1090 1737 1116 τὸ
1751 1090 1797 1116 τοῦ

1013 1138 1130 1173 μεγάλου
1145 1138 1212 1164 Θεοῦ
1225 1138 1346 1173 Πνεῦμα,
1363 1138 1400 1169 ὼς
1414 1138 1443 1164 ἐν
1461 1136 1571 1172 βαθμῶν
1589 1136 1726 1170 ἀνισότητι
1738 1135 1798 1162 κατ’

1011 1184 1105 1215 οὐσίας
1126 1184 1257 1211 ὑπόϐασιν
1274 1185 1329 1215 τοῖς
1344 1183 1519 1219 αἰρεσιώταις
1533 1183 1661 1214 ποικίλως
1679 1183 1799 1218 βλασφη-

1014 1231 1115 1265 μεῖται.

1083 1275 1140 1302 Ποῖ
1151 1275 1277 1310 στήσεις
1287 1284 1325 1311 με
1341 1276 1490 1310 φέρουσα,
1505 1284 1531 1302 x.
1549 1284 1572 1302 τ.
1589 1276 1630 1308 ἐξ.

1047 1319 1083 1347 Ὦ
1097 1321 1208 1356 γλῶσσα
1221 1322 1401 1358 κακοφραδὲς,
1419 1322 1566 1357 κακόσχολε
1582 1323 1628 1349 xui
1643 1321 1797 1357 βλάσφημε,

1012 1366 1063 1392 ποῦ
1095 1375 1128 1402 με
1153 1368 1273 1402 φέρουσα
1298 1368 1405 1402 πτήσεις
1427 1368 1481 1394 τῶν
1506 1368 1682 1403 δυσφημιῶν;
1711 1369 1798 1395 Ὅπου

1013 1412 1133 1448 μέριμνα
1143 1433 1149 1443 ,
1165 1413 1210 1439 xui
1226 1413 1309 1447 βαθὺς
1331 1413 1473 1448 νοημάτων
1488 1413 1591 1448 ἴλιγγος
1609 1414 1796 1449 προσίσταται.

1013 1459 1122 1485 Ἱστασο
1140 1459 1188 1494 τῆς
1212 1459 1353 1493 ἀλογίστου
1371 1459 1460 1494 ῥύμης
1475 1459 1609 1495 ἐπέχουσα
1626 1461 1743 1495 σαυτὴν,
1759 1461 1798 1495 τῷ

1013 1505 1126 1540 στόματί
1141 1513 1186 1531 σου
1200 1504 1329 1540 τιθεμένη
1345 1505 1467 1540 φυλακὴν
1481 1506 1528 1532 xui
1543 1506 1642 1537 εἰδυῖα,
1658 1506 1696 1537 ὡς
1711 1507 1796 1541 ὑπερ-

1011 1551 1109 1582 οιισίως
1133 1551 1187 1577 τῶν
1208 1551 1292 1578 ὄντων
1309 1552 1485 1587 ὑπερίδρυται
1507 1552 1578 1579 κατὰ
1592 1552 1672 1586 φύσιν
1685 1554 1699 1578 ὁ
1713 1553 1798 1584 θεός⁶

1011 1597 1058 1623 καὶ
1071 1597 1185 1632 δεύτερα
1208 1597 1295 1624 πάντα
1315 1598 1365 1633 τῆς
1389 1598 1470 1625 αὑτοῦ
1498 1598 1704 1633 μεγαλειότητος
1732 1599 1797 1625 ὑπο-

1011 1644 1113 1678 χώρει.
1130 1643 1169 1678 τῷ
1191 1643 1262 1678 λόγῳ
1282 1644 1332 1678 τῆς
1351 1643 1479 1679 ἀληθείας
1499 1644 1660 1679 ἡττωμένη,
1681 1644 1796 1676 καὶτοῖς

1010 1690 1141 1725 κτίσμασι
1160 1690 1205 1716 τὸν
1219 1690 1337 1724 Κτίστην
1356 1690 1493 1722 παντελῶς
1522 1690 1559 1725 μὴ
1574 1690 1795 1725 παρεικάζουσι,

1010 1735 1077 1761 ἀλλὰ
1097 1736 1158 1771 μηδ’
1177 1735 1218 1762 ὅτι
1240 1736 1361 1770 ματαίως
1383 1736 1429 1762 τὸν
1454 1736 1594 1772 ἄνθρωπον
1610 1736 1716 1763 ἔκτισεν
1730 1737 1796 1763 ὑπο-

1010 1782 1126 1817 νοήσῃς·
1149 1781 1197 1808 xui
1222 1781 1277 1817 γὰρ
1302 1782 1482 1817 παλινῳδίαν,
1520 1783 1550 1809 τὸ
1575 1783 1606 1818 δὴ
1635 1783 1795 1817 λεγόμενον,

1009 1827 1080 1863 ᾄδων
1112 1828 1238 1862 ἵσταμαι,
1265 1827 1352 1854 τοῖσδε
1377 1829 1432 1860 τοῖς
1459 1828 1548 1864 λόγοις
1578 1829 1725 1863 ἐρεισθεὶς,
1759 1829 1796 1861 ὡς

1009 1874 1109 1909 ἥκιστά
1129 1883 1163 1909 με
1186 1875 1226 1906 εἰς
1242 1875 1318 1902 κενὸν
1342 1876 1556 1912 ἐδημιούργησεν
1581 1877 1595 1903 ὁ
1618 1877 1701 1909 Θεός⁴
1718 1878 1796 1905 τοῦτο

1009 1921 1062 1957 γὰρ
1077 1921 1249 1956 ὀλιγοψυχίας
1260 1922 1306 1948 καὶ
1318 1922 1529 1959 ὀλιγοφροσὺνης
1538 1924 1709 1959 ἀνθρωπίνης
1721 1925 1796 1960 ῥῆμά

1009 1968 1066 1994 ἐστι
1079 1968 1126 1995 καὶ
1137 1967 1276 2004 λογισμός.
1292 1967 1348 1995 Νῦν
1363 1969 1413 2004 μὲν
1427 1969 1491 2004 γὰρ,
1504 1970 1580 2004 φησὶ,
1594 1971 1673 2003 ζόφος
1685 1972 1794 2005 ἀγνοίας

1009 2012 1056 2039 xui
1068 2012 1151 2047 ἀχλὺς
1161 2012 1215 2038 τῶν
1230 2013 1400 2048 πραγμάτων
1413 2014 1620 2049 κατακεχυμένη
1636 2014 1686 2040 οὐκ
1705 2016 1736 2050 ἐᾷ
1747 2015 1795 2048 τὴν

1008 2058 1136 2093 ἀλήθειαν
1151 2059 1199 2085 καὶ
1223 2058 1272 2094 τὴν
1286 2059 1374 2085 αἰτίαν
1390 2059 1439 2093 τῆς
1461 2059 1550 2086 αὐτῶν
1575 2060 1726 2095 μεταῦολῆς
1749 2061 1794 2087 xui

1007 2105 1111 2140 τροπῆς
1135 2104 1264 2140 καθαρῶς
1292 2104 1455 2139 καταϐρεῐν·
1481 2105 1550 2140 μετὰ
1565 2105 1651 2132 ταῦτα
1669 2105 1698 2132 δὲ
1717 2105 1794 2139 λόγος

1008 2150 1134 2184 γνώσεως
1148 2152 1186 2182 ὡς
1199 2151 1256 2185 φῶς
1274 2152 1329 2182 τοῖς
1342 2151 1390 2186 τῆς
1410 2151 1537 2186 ἀληθείας
1552 2151 1705 2186 ἐφιεμένοις
1731 2153 1793 2179 ἁνα-

1007 2196 1094 2228 τελεῖ,
1110 2198 1158 2223 καὶ
1181 2197 1287 2228 πάντα,
1311 2197 1396 2232 φησι,
1417 2197 1524 2232 τρανῶς
1545 2199 1722 2233 κατανοήσεις
1733 2218 1740 2229 ,
1757 2199 1794 2230 ὡς

1007 2242 1098 2274 καλῶς
1112 2243 1159 2269 xui
1176 2243 1264 2277 σοφῶς
1277 2243 1456 2278 οἰκονομεῖται
1470 2243 1509 2278 τῷ
1521 2243 1573 2270 τῶν
1586 2244 1713 2270 ἁπάντων
1727 2252 1794 2279 προ-

1009 2288 1090 2323 μηθεῖ
1109 2289 1156 2315 xui
1171 2291 1321 2325 προνοητῇ¹
1339 2290 1355 2325 ἢ
1372 2290 1410 2321 ὡς
1434 2290 1491 2324 φῶς
1515 2290 1585 2325 ὁρῶν
1600 2290 1645 2317 τὸν
1665 2290 1731 2316 Θεὸν
1748 2292 1794 2318 xui

1008 2334 1037 2361 ὲν
1051 2335 1125 2370 αὐτῷ
1141 2336 1203 2366 τοὺς
1214 2335 1310 2369 λόγους
1331 2336 1385 2363 τῶν
1406 2336 1556 2370 γινομένων
1572 2337 1794 2372 καταφωτιζόμε-

1007 2390 1063 2413 νος,
1080 2381 1095 2416 ἢ
1113 2382 1150 2413 ὡς
1165 2383 1232 2417 πυρὶ
1243 2382 1329 2418 τούτῳ
1350 2382 1517 2418 δαπτόμενος
1538 2383 1584 2409 καὶ
1596 2383 1791 2418 κολαζόμενος,

1008 2427 1068 2463 εἴσῃ
1093 2427 1180 2454 πάντα
1201 2428 1233 2454 δι’
1256 2429 1337 2455 αὐτοῦ
1362 2429 1483 2463 γίνεσθαι
1498 2429 1545 2456 καὶ
1559 2430 1651 2457 δίκαια
1665 2432 1712 2457 xui
1726 2431 1792 2466 ἁλη-

1009 2473 1068 2500 οινὰ
1080 2475 1126 2500 xui.
1140 2474 1265 2510 λυσιτελῆ
1281 2475 1328 2502 xui
1343 2475 1436 2504 πιστά,

1059 2532 1113 2564 ’Ὡς
1125 2541 1175 2566 μοι
1187 2531 1268 2559 ταῦτ’
1278 2532 1399 2559 ὲπάεισε
1413 2533 1502 2567 φίλος
1515 2534 1596 2566 νόος,
1613 2542 1640 2560 κ.
1653 2542 1680 2560 τ.
1697 2533 1738 2566 ἐξ.

1048 2587 1091 2620 Ὡς
1103 2588 1165 2620 τοὺς
1191 2589 1326 2621 τοιούτους
1343 2590 1489 2625 λογισμοὺς
1508 2590 1579 2617 κατὰ
1598 2590 1629 2617 τὺ
1648 2590 1791 2625 εἰρημένον

1005 2633 1086 2665 ἄλσος
1106 2634 1194 2661 ἐκεῖνο
1220 2635 1423 2671 ἀνακεκλιμὲνῳ
1437 2637 1484 2663 xui
1507 2637 1674 2672 τρυχωμένῳ
1686 2637 1700 2663 ὁ
1718 2635 1792 2670 φίλος

1005 2678 1066 2710 νοῦς
1083 2680 1242 2714 κατεπᾴδων
1255 2689 1298 2715 μοι
1312 2681 1495 2717 παρεμυθεῖτο
1505 2682 1552 2708 xui
1564 2682 1594 2708 τὸ
1605 2681 1651 2708 τοῦ
1667 2682 1791 2716 σώματος

1005 2723 1088 2758 ἔπειρε
1117 2724 1264 2760 πραῢνοὲν,
1284 2725 1369 2760 κάγὼ,
1386 2727 1462 2762 φησι,
1485 2727 1536 2762 τῆς
1554 2727 1628 2762 ὧρας
1639 2727 1687 2762 ὀψὲ
1699 2728 1789 2754 διανα-

1006 2769 1072 2801 στὰς
1086 2769 1132 2796 τοῦ
1143 2771 1307 2806 παραδείσου
1322 2772 1362 2804 εἰς
1375 2773 1425 2808 τὴν
1437 2773 1525 2799 οἰκίαν
1541 2774 1680 2809 ἐπανῄειν,
1697 2774 1789 2800 ἄλλοτε

1005 2816 1055 2851 μὲν
1069 2814 1115 2842 οὖν
1134 2816 1214 2852 γελᾷν
1233 2826 1277 2852 μοι
1295 2818 1340 2844 τὸν
1356 2818 1472 2854 ἄλλωςῆ
1492 2819 1589 2850 οὕτως,
1603 2820 1640 2850 ὡς
1658 2820 1788 2855 προείρη-

1002 2870 1065 2896 ται,
1086 2862 1235 2898 φρονοῦντα
1257 2863 1335 2898 ἐπῄει
1347 2873 1354 2879 ·
1372 2865 1419 2891 καὶ
1441 2865 1495 2902 γὰρ
1513 2866 1668 2901 ἐτερόξςρων
1686 2866 1757 2897 ἄπας
1774 2865 1788 2891 ὁ
