1920 3046
218 93 271 122 ἾιἸ
889 93 1040 123 ΔΝΙΕΕΤΑΞ
1074 93 1182 122 θεινιο
1807 93 1868 122 748

219 153 262 179 sic
286 151 319 178 ah
341 151 456 179 infantia
485 152 511 178 in
543 151 672 180 robustos
709 158 854 181 venatores
887 154 1005 181 irruunt.

1068 153 1109 190 τὴν
1117 153 1226 188 ἔθειραν
1237 152 1283 180 καὶ
1296 158 1342 180 τοι)
1353 153 1488 189 τραχήλου
1502 152 1551 188 τὴν
1561 152 1667 188 λοφιὰν,
1677 151 1758 188 εἴπερ
1775 153 1870 179 ἱδοιεν

222 198 340 232 σίδηρον.
358 197 511 232 φρίξαντες,
529 199 598 225 κατὰ
614 198 668 225 τῶν
679 198 804 234 θηρεύειν
820 200 960 235 ἐφορμῶσι
973 199 1186 235 βεδουλημένων·
1203 199 1250 226 καὶ
1265 199 1290 226 al
1306 199 1354 234 μὲν
1365 196 1435 226 οὕτω
1450 198 1578 234 νηπιόθεν
1592 198 1638 226 ἐπὶ
1651 199 1715 230 τοὺς
1727 198 1870 234 ἰσχυροὺς

221 244 379 279 ἑφάλλονται
391 245 519 280 θηρατὰς.

222 293 256 320 19
275 293 338 319 Avis
354 293 467 326 primunt
482 293 626 328 implumis,
641 299 693 321 etc.

258 336 310 364 Sed
326 337 391 372 quid
405 338 486 365 aves?
494 346 585 366 nonne
600 344 627 366 et
640 339 678 366 illi
693 340 780 367 multo
792 340 941 367 faciliorem
955 347 1012 366 ma-

222 384 319 419 gisque
341 384 472 411 aerumnis
494 385 648 419 expeditam
671 393 752 420 quam
776 386 900 414 homines
921 385 1011 413 sortiti

221 434 287 456 sunt
304 429 409 456 vitam?
421 429 545 464 Namque
559 431 653 457 statim
669 439 700 458 ac
717 439 768 458 ova
792 431 934 466 fregerunt
961 431 1012 458 im-

222 475 340 511 plumes.
352 479 416 510 post
429 479 535 510 tempus
559 484 614 503 non
631 477 740 512 longum
764 477 822 505 alas
845 477 963 504 induunt
984 479 1012 504 et

222 521 338 548 multum
356 521 382 548 in
399 521 483 548 altum
503 529 517 548 a
536 523 676 549 mansione
689 530 750 550 aera
766 523 889 550 volitant.
905 522 937 550 Et
951 522 1011 557 ipsa

222 565 293 594 ﬂava
319 567 459 594 celebrata
476 567 536 602 apis
555 572 659 602 petram
674 568 701 594 in
716 576 770 604 qua
788 569 914 596 manebat
928 569 1012 596 relin-

221 613 282 647 quit
297 617 324 640 et
344 613 370 639 in
384 620 447 640 aere
461 613 533 640 inter
549 613 631 641 flores
647 614 931 650 circnmvolilatagri,
953 614 1012 641 ido-

221 666 272 685 nea
290 658 395 694 colligit
409 658 576 694 domumque
599 659 652 686 sibi
668 660 902 687 accommodatam
919 665 1009 696 parat,

221 709 249 731 ct
282 705 441 740 hexagonos
463 705 586 733 alveolos
614 705 745 733 ineffabili
772 707 910 741 sapientia
939 707 1011 734 ceris

219 755 330 785 malnat
344 755 371 778 et
390 757 572 787 coagmentat,
594 753 760 780 suavissimo
783 752 874 780 fructu
898 754 1010 779 domum

221 805 299 824 suam
321 798 447 832 implens.
472 796 577 825 Cuncta
589 799 655 830 huic.
669 799 770 834 inquit,
784 799 865 826 unius
882 803 924 826 est
939 801 1011 826 veris

221 850 300 877 opus.
317 842 349 869 Et
363 843 491 870 onmibus
511 843 699 870 animantibus
717 844 788 870 ultro
806 843 939 878 producta
953 844 1012 871 sine

192 880 196 883 ’
222 889 315 916 labore
330 896 345 914 a
361 893 432 916 terra
448 892 474 916 et
490 889 634 916 abundans
651 889 768 917 oli‘wtnr
784 897 847 917 esca
865 899 873 916 :
897 897 949 917 nec
970 890 1012 916 ul-

221 939 263 961 tra
280 934 366 961 maria
379 935 517 962 lassautnr
539 935 590 962 iter
612 935 745 963 facientes
771 943 897 963 escarum
919 936 1008 971 gratia

221 981 327 1014 bellum,
346 982 418 1009 sicut
431 982 565 1013 homines,
587 989 638 1008 nec
653 987 754 1009 terram
771 983 878 1014 colunt,
895 990 945 1009 nec
966 983 1008 1017 ip-

220 1028 260 1054 sis
276 1032 340 1054 sunt
359 1027 478 1062 praefecti
498 1035 512 1054 a
525 1029 609 1059 victu,
624 1036 702 1056 escas
721 1033 940 1064 transportantcs
962 1032 1009 1055 aut

220 1079 380 1107 servantes,
397 1081 447 1101 nec
474 1075 612 1109 pincerna:
631 1075 742 1110 scyphis
759 1083 863 1102 merum
888 1075 1009 1102 miscen-

220 1124 261 1146 tes
281 1128 287 1145 :
303 1119 345 1145 ala
363 1127 416 1154 qua
433 1119 476 1146 hic
490 1121 562 1147 volat
577 1121 647 1152 avis,
663 1121 832 1156 aptum,sine
850 1121 944 1149 labore
960 1129 1008 1149 su-

220 1163 471 1198 perabundantcm,
504 1170 531 1192 et
561 1166 687 1193 idonequ
714 1166 794 1192 alfert
818 1166 922 1193 cibum.
956 1165 1008 1194 Sed

219 1213 248 1236 et
279 1209 368 1244 quoad
398 1209 503 1237 belluas
533 1211 624 1245 ipsas,
651 1211 788 1246 sylvarum
825 1219 951 1239 recessus
983 1217 1010 1240 et

221 1256 357 1282 montium
377 1256 461 1283 latera
490 1257 639 1284 etdumt-ta
652 1258 843 1292 quotidianum
868 1259 1008 1294 paulultnn

220 1301 413 1329 laborantibus
440 1303 561 1337 praebent
581 1304 703 1337 victum;
723 1305 820 1331 dicunt
850 1310 877 1332 et
900 1306 1007 1332 leonem

220 1347 268 1382 qui
282 1354 409 1382 magnam
429 1348 512 1375 feram
527 1349 600 1375 illico
614 1350 729 1380 voravit,
747 1351 768 1376 si
787 1349 852 1384 quid
874 1350 944 1378 forte
966 1359 1009 1378 re-

222 1393 402 1428 manseritlin
427 1398 575 1429 posterum,
599 1395 754 1422 hesternam
777 1396 945 1424 manducare
962 1397 1010 1424 de-

222 1440 344 1476 dignari;
361 1441 526 1476 quandoque
542 1443 571 1468 fit
583 1447 613 1469 ut
631 1444 751 1478 reposita
764 1445 799 1470 ah
818 1441 1010 1472 anteriori‘die

221 1489 358 1516 voraciter
370 1489 515 1517 manducet
529 1494 555 1516 et
574 1491 651 1518 avide
673 1495 766 1526 potum
783 1493 903 1525 hauriat,
916 1494 1006 1520 ventri

221 1536 261 1562 sic
286 1536 492 1571 temperantiam
516 1536 640 1564 all'erens.
661 1537 717 1565 lmo
740 1538 830 1566 minus
854 1546 1009 1566 aerumnosa

221 1587 264 1609 est
284 1589 335 1617 pro
356 1583 542 1610 animantibus
569 1583 625 1610 vita
659 1591 742 1619 quam
770 1592 821 1619 pro
843 1583 1010 1614 hominibus,

221 1628 294 1662 quod
315 1627 382 1662 ipsis
395 1635 503 1662 semper
517 1628 551 1654 ad
565 1628 673 1655 libitum
692 1634 718 1655 et
735 1629 761 1655 in
773 1630 864 1656 vicino
892 1635 933 1656 est
962 1630 1012 1656 do-

221 1681 283 1701 nius
298 1673 356 1701 sive
376 1681 458 1708 rupes
482 1674 540 1701 sive
564 1682 668 1706 ramus,
691 1679 719 1702 et
745 1676 856 1710 quidem
884 1677 962 1703 bona:
984 1680 1011 1703 et

223 1727 307 1753 same,
323 1719 418 1747 solida:
429 1725 457 1746 et
473 1724 549 1750 tutas.
563 1721 684 1755 pulchra:
709 1726 737 1748 et
757 1722 887 1756 jucunda:
911 1723 1011 1752 domus

222 1770 302 1799 sunt;
323 1772 385 1792 cum
398 1769 487 1792 autem
502 1766 573 1793 forte
586 1767 700 1794 morbus
720 1769 861 1803 opprimit.
883 1769 1011 1797 indelieta

223 1811 329 1846 placide
350 1811 504 1844 decedunt,
525 1820 579 1839 non
598 1814 670 1840 enim
685 1815 732 1841 alii
748 1815 822 1842 circa
847 1816 916 1844 alios
937 1821 1012 1844 stan-

224 1864 264 1886 tes
272 1858 434 1894 lacrymosis
441 1861 468 1884 et
477 1858 600 1886 tristibus
609 1861 778 1888 carminibus
788 1861 891 1894 dolent,
899 1871 951 1889 non
960 1870 1013 1890 cae-

224 1904 335 1936 sariem,
349 1904 420 1932 sicut
431 1911 491 1932 mos
502 1910 544 1932 est
558 1906 727 1936 hominibus.
739 1914 849 1943 propter
860 1909 1011 1937 amicorum

223 1954 340 1978 mortem
360 1949 487 1983 tondent,
505 1955 531 1978 et
549 1952 621 1986 quod
640 1953 755 1987 exprimi
772 1954 816 1981 vix
834 1959 934 1989 potest.
952 1957 1012 1983 sine

222 1997 404 2033 trepidatione
423 2001 450 2024 et
475 1989 578 2032 absque
595 2004 667 2026 metu
690 2007 705 2026 e
728 2000 783 2026 vita
805 2001 941 2028 decedunt
958 2002 1011 2029 bel-

223 2044 283 2073 luae.
295 2043 490 2078 nullasjudieii
505 2048 551 2069 aut
564 2051 705 2078 ptruarnm
719 2045 898 2074 formidantes
911 2048 1010 2075 minas.

1066 293 1098 321 19
1119 293 1202 327 Ἀρτι
1219 292 1253 320 δὲ
1267 293 1396 327 ἄπτερος
1411 292 1503 327 ὄρνις,
1521 301 1549 319 κ.
1563 301 1588 319 τ.
1607 293 1632 320 λ.

1098 339 1131 365 Ti
1145 339 1190 366 δαὶ
1206 339 1230 365 οἱ
1249 339 1371 375 δρνιθες;
1392 337 1436 374 ἆρ’
1453 339 1483 365 οὐ
1505 338 1595 374 πολλῷ
1607 339 1654 365 καὶ
1668 336 1740 366 οὗτοι
1757 348 1865 373 κουφο-

1062 385 1144 421 τέραν
1158 385 1211 412 τῶν
1222 385 1270 412 ἀνθ
1276 385 1372 421 ρώπων
1381 385 1620 420 καὶάμοχθοτέραν
1631 385 1756 421 εἰλήχασι
1767 385 1863 421 ζωήν;

1063 432 1094 458 Οἱ
1112 432 1166 468 γὰρ
1179 432 1240 467 ἄρτι
1253 431 1308 458 τῶν
1323 431 1384 458 ὠῶν
1407 431 1570 465 ἐκραγέντες
1592 431 1704 467 ἄπτεροι
1716 432 1765 462 ,οὐ
1788 431 1865 466 μετὰ

1063 478 1131 505 πολὺ
1153 477 1370 514 πτεροφυοῖητες
1386 478 1492 513 χρόνον,
1511 478 1580 504 κατὰ
1606 477 1672 504 πολὺ
1691 478 1742 512 τῆς
1768 477 1865 509 οἰκίας

1063 524 1165 560 ὕπερθε
1189 524 1235 550 τὸν
1254 524 1323 560 ἀέρα
1346 524 1521 550 διαπέτανται
1533 533 1540 539 ·
1553 524 1599 550 καὶ¹
1611 524 1679 558 αὑτὴ
1696 523 1724 550 δὲ
1740 524 1758 559 ἡ
1773 523 1865 560 ξουθή

1063 568 1279 604 ἐπωνομασμένη
1304 569 1429 604 μέλισσα,
1443 569 1474 596 τὸ
1489 569 1634 605 πετρίδιον,
1647 571 1675 595 ἐν
1733 570 1862 605 μεμενή-

1063 614 1328 646 κει,καταλείπουσα
1343 615 1410 650 (56),
1420 615 1468 641 καὶ
1484 616 1511 642 ἐν
1526 613 1574 650 ἦρι
1583 615 1618 642 τὰ
1631 615 1698 650 ἄνθη
1710 623 1863 650 περιιπτα-

1063 659 1132 696 μένη
1161 659 1208 686 τοῦ
1234 660 1320 695 ἀγροῦ
1338 661 1386 687 καὶ
1410 661 1443 688 τὰ
1470 661 1610 696 ἐπιτήδεια
1637 660 1765 691 συλῶσα.
1780 659 1862 687 οἷκον

1062 705 1200 732 ἀντίθετον
1220 707 1303 742 ἑαυτῇ
1321 707 1537 740 κατασκευάζει,
1557 707 1604 733 καὶ
1629 706 1678 737 τὰς
1700 706 1864 741 ἑξαγώνους

1063 752 1197 788 σύριγγας
1212 753 1241 779 ἐν
1257 753 1337 788 σοφία
1352 753 1463 789 ἀρρήτῳ
1475 754 1530 784 τοῖς
1539 753 1644 789 κηρίοις
1655 754 1862 787 συνυφαίνουσα

1063 797 1110 824 καὶ
1140 798 1376 834 συμπηγνύουσα,
1394 799 1563 832 γλυκυτάτου
1593 799 1638 826 τὸν
1665 799 1751 834 αὐτῆς
1774 799 1861 834 δόμον

1062 843 1238 880 ἐμπίμπλησι
1252 844 1309 880 (57)
1325 845 1432 881 καρποῦ
1442 854 1448 859 ·
1458 845 1542 872 ταῦτα
1552 846 1580 872 δέ
1594 855 1659 880 φησι
1673 847 1763 873 πάντα
1776 846 1863 881 ὶαρος

1061 891 1121 922 ἑνὸς
1145 890 1224 927 ἔργα.
1243 891 1298 918 Καὶ
1325 893 1392 919 πᾶσι
1414 892 1443 918 δὲ
1467 892 1546 924 ζώοις
1562 893 1703 929 αὐτομάτη
1727 894 1773 920 καὶ
1786 894 1861 928 ἄμο-

1064 937 1127 972 χθος
1149 938 1203 964 ἀπὸ
1220 938 1269 974 τῆς
1294 938 1346 972 γῆς
1367 938 1414 965 καὶ
1436 938 1548 974 δαψιλὴς
1566 940 1731 975 παρίσταται
1749 939 1857 974 τροφή·

1064 984 1112 1010 καὶ
1138 984 1169 1010 οὐ
1188 984 1359 1015 διαποντίους
1386 985 1541 1020 ἀποδημίας
1570 986 1696 1012 πονοῦσιν
1720 986 1744 1012 οἱ
1774 985 1861 1020 θῆρες

1063 1030 1167 1064 τροφῆς
1183 1030 1261 1065 χάριν
1280 1030 1405 1065 καθάπερ
1427 1031 1574 1066 ἄνθρωποι,
1591 1032 1622 1057 οὐ
1639 1031 1793 1066 γεωργοῦσι
1809 1031 1862 1065 τὴν

1063 1075 1125 1109 γῆν,
1143 1075 1173 1100 οὐ
1195 1074 1293 1110 ταμίαι
1314 1075 1387 1101 σίτου
1408 1075 1499 1107 αὐτοῖς
1516 1076 1563 1102 καὶ
1585 1076 1696 1102 σιτῶναι
1714 1077 1762 1102 καὶ
1782 1084 1863 1102 σιτα-

1063 1119 1159 1152 γωγοὶ,
1179 1119 1229 1145 οὐκ
1244 1119 1357 1154 οἰνοχόοι
1377 1120 1520 1152 κυπέλλοις
1543 1121 1588 1147 τον
1602 1119 1672 1147 οἶνον
1686 1121 1840 1156 ἐγκιρνῶσι
1853 1129 1859 1134 ·

1063 1166 1111 1191 καὶ
1126 1166 1224 1201 πτερὸν
1249 1165 1277 1192 δὲ
1299 1166 1344 1192 τὸν
1366 1167 1440 1202 ὖρνιν
1467 1164 1518 1193 ὧδε
1535 1168 1616 1194 κακεῖ
1640 1168 1863 1202 περιπετόμενον

1063 1212 1112 1247 τὴν
1126 1213 1255 1248 ἁρμόδιον
1269 1213 1376 1245 ἀπόνως
1391 1213 1607 1248 προσεπορίσατο
1626 1213 1664 1248 τῷ
1680 1213 1773 1248 πτηνῷ
1786 1213 1864 1248 βρῶ-

1064 1266 1106 1284 σιν
1122 1266 1129 1289 ;
1145 1257 1214 1285 ἀλλὰ
1231 1259 1278 1285 καλ⁸
1295 1259 1358 1290 τοὺς
1380 1259 1465 1294 θῆρας
1487 1259 1585 1291 αὐτοὺς
1602 1260 1630 1285 αἱ
1644 1259 1742 1294 λόχμαι
1761 1260 1810 1287 καὶ
1826 1260 1864 1287 τὰ

1063 1303 1117 1330 τῶν
1130 1304 1201 1340 ὀρῶν
1217 1305 1294 1331 κοῖλα
1312 1305 1359 1332 καὶ
1376 1305 1457 1332 λάσια
1472 1306 1521 1341 τὴν
1537 1306 1687 1341 ἡμερήσιον
1701 1306 1788 1342 μικρὰ
1809 1316 1863 1333 πο-

1063 1350 1227 1386 νησαμένοις
1252 1351 1402 1387 παρέχεται
1419 1351 1534 1386 τροφήν.
1549 1351 1618 1377 Φασὶ
1637 1350 1664 1377 δὲ
1683 1351 1730 1377 καὶ
1747 1351 1860 1381 λέοντα,

1063 1397 1109 1422 τὸν
1129 1396 1215 1432 μέγαν
1231 1396 1312 1432 θῆρα,
1326 1397 1355 1423 ὃν
1371 1397 1535 1433 προσφάτως
1549 1397 1773 1432 κατεθοινήσατο,
1790 1397 1822 1422 εἴ
1836 1397 1863 1422 τί

1064 1452 1129 1469 ποτε
1144 1443 1240 1470 τούτου
1260 1443 1384 1478 λείψανον
1399 1445 1439 1475 εἰς
1457 1443 1507 1479 τὴν
1528 1442 1796 1478 ἑξῆςῦπολειφθείη,
1808 1443 1864 1470 ’ἑω-

1064 1489 1109 1516 λον
1124 1489 1260 1524 ἐμφαγεῖν
1277 1489 1314 1525 μὴ
1331 1488 1541 1525 καταδέχεσθαι·
1557 1489 1616 1516 ἐστι
1635 1489 1658 1515 δ’
1675 1490 1719 1516 ὅτε
1732 1490 1780 1516 καὶ
1791 1489 1864 1516 ἑτε-

1065 1536 1184 1571 ρήμερον
1199 1535 1307 1568 ἐσθίων,
1322 1535 1441 1572 βριαρῶς
1454 1537 1501 1563 καὶ
1518 1536 1626 1571 λάϐρως
1643 1535 1681 1571 τῷ
1696 1536 1773 1571 ποτῷ
1789 1537 1863 1571 χρῆ-

1063 1591 1118 1613 ται,
1137 1583 1223 1618 μέτρα
1238 1582 1260 1608 δ’
1272 1580 1319 1609 οὖν
1335 1583 1410 1618 ὅμως
1425 1582 1565 1609 ἐπιϐάλλει
1579 1584 1611 1618 τῇ
1627 1582 1727 1618 γαστρί
1741 1591 1748 1597 ·
1764 1583 1864 1609 τοσοῦ-

1063 1635 1109 1654 τον
1126 1628 1153 1654 δὲ
1175 1629 1230 1660 τοῖς
1246 1628 1335 1660 ἄλλοις
1356 1628 1437 1660 ζώοις
1454 1628 1624 1663 ἁπονώτερος
1640 1629 1654 1654 ὀ
1665 1628 1723 1663 βίος
1739 1629 1787 1655 τοῦ
1806 1630 1863 1656 τῶν

1063 1674 1216 1710 ἀνθρώπων
1240 1675 1327 1707 πέλει,
1344 1675 1405 1702 καθ’
1431 1675 1492 1701 ὅσον
1520 1675 1568 1701 καὶ
1586 1671 1659 1706 οἶκος
1680 1675 1798 1707 ἐκείνοις
1820 1678 1864 1703 ἀεὶ

1064 1720 1168 1755 σχέδιος
1184 1721 1231 1747 καὶ
1254 1719 1441 1756 αὐτόματοςῆ
1463 1720 1550 1756 πέτρα
1569 1721 1585 1756 ἦ
1602 1721 1731 1752 κλαόἐων,
1746 1722 1793 1748 καί
1813 1724 1864 1749 αὺ-

1062 1767 1105 1792 τοὶ
1130 1768 1263 1802 ἀτρεμεῖς
1287 1767 1334 1793 καὶ
1355 1767 1442 1800 ὑγιεῖς
1455 1787 1462 1798 ,
1476 1767 1606 1802 κρατεροὶ
1625 1767 1673 1793 καὶ
1699 1767 1861 1802 εὐσθενεῐς,

1064 1814 1239 1849 περικαλλεῖς
1263 1814 1310 1840 καὶ
1334 1813 1446 1845 εὐειδεῖς
1460 1821 1467 1828 '
1483 1814 1547 1840 ὅταν
1567 1813 1595 1840 δέ
1617 1822 1682 1840 ποτε
1711 1814 1758 1840 καὶ
1781 1815 1863 1848 νόσος

1064 1859 1249 1895 κατακάμψῃ,
1265 1858 1411 1894 ἀθρήνητοι
1439 1857 1604 1891 ἐξέπνευσαν
1632 1858 1732 1895 ἡσυχῆ,
1759 1860 1862 1888 eho-sv

1064 1905 1144 1937 ἄλλος
1165 1905 1275 1932 ἄλλοθεν
1294 1905 1502 1942 περιιστάμενοι
1523 1905 1635 1938 τούτους
1652 1907 1794 1941 πενθίμοις
1814 1909 1862 1934 xxi.

1064 1952 1170 1986 γοεροῖς
1195 1951 1303 1986 μέλεσιν
1328 1951 1555 1987 ἀπολοφύρονται,
1575 1950 1605 1978 οὐ
1631 1952 1800 1987 πλοκάμους,
1825 1955 1862 1986 ὡς

1065 1996 1220 2033 ἀνθρώποις
1236 1996 1305 2028 ἔθος,
1321 1996 1366 2022 ἐπὶ
1381 1997 1413 2031 τῇ
1429 1996 1484 2023 τῶν
1503 1996 1587 2030 φίλων
1604 1997 1798 2033 ἀποκείρονται
1817 2008 1862 2025 τε-

1065 2044 1146 2078 λευτῇ
1163 2051 1170 2059 υ
1187 2042 1233 2068 καὶ
1248 2042 1278 2068 τδ
1297 2041 1352 2067 τῶν
1374 2042 1529 2077 εἰρημένων
1555 2043 1646 2077 μεῖζον
1663 2043 1704 2069 ὅτι
1728 2043 1862 2078 ἅταρϐεῖς

222 2089 347 2116 ἐντεῦθεν
371 2090 396 2116 οἱ
422 2089 504 2125 θῆρες
528 2090 575 2116 καὶ
598 2091 693 2125 ἄφοϐοι
715 2092 764 2126 τὴν
783 2093 842 2118 κατ’
871 2093 968 2124 αὐτοὺς
991 2092 1170 2119 ὑπεκδὺνουσι
1195 2088 1279 2124 ζωὴν,
1304 2086 1434 2122 οὐδεμίαν
1459 2086 1576 2121 κρίσεως
1603 2087 1618 2122 ἢ
1643 2087 1781 2119 κολάσεως
1806 2090 1861 2118 ὑπ-

221 2137 380 2169 οπτεύοντες
398 2137 522 2172 ἀπειλήν.

221 2185 253 2212 41
272 2184 375 2219 Inspice
394 2185 529 2210 hominum
547 2183 672 2209 miserum
689 2190 779 2217 genus,
800 2187 852 2209 etc.

257 2230 337 2260 Cum.
356 2229 455 2265 inquit,
470 2229 535 2255 dicti
551 2228 577 2255 in
597 2228 804 2255 irrationalibus
819 2228 1008 2256 animantibus

221 2274 432 2310 conspiciuntur
446 2279 546 2304 mores,
568 2273 702 2307 reliquum
716 2273 945 2300 considerandum
954 2278 1007 2304 est.

221 2325 246 2348 el
274 2319 386 2355 quantis
416 2317 583 2354 deploranda
617 2318 758 2345 hominum
784 2318 869 2353 figura
895 2320 1009 2346 exerci-

221 2371 295 2394 tatur
308 2365 399 2397 malis.
420 2365 458 2391 ila
473 2369 502 2391 ut
517 2364 574 2399 ipse
587 2368 650 2391 ante
672 2367 852 2398 conspectum
874 2365 1007 2392 creatoris

221 2419 356 2446 apparens
382 2409 459 2437 dicas
487 2409 556 2436 nihil
579 2409 708 2439 debilins,
723 2409 792 2435 nihil
818 2410 1007 2438 miserabilius

221 2457 295 2484 alere
303 2460 403 2484 terram
417 2463 498 2491 quam
505 2455 652 2482 hominem.
666 2455 756 2481 Prima
765 2463 829 2490 ergo
839 2456 951 2483 vilitatis
959 2457 1007 2484 de-

221 2502 384 2530 monstratio
400 2502 472 2537 quod
485 2502 512 2528 in
533 2501 667 2536 principio
681 2501 872 2537 coagulatione
890 2510 1008 2538 concep-

220 2550 306 2577 tionis
322 2548 521 2583 ﬁt,multisque
531 2547 673 2575 doloribus
683 2547 842 2581 subjacente
853 2550 1007 2583 parturitur

220 2600 248 2623 et
255 2595 377 2624 nutritur
388 2603 402 2622 a
423 2598 510 2622 matre
522 2593 636 2627 ;deinde
649 2594 778 2621 lactatum
791 2602 873 2628 super
887 2594 1007 2623 brachiis

220 2647 331 2679 gestans
344 2646 432 2669 mater
442 2641 623 2668 circumducit
639 2641 710 2668 sicut
725 2640 799 2668 dulci
820 2640 896 2668 oneri
914 2641 1007 2668 adhae-

220 2697 285 2717 rens
306 2687 420 2720 infanti;
439 2686 536 2714 moxin
547 2691 634 2714 strato
650 2687 755 2722 positus
769 2687 913 2722 supplodo,
929 2688 1008 2723 vagio

220 2733 363 2761 doloribus
373 2740 495 2768 pressus;
504 2731 566 2760 inde
573 2732 783 2768 quadrupedum
791 2740 867 2760 more
877 2734 1004 2760 manibus

257 2807 312 2843 (56)
331 2807 404 2843 Codr
428 2807 650 2843 καταλειποῦσα,
677 2808 748 2836 unde
776 2808 892 2837 fortasse
922 2809 1006 2838 scribi

222 2847 309 2873 potest
329 2842 526 2871 καταλιποῦσα.

1072 2181 1098 2209 Η
1124 2181 1223 2213 ’Δθρει
1243 2180 1292 2206 καὶ
1314 2180 1456 2214 μερόπων
1470 2179 1572 2207 δειλὸν
1584 2181 1683 2215 γένος.
1699 2191 1726 2210 κ.
1739 2191 1765 2210 τ.
1778 2183 1806 2209 λ.

1098 2226 1218 2261 Ἐπειδὴ,
1231 2226 1309 2261 φησὶ,
1329 2226 1363 2253 τὰ
1374 2226 1506 2262 εἰρημένα
1529 2227 1558 2252 ἐν
1575 2228 1631 2259 τοῖς
1647 2227 1758 2261 ἀλόγοις
1772 2229 1857 2256 ἐθεω-

1063 2273 1132 2309 ρήθη
1151 2272 1231 2305 ζώοις
1249 2272 1382 2306 ἰδιώματα
1393 2292 1401 2303 ,
1417 2272 1547 2299 σκεπτέον
1568 2273 1614 2299 ἐπὶ
1630 2273 1736 2306 τούτοις
1753 2275 1857 2307 λοιπον,

1063 2319 1108 2344 καὶ
1128 2318 1194 2348 οἵοις
1210 2318 1226 2352 ή
1241 2317 1344 2343 δειλαία
1366 2317 1420 2343 τῶν
1441 2317 1594 2354 ἀνθρώπων
1609 2318 1701 2354 μορφὴ
1717 2319 1858 2347 ταλαιπω-

1064 2366 1149 2400 ρείται
1172 2365 1278 2395 κακοῖς,
1293 2362 1330 2394 ὡς
1352 2363 1385 2390 ἂν
1409 2364 1456 2390 καὶ
1476 2364 1557 2395 αὐτὸς
1575 2364 1648 2390 κατὰ
1671 2364 1718 2390 τὸν
1742 2367 1858 2402 ποιητὴν

1062 2411 1271 2446 ἀποφηνάμενος
1288 2410 1377 2446 εἴπῃς,
1393 2410 1430 2442 ὡς
1438 2410 1513 2437 οὐδὲν
1529 2410 1702 2446 ἀκιδνότερον
1726 2412 1743 2445 ἥ
1757 2412 1857 2440 ἀθλιώ-

1061 2458 1168 2492 τερονή
1185 2455 1221 2491 γῆ
1245 2455 1293 2482 τοῦ
1312 2455 1459 2491 ἀνθρώπου
1475 2455 1584 2491 τρέφει.
1606 2456 1706 2492 Πρώτη
1735 2458 1787 2492 μὲν
1811 2457 1856 2486 οὖν

1061 2504 1200 2535 εὐτελείας
1216 2502 1344 2534 ἔνδειξις,
1356 2502 1387 2529 τὸ
1407 2503 1483 2538 ῥοιῆς
1503 2503 1692 2538 πηγνυμένης,
1711 2504 1772 2538 ἦτοι
1792 2506 1855 2540 ῥεύ-

1062 2557 1140 2580 σεως,
1157 2546 1227 2574 εἶναι
1249 2548 1327 2582 γόνον
1351 2549 1380 2573 ὲν
1395 2548 1512 2583 ἀρχαῖς,
1531 2549 1608 2583 μόγῳ
1624 2547 1653 2574 δὲ
1673 2549 1722 2574 καὶ
1743 2549 1856 2582 πολλαῖς

1062 2594 1258 2626 κακοπαθείαις
1278 2594 1423 2628 γεννᾶσθαι
1438 2594 1486 2621 καὶ
1508 2594 1711 2630 ἁνατρέφεσθαι
1732 2595 1784 2629 τῆς
1801 2605 1853 2630 μη-

1061 2641 1125 2676 τρός
1136 2650 1142 2656 ·
1159 2638 1218 2667 εἶτα
1237 2640 1544 2676 γαλακτοτροφούμενον
1563 2640 1606 2666 ἐπ’
1620 2640 1751 2674 ἀγκαλῶν
1773 2643 1792 2676 ἡ
1804 2643 1854 2677 μή.

1060 2695 1114 2722 τηρ
1127 2687 1228 2722 ὀχοῦσα
1249 2687 1388 2722 περιάγει,
1405 2687 1442 2719 ὡς
1467 2686 1563 2720 γλυκεῖ
1591 2687 1666 2721 πόνῳ
1679 2688 1853 2722 προσέχουσα

1061 2732 1100 2767 τῷ
1118 2732 1212 2768 βρέφει
1228 2742 1235 2748 ’
1249 2732 1345 2759 ἔπειτα
1364 2732 1433 2768 πρὸς
1456 2732 1495 2768 τῷ
1521 2732 1613 2767 ἐδάφει
1634 2732 1777 2764 τιθέμενος
1796 2735 1852 2759 ἐπι-

1097 2810 1154 2844 (57)
1180 2811 1391 2848 Ἐμπίμπλησι,
1412 2812 1452 2840 sic
1480 2812 1578 2841 codex.
1609 2819 1634 2838 ν.
1664 2810 1792 2845 Lobetk,
1817 2812 1850 2839 ad

1061 2844 1164 2880 Phrvn.
1181 2844 1265 2876 0.795.
