1920 3046
84 168 140 196 75

89 226 188 262 μόρονς
202 226 333 254 ’Λλλὰκαὶ
344 226 385 260 ch,
400 227 493 263 φησὶν,
505 226 529 255 ὦ
548 227 714 264 Ἀλέξανδρε,
728 229 874 265 δράκοντος

84 271 117 304 ὓς
132 271 285 308 κομπάζεις
298 273 355 305 υῐδς
376 272 458 306 εἷναι,
474 274 512 310 τῷ
531 275 716 310 ἀκατάσχετος
736 273 806 302 εἶναι
825 274 875 310 τὴν

83 317 176 353 ἀλκὴν
188 318 235 345 καὶ
247 318 442 352 ἀνυπόστατος,
455 321 503 348 καὶ
515 321 546 347 σὲ
559 320 628 356 μετὰ
639 321 669 348 τὸ
682 321 772 348 πᾶσαν
782 321 875 357 σχεδὸν

82 363 137 399 τὴν
149 364 201 399 γῆν
215 364 350 398 ἐπελθεῖν,
368 363 440 398 οἵνος
453 366 580 403 ἀμέτρως
593 367 755 400 ὲναπὲπνιξε
767 367 873 400 ποθείς.

84 408 121 435 Τί
135 409 163 435 δὲ
177 409 257 437 πλέον
267 411 297 437 ὲν
307 412 414 446 νεκροῖς
429 411 583 446 βασιλεῦσιν
591 413 607 448 ἢ
616 412 729 448 πένησι;
746 413 795 448 μία
807 414 874 440 πᾶσι

85 453 163 486 κόνις
172 474 183 487 ,
204 455 261 487 [σος
275 456 341 482 πᾶσι
356 456 404 482 καὶ
417 457 509 492 ὅμοιος
521 458 536 483 ὸ
551 458 685 490 σκελετὸς,
698 459 765 485 ὀστᾶ.
784 457 876 493 γυμνὰ

87 499 170 534 μόνον
187 500 264 536 αὐτῷ
274 510 304 528 τι
316 501 354 538 τῷ
364 502 436 538 ήρωῖ
447 503 567 539 ’Δτρείδῃ
581 503 628 530 καὶ
644 504 709 540 Ἴρῳ
723 504 762 540 τῷ
777 504 875 540 ἀλήτο-

85 546 162 582 6όρῳ
186 547 238 574 καὶ
255 548 398 583 ὲπαιτήσει
425 549 510 584 ἄρτου
537 549 664 581 διαζῶντι
683 558 690 565 ·
716 550 798 582 αὐτός
833 559 874 582 τε,

86 592 182 628 φησιν,
203 593 217 618 ὸ
237 592 325 628 μέγας
343 595 547 624 Κωνσταντῖνος
565 595 612 622 καὶ
627 595 753 631 θεράπων
768 596 876 630 οἰκέτης

86 637 166 672 ἐμὸς,
179 638 253 670 ὅστις
262 647 293 664 τε
306 639 416 671 ἄνολϐος
430 640 477 666 καὶ
490 641 563 672 ὅστις
577 640 723 672 πολύολϐος
738 641 784 668 καὶ
795 641 876 677 βαρυ-

87 685 213 720 κτήμων,
239 684 314 712 οὐδὲν
339 685 403 712 ἄλλο
429 685 555 718 θανόντες
576 686 667 722 ἔχουσι
688 687 767 714 πλέον
789 687 806 723 ἢ
830 688 876 714 τὸν

85 730 185 764 τάφον.

86 775 122 803 97
142 775 200 803 Kal
212 776 248 803 τὰ
261 775 321 810 μὲν
334 776 444 805 ἐνθάδε
452 777 528 811 τοῖα,
550 778 585 805 τὰ
600 778 627 805 δ’
641 779 748 806 ἄλλοθι
762 779 808 812 τίς
824 788 877 806 κεν

581 813 719 849 [ἐνίσποι.
732 823 758 841 κ.
773 823 797 841 τ.
814 813 840 840 λ.

125 857 195 883 Ὅσα
220 856 269 892 μὲν
293 858 344 893 τῆς
367 858 396 885 ὲν
421 858 517 895 κόσμῳ
546 859 619 894 ζωῆς
650 859 720 895 μετὰ
751 859 876 896 σώματος

86 902 207 938 ὸδυνηρά
224 904 272 930 καλ¹
284 904 399 939 τερπνὰ,
414 904 536 938 τοιαῦτα,
551 906 701 942 ὁλοσχερῶς
716 906 812 937 εἰπεῖν,
830 907 877 933 καὶ

86 948 175 980 οὕτως
187 948 300 984 ἔχοντα·
325 950 365 982 τίς
378 950 400 977 δ’
416 951 450 977 ἂν
464 951 623 986 ἐκλαλῆσαι,
641 952 717 986 φησι,
735 952 770 979 τὰ
785 952 877 980 ἄλλοοι

86 995 145 1025 τοίς
157 994 260 1026 ἀδίκοις
270 995 462 1031 ἀπειλούμενα,
474 996 492 1023 ἃ.
501 998 518 1032 ή
529 997 629 1032 ἐσχάτη
642 997 731 1033 ἡμέρα
741 998 877 1025 ἀποκαλυ-

87 1040 211 1076 πτομένη
234 1040 380 1074 ὲπιδεὶξει;
404 1042 460 1078 πῦρ
485 1042 539 1078 γὰρ
561 1044 619 1069 ὲκεῖ
644 1043 773 1079 βρόμεον.
794 1044 876 1079 ἦγουν

87 1086 215 1122 φοϐερὸν,
231 1087 277 1113 καὶ
291 1087 387 1121 γέεννα
401 1088 545 1124 ὴπείληται
562 1089 609 1115 καὶ
632 1089 725 1121 σκότος
745 1087 876 1126 ἐξώτερον

86 1133 146 1163 τοῖς
161 1133 377 1168 μακρυνομένοις
392 1134 439 1160 καὶ
456 1134 550 1170 πόρρω
563 1134 691 1161 πίπτουσι
707 1134 754 1161 τοῦ
768 1135 855 1170 φωτός
867 1144 875 1152 ·

87 1178 149 1204 ἐκεῖ
171 1178 219 1204 καὶ
240 1178 347 1214 σκώληξ
370 1179 529 1215 ἁκοίμητος,
542 1180 591 1215 τῆς
617 1180 754 1216 ἡμετέρας
777 1181 877 1213 κακίας

87 1223 242 1259 ὑπόμνησις
266 1225 312 1251 καὶ
338 1225 385 1251 τοῦ
415 1226 564 1257 συνειδότος
588 1227 605 1262 ἡ
629 1226 703 1259 νύξις
721 1227 767 1254 καὶ
793 1227 877 1255 κατά-

87 1277 200 1301 γνωσις.

88 1313 195 1347 Λώϊον,
210 1316 236 1342 εὶ
247 1315 370 1347 βιότοιο,
386 1324 413 1343 κ.
426 1324 450 1342 τ.
466 1316 506 1348 ἐξ.

125 1361 235 1388 Βέλτιον
259 1359 294 1397 ἦν
319 1370 359 1388 σοι
386 1363 433 1389 καὶ
458 1362 613 1398 λυσιτελοῦν
641 1363 756 1398 μᾶλλον,
782 1359 804 1389 ὦ
828 1365 878 1400 τῆς

89 1406 228 1439 κολάσεως
253 1407 360 1443 ἐκείνης
376 1409 497 1441 ὑπόδικε,
518 1409 542 1435 εἰ
564 1409 601 1445 μὴ
621 1409 670 1441 τὰς
694 1410 734 1442 εἰς
752 1410 798 1437 τὸν
822 1410 878 1446 βίον

90 1452 228 1488 φερούσας
247 1454 382 1490 ὲπέρασας
396 1455 472 1487 ὁδούς
482 1465 488 1471 -
507 1455 589 1482 καλὸν
605 1464 646 1482 σοι
664 1455 701 1491 μὴ
715 1456 878 1492 γεννηθῆναι

89 1499 141 1534 τὴν
157 1499 245 1535 ἀρχὴν
268 1500 285 1536 ἢ
311 1501 466 1536 γεννηθέντι
493 1502 539 1529 καὶ
566 1502 733 1537 πεπερακότι
757 1502 802 1529 τὸν
823 1503 877 1538 βίον

90 1544 192 1579 ὁμοίως
215 1545 313 1581 θηρσὶν
330 1545 346 1581 ἢ
361 1547 472 1582 κτήνεσι
485 1547 599 1581 λυθῆναι
618 1548 665 1574 καὶ
684 1547 784 1580 θανεῖν,
800 1547 817 1584 ἦ
836 1548 879 1574 ἵνα

91 1591 144 1617 κάν
157 1590 196 1626 τῷ
214 1590 264 1626 βίῳ
280 1591 348 1627 τῷδε
368 1592 505 1625 τοσούτοις
528 1594 623 1624 κακοῖς
644 1593 804 1629 ταλαιπωρῇ
831 1593 879 1620 καὶ

91 1636 206 1672 ὕστερον
223 1637 303 1665 πάλιν
316 1638 406 1674 πολλῷ
419 1638 477 1666 τῶν
488 1639 603 1666 ἐνταῦθα
614 1639 723 1674 χείρονα
733 1639 878 1675 προσδέχῃ,

91 1682 155 1710 καθ’
169 1683 231 1709 ὅσον
243 1683 278 1710 τὰ
294 1684 343 1719 μὲν
354 1684 432 1716 τέλος
445 1684 518 1720 ἔχειν
535 1685 726 1720 προσδοκᾶται,
738 1685 772 1712 τὰ
786 1685 808 1711 δ’
820 1686 880 1712 ἁτε-

92 1727 221 1764 λεύτήτον
233 1729 345 1763 ἐπάγειν
356 1731 411 1761 τοῖς
424 1730 614 1766 κολαζομένοις
628 1732 733 1766 ποινήν.
751 1730 806 1757 Ποῦ
824 1739 878 1766 μοι,

93 1773 175 1800 πάλιν
194 1774 276 1809 φησὶν
291 1775 306 1800 ό
320 1775 476 1810 θεόληπτος,
491 1777 508 1812 ή
530 1775 635 1811 μεγάλη
652 1776 698 1803 τοῦ
717 1775 880 1812 πρωτοπλά-

93 1827 157 1846 στου
171 1819 246 1852 δόξα,
264 1820 306 1847 ὅτι
321 1821 393 1857 χειρὶ
406 1821 473 1848 Θεοῦ
487 1822 533 1849 καὶ
548 1822 619 1849 κατὰ
632 1823 681 1858 τὴν
694 1822 776 1849 αὐτοῦ
789 1822 881 1849 εἰκόνα

93 1866 141 1892 καὶ
156 1865 285 1900 ὁμοίωσιν
310 1866 442 1902 ἐπλάσθη,
461 1867 507 1893 καὶ
530 1867 599 1902 αὕτη
621 1868 669 1902 μιᾷ.
689 1867 782 1902 γεύσει
802 1867 880 1899 ξύλου

93 1912 268 1947 ἀπειρημένη
283 1912 435 1946 ἀπολώλεις
455 1912 506 1939 ποῦ
522 1913 550 1940 δὲ
564 1913 611 1940 τοῦ
627 1912 754 1949 Σαλομὼν
770 1913 786 1948 ὴ
801 1913 881 1947 σοφία

93 1956 142 1982 καὶ
154 1956 186 1982 τὺ
198 1956 279 1988 κῦδος
292 1957 342 1992 τῆς
355 1958 511 1993 φρονήσεως
522 1966 529 1990 ;
550 1958 716 1994 δεδάμασται
731 1958 759 1985 δὲ
771 1959 818 1985 καὶ
834 1955 881 1985 οὗ·

92 2010 140 2034 τος
157 2003 206 2029 καὶ
231 2003 366 2039 ἠτίμωται
383 2004 516 2038 γυναιξίν.
541 2004 597 2031 Ποῦ
620 2005 648 2031 δὲ
680 2004 778 2035 Ἰούδας
799 2005 814 2030 ὁ
836 2004 881 2031 τὸν

93 2048 297 2085 δωδεκάριθμόν
311 2049 365 2085 (Gl)
381 2058 447 2076 ποτε
466 2050 521 2076 τῶν
540 2050 696 2077 ἀποστόλων
718 2050 798 2086 χορὸν
812 2059 881 2086 συμ-

94 2094 224 2131 πληρῶν;
253 2095 321 2122 ἀλλὰ
345 2097 391 2122 καὶ
421 2096 501 2128 αὐτὸς
529 2096 643 2132 βραχέος
664 2096 742 2123 ἕκατι
771 2096 882 2132 κέρδους

93 2140 204 2168 αἰώνιον
224 2141 318 2168 σκότον
334 2141 529 2176 ἀντηλλάξατο.

96 2185 148 2213 109
165 2186 274 2220 Χριστὲ
286 2186 373 2218 ἅναξ,
392 2195 417 2212 κ.
434 2195 459 2213 τ.
471 2187 495 2215 ὲ.

138 2231 240 2266 Δέομαί
261 2240 317 2263 σου,
344 2233 425 2268 φησὶν
452 2233 467 2260 ὁ
495 2233 688 2265 θεόπνευστος,
712 2230 735 2260 ὣ
764 2233 881 2268 μακάριε

95 2278 196 2313 Χριστὲ
219 2277 266 2305 καὶ
285 2278 474 2314 παμῦασιλεῦ,
498 2279 597 2306 αὐτίκα
614 2279 661 2306 νῦν
685 2280 842 2314 ἀναστήσας
865 2278 882 2314 ἦ

97 2324 272 2359 μεταστήσας
284 2332 318 2359 με
331 2324 386 2351 τῶν
399 2324 446 2351 τοῦ
459 2325 516 2360 βίου
528 2325 686 2361 συμφορῶν,
696 2324 735 2360 τῷ
748 2325 787 2360 σῷ
797 2323 883 2359 δούλῳ

95 2369 145 2405 τὴν
163 2370 235 2397 ἴασιν
254 2370 396 2406 παράσχου
408 2378 414 2384 “
439 2372 484 2398 καὶ
497 2371 551 2407 γὰρ
563 2372 642 2398 τοῦτο
655 2371 735 2407 μόνον
752 2371 834 2397 καλὸν
845 2370 884 2406 τῷ

95 2416 153 2442 δντι
164 2416 212 2442 καὶ
223 2415 330 2450 βέϐαιον
344 2416 496 2453 ἀνθρώποις
509 2418 626 2453 ὑπάρχει
638 2417 713 2453 παρὰ
728 2417 786 2449 σοῦ,
798 2418 825 2444 αι
835 2418 884 2452 τῆς

95 2461 225 2496 ούρανίας
241 2461 347 2494 ἐλπίδες
369 2462 516 2497 βασιλείας,
533 2464 561 2489 ἐν
584 2460 627 2495 αἷς
647 2463 719 2498 κάμὲ
739 2461 836 2497 μικρόν
853 2469 884 2487 τε

95 2507 265 2535 ἀναπνέοντα
284 2508 377 2542 ζῆσον,
401 2509 431 2536 τὸ
445 2509 621 2545 ἐλπιζόμενον
643 2509 806 2544 παρασχών·
830 2507 884 2534 τῶν

94 2553 184 2580 ἄλλων
196 2553 224 2580 δὲ
238 2553 286 2580 τοῦ
306 2554 364 2589 βίου
386 2555 518 2582 ποεινῶν
531 2556 578 2582 καὶ
591 2555 725 2591 ἐραστῶν,
746 2551 784 2581 ὧν
802 2553 885 2585 πολὺς

95 2601 109 2626 ό
123 2599 215 2635 κόρος,
228 2600 312 2636 πολλὴ
324 2601 340 2636 ὴ
353 2600 505 2636 πλημμύρα
519 2601 566 2627 καὶ
580 2601 596 2636 ἠ
611 2600 764 2637 πλησμονὴ,
778 2601 828 2627 ὅσα
839 2600 885 2627 ἐπὶ

95 2645 148 2680 γῆς
168 2645 197 2670 ὲν
225 2644 380 2681 ἀνθρώποις
414 2645 591 2682 περισύρεται
617 2645 664 2672 καὶ
693 2645 816 2672 ποθεϊται
838 2644 885 2671 καὶ

96 2691 219 2726 ζητεῖται
232 2690 325 2718 ἄλλοτε
336 2692 375 2723 εις
384 2690 480 2723 ἄλλους
494 2691 733 2727 μεταριπτούμενα
746 2690 793 2717 καὶ
804 2698 886 2726 μετα-

97 2737 242 2768 πίπτοντα,
261 2736 350 2764 πάντα
370 2738 529 2765 καταλιπεῖν
549 2737 644 2770 ἐθέλω,
661 2736 750 2764 πάντα
770 2737 885 2772 ἀφήσειν

97 2782 224 2818 εὖχομαι,
239 2779 296 2810 οἷον
309 2783 358 2819 τὴν
378 2783 548 2820 καλουμένην
563 2783 610 2810 ἐπὶ
624 2782 677 2818 γῆς
692 2782 821 2818 πατρίδα,
837 2782 886 2810 καὶ

96 2829 181 2865 αὑτὴν
193 2830 243 2866 τὴν
256 2830 392 2867 ἀλλοδαπῇ
404 2831 450 2858 καὶ
462 2831 550 2865 ξένην,
564 2830 627 2862 τούς
637 2838 667 2857 τε
682 2829 885 2866 περιμαχήτους

595 169 629 198 IN
645 170 801 198 CARMINA
820 171 960 200 ARCANA
979 171 1007 198 S.
1024 171 1199 199 GREGORII.

1657 173 1709 202 75l-

926 228 980 257 Sed
991 229 1074 257 etiam
1088 233 1128 263 te,
1136 230 1187 262 ait,
1199 236 1217 256 ο
1225 228 1390 262 Alexander,
1403 228 1451 264 qui
1462 232 1488 257 te
1499 228 1630 258 eil‘erehas
1644 231 1708 259 dra-

925 276 1003 304 conis
1015 275 1194 310 lilium,quasi
1211 275 1333 304 invictus
1350 280 1377 303 et
1400 275 1576 304 indomabilis
1600 276 1708 305 iortitu-

926 322 990 349 dine
999 322 1140 349 habendus
1151 329 1241 355 esses;
1266 326 1293 349 te
1313 329 1422 357 quoque
1444 330 1513 357 pene
1533 323 1608 350 omni
1629 331 1708 358 pera-

924 372 1000 403 grata
1013 372 1095 398 terra.
1104 367 1197 394 vinum
1212 367 1426 395 immoderanter
1434 368 1555 396 domavit
1568 370 1706 403 potatum!

925 413 958 441 Et
978 413 1042 449 quid
1063 413 1180 448 amplius
1203 417 1246 441 est
1263 413 1377 440 mortuis
1397 413 1506 448 regibus
1532 421 1613 448 quam
1640 422 1709 449 pau-

929 459 1064 494 peribus?
1087 459 1147 486 Una
1164 458 1291 486 omnibus
1304 458 1404 493 pulvis,
1424 459 1513 486 simile
1535 459 1663 487 omnibus
1682 463 1710 486 ct

926 505 1030 540 aequale
1041 505 1171 536 cadaver,
1182 512 1247 532 ossa
1256 504 1329 532 nuda
1341 507 1449 532 tantum.
1461 503 1553 531 herois
1565 504 1667 532 Atridae
1683 510 1710 532 et

926 551 962 578 lri
973 551 1045 578 victu
1059 551 1133 586 parci
1145 556 1172 578 et
1199 550 1355 578 mendicato
1382 549 1501 577 viventis
1531 557 1610 585 pane.
1637 550 1708 585 Ipse.

925 597 1025 632 inquit,
1040 597 1153 632 Magnus
1167 596 1366 624 Constantinus
1381 600 1409 623 et
1424 596 1471 630 qui
1484 594 1550 622 mihi
1571 596 1710 624 ministrat

926 649 1033 675 servus,
1048 646 1075 669 et
1087 641 1244 676 quicunque
1258 649 1362 676 egenus
1374 641 1432 668 sive
1446 642 1592 677 opulentus
1605 646 1632 669 et
1652 649 1711 669 ma-

925 691 992 720 gnas
1003 684 1195 719 possessiones
1219 684 1335 717 habens,
1356 693 1453 713 omnes
1472 687 1621 714 morientes
1642 687 1711 714 nihil

926 730 1011 762 aliud,
1027 730 1095 757 nihil
1109 730 1227 765 amplius
1241 730 1343 757 habent.
1354 731 1405 759 nisi
1419 731 1585 766 sepulcrum.

928 775 961 802 97
973 774 1008 802 Et
1021 775 1125 810 quidem
1142 783 1183 802 res
1203 775 1232 802 in
1251 775 1301 802 hac
1319 775 1372 802 vita
1390 776 1473 808 tales;
1495 776 1586 811 quales
1604 783 1664 802 vero
1684 777 1713 802 in

1107 813 1109 815 '
1380 811 1476 844 [altera
1490 812 1547 846 quis
1561 811 1657 838 dixerit
1666 811 1679 837 ?

964 866 1050 901 Quam
1063 867 1147 894 multa
1166 866 1276 902 quidem
1289 867 1316 894 in
1329 867 1381 894 hoc
1395 867 1497 895 mundo
1509 867 1574 895 dum
1599 868 1626 894 in
1649 873 1713 894 cor-

931 919 997 948 pore
1013 912 1130 940 vivimus
1145 912 1274 940 dolorosa
1285 916 1350 939 sunt
1367 916 1394 940 et
1418 920 1535 945 amoma,
1552 917 1606 940 tam
1629 911 1713 939 multa

931 958 1055 986 absolute
1066 957 1139 986 dicta
1152 962 1217 986 sunt
1231 958 1272 986 sic
1287 966 1316 986 se
1330 958 1457 986 habentia
1474 958 1552 994 :quis
1571 965 1646 990 vero.
1669 957 1714 985 in-

929 1003 999 1038 quit,
1024 1004 1148 1032 narrabit
1169 1012 1230 1039 quae
1247 1003 1359 1038 injustis
1382 1003 1410 1031 in
1436 1004 1521 1031 altero
1543 1003 1712 1038 impendent,

929 1058 990 1085 qua;
1006 1051 1101 1078 ultima
1114 1050 1173 1078 dies
1187 1043 1340 1079 revelabit'?
1351 1049 1418 1076 Nam
1442 1050 1479 1078 ibi
1492 1050 1564 1085 ignis
1576 1049 1713 1077 devorans

928 1095 1059 1124 terribilis
1070 1096 1254 1128 vehementer,
1277 1099 1304 1123 et
1323 1095 1445 1131 gehenna
1469 1094 1606 1130 impendet
1625 1099 1653 1122 et
1673 1098 1714 1123 le-

929 1142 1022 1170 nebrae
1036 1142 1188 1170 exteriores
1203 1149 1253 1177 pro
1266 1142 1310 1170 his
1327 1142 1373 1176 qui
1384 1141 1545 1176 elongantur
1554 1144 1581 1169 et
1604 1141 1685 1177 longe
1697 1148 1714 1168 a

929 1187 1032 1215 lumine
1044 1187 1162 1221 cadunt;
1179 1187 1216 1215 ibi
1231 1193 1258 1215 et
1272 1188 1320 1223 qui
1334 1195 1386 1216 non
1404 1187 1506 1214 dormit
1521 1187 1635 1218 vermis.
1650 1194 1714 1214 n05-

929 1237 978 1261 trzc
991 1234 1102 1261 malitiae
1127 1234 1281 1262 recordatio
1301 1237 1328 1261 et
1346 1233 1522 1261 conscientiae
1544 1233 1659 1262 aculeus
1687 1238 1714 1261 et

929 1286 1066 1307 accusans
1076 1287 1195 1307 ll'IOl'SllS.

929 1324 1026 1352 Melius
1042 1330 1098 1352 erat
1110 1325 1133 1351 εἰ
1145 1325 1216 1357 vilw,
1234 1330 1287 1353 etc.

966 1370 1061 1399 Melius
1074 1370 1169 1399 fuisset
1184 1371 1231 1398 tibi
1249 1375 1276 1399 et
1291 1371 1380 1406 magni
1403 1371 1596 1406 expedivisset,
1624 1378 1641 1398 ο
1665 1370 1713 1405 qui

931 1413 982 1442 hac
996 1415 1232 1443 animadversione
1247 1415 1345 1451 (lignus
1359 1423 1400 1448 es,
1418 1415 1442 1443 si
1458 1416 1516 1444 vias
1532 1423 1592 1451 quae
1613 1415 1647 1441 ad
1670 1415 1710 1442 vi-

930 1464 984 1487 tam
999 1461 1103 1488 ducunt
1127 1469 1182 1488 non
1208 1460 1350 1496 ingressus
1375 1468 1462 1489 esses.
1489 1461 1595 1489 Bonum
1619 1460 1666 1488 tibi
1688 1460 1711 1488 si

926 1506 1007 1529 natus
1035 1509 1088 1528 non
1109 1501 1209 1528 fuisses
1234 1502 1260 1527 in
1280 1501 1370 1533 initio,
1397 1506 1445 1527 aut
1463 1505 1556 1528 natum
1581 1505 1609 1528 ct
1628 1501 1712 1528 vitam

925 1547 1078 1584 ingressum
1095 1547 1167 1574 sicut
1190 1546 1297 1574 belluas
1323 1552 1351 1574 et
1371 1546 1495 1580 jumenta
1519 1547 1588 1573 mori
1611 1551 1639 1574 et
1661 1554 1712 1581 pu-

924 1600 1053 1627 trescore,
1073 1602 1156 1630 quam
1177 1599 1207 1622 ut
1226 1594 1277 1621 hoc
1300 1594 1328 1621 iu
1348 1602 1406 1622 aevo
1427 1599 1465 1622 tot
1479 1599 1506 1622 et
1522 1594 1605 1622 tantis
1633 1594 1713 1621 malis

924 1641 1103 1676 opprimaris,
1124 1645 1151 1668 et
1176 1641 1326 1668 novissime
1353 1641 1441 1669 multo
1457 1641 1598 1677 pejoribus
1623 1640 1713 1668 adhuc

923 1687 1056 1722 patiendis
1070 1687 1221 1723 suhjaceas,
1238 1688 1328 1723 quoad
1344 1687 1424 1715 ﬁnem
1439 1687 1496 1715 haec
1514 1687 1640 1714 habitura
1652 1694 1714 1722 spe-

924 1739 1029 1767 rantur,
1053 1733 1098 1761 illa
1115 1742 1178 1762 vero
1202 1742 1311 1769 poenam
1338 1733 1475 1762 damnatis
1498 1738 1626 1761 aeternam
1648 1739 1714 1761 sunt

923 1778 1084 1806 adductura.
1114 1779 1174 1812 Quo
1202 1780 1290 1812 mihi,
1321 1779 1409 1812 inquit
1430 1779 1539 1806 divinus
1568 1778 1713 1813 interpres,

930 1828 1029 1857 magna
1046 1821 1126 1856 primi
1141 1821 1262 1857 parentis
1280 1820 1377 1856 gloria,
1399 1821 1446 1857 qui
1468 1828 1551 1848 manu
1563 1820 1612 1848 Dei
1632 1824 1659 1847 et
1680 1820 1713 1846 ad

930 1874 990 1901 eius
1016 1865 1162 1901 imaginem
1186 1869 1212 1893 et
1235 1865 1440 1893 similitudinem
1474 1866 1623 1901 plasmatus
1651 1869 1713 1897 est,

932 1918 992 1946 quae
1009 1911 1094 1946 gloria
1111 1910 1194 1938 unica
1208 1918 1224 1937 e
1237 1910 1310 1945 ligno
1331 1910 1486 1946 gustatione
1512 1914 1641 1945 corrupta
1664 1917 1715 1945 pe-

932 1956 999 1984 riit?
1014 1957 1073 1989 Quo
1089 1956 1242 1984 Salomonis
1254 1957 1388 1991 sapientia
1404 1961 1431 1983 et
1445 1955 1595 1991 prudentiae
1606 1956 1690 1982 decus
1703 1955 1715 1982 2

932 2002 1057 2030 Domitus
1075 2005 1156 2030 estet
1171 2002 1231 2036 ipse
1260 2002 1530 2037 contemptibilisque
1552 2001 1642 2029 factus
1666 2008 1715 2037 per

932 2047 1070 2075 mulieres.
1086 2046 1146 2079 Quo
1169 2046 1254 2073 Judas
1278 2046 1324 2081 qui
1349 2046 1548 2074 duodennrium
1571 2045 1717 2080 Apostolo--

932 2101 992 2121 rum
1007 2100 1151 2120 numerum
1171 2092 1345 2127 complebat?
1360 2091 1412 2119 Sed
1424 2096 1450 2119 et
1463 2091 1521 2127 ipse
1543 2091 1620 2127 parvi
1646 2091 1717 2119 lttcri

932 2146 1015 2167 causa
1033 2142 1148 2165 aeternas
1162 2137 1282 2164 obtinuit
1295 2137 1432 2165 tenebras.

935 2185 984 2212 109
999 2184 1102 2211 Christe
1116 2191 1172 2215 rex,
1188 2187 1243 2210 etc.

968 2230 1089 2258 Obsecro
1104 2234 1141 2264 te,
1153 2230 1190 2256 ait
1204 2229 1354 2263 inspiratus
1365 2236 1380 2256 a
1394 2228 1459 2260 Deo,
1475 2236 1491 2255 ο
1503 2228 1583 2256 beate
1592 2228 1715 2260 Christe,

933 2284 981 2304 rex
995 2275 1130 2307 omnium,
1144 2281 1259 2309 propera
1284 2281 1359 2301 nunc
1381 2274 1490 2309 erigens
1512 2277 1559 2300 aut
1586 2272 1718 2300 allevians

933 2330 976 2350 me
987 2322 1073 2350 evitie
1086 2319 1305 2352 calamitatibus;
1321 2327 1399 2346 servo
1414 2324 1462 2346 tuo
1478 2318 1611 2346 medelam
1632 2316 1714 2350 aﬂ‘er;

935 2376 1053 2403 namque
1069 2367 1135 2395 illud
1155 2371 1261 2394 tantum
1277 2373 1372 2393 revera
1398 2366 1499 2393 bonum
1524 2351 1553 2392 iit
1576 2364 1684 2391 ﬁrmum
1703 2371 1719 2391 ο

934 2417 961 2440 te
972 2412 999 2439 in
1016 2411 1174 2438 hominibus
1187 2414 1283 2441 restat,
1300 2417 1363 2444 spes
1375 2409 1451 2444 regni
1464 2408 1588 2435 cmlestis
1602 2407 1636 2435 ad
1645 2408 1719 2442 quod

934 2458 1074 2494 paululum
1088 2457 1254 2491 aspirantem
1269 2463 1312 2483 me
1330 2455 1421 2482 vivere
1443 2455 1496 2486 fac,
1520 2459 1630 2489 sperata
1653 2461 1720 2481 conv

934 2503 1048 2534 cedens;
1065 2501 1155 2537 quoad
1167 2502 1219 2529 alia
1233 2509 1298 2529 vero
1315 2501 1377 2528 vitae
1394 2500 1588 2529 desiderabilia
1603 2504 1630 2528 et
1641 2507 1720 2527 ama-

934 2549 1010 2583 bilia,
1025 2549 1058 2576 de
1072 2549 1173 2584 quibus
1187 2548 1301 2576 satietas
1320 2548 1405 2575 multa
1416 2567 1423 2580 ,
1445 2548 1528 2574 multa
1543 2547 1722 2583 superﬂuitas

934 2600 962 2624 et
972 2595 1162 2628 exuberantia,
1179 2598 1314 2630 quotquot
1330 2601 1414 2629 super
1438 2598 1511 2622 terra
1531 2594 1606 2625 circa
1628 2593 1720 2621 homi-

935 2650 984 2670 nes
997 2641 1165 2674 volutantur,
1176 2645 1203 2669 et
1218 2640 1357 2669 desiderio
1382 2639 1566 2675 quasituique
1578 2644 1653 2672 sunt,
1665 2638 1722 2666 alio

935 2689 963 2715 in
990 2688 1060 2715 alios
1081 2687 1186 2722 jactata
1211 2691 1239 2715 et
1263 2686 1424 2718 incidentia,
1445 2690 1546 2713 cuncta
1563 2685 1723 2720 relinquere

935 2734 1018 2767 volo,
1045 2737 1145 2761 cuncta
1172 2732 1380 2768 praetermittere
1406 2739 1515 2767 precor,
1525 2739 1623 2766 nempe
1646 2725 1741 2758 illamy

936 2788 1017 2816 quam
1039 2780 1067 2807 in
1083 2783 1156 2806 terra
1175 2780 1292 2815 patriam
1308 2785 1451 2811 vocamus,
1475 2781 1503 2804 et
1521 2777 1608 2812 ipsam
1629 2777 1722 2812 hoapi-

937 2827 1019 2855 talem
1033 2830 1061 2854 et
1074 2825 1189 2854 alienam
1207 2825 1355 2860 plagam,ct
1370 2824 1484 2852 thronos
1501 2824 1574 2851 circa
1583 2831 1652 2859 quos
1670 2831 1728 2858 pu—

132 2891 190 2929 (61)
209 2891 419 2928 Δωδεκάριθμος
437 2891 514 2921 ﬁnxit
525 2891 637 2921 Nonnus
651 2890 782 2926 Paraphr.
798 2897 822 2918 c.
838 2890 879 2923 15,

931 2886 1028 2921 ι6,ἁλλ¹
1043 2887 1086 2914 ὅτι
1102 2885 1180 2921 νόσφι
1194 2883 1412 2919 δυωδεκάριθμος
1432 2883 1540 2916 Ἰούδας,
1554 2887 1581 2911 et
1596 2882 1624 2915 2,
1637 2882 1682 2911 ω.
