1920 3046
187 161 240 191 7’55

183 232 200 258 ε
215 232 237 248 ιιι
256 230 325 258 opus
337 226 421 253 est.et
436 223 627 258 gloriationem
646 232 662 250 ε
679 224 748 252 solio
767 222 970 258 procedentem,

183 277 246 295 cum
262 269 381 296 elatione
396 273 422 296 et
441 269 540 297 decore
560 277 621 304 qua
645 278 677 296 ex
703 277 798 297 eorum
823 269 973 296 ambitione

186 314 262 345 lluit,
281 314 408 342 similiter
421 319 448 342 et
460 322 508 342 eos
523 315 570 349 qui
588 315 705 350 proximi
723 319 787 341 sunt
805 321 838 342 ex
861 320 971 349 genere,
987 337 992 343 .

183 365 211 387 et
227 360 273 394 qui
291 360 389 393 alieno,
402 365 429 388 et
442 361 488 396 qui
505 362 541 396 pii
558 361 731 388 mstitnantnr
747 365 774 388 et
796 360 881 395 impii,
903 360 972 387 sim-

184 407 269 441 plices
280 411 307 433 et
320 413 368 434 eos
384 407 432 442 qui
449 407 546 441 spiritu
566 407 666 434 sinceri
687 411 752 434 sunt
767 411 793 434 et
808 406 935 439 candidi,
946 409 973 433 et

184 455 271 478 tectos
287 452 414 487 malaque
433 453 529 480 dolose
554 457 683 488 agentes;
707 453 841 484 omnium,
865 459 971 487 precor,

185 497 310 524 inveniar
330 498 466 533 superior,
479 499 626 526 etillorum
639 499 686 534 qui
712 499 773 526 sine
797 498 899 525 invidia
924 498 973 525 bo-

184 551 250 572 num
267 544 376 571 oculum
392 544 420 572 in
440 552 490 572 nos
506 544 662 578 intendunt,
681 549 709 572 et
726 545 840 572 istorum
863 545 909 580 qui
931 546 972 572 in-

185 590 671 626 vidiatabescunt,malitiaipsismet
695 591 729 618 ad
753 595 870 619 mortem
886 599 973 626 usque

184 637 294 668 nociva,
311 636 387 664 intus
401 636 546 664 adversum
563 644 614 664 nos
633 637 795 665 sentientes.

183 681 252 709 Aliis
269 689 372 708 amwna
384 682 454 714 vim,
471 687 524 709 etc.

220 727 288 755 Aliis
301 728 356 755 sint
375 729 563 756 amantissima
586 729 679 756 mundi
696 729 972 765 magnipendentibus

183 781 246 808 quae
260 774 350 803 dulcia
366 779 430 802 sunt
443 775 519 802 carni
533 784 540 808 ;
560 783 611 810 ego
633 783 698 803 vero
711 776 818 803 I'ortiter
835 775 893 803 haec
907 776 972 810 reji-

183 821 256 847 ciam
277 825 407 855 tanquam
432 821 530 848 animae
552 822 672 849 vincula.
693 821 742 849 llei
765 822 848 849 mihi!
873 822 973 857 Longa:

182 868 246 892 vitae
268 864 407 893 diuturnis
441 867 582 894 doloribus
608 867 726 895 afﬂictus
755 875 907 903 usquequo.
930 869 972 896 in-

182 911 252 944 quit,
272 911 299 938 in
327 911 466 939 alimentis
489 913 594 940 ventris
617 917 644 940 et
662 913 690 940 in
710 913 772 940 limo
795 913 973 941 delectabor‘.’

183 962 330 990 usquequo
348 956 479 991 recipiam
492 961 520 984 et
531 957 663 992 ejicinm?
685 966 804 993 namque
828 959 901 994 quod
923 967 971 987 su-

183 1002 269 1029 mitur
283 1003 316 1030 ad
336 1004 418 1030 vitam
445 1004 588 1031 hominum
615 1005 728 1037 bonum,
753 1006 901 1034 oblectatio
921 1006 972 1034 du-

182 1047 246 1082 plex
259 1054 312 1081 est,
329 1050 448 1084 primum
463 1051 490 1077 in
501 1051 645 1082 sumendo.
657 1052 755 1079 deinde
767 1052 794 1080 in
811 1053 971 1088 rejiclendo.

182 1094 285 1129 repleri
301 1096 451 1127 alimentis.
473 1097 571 1125 deinde
587 1099 744 1133 expurgari.
760 1099 796 1126 ita
819 1105 846 1126 ut
863 1100 973 1127 cellaria

183 1141 326 1168 fructuum
347 1143 485 1177 complere
506 1148 533 1170 et
557 1151 691 1172 evacuare
710 1145 856 1172 oblectatio
871 1145 907 1173 sit
922 1145 974 1173 du-

183 1187 258 1222 plex,
272 1187 306 1214 de
320 1187 365 1215 die
380 1188 408 1214 in
421 1188 494 1215 diem
516 1194 621 1216 mutata
636 1194 664 1218 et
686 1191 807 1218 vicissim
825 1191 972 1219 transiens.

182 1232 342 1265 l’aululum,
364 1233 466 1269 inquit,
489 1239 618 1270 tanquam
644 1236 670 1263 in
694 1236 813 1264 transitu
833 1237 973 1264 titillatum

183 1282 297 1314 guttur,
330 1279 402 1307 sicut
433 1280 561 1308 vehiculo
590 1282 632 1308 vel
670 1283 850 1318 aquaeductu,
884 1283 974 1311 ventri

183 1328 284 1351 cuncta
294 1330 319 1352 et
335 1325 442 1353 latrinis
454 1326 548 1353 mittit.
565 1326 662 1355 Postea
680 1329 825 1364 perpendit
837 1333 864 1356 et
880 1336 973 1357 verum

183 1373 212 1396 et
229 1371 344 1406 congrui
370 1372 504 1407 temporis
526 1373 733 1402 vicissitudines
755 1379 782 1401 et
801 1376 948 1403 varietates
965 1384 972 1402 ε

184 1416 273 1443 hiems
299 1416 387 1453 frigus
412 1418 500 1452 all'ert,
521 1425 604 1448 aestas
627 1428 691 1447 vero
714 1421 835 1450 calorem
858 1423 973 1459 spargit,

184 1469 234 1488 vcr
259 1462 359 1490 hiemis
382 1464 456 1492 vices
482 1466 600 1500 supplet,
630 1471 658 1494 et
683 1468 788 1495 aestatis
815 1475 972 1503 autumnus,

185 1508 259 1535 sicut
273 1509 371 1537 diebus
386 1515 482 1539 noctes
497 1515 525 1538 et
545 1513 674 1539 noctibus
693 1513 792 1542 iterum
806 1514 866 1542 dies
879 1522 975 1545 succe-

183 1553 264 1585 dunt.
291 1554 451 1589 duplicibus
477 1556 621 1590 prazsentis
647 1558 709 1587 vitae
733 1558 828 1594 ﬁguris
852 1559 973 1588 vicissim

185 1598 338 1627 immutatis
362 1604 389 1627 et
413 1601 585 1629 substitutis.
600 1603 655 1629 Cur
683 1603 738 1631 haec
764 1604 846 1632 dico?
867 1604 974 1632 Caelum

187 1644 270 1676 idem,
302 1649 385 1678 terra,
402 1653 489 1677 mare,
504 1651 532 1673 et
551 1647 619 1674 nihil
635 1655 734 1675 novntn
749 1653 777 1676 et
789 1649 856 1676 nihil
867 1657 974 1682 recens,

185 1688 336 1719 mihi,dicit
355 1690 546 1723 Ecclesiastes,
568 1693 620 1720 sub
638 1693 706 1723 sole.
730 1701 780 1721 nec
804 1703 976 1730 qua-cunque

185 1734 330 1769 eoagulata
348 1740 412 1771 sunt
431 1741 459 1763 et
480 1741 552 1764 stant
569 1737 751 1766 immutabilia
774 1740 844 1767 sicut
863 1745 934 1768 terra
948 1744 975 1767 et

186 1787 248 1815 quae
265 1781 292 1807 in
314 1788 344 1807 (Ἦ
370 1787 445 1814 sunt,
461 1791 510 1810 HOC
527 1791 699 1818 quaecunque
712 1793 737 1811 lll
754 1785 848 1812 orbem
863 1794 976 1814 moven-

187 1831 244 1859 tur,
262 1827 336 1854 sicut
354 1828 454 1855 cmlum
480 1833 507 1856 et
526 1830 578 1856 hoc
600 1831 674 1865 quod
692 1831 823 1866 continet,
837 1831 864 1859 in
884 1833 975 1860 circu‘

187 1873 244 1900 lutn
261 1873 364 1911 iugiter
379 1878 450 1902 acta.

188 1965 223 1992 ιο
240 1964 342 1992 Horum
361 1965 480 1998 ta'dium,
497 1967 580 1994 aliam
603 1967 667 1993 mihi
684 1967 776 2000 vitam,
793 1971 845 1996 etc.

224 2009 339 2042 llorum,
353 2011 452 2045 inquit,
477 2012 617 2039 sulliciens
634 2012 716 2040 fuerit
738 2012 882 2048 hucusque
896 2022 974 2046 usus,
1007 2018 1010 2022 λ

187 2057 349 2087 transitoria
361 2057 454 2085 videre
463 2065 505 2086 tne
514 2059 607 2091 taedet,
617 2059 685 2086 satis
693 2060 864 2094 corruptibili
874 2061 977 2088 mundo

189 2103 293 2131 fruitus
313 2111 375 2130 sum
394 2113 399 2131 :
416 2104 498 2131 aliam
524 2105 591 2131 mihi
612 2105 709 2137 vitam,
726 2105 810 2132 alium
833 2107 976 2141 mundum,

189 2159 207 2177 ο
228 2149 348 2181 Christe,
367 2151 467 2181 tribue,
494 2155 607 2185 propter
623 2159 706 2185 quam
728 2152 810 2178 vitam
832 2152 926 2181 laboro
951 2158 979 2181 et

190 2197 281 2233 patior
310 2196 419 2225 fortiter
444 2201 543 2224 cuncta
569 2196 661 2224 ferens
688 2205 853 2230 aerumnosa,
878 2203 978 2226 cuncta

187 2243 268 2269 durae
284 2242 346 2269 vita:
371 2241 485 2272 adversa
505 2241 618 2273 suffero,
644 2242 677 2272 ad
701 2242 936 2278 incorruptibilem
953 2249 979 2272 et

188 2289 340 2319 solutionis
368 2289 518 2317 immunem
548 2288 675 2318 tendens.
706 2288 814 2319 Utinam
854 2289 920 2316 mihi
951 2293 979 2317 et

188 2336 260 2364 mori
273 2335 434 2370 contigisset
449 2342 512 2362 cum
538 2335 669 2365 maternis
688 2335 840 2362 visceribus
858 2335 977 2370 ligabar!

189 2381 259 2412 Nam
283 2381 376 2408 statim
401 2385 506 2411 natum.
529 2380 759 2415 quemadmodum
798 2381 917 2410 teneer
952 2385 980 2410 et

190 2427 346 2459 tribulatio,
362 2427 399 2454 ita
414 2426 541 2460 lacryma‘.
554 2426 763 2456 comitabantur.

191 2474 244 2505 155
263 2474 329 2507 Quae
343 2473 416 2502 vita?
432 2478 484 2501 etc.

227 2519 293 2553 Quae
308 2519 385 2546 vita?
398 2518 464 2554 quid
483 2519 513 2546 in
532 2517 602 2553 ipsa,
624 2517 724 2553 inquit,
743 2518 926 2548 desiderabile
937 2524 982 2549 est

189 2564 369 2599 etiamabile?
392 2564 490 2592 Nonne
509 2565 588 2599 quasi
614 2572 630 2592 e
651 2565 789 2599 sepulcro,
811 2572 827 2592 e
847 2566 981 2595 maternis

190 2612 346 2643 visceribus
362 2611 468 2645 exiens,
487 2611 521 2640 ad
540 2611 657 2641 alterum
678 2611 835 2646 sepulcrum
851 2611 930 2645 vado,
947 2611 981 2638 ad

191 2659 326 2688 mortem?
340 2657 362 2685 E
379 2656 503 2686 secundo
525 2661 615 2687 autem
633 2656 680 2684 illo
695 2664 787 2685 nonne
802 2657 830 2684 in
847 2657 910 2692 igne
931 2657 982 2686 ite-

192 2711 255 2735 rum
283 2703 402 2739 sepeliat'
428 2701 682 2731 immisericorditer
709 2709 806 2737 pccnas
833 2702 982 2737 impietatis

192 2750 338 2786 praesentis
350 2750 400 2777 αινί
419 2749 555 2777 daturus?
570 2749 602 2776 Et
622 2752 753 2783 quantum
774 2749 865 2776 vivere
887 2748 915 2775 in
934 2756 982 2775 vo-

194 2796 300 2831 luptate
315 2795 383 2823 mihi
400 2795 500 2831 placet,
516 2798 622 2824 tantum
640 2794 695 2822 illic
714 2794 766 2822 frui
788 2802 842 2821 non
860 2793 980 2822 ﬂuminis

194 2845 318 2873 torrente
325 2849 406 2877 quam
417 2841 591 2876 rapidissitne
607 2841 737 2879 fugientis
746 2840 858 2870 omnino
873 2848 980 2878 aequum

229 2897 286 2934 (63)
305 2897 372 2926 Cod.
390 2897 493 2934 όπῶρα.

859 163 1005 192 NICETAS
1037 163 1079 192 DA
1085 165 1144 193 ΥΠ)

1758 163 1819 192 756

1026 223 1138 259 θρόνους
1153 224 1200 251 καὶ
1218 224 1248 250 τὸ
1267 223 1414 260 ἀπόθρονον
1430 221 1518 259 εὖχος,
1533 224 1590 258 ἦτοι
1604 223 1635 249 τὸ
1649 222 1695 249 ἰπὶ
1713 223 1747 257 τῇ
1765 223 1819 249 αὑ-

1025 270 1078 297 τῶν
1090 270 1254 306 παραιτήσει
1272 270 1400 305 καύχημα
1412 270 1459 297 καὶ
1473 269 1563 301 κλέος,
1579 268 1680 303 ὁμοίως
1693 269 1739 294 καὶ
1751 269 1819 300 τοὺς

1026 317 1110 350 ἐγγὺς
1130 316 1200 343 κατὰ
1212 316 1289 351 γένος
1313 317 1360 343 καὶ
1371 316 1532 350 ἀλλογενεῖς,
1542 315 1590 342 καὶ
1605 314 1668 346 τοὺς
1692 314 1819 345 εὔσεϐεἶς

1026 372 1063 399 φη
1068 363 1230 399 μιζομένους
1243 363 1290 389 καὶ
1306 363 1424 395 ἀσεϐεῖς,
1436 362 1499 393 τούς
1510 370 1540 388 τε
1551 360 1654 392 ἁπλοῦς
1662 361 1710 387 καὶ
1725 360 1820 392 εὗθείς

1026 409 1072 436 τδν
1089 409 1152 436 νοῦν
1173 410 1221 436 καὶ
1237 409 1371 444 φανεροὺς
1383 429 1390 440 ,
1400 408 1463 440 τούς
1473 416 1502 434 τε
1513 407 1650 443 κρυπτοὺς
1661 407 1710 433 καὶ
1719 406 1820 437 δολίως

1026 464 1111 483 κακου
1116 455 1256 490 ργοῦντας·
1268 456 1378 483 πάντων
1388 455 1537 490 ὑπέρτερος
1548 452 1661 488 εὔχομαι
1673 451 1818 487 γενέσθαι.

1026 502 1081 530 τῶν
1104 504 1128 529 τ’
1144 502 1300 530 ἀϐάσκανον
1313 502 1391 538 ὄμμα
1415 501 1463 528 καὶ
1475 498 1595 531 ἐπιεικὲς
1624 499 1690 535 ἡμῖν
1704 499 1819 534 ἐπερει-

1025 549 1136 580 δόντων.
1154 548 1208 575 τῶν
1231 557 1261 575 τε
1285 547 1404 583 φθονερᾷ
1430 547 1476 574 καὶ
1501 545 1640 581 αὑτοφόνῳ
1661 544 1747 579 κακίᾳ
1766 544 1818 570 tuo

1025 594 1183 630 τηκομένων
1195 594 1267 621 ἔνδον
1280 595 1313 630 τῇ
1327 592 1431 628 διανοίᾳ
1444 592 1504 619 καθ’
1519 591 1609 628 ἡμῶν.

1027 683 1146 715 Ἄλλως
1161 682 1273 716 τερπνὰ
1283 681 1373 714 βίοιο,
1389 689 1416 708 κ.
1427 689 1452 707 τ.
1465 680 1505 714 ἐξ.

1063 728 1171 760 ’Δλλοις
1185 727 1255 754 ἔστω
1276 727 1309 754 τὰ
1332 727 1429 763 ἥδιστα
1451 725 1499 753 τοῦ
1517 725 1620 761 κόσμου
1642 726 1699 757 τοῖς
1715 723 1818 752 πολλοῦ

1025 774 1191 810 τιμωμένοις
1213 773 1264 808 τῆς
1280 773 1380 809 σαρκὸς
1400 772 1450 807 τὴν
1464 771 1560 808 ἡδονὴν
1570 791 1578 803 ,
1599 770 1655 806 ἐγὼ
1669 770 1699 797 δὲ
1711 770 1820 806 ταύτην

1026 821 1174 857 προθύμως
1185 819 1223 852 ὡς
1239 820 1338 856 δεσμὸν
1349 818 1538 854 ἀποφεύξομαι
1554 817 1654 854 ψυχῆς.
1669 816 1752 853 Οῐμοι
1766 816 1818 845 τοῦ

1028 865 1134 902 μακροῦ
1146 866 1217 901 βίουί
1236 867 1348 901 μακροῖς
1359 865 1451 899 ἄλγεσι
1463 864 1626 900 πονούμενος
1640 863 1722 899 μέχρι
1731 863 1816 895 τίνος,

1025 913 1104 950 φησι,
1120 913 1176 944 τοῖς
1186 921 1216 939 τε
1230 912 1357 948 βρώμασι
1372 912 1421 947 τῆς
1434 911 1551 947 γαστρὸς
1567 911 1613 938 καὶ
1627 912 1688 942 ταῖς
1701 910 1819 946 κόπροις

1026 960 1269 996 ὲμφιλοχωρήσω;
1301 959 1381 994 μέχρι
1409 958 1480 990 τίνος
1510 957 1620 993 δέξομαι
1654 957 1702 984 καὶ
1728 957 1819 992 ἀπορς

1027 1007 1157 1045 ρίψομαυ
1183 1005 1239 1033 Καὶ
1258 1005 1313 1041 γὰρ
1331 1006 1361 1032 τὸ
1381 1005 1475 1032 δοκοῦν
1489 1000 1560 1031 ἅπαν
1574 1005 1607 1039 τῇ
1624 1003 1681 1038 ζωῇ
1696 1002 1750 1029 τῶν
1767 1003 1818 1029 ἀν-

1027 1051 1143 1089 θρώπων
1156 1051 1290 1087 ὑπάρχειν
1301 1050 1402 1085 ἀγαθὸν
1415 1050 1540 1085 δίστομος
1554 1049 1632 1085 χάρις
1644 1049 1713 1080 ἐστὶ,
1725 1047 1822 1075 λαϐεῖν

1027 1097 1145 1134 πρῶτον.
1174 1095 1234 1124 εἷτα
1259 1096 1348 1132 ῥίψαι,
1376 1095 1551 1132 πληρωθῆναι
1582 1094 1729 1130 βρώσεως,
1757 1091 1821 1121 εἶτα

1027 1144 1198 1179 κενωθῆναι,
1229 1142 1323 1177 ὥσπερ
1360 1141 1408 1168 καὶ
1437 1141 1471 1167 τὰ
1496 1142 1596 1176 ταμεῖα
1617 1139 1672 1166 τῶν
1701 1139 1821 1175 καρπῶν

1027 1189 1149 1226 πληροῦν
1166 1188 1214 1217 καὶ
1229 1187 1323 1215 κενοῦν
1339 1187 1462 1222 δίστομός
1477 1188 1534 1213 ἐστι
1547 1187 1637 1222 χάρις,
1652 1186 1760 1222 ἡμέραν
1774 1186 1820 1220 ἐφ’

1028 1236 1134 1272 ἠμέρας
1152 1236 1180 1262 ὲν
1209 1235 1301 1271 μέτρῳ
1323 1233 1546 1269 ὑπαλλαττομένη
1572 1233 1619 1260 καὶ
1638 1232 1812 1259 ὑπαπιοῦσα.

1026 1281 1119 1315 Μικρὰ
1130 1281 1191 1316 μὲν,
1205 1281 1299 1316 φησὶν,
1315 1280 1353 1312 ὡς
1371 1281 1400 1306 ὲν
1416 1279 1525 1315 παρόδῳ
1540 1278 1665 1314 τερφθεὶς
1679 1279 1693 1305 ο
1708 1277 1818 1312 λαιμὸς,

1027 1327 1065 1359 ὡς
1085 1327 1114 1353 ὲν
1135 1326 1230 1364 ἁμάρᾳ
1247 1327 1293 1354 καὶ
1311 1325 1413 1361 ἀγωγῷ
1433 1327 1466 1361 τῇ
1489 1325 1586 1361 γαστρὶ
1602 1325 1691 1351 πάντα
1707 1324 1756 1351 καὶ
1778 1323 1820 1358 τῷ

1027 1372 1162 1409 ἁφεδρῶνι
1181 1372 1375 1409 παραπέμπει·
1399 1371 1494 1398 σκόπει
1516 1371 1544 1398 δὲ
1559 1370 1628 1406 πρὸς
1641 1370 1747 1402 τούτοις
1770 1372 1820 1396 καὶ

1027 1420 1058 1447 τὺ
1071 1419 1127 1446 τῶν
1140 1420 1278 1454 στοιχείων
1294 1418 1341 1445 καὶ
1355 1418 1409 1445 τῶν
1423 1417 1525 1454 καιρῶν
1539 1417 1683 1444 ἀλλοιωτὸν
1697 1417 1744 1444 καὶ
1754 1425 1819 1452 τρε-

1029 1466 1109 1493 πτόν¹
1125 1464 1229 1500 χειμὼν
1249 1465 1298 1499 μὲν
1317 1464 1478 1499 καταψύχει,
1505 1463 1582 1500 θέρος
1609 1462 1638 1490 δὲ
1654 1460 1732 1494 αὖθις
1749 1463 1818 1488 ἁνα-

1029 1511 1141 1546 φλέγει,
1162 1511 1212 1546 ἔαρ
1232 1510 1279 1546 μὲν
1303 1510 1412 1545 ἀμείϐει
1432 1510 1478 1537 τὴν
1495 1509 1626 1545 χειμῶνα,
1640 1508 1737 1544 ὀπώρα
1760 1508 1818 1539 (6-3)

1029 1557 1057 1583 δὲ
1070 1557 1101 1584 τὸ
1116 1557 1205 1592 θέρος,
1219 1557 1314 1592 ὥσπερ
1328 1556 1377 1588 τὰς
1390 1557 1496 1592 ἡμέρας
1521 1556 1570 1591 μὲν
1592 1556 1621 1583 αἱ
1643 1556 1749 1588 νύκτες,
1767 1556 1819 1587 τὰς

1029 1603 1128 1635 νύκτας
1139 1603 1167 1629 δὲ
1183 1600 1215 1629 αὖ
1230 1603 1257 1629 αἱ
1275 1602 1388 1638 ἡμέραι,
1404 1602 1439 1629 τὰ
1451 1602 1531 1629 δισσὰ
1545 1602 1592 1628 τοῦ
1606 1602 1740 1637 παρόντος
1758 1601 1818 1636 βίου

1029 1649 1159 1684 φάσματα
1181 1648 1350 1684 διαμείϐουσι
1375 1649 1422 1675 καὶ
1445 1648 1652 1675 ὑπαλλάττουσι.
1679 1648 1712 1674 Τί
1731 1647 1819 1674 ταῦτά

1029 1703 1117 1729 om“;
1143 1694 1263 1730 Οὐρανὸς
1286 1694 1299 1719 ὁ
1323 1694 1422 1725 αὐτὸς,
1441 1695 1487 1729 γῆ,
1506 1694 1636 1725 θάλασσα,
1663 1694 1711 1720 κα)⁹
1741 1692 1819 1719 οὐδὲν

1030 1740 1161 1776 νεώτερον
1192 1741 1238 1767 καὶ
1262 1740 1339 1767 οὐδὲν
1364 1741 1457 1766 καινὸν
1483 1739 1588 1775 ἔμοιγε,
1609 1739 1691 1774 φησὶν
1713 1739 1728 1765 ό
1757 1739 1820 1765 Ἐκ-

1029 1786 1262 1821 κλησιαστὴς,ύπδ
1272 1786 1318 1813 τὸν
1331 1785 1417 1821 ἥλιον,
1433 1785 1490 1812 οὗθ’
1506 1786 1556 1813 ὅσα
1573 1786 1663 1821 πηκτά
1680 1786 1756 1812 πέλει
1770 1785 1820 1812 καὶ

1031 1832 1146 1868 βέϐηκεν
1159 1831 1275 1867 ἀκίνητα
1288 1831 1383 1867 ὥσπερ
1397 1832 1433 1866 γῆ
1451 1831 1498 1857 καὶ
1512 1831 1546 1857 τὰ
1567 1832 1631 1866 περὶ
1646 1831 1742 1867 αὐτὴν,
1760 1831 1819 1857 οὗθ’

1029 1881 1079 1907 ὅσα
1100 1879 1303 1914 περιτρέπεται,
1329 1877 1424 1914 ὥσπερ
1446 1877 1559 1913 οὐρανὸς
1583 1878 1625 1904 οιαὶ
1639 1877 1673 1904 τὰ
1695 1877 1726 1903 ὲν
1744 1877 1820 1913 si;th

1030 1924 1149 1956 ἀεννάως
1166 1923 1213 1951 καὶ
1228 1923 1365 1955 κυκλικῶς
1382 1922 1598 1959 περιδινούμενα.

1032 1970 1066 1998 10
1081 1969 1142 1997 Τῶν
1155 1969 1243 2002 κόρος
1263 1968 1319 2003 (65)
1337 1978 1343 1984 -
1365 1969 1462 1996 ἄλλον
1479 1968 1578 2003 ἔμοιγε
1593 1968 1675 2000 βίον.
1692 1976 1721 1996 κ.
1733 1976 1760 1994 τ.
1774 1966 1800 1993 λ.

1066 2015 1186 2047 Τούτων,
1203 2015 1296 2052 φησὶν,
1317 2015 1376 2046 ᾶλις
1388 2014 1482 2050 ἔμοιγε
1505 2013 1558 2041 τῶν
1569 2013 1756 2044 ἀπολαύσεων.
1774 2021 1818 2041 κε-

1031 2062 1164 2098 κόρεσμαι
1175 2061 1228 2087 τῶν
1241 2061 1416 2096 τερπομένων
1427 2061 1475 2096 τῆς
1487 2058 1606 2095 ὁράσεως
1616 2080 1624 2092 ,
1637 2058 1820 2094 ἀποχρώντως

1031 2106 1078 2134 τοῦ
1098 2107 1218 2142 φθαρτοῦ
1234 2106 1336 2141 κόσμου
1352 2105 1561 2143 κατετρύφησα·
1585 2105 1662 2133 ἀλλον
1681 2105 1744 2140 ἐμοὶ
1763 2105 1819 2140 βίον

1032 2154 1080 2182 καὶ
1095 2153 1197 2189 κόσμον
1209 2173 1217 2186 ,
1229 2150 1252 2180 ὦ
1265 2152 1365 2188 Χριστὲ
1374 2173 1382 2184 ,
1401 2152 1475 2178 δίδου
1488 2172 1495 2184 ,
1513 2151 1546 2178 δι’
1563 2151 1592 2178 ὃν
1604 2151 1694 2178 πονῶν
1707 2152 1755 2177 καὶ
1770 2159 1818 2177 κα-

1034 2200 1159 2228 κοπαθῶν
1174 2199 1321 2236 προθύμως
1337 2199 1424 2225 πάντα
1445 2198 1519 2234 φέρω
1538 2198 1572 2225 τὰ
1586 2198 1714 2232 ἀλγεινὰ,
1730 2197 1817 2229 πάσας

1033 2246 1141 2274 ἀνατλῶ
1160 2245 1302 2281 συμφορὰς
1318 2244 1436 2280 σκληροῦ
1450 2245 1507 2280 βίου
1520 2264 1527 2276 ,
1544 2244 1612 2279 πρὸς
1624 2244 1669 2270 τὸν
1682 2243 1817 2279 ἄφθαρτον

1033 2293 1081 2320 καὶ
1099 2292 1202 2319 ἄλυπον
1220 2290 1343 2326 ἀφορῶν·
1360 2291 1418 2318 αἴθε
1431 2291 1485 2326 γάρ
1504 2299 1548 2326 μοι
1567 2291 1613 2317 καὶ
1627 2290 1718 2316 θανεῖν
1728 2289 1816 2324 ἐξεγέ-

1032 2347 1092 2365 νετο
1105 2357 1112 2369 ,
1138 2337 1221 2373 ἡνίκα
1238 2335 1373 2372 μητρῴοις
1393 2335 1543 2370 ὲνεδέσμεις
1568 2335 1750 2370 σπλάγχνοις·
1774 2335 1816 2361 καὶ

1033 2384 1088 2419 γὰρ
1102 2382 1182 2414 εὐθὺς
1208 2382 1364 2417 γεννηθέντι
1390 2382 1483 2417 ὥσπερ
1507 2381 1601 2408 σκοτία
1621 2381 1669 2409 καὶ
1682 2380 1772 2416 θλίψις
1790 2381 1816 2407 τὸ

1034 2430 1151 2466 δάκρυον
1166 2427 1354 2464 ἐπηκολούθει.

1034 2476 1086 2505 155
1104 2475 1154 2509 Τίς
1164 2474 1253 2508 ,βίοςς
1276 2483 1303 2501 κ.
1321 2483 1346 2501 τ.
1358 2474 1384 2501 λ.

1070 2521 1118 2553 Τίς
1139 2522 1153 2548 ὁ
1172 2520 1227 2556 βίος
1241 2528 1248 2553 ς
1265 2520 1292 2546 τί
1315 2519 1343 2547 δὲ
1358 2519 1389 2546 τὸ
1405 2519 1499 2545 τούτου
1511 2539 1519 2550 .
1535 2519 1619 2554 φησὶ,
1638 2517 1761 2545 ποθεινὸν
1774 2519 1816 2544 καὶ

1033 2567 1166 2604 ὲραστόνς
1194 2567 1250 2602 Οὐχ
1264 2565 1357 2601 ὥσπερ
1379 2566 1412 2592 ἐκ
1426 2565 1511 2599 τάφου
1536 2565 1585 2600 τῆς
1601 2564 1731 2600 μητρῴας
1743 2564 1817 2598 ἐξιὼν

1034 2612 1152 2649 γαστρὸς
1170 2612 1213 2647 ἐφ’
1229 2611 1322 2648 ἕτερον
1336 2612 1420 2646 τάφον
1435 2611 1519 2638 όδεύω
1528 2611 1574 2637 τὸν
1592 2611 1661 2646 μετὰ
1673 2611 1723 2646 τὴν
1731 2611 1818 2637 τελευ-

1033 2658 1104 2694 τήν;
1122 2659 1154 2688 ὲκ
1168 2657 1213 2684 τοῦ
1230 2657 1355 2692 δευτέρου
1369 2657 1398 2683 δὲ
1412 2656 1506 2684 τούτου
1524 2654 1568 2692 ἆρ’
1590 2657 1639 2682 οὐκ
1654 2657 1682 2683 ὲν
1696 2657 1736 2691 τῷ
1756 2657 1817 2692 πυρὶ

1035 2703 1192 2738 ταφήσομαι
1207 2703 1288 2730 πάλιν
1313 2701 1515 2737 ἁνελεημόνως,
1540 2701 1617 2733 δίκας
1636 2703 1686 2737 τῆς
1706 2702 1818 2729 ἐνταῦθα

1035 2749 1162 2781 ἀσεϐείας
1179 2748 1340 2782 ἀποτιννύς;
1355 2749 1421 2775 αὐτὸ
1434 2749 1456 2775 δ’
1471 2749 1532 2775 ὅσον
1545 2747 1719 2775 διαϐιὼσκειν
1733 2750 1762 2775 ἐν
1775 2748 1818 2776 εὖ·

1036 2794 1135 2830 παθείᾳ
1150 2803 1195 2830 μοι
1210 2795 1291 2826 δοκῶ,
1308 2795 1370 2821 ὅσον
1382 2794 1505 2822 ἐνταυθοῖ
1519 2795 1697 2830 κατατρυφᾷν
1706 2815 1714 2827 ,
1727 2795 1758 2821 οὔ
1773 2804 1818 2822 πο-

1036 2841 1123 2876 ταμοῦ
1141 2840 1256 2877 ῥεύματι
1278 2840 1394 2874 ὀξύτατα
1416 2840 1522 2876 ῥέοντος
1543 2840 1638 2876 κομιδῇ
1655 2840 1816 2877 παρομοιῶ-

1075 2895 1208 2934 (63)(1011.
1225 2896 1276 2924 hoc
1292 2895 1351 2924 loco
1364 2895 1462 2922 τούτων
1477 2891 1564 2929 κόρος,
