1920 3046
60 174 118 203 73']

59 242 109 260 ται
120 254 128 266 ,
146 233 271 268 ποταμοῦ
292 233 398 265 ἀενάως
411 234 552 269 τρέχοντος
567 234 615 260 καὶ
632 234 676 260 ἀεὶ
688 234 720 260 ἐκ
731 233 785 260 τῶν
801 233 862 259 ὄπι-

62 280 131 305 σθεν
157 278 393 314 ίόντος,διηνεκῶς
418 280 580 314 κινουμένου
594 279 641 306 καὶ
657 279 734 306 οὔδὲν
753 278 862 315 ἐχοντος

61 323 156 356 ἑστὼς
166 344 175 356 ,
189 324 265 351 οὐδὲν
278 324 359 359 μέρος
373 325 455 351 αὑτοῦ
470 326 568 359 πάγων
582 325 784 357 ἐπιδεικνύντας
793 334 800 340 ·
817 325 862 352 κό-

61 379 106 402 νις
124 370 187 402 ὅλος
203 370 371 405 καθέστηκεν
385 371 399 397 ὁ
413 370 485 406 βίος,
507 373 563 403 τοῖς
578 372 655 407 ἐμοῖς
675 371 800 406 ὄμμασιν
813 372 863 406 ἐμ-

62 417 209 443 πίπτουσα
224 417 271 444 καὶ
283 417 378 444 σκότον
390 417 563 452 ἐμϐάλλουσα
576 417 614 451 τῷ
629 417 678 452 νῷ,
695 417 732 449 ὡς
748 417 782 444 ἂν
795 417 863 452 πόρ-

64 463 108 498 ρω
118 462 189 489 Θεοῦ
205 462 261 489 τῶν
273 462 423 498 φωτισμῶν
434 463 570 494 ἐκπεσὼν,
583 463 630 489 καὶ
641 462 750 496 τυφλῶν
761 463 863 498 τρόπον

63 510 132 542 τοὺς
146 509 255 544 τοίχους
267 509 410 545 ψηλαφῶν,
427 510 474 536 καὶ
487 506 537 536 ὧδε
555 510 635 536 κάκεῖ
652 511 708 540 τοῖς
722 509 863 544 λογισμοῖς

64 553 314 590 περιπλανώμενος
341 555 392 590 τῆς
418 555 540 591 μεγάλης
556 555 586 582 ἐν
609 554 720 590 Χριστῷ
734 554 864 590 ὰποτύχω

65 600 154 635 ζωῆς.

69 645 219 680 Τολμήσω
233 646 299 674 τινὰ
312 646 423 680 μῦθον,
437 655 464 674 κ.
480 655 506 674 τ.
521 646 559 680 ἐξ.

104 692 248 729 Τολμηρόν
260 702 321 721 τινα
335 693 412 728 λόγον
426 694 517 721 ἔπεισί
535 703 581 730 μοι
596 695 721 727 διειπεῖν,
738 693 864 730 ἀληθινὸν
904 712 907 715 -

66 738 91 764 δ’
113 736 161 765 οὖν
183 739 259 774 ὅμως
273 758 281 771 ,
300 739 333 766 δι’
350 739 364 766 ὃ
377 739 424 766 καὶ
439 739 579 775 τολμήσας
599 740 786 775 ἀποφαίνομαι
798 761 806 772 ,
825 740 864 772 ὡς

66 784 138 811 Θεοῦ
159 785 286 819 παίγνιον
300 784 358 820 (64)
380 785 395 812 ὁ
418 785 579 821 ἄνθρωπος,
604 786 651 812 καὶ
672 785 791 812 τοιοῦτον
808 785 864 813 οἷον

66 831 126 861 τοῖς
142 830 226 857 πάλαι
243 830 315 857 κατά
330 830 423 862 πόλεις
438 831 515 863 τινὰς
539 831 745 867 ἐπιτετήδευτο⁴
777 840 864 868 προσ-

68 877 161 902 ωπεῖα
170 875 225 912 γὰρ
237 876 461 909 διασκευάζοντες
475 877 621 907 πλουσίων,
635 878 768 912 πενήτων,
787 877 864 912 βασι-

67 921 138 947 λέων
157 921 206 948 καὶ
230 922 391 957 στρατηγῶν
406 942 413 954 ,
428 922 518 956 σοφῶν
541 923 588 949 καὶ
605 922 716 949 ἰδιωτῶν
728 943 735 954 ,
761 923 865 959 ἀνδρῶν

67 967 171 1001 ὁμοίως
185 967 394 1002 καὶγυναικῶν,
411 968 459 994 καὶ
474 968 503 994 ἐν
519 967 645 1004 θεάτροις
660 969 804 1004 παριόντες
818 969 865 995 καὶ

68 1013 98 1039 ἑν
116 1014 248 1048 σκηναῖς,
270 1013 358 1040 ταῦτα
377 1014 401 1040 ot
415 1014 669 1050 προμελετήσαντες
689 1014 865 1050 περιτιθέμε-

69 1067 121 1089 νοι,
139 1059 187 1085 καὶ
202 1058 252 1093 τὴν
267 1059 328 1085 κατ’
341 1059 441 1091 αὐτοὺς
454 1059 526 1086 καθὰ
542 1061 753 1096 προησκήσαντο
766 1060 865 1096 πρᾶξιν

68 1103 238 1139 ἐπεπροσθεν
253 1104 362 1131 πάντων
380 1105 591 1141 ὑποκριθέντες,
619 1107 664 1133 καὶ
684 1106 806 1142 ἀκριϐῶς
827 1107 866 1139 ὡς

69 1149 126 1177 οἷον
148 1159 179 1177 τε
196 1151 268 1177 κατὰ
283 1150 333 1188 τὴν
355 1151 408 1180 τῶν
430 1152 554 1179 παλαιῶν
573 1153 695 1189 ἱστορίαν
717 1152 761 1179 διὰ
778 1154 866 1188 μιμή‹

71 1205 141 1229 σεως
163 1196 214 1232 τὴν
228 1197 451 1233 δραματουργίαν
473 1197 656 1233 ἀποχρώντως
671 1198 864 1234 ἐνδειξάμενοι,

70 1243 142 1270 οὕτω
170 1243 222 1278 τῆς
239 1243 338 1279 σκευῆς
356 1244 402 1270 ἀπ’
420 1243 511 1270 αὐτῶν
528 1243 659 1280 ἀρθείσης
673 1264 680 1275 ,
707 1244 782 1276 ὅστις
806 1245 865 1270 ποτ’

71 1288 105 1325 ἦν
130 1289 222 1317 αὐτῶν
251 1290 367 1322 ἕκαστος
403 1289 586 1324 ἀναφανέντες
614 1290 705 1317 οἴκαδε
734 1289 865 1325 ἐχώρουν.

78 1336 216 1368 Ὡσαύτως
233 1336 323 1363 τοίνυν
343 1336 394 1363 κάν
410 1336 449 1371 τῷ
470 1336 519 1371 βίῳ
534 1336 614 1368 ἄλλος
636 1336 700 1363 ἄλλο
725 1345 752 1362 τι
768 1336 866 1371 ἐπιτή-

71 1383 171 1419 δευμα,
186 1382 256 1418 πρὸς
274 1382 288 1408 ὃ
303 1382 412 1417 εὐφυῶς
427 1382 546 1418 ἔχουσιν,
568 1382 742 1418 ἀσκούμενοι,
762 1382 809 1408 καὶ
829 1382 867 1414 ὡς

74 1430 104 1456 ἐν
123 1430 211 1464 σκηνῇ
237 1429 284 1456 καὶ
306 1429 413 1464 θεάτρῳ
432 1428 482 1463 τὴν
498 1429 559 1455 κατ’
583 1428 681 1460 αὐτοὺς
696 1427 796 1464 πρᾶξιν
816 1427 867 1462 τῆς

72 1476 173 1511 ἀρετῆς
189 1475 205 1511 ἢ
223 1475 323 1507 κακίας
335 1475 380 1502 διὰ
396 1476 540 1511 μιμήσεως
557 1474 776 1509 ἐπιδειξάμενοι,
791 1475 867 1500 ἐπει-

72 1522 121 1549 δὰν
133 1523 164 1549 τδ
184 1522 279 1558 σχῆμα
303 1521 409 1553 τούτοις
426 1521 473 1548 τοῦ
491 1522 594 1556 κόσμου
614 1521 653 1557 τῷ
681 1520 789 1556 θανάτῳ
818 1529 866 1547 πε-

74 1568 199 1604 ριαιρεθῇ
210 1588 217 1600 ,
232 1568 364 1604 ἐξαπίνης
377 1568 465 1594 ὁποῖοι
480 1567 551 1594 κατὰ
568 1567 648 1601 φύσιν
665 1567 733 1593 εἰσὶν
747 1566 867 1597 ἅπαντες

72 1614 256 1649 ἁναφανέντες
270 1633 278 1646 ,
299 1613 370 1640 οὕτω
386 1613 486 1649 γυμνοὶ
504 1613 594 1648 πάσης
619 1611 794 1649 ἐπικρύψεως
822 1612 867 1638 ὲν-

72 1661 170 1689 τεῦθεν
185 1661 393 1696 ἀποχωροῦντες
414 1659 528 1686 ἀπίασιν
550 1660 618 1687 ἐκεῖ.
634 1659 762 1691 Τοιοῦτος
781 1659 795 1685 ὸ
811 1657 868 1693 βίος

73 1706 127 1733 τῶν
142 1705 324 1740 ταλαιπώρων
346 1705 463 1740 βροτῶν·
479 1705 527 1731 καὶ
541 1702 582 1736 οἷς
597 1705 614 1740 ἡ
629 1704 675 1731 τοῦ
692 1703 808 1740 ματαίου
821 1703 868 1730 καὶ

75 1751 235 1788 ὸνειρώδους
245 1751 349 1787 κόσμου
364 1751 440 1778 τοῦδε
456 1751 533 1782 ἐλπὶς
547 1751 650 1787 ἐραστὴ
663 1751 710 1777 καὶ
722 1749 869 1785 περισπού-

74 1797 172 1829 δαστος
185 1817 193 1829 ,
218 1796 282 1828 τούς
296 1804 326 1823 τε
342 1796 527 1830 καλουμένους
552 1794 698 1825 πλούτους,
714 1793 812 1828 ἡδονάς
837 1801 868 1819 τε

75 1843 123 1870 καὶ
134 1841 241 1878 τρυφὰς
255 1841 302 1869 καὶ
313 1841 392 1874 δόξας
403 1841 446 1866 ἐπ’
461 1840 549 1874 ὀλίγον
563 1839 608 1866 τὸν
618 1839 668 1874 τῆς
684 1838 756 1873 ζωῆς
772 1837 869 1873 χρόνον

76 1889 304 1926 κατατρυφῶντες
318 1887 372 1922 (65)
387 1887 559 1918 παιζέτωσαν
572 1886 618 1912 καὶ
630 1884 832 1917 παιζὲσθωσαν.

76 1935 132 1962 MT
142 1933 243 1968 Αὐτὰρ
261 1933 319 1969 ἐγὼ
333 1931 470 1967 Χριστοῐο
487 1930 699 1965 δεδραγμένος,
714 1933 767 1956 etc.

111 1982 143 2008 Οἱ
162 1981 212 2017 μὲν
226 1980 261 2007 τὰ
277 1979 387 2013 ἐπίγεια
411 1977 574 2013 φρονοῦντες
585 1997 592 2008 ,
613 1976 661 2003 καὶ
677 1975 731 2002 τῶν
754 1974 869 2010 ῥεόντων

75 2028 162 2064 ἀπρὶξ
177 2026 406 2061 ἀντιποιούμενοι,
418 2025 463 2052 τὸν
477 2023 622 2060 εἰρημένον
634 2022 735 2058 τρόπον
745 2020 793 2056 τὴν
808 2020 869 2047 κατ’

75 2075 176 2105 αὐτοὺς
194 2072 406 2109 πορευέσθωσαν
424 2070 484 2097 ὁδόν
496 2078 502 2085 ·
518 2068 573 2103 ἐγὼ
592 2068 636 2100 δὲ,
660 2068 677 2103 ή
693 2065 870 2103 χριστοφόρος

76 2120 150 2155 ψυχὴ
166 2119 260 2152 λέγει,
277 2117 397 2153 Χριστοῦ
420 2117 470 2152 τῆς
487 2115 598 2150 ἀγάπης
615 2113 870 2149 καταδεδραγμένος

76 2158 174 2192 οὔποτε
200 2164 275 2200 λήξω
290 2163 390 2199 δεσμὸν
414 2163 460 2189 ἐπὶ
486 2161 580 2197 δεσμῷ
597 2160 754 2196 προστιθεὶς
765 2179 773 2190 ,
789 2159 869 2193 ἄχρις

77 2212 110 2244 ἂν
125 2210 174 2238 τοῦ
190 2210 318 2246 σαρκί-νου
330 2209 406 2236 τοῦδε
423 2208 480 2244 βίου
498 2208 628 2242 λούμενος
641 2226 650 2237 ,
672 2205 711 2241 τῷ
731 2204 786 2231 τῶν
808 2204 870 2239 ὀρε-

77 2257 154 2289 κτῶν
169 2256 313 2292 ἀκροτάτῳ
332 2255 431 2287 τελέως
444 2253 595 2290 πφσόεθῶ.
613 2251 669 2279 Καὶ
692 2251 745 2286 γὰρ
759 2248 870 2280 διπλοῦς

77 2304 116 2332 ῶν
133 2303 184 2340 τὴν
195 2302 286 2338 φύσιν,
305 2302 427 2336 ἐπίγειος
442 2301 500 2336 ἃμα
517 2300 564 2326 καὶ
578 2299 703 2334 οὐράνιος
713 2317 720 2329 ,
743 2296 774 2322 τὺ
789 2295 869 2330 σῶμα

80 2351 129 2387 μὲν
146 2348 272 2376 ἐντεῦθεν
286 2348 340 2376 ἀπὸ
355 2347 405 2383 τῆς
415 2348 467 2382 γῆς
484 2346 537 2381 ἔχω
550 2344 716 2380 διαρτισθὲν,
739 2342 772 2369 δι’
785 2341 799 2368 ὃ
823 2341 873 2367 καὶ

78 2386 128 2431 τῆς
145 2393 229 2422 αὑτοῦ
242 2393 402 2428 συγγενείας
416 2391 558 2426 ἐφιέμενον
570 2389 643 2416 νεύει
658 2388 727 2425 πρὸς
742 2386 791 2422 τὴν
808 2387 870 2421 γῆψ

76 2432 126 2478 τὴν
143 2441 234 2477 ψυχὴν
250 2441 279 2468 δὲ
291 2440 359 2467 Θεοῦ
376 2439 533 2473 πνεύματος
546 2437 698 2472 ἀπόρροιαν
714 2434 761 2461 καὶ
774 2432 872 2468 μερίδα

78 2480 199 2525 κρείσσω
227 2488 403 2524 ὑπάρχουσαν
418 2505 425 2517 ,
447 2485 495 2512 καὶ
525 2483 610 2518 αὐτὴν
629 2483 667 2514 ὡς
686 2481 795 2508 υἱκείων
816 2478 872 2505 τῶν

77 2536 159 2563 θείων
177 2534 249 2570 ἔχειν
274 2533 324 2569 τὴν
341 2532 434 2566 ἔφεσιν
457 2530 504 2557 καὶ
526 2530 570 2556 ἀεὶ
594 2528 649 2555 τῶν
675 2524 871 2561 πνευματικῶν

77 2581 126 2614 καὶ
150 2578 283 2615 οὐρανίων
299 2578 404 2609 ὠδίνειν
420 2576 470 2612 τὴν
491 2574 640 2610 ἐπιθυμίαν
657 2572 778 2608 ἀγαθῶν.

83 2627 132 2660 Ὠς
145 2625 244 2661 πητῆς
253 2625 325 2660 ῥόος
337 2623 424 2651 ἐστίν
435 2643 442 2654 ,
459 2631 488 2649 κ.
503 2630 529 2649 τ.
547 2620 585 2653 ἐξ.

114 2673 221 2707 ’Ὠσπερ
237 2672 252 2697 ὸ
272 2670 364 2706 πηγῆς
387 2668 564 2704 ἐξαλλόμενος
588 2666 635 2694 τοῦ
662 2665 757 2697 ὓδατος
803 2666 868 2702 ῥοῦς

79 2718 151 2747 κατὰ
164 2717 286 2756 πρανοῦς
297 2717 389 2752 τρέχει
404 2715 526 2751 φυσικῶς
542 2713 590 2741 ἐπὶ
605 2713 636 2740 τδ
653 2713 796 2745 κάταντες,
813 2711 870 2747 πῦρ

114 2818 244 2856 (main.
260 2816 452 2856 animadvertit
466 2814 628 2856 Gregorium
643 2813 688 2841 hic
703 2810 869 2856 alluderead

79 2846 234 2883 Platonem.
253 2853 299 2886 qui
317 2852 453 2879 hominem
474 2846 700 2886 vocetmlyvtou
711 2847 795 2886 θεῶν..
806 2846 870 2886 Loci

80 2881 286 2921 ξιιηῖάειέρξι.
307 2888 326 2915 ι.
341 2895 361 2920 ι,
380 2896 405 2922 p.
421 2886 473 2913 stt
489 2881 719 2922 (p.A‘72i9_.v_3_'ed.‘
732 2881 828 2915 Bekk.)
844 2885 871 2908 et

81 2916 208 2960 in“).
219 2916 273 2952 863
286 2922 306 2951 C
397 2921 441 2956 32,
455 2922 470 2950 5
483 2916 526 2950 ed.
540 2920 635 2954 Both.)
648 2916 767 2947 “etiam
784 2925 866 2953 supra

586 173 620 201 IN
629 173 788 202 CARMINA
806 173 947 202 ARCANA
967 171 996 200 S.
1014 170 1189 200 GREGORII.

1651 169 1707 198 τε*

912 232 1032 264 videtur,
1051 231 1174 258 ﬂuminis
1199 233 1331 264 perpetuo
1356 228 1495 256 currentis
1521 231 1547 255 et
1566 235 1673 264 semper
1688 236 1703 255 a

913 277 1054 313 prasterito
1072 275 1223 308 redeuntis,
1233 275 1341 310 iugiter
1361 275 1455 310 agitati
1472 274 1585 302 et~nihil
1605 275 1705 302 stabile

914 322 1051 354 habentis.
1069 322 1171 349 nullam
1184 321 1272 356 ipsius
1286 324 1392 356 partem
1409 319 1512 347 ﬁrmam
1521 320 1704 348 ostendentis.

913 360 1007 396 Pulvis
1029 367 1191 396 azstimanda
1214 371 1257 395 est
1288 370 1343 394 tota
1365 367 1433 398 vita,
1459 374 1536 394 meos
1560 366 1705 394 ob’ezecans

914 415 1011 442 oculos
1037 419 1064 442 et
1088 414 1221 442 tenebras
1238 413 1425 448 intelligentiae
1454 412 1591 448 ingerens,
1617 413 1654 439 ita
1676 417 1706 440 ut

914 461 994 496 longe
1007 467 1023 487 a
1037 460 1085 487 Dei
1102 459 1299 494 splendoribus
1317 459 1419 486 cadens
1437 463 1463 486 et
1480 467 1614 486 caecorum
1631 467 1707 486 more

914 515 1009 534 muros
1026 510 1186 542 pertentans
1209 509 1236 533 et
1255 505 1296 533 sic
1311 504 1348 532 ibi
1371 505 1399 532 in
1421 505 1574 533 ratiociniis
1597 514 1704 536 errans.

914 560 1013 588 magna
1028 552 1055 579 in
1071 552 1184 579 Christo
1200 551 1254 578 vita
1274 549 1450 578 l‘rustraudns
1466 550 1530 578 sim.

915 642 1024 670 Audebo
1037 641 1195 676 allegoriam
1209 640 1364 676 quamdam,
1379 643 1407 667 et
1419 647 1479 675 seq.

951 688 1093 716 Excedeus
1108 686 1246 722 quoddam
1266 687 1381 714 verbum
1404 686 1529 721 proferre
1549 685 1616 712 mihi
1640 692 1707 712 con—

915 734 990 762 venit
1012 739 1039 762 et
1055 741 1170 765 verum;
1193 733 1299 760 idcirco
1320 732 1426 760 audens
1449 739 1586 767 exponam
1605 741 1611 759 :
1631 731 1708 767 quasi

916 779 1065 808 ludibrium
1077 779 1126 806 Dei
1141 779 1235 810 homo,
1251 783 1278 805 et
1297 777 1528 813 quemadmodum
1546 777 1617 804 inter
1634 781 1710 805 vete-

915 833 960 854 res
970 824 1134 860 quibusdam
1149 825 1176 851 in
1191 823 1350 851 civitatibus
1361 823 1521 850 exercitatio
1537 828 1608 855 erat,
1619 830 1709 857 perso-

917 880 966 900 nas
980 873 1051 900 enim
1063 871 1235 899 exhibebant
1246 870 1373 902 divitum,
1390 878 1552 906 pauperum,
1571 878 1665 905 regum
1682 873 1710 898 et

916 919 1029 951 ducum,
1047 918 1212 953 sapientium
1229 921 1257 945 ct
1272 918 1474 953 insipientium,
1488 917 1612 944 virorum
1630 916 1709 943 simi—

917 964 977 992 liter
993 968 1022 992 et
1041 963 1199 996 mulierum,
1215 963 1299 990 etiam
1317 963 1434 990 theatris
1456 963 1624 990 assistebant
1640 964 1709 989 etin

916 1011 1025 1044 scenis;
1049 1010 1108 1038 haec
1131 1011 1178 1044 qui
1202 1010 1352 1042 curabant.
1378 1017 1524 1045 personam
1549 1009 1670 1044 agebant
1682 1013 1722 1036 et

916 1057 1079 1084 destinatam
1123 1058 1196 1084 sicut
1243 1055 1357 1084 exerciti
1381 1056 1496 1083 fuerant
1513 1056 1710 1083 actioncmco-

916 1112 975 1132 ram
992 1103 1123 1131 omnibus
1149 1102 1306 1130 tractabant
1326 1107 1354 1130 et
1378 1107 1508 1130 accurate
1522 1102 1595 1130 sicut
1619 1102 1709 1134 decet;

914 1150 993 1185 juxta
1007 1153 1127 1177 veterem
1142 1147 1288 1175 historiam
1314 1152 1374 1176 arte
1394 1148 1506 1183 propria
1527 1152 1711 1183 repraesenta-

917 1195 1019 1223 tionem
1029 1194 1194 1222 sullicienter
1202 1193 1435 1229 exsequebantur,
1448 1194 1489 1221 sic
1497 1193 1615 1221 cilicium
1628 1195 1663 1221 ab
1674 1194 1711 1229 ip-

917 1242 956 1270 sis
974 1245 1132 1276 susceptum
1147 1244 1228 1275 prout
1243 1240 1365 1275 ipsorum
1384 1240 1521 1276 cujusque
1537 1245 1597 1268 erat
1612 1248 1666 1274 pm
1680 1248 1711 1268 sa

918 1287 1054 1319 ferebant,
1079 1286 1179 1314 deinde
1200 1286 1229 1314 in
1253 1286 1364 1313 domum
1385 1285 1562 1314 recedebant.
1580 1285 1626 1313 Sic
1644 1293 1711 1320 ergo

917 1338 944 1362 et
958 1334 986 1361 in
1001 1334 1055 1361 vita
1070 1334 1142 1361 alius
1158 1333 1232 1360 aliud
1249 1333 1369 1360 studium
1391 1333 1425 1360 ad
1448 1332 1520 1368 quod
1537 1333 1589 1359 fert
1604 1332 1711 1360 indoles

917 1384 1025 1407 exercet
1038 1384 1065 1406 et
1076 1379 1155 1414 quasi
1173 1379 1200 1406 in
1215 1386 1296 1407 scena
1311 1384 1337 1406 et
1359 1379 1478 1410 theatro,
1495 1383 1627 1414 quantum
1641 1380 1667 1407 in
1681 1388 1712 1407 se

917 1429 960 1453 cst
976 1425 1112 1452 actionem
1128 1425 1239 1453 virtutis
1252 1430 1298 1452 aut
1313 1425 1442 1460 nequitia
1457 1426 1711 1460 rcprmsentationis

919 1472 1008 1499 instar
1022 1472 1184 1503 ostendit,et
1199 1476 1345 1506 postquam
1366 1472 1461 1498 mundi
1479 1471 1563 1506 ﬁgura
1578 1479 1627 1506 pro
1643 1473 1711 1507 ipsis

919 1523 1007 1546 morte
1036 1518 1178 1553 przeteriit,
1205 1518 1296 1545 subito
1315 1518 1384 1545 tales
1411 1517 1506 1552 quales
1528 1521 1627 1544 natura
1643 1523 1711 1545 sunt

919 1573 1015 1592 omnes
1027 1568 1202 1599 apparentes,
1217 1564 1258 1592 sic
1275 1564 1342 1592 nudi
1358 1565 1392 1592 ab
1412 1564 1487 1592 omni
1505 1564 1566 1591 l‘uco
1583 1564 1647 1591 inde
1663 1572 1711 1592 ce-

919 1610 988 1638 dunt
1003 1610 1072 1637 etin
1093 1609 1184 1636 locum
1207 1609 1376 1636 destinatum
1404 1609 1521 1642 abeunt;
1545 1616 1576 1636 ea
1594 1608 1711 1635 misero-

918 1664 979 1684 rum
997 1656 1154 1684 mortalium
1170 1655 1236 1688 vita,
1248 1659 1275 1683 et
1284 1656 1311 1682 hi
1323 1655 1590 1691 quibusinsipientis
1607 1659 1633 1683 et
1651 1655 1712 1682 ina-

920 1703 962 1732 nis
977 1703 1072 1730 mundi
1090 1702 1172 1738 hujus
1188 1710 1252 1737 spes
1269 1702 1440 1730 delcctahilis
1455 1706 1498 1730 est
1517 1706 1544 1730 et
1563 1703 1639 1730 omni
1661 1710 1715 1737 ope

919 1757 1044 1786 curaque
1071 1749 1250 1784 exquirenda,
1274 1757 1305 1776 ea
1326 1757 1388 1784 quae
1409 1753 1548 1776 vocantur
1568 1748 1670 1776 divitiae
1685 1753 1719 1775 et»

920 1796 1074 1831 voluptates
1101 1800 1128 1823 et
1157 1795 1272 1823 delicias
1299 1801 1327 1822 et
1354 1795 1457 1830 glorias
1484 1795 1623 1822 modicum
1650 1794 1715 1822 vita:

921 1848 1030 1878 tempus
1045 1842 1207 1875 exultantes,
1224 1841 1319 1869 ludant
1333 1846 1359 1869 et
1376 1841 1515 1868 ludantur.

921 1933 975 1961 147
994 1933 1049 1968 Ego
1067 1941 1143 1970 vero,_
1160 1932 1297 1960 Christum
1316 1932 1465 1966 amplexus,
1481 1935 1535 1958 etc.

956 1978 1008 2011 Qui
1025 1978 1135 2014 quidem
1155 1986 1216 2013 quae
1244 1985 1327 2012 super
1348 1981 1449 2004 terram
1474 1980 1540 2005 sunt
1560 1976 1673 2011 sapiunt
1687 1981 1715 2003 et:

921 2024 994 2051 ﬂuxa
1006 2023 1114 2051 fortiter
1130 2023 1254 2051 ambiunt
1272 2023 1347 2050 dicto
1372 2031 1461 2056 more,
1487 2023 1555 2057 ipsis
1582 2022 1713 2057 placitum

922 2070 973 2096 iter
991 2073 1115 2104 pergant.
1148 2068 1205 2104 Ego
1238 2076 1320 2101 vero,
1351 2069 1395 2096 ait
1422 2069 1564 2096 Christum
1599 2072 1715 2103 portans

923 2114 1024 2145 anima,
1038 2113 1142 2141 (lhristi
1159 2114 1245 2142 amori
1269 2115 1425 2147 adluerens,
1445 2122 1501 2142 non
1521 2114 1636 2142 cessabo
1652 2114 1715 2141 vin-

923 2161 1016 2188 culum
1036 2161 1146 2188 vinculo
1171 2161 1336 2196 adjungens,
1358 2162 1425 2196 quin
1444 2161 1551 2188 carnali
1577 2160 1633 2187 vita
1661 2160 1714 2188 ista

923 2207 1013 2233 soluta
1033 2214 1141 2234 summo
1160 2211 1226 2234 voto
1243 2208 1355 2234 omnino
1370 2206 1503 2242 conﬂgar.
1527 2206 1650 2242 Namque
1665 2207 1716 2234 du»-

922 2253 985 2287 plex
999 2254 1046 2289 qui
1062 2261 1122 2281 sum
1146 2259 1255 2285 natura.
1280 2257 1408 2282 terrenus
1428 2253 1509 2281 simul
1532 2257 1559 2281 et
1580 2253 1714 2285 caelestis,

922 2307 1024 2335 corpus
1043 2301 1151 2335 quidem
1177 2299 1242 2327 hinc
1266 2308 1281 2327 ο
1314 2304 1388 2327 terra
1417 2300 1504 2328 habeo
1532 2299 1714 2334 plasmatum;

920 2346 1037 2382 ideoque
1067 2347 1198 2374 allinitatc
1219 2347 1332 2382 propria
1356 2346 1471 2382 cupiens
1490 2345 1578 2374 tendit
1600 2345 1633 2372 ad
1661 2349 1718 2372 ter-

920 2393 1136 2431 ram;‘animam
1162 2384 1297 2421 vero'Dei
1323 2393 1438 2428 spiritus
1462 2391 1665 2420 emanationem
1688 2395 1715 2418 et

921 2442 1024 2474 partem
1048 2439 1261 2474 pmcellentem,
1287 2448 1370 2474 quam
1395 2439 1553 2467 divinorum
1569 2438 1647 2472 quasi
1662 2438 1715 2472 ipsi

922 2484 1097 2520 propriorum
1113 2484 1252 2512 desideria
1270 2489 1374 2517 tenent,
1393 2491 1558 2519 semperque
1585 2483 1716 2518 spiritua—

923 2529 989 2556 lium
1005 2534 1088 2565 atque
1102 2530 1258 2558 caelestium
1280 2530 1409 2566 appetitio
1433 2530 1568 2557 bonorum
1581 2528 1714 2556 incendit.

924 2618 1000 2646 Sicut
1015 2617 1096 2652 [antis
1113 2618 1214 2645 rivulus
1227 2621 1310 2649 est,et
1327 2624 1386 2653 seq.

959 2663 1133 2692 Sicutt‘ontis
1153 2664 1277 2692 salientis
1298 2663 1378 2691 unda:
1395 2663 1500 2694 rivulus
1520 2670 1642 2699 preceps
1664 2669 1714 2689 na-

923 2710 1049 2738 turaliter
1065 2710 1099 2737 ad
1113 2710 1295 2738 declivitatem
1311 2709 1417 2742 currit,_
1427 2713 1454 2737 et
1468 2709 1541 2744 ignis
1556 2716 1638 2736 urens
1650 2716 1714 2743 νιος

924 2809 1073 2847 παρετῆς
1091 2818 1116 2847 v.
1138 2809 1232 2847 105_et
1245 2807 1407 2847 _Boi_s_s_onad.
1428 2807 1460 2835 ad
1483 2806 1646 2843 Gregorium
1659 2805 1713 2842 Cy-

926 2843 1015 2882 prium
1033 2843 1060 2882 in
1079 2843 1345 2882 Anecd.Gr.t:5/15.

961 2881 1015 2915 (65‘
1029 2881 1095 2909 Cod.
1116 2879 1341 2916 κατατρυφόντες.
