1920 3046
212 144 266 169 759

211 202 299 236 priam
317 201 524 230 immutabiliter
537 202 614 230 novit
633 203 705 231 viam
721 205 835 233 saeviens
854 205 882 234 in
901 207 999 240 altum,

212 246 253 274 sic
264 250 291 273 et
307 246 388 274 homo
402 254 517 282 magnus
533 248 579 282 qui
600 249 687 285 magis
701 258 762 285 qua:
780 250 826 279 Dci
839 257 903 279 sunt
918 261 1000 288 quam

212 300 275 326 quae
289 301 303 320 c
326 294 414 323 rpnris
435 298 500 321 sunt
525 295 606 330 sapit,
629 299 657 322 et
673 298 787 332 angelus
803 303 886 330 esset,
902 299 924 326 si
940 307 1000 326 ser-

212 339 302 375 pentis
314 340 411 372 instar.
427 340 506 375 quasi
525 345 694 370 senectutem
711 344 880 372 maculosum
892 347 999 380 passio-

212 393 277 412 num
298 386 325 412 in
341 391 416 413 arcta
430 392 455 414 et
468 390 585 422 angusta
601 388 644 416 via
667 394 756 417 cutem
778 395 824 418 aut
837 391 998 419 deformita-

211 435 266 458 tem
294 432 415 466 apprime
444 433 573 467 rejiciens
592 439 620 462 et
636 436 804 470 spiritualem
829 437 999 472 juventutem

210 485 360 511 renovaus,
382 479 422 506 sic
443 478 475 505 ad
505 480 591 507 ccclos
615 482 804 509 ascensionem
831 483 906 510 nullo
919 483 1000 511 modo

211 524 429 559 retrospiciendo
444 525 599 560 perfecerit.

214 617 236 645 0
251 617 412 650 sacerdotes,
426 622 539 651 stupele,
550 622 605 645 etc.

247 662 270 691 0
280 663 413 698 episcopi,
421 664 498 691 vobis
507 665 615 699 loquor,
625 664 672 699 qui
684 665 821 693 voeamini
831 666 999 700 sacerdotes,

212 716 263 736 nec
278 717 342 736 vere
356 709 425 737 estis
452 710 487 737 ob
505 709 635 738 invidiam
656 711 686 738 in
707 711 784 738 vobis
798 711 998 744 dominantem.

211 760 239 782 et
255 763 272 783 ο
285 755 366 783 vicini
384 756 489 789 miseri,
505 757 551 792 qui
566 757 638 784 dona
650 758 815 785 aversamini
827 762 854 786 et
869 767 919 786 nos
928 759 999 786 mala

210 808 292 836 agere
308 802 428 830 volentes
448 803 624 838 suspieamini
656 803 813 839 frustraque
830 808 858 832 et
870 809 1000 840 tanquam

211 847 326 874 Iortuito
349 848 462 881 timetis,
485 849 620 877 exsultare
636 853 663 876 et
684 853 803 884 stupote.
825 850 1001 878 vehementer

212 893 329 928 gaudete
347 902 353 920 :
368 901 402 921 en
418 895 522 923 morior
540 895 615 921 omni
631 895 743 927 saeculo,
760 903 811 923 nec
827 896 946 931 amplius
957 904 1000 924 tne

212 943 243 966 ut
258 939 338 974 prius
362 939 505 968 timebitis.
525 939 578 968 Vos
602 949 667 976 ergo
689 949 738 976 per
752 941 809 968 hzee
831 949 891 976 quae
910 940 1001 969 facitis

212 989 296 1020 alque
307 986 341 1013 de
357 986 438 1013 nobis
452 986 591 1021 cogitatis,
614 987 692 1014 vobis
714 987 783 1023 ipsis
806 987 889 1023 Regis
904 995 998 1024 regum

212 1029 260 1058 Dei
284 1031 504 1058 misericordiam
534 1031 717 1060 intercluditis
736 1038 762 1061 et
781 1034 928 1069 oppilatis;
949 1041 1000 1069 ego

214 1083 278 1103 vero
295 1076 379 1110 hujus
394 1077 489 1105 mundi
504 1083 603 1105 cuncta
627 1086 732 1114 vosque
752 1087 848 1107 omnes
874 1080 1000 1115 linquens

212 1129 295 1149 unum
323 1122 410 1150 habeo
436 1131 503 1151 mete
527 1124 589 1152 vitm
612 1125 772 1152 columnam
800 1125 1000 1153 illuminantem

211 1168 314 1196 Christi
325 1177 446 1198 crucem.
460 1171 488 1198 Si
501 1171 583 1206 igitur
595 1177 622 1199 et
636 1172 698 1200 inde
711 1173 788 1200 exsul
804 1173 883 1208 longe
893 1181 909 1199 a
922 1172 1000 1200 vobis

213 1214 268 1241 alio
289 1215 426 1251 relegatus
447 1216 545 1244 fuerim
570 1222 597 1246 et
625 1218 822 1246 sacriﬁciorum
847 1219 999 1246 caelestium

212 1262 322 1296 superis
354 1262 382 1289 in
409 1263 567 1297 regionibus
594 1263 728 1300 tetigerini
749 1265 846 1297 altare,
868 1272 923 1300 quo
945 1272 1000 1292 non

212 1309 356 1343 appropiat
375 1310 476 1337 malum
493 1310 579 1338 latens
597 1311 710 1342 invidia.
727 1311 765 1338 ibi
776 1319 841 1346 ergo
849 1311 1000 1338 collocatus

212 1358 240 1381 et
255 1362 305 1388 pro
322 1355 505 1383 invidentibus
523 1356 601 1391 ipsis,
626 1357 650 1384 si
671 1357 708 1383 ita
732 1357 806 1391 loqui
819 1357 925 1392 justum
950 1357 999 1389 sit,

212 1400 344 1427 invidiam
361 1401 486 1429 nesciens
501 1403 597 1429 orabo.

214 1447 227 1473 1
249 1446 316 1479 Qui:
327 1447 404 1473 sum?
420 1447 489 1474 unde
510 1449 537 1474 in
559 1454 638 1475 vrlam
654 1449 731 1476 verti?
745 1453 799 1476 etc.

248 1491 346 1520 Adhuc
359 1496 388 1520 et
406 1500 454 1528 per
469 1494 609 1528 expositos
625 1494 676 1522 hos
693 1502 800 1528 versus,
814 1495 894 1523 valde
908 1495 1000 1531 philo-

212 1538 335 1573 sopllans
351 1543 448 1566 sancta
476 1540 578 1571 anima,
595 1539 738 1567 stultitiam
761 1545 790 1568 et
813 1540 999 1576 insipientiam

212 1585 321 1612 illorum
338 1585 386 1619 qui
406 1585 593 1613 indesinenter
616 1586 839 1621 possessionibus
857 1587 1001 1615 defuncto-

212 1639 274 1658 rum
293 1632 370 1659 avide
388 1631 513 1663 inhiant,
526 1632 676 1666 reprimere
690 1635 776 1658 tentat
797 1635 824 1658 et
842 1630 942 1659 docere
954 1638 1003 1659 eos

213 1677 261 1712 qui
290 1678 385 1704 audire
414 1678 527 1709 volunt,
557 1677 619 1704 vita:
644 1676 788 1712 praesentis
815 1677 1002 1704 transitorium

213 1729 242 1751 et
267 1723 394 1750 instabile
412 1727 437 1750 et
453 1723 598 1750 vilitatem.
625 1731 635 1747 ι
660 1721 747 1755 Quis?
766 1721 843 1749 Unde
857 1722 950 1749 oriens
974 1721 1003 1748 in

213 1770 298 1797 vitam
315 1769 397 1796 veni?
417 1779 426 1795 ι
444 1769 556 1804 dignum
567 1789 576 1801 ,
591 1769 691 1804 inquit,
712 1769 784 1804 quod
811 1768 899 1803 primo
914 1768 1002 1796 medi-

215 1818 258 1841 ter
271 1815 336 1848 quia
357 1814 426 1841 nihil
447 1822 519 1846 sum.
536 1814 634 1842 deinde
647 1822 701 1842 uno
715 1814 800 1842 verbo
815 1813 903 1841 dicam
914 1833 923 1846 .
938 1814 1003 1849 quia

214 1856 263 1891 qui
282 1865 338 1883 non
362 1865 436 1884 eram
457 1865 507 1892 per
530 1858 577 1886 Dci
603 1859 730 1886 altissimi
753 1861 949 1894 providentiam
967 1861 1001 1887 ad

214 1901 402 1929 conditionem
418 1903 578 1931 exsistcntis
590 1912 638 1939 per
650 1905 818 1932 nativitatem
831 1906 909 1940 veni;
920 1914 1002 1942 opor-

213 1951 254 1974 tet
268 1947 351 1980 etiam
365 1947 562 1982 subsequentia
572 1956 686 1984 prorsus
700 1949 890 1982 considerare,
903 1958 1002 1986 nempe

214 2001 278 2021 eum
296 1997 369 2021 terra
391 1994 536 2027 eilluxerit,
563 1995 627 2029 quis
647 1995 746 2022 iterum
769 2003 817 2023 ero
843 2000 1003 2032 resurgento

213 2041 326 2075 pulvere
348 2048 410 2068 meo
435 2041 506 2068 sicut
526 2049 615 2076 spero,
643 2049 698 2077 quo
723 2046 796 2070 statu
827 2051 870 2070 me
885 2045 1002 2072 Creator

213 2094 299 2122 agens
318 2087 417 2122 ponet?
439 2087 509 2114 Num
543 2088 615 2115 sicut
639 2096 653 2114 a
679 2089 748 2115 mari
779 2092 806 2116 et
832 2089 970 2121 ﬂuctibus.
987 2097 1002 2116 a

212 2134 277 2160 vitae
294 2133 498 2169 impedimentis
521 2134 654 2162 liberatus
679 2138 706 2162 et
731 2136 860 2167 tumultu,
880 2136 960 2171 quasi
974 2136 1002 2163 in

213 2185 322 2216 portum
352 2181 455 2208 bonum
489 2188 532 2209 me
567 2181 699 2209 invehens
722 2182 857 2210 salvabit?
879 2182 1004 2218 Namque

212 2227 307 2254 multa:
324 2226 407 2260 hujus
421 2227 484 2254 vitae
511 2227 638 2261 plurimis
664 2227 784 2255 miseriis
806 2228 931 2256 obnoxia:
952 2228 1004 2256 vim

214 2277 290 2305 sunt.
304 2278 331 2301 et
347 2273 425 2301 multi
440 2273 466 2300 in
481 2273 536 2300 vita
551 2274 686 2309 corporali
703 2281 811 2307 mores;
829 2274 876 2301 alii
893 2274 920 2302 in
933 2275 1003 2303 alios

213 2319 324 2346 dolores
339 2323 366 2346 et
380 2326 518 2346 aerumnas
533 2319 601 2346 alias
614 2319 771 2346 inciderunt
785 2323 811 2347 et
824 2319 892 2346 nihil
906 2327 1002 2349 eorum

212 2373 274 2400 quae
290 2365 360 2400 apud
381 2365 507 2393 homines
528 2366 699 2393 astimantur
715 2366 784 2393 bona
806 2366 928 2394 immune
943 2373 1003 2394 om-

213 2411 279 2438 nino
294 2411 398 2438 malitia
412 2416 438 2438 et
464 2412 621 2439 calamitate
645 2411 799 2444 invenitur;
813 2411 946 2446 optimum
959 2419 1003 2439 es-

213 2461 256 2486 set
271 2461 298 2485 et
311 2458 382 2485 votis
399 2458 523 2492 dignum,
539 2457 563 2485 si
581 2465 635 2485 non
655 2461 797 2492 praestaret
822 2458 1001 2486 molestorum

213 2512 278 2540 pars
295 2510 373 2540 parte
387 2504 520 2532 dulcium.
534 2503 603 2532 Nam
621 2505 661 2532 sic
675 2504 821 2540 indagatur
835 2515 842 2533 :

249 2596 305 2631 ‘66)
320 2596 422 2623 Alludit
437 2596 469 2631 ad
481 2595 553 2623 illam
570 2595 651 2622 nubis
661 2594 829 2626 columnam.
845 2604 906 2631 quae
918 2596 1003 2625 Israe-

213 2631 271 2659 litis
292 2632 356 2658 olim
372 2639 406 2659 ex
420 2630 538 2666 [Egypto
554 2630 674 2666 egressis
695 2631 747 2658 iter
762 2630 1000 2666 praemOnstrabat,

213 2674 240 2694 ν.
256 2666 342 2694 Exod.
358 2675 383 2694 c.
398 2674 461 2693 xm.
481 2666 556 2693 Βιιι..

250 2702 306 2738 (67)
323 2703 355 2738 in
371 2701 466 2729 codice
490 2702 564 2729 nulla
587 2700 730 2738 inscriptio
751 2705 793 2728 est
806 2701 888 2738 hujus
903 2701 1002 2738 carmi-

213 2737 257 2764 nis
272 2736 301 2764 et
321 2736 431 2764 Nicetas
447 2744 558 2771 quoque
585 2737 637 2763 hoc
661 2744 723 2762 cum
745 2737 908 2771 praecedenti
935 2744 1002 2764 con-

212 2771 338 2806 junctum
357 2777 487 2806 tanquam
504 2779 588 2799 unum
612 2778 724 2798 carmen
745 2772 952 2804 interpretatur.
971 2771 1002 2799 In

215 2807 277 2833 cod.
287 2807 356 2834 Gud.
371 2807 417 2833 fol.
433 2807 467 2833 56
483 2814 506 2833 r.
524 2806 683 2842 inscribitur
696 2815 704 2833 :
720 2806 788 2842 Περὶ
802 2807 852 2842 τῆς
865 2807 920 2833 τῶν
930 2815 1001 2842 παρ-

215 2842 301 2867 όντων
323 2842 518 2875 ματαιότητοςο
533 2841 603 2875 apud
623 2840 729 2868 Billium
751 2840 793 2869 est
816 2840 926 2868 carmen
948 2840 998 2869 15·

216 2874 285 2902 Περὶ
300 2874 354 2903 τῶν
368 2875 414 2902 τοῦ
434 2875 491 2904 βίου
507 2874 572 2903 ὁδῶν
583 2884 590 2892 ·
604 2875 643 2903 Dc
661 2876 720 2907 τὶιφ
737 2876 873 2904 itineribus
900 2877 937 2912 (p.
948 2877 999 2905 945

902 148 1049 177 NICETAS
1064 150 1169 178 DAVID

1787 151 1844 180 76’)

1050 209 1078 235 δὲ
1091 209 1218 244 φλογίζον
1237 210 1286 246 τὴν
1301 209 1370 237 ἰδίαν
1384 210 1584 247 ἀμετατρόπως
1596 210 1656 238 ὁδὸν
1674 209 1746 238 οἶδεν
1758 211 1840 238 ἁλλό-

1051 264 1130 291 μενον
1143 257 1189 283 ἐπὶ
1202 256 1232 283 τὸ
1246 257 1373 289 ἄναντες·
1388 257 1459 284 οὓτω
1471 258 1518 284 καὶ
1531 257 1674 293 ἄνθρωπος
1688 257 1776 293 μέγας
1787 278 1794 288 ,
1810 257 1841 290 ὃς

1051 302 1150 337 μᾶλλον
1160 303 1194 329 τὰ
1207 303 1254 330 τοῦ
1273 303 1340 330 Θεοῦ
1355 303 1372 339 ἢ
1388 303 1421 330 τὰ
1437 303 1484 330 τοῦ
1498 303 1623 338 σώματος
1640 305 1745 339 φρονεῖ,
1760 300 1841 335 οὗτος

1049 349 1098 375 καὶ¹
1117 349 1231 383 ἄγγελος
1255 349 1288 376 ἃν
1305 349 1346 383 εἴη
1358 369 1365 380 ,
1384 350 1440 383 εἴγε
1461 349 1586 384 καθάπερ
1601 350 1663 384 ὄφις
1679 347 1723 375 οἶα
1747 350 1839 384 γῆρας

1049 395 1229 422 κατάστικτον
1245 395 1292 430 τὴν
1306 395 1360 422 τῶν
1375 395 1469 421 παθῶν
1480 395 1524 421 διὰ
1537 395 1586 430 τῆς
1605 397 1700 430 στενῆς
1713 395 1775 422 ὀδοῦ
1792 395 1838 421 καὶ

1048 440 1230 476 τεθλιμμένης
1243 440 1387 476 λεϐηρίδα,
1404 441 1462 475 ἦτοι
1478 440 1578 471 κιλεδα,
1595 440 1685 471 καλῶς
1698 440 1838 472 ἀποξυσά-

1051 495 1130 522 μενος
1147 487 1194 513 καὶ
1213 486 1262 522 τὴν
1287 486 1473 522 πνευματικὴν
1499 485 1605 521 ἡλικίαν
1622 485 1837 517 ἀνακαινισθεὶς,

1049 533 1120 561 οὕτω
1145 534 1194 568 τὴν
1223 534 1262 566 εἰς
1290 533 1422 568 οὐρανοὺς
1450 533 1654 568 ἀμεταστρεπτὶ
1683 532 1838 564 ἐξανύσειεν

1049 580 1189 607 ἀνάϐασιν.

1049 623 1083 652 Ὦ
1100 626 1247 653 πάλλεσθ’
1264 625 1360 660 ἱερῆες
1372 645 1380 658 ,
1402 635 1429 652 κ.
1445 635 1470 652 τ.
1486 626 1524 658 ἐξ.

1081 669 1116 698 *Ω
1132 672 1285 704 ἐπίσκοποι,
1298 673 1361 707 ὑμῖν
1371 673 1442 706 λέγω
1454 674 1509 703 τοῖς
1518 672 1694 708 καλουμένοις
1705 671 1836 707 ἱερεῦσιν,

1048 718 1098 744 οὐκ
1113 717 1220 753 άληθῶς
1231 717 1259 744 δὲ
1274 715 1333 744 οὖσι
1347 717 1387 753 τῷ
1403 717 1455 744 ὑπὸ
1469 717 1565 752 φθόνου
1584 715 1773 752 τυραννεῖσθαι
1784 737 1791 747 ,
1812 713 1836 743 ὦ

1049 764 1097 790 καὶ
1121 764 1241 798 γείτονες
1257 763 1388 798 πονηροὶ,
1403 764 1426 790 οἱ
1450 763 1554 799 δωρεὰν
1568 762 1709 798 μισοῦντες
1727 763 1774 788 καὶ
1797 762 1837 793 ὡς

1049 809 1206 834 κακοποιεῖν
1217 808 1290 843 ἡμᾶς
1302 807 1480 842 βουλομένους
1491 807 1690 839 ὑποπτεύοντες
1701 807 1748 833 καὶ
1757 806 1837 833 δεδιό-

1048 863 1094 887 τες
1111 855 1172 890 εἰκῆ
1189 855 1235 881 καὶ
1253 855 1351 890 μάτην,
1366 854 1479 881 ἆλλεσθε
1493 854 1540 880 καὶ
1555 853 1687 880 πάλλεσθε
1700 873 1707 884 ,
1725 853 1835 888 χαίρετε

1050 902 1168 938 σφόδρα*
1186 902 1239 928 ἰδοὺ
1253 900 1308 935 ἐγὼ
1328 900 1445 935 τέθνηκα
1463 900 1544 927 παντὶ
1557 899 1595 935 τῷ
1613 900 1662 935 βίῳ
1677 900 1724 926 καὶ
1745 899 1836 926 οὐκέτι

1051 957 1084 984 με
1099 949 1135 980 ὡς
1149 947 1179 974 τὸ
1194 947 1301 983 πρῶτον
1312 946 1510 982 φοϐηθήσεσθε.
1535 947 1629 982 Ὑμεῖς
1646 946 1694 981 μὲν
1713 943 1759 972 οὖν
1770 967 1777 978 ,
1795 942 1836 977 οἷς

1050 994 1187 1031 πράσσετε
1201 993 1248 1020 καὶ
1262 991 1302 1025 οἷς
1317 993 1378 1019 καθ’
1390 992 1468 1028 ἡμῶν
1484 992 1644 1023 διανοεῖσθε,
1661 992 1708 1019 τοῦ
1726 991 1835 1026 παμϐα-

1051 1041 1145 1073 σιλέως
1158 1040 1225 1068 Θεοῦ
1238 1040 1284 1067 τὸν
1296 1039 1368 1066 έλεον
1383 1040 1488 1071 ἑαυτοῖς
1503 1039 1694 1074 ἀποφράσσετε
1705 1039 1754 1064 καὶ
1768 1039 1836 1064 dm-

1049 1089 1152 1117 κλείετε
1165 1109 1174 1121 ,
1190 1088 1245 1123 ἐγὼ
1269 1087 1298 1114 δὲ
1325 1087 1438 1113 τάνθάδε
1463 1087 1552 1114 πάντα
1567 1087 1616 1113 καὶ
1642 1086 1747 1116 πάντας
1764 1086 1835 1120 ὑμᾶς

1049 1135 1200 1164 ἀπολιπὼν.
1216 1135 1295 1170 μόνον
1309 1134 1364 1169 ἔχω
1376 1134 1425 1168 τῆς
1441 1133 1510 1168 ἐμῆς
1524 1132 1596 1167 ζωῆς
1617 1131 1711 1158 στύλον
1727 1131 1836 1166 φαεινὸν

1049 1181 1169 1217 Χριστοῦ
1183 1181 1228 1208 τὸν
1243 1180 1359 1216 σταυρόν
1376 1179 1433 1214 (66)
1446 1187 1453 1194 ·
1473 1180 1498 1205 ει
1513 1178 1542 1205 δὲ
1563 1177 1611 1204 καὶ
1634 1176 1771 1211 μεταστὰς
1793 1177 1837 1202 ὲν-

1048 1228 1143 1255 τεῦθεν
1154 1227 1200 1262 ἀφ’
1217 1226 1294 1262 ὑμῶν
1307 1224 1565 1261 μεταναστεύσαιμι,
1581 1223 1629 1250 καὶ
1641 1222 1741 1249 θυσιῶν
1753 1222 1836 1257 οὐρα-

1049 1274 1113 1301 νίων
1128 1273 1175 1300 ἐπὶ
1190 1272 1221 1299 τὸ
1233 1271 1289 1298 ἀνω
1303 1270 1478 1307 προσάψομαι
1493 1269 1685 1303 θυσιαστήριον
1697 1287 1705 1298 ,
1720 1267 1749 1293 ὲν
1771 1263 1793 1300 ᾧ
1807 1266 1836 1292 τὺ

1049 1320 1180 1348 λανθάνον
1199 1319 1283 1346 κακὸν
1295 1319 1309 1344 ὁ
1325 1317 1421 1352 φθόνος
1437 1316 1488 1342 οὐκ
1505 1315 1618 1349 ἐγγίζει,
1636 1315 1694 1341 ἐκεῖ
1711 1313 1744 1349 δὴ
1758 1320 1838 1347 γεγο-

1049 1366 1102 1398 νὼς
1113 1366 1161 1393 καὶ
1178 1365 1248 1400 ὑπὲρ
1263 1364 1318 1391 τῶν
1333 1362 1502 1399 φθονούντων
1522 1361 1612 1388 αὐτῶν
1623 1381 1631 1394 ,
1655 1361 1712 1395 εἴγε
1727 1358 1837 1394 θεμιτὺν

1049 1412 1128 1439 τοῦτο
1140 1411 1233 1446 φάναι,
1246 1409 1370 1445 ἀφθόνως
1381 1407 1575 1444 ὑπερεύξομαι.

1051 1459 1062 1486 1
1085 1459 1153 1492 Τίς;
1166 1459 1258 1485 πόθεν
1271 1457 1304 1490 ἐς
1319 1457 1391 1488 ,βίον
1406 1455 1501 1489 ἦλθον
1516 1454 1571 1489 (67)
1581 1463 1590 1486 ;
1601 1462 1627 1480 κ.
1640 1462 1666 1480 τ.
1681 1452 1707 1479 λ.

1087 1505 1147 1532 Ἔτι
1160 1504 1208 1531 καὶ
1225 1503 1270 1530 διὰ
1279 1503 1332 1530 τῶν
1351 1501 1539 1538 προκειμένων
1554 1500 1656 1527 τούτων
1671 1499 1744 1525 ἐπῶν
1761 1499 1778 1533 ὴ
1794 1506 1836 1531 φι-

1049 1549 1225 1585 λοσοφιιηάτη
1249 1549 1324 1584 ψυχὴ
1352 1547 1398 1575 καὶ
1426 1547 1492 1581 ἁγία
1519 1546 1568 1582 τὴν
1595 1544 1765 1582 ματαιότητι
1790 1543 1836 1570 καὶ

1050 1596 1142 1623 ἄνοιαν
1156 1594 1211 1621 τῶν
1225 1594 1289 1629 περὶ
1311 1593 1361 1630 τὴν
1385 1593 1480 1628 κτῆσιν
1495 1592 1548 1619 τῶν
1562 1591 1756 1626 ἀπολλυμένων
1771 1591 1836 1617 ἀκα-

1049 1643 1190 1678 τασχέτως
1205 1640 1364 1676 μεμηνότων
1375 1639 1538 1667 ἀνακόπτειν
1551 1658 1559 1666 .
1576 1638 1622 1665 καὶ
1638 1637 1668 1663 τὺ
1683 1636 1834 1671 οὺδαμινὺν,

1051 1688 1099 1716 καὶ
1121 1687 1249 1724 ρευστὺν,
1265 1687 1312 1713 καὶ
1337 1685 1464 1712 ἀϐέϐαιον
1478 1685 1524 1712 τοῦ
1541 1684 1672 1720 παρόντος
1699 1683 1758 1718 βίου
1777 1691 1836 1709 παι-

1050 1735 1137 1761 δεύειν
1152 1734 1215 1764 τοίις
1234 1732 1343 1760 ἀκούειν
1364 1731 1505 1762 ἐθέλοντας
1520 1728 1836 1766 πειρᾶται.ιΤίς;πόθεν

1050 1779 1079 1810 ὲς
1093 1778 1149 1814 βίον
1160 1776 1255 1814 ἦλθον;
1263 1787 1272 1803 ι
1282 1776 1463 1811 ἄξιον,φησ“ιν,
1481 1777 1583 1803 ἐννοεῖν
1602 1775 1709 1810 πρῶτον
1721 1795 1729 1806 ,
1741 1774 1780 1806 ὡς
1794 1774 1836 1800 οὺ-

1050 1825 1095 1852 δὶν
1107 1824 1144 1852 ὢν
1158 1844 1166 1856 ,
1183 1824 1230 1851 καὶ
1240 1843 1249 1854 .
1260 1822 1387 1856 καθάπαξ
1399 1823 1485 1849 εἰπεῖν
1496 1841 1504 1853 ,
1519 1822 1570 1848 οὐκ
1579 1820 1634 1851 ὣν.
1650 1820 1695 1847 διὰ
1711 1819 1837 1855 προνοίας

1051 1870 1118 1898 Θεοῦ
1130 1870 1241 1906 ὑψίστου
1272 1871 1311 1899 εἱς
1326 1869 1357 1896 τὸ
1371 1867 1440 1895 εἶναι
1463 1868 1506 1895 διὰ
1526 1867 1657 1902 γενέσεως
1682 1865 1816 1903 προῆλθον
1827 1873 1834 1880 ·

1050 1916 1103 1952 χρὴ
1116 1915 1145 1942 δὲ
1160 1915 1206 1942 καὶ
1221 1915 1255 1941 τά
1273 1914 1420 1949 μετέπειτα
1434 1914 1542 1944 πάντως
1558 1913 1668 1939 σκοπεῖν
1679 1932 1687 1944 ,
1709 1911 1748 1943 ὠς
1762 1911 1836 1937 ἐπει-

1051 1961 1099 1988 δὰν
1110 1962 1127 1996 ἡ
1141 1961 1178 1996 γῆ
1197 1960 1227 1987 τὸ
1243 1960 1307 1986 ῐδιον
1324 1959 1449 1995 κατάσχῃ
1461 1958 1589 1994 διαρρυὲν
1601 1977 1608 1990 ,
1625 1957 1668 1988 τις
1682 1956 1763 1984 πάλιν
1779 1956 1837 1982 ἐσο-

1053 2014 1103 2041 μαι
1113 2006 1163 2041 τῆς
1179 2005 1278 2037 κόνεως
1302 2004 1485 2039 ἀνισταμένης
1508 2011 1552 2038 μοι
1568 2023 1576 2035 ,
1591 2002 1661 2029 καθὰ
1676 2001 1836 2037 προσδοκιῖη

1052 2051 1091 2082 εις
1106 2052 1185 2077 ποῖαν
1195 2050 1223 2076 δέ
1241 2059 1273 2085 με
1292 2050 1457 2077 κατάστασιν
1472 2049 1546 2082 ἄγων
1561 2049 1575 2076 ὁ
1587 2048 1758 2083 Δημιουργὸς
1775 2047 1837 2082 στή-

1053 2104 1111 2128 σει;
1126 2094 1181 2132 ἆρα
1196 2095 1251 2130 γὰρ
1269 2096 1364 2130 ὥσπερ
1379 2096 1411 2121 ὲκ
1424 2094 1561 2130 θαλάσσης
1584 2094 1631 2120 καὶ
1645 2093 1779 2124 κλύδωνος
1792 2091 1835 2118 τοῦ

1053 2142 1110 2177 βίου
1124 2143 1172 2177 τῆς
1181 2142 1327 2178 τπριολκῆς
1346 2141 1530 2176 ἐλευθερώσας
1549 2139 1596 2167 καὶ
1611 2140 1763 2175 περιφορᾶς
1776 2159 1784 2171 ,
1801 2138 1836 2169 ὡς

1052 2188 1092 2219 εἰς
1105 2187 1201 2221 λιμένα
1222 2185 1308 2213 εὖδιον
1332 2185 1523 2213 ἁποκαθιστῶν
1541 2184 1687 2216 ὃιασώσεις
1706 2184 1762 2212 Καὶ
1784 2184 1836 2219 γὰρ

1052 2232 1149 2259 πολλαὶ
1169 2233 1219 2268 μὲν
1233 2232 1281 2259 τοῦ
1298 2231 1470 2263 πολιλπαθοῦς
1491 2231 1568 2258 τοῦδε
1586 2230 1643 2266 βίον
1665 2231 1694 2257 αἱ
1719 2231 1773 2257 ὁδοὶ
1793 2230 1837 2256 καὶ

1052 2277 1089 2305 τὰ.
1103 2278 1171 2314 πρὸς
1179 2279 1233 2314 τὴν
1255 2277 1327 2305 κατὰ
1341 2277 1420 2312 σῶμα
1437 2277 1509 2312 ζωὴν
1529 2277 1750 2312 ὲπιτηδεύματα’
1772 2276 1836 2311 ἄλλη

1051 2323 1074 2350 δ’
1102 2323 1218 2355 ἀλλοίοις
1233 2323 1327 2358 ἄλγεσι
1353 2324 1401 2349 καὶ
1418 2322 1562 2358 παθήμασι
1585 2322 1775 2358 συμφέρεται,
1792 2322 1837 2348 καὶ

1052 2368 1126 2395 οὐδὲν
1135 2368 1190 2394 τῶν
1204 2368 1269 2402 παρ’
1281 2367 1434 2403 ἀνθρώποις
1449 2366 1632 2402 νομιζομένων
1650 2366 1741 2393 καλῶν
1759 2366 1836 2401 ἄμοι-

1052 2423 1098 2451 ρον
1113 2414 1200 2449 πάντη
1212 2414 1310 2445 κακίας
1326 2414 1373 2440 καὶ
1391 2413 1540 2449 μοχθηρίας
1552 2413 1743 2440 ἀποδείκνυται
1753 2422 1759 2428 ·
1772 2413 1836 2446 ἆται·

1051 2461 1137 2496 πητδν
1148 2461 1171 2487 δ’
1186 2461 1220 2488 ἂν
1233 2460 1274 2495 εῐη
1289 2459 1335 2486 καὶ
1348 2459 1426 2495 ἔργον
1438 2459 1520 2494 εὐχῆς
1530 2480 1537 2491 ,
1553 2459 1577 2485 εἱ
1595 2458 1631 2494 μὴ
1645 2457 1730 2485 πλείω
1741 2459 1836 2494 μοῖραν

1051 2507 1085 2534 τὰ
1098 2506 1206 2542 λυπηρὰ
1219 2506 1273 2532 τῶν
1288 2505 1372 2541 ἡδέων
1387 2505 1452 2540 ἔχοι.
1465 2505 1565 2532 Σκόπει
1577 2505 1632 2540 γὰρ
1646 2504 1750 2536 οὕτως’

1051 2597 1096 2625 ed.
1111 2595 1257 2625 Leuvencl.
1269 2595 1312 2623 ed.
1329 2603 1394 2623 nov.
1409 2603 1436 2631 p.
1453 2595 1530 2626 485).
1548 2593 1628 2631 Putat
1641 2597 1732 2620 autem
1743 2592 1836 2631 Dillius

1050 2633 1212 2667 Gregorium
1240 2636 1346 2667 certare
1377 2627 1439 2667 cuin
1463 2631 1510 2667 illo
1528 2629 1725 2667 epigrammate
1737 2648 1749 2667 ε
1767 2627 1835 2662 quod

1050 2663 1197 2702 Posidippo
1212 2667 1256 2693 vel
1267 2665 1369 2693 Crateti
1384 2665 1549 2702 adscribitur
1559 2684 1566 2697 ,
1580 2663 1620 2690 'in
1636 2671 1691 2702 quo
1704 2663 1835 2702 cujusque

1050 2703 1113 2730 vita:
1145 2700 1256 2738 teneris
1283 2701 1457 2738 incommoda
1484 2700 1603 2727 breviter
1632 2700 1833 2738 describuntur.

1051 2739 1109 2765 Duo
1123 2734 1189 2765 νει-ο
1202 2740 1267 2765 sunt
1279 2737 1486 2773 epigrammata:
1502 2743 1563 2773 qua;
1573 2740 1636 2773 cum
1650 2734 1703 2773 _hoc
1716 2734 1836 2773 carmine

1064 2815 1165 2838 .‘onnct.
1183 2815 1281 2835 multo.
1300 2815 1392 2835 rotat.
1405 2815 1451 2840 Ill,
1467 2815 1530 2839 θον,
1545 2815 1662 2833 alterum
1677 2815 1835 2835 meumr-un.

1051 2843 1118 2872 ibid.
1137 2842 1199 2871 560.
