1920 3046
144 102 201 133 τοι

151 163 184 190 ‘0
205 163 339 198 πλοῦτος
364 164 422 199 μὲν
445 165 591 201 ἄπιστος,
614 169 631 195 d
659 168 694 195 δὲ
714 169 833 240 θρριὲοςΙ
844 169 940 203 ὀφρὺς

789 213 821 230 νε
830 213 903 238 ρων.

789 213 903 238 νειρων.

187 245 320 278 ’Ᾱπιατος
343 246 392 282 μὲν
417 247 431 274 ὁ
458 247 586 281 πλοῦτος,
603 249 643 276 ὅτι
672 249 709 285 μὴ
727 250 859 285 μόνιμος,
878 249 939 286 μηδ’

146 290 194 317 ἀεὶ
207 291 263 323 τοῖς
277 290 368 327 ἔχουσι
381 293 489 329 προσὼν
500 315 508 327 ,
523 294 580 321 ἀλλ’
601 294 763 328 ἐξαπιναίως
779 296 841 327 τοὺς
866 293 940 331 αὺτῷ

147 338 318 370 πεποιθότας
330 340 459 372 πολλάκις
472 341 644 368 καταλείπων
656 361 662 373 ,
683 342 721 373 εἰς
733 341 828 373 ἄλλους
842 343 939 377 μετεῤ-

148 383 219 420 ῥύη·
242 385 255 411 ὁ
270 385 362 420 θρόνος
379 386 407 412 δὲ
423 387 514 413 καὶτὸ
536 387 659 422 δοξάριον
683 388 768 423 όφρὺς
794 387 939 423 όνειρώδης

148 429 225 456 ἐστίν
237 438 244 445 ·
266 430 398 466 ὑπόληψις
411 431 467 468 γὰρ
485 432 552 468 κενὴ
565 433 613 460 καὶ
627 433 715 469 οἴησις
735 433 837 468 ματαία
847 453 854 465 ,
868 434 938 460 κατὰ

148 476 205 502 τῶν
218 476 272 502 ὑπὸ
284 477 363 512 χεῖρα
377 477 423 504 τὸν
442 477 504 504 νοῦν
520 478 583 514 ἄχρι
603 478 675 510 τινος
692 478 872 511 διαπαίζουσα
891 477 937 506 τοῦ

147 521 281 556 ἄρχοντος
293 522 340 549 καὶ
353 522 494 556 φυσιοῦσα,
512 523 708 559 παραρριπίζει
722 524 771 558 μὲν
788 523 868 550 αὐτὸν
889 522 937 550 τοῦ

146 566 231 602 ὀρθοῦ
245 567 335 601 λόγου,
349 567 386 600 ὡς
400 567 429 600 ἐξ
440 567 523 594 ὕπνου
535 568 564 595 δὲ
577 570 626 604 τῆς
639 568 804 604 ὀνειρώξεως
816 569 863 596 καὶ
875 577 938 603 φαν-

146 615 247 646 τασίας
259 615 307 650 τῆς
323 615 410 650 ἀρχῆς
430 614 569 646 ἐκπεσὼν,
590 616 638 650 οὐχ
653 612 730 650 εὗρεν
755 615 830 642 οὐδὲν
842 635 850 646 ,
867 614 938 642 κατὰ

145 661 199 696 τὴν
211 660 332 696 Γραφὴν,
350 661 378 687 ἐν
391 662 450 692 ταῖς
460 661 553 696 χερσὶν
570 659 662 688 αὑτοῦ.
676 661 760 688 Τοῦτο
780 661 829 696 μὲν
843 661 873 687 τὸ
888 661 938 696 ἄρ-

146 715 207 741 χειν
220 707 290 733 κατὰ
303 706 351 742 τὴν
371 707 506 742 κοσμικὴν
520 707 697 742 παραφορὰν
713 706 743 733 τὸ
761 706 889 742 ἄρχεσθαι
909 706 936 733 δὲ

146 750 231 776 πάλιν
249 750 348 785 μόγος.
366 751 412 777 καὶ
435 751 554 783 κόπωσις
567 771 574 781 .
598 752 644 778 xui.
662 751 751 782 πόνος.
771 751 827 785 Τὴν
842 751 936 778 πενίαν

145 795 175 822 δὲ
190 797 232 828 τίς
246 797 295 823 οὐκ
307 794 360 823 οἶδε
369 797 530 832 δουλοσύνην
543 795 624 824 οὖσαν
636 797 746 832 πικρὰν,
756 797 801 823 καὶ
813 797 935 831 εἱργμὸν,

146 843 196 868 καὶ
209 842 309 877 δεσμὸν
323 843 449 878 ἀνιαρόν;
467 844 499 869 Τί
518 844 546 870 δὲ
560 844 591 870 τὸ
606 843 702 875 κάλλος
726 844 772 870 τοῦ
790 843 914 878 σώματος
928 851 935 874 ;

144 887 244 923 Μικρέι
259 888 305 914 καὶ
317 888 394 922 ὀλίγη
408 888 485 915 τοῦτο
500 889 579 923 χάρις
599 888 743 923 ἀστραπῆς
756 908 762 919 ,
776 887 854 921 λόγου
870 887 935 914 θᾶτ-

144 941 194 960 τον
217 933 265 968 τὴν
289 933 350 968 ὄψιν
371 934 418 960 τοῦ
441 934 584 969 βλέποντος
600 933 787 969 παροδεύουσα
803 934 849 960 καὶ
872 933 936 968 φεύ-

145 988 244 1013 γουσα·
266 979 298 1006 Τί
314 980 341 1007 δὲ
363 981 380 1016 ἡ
401 981 511 1016 “dtus;
533 981 559 1007 τί
584 982 612 1008 δὲ
629 983 645 1016 ή
667 981 765 1012 πολιάς
781 982 866 1017 Οὖχὴ
886 982 935 1017 μὲν

145 1025 249 1059 χῴνου
266 1023 387 1060 βράσμα,
395 1025 444 1060 τὴν
456 1025 546 1060 ἀκμὴν
560 1025 598 1058 ὡς
608 1025 687 1057 ἄνθος
697 1026 867 1061 εὑμάραντον
879 1026 935 1057 τοῖς

146 1071 221 1102 νέοις
238 1071 385 1105 ὐποφαῖνον
398 1091 405 1101 ,
422 1073 438 1108 ἡ
456 1072 535 1098 πολιὰ
550 1072 578 1099 δὲ
599 1072 675 1104 δύσις
690 1072 746 1108 βίου
757 1093 764 1105 ,
781 1072 864 1107 ἤγουν
888 1071 934 1099 τοῦ

146 1117 199 1152 τῆς
218 1118 342 1152 νεότητος
355 1117 450 1149 ἄνθους
465 1119 581 1154 ὑπάρχει
604 1119 764 1154 μαρασμός;
787 1118 866 1146 Ἀλλὰ
888 1118 935 1144 καὶ

145 1163 172 1189 oi
184 1163 269 1197 λόγοι,
285 1163 364 1199 φησὶ,
381 1164 541 1198 πτερόεντες
556 1164 594 1196 ὼς
613 1165 720 1200 πτερῶν
736 1165 813 1199 δίκην
831 1165 872 1191 ὃτι
886 1165 935 1191 τά-

147 1217 230 1244 χιστα
244 1208 350 1243 ῥέοντες
364 1209 410 1236 καὶ
424 1209 607 1244 ἀφιπτάμενοι
617 1229 624 1239 ,
640 1209 717 1241 κλέος
737 1209 764 1236 δὲ
781 1209 870 1241 αὐτοῖς
881 1210 935 1236 τίνι

145 1254 220 1290 λόγῳ
235 1255 352 1290 ὑπάρχει
367 1256 380 1281 ὁ
392 1255 461 1291 ἁήρ;
477 1255 523 1281 καὶ
543 1254 596 1290 γὰρ
607 1251 683 1285 οὗτος
697 1253 790 1289 ῶσπερ
806 1253 935 1289 διαφανὴς

145 1300 219 1327 κατὰ
235 1300 315 1335 φύσιν
324 1298 413 1326 πέλων
421 1301 467 1327 καὶ
481 1300 591 1335 δίοσμος
601 1319 608 1330 ,
623 1300 654 1326 τὸ
669 1300 726 1334 φῶς
739 1300 789 1335 μὲν
804 1300 851 1326 καὶ
866 1299 935 1335 χρώ-

147 1355 221 1381 ματα
235 1346 324 1373 πάντα
338 1347 405 1382 πρὸς
420 1346 468 1381 τὴν
485 1346 596 1381 ὅρασιν,
611 1345 699 1380 ὀσμὰς
715 1345 742 1372 δὲ
762 1345 852 1377 πάσας
867 1345 935 1381 πρὸς

145 1392 176 1419 τὸ
196 1393 246 1427 τῆς
270 1393 428 1428 όσῳρὴσεως
444 1392 620 1428 αἰσθητήριον
637 1391 847 1428 διαπορθμεύει·
863 1392 934 1419 οὓτω

144 1435 194 1462 καὶ
209 1435 304 1470 διηχὴς
319 1435 357 1461 ὢν
369 1436 437 1471 πρὸς
453 1436 502 1471 τὴν
519 1437 613 1471 ἀκοὴν,
632 1436 677 1462 τόν
689 1444 717 1462 τε
731 1436 809 1470 λόγον
822 1437 868 1462 καὶ
881 1438 933 1463 πᾶ-

145 1489 195 1508 σαν
211 1481 301 1517 φωνὴν
313 1481 359 1508 καὶ
367 1481 452 1516 ψόφον
465 1482 645 1518 παραπέμπει
655 1483 669 1508 ὁ
683 1482 746 1517 ἀήρ.
764 1483 796 1508 Οἱ
814 1483 932 1516 εὐγενεῖς

144 1527 173 1554 δὲ
185 1526 328 1562 λεγόμενοι
342 1528 388 1554 καὶ
402 1528 418 1563 ή
439 1527 562 1561 εὐγένεια
579 1527 605 1553 τί
622 1527 686 1554 ἄλλο
706 1528 722 1562 ἢ
739 1527 849 1554 παλαιὸν
862 1525 931 1562 αἷμα

144 1573 216 1600 ἕωλα
232 1573 279 1599 καὶ
295 1573 448 1610 πρόσκαιρα
460 1573 575 1608 τιμηθὲν
585 1573 677 1605 att-Situ;
693 1573 773 1609 ῥώμη
788 1573 816 1600 δὲ
833 1573 933 1609 σαρκὸς

145 1619 194 1645 καὶ
210 1619 303 1654 ἰσχὺς,
329 1618 407 1645 τοῦτο
432 1619 481 1645 καὶ
499 1619 562 1650 συὸς
577 1619 674 1654 ἀγρίου
692 1619 832 1654 γαυρίαμα
852 1619 933 1646 καθέ-

145 1673 245 1699 στηκε·
263 1664 310 1691 καὶ
323 1665 337 1691 ὀ
355 1664 435 1700 κόρος
453 1664 502 1699 μὲν
522 1664 652 1700 ὑϐριστὴς
664 1684 672 1697 ,
685 1665 741 1696 τοῖς
764 1664 933 1697 ἀπαιδεύτως

143 1709 232 1744 τούτῳ
249 1709 427 1744 κεχρημένοις
453 1709 581 1741 ὑπόθεσις
604 1710 709 1743 γίνεται
734 1708 899 1744 θεομαχίας²
919 1710 933 1736 ὁ

142 1754 230 1789 γάμος
240 1754 269 1780 δὲ
281 1754 378 1789 δεσμὸς
391 1775 398 1787 ,
414 1755 460 1781 καὶ
473 1755 524 1789 τῆς
537 1755 607 1781 κατὰ
623 1754 703 1789 φύσιν
718 1755 874 1791 ἐλευθερίας
886 1756 933 1782 ἀλ-

143 1799 287 1835 λοτρίωσις
297 1809 303 1815 ·
318 1801 364 1827 καὶ
380 1801 396 1835 ὴ
413 1801 539 1828 εὐτεκνία
555 1801 604 1836 μὲν
618 1800 754 1835 ἀναγκαία
766 1802 876 1836 φροντὶς
887 1802 933 1829 καὶ

144 1843 350 1879 ἀπαραίτητος,
369 1845 386 1880 ὴ
403 1844 545 1871 δυστεκνία
568 1844 596 1871 δὲ
618 1845 759 1881 ἀρρωστία
784 1845 831 1871 καὶ
856 1845 933 1876 νόσος

143 1890 201 1916 ἐστὶ
213 1890 304 1926 ψυχῆς
316 1890 527 1926 ἀπαρηγόρητος
538 1899 545 1906 ·
567 1891 613 1918 καὶ
628 1888 660 1918 αὖ
677 1891 756 1918 πάλιν
768 1911 776 1923 ,
793 1891 821 1918 αἱ
835 1891 933 1926 ἀγοραὶ

144 1937 194 1972 μὲν
208 1937 308 1968 κακίας
322 1937 496 1972 μελεδήματα
519 1938 566 1964 καὶ
579 1936 766 1972 φροντίσματα
787 1937 933 1972 τυγχάνου-

143 1989 185 2008 σιν
198 2002 205 2014 ,
221 1982 249 2008 αἱ
263 1982 324 2008 καθ’
343 1983 458 2018 ἡσυχίαν
468 1983 497 2009 δὲ
511 1983 558 2009 καὶ
571 1982 687 2017 μόνωσιν
699 1983 835 2018 διατριϐαὶ
852 1983 932 2018 ἁδρά-

142 2029 212 2055 νειαί
236 2028 265 2055 τέ
281 2030 332 2055 εἰσι
346 2030 393 2055 καὶ
409 2030 522 2064 ἀπορίαι
534 2038 541 2045 ·
555 2029 646 2059 πάλιν,
664 2029 691 2055 αἱ
707 2028 800 2064 τέχναι
816 2029 865 2063 μὲν
878 2029 932 2055 τῶν

143 2075 212 2108 ᾶγαν
240 2075 375 2101 ταπεινῶν
388 2075 435 2101 καὶ
450 2075 538 2110 χαμαὶ
559 2075 713 2110 ἐρχομένων
733 2075 929 2110 καθεστήκασι,

144 2121 224 2156 στενὴ
240 2121 268 2148 δὲ
281 2122 297 2157 ἠ
322 2121 399 2156 παρὰ
411 2121 466 2148 τῶν
481 2121 629 2156 ἀλλοτρίων
641 2120 820 2157 ὲρανιζομένη
831 2121 929 2157 τροφὴ.

143 2166 237 2202 ὥσπερ
260 2167 308 2194 καὶ
325 2167 356 2193 τὸ
375 2169 536 2202 παρασιτεῖν
552 2167 690 2202 αἴσχιστον
702 2175 709 2182 ·
724 2167 770 2193 καὶ
794 2167 824 2193 τὸ
847 2167 930 2202 ἀροῦν

144 2213 192 2248 μὲν
203 2212 252 2247 τὴν
269 2212 322 2248 γῆν
331 2213 378 2239 καὶ
394 2214 526 2247 γεωργεῖν
537 2213 658 2244 κοπῶδες
672 2213 719 2239 καὶ
739 2212 884 2248 μοχθηρῶκ,
899 2212 930 2239 τὸ

143 2259 320 2293 ποντοπορεῖν
334 2257 362 2284 δὲ
376 2257 618 2284 κινδυνωδέστατον
629 2258 675 2284 καὶ
686 2257 716 2284 τὸ
731 2258 781 2292 τῆς
795 2258 868 2293 ζωῆς
879 2258 928 2283 αὺ-

143 2306 198 2336 τοῖς
214 2304 306 2330 πλεῖον
323 2305 352 2330 ὲν
371 2304 409 2340 τῷ
429 2304 488 2341 ᾄδῃ.

141 2351 173 2378 21
189 2351 225 2378 Ἡ
236 2351 332 2385 πάτρη
342 2350 376 2378 ὑὲ
386 2350 530 2386 βέρεθρον
542 2351 604 2378 ἐόν·
622 2351 705 2385 ξείνη
722 2350 756 2377 δέ
766 2350 791 2377 τ’
803 2349 928 2384 ὄνειδος.

176 2428 209 2456 Τί
221 2429 261 2456 ἔτι
280 2427 349 2465 πρὸς
361 2431 417 2461 τοῖς
427 2430 597 2465 εἰρημένοις
614 2429 639 2456 τί
650 2429 760 2463 γλύκιον
774 2427 929 2464 ἀνθρώποις

142 2473 160 2511 ἢ
176 2475 380 2510 θυμηρίστιρον
393 2474 622 2510 πατρίδοςςἈλλὰ
634 2475 681 2501 καὶ
693 2474 772 2509 αὐτὴ,
790 2473 867 2509 φησὶ,
885 2473 930 2507 βέ-

145 2518 238 2555 ρεθρον
252 2520 328 2552 ἴδιον,
341 2520 400 2555 ἦτοι
415 2517 719 2554 βόθυνοςέκαθίσταται.
734 2517 789 2556 ὲνῇ
805 2527 929 2546 καταπα-

142 2566 228 2591 τεῖται
242 2565 290 2592 καὶ
301 2564 488 2597 ἱξουδενοῦται
501 2565 548 2591 καὶ
565 2566 580 2591 ὁ
594 2564 655 2591 λίαν
671 2564 815 2596 σπουδαῖος
829 2563 927 2596 δοκῶν,

144 2610 180 2645 τῷ
191 2610 334 2646 γειτονικῷ
357 2609 431 2646 ζήλῳ
448 2610 494 2637 καὶ
512 2609 601 2644 φθόνῳ
618 2609 774 2646 προδοθείς·
797 2609 866 2636 ἀλλὰ
881 2609 929 2636 καὶ

141 2656 232 2684 ebitat
249 2656 328 2692 ξένης
355 2657 404 2683 καὶ
429 2656 582 2692 ἀλλοδαπῆς
605 2655 679 2691 βιοῦν
705 2655 751 2682 τὸν
771 2655 871 2683 θνειδον
897 2655 926 2682 οὐ

143 2701 338 2736 διαπέφευγεν·
363 2702 435 2729 οὕτω
455 2703 554 2733 πάντα,
577 2701 703 2735 καθάπαξ
731 2702 829 2734 εἰπεῖν,
847 2701 881 2728 τὰ
900 2701 928 2727 ὲν

144 2747 294 2782 ἀνθρώποις
311 2748 430 2784 ἔράσμια
448 2749 494 2775 καὶ
510 2747 618 2783 ζηλωτὰ
633 2747 809 2783 νομιζόμενα,
822 2747 862 2779 είς
876 2747 928 2782 μά-

143 2802 217 2821 ταιον
245 2794 414 2830 περιίσταται
441 2795 488 2821 καὶ
514 2795 553 2826 εἰς
585 2794 776 2829 περισπασμὸν
799 2794 928 2829 πονηρὸν,

146 2840 214 2868 κατὰ
227 2840 273 2867 τὸν
290 2839 513 2873 Ἐκκλησιαστήν.
531 2840 584 2868 Καὶ
599 2840 653 2875 γὰρ
671 2839 749 2875 χνοῦς
770 2839 813 2868 διὰ
835 2839 864 2867 τὺ
882 2840 926 2867 εὑ-

659 108 693 136 ιΝ
711 108 866 137 (ΞΑΜΙΙΝᾹ
883 109 1023 137 ARCANA
1043 109 1071 138 S.
1092 109 1268 138 GREGORII.

1727 111 1781 141 762

994 168 1099 197 Divitia
1113 169 1245 205 male/ide-
1258 174 1283 198 et
1297 169 1404 197 thronus
1419 170 1582 198 somniorum
1593 170 1742 207 fastigium.

1025 248 1155 277 Malelldm
1175 249 1285 285 quidem
1298 251 1411 283 divitiae,
1425 251 1489 285 quia
1506 259 1556 278 nec
1572 256 1777 286 permanentes,

990 300 1040 319 nec
1053 301 1160 328 semper
1175 294 1219 321 his
1234 295 1278 329 qui
1289 301 1336 322 eas
1346 295 1486 329 possident
1508 296 1535 322 in
1558 300 1685 331 promptu
1701 301 1776 327 sunt.

990 336 1037 365 sed
1051 339 1190 373 inopinate
1203 347 1275 374 saepe
1293 341 1343 366 hos
1363 340 1410 375 qui
1433 341 1459 367 in
1482 340 1549 376 ipsis
1567 341 1709 369 conﬁdunt
1728 341 1778 369 de-

989 387 1110 411 serentes
1127 384 1160 410 ad
1177 385 1246 412 alios
1265 384 1449 419 transﬂuunt;
1467 386 1586 413 thronus
1598 394 1663 414 vero
1678 391 1706 415 et
1720 388 1779 423 glo-

989 428 1058 455 riola
1080 429 1218 464 lastigiutn
1243 434 1307 456 sunt
1332 431 1440 458 somnio
1454 431 1544 459 simile
1568 441 1574 459 :
1601 439 1663 459 nam
1681 433 1779 460 existi-

988 475 1071 501 matio
1088 482 1174 502 vacua
1193 480 1220 503 et
1235 475 1306 503 fama
1320 484 1388 503 vana
1411 484 1426 503 a
1444 477 1577 512 subjectis
1602 478 1777 512 prwdicatur,

988 519 1107 547 animum
1126 521 1244 556 quodam
1265 522 1292 549 in
1314 522 1400 557 gradu
1416 523 1532 551 illudens
1544 523 1677 558 principis
1689 527 1718 551 et
1732 531 1779 551 su-

990 565 1096 599 perhire
1125 565 1245 600 faciens;
1271 570 1297 594 et
1311 567 1410 594 avertit
1429 575 1490 595 eum
1520 575 1535 595 a
1560 572 1633 596 recta
1658 570 1776 597 ratione.

988 609 1053 638 lnde
1067 611 1145 646 quasi
1163 620 1178 638 a
1193 611 1370 640 dormitionis
1387 612 1503 641 somniis
1527 619 1554 641 et
1570 622 1585 641 a
1603 615 1776 650 principatus

987 655 1141 688 phantasiis
1164 656 1373 692 expergefactus
1395 657 1465 684 nihil
1489 658 1604 690 invenit,
1623 659 1777 687 secundum

989 700 1158 736 Scripturam
1172 722 1178 732 ,
1204 702 1230 729 in
1255 703 1380 729 itionibus
1403 703 1478 736 suis;
1497 703 1563 730 illud
1583 704 1711 739 quidem,
1726 705 1775 733 do-

987 746 1085 773 minari
1106 746 1184 781 juxta
1209 747 1374 774 mundanam
1400 749 1599 784 arrogantiam,
1635 751 1774 778 subditum

986 799 1048 819 esse
1064 799 1079 819 e
1098 797 1193 819 contra
1216 793 1291 820 labor
1313 799 1340 820 et
1357 801 1478 820 aerumna
1497 799 1524 822 et
1548 796 1682 823 molestia.
1703 796 1775 823 Pan-

987 839 1118 870 perlatem
1135 837 1300 872 autemquis
1317 846 1371 865 non
1394 839 1469 865 novit
1489 840 1613 866 servituti
1635 848 1734 867 amarae
1750 845 1777 868 et

986 883 1090 909 carceri
1108 883 1133 909 in
1149 883 1259 910 vinculo
1272 884 1370 911 acerbo
1387 884 1459 912 haud
1473 885 1701 920 imparem?Quid
1715 894 1778 914 cor-

985 927 1059 962 poris
1073 928 1267 962 pulchritudo?
1287 930 1379 956 tenuis
1397 933 1424 956 et
1449 930 1539 957 brevis
1561 930 1619 957 baac
1648 931 1777 965 splendor

986 972 1114 1008 fulguris.
1133 974 1216 1001 verbo
1228 975 1310 1002 citius
1323 976 1418 1004 oculos
1439 977 1555 1004 videntis
1576 977 1734 1011 praeteriens
1750 982 1777 1005 et

986 1018 1103 1053 fugiens.
1121 1019 1191 1052 Quid
1206 1024 1233 1047 et
1257 1019 1408 1055 juventus?
1429 1022 1493 1057 quid
1516 1022 1665 1049 senectus?
1679 1021 1776 1051 Nonne

986 1063 1032 1090 illa
1047 1066 1179 1099 temporis
1200 1065 1311 1100 agitatio
1326 1067 1384 1093 acie
1400 1074 1449 1094 sua
1461 1068 1539 1101 quasi
1557 1066 1607 1094 llos
1625 1074 1687 1094 mox
1704 1075 1778 1094 mar—

985 1117 1101 1137 ceseens
1115 1109 1262 1144 juvenibus
1277 1111 1403 1146 refulgrt,
1419 1116 1546 1140 senectus
1562 1120 1626 1139 vero
1641 1113 1702 1140 vita:
1714 1121 1778 1148 spo-

985 1155 1163 1187 liatio,ﬂorls
1181 1157 1301 1191 juventae
1329 1157 1471 1186 deﬂoratio
1499 1159 1562 1186 est?
1589 1159 1641 1186 Sed
1667 1163 1694 1186 et
1718 1167 1778 1187 ser-

985 1206 1092 1230 mones.
1112 1201 1280 1238 inquit,alati
1296 1204 1374 1238 quasi
1392 1209 1543 1238 pennarum
1564 1211 1615 1239 ope
1636 1213 1716 1240 quam
1736 1207 1778 1232 ci-

987 1245 1095 1273 tissime
1110 1247 1203 1273 volant
1218 1252 1245 1273 et
1258 1249 1445 1279 transierunt;
1468 1253 1495 1276 et
1510 1249 1604 1276 decori
1625 1251 1692 1286 ipsis
1705 1259 1776 1286 quo-

985 1290 1066 1318 modo
1090 1295 1132 1318 est
1145 1291 1210 1318 aer?
1233 1291 1340 1320 Etenim
1360 1293 1412 1320 iste
1432 1299 1531 1320 natura
1551 1295 1696 1329 perlucens
1712 1303 1776 1323 cum

984 1337 1020 1364 sit
1049 1341 1076 1364 et
1106 1338 1236 1365 odoribus
1263 1339 1478 1372 transmeabilis,
1504 1341 1595 1367 lumen
1618 1346 1645 1368 et
1668 1342 1776 1369 colores

985 1390 1079 1410 omnes
1092 1383 1125 1410 ad
1143 1384 1244 1414 visum,
1268 1388 1294 1411 et
1320 1385 1420 1412 odores
1445 1390 1561 1414 cunctos
1588 1386 1622 1413 ad
1644 1387 1775 1414 olt‘actum

985 1429 1112 1456 traducit.
1131 1429 1177 1457 Sic
1197 1435 1225 1457 et
1247 1438 1343 1457 sonum
1364 1432 1552 1459 transmittens
1575 1432 1610 1459 ad
1635 1433 1774 1466 auditum,

984 1481 1138 1502 sermonem
1173 1481 1356 1512 cunctamque
1387 1484 1482 1504 vocem
1521 1482 1604 1512 atque
1639 1478 1774 1514 fragorem

983 1519 1097 1548 adducit
1114 1528 1172 1548 aer.
1188 1521 1354 1550 Liberaliter
1369 1523 1436 1556 nati,
1454 1527 1483 1550 ut
1506 1524 1592 1556 aiunt,
1613 1525 1678 1560 quid
1697 1528 1773 1558 sunt,

983 1566 1048 1600 quid
1059 1567 1133 1594 aliud
1150 1571 1192 1594 est
1204 1568 1279 1595 clara
1298 1569 1375 1604 origo
1395 1570 1446 1596 nisi
1463 1570 1572 1604 priscus
1588 1572 1700 1606 sanguis
1717 1571 1774 1599 heri

983 1616 1010 1639 et
1021 1612 1054 1639 ad
1077 1616 1184 1648 tempus
1208 1613 1373 1642 honoratus?
1382 1613 1475 1641 Robur
1486 1616 1581 1644 carnis
1596 1619 1623 1643 et
1639 1616 1734 1650 vigor?
1747 1617 1774 1644 id

983 1662 1010 1683 et
1025 1657 1084 1692 apri
1108 1658 1236 1692 gloriatio
1253 1659 1356 1686 factum
1382 1664 1434 1687 est.
1456 1659 1490 1687 Et
1512 1660 1622 1695 juvenis
1640 1669 1773 1697 arrogans

982 1703 1018 1731 iis
1031 1704 1137 1738 quiillo
1160 1704 1284 1740 imperite
1310 1709 1426 1732 utuntur
1442 1706 1507 1734 belli
1531 1707 1665 1735 adversus
1688 1707 1773 1735 Deum

984 1750 1014 1776 tit
1027 1751 1147 1777 occasio.
1168 1750 1371 1778 Matrimonium
1397 1757 1488 1780 autem
1508 1753 1646 1780 vinculum
1660 1759 1703 1781 est
1718 1759 1744 1781 et
1759 1762 1774 1781 a

983 1795 1109 1823 libertate
1125 1797 1243 1826 naturali
1267 1797 1439 1831 immutatio;
1453 1802 1480 1825 et
1500 1799 1610 1834 egregia
1626 1800 1716 1834 proles
1728 1808 1775 1826 ne-

983 1843 1105 1870 cessaria
1120 1842 1282 1870 sollicitudo
1294 1851 1355 1878 quae
1368 1844 1447 1871 vitari
1462 1845 1567 1879 nequit,
1582 1851 1606 1872 et
1620 1847 1711 1880 proles
1728 1855 1775 1874 ne-

983 1894 1063 1921 quam
1081 1889 1209 1915 mmstitia
1229 1889 1395 1924 morbusque
1408 1894 1451 1917 est
1471 1890 1570 1918 animaa
1584 1892 1774 1920 consolatione

982 1940 1038 1959 non
1055 1933 1197 1961 levandus.
1213 1933 1247 1960 Et
1258 1942 1368 1961 rursum
1379 1954 1387 1966 ,
1414 1935 1544 1963 nundinae
1560 1937 1671 1964 malitiae
1687 1937 1774 1964 medi-

982 1978 1103 2006 tationes
1115 1982 1143 2006 et
1153 1979 1336 2014 cogitationes
1351 1983 1426 2011 sunt,
1439 1980 1466 2007 in
1481 1981 1573 2015 quiete
1584 1986 1610 2008 et
1622 1982 1773 2010 solitudine

982 2023 1074 2050 studia
1085 2023 1237 2052 debilitates
1264 2028 1330 2051 sunt
1350 2028 1378 2052 et
1394 2025 1518 2059 penuria.
1534 2025 1655 2054 Rursum
1666 2045 1674 2056 .
1698 2030 1772 2053 artes

981 2069 1054 2104 apud
1067 2069 1148 2096 nimis
1160 2072 1332 2104 contemptos
1344 2074 1371 2097 et
1384 2070 1459 2097 humi
1472 2070 1596 2105 jacentes
1605 2071 1773 2104 consistunt,

982 2120 1088 2142 arcium
1105 2120 1132 2142 et
1143 2123 1158 2142 a
1173 2115 1300 2151 proximo
1311 2116 1498 2144 mendicatum
1513 2118 1683 2150 alimentum,
1699 2119 1773 2146 sicut

981 2166 1008 2188 et
1023 2161 1168 2196 parasitari
1193 2166 1273 2196 turpe
1290 2162 1386 2196 valde;
1411 2167 1438 2190 et
1465 2171 1545 2192 arare
1567 2169 1669 2192 terram
1690 2169 1772 2200 atquo

981 2207 1072 2234 colere
1089 2207 1249 2243 fatigatione
1264 2208 1386 2236 abundat
1408 2213 1435 2236 et
1456 2209 1616 2241 sudoribus.
1641 2211 1772 2246 navigare

980 2261 1045 2281 vero
1058 2254 1323 2291 periculosissimum
1335 2258 1363 2282 et
1376 2256 1564 2291 navigantium
1579 2257 1634 2283 vita
1652 2257 1771 2291 plurima

982 2299 1090 2327 inferno
1109 2288 1242 2334 pr'oxima.

979 2346 1011 2373 21
1034 2345 1129 2373 Patria
1147 2345 1240 2380 tellus,
1260 2347 1396 2381 proprium
1413 2347 1585 2384 barathrum;
1607 2353 1697 2375 extera
1722 2357 1770 2384 ap-

1577 2382 1734 2418 [probriuuh

1015 2426 1085 2460 Quid
1105 2426 1205 2458 adhuc.
1222 2426 1265 2455 his
1281 2427 1380 2456 dictis?
1403 2427 1468 2463 quid
1484 2429 1642 2456 hominibus
1660 2429 1770 2456 dulcius

980 2475 1028 2498 aut
1047 2470 1193 2498 amabilius
1213 2478 1295 2506 quam
1313 2472 1422 2506 patria?
1447 2471 1502 2500 Sed
1524 2477 1551 2500 et
1576 2473 1646 2508 ipsa,
1668 2473 1768 2508 inquit.

979 2516 1058 2544 fovea
1077 2521 1120 2544 est
1135 2524 1199 2544 vera
1217 2521 1245 2544 et
1261 2517 1348 2549 fossa,
1371 2517 1398 2544 in
1419 2526 1473 2553 qua
1498 2517 1612 2553 pedibus
1626 2519 1724 2546 teritur
1742 2523 1769 2547 et

979 2562 1158 2597 vilipenditur
1171 2563 1254 2590 etiam
1267 2563 1315 2598 qui
1330 2563 1408 2591 valde
1427 2564 1569 2592 studiosus
1588 2564 1694 2592 videtur
1703 2573 1768 2600 erga

978 2616 1051 2641 eam,
1070 2608 1225 2636 vicinorum
1247 2609 1421 2637 mulatione
1447 2614 1475 2637 et
1504 2610 1604 2638 invidia
1633 2611 1767 2642 traditus:

979 2656 1028 2684 sed
1043 2660 1070 2684 et
1088 2655 1163 2682 vivat
1181 2655 1252 2684 alius
1266 2656 1294 2683 in
1312 2659 1384 2684 terra
1399 2656 1530 2692 hospitali
1554 2661 1581 2684 et
1604 2658 1767 2693 alienigena,

978 2703 1198 2739 obiurgationem
1213 2710 1269 2730 non
1283 2703 1389 2730 vitavit.
1403 2703 1450 2731 Sic
1464 2708 1577 2736 cuncta,
1595 2707 1624 2731 ut
1638 2712 1692 2731 una
1706 2705 1769 2732 vice

978 2748 1078 2779 dicam,
1099 2755 1160 2783 qua:
1174 2747 1332 2775 hominibus
1346 2748 1473 2776 amabilia
1493 2752 1521 2776 et
1539 2749 1767 2784 concupiscibilia

980 2797 1150 2828 reputantur.
1168 2792 1196 2820 in
1207 2791 1358 2820 vanitatem
1379 2792 1506 2820 recidunt
1528 2798 1555 2821 et
1583 2793 1611 2820 in
1649 2801 1768 2827 Mﬂlpa-

980 2840 1082 2868 tionem
1099 2838 1257 2875 pessimam,
1280 2838 1351 2876 apud
1375 2837 1582 2870 Ecclesiastcm.
1600 2838 1668 2867 Nam
1688 2840 1766 2875 quasi
