1920 3046
147 107 198 136 ῗδὸ

143 172 242 200 apum:
258 173 290 192 ex
307 173 339 193 co
352 166 427 201 quod
451 167 640 202 corruptibilis
663 167 794 196 facillime
814 167 936 202 efﬂuant,

143 211 321 245 deridentur;
337 213 416 248 quasi
433 213 607 247 phantasma.
624 214 689 249 quia
708 214 812 241 erranti
827 214 937 242 cuidam

143 261 174 284 et
190 257 334 284 oculorum
361 258 487 286 ludibriis
509 259 629 292 similia;
653 259 733 294 quasi
758 267 816 292 ros,
845 263 938 294 utpote

146 310 209 338 quae
228 302 308 331 facile
324 305 501 332 exsiccentur
524 309 551 332 et
572 305 714 340 paululum
731 305 862 341 temporis
880 313 939 332 ma-

147 352 247 381 neant;
261 350 341 384 quasi
356 350 459 383 fenum,
475 351 539 386 quia
563 351 639 379 brevi
662 351 824 380 ﬂaccescere
843 351 938 379 viden-

147 399 210 428 tur;
231 396 310 430 quasi
332 397 375 423 ala
399 397 435 424 ob
462 397 584 432 ipsorum
607 399 698 433 fugam
725 403 753 426 et
776 398 938 426 citissimam

149 443 328 469 mutationem
340 451 347 474 ;
361 443 439 477 quasi
455 451 533 476 aura.
549 452 583 471 eo
598 444 672 479 quod
685 448 746 480 post
760 445 870 472 brevem
885 443 939 471 ful-

149 494 243 522 gorem
268 488 401 515 citissime
429 494 613 523 evanescant;
645 491 782 518 somnium
808 494 939 525 praetcrea

148 532 282 560 dicuntur
295 533 361 568 quia
377 534 516 562 instabilia
523 537 551 561 et
559 533 634 561 nullo
642 535 723 563 modo
731 536 808 562 lirma
815 539 844 562 et
854 542 940 562 vacua

151 583 215 605 sunt
227 586 259 606 ea
266 578 300 606 de
310 579 411 614 quibus
425 579 588 615 superbiunt
599 580 734 608 homines.
746 581 775 607 In
788 580 940 615 Scripturis

151 624 314 652 deridentur
329 630 356 653 et
372 625 581 661 vilipenduntur
593 629 647 654 ista
664 631 692 654 et
710 626 795 654 maris
811 626 940 656 ﬂuctibus

150 672 178 695 et
193 667 339 697 ﬂuviorum
368 670 473 704 rapidis
489 671 570 699 undis
588 674 616 698 et
638 671 761 707 vestigiis
780 673 858 700 navis
881 679 942 707 qua:

152 722 229 742 mare
254 719 420 749 transnatat,
440 722 468 745 et
486 723 631 746 ventorum
655 718 766 746 ﬂatibus
790 722 817 746 et
836 717 941 754 pulveri

150 760 358 794 mquiparantur
371 762 435 795 ista,
447 763 548 798 quippe
561 771 622 798 qua:
638 771 747 799 semper
759 763 841 795 ﬂuxa,
854 763 941 791 insta—

153 806 231 841 bilia,
254 807 337 835 inﬁda
363 812 390 835 et
426 809 529 837 caduca
559 817 574 837 a
604 817 667 838 vere
692 809 810 846 sapienti
845 810 943 845 quovis

153 853 336 881 aestimentur.
354 854 481 884 Circulus
499 856 572 884 enim
590 864 700 892 semper
717 862 842 884 movetur
858 853 943 884 volvi-

153 901 255 932 turque
273 899 338 933 vita,
357 900 457 928 similia
474 906 573 929 cuncta
595 902 778 937 undequaque
800 907 942 938 torquens.

153 944 238 972 simul
269 949 346 973 stans
365 951 391 973 et
411 955 536 980 currens,
559 949 640 982 quale
663 949 764 976 uelum
791 957 875 985 super
894 958 945 978 nos

154 990 257 1017 moveri
274 990 501 1025 philosophantur
516 991 650 1022 notiuulli,
660 991 779 1018 solutum
796 999 891 1026 nempe
903 992 942 1019 si-

154 1036 210 1063 mul
219 1035 386 1066 acsolidum,
397 1040 491 1071 utpote
499 1036 570 1071 quod
579 1036 604 1063 in
616 1044 667 1064 suo
676 1041 730 1064 stet
739 1037 849 1064 volubili
859 1045 941 1065 cursu

154 1081 283 1108 solidum.
297 1080 421 1116 Namque
431 1081 459 1108 in
474 1082 526 1109 hoc
538 1086 612 1110 stant
624 1087 652 1109 et
666 1087 852 1116 coagmentata
867 1087 941 1116 sunt,

154 1125 229 1159 quod
244 1126 389 1154 solvuntur
405 1131 432 1155 et
447 1133 590 1156 moventur
604 1137 652 1164 pcr
664 1130 728 1157 anni
746 1134 868 1166 tempora
883 1139 943 1166 qua:

156 1169 236 1197 aliter
257 1171 310 1198 alia
331 1172 433 1206 ferunt,
451 1175 680 1208 quemadmodum
704 1179 731 1202 et
751 1183 859 1210 semper
879 1183 942 1203 cor-

156 1221 287 1250 rumpunt
301 1222 328 1244 et
347 1218 380 1244 ad
394 1218 474 1246 linem
489 1225 573 1255 agunt
591 1220 649 1248 sive
669 1229 719 1256 per
740 1221 798 1249 dies
818 1222 876 1249 sive
896 1229 944 1257 per

822 109 971 138 NICETAS
991 110 1098 138 DAVllr

988 169 1112 196 διάλυτον
1127 168 1299 204 κωμῳδεῖται
1315 167 1365 194 καὶ
1376 167 1495 203 φθαρτὸν
1506 186 1512 198 ,
1532 165 1627 200 φάσμα
1644 165 1672 192 δὲ
1685 164 1734 191 διὰ
1750 165 1791 192 τὸ

989 214 1088 241 πλάνον
1103 214 1150 241 καὶ
1166 213 1365 248 φαντασιῶδες,
1383 213 1479 248 δρόσος
1493 211 1522 238 δὲ
1536 211 1580 238 διὰ
1596 210 1627 237 τὸ
1642 210 1791 246 εὑξήραν-

987 268 1034 286 τον
1045 260 1061 294 ἢ
1074 259 1266 295 ὀλιγοχρόνιον,
1277 259 1344 294 πνοὴ
1357 258 1386 284 δὲ
1398 258 1443 285 διά
1453 257 1482 284 τὺ
1493 256 1560 293 πρὸς
1572 255 1661 289 ὀλίγον
1672 254 1791 288 ἀναψύ-

988 314 1045 341 χειν
1060 306 1164 336 δοκεῖν,
1180 306 1280 341 πτερὸν
1295 305 1323 332 δὲ
1337 304 1381 331 διὰ
1398 305 1447 340 τὴν
1474 303 1621 338 ἀπόδρασιν
1637 301 1683 328 καὶ
1699 300 1791 335 ταχε-

990 359 1055 385 σιιην
1068 349 1237 385 ἀπαλλαγὴν,
1250 349 1331 385 ἀτμὶς
1347 349 1375 376 δὲ
1387 349 1431 375 διὰ
1439 348 1468 374 τὸ
1478 347 1546 383 πρὸς
1557 346 1643 381 βραχὺ
1657 344 1791 380 φανέντα

990 396 1087 423 θᾶττον
1104 395 1293 430 ἀφανίζεσθαι,
1312 395 1417 430 όνειρος
1434 394 1463 421 δὲ
1484 392 1552 428 πρὸς
1566 391 1670 422 τούτοις
1687 389 1736 417 διὰ
1753 391 1791 415 τὸ

989 441 1119 477 ἀνίδρυτα
1142 441 1189 468 καὶ
1213 440 1387 468 ἀνυπόστατα
1409 439 1455 466 καὶ
1468 439 1535 465 κενά
1547 438 1582 464 τά
1599 437 1657 464 κατ’
1672 434 1767 477 ἁνθροῖ

990 495 1057 518 πους
1085 483 1154 512 εἶναι
1179 485 1357 520 φρυάγματα.
1382 484 1447 515 Ταῖς
1461 483 1583 518 Γραφαῖς
1605 480 1792 517 κωμῳδεῖται

990 532 1038 559 καὶ
1050 530 1232 564 ὲξουδενοῦται
1251 529 1355 562 ταῦτα,
1377 529 1424 556 καὶ
1447 528 1550 564 κύμασι
1565 526 1716 561 θαλάσσης.
1735 525 1791 552 καὶ

991 577 1109 614 ῥεύμασι
1122 577 1283 612 ποταμίοις,
1302 576 1349 602 καὶ
1364 576 1449 610 ῐχνεσι
1464 573 1684 609 ποντοπορούσης
1703 572 1789 606 νηὸς,

991 614 1038 651 καὶ
1055 623 1152 659 αὕραις
1168 623 1286 658 ἀνέμων,
1302 623 1349 652 καὶ
1363 621 1514 654 κόνεσι,διά
1529 620 1560 647 τὸ
1574 619 1699 654 ἀείρυτον
1715 617 1788 645 ἁδέ-

991 669 1067 699 6αιόν
1087 678 1118 696 τε
1140 668 1188 695 καλ⁸
1215 669 1329 695 ἄπιστον
1352 667 1398 694 καὶ
1414 667 1527 694 ἄστατον
1551 666 1584 700 τῇ
1613 662 1790 698 ὰληθοσοφίᾳ

991 715 1175 751 παρεικάσθη.
1195 714 1302 745 Κύκλος
1316 713 1368 749 γὰρ
1387 712 1539 747 ἀεικίνητος
1557 711 1604 738 καὶ
1618 710 1789 744 ἀείστροφος

991 764 1005 789 ό
1019 762 1076 798 βίος
1100 761 1184 793 ἐστὶν,
1209 761 1290 796 ὃμοια
1312 760 1401 786 πάντα
1426 759 1472 786 καὶ⁹
1499 758 1613 784 πάντοτε
1638 755 1788 787 κυλίνδων,

991 807 1077 839 ἑστὼς
1091 807 1149 842 ἅμα
1171 807 1216 833 καὶ
1231 806 1347 842 τρέχων,
1363 802 1418 831 οἷον
1436 804 1481 830 τὸν
1499 803 1555 831 ἄνω
1571 802 1685 838 οὐρανὸν
1707 801 1789 835 φιλο-

991 853 1115 889 σοφοῦσι,
1129 853 1259 888 λυόμενον
1274 852 1331 887 ἅμα
1351 851 1397 878 καὶ
1418 851 1514 883 πάγιον
1539 849 1578 885 τῷ
1592 850 1621 875 ὲν
1639 848 1679 883 τῷ
1697 848 1788 874 κινεῖ-

993 899 1056 926 σθαι
1070 898 1235 934 πεπηγέναι.
1248 897 1303 923 Καὶ
1315 897 1369 931 γὰρ
1385 897 1414 923 ὲν
1425 895 1514 931 τούτῳ
1530 895 1605 931 μένει
1625 894 1674 920 καὶ
1695 894 1790 929 πέπη-

993 953 1050 979 γεν,
1068 944 1095 971 ὲν
1124 944 1159 980 τῷ
1173 943 1283 971 λύεσθαί
1300 951 1330 968 τε
1349 942 1394 969 καὶ
1413 941 1546 968 κινεῖσθαι
1569 941 1629 971 ταῖς
1648 948 1679 966 τε
1696 939 1788 975 ὥραις

995 991 1042 1019 τοῦ
1061 989 1185 1017 ἐνιαυτοῦ
1206 989 1299 1018 ἄλλοτε
1320 989 1387 1016 ἄλλα
1411 988 1569 1022 φερούσαις,
1588 986 1722 1018 ὡσαύτως
1741 986 1788 1012 ἀεὶ

996 1036 1044 1065 καὶ
1058 1035 1231 1071 φθειρούσαις
1244 1034 1290 1062 καὶ
1303 1034 1540 1070 τελεσφορούσαις,
1549 1035 1609 1065 ταῖς
1621 1042 1651 1060 τε
1665 1033 1788 1069 ἡμέραις

997 1083 1044 1110 καὶ
1062 1082 1121 1114 νυξὶ
1137 1082 1170 1108 τὰ
1189 1081 1250 1109 καθ’
1273 1081 1387 1107 ἕκαστον
1404 1079 1573 1111 ἀλλοιούοαις
1590 1079 1606 1113 ἢ
1623 1078 1787 1107 ἀνακαινού-

997 1139 1057 1162 σαις
1071 1131 1099 1157 ὲν
1115 1130 1207 1161 πόνοις
1218 1130 1265 1156 καὶ
1284 1129 1388 1161 κόποις,
1400 1129 1429 1155 ὲν
1442 1128 1528 1159 νόσοις
1542 1127 1588 1154 καὶ
1600 1126 1737 1158 θανάτοις,
1757 1126 1788 1151 ὲν

996 1175 1115 1202 πτώσεσι
1132 1176 1178 1202 καὶ
1189 1175 1360 1213 εὐδρομίαις,
1375 1175 1404 1201 ἐν
1417 1174 1596 1203 ταπεινώσεσι
1616 1173 1662 1200 καὶ
1672 1172 1786 1204 λύπαις,

996 1222 1024 1248 ἐν
1040 1221 1160 1257 ὑψώσεσι
1174 1222 1220 1248 καὶ
1233 1220 1424 1257 εὐφροσύναις.

157 1265 253 1290 noctes
270 1262 391 1291 vicissim
410 1264 586 1292 immutantes
609 1271 657 1292 aut
677 1271 842 1294 renovantes
857 1267 883 1293 in
902 1267 1042 1294 laboribus
1063 1271 1091 1294 et
1112 1266 1334 1302 fatigationibus,
1354 1266 1382 1293 in
1402 1265 1507 1293 morbis
1525 1269 1556 1293 et
1578 1265 1733 1298 mortibus,
1755 1265 1784 1292 in

157 1308 267 1336 casibus
277 1311 304 1335 et
319 1309 458 1342 cursibus,
470 1310 497 1337 in
511 1311 711 1345 abjectionibus
724 1317 751 1340 et
762 1313 907 1345 molestiis,
922 1313 949 1342 in
962 1313 1091 1348 superbia
1106 1317 1133 1340 et
1147 1313 1342 1349 cogitationum
1359 1312 1538 1340 moderantia.

157 1353 192 1381 Et
205 1354 253 1381 hoc
268 1359 320 1382 tum
334 1355 394 1390 [una
408 1357 555 1390 sapienlim,
570 1366 585 1384 ο
603 1357 726 1392 Verbum,
741 1363 768 1386 et
780 1367 839 1394 seq.

192 1400 227 1428 Et
240 1401 292 1429 hoc
306 1405 368 1433 tuae,
382 1410 399 1429 ο
415 1402 496 1430 Pater
509 1407 537 1430 et
552 1403 684 1437 Verbum,
700 1405 840 1440 sapientia;
855 1406 948 1440 tuique

158 1446 208 1474 zeli
235 1447 347 1482 dignum
371 1453 430 1476 erat
455 1453 556 1476 cuncta
581 1450 731 1482 instaltilia,
759 1451 898 1478 versatilia
921 1456 948 1478 et

158 1495 269 1524 mobilia
289 1502 350 1522 esse
375 1502 546 1530 quaacunque
574 1497 698 1530 corporis
724 1497 749 1524 in
774 1498 826 1524 hoc
846 1498 949 1525 mundo

159 1540 289 1576 optabilia
313 1540 495 1573 :estilnantur,
519 1541 556 1568 ita
575 1545 604 1568 ut
628 1542 680 1569 hoc
703 1547 904 1577 cognoscentes
922 1547 947 1570 et

159 1587 207 1614 illa
231 1586 410 1620 aspicientes,
437 1585 577 1613 lirmorum
605 1591 632 1614 cl.
662 1588 733 1622 apud
761 1592 788 1615 te
816 1589 950 1616 stabiliter

159 1631 328 1661 manentium
346 1630 481 1658 bonorum
500 1631 527 1657 in
550 1631 648 1665 spiritu
668 1632 864 1667 amplectamur
877 1632 950 1659 desi-

160 1676 278 1703 derium.
292 1675 407 1706 Cuncta.
422 1675 511 1710 inquit
528 1677 650 1711 sapiens,
663 1677 812 1704 secundum
831 1678 949 1712 speciem

160 1722 349 1757 intelligentia:
361 1722 412 1749 alis
427 1721 538 1756 adjutus
557 1722 738 1757 investigatus
755 1731 827 1756 sum,
841 1723 874 1750 de
887 1723 950 1758 qui-

161 1769 213 1796 bus
240 1768 325 1803 prisci
350 1772 377 1795 et
405 1768 530 1802 juniores
558 1769 744 1804 philosophati
768 1774 832 1797 sunt
855 1779 862 1797 :
883 1770 950 1797 nihil

162 1814 282 1842 miseriis
298 1814 451 1846 hominum,
470 1815 497 1842 id
518 1820 560 1842 est
575 1816 630 1841 vita
644 1816 795 1848 hominum,
813 1824 950 1844 aerumno-

163 1861 222 1889 sius
255 1865 302 1888 aut
331 1861 496 1889 laboriosius
525 1862 592 1889 vidi.
617 1861 647 1888 In
668 1862 711 1889 his
743 1863 866 1891 carnales
901 1871 950 1891 ro-

163 1907 312 1942 gitationes
343 1908 544 1943 parvipendens
561 1916 625 1935 vere
647 1908 800 1943 spiritualis
816 1913 843 1937 et
859 1909 951 1944 despi-

163 1954 240 1981 ciens
255 1953 410 1988 Theologus
427 1953 541 1988 spiritus
556 1953 737 1988 cogitationes
755 1954 911 1989 magniﬁcat
925 1958 952 1982 ct

163 2000 220 2029 Deo
234 2000 331 2036 dignas
347 2000 454 2028 extollit
479 2008 488 2028 :
512 2007 630 2034 quorum
649 2001 757 2035 signum
780 2006 822 2028 est
841 2009 952 2029 crucem

164 2046 268 2075 Christi
286 2046 384 2073 tollere
400 2049 427 2073 ct
439 2050 502 2081 post
524 2046 612 2081 ipsum
634 2045 661 2072 in
684 2046 910 2074 tribulationibus
926 2051 954 2073 et

165 2093 306 2121 laboribus
322 2092 414 2128 sequi;
433 2092 460 2120 in
487 2092 615 2128 lacrymis
628 2096 655 2120 et
678 2093 825 2127 gemitibus
841 2093 888 2122 Dei
905 2101 954 2129 spe

165 2139 299 2175 liqueﬁeri
324 2143 352 2167 et
375 2147 458 2174 super
479 2139 600 2166 caelestis
622 2139 731 2167 Triadis
759 2139 951 2174 splendorihus

164 2185 303 2214 conlidere
320 2189 348 2213 et
364 2193 379 2212 a
397 2186 515 2212 tcrrenis
535 2185 747 2220 cogitationibus
774 2185 881 2212 liberari
905 2193 953 2220 per

165 2232 294 2267 imaginis
308 2231 454 2267 puritatem
469 2236 496 2258 et
508 2232 756 2266 incorruptionem.
771 2231 857 2259 Porro
871 2233 953 2259 vitam

166 2286 246 2313 agere
258 2277 376 2304 alienam
401 2277 435 2304 ab
457 2277 587 2309 humana,
604 2281 631 2304 et
657 2285 707 2312 pro
729 2278 889 2306 cmlestibus
904 2279 954 2305 Inl-

166 2331 246 2350 mana
261 2323 428 2358 relinquere,
454 2324 480 2350 in
499 2327 628 2358 promptu
651 2323 678 2350 id
702 2328 742 2351 est
766 2325 871 2359 optimo
890 2323 952 2350 cui-

165 2378 219 2404 que
247 2370 362 2402 homini,
382 2370 488 2397 ﬁrmum
514 2373 541 2397 ct
570 2377 664 2396 verum
699 2370 763 2397 illud
792 2371 817 2398 in
844 2370 954 2398 Christo

164 2415 229 2443 .lcsu
247 2416 381 2443 bonorum
400 2415 543 2450 principis.
562 2416 658 2442 Amen.

995 1359 1049 1386 Καὶ
1066 1359 1132 1386 τόδε
1147 1357 1205 1394 σῆς
1223 1358 1347 1393 γενέτωρ
1359 1358 1568 1393 σοφίης,Λόγε,
1581 1366 1610 1384 κ.
1625 1366 1651 1383 τ.
1669 1358 1696 1383 ἑ.

1032 1405 1086 1431 Καὶ
1099 1404 1176 1431 τοῦτο
1191 1404 1240 1440 τῆς
1255 1404 1314 1439 σῆς,
1327 1401 1350 1431 ὧ
1365 1404 1454 1439 Πάτερ
1470 1403 1606 1437 καὶΔόγε,
1626 1403 1724 1438 σοφίας
1739 1403 1786 1430 καὶ

997 1450 1161 1486 κηδεμονίας
1181 1450 1256 1483 ἄξιον
1269 1448 1313 1485 ἦν,
1335 1449 1424 1476 πάντα
1441 1449 1545 1476 ἄστατα
1560 1449 1606 1475 καὶ
1622 1449 1785 1485 εὐπερίτρε-

1000 1505 1053 1523 πτα
1068 1494 1136 1523 εἶναι
1160 1496 1207 1523 καὶ
1225 1495 1343 1522 ἁὸἐὸαια
1365 1495 1399 1521 τὰ
1415 1494 1462 1521 τοῦ
1480 1493 1605 1530 σώματος
1621 1495 1649 1521 ὲν
1666 1494 1733 1529 τῷδε
1748 1495 1786 1530 τῷ

1000 1543 1094 1578 κόσμῳ
1111 1541 1234 1578 ποθητὰ,
1263 1542 1301 1573 ὡς
1326 1541 1360 1569 ἂν
1387 1541 1466 1568 τοῦτο
1491 1541 1615 1575 γνόντες,
1631 1541 1678 1567 καὶ
1701 1541 1785 1568 ταῦτα

1000 1589 1167 1624 παριδόντες,
1194 1588 1247 1615 τῶν
1275 1588 1401 1616 ἑστώτων
1425 1587 1471 1614 καὶ
1494 1586 1570 1622 παρὰ
1586 1587 1627 1613 σοὶ
1644 1587 1784 1622 ἀραρότως

1001 1636 1136 1670 μενόντων
1152 1634 1262 1669 ἀγαθῶν
1278 1635 1307 1661 ὲν
1330 1634 1368 1670 τῷ
1383 1634 1517 1669 πνεύματι
1532 1634 1721 1669 ἁσπασώμεθα
1737 1634 1785 1668 τὴν

1000 1681 1103 1715 ἔφεσιν.
1131 1681 1232 1713 Πάντα,
1247 1680 1330 1715 φησὶν
1346 1681 1359 1707 ό
1372 1680 1560 1712 θεόπνευστος,
1576 1681 1637 1706 κατ’
1659 1678 1728 1710 εἶδος
1740 1678 1785 1708 τοῦ

1000 1726 1046 1753 νοῦ
1056 1726 1167 1762 πτέρυξι
1182 1727 1390 1762 ἐπεσκεψάμην,
1405 1727 1454 1753 ὅσα
1465 1734 1494 1754 τε
1509 1728 1565 1758 τοῖς
1581 1726 1662 1753 πάλαι
1680 1728 1727 1753 καὶ
1738 1727 1784 1755 ὅσα

1000 1774 1056 1804 τοῖς
1071 1773 1141 1804 νέοις
1156 1772 1338 1808 ὲφιλοσοφήθη
1348 1780 1356 1788 ·
1371 1772 1446 1801 οὐδὲν
1461 1772 1488 1799 δὲ
1504 1772 1558 1799 τῶν
1579 1771 1729 1808 ἀνθρώπων
1741 1781 1784 1799 τα-

1000 1819 1213 1854 λαιπωρότερον,
1227 1818 1299 1845 τοῦτ’
1324 1818 1380 1845 ἔστι
1401 1817 1448 1845 τοῦ
1471 1817 1638 1853 ἀνθρωπίνου
1660 1817 1717 1853 βίον
1739 1826 1784 1854 po:

1001 1865 1164 1901 χθηρότερον
1180 1865 1197 1900 ἦ
1224 1863 1435 1900 ἐπιπονώτερον,
1446 1865 1494 1900 οὐχ
1511 1863 1621 1896 ἑώρακα
1637 1864 1723 1891 οὐδέν.
1743 1864 1783 1890 Ἐν

1001 1911 1107 1943 τούτοις
1120 1912 1150 1938 τὸ
1168 1911 1296 1947 σάρκινον
1313 1911 1440 1947 φρόνημα
1449 1911 1669 1947 κατασμικρύνας
1679 1912 1693 1938 ὁ
1708 1920 1783 1938 πνεν-

1004 1958 1116 1993 ματικὺς
1132 1957 1172 1993 τῷ
1194 1957 1250 1984 όντι
1267 1957 1314 1984 καὶ
1329 1957 1671 1991 κατευτελῐσαςΘεολόγος,
1692 1958 1722 1985 τὸ
1742 1957 1782 1986 τοῦ

1003 2003 1157 2039 πνεύματος
1171 2003 1299 2039 φρόνημα
1314 2003 1459 2039 μεγαλύνει
1476 2004 1523 2030 καὶ
1545 2002 1659 2035 θειάζων
1676 2004 1781 2038 ἀνυψοῖ·

1003 2050 1036 2076 τὰ
1049 2049 1144 2076 τούτου
1157 2048 1184 2075 δὲ
1201 2048 1271 2076 εἶναι
1282 2050 1471 2085 γνωρίσματα,
1488 2049 1519 2076 τὺ
1531 2049 1576 2076 τὸν
1596 2049 1712 2085 σταυρὸν
1724 2048 1783 2085 ἆραι

1004 2094 1133 2130 Χριστοῦ.
1158 2095 1203 2121 καὶ
1230 2095 1316 2121 ὀπίσω
1335 2094 1416 2121 αὐτοῦ
1435 2095 1464 2121 ἐν
1489 2094 1594 2129 θλίψεοι
1623 2095 1671 2122 καὶ
1701 2095 1783 2127 πόνοις

1004 2140 1160 2167 ἀκολουθεῖν
1169 2148 1175 2155 '
1187 2139 1217 2167 τὸ
1230 2141 1258 2166 ὲν
1269 2140 1383 2176 δάκρυσι
1398 2139 1445 2167 καὶ
1459 2141 1618 2176 στεναγμοῖς
1628 2142 1687 2172 ταῖς
1701 2140 1781 2168 ἐλπίσι

1006 2186 1218 2223 προστετηκέναι
1242 2186 1288 2213 τοῦ
1315 2186 1394 2218 Θεοῦ,
1421 2187 1468 2213 καὶ
1494 2188 1527 2222 τῇ
1553 2186 1603 2222 τῆς
1627 2187 1782 2222 ὲπονρανίας

1005 2231 1121 2268 Τριάὸος
1143 2232 1245 2268 λάμψει
1269 2231 1443 2259 πεποιθέναι·
1470 2233 1518 2259 καὶ
1541 2231 1652 2259 λύεσθαι
1680 2233 1727 2267 μὲν
1742 2231 1782 2259 τοῦ

1005 2278 1099 2313 γηῖνου
1125 2279 1298 2313 φρονήματος
1324 2279 1355 2314 τῇ
1381 2278 1508 2313 ἁγνότητι
1531 2278 1578 2304 καὶ
1604 2278 1722 2314 ἁφθορίᾳ
1740 2277 1782 2311 τῆς

1005 2324 1118 2357 εἰκόνος,
1139 2324 1188 2360 ζῇν
1202 2324 1231 2351 δὲ
1251 2324 1299 2359 τῆς
1314 2324 1486 2360 ἀνθρωπίνης
1505 2324 1577 2359 ζωῆς
1589 2324 1662 2357 ξένον
1678 2323 1742 2358 βίον,
1753 2322 1781 2350 τὰ

1006 2369 1165 2406 ἀνθρώπινα
1177 2370 1232 2397 τῶν
1251 2370 1384 2406 οὐρανίων
1402 2370 1634 2406 διαμειϐομένους,
1648 2368 1727 2396 τοῦτο
1742 2369 1782 2403 ἔμ-

1008 2416 1086 2443 πεδον
1104 2415 1199 2451 ἀγαθῷ
1212 2416 1349 2451 ἀνθρώπῳ
1365 2416 1411 2443 καὶ
1430 2416 1537 2451 βέϐαιον
1557 2416 1604 2442 καὶ
1623 2415 1745 2450 ἀληθινὸν
1758 2415 1783 2441 ἐν

165 2462 276 2498 Χριστῷ
298 2462 385 2498 Ἰησοῦ
400 2462 439 2497 τῷ
449 2462 503 2489 τῶν
520 2462 629 2496 ἀγαθῶν
645 2462 765 2498 χορηγῷ.
785 2463 879 2498 Ἀμήν.
896 2463 963 2499 Περὶ
991 2465 1041 2500 τῆς
1072 2464 1125 2491 τῶν
1147 2464 1286 2499 παρόντων
1311 2462 1446 2494 εὐτελείας
1475 2462 1522 2489 καὶ
1548 2461 1726 2497 ματαιότητος
1747 2460 1781 2486 λίς

165 2517 214 2544 γος
233 2513 276 2536 ια’.

167 2556 316 2584 Comment.
344 2555 512 2592 Arcqnorum
543 2555 637 2591 Magni
672 2556 795 2592 Gregorii
826 2556 952 2591 Theologi

202 2592 352 2626 carminum
371 2598 380 2617 :
399 2591 581 2618 Beatitudiues
607 2597 632 2619 et
655 2593 716 2619 vitae
729 2591 889 2626 ’spirt'mah's
912 2600 956 2618 re-

201 2626 281 2662 quire.
299 2625 390 2653 Sermo
405 2626 586 2654 duodecimae.

204 2673 354 2707 Postquam
373 2673 582 2700 commiseratus
595 2677 637 2699 est
647 2679 674 2700 et
684 2673 808 2709 despexit
823 2673 954 2707 humana.

168 2724 195 2748 ct
208 2719 290 2754 hujus
302 2720 352 2747 aevi
361 2720 484 2754 jucunda
494 2725 594 2748 cuncta
603 2720 811 2756 parvipependit
826 2725 954 2756 tanquam

169 2766 310 2794 instabilta
327 2770 354 2794 et
375 2767 498 2801 mobilia.
520 2768 547 2795 in
572 2768 673 2803 quibus
698 2767 842 2802 prudentia
861 2767 954 2795 carnis

1013 2555 1175 2590 Ἐεήγησις
1194 2555 1253 2582 τῶν
1268 2554 1445 2590 ἀπορῤἠτῳν
1460 2553 1512 2590 τοῦ
1529 2551 1664 2590 μεγάλου
1682 2552 1780 2590 Γρηγστ

1038 2586 1175 2625 pluunt?
1193 2586 1435 2625 Θεολόγοῖὲέτῶν
1447 2589 1514 2623 (68).
1529 2586 1723 2625 ’Μακαρισμοὶ
1740 2586 1778 2612 καὶ

1043 2626 1106 2659 ὅροι
1123 2624 1329 2660 πνευματικοῦ
1337 2624 1531 2659 βίου..Λόγυς
1547 2624 1595 2656 ιβ’.

1043 2671 1196 2703 Ταλανίσας
1213 2672 1259 2699 καὶ
1273 2670 1500 2706 κατασμικρύνας
1515 2670 1548 2697 τὰ
1564 2669 1731 2705 ἀνθρώπινα,
1742 2667 1779 2695 καὶ

1007 2718 1041 2745 τὰ
1061 2717 1107 2744 τοῦ
1131 2718 1229 2749 αἰῶνος
1252 2716 1347 2744 τούτου
1362 2716 1467 2753 τερπνὰ
1486 2716 1575 2743 πάντα
1598 2714 1729 2750 φαυλίσας
1749 2713 1778 2744 ὼς

1008 2765 1124 2792 ἀϐέϐαια
1141 2764 1188 2791 καὶ
1205 2763 1421 2799 ιὺπερίτρεπτα,
1445 2763 1473 2790 ὲν
1488 2759 1529 2794 οἷς
1551 2762 1581 2788 τὸ
1597 2761 1722 2796 ιρρόνημα
1741 2758 1778 2795 τῆς

209 2844 266 2881 (68)
286 2845 376 2874 Carm.
397 2846 443 2880 16,
461 2853 487 2881 p.
508 2846 538 2874 9|
557 2845 599 2874 ed.
614 2845 683 2879 Col.;
698 2853 723 2880 p.
742 2845 795 2873 9l8
814 2844 855 2873 cd.
872 2844 1038 2880 Leurencl.;
1058 2844 1100 2873 od.
1123 2852 1184 2873 nov.
1207 2851 1234 2879 p.
1254 2842 1314 2870 ιετ.
