1920 3046
122 137 178 165 765

122 196 228 233 σαρκὸς
241 195 467 231 κραταιούμινον,
485 193 524 229 τῷ
533 193 593 229 Θεῷ
609 193 818 220 ἀντιτάσσεσθαι
831 194 920 220 ἀπαυ-

121 242 276 275 θαδίξεται,
295 241 339 268 διὰ
356 240 410 267 τῶν
425 239 614 276 προκειμένων
626 240 729 266 τούτων
746 239 820 266 ἐπῶν
836 240 850 266 6
869 247 920 275 μα-

121 287 295 324 καριώτατος
310 286 447 321 ῑερολόγος
467 285 514 311 τοῦ
528 284 706 319 εὑαγγελικοῦ
721 284 805 319 νόμου
820 283 854 311 τὰ
875 291 920 312 κε-

120 334 227 369 φάλαια
247 333 295 360 καὶ
314 332 362 359 τοῦ
381 332 554 368 φρονήματος
568 331 616 358 τοῦ
639 330 796 366 πνεύματος
812 329 862 365 τὴν
878 330 920 362 εἰς

123 379 172 406 ἀεὶ
184 378 366 414 διαμένουσαν
380 377 458 410 δόξαν
478 375 632 411 ὺπαυγάζει
649 375 695 403 καὶ
711 376 760 411 τὴν
778 375 866 410 ἰσχὺν,
879 373 918 409 τῷ

122 423 337 460 θεαρχικωτάτῳ
357 423 406 459 μὲν
426 422 517 457 Ἰησοῦ
531 421 692 457 ὁμοφρόνως
707 421 755 448 καὶ
768 420 918 456 ὁμοφώνως

123 470 299 507 μακαρίζων,
320 469 368 496 καὶ
382 468 497 504 πλήρεις
510 467 622 502 ἀγαθῶν
643 466 839 503 ἀνακηρύττων
854 466 918 498 τοὺς

120 516 155 543 ὲν
179 515 294 551 ἀληθείᾳ
312 514 418 546 ζῶντας
440 514 457 550 ἢ
479 514 612 549 ζήσοντας
633 513 691 549 (οὓς
715 513 842 545 κάκεῖνος
867 511 916 540 τοῦ

124 561 294 596 Εὑαγγε).ίου
319 560 524 595 καταρχόμενος
545 559 714 594 ὲμακάρισεν
736 559 750 584 6
776 558 916 593 Χριστὸς),

121 607 206 643 ὅρους
220 607 248 634 δὲ
264 607 303 642 τῷ
316 607 374 633 ὄντι
387 605 572 641 πνευματικοῦ
585 605 642 641 βίου
656 605 703 632 καὶ
717 606 820 632 τελείου
833 605 918 637 τιθεὶς

123 651 216 686 ἑαυτῷ
232 651 284 686 τῆς
306 652 336 677 ἐν
356 650 451 686 κόσμῳ
473 650 520 677 καὶ
540 649 580 685 τῷ
599 649 706 685 σώματι
721 649 809 685 τούτῳ
824 649 915 685 ζωῆς,

124 697 171 724 ινα
187 698 235 724 καὶ
248 697 297 733 τὴν
317 697 426 732 ποίησιν
438 697 485 723 καὶ
503 695 553 732 τὴν
568 696 670 728 δίδαξιν
685 696 733 731 τῆς
748 698 917 732 Δεσποτικῆς

122 744 315 779 παραδείξειεν
343 743 463 778 ἐντολῆς,
482 740 523 774 οἷς
546 744 560 769 6
583 743 677 777 Μέγας
700 743 812 778 κληθεὶς
833 744 862 770 ὲν
881 745 914 780 τῇ

119 790 178 816 τῶν
192 790 316 826 οὐρανῶν
337 789 461 825 βασιλείᾳ
479 788 571 823 σαφῶς
588 790 839 826 χαρακτηρίζεταισ
856 790 916 817 ίδω-

122 846 176 872 μεν
195 835 224 863 δὲ
248 835 460 871 κεκομψευμένῃ
484 833 555 866 λέξει
571 834 620 871 τὴν
634 835 814 872 εὐαγγελικὴν
829 835 913 862 θεολο-

120 883 197 919 γίαν.

123 941 256 974 Ὄλϐιος,
269 939 354 972 ὅστις
370 937 482 973 ἔρημον
495 938 650 973 ἐχειβίον,
666 948 692 966 κ.
709 948 734 966 τ.
749 938 772 966 λ.

158 993 245 1029 Οὗτος
260 996 353 1032 ἔμοιγε
369 995 485 1033 πρώτως
501 996 619 1032 ὑπάρχει
636 997 814 1033 μακαριστὸς,
829 997 843 1023 6
856 996 914 1023 θεο-

123 1042 360 1078 μακαριστότατος
399 1041 574 1076 θεοφθόγγοις
611 1041 705 1068 ἔπεσιν
737 1042 916 1075 ἀποφαίνεται

123 1089 286 1124 Γρηγόριος,
301 1088 332 1120 ὃς
345 1088 392 1115 τοῦ
408 1088 524 1124 ματαίου
539 1088 594 1114 τῶν
609 1087 760 1124 ἀνθρώπων
775 1088 832 1123 βίον
848 1088 916 1115 ὑπα-

122 1134 335 1170 νακεχωρηκὼς,
348 1134 464 1170 ἄμικτόν
476 1143 506 1160 τε
518 1133 565 1161 καὶ
578 1133 759 1168 ἀκοινώνητον
772 1134 839 1169 πρὸς
853 1134 917 1161 ἀσε-

123 1181 184 1213 6εῖς
200 1181 247 1207 καὶ
262 1181 441 1215 ἁμαρτωλοὺς
456 1179 576 1211 διαϐιοὺς
591 1179 657 1215 βίον,
674 1179 775 1206 ἐθέωσε
791 1180 836 1206 τὸν
852 1181 915 1206 ἐαυ-

123 1227 174 1254 τοῦ
191 1227 255 1253 νοῦν
271 1227 414 1262 ἀχράντοις
433 1225 541 1261 ἐφέσεσι
555 1228 614 1258 ταῖς
633 1226 702 1262 πρὸς
724 1226 767 1252 τὸν
783 1226 850 1253 Θεὸν
869 1226 916 1253 καὶ

122 1272 246 1308 ὁμιλίαις
258 1281 265 1288 ·
282 1273 416 1308 μακάριος
432 1272 461 1298 δὲ
477 1273 524 1298 καὶ
538 1272 567 1304 ὃς
581 1272 683 1307 μεταξὺ
698 1272 752 1298 τῶν
765 1271 916 1307 ἀνθρώπων

122 1319 164 1354 τῷ
176 1319 252 1354 τόπῳ
264 1318 311 1345 καὶ
323 1318 363 1354 τῷ
377 1318 484 1353 σώματι
498 1318 733 1353 ἀναστρεφόμενος
745 1339 752 1350 ,
766 1319 800 1353 τῇ
820 1318 916 1344 εὐστα-

123 1366 187 1401 θείᾳ.
211 1365 257 1392 τοῦ
280 1365 325 1392 νοῦ
345 1365 376 1391 τὸ
403 1365 529 1400 μονάζειν
551 1364 769 1400 κατωρθώσατο,
794 1365 841 1392 καὶ
861 1366 916 1392 τῶν

124 1412 257 1449 μυσαρῶν
272 1412 497 1448 ἐπιτηδευμάτων
509 1412 774 1449 ἀπαλλοτριούμενος
786 1413 850 1448 ὃλην
870 1414 916 1439 αὺ-

121 1459 171 1486 τοῦ
183 1459 234 1494 τὴν
245 1459 359 1495 καρδίαν
372 1459 416 1486 διὰ
430 1459 584 1494 προσευχῆς
603 1459 705 1494 συνῆψε
719 1459 757 1495 τῷ
771 1459 840 1495 Θεῷ.
856 1461 917 1487 Μα-

123 1507 230 1542 κάριος,
247 1506 276 1537 ὃς
288 1505 397 1532 πάντων
408 1502 445 1532 ὧν
457 1514 522 1532 ποτε
540 1504 596 1540 εἶχε
610 1505 758 1540 κτημάτων
774 1506 790 1541 ἢ
807 1515 859 1542 χρη
864 1507 916 1541 μά-

121 1562 177 1580 των
198 1553 373 1588 ἀντωνήσατο
395 1552 528 1587 Χριστὸν,
546 1552 593 1578 καὶ
615 1551 694 1587 μόνον
716 1552 804 1587 ἐαυτῷ
820 1552 914 1578 ὑπελί-

123 1606 191 1625 πετο
215 1597 310 1633 κτῆμα
333 1597 380 1623 τὸν
405 1597 532 1632 σταυρὸν,
555 1593 577 1631 ᾧ
599 1597 646 1624 καὶ
668 1597 709 1632 ζῇ,
730 1598 778 1624 καὶ
800 1597 916 1624 ἐπὶτῶν

121 1642 206 1678 ὤμων
223 1642 291 1678 ἄρας
307 1641 375 1676 ὑψοῦ
387 1661 394 1674 ,
415 1642 634 1677 ἀμεταστρεπτεὶ
654 1642 693 1677 τῷ
713 1643 915 1679 ὲσταυρωμένῳ

122 1688 276 1716 ἀκολουθεῖ.
293 1688 437 1724 Μακάριος
451 1688 498 1714 καὶ
512 1688 541 1720 ὃς
557 1688 611 1714 τῶν
626 1688 754 1723 καθαρῶς
773 1689 848 1724 αὐτῷ
868 1690 916 1716 καὶ

121 1735 236 1766 δικαίως
251 1734 516 1769 προσγεγενημένων
530 1735 652 1770 κτήσεων
669 1734 761 1768 κύριος
777 1734 825 1766 ὢν,
837 1736 916 1771 χεῖρα

121 1781 191 1808 Θεοῦ
214 1780 404 1815 φιλάνθρωπον
422 1781 567 1815 μιμεῖται,
588 1782 644 1812 τοῖς
670 1780 787 1807 ἐνδεέσιν
816 1781 915 1816 ἱλαρῶς

122 1827 382 1862 ιπιδαψιλευόμενος
397 1847 404 1858 ,
431 1826 478 1853 καὶ
505 1827 534 1852 ὲν
559 1828 615 1858 τοῖς
642 1826 794 1862 ἀλλοτρίοις
820 1828 915 1859 πιστὸς

122 1870 367 1906 ἀποδεικνύμενος,
381 1870 429 1897 καὶ
440 1870 478 1902 ὡς
493 1871 624 1906 φρόνιμος
638 1871 780 1906 οἰκονόμος
793 1873 917 1899 ἐπαινού-

122 1926 214 1953 μενος.
241 1916 313 1952 Πρὸς
325 1916 431 1948 τούτοις
448 1917 584 1952 μακάριος
604 1918 618 1943 6
639 1917 685 1944 τὸν
707 1917 872 1952 παρθενικὸν
887 1927 916 1945 τε

121 1964 170 1990 καὶ
186 1963 275 1997 ἄζυγα
291 1963 345 1990 τῶν
367 1963 551 1998 μακαρτάτων
577 1963 770 1999 μεμιμημένος
801 1964 914 1999 τρόπον’

121 2010 147 2036 οἳ
160 2010 212 2044 τῆς
232 2008 333 2044 σαρκὸς
348 2010 438 2036 πᾶσαν
451 2009 600 2036 εὐπάθειαν
615 2009 662 2036 καὶ
677 2009 782 2045 τρυφὴν
801 2010 915 2037 ἀποσει-

122 2054 252 2089 σάμενοι,
274 2055 308 2089 τῇ
333 2053 386 2080 τῶν
408 2053 502 2080 παθῶν
525 2054 610 2089 αὐτῆς
628 2055 816 2091 ἀπονεκρώσει
832 2057 914 2090 ἐγγὺς

119 2100 173 2135 τῆς
191 2099 271 2133 ἁγίας
279 2099 413 2134 Θεότητος
427 2100 456 2125 ἐν
467 2099 506 2135 τῷ
519 2099 655 2135 πνεύματι
667 2100 839 2136 γεγένηνται.
855 2103 916 2128 Μα-

120 2145 218 2179 κάριος
241 2144 287 2169 καὶ
310 2139 388 2175 οὗτος
407 2143 466 2179 μετ’
490 2144 613 2175 ἐκείνους
634 2145 648 2171 ὁ
669 2144 780 2180 θεσμοῖς
801 2145 850 2180 μὲν
866 2145 914 2171 τοῦ

120 2190 212 2224 γάμου
235 2189 282 2216 καὶ
303 2188 395 2223 νόμοις
419 2188 488 2224 πρὸς
504 2188 593 2223 ὀλίγον
611 2189 751 2222 ὑπενδοὺς,
768 2189 815 2216 καί
829 2198 861 2224 γε
883 2190 914 2217 τὸ

120 2235 202 2271 χρέος
219 2235 270 2269 τῆς
290 2235 465 2267 παιδοποιίας
489 2235 730 2270 ἀφοσιωσάμενος,
754 2236 804 2270 τὴν
829 2236 914 2263 πλείω

120 2282 148 2308 δὲ
167 2282 265 2317 μοῖραν
281 2280 327 2308 τοῦ
343 2280 442 2317 ἔρωτος
456 2280 608 2316 θυσάμενος
621 2281 742 2317 Χριστῷ.
756 2282 912 2318 Μακάριος.

120 2327 149 2359 ὃς
170 2326 201 2352 τὸ
220 2326 319 2362 κράτος
341 2326 388 2354 καὶ
409 2326 459 2361 τὴν
477 2326 605 2358 ἐξουσίαν
627 2327 838 2362 ἀναδεδεγμένος
865 2329 912 2355 τοῦ

119 2372 186 2398 λαοῦ
202 2371 246 2400 διὰ
261 2371 308 2398 τοῦ
324 2372 374 2407 τῆς
386 2371 462 2404 θείας
481 2373 622 2408 ἱεραρχίας
639 2373 835 2409 καθηγεῖσθαι,
853 2376 913 2407 ταῖς

120 2418 319 2452 εὐαγεστάταις
336 2418 383 2445 καὶ
397 2419 484 2454 ἱεραῖς
504 2419 705 2454 τελετουργίαις
726 2420 772 2447 τὸν
796 2421 913 2456 Χριστὸν

121 2465 177 2495 τοῖς
190 2463 344 2499 ἀνθρώποις
359 2465 538 2492 καταλλάττει
548 2464 595 2491 καὶ
605 2464 912 2503 ἐξιλεοῦται.Μακάριος

119 2509 148 2537 δέ
158 2510 206 2537 καὶ
219 2508 306 2542 οὗτος,
321 2510 350 2542 ὃς
362 2510 393 2537 οὐ
408 2510 537 2545 ποιμένος
552 2509 568 2546 ἢ
586 2511 689 2546 πατρὸς
706 2511 784 2546 λόγον
794 2513 910 2548 ἐπέχων,

119 2556 214 2584 τέκνον
227 2556 256 2583 δὲ
268 2558 318 2592 τῆς
342 2556 505 2592 Ἐκκλησιας
520 2556 567 2582 καὶ
581 2557 630 2592 τῆς
644 2558 764 2593 ποίμνης
778 2558 911 2594 ἐξοχώτα-

119 2611 166 2634 τος
185 2601 224 2629 ὢν
236 2622 245 2636 ,
264 2603 302 2634 ὼς
328 2602 378 2638 τὴν
394 2602 447 2629 τῶν
469 2602 613 2638 προνόμιον
637 2602 729 2639 χώραν
750 2603 840 2638 λαχὼν
865 2605 912 2632 καὶ

119 2650 174 2676 τῶν
188 2649 342 2684 ὑφειμένων
366 2649 589 2685 καθηγούμενος,
611 2649 724 2686 θρέμμα
743 2650 911 2679 τελειότατον

120 2695 238 2731 ὑπάρχει
250 2695 381 2730 Χριστοῦ.
394 2695 530 2731 ’Έτιπρὸς
541 2697 598 2727 τοῖς
609 2696 764 2731 εἰρημένοις
777 2697 912 2733 μακάριος

120 2741 160 2776 τῷ
170 2741 228 2768 liv-.1.
239 2742 287 2767 mi.
303 2741 434 2776 ζηλωτὸς,
449 2741 478 2773 ὃς
493 2741 688 2776 καθαρωτάτου
704 2743 750 2768 καὶ
762 2742 910 2776 ἀγνοτάτου

121 2788 181 2821 νοὸς
197 2789 297 2824 ὲρωαῖς
314 2789 362 2815 καὶ
376 2789 545 2824 ὁρμὴμασιν,
559 2790 618 2825 ἦτοι
633 2791 740 2825 νοεραϊς
758 2789 886 2825 θεωρίαις
902 2811 909 2823 ,

119 2836 174 2862 τῶν
187 2835 391 2871 ὑπιρουρανίων
405 2836 452 2862 καὶ
465 2835 612 2871 ἀφράστων
623 2836 671 2870 τῆς
683 2836 797 2871 Τριάδος
809 2837 909 2873 ἐλλάμ-

120 2883 192 2920 ψιωι
206 2882 240 2909 τὰ
255 2882 340 2920 κάλλη
353 2883 399 2912 καὶ
410 2883 458 2916 τὰς
467 2882 660 2921 λαμπρότητας
671 2883 908 2920 καταστράπτεται

638 129 672 159 IN
691 130 844 160 CARMINA
863 130 1003 160 ARCANA
1023 130 1053 158 S.
1072 127 1248 158 CREGORII.

1710 122 1763 153 766

972 192 1121 228 prevalens
1151 190 1206 218 Deo
1234 189 1364 217 resistere
1387 187 1504 223 superbe
1530 187 1686 220 contendit,
1715 195 1763 223 ιιι-1·

970 237 1054 264 allata
1071 235 1194 263 carmina
1217 234 1270 261 ista
1296 233 1474 261 beatissimus
1497 239 1546 267 pro
1563 232 1619 259 Deo
1630 233 1764 260 sermoci-

969 287 1052 311 nator
1065 281 1237 317 Evangelicaa
1251 280 1319 315 legis
1333 279 1424 314 capita
1439 282 1467 306 et
1482 277 1634 313 prudentiae
1647 277 1763 313 spiritus

970 329 1085 364 gloriam
1103 329 1130 355 in
1148 331 1283 356 aeternum
1301 329 1456 353 manentem
1470 324 1598 359 .illustrat
1617 327 1645 351 et
1666 323 1762 356 robur,

968 375 1136 410 cogitatione
1151 373 1261 409 quidem
1279 371 1374 400 eadem
1392 374 1420 398 et
1431 378 1498 398 voce
1520 376 1574 405 qua
1596 377 1705 397 summe
1719 369 1762 396 di-

967 421 1050 449 vinus
1065 420 1158 451 Jesus,
1174 418 1312 447 beatilicat
1327 424 1353 446 et
1370 418 1455 445 bOnis
1470 416 1644 444 abundantes
1660 415 1761 451 praedi-

967 471 1013 494 θοι
1027 466 1090 494 illos
1108 465 1157 502 qui
1181 466 1210 493 in
1231 464 1346 492 veritate
1362 463 1505 491 ambulant
1518 467 1545 490 et
1570 462 1760 492 ambulabunt,

968 521 1038 549 quos
1065 516 1093 540 et
1123 513 1182 547 ipse
1215 510 1392 546 Evangelium
1429 509 1563 536 inchoans
1596 507 1761 536 bealill‘cavit

967 559 1106 590 Christus,
1123 558 1234 594 regulas
1253 565 1317 584 vere
1338 555 1490 591 spiritualis
1512 559 1539 582 et
1561 554 1687 590 perfectae
1699 554 1762 581 vitae

967 613 1125 642 proponens
1140 604 1191 632 sibi
1208 604 1235 631 in
1254 603 1352 630 diebus
1366 602 1450 636 hujus
1465 601 1559 628 mundi
1576 605 1604 628 et
1619 599 1757 635 corporis.

969 657 1000 681 ut
1019 652 1165 680 facientem
1188 650 1388 685 docentemque
1413 648 1556 676 Dominica
1579 647 1708 675 mandata
1730 654 1761 674 se

966 698 1123 727 ostenderet
1138 707 1144 725 :
1163 697 1206 725 his
1218 696 1334 731 Magnus
1349 699 1464 723 vocatus
1477 695 1511 722 ad
1527 702 1611 729 regna
1626 693 1760 721 caelorum

966 748 1061 779 aperte
1076 743 1257 778 signiﬁcatur.
1273 740 1423 769 Videamus
1437 740 1521 776 igitur
1532 743 1642 774 compto
1650 738 1761 774 eloquio

965 789 1154 826 evangelicum
1174 794 1338 816 sermonem.

970 942 1068 970 Beatus
1082 943 1127 977 qui
1141 942 1170 969 in
1182 942 1327 969 solitudine
1342 941 1423 978 degit,
1439 945 1492 970 etc.

1002 999 1049 1027 Ille
1069 998 1136 1026 mihi
1159 998 1249 1034 primo
1271 998 1368 1026 beatus
1391 1000 1515 1033 apparet,
1543 996 1664 1024 declarat
1693 1002 1761 1023 voce

967 1045 1023 1073 Deo
1039 1045 1121 1081 digna
1139 1044 1299 1080 Gregorius,
1320 1043 1478 1072 heatudiuis
1495 1042 1595 1070 divina:
1605 1042 1684 1070 valde
1696 1050 1760 1077 par-

967 1092 1066 1126 ticeps,
1081 1090 1127 1126 qui
1143 1098 1158 1117 a
1175 1098 1245 1118 vana
1257 1089 1401 1117 hominum
1417 1089 1472 1116 vita
1488 1089 1623 1124 gradatim
1639 1091 1760 1114 retroce-

966 1138 1045 1171 dens,
1063 1145 1093 1165 se
1113 1145 1169 1164 non
1190 1137 1319 1172 iungens,
1345 1136 1470 1171 nihilque
1491 1142 1637 1163 commune
1655 1134 1759 1161 habens

966 1192 1028 1213 cum
1053 1183 1145 1219 impiis
1174 1187 1256 1218 atque
1286 1182 1490 1218 peccatoribus,
1510 1181 1595 1209 vitam
1622 1180 1711 1212 duxit,
1733 1185 1761 1207 et

967 1231 1042 1267 puris
1062 1230 1207 1259 desideriis
1231 1230 1264 1257 ad
1292 1229 1376 1257 Deum
1405 1233 1488 1264 atque
1516 1227 1656 1256 consortio
1680 1234 1758 1254 suam

966 1278 1103 1306 deiﬁcavit
1119 1281 1249 1305 mentem.
1268 1277 1368 1305 Beatus
1385 1281 1411 1304 et
1430 1276 1476 1311 qui
1502 1275 1574 1303 inter
1598 1274 1723 1302 homines
1744 1282 1759 1300 κ

966 1325 1026 1352 loco
1039 1329 1066 1352 et
1082 1331 1198 1359 corpore
1213 1331 1244 1351 se
1263 1323 1430 1351 subtrahens
1445 1322 1478 1348 ad
1500 1322 1571 1349 bona
1587 1321 1700 1356 spiritus
1715 1320 1760 1347 in-

965 1370 1064 1402 tendit,
1092 1369 1268 1397 solitudinem
1294 1367 1410 1395 feliciter
1436 1365 1557 1393 obtinuit
1580 1369 1607 1393 et
1634 1373 1648 1392 a
1681 1364 1759 1391 dete-

965 1416 1073 1444 standis
1087 1415 1265 1450 apparatibus
1276 1414 1383 1441 alienus
1401 1413 1500 1444 lactus,
1514 1415 1599 1438 totum
1617 1419 1665 1437 cor
1676 1418 1757 1438 suum

965 1470 1013 1497 per
1026 1469 1121 1497 preces
1141 1460 1196 1487 Deo
1210 1459 1363 1494 conjunxit.
1382 1457 1482 1485 Beatus
1498 1457 1544 1492 qui
1561 1456 1683 1483 omnium
1699 1463 1759 1490 qua

965 1507 1062 1536 habuit
1075 1506 1282 1542 possessionum
1303 1508 1349 1531 aut
1366 1503 1500 1531 bonorum
1518 1502 1757 1538 pretiotlhristum

964 1552 1111 1587 acquisivit
1127 1555 1155 1578 et
1171 1550 1222 1578 sibi
1243 1549 1294 1584 ipsi
1313 1549 1399 1576 solam
1422 1547 1623 1583 possessionem
1646 1554 1757 1574 crucem

965 1597 1087 1632 reliquit,
1105 1596 1149 1623 cui
1165 1599 1193 1623 et
1214 1595 1291 1627 vivit,
1308 1601 1391 1628 quam
1414 1597 1440 1620 et
1465 1600 1547 1627 super
1560 1592 1688 1619 humeros
1702 1591 1757 1619 alte

965 1644 1065 1671 tollens
1084 1650 1135 1669 nec
1162 1645 1235 1669 retro
1260 1640 1399 1675 aspiciens
1421 1639 1583 1666 crucitixum
1613 1638 1756 1672 sequitur.

965 1690 1066 1717 Beatus
1094 1693 1121 1716 et
1146 1687 1194 1723 qui
1218 1687 1354 1714 honorum
1374 1693 1436 1720 qua:
1471 1685 1523 1720 ipsi
1545 1685 1704 1719 incorrupte
1729 1687 1757 1711 et

961 1736 1036 1770 iuste
1047 1734 1238 1770 superadjerta
1254 1736 1318 1760 sunt
1335 1732 1483 1763 dominus,
1505 1739 1615 1757 manum
1631 1730 1677 1758 Dei
1692 1738 1756 1765 erga

964 1781 1092 1808 homines
1113 1781 1270 1807 munilicam
1295 1778 1429 1809 imitatur,
1451 1777 1596 1813 egentibus
1618 1776 1713 1803 hilaris
1729 1780 1757 1803 et

964 1829 1056 1863 largus
1074 1827 1154 1854 dator
1169 1830 1196 1854 et
1219 1826 1245 1853 in
1263 1824 1361 1852 alienis
1383 1825 1470 1852 lidelis
1488 1824 1627 1854 inventus,
1652 1827 1679 1850 ct
1694 1827 1756 1850 tau-

965 1882 1045 1910 quam
1059 1873 1180 1908 prudens
1200 1872 1310 1899 villicus
1333 1871 1472 1898 laudatus.
1490 1871 1579 1905 Super
1595 1870 1637 1897 his
1660 1871 1756 1897 beatus

963 1920 1010 1956 qui
1026 1919 1188 1954 virginalem
1204 1922 1232 1946 et
1249 1917 1376 1945 ccelibem
1393 1917 1616 1945 beatissimorum
1633 1916 1756 1943 imitatus

962 1970 1006 1994 est
1020 1973 1136 1997 morem,
1153 1964 1201 1999 qui
1218 1964 1311 1991 carnis
1330 1964 1558 1991 consuetudinem
1579 1970 1687 1990 omnem
1707 1962 1756 1989 de-

963 2009 1096 2045 liciasque
1119 2008 1290 2044 abjeccrunt,
1313 2013 1340 2036 ct
1363 2009 1456 2036 cm'nis
1476 2009 1641 2043 voluptatem
1660 2007 1756 2034 morti-

964 2056 1090 2083 licatione
1102 2055 1217 2090 proximi
1235 2054 1390 2082 Divinilatis
1412 2055 1565 2082 castitatem
1584 2053 1703 2080 amantis
1726 2053 1753 2080 in

965 2102 1062 2137 spiritu
1077 2100 1144 2128 facti
1159 2106 1233 2129 sunt.
1247 2100 1348 2130 Beatus
1361 2105 1387 2129 ct
1401 2105 1462 2136 post
1478 2101 1545 2129 istos
1557 2101 1602 2136 qui
1618 2107 1633 2126 a
1648 2099 1754 2134 legibus

963 2149 1142 2183 moribusque
1165 2148 1330 2176 matrimonii
1348 2147 1383 2175 ad
1403 2148 1539 2175 modicum
1553 2152 1660 2183 tempus
1678 2154 1754 2174 rece-

963 2194 1042 2226 dens,
1061 2194 1182 2222 debitum
1208 2194 1312 2229 prolem
1339 2194 1486 2229 generandi
1511 2194 1623 2222 remittit
1643 2198 1671 2220 et
1694 2201 1753 2220 Ina—

960 2241 1049 2276 jorem
1065 2240 1168 2268 amoris
1184 2244 1289 2275 partem
1302 2240 1413 2268 Christo
1424 2245 1577 2268 consecrat.
1594 2241 1692 2268 Beatus
1705 2241 1752 2275 qui

963 2287 1125 2315 auctoritate
1142 2292 1168 2314 et
1184 2291 1320 2321 potestate
1337 2295 1420 2322 super
1443 2288 1573 2322 populum
1594 2291 1706 2322 accepta
1723 2291 1752 2313 ut

962 2333 1044 2360 ducat
1071 2341 1119 2368 per
1144 2333 1335 2360 sanctissimas
1359 2334 1545 2369 mysticasque
1570 2333 1668 2360 divinae
1696 2333 1753 2360 hie-

961 2379 1078 2406 rarchia:
1103 2378 1274 2413 disciplinas,
1298 2378 1409 2406 Christo
1440 2378 1597 2406 reconciliat
1615 2378 1751 2409 homines.

963 2423 1187 2459 Salvatoremque
1218 2424 1364 2459 propitium
1393 2424 1492 2452 reddit.
1526 2424 1625 2452 Beatus
1650 2429 1676 2451 et
1708 2425 1753 2452 illc

961 2471 1007 2505 qui
1025 2469 1145 2505 pastoris
1168 2474 1215 2496 aut
1234 2470 1321 2504 patris
1339 2477 1440 2497 morem
1461 2478 1514 2497 non
1535 2471 1666 2501 retinens.
1679 2470 1752 2497 lilius

961 2515 1091 2543 Ecclesia:
1103 2518 1130 2542 et
1140 2514 1222 2542 ovilis
1235 2515 1392 2550 prmcellens
1404 2519 1457 2548 est,
1472 2516 1637 2551 optimarqu
1649 2523 1752 2550 pascua

961 2561 1053 2589 ovium
1070 2561 1175 2589 invenit
1197 2564 1225 2588 et
1248 2561 1399 2589 imbecilles
1424 2562 1509 2595 ducit,
1534 2562 1753 2597 perfectissimus

961 2606 1020 2641 ipse
1035 2605 1164 2633 alumnus
1178 2605 1293 2633 Christi.
1314 2605 1363 2633 His
1377 2606 1458 2634 dictis
1471 2607 1567 2635 beatus
1582 2607 1674 2635 adhuc
1688 2615 1752 2635 vere

960 2656 988 2680 et
1002 2651 1101 2687 dignus
1116 2652 1161 2678 cui
1186 2651 1351 2684 invidentur,
1371 2653 1418 2686 qui
1444 2653 1630 2685 mundissimi,
1648 2659 1674 2681 et
1689 2661 1751 2682 cas—

960 2697 1060 2725 tissimi
1073 2697 1187 2733 spiritus
1204 2698 1350 2726 ardoribus
1360 2703 1387 2727 et
1400 2700 1545 2727 conatibus
1560 2705 1607 2727 aut
1622 2701 1751 2735 spiritua-

961 2744 1033 2772 libus
1060 2744 1283 2772 meditationibus
1317 2744 1462 2773 Trinitatis
1485 2746 1749 2781 magniﬁcentiorqu

960 2798 1044 2825 super
1054 2790 1140 2818 cados
1154 2795 1181 2817 et
1199 2798 1281 2825 super
1300 2799 1408 2818 omnem
1425 2799 1577 2819 sermonem
1596 2791 1751 2826 pulchritu-

961 2836 1041 2864 dines
1064 2840 1092 2863 et
1118 2836 1278 2871 splendores
1297 2841 1435 2865 scrutatur
1456 2841 1484 2864 οἰ
1509 2842 1632 2874 penetrat
1649 2838 1750 2864 lumine

961 2883 1053 2912 divino
1080 2883 1276 2914 circumfusus.
1295 2885 1393 2913 Beatus
1409 2889 1434 2913 ct
1461 2885 1506 2921 qui
1531 2893 1644 2921 operose
1668 2885 1749 2914 bene
