1920 3046
116 125 170 154 769

114 184 225 218 εὐφυῶς
237 184 334 221 ἔχοντα
351 188 449 215 σαυτὸν
460 190 535 225 ὁρᾷς,
550 191 654 227 ταύτην
671 191 762 227 βάδιζε
776 192 908 220 συντονὼ-

112 237 195 264 τερον
211 231 303 259 πλέον.
328 234 360 260 Et
379 234 429 269 μὲν
450 233 496 262 οὖν
513 237 621 269 ἁπάσας
635 236 691 265 οἷόν
705 247 735 265 τε
745 259 752 271 ,
767 239 910 266 κάλλιστον

113 275 196 302 τοῦτο
213 277 260 303 καὶ
274 278 383 306 πάντων
399 280 569 309 τελειότατον
580 291 587 298 ·
603 285 628 310 εί
640 283 662 310 δ’
677 284 770 319 ὀλίγας
786 285 907 318 δυνατὸν,

113 321 244 357 δεύτερον
265 324 346 351 τοῦτο
365 326 412 352 καὶ
430 326 478 353 τοῦ
502 328 612 364 πρώτου
637 329 800 364 καθυφεϊται
813 339 821 346 ο
843 331 908 357 εἰδὲ

115 367 163 393 καὶ
179 368 245 402 μίαν
261 370 345 406 μονὴν
358 371 425 398 ἰέναι
439 372 494 399 τῶν
505 374 572 400 ὁδῶν
589 374 650 402 καθ’
665 375 816 413 ὑπερϐολὴν
837 376 906 409 ἐξὸν,

112 412 164 439 καὶ
179 414 251 440 τοῦτ’
267 414 301 442 ἃν
316 416 358 452 εἴη
376 417 451 452 φίλον
464 419 510 445 καὶ
527 420 674 455 εὐάρεστον
689 421 749 456 Θεῷ
764 430 772 438 ο
793 423 860 449 πᾶσι
880 422 907 449 δὲ

108 460 172 490 τοῖς
189 460 260 487 κατά
277 462 327 494 τὰς
349 463 399 498 τῆς
415 465 554 497 εὺσεῆείας
574 467 651 498 ὁδοὺς
670 468 905 504 κατορθουμένοις,

109 506 172 536 τοῖς
184 514 214 532 τε
229 508 367 542 κρείττοσι
385 510 431 536 καὶ
447 510 634 547 τελειοτέροις,
648 515 705 545 τοῖς
714 522 743 540 τε
755 514 848 549 ἥττοσι
860 516 906 542 καὶ

106 550 304 586 ἀτελεστέροις
315 574 322 585 ,
341 555 449 589 σταθμὰ
461 576 468 588 ,
484 557 532 583 καὶ
548 558 634 593 μέτρα
646 558 708 592 ἄξια
718 580 725 592 ,
750 560 797 586 καὶ
816 560 906 595 μισθοὶ

108 597 164 632 τῆς
179 597 269 625 αὐτῶν
287 601 431 637 προκοπῆς
446 602 585 637 ἀναλόγως
601 605 667 640 πρὸς
682 606 728 632 τοῦ
740 606 833 643 κριτοῦ
851 608 906 635 τῶν

105 642 182 670 -ὂλων
194 645 356 681 ήτοιμάσθη.

106 689 147 717 ’37
168 690 224 717 Καὶ
239 692 332 719 Ῥαὰϐ
340 693 395 720 οὐκ
409 694 563 729 εὔκοσμον
580 695 652 729 ἔχεν
660 696 772 729 βίοι-,κ
785 705 811 725 τ.
825 697 850 726 λ.

144 736 211 762 "Ott
230 737 280 772 μὶν
299 738 343 764 διὰ
366 739 430 773 μιᾶς
453 740 514 767 ὁδοῦ
535 740 589 766 τῶν
605 741 673 777 πρὸς
684 742 733 774 τὰς
746 743 802 770 ἄνω
822 743 906 779 μονὰς

110 782 160 809 τοῦ
180 783 288 819 Ηατρὺς
307 785 465 819 ἀναγουσῶν
483 786 575 818 καλῶς
597 788 817 825 κατορθωθείσης
835 787 905 816 οἶδεν

110 829 235 856 δικαιοῦν
252 831 315 863 τοὺς
330 832 530 868 κατορθοῦντας
543 833 641 865 ὁΘεὺς,
661 835 744 861 Ῥαὰϐ
754 844 794 867 τε,
811 836 903 871 φησὶν,

111 877 129 911 ἡ
146 877 231 913 πόρνη
249 879 296 904 καὶ
316 879 330 904 ό
354 878 473 914 τελώνης
495 880 674 916 μαρτυροῦσι.
702 882 757 918 Τὴν
778 883 827 917 μὲν
849 883 905 918 γὰρ

109 923 232 959 ἄκοσμον
248 924 333 951 τᾶλλα
347 926 551 961 τυγχάνουσαν,
574 927 683 964 κλεινὴν
702 929 749 955 καὶ
769 929 904 965 ἐπίσημον

108 970 126 1004 ἡ
146 970 287 1006 ἀκροτάτη
304 971 441 1006 φιλοξενία
454 973 623 1008 ἀναδέδειχεν
638 983 647 991 ·
661 976 674 1002 ὁ
687 975 804 1011 τελώνης
816 976 844 1002 δὲ
856 976 904 1002 καὶ

109 1016 192 1047 αὐτος
205 1016 248 1043 διὰ
261 1017 312 1052 τῆς
327 1018 473 1054 ἀμέμπτου
487 1021 737 1056 ταπεινοφροσύνης
747 1022 796 1048 τοῦ
807 1021 903 1049 ἑαυτὸν

107 1062 277 1096 δικαιοῦντος
291 1065 425 1101 ὑπερέσχε
445 1067 605 1103 Φαρισαίου.

108 1120 260 1155 Βὲλτερον
276 1121 390 1157 ὰζυγίη.
408 1132 434 1150 κ.
451 1132 476 1150 τ.
495 1124 569 1159 ἑξῆς.

149 1167 242 1195 Εἰπὼν
254 1188 262 1200 ,
279 1169 319 1195 ὅτι
336 1169 448 1196 δυνατὸν
465 1171 512 1197 καὶ
526 1171 569 1198 διὰ
587 1172 653 1207 μιᾶς
667 1171 727 1198 ὁδοῦ
748 1172 837 1204 καλῶς
852 1181 902 1200 κα-

105 1213 205 1249 τορθου
210 1214 293 1250 μένης
302 1214 357 1240 τῶν
367 1215 499 1250 οὐρανίων
510 1216 581 1248 τινὸς
594 1217 770 1244 ὲπιλαόἐσθαι
782 1219 899 1254 σκηνῶν,

105 1259 153 1286 ἶνα
167 1260 204 1295 μή
219 1268 260 1292 τις
275 1260 419 1296 οἰηθῇ-τὴν
432 1262 533 1298 ἀρετὴν
545 1264 577 1298 τῇ
587 1264 671 1299 κακίᾳ
680 1263 830 1300 λεληθότως
841 1266 902 1292 ἐπι-

107 1305 293 1341 μεμιγμὲνην,
308 1306 346 1338 ὡς
358 1307 405 1333 ἐπὶ
418 1308 473 1334 τῶν
489 1308 644 1344 ὑποκριτῶν
659 1309 732 1336 ἐστιν
740 1311 805 1346 ὀρᾷν
825 1311 902 1338 δύνα-

107 1351 171 1378 σθαι
183 1352 251 1379 Θεοῦ
265 1353 486 1388 κατεργάσασθαι
495 1355 679 1391 δικαιοσύνην,
689 1357 873 1391 εὐαγγελικῶς
887 1359 901 1385 ὁ

105 1397 268 1430 διδάσκαλος
275 1398 314 1434 τῷ
323 1399 374 1434 τῆς
384 1399 548 1436 διακρίσεως
562 1401 696 1436 πνεύματι
710 1402 900 1439 διασαφηνίζει

104 1443 142 1470 τὰ
156 1443 269 1470 τοιαῦτα
281 1452 288 1459 ·
305 1442 438 1481 εἶναιγὰρ
455 1446 594 1481 ἀρίστους,
604 1446 661 1473 ἀλλ’
678 1448 708 1473 οὺ
723 1448 899 1479 δυκεῖν,ὀτοῦ

106 1489 266 1525 Πνεύματος
291 1491 374 1525 νόμος
398 1490 522 1525 βούλεται
547 1492 594 1518 καὶ
621 1492 769 1528 νομοθέτης
791 1502 798 1509 ·
826 1493 858 1520 δι’
885 1494 900 1520 ὃ

105 1536 182 1570 λέγει
198 1545 205 1551 ·
223 1536 314 1563 Καλὸν
342 1538 358 1573 ἡ
384 1537 507 1571 ἀζυγία,
530 1538 576 1564 καὶ¹
602 1539 649 1565 τοῦ
680 1539 770 1575 γάμου
796 1540 899 1575 βέλτιον

104 1583 210 1618 εἴποιμ’
224 1583 268 1616 ἂν,
283 1583 339 1610 ἀλλ’
361 1584 376 1619 ή
393 1583 477 1615 ὅντως
497 1584 597 1618 ὰζυγία
614 1585 660 1612 καὶ
674 1586 820 1621 παρθενία,
838 1587 899 1613 ἐπί-

107 1637 205 1665 μικτος
216 1630 244 1656 δὲ
255 1629 294 1664 τῷ
307 1629 402 1665 κόσμῳ
414 1630 555 1666 γινομένη,
570 1631 616 1657 καὶ
631 1633 689 1663 ταῖς
704 1633 899 1668 παρεισάκτοις

105 1676 122 1712 ἢ
143 1676 205 1708 ταῖς
223 1675 257 1702 τὰ
274 1677 355 1711 γήϊνα
376 1675 539 1711 φρονούσαις
560 1677 782 1713 συναυλιζομένη,
800 1679 898 1715 χείρων

105 1722 157 1757 τῆς
168 1722 214 1749 τοῦ
226 1722 316 1758 γάμου
332 1721 460 1756 συζυγίας
473 1723 547 1749 ἐστίν
564 1732 571 1738 ·
586 1723 696 1758 δόκησιν
719 1724 773 1760 γὰρ
792 1734 898 1760 σωφρο-

106 1769 192 1803 σύνης
205 1770 260 1800 τοῖς
281 1767 435 1804 ἀνθρώποις
453 1769 482 1795 ἐν
498 1768 537 1804 τῷ
552 1769 672 1805 φανερῷ.
692 1770 750 1797 ἁλλ’
764 1771 814 1797 οὐκ
833 1772 899 1808 ἀλη-

105 1815 182 1842 θειαν
206 1816 236 1842 ὲν
260 1815 299 1851 τῷ
322 1815 436 1851 κρυπτῷ
458 1816 623 1843 ἐπιδείκνυσι
646 1817 768 1853 Χριστῷ.
788 1819 873 1845 Πάλιν
889 1826 897 1833 ·

106 1862 228 1898 Σώφρων
242 1862 291 1897 μὲν
305 1862 319 1888 ὁ
333 1861 390 1897 βίος
406 1863 452 1889 καὶ
466 1863 570 1898 ὑψηλὸς
584 1864 632 1890 καὶ
646 1864 827 1898 ἐμφιλόσοφος
843 1866 898 1891 τῶν

103 1909 270 1943 ἀκτημόνων
289 1908 337 1935 καὶ
358 1908 542 1944 ὁρεσιτριῳων
568 1908 709 1943 μοναχῶν,
735 1910 782 1935 καὶ
799 1910 898 1942 αὐτοὺς

103 1954 133 1982 δὲ
155 1955 285 1986 πολλάκις
304 1954 351 1980 ἐπὶ
369 1955 401 1990 τῇ
425 1955 510 1990 ἀρετῇ
535 1955 708 1988 τυφωθέντας
734 1956 773 1987 εις
796 1955 897 1991 πτῶμα

104 2002 275 2036 κατήνεγκεν
287 2002 304 2037 ἡ
319 2001 416 2036 οἴησις.
437 2001 474 2027 Οὐ
490 2000 544 2035 γὰρ
556 2001 604 2035 τὴν
619 2000 708 2027 αὐτῶν
723 2001 822 2037 ἀρετὴν
841 2003 897 2034 τοῖς

105 2047 244 2082 κρείττοσι
263 2046 505 2082 παραμετροῦντες
519 2048 566 2074 καὶ
586 2047 763 2083 τελειοτέροις
775 2067 782 2079 ,
803 2056 898 2084 ταπει-

104 2093 214 2120 νοῦνται
227 2101 235 2107 ·
254 2092 311 2118 ἐστι
332 2091 360 2118 δὲ
375 2093 418 2118 ὅτε
443 2092 509 2127 πρὸς
533 2092 595 2124 τοὺς
616 2092 824 2127 ταπεινοτέρους
849 2094 896 2120 καὶ

104 2139 214 2174 χείρους
225 2138 276 2173 τὴν
291 2137 381 2164 αὐτῶν
392 2137 507 2173 ἄσκησιν
528 2137 719 2173 συγκρίνοντες
729 2158 736 2169 ,
752 2138 799 2164 καὶ
816 2139 895 2164 ἐπαι-

105 2185 227 2220 ρόμενοι,
239 2184 268 2215 ἐς
287 2183 425 2218 ἁμαρτίαν
443 2183 680 2218 καταρρήγνυνται
698 2191 704 2198 ·
721 2183 851 2216 πολλάκις
868 2184 896 2210 δὲ

104 2231 152 2258 καὶ
166 2230 265 2265 ζεούσῃ
285 2229 386 2264 θερμὸν
402 2229 528 2265 ᾁττοντες
541 2231 574 2264 τῇ
591 2229 731 2265 προθυμίᾳ
753 2229 801 2257 τοῦ
817 2231 894 2262 νοὸς.

103 2277 288 2312 ἀγυμνάστων
306 2275 404 2302 πώλων
420 2276 467 2303 καὶ
483 2275 649 2311 δυσχαλίνων
666 2276 823 2311 ὁμοιότητι,
848 2277 895 2304 καὶ

104 2323 121 2358 ἢ
133 2322 272 2358 νηστείαις
288 2322 428 2358 ἀμέτροις,
441 2322 457 2357 ἢ
470 2322 636 2358 ἀγρυπνίαις
648 2323 783 2358 ἀκαίροις,
800 2323 816 2359 ἥ
827 2332 896 2350 τισιν

103 2368 200 2400 ἄλλαις
215 2367 404 2402 ὲπιτηδεύσεσι
421 2368 694 2404 ὑπερφρονήσαντες,
715 2370 781 2405 παρ’
803 2369 817 2396 ὃ
842 2370 895 2396 ἔδει

104 2415 237 2450 φρονεῖν,
256 2414 303 2441 καὶ
332 2414 363 2440 οὐ
398 2414 469 2440 κατὰ.
492 2413 538 2440 τὸν
567 2415 715 2450 ἀσκητικὸν
740 2416 821 2450 νόμον
846 2416 897 2452 τὴν

104 2459 206 2497 πρᾶξιν
236 2460 492 2496 μιταχειρισάμενοι
520 2460 569 2495 τῆς
600 2460 721 2496 ἀρετῆς,
748 2461 843 2498 πόρρω
865 2470 895 2489 τε

103 2509 154 2543 τῆς
166 2507 268 2538 νύσσης
282 2507 328 2534 καὶ
347 2506 401 2533 τῶν
424 2505 474 2541 τῆς
490 2505 568 2541 νίκης
588 2505 727 2540 στεφάνων
741 2506 896 2543 ἀπωλίσθη-

105 2563 166 2583 σαν.
183 2555 203 2581 Τ
205 2554 285 2581 ούτου
299 2553 332 2589 δὴ
348 2553 466 2588 χάριν,-ὸ
481 2552 638 2588 Θαυμαστὸς
651 2550 727 2584 οὗτος
744 2553 895 2588 σύμὸουλός

104 2608 188 2635 φησιν
203 2607 210 2615 ⁸
227 2599 262 2625 Ἦ
282 2599 408 2634 ἐλαφροῖς
425 2598 553 2634 πτέρυξιν
574 2598 688 2634 ὲπαίρου
711 2599 761 2633 τῆς
776 2599 827 2634 γῆς
849 2600 895 2626 καὶ

98 2647 160 2674 *τῶν
172 2646 274 2681 γηΐνων
296 2645 497 2681 περισπασμῶν
517 2646 564 2671 καὶ
586 2645 740 2680 ἐπιθυμιῶν
754 2645 787 2671 δι’
808 2646 896 2682 ἁκτη-

104 2693 167 2725 σίας
191 2692 297 2724 τελείας
324 2692 371 2718 καὶ
396 2691 645 2727 ταπεινοφροσύνης
669 2692 822 2728 ἀκροτάτης
847 2693 896 2720 καὶ

103 2739 277 2774 τελειοτάτης
299 2738 448 2772 ἀπαθείας,
471 2738 487 2774 ἦ
514 2739 588 2764 κάτω
614 2738 702 2773 μένων
727 2738 775 2765 καὶ
799 2739 894 2766 ἑαυτὸν

103 2784 252 2817 ἰξουδενῶν
267 2783 314 2810 καὶ
328 2782 465 2817 φαυλίζων
476 2803 483 2814 ,
500 2782 601 2817 μηδένα
620 2781 648 2807 δὲ
663 2780 742 2808 ἄλλον
757 2782 857 2817 κρίνων
877 2781 894 2817 ἢ

103 2829 298 2861 καταδικάζων
313 2828 440 2864 ἀσφαλῶς
452 2828 542 2864 τρέχε,
565 2828 603 2863 μή
620 2835 686 2854 ποτε
704 2827 721 2863 ἢ
737 2827 895 2862 ἐπιθυμίαις

100 2877 242 2914 ἀνοήτοις,
257 2875 275 2912 ἢ
289 2875 385 2915 θυμοῖς
400 2873 524 2910 ἀλόγοις,
542 2873 559 2910 ἢ
575 2873 715 2910 λογισμοῖς
731 2873 894 2910 ὑπερόγκοις

607 135 638 162 IN
658 136 815 164 CARMIN‘A
833 136 974 164 MtCANA
993 138 1023 165 S.
1039 134 1215 168 GREGORIL

1694 142 1748 171 770

957 197 1016 221 rtem
1023 199 1048 222 te
1056 196 1158 229 videas,
1168 197 1194 223 in
1203 197 1251 223 hac
1258 205 1338 232 quam
1348 198 1466 226 maxime
1474 198 1643 227 incessanter
1649 206 1747 235 perge:

960 240 982 268 si
997 249 1045 276 per
1060 250 1155 270 omnes
1173 243 1299 272 incedere
1317 252 1414 280 queas,
1432 246 1565 280 optimum
1581 249 1607 273 et
1623 247 1746 274 omnium

959 286 1204 321 perfectissimum;
1221 289 1244 316 si
1263 297 1310 325 per
1323 297 1424 325 paucas
1433 291 1516 322 vales.
1529 291 1645 319 inferius
1663 292 1741 325 illud,

959 332 1099 368 primaque
1114 335 1271 363 conditione
1287 337 1395 370 minus;
1409 337 1431 364 si
1446 338 1527 364 etiam
1543 338 1652 365 unicam
1667 346 1746 365 man-

961 377 1066 405 sionem
1075 379 1199 408 obtinere
1207 381 1316 408 viarum
1327 381 1360 408 ad
1375 390 1510 410 summum
1523 383 1651 418 possibile
1661 388 1746 417 essst,

958 426 985 449 et
998 423 1024 450 id
1041 423 1095 451 Deo
1107 425 1218 459 placens
1231 431 1258 453 et
1274 433 1411 461 acceptum
1424 432 1507 461 esset;
1517 429 1644 456 omnibus
1655 433 1747 456 autem

956 476 1007 503 per
1019 469 1128 504 pietatis
1146 471 1205 498 vias
1218 477 1293 499 recte
1308 473 1483 500 currentibus
1501 477 1528 500 et
1542 474 1746 502 ardentioribus

957 519 985 543 et
1002 515 1226 550 perfectioribus,
1245 519 1448 547 remissioribus
1461 524 1541 555 atque
1560 520 1746 555 imperfectiu-

957 561 1051 595 ribus,
1067 566 1168 591 statera
1183 568 1211 591 et
1232 572 1360 592 mensura
1380 573 1456 600 aequa
1467 587 1474 599 ,
1493 571 1521 594 et
1541 567 1680 594 mercedes
1695 575 1745 602 pro

954 606 1080 641 ipsorum
1103 609 1297 644 progressibus
1316 612 1511 639 convenienter
1531 612 1604 647 apud
1622 612 1744 647 judicent

957 653 1147 680 universorum
1165 660 1258 689 parata
1269 660 1346 682 sunt.

952 697 990 725 '57
1003 698 1094 726 Rahab
1109 700 1194 727 minus
1208 701 1344 728 honestam
1361 701 1470 729 ducebat
1485 703 1577 736 vitam,
1592 709 1644 731 etc.

989 744 1067 778 Quod
1078 746 1188 781 quidem
1201 755 1248 781 per
1256 748 1366 775 unicam
1378 749 1485 776 viarum
1494 757 1555 784 quis
1566 750 1599 777 ad
1611 757 1744 785 supernas

954 788 1044 818 Patris
1059 792 1217 820 mansiones
1226 793 1330 820 ductmt
1345 798 1418 821 recte
1429 803 1566 823 emensam
1579 796 1744 831 iudicaverit

956 836 1030 864 Deus
1050 837 1203 872 iustiﬁcam
1220 839 1289 867 bene
1304 840 1500 872 ittcedcntes.et
1515 841 1625 873 llahab.
1643 843 1744 878 inquit,

955 884 1083 910 meretrix
1109 889 1137 912 et
1164 885 1326 920 publicanus
1352 890 1436 914 testes
1463 890 1538 914 sunt.
1567 887 1640 915 Illam
1669 890 1743 916 enim

956 934 1053 957 caetera
1067 930 1249 958 inordinatam
1260 952 1268 963 .
1280 932 1419 960 celebrent
1431 937 1459 960 et
1473 933 1605 968 insignem
1621 934 1743 970 perfecta

957 975 1132 1010 hospitalitas
1155 978 1290 1012 ostendit;
1308 978 1471 1013 publicanus
1491 987 1554 1006 vero
1574 984 1600 1006 et
1617 980 1675 1015 ipse
1694 988 1744 1016 per

953 1021 1226 1057 irrepre‘hensibilem
1248 1024 1426 1053 humilitatem
1439 1025 1582 1053 Pharisaeo
1594 1034 1624 1054 se
1636 1028 1743 1062 justum

952 1069 1112 1103 praedicanti
1126 1071 1266 1105 prmstitit.

953 1125 1050 1153 Melior
1063 1126 1199 1154 cwtibatus
1208 1148 1215 1160 ,
1231 1132 1284 1156 etc.

987 1172 1086 1201 Diccns
1103 1173 1176 1208 quod
1190 1174 1319 1208 possibile
1330 1179 1371 1202 cst
1385 1179 1412 1203 et
1428 1184 1476 1210 per
1487 1185 1568 1205 unam
1583 1178 1654 1206 viam
1670 1185 1743 1208 recte

950 1226 1090 1247 emensam
1107 1219 1260 1247 caelestium
1279 1220 1306 1248 in
1324 1229 1406 1248 ttnttm
1423 1223 1661 1253 tabernaculorum
1681 1235 1744 1255 sus-

951 1264 1060 1300 cipi.ne
1068 1266 1130 1301 quis
1145 1266 1280 1301 cogitaret
1295 1268 1422 1295 virtutem
1441 1268 1535 1297 furtim
1549 1272 1649 1299 malitia
1665 1280 1741 1299 com-

951 1310 1080 1343 misceri,
1098 1311 1169 1339 sicut
1184 1312 1276 1340 videre
1292 1318 1333 1340 est
1356 1314 1427 1349 apud
1450 1316 1683 1352 comcedos,qunsi
1702 1320 1742 1348 sic

951 1359 1044 1390 posset
1069 1364 1148 1392 agere
1173 1357 1278 1392 iustitia
1307 1358 1368 1388 Dei.
1394 1361 1573 1390 (-onformiter
1596 1363 1741 1400 Evangelia

938 1400 1088 1429 idoctor-iu
1107 1403 1204 1437 spiritu
1218 1403 1346 1439 judicans
1362 1406 1417 1433 haec
1441 1407 1538 1435 illustr:
1550 1413 1569 1436 t.
1588 1409 1654 1438 Esse
1668 1414 1740 1440 enim

950 1447 1132 1481 optitnos,sed
1156 1456 1209 1475 non
1226 1451 1435 1480 contiderrwult
1452 1453 1492 1479 lex
1502 1453 1620 1487 Spiritus
1632 1460 1658 1483 et
1675 1458 1743 1493 legi-

951 1492 1003 1524 l'er,
1019 1493 1077 1519 ideo
1091 1493 1173 1521 dicit:
1188 1494 1280 1522 Bonus
1292 1497 1436 1524 caelibatus
1450 1502 1476 1525 et
1493 1500 1667 1528 matrimonio
1682 1492 1740 1531 nte-

952 1538 1004 1565 lior
1026 1539 1158 1566 dicendus
1169 1561 1176 1571 ,
1193 1541 1239 1567 sed
1254 1549 1315 1569 vere
1337 1542 1497 1576 caelibatus.
1519 1545 1576 1572 sive
1586 1547 1739 1580 virginitas,

950 1585 1053 1612 ntundo
1076 1585 1099 1612 si
1121 1586 1264 1613 cntnutista
1288 1587 1333 1614 ﬁat
1356 1593 1383 1615 et
1404 1588 1503 1616 furtive
1523 1589 1669 1619 insinuatis
1692 1598 1739 1619 aut

950 1631 1125 1659 terrestribus
1145 1632 1355 1667 cogitationibus
1377 1635 1551 1665 consociata.
1581 1628 1738 1670 nuptiarum

950 1678 1145 1713 conjunctione
1166 1679 1242 1714 pejor
1263 1685 1323 1708 est:
1349 1681 1467 1716 speciem
1491 1682 1562 1708 enim
1590 1683 1740 1716 prudentia:

949 1725 1107 1754 hominibtts
1117 1726 1300 1759 extrinsecus,
1313 1727 1359 1754 sed
1374 1736 1427 1754 tton
1442 1728 1580 1755 veritatem
1594 1728 1619 1755 in
1632 1729 1740 1757 occulto

949 1772 1068 1799 ostendit
1082 1772 1202 1800 Christo.
1221 1773 1328 1801 Rursus
1342 1782 1348 1800 :
1362 1773 1485 1801 Prudens
1501 1775 1555 1801 vita
1567 1779 1593 1802 et
1608 1779 1696 1802 erecta
1713 1781 1740 1803 et
1777 1799 1781 1804 .

949 1819 1111 1854 philosopho
1126 1819 1208 1854 digna
1222 1827 1372 1855 pauperum
1390 1825 1417 1846 et
1434 1821 1460 1846 in
1479 1821 1615 1848 montibus
1629 1822 1738 1849 consis‘

950 1866 1064 1893 tentium
1091 1866 1301 1896 monachorum,
1317 1870 1343 1893 et
1372 1866 1447 1901 ipsos
1476 1874 1547 1900 saepe
1576 1867 1609 1894 de
1637 1868 1739 1894 virtute

949 1915 1085 1939 tumentes
1100 1912 1126 1938 in
1142 1919 1236 1938 casum
1256 1912 1367 1939 abstulit
1386 1912 1578 1947 praesumptio;
1594 1920 1648 1939 non
1666 1914 1739 1940 enim

948 1957 1086 1992 propriam
1103 1958 1230 1984 virtutem
1247 1957 1406 1985 melioribus
1422 1963 1613 1992 comparantes
1632 1965 1658 1986 et
1676 1967 1740 1994 per-

950 2003 1108 2030 l'ectioribus
1130 2003 1330 2036 humiliantur;
1353 2003 1452 2030 accidit
1476 2007 1505 2031 ut
1527 2011 1588 2031 cum
1609 2003 1740 2039 al'jectio-

948 2048 1026 2076 ribus
1049 2052 1077 2075 et
1100 2048 1240 2083 peioribus
1259 2048 1499 2083 morigerationcm
1522 2056 1598 2075 suam
1619 2049 1739 2084 a-quipa-

948 2099 1040 2122 rantes
1062 2098 1089 2121 et
1110 2094 1315 2128 superbientes,
1339 2095 1366 2122 in
1386 2098 1525 2129 peccatum
1544 2094 1738 2128 elTundantur;

948 2150 1020 2177 saepe
1040 2146 1067 2170 et
1087 2141 1202 2169 ferventi
1228 2143 1286 2169 zelo
1310 2143 1424 2177 spiritus
1449 2142 1638 2174 vehementes,
1660 2142 1740 2169 indo-

947 2193 1077 2219 mitorum
1099 2191 1262 2226 equulorum
1280 2195 1306 2218 et
1327 2191 1537 2218 intractatorum
1559 2191 1655 2224 instar,
1680 2192 1741 2219 sive

944 2240 1058 2276 jejuttiis
1072 2239 1268 2271 immoderatis.
1281 2240 1338 2267 sive
1352 2240 1452 2275 vigiliis
1465 2240 1665 2275 inopportunis,
1679 2241 1740 2268 sive

948 2289 1009 2318 aliis
1026 2289 1189 2324 quibusdam
1205 2289 1451 2316 exercitationibus
1466 2296 1496 2316 se
1511 2289 1671 2316 extollentes
1689 2297 1740 2316 ex-

947 2343 989 2366 tra
1004 2339 1114 2366 modum
1132 2342 1158 2366 et
1174 2345 1256 2372 supra
1270 2338 1295 2365 id
1313 2339 1384 2373 quod
1398 2337 1555 2374 oportebat,
1573 2346 1623 2366 nec
1637 2345 1737 2366 secun-

946 2389 1011 2416 dutn
1030 2388 1176 2416 asceticam
1193 2388 1278 2423 legem
1301 2388 1406 2423 praxim
1428 2392 1590 2414 exercentes
1615 2387 1739 2419 virtutis,

945 2437 1042 2473 procul
1061 2444 1075 2463 a
1098 2440 1168 2463 meta
1182 2441 1211 2463 et
1224 2442 1239 2462 a
1263 2434 1358 2462 bravio
1381 2434 1537 2469 perierunt;
1555 2434 1739 2469 quamobrem

947 2485 1117 2514 admirabilis
1130 2484 1175 2512 ille
1187 2484 1362 2511 consiliarius
1376 2483 1465 2518 inquit
1481 2482 1545 2510 :Vel
1562 2482 1668 2511 levibus
1685 2483 1739 2510 alis

946 2541 1063 2569 exsurge
1076 2541 1091 2560 a
1105 2537 1178 2560 terra
1196 2537 1224 2560 et
1240 2540 1255 2559 a
1272 2531 1451 2559 terrestribus
1463 2530 1696 2558 sollicitudinibus
1711 2536 1740 2559 et

946 2583 1089 2611 desideriis
1097 2589 1148 2616 per
1158 2584 1344 2617 paupertatem
1357 2579 1504 2615 perlectam
1512 2583 1545 2607 let
1555 2579 1738 2607 humilitatem

946 2631 1075 2667 optimam
1096 2634 1126 2657 et
1150 2636 1285 2656 summam
1311 2627 1494 2663 cupiditatum
1511 2628 1736 2663 exeuttnionem,

946 2680 987 2708 vel
1000 2680 1028 2707 in
1042 2678 1136 2707 inﬁmo
1154 2685 1269 2705 manens
1286 2680 1313 2704 et
1326 2681 1356 2704 te
1377 2677 1470 2711 ipsum
1482 2676 1564 2704 nihili
1587 2676 1695 2704 faciens
1710 2679 1739 2704 et

947 2728 1105 2758 humilians,
1121 2725 1258 2754 neminem
1268 2726 1352 2753 etiam
1370 2725 1452 2752 alium
1463 2724 1592 2759 judicans
1608 2728 1654 2751 aut
1667 2731 1738 2752 con-

947 2777 1079 2805 demnans
1107 2779 1167 2802 tuto
1198 2781 1279 2801 curre
1304 2781 1338 2800 ne
1359 2773 1429 2801 forte
1455 2773 1498 2800 vel
1523 2772 1667 2801 desideriis
1692 2771 1738 2799 in-

948 2823 1130 2860 sipientibus,
1167 2823 1205 2850 vel
1233 2817 1382 2857 impetibus
1411 2821 1663 2854 irrationabilihtts,
1692 2819 1738 2847 vel

947 2873 1072 2903 consiliis
1094 2872 1222 2908 superbis
1250 2870 1482 2907 praesumptionis,
1501 2870 1600 2900 mentis
1619 2870 1670 2898 alis
1693 2871 1738 2896 in-
