1920 3046
123 127 182 155 πο

117 188 171 222 τῆς
188 186 272 213 αὑτοῦ
292 186 409 221 κ’ρίσιως
425 185 542 221 ἡμέραν.
567 184 659 210 Ταῦτα
674 184 762 210 πάντα
775 203 782 214 ,
801 183 882 218 φησιν
901 183 915 208 ὁ

119 232 195 268 ἱερὸς
219 232 314 266 λόγος,
341 232 371 257 οὐ
398 232 453 262 τοῖς
480 231 547 266 μὲν,
564 232 620 262 τοῖς
639 230 661 256 δ’
677 229 724 261 οὒ,
743 229 811 256 ἀλλὰ
833 229 915 256 πᾶσιν

119 278 222 313 ἄριστα
250 278 297 303 καί
323 276 456 310 λυσιτελῆ,
488 276 533 302 καὶ
561 275 663 310 ὁμοίως
688 275 771 301 πᾶσιν
799 273 915 309 ἁρμόδια

120 324 230 358 πέφυκε
246 323 420 358 Χριστιανοῖς
436 332 442 337 ”
458 323 481 348 εί
495 322 517 348 δ’
529 322 617 357 ἄκρην
633 320 733 351 τελέως
748 320 798 351 ίοις
811 319 914 355 τρίϐον,

117 369 195 396 τοῦτ’
220 368 311 398 ἐστιν,
337 369 361 395 εἰ
386 369 414 394 δὲ
434 368 484 402 τὴν
507 367 662 402 ἀκροτάτην
679 366 726 394 καὶ
741 365 915 399 τελειοτάτην

120 414 193 441 κατά
216 414 333 450 θεωρίαν
356 414 428 448 φημὶ
449 414 494 440 καὶ
517 412 616 448 πρᾶξιν
638 412 684 439 τοῦ
715 411 834 447 Χριστοῦ
856 411 916 437 ὁδὸν

118 460 263 495 διασιῴης,
283 460 375 486 οὐκέτι
391 459 517 494 καθάπερ
534 457 574 491 εἷς
591 458 645 485 τῶν
661 457 775 493 βροτῶν,
790 457 859 484 ἀλλά
873 466 914 489 τις

117 507 246 542 οὐράνιος
260 506 293 532 ἃν
307 506 366 541 εἴης
382 505 525 541 ἄνθρωπος
544 507 600 537 τοῖς
617 504 768 540 Γρηγορίου
782 512 913 539 κατηρτι-

119 552 220 588 σμένος
228 551 330 587 νόμοις.

298 597 379 629 Ὅροι
390 596 462 628 ,βίου
479 596 547 632 (72).

119 640 133 667 1
159 641 275 674 Ὠμοσα
289 640 449 675 τὸν-Λόγον
462 641 566 673 αὐτόν,
586 648 613 668 κ.
631 649 655 668 τ.
671 640 696 668 λ.

160 685 269 720 Ἐπειδὴ
300 685 331 712 οὐ
355 685 443 719 ψιλοῖς
469 686 516 712 καὶ
534 685 670 721 ἀκάρποις
693 685 780 719 λόγοις
805 683 915 719 διδαχῆς

114 731 131 757 ὁ
147 731 332 765 πνευματικὸς
354 731 436 765 νόμος
454 732 482 757 ἐν
509 731 566 763 τοῖς
592 731 704 761 τελείοις
728 730 913 766 παραδίδοται,

115 775 214 811 ὥσπερ
239 776 253 802 ὁ
280 775 383 810 Ἰησοῦς
413 776 494 807 αὐτὸς
519 776 533 803 ὀ
556 776 602 803 τοῦ
627 776 780 811 πνεύματος
807 775 915 802 τελειω-

114 821 167 855 τὴς
190 821 237 847 καὶ
260 820 418 855 νομοθέτης,
440 821 531 857 ἔργοις
558 821 666 857 πρῶτον
693 821 818 856 ποιήσας,
843 819 914 846 οὕτω

114 869 175 899 τοῖς
203 868 293 902 λόγοις
320 867 448 900 ἐδίδαξεν,
472 868 544 895 οὕτω
569 868 617 895 καὶ
636 869 660 894 οἱ
689 868 793 903 γνήσιοι
818 866 913 893 τούτου

113 914 202 950 δρῶσι
223 913 357 949 μαθηταὶ,
376 913 448 940 οὕτω
467 915 513 940 καὶ
532 915 546 940 ὁ
570 913 852 950 ίεροτελεστικώτατος
868 910 914 939 οὗ·

113 969 163 992 τος
180 960 235 987 τῶν
257 959 337 986 θείων
356 960 460 996 μύστης
479 960 526 987 καὶ
544 960 732 996 μυσταγωγὸς,
754 959 914 995 ὑπογράψας

114 1008 180 1039 τοὺς
199 1006 253 1033 τῶν
270 1007 413 1042 μακαρίων
438 1007 475 1039 ὼς
502 1007 531 1033 ἐν
553 1006 709 1040 κεφαλαίοις
732 1006 815 1040 βίους,
835 1005 914 1031 ὕστε-

116 1062 164 1090 ρον
179 1054 207 1081 δὲ
228 1054 273 1080 τὸν
293 1054 459 1080 τελειότατον
484 1053 638 1088 ἐπενεγκὼν
659 1054 742 1088 (φημὶ
759 1053 790 1088 δὴ
814 1053 845 1079 τὸ
860 1053 914 1079 πά-

114 1109 168 1131 σας
196 1100 246 1135 μὲν
267 1099 316 1134 τῆς
339 1098 437 1130 κακίας
463 1099 539 1130 ὁδοὺς
565 1099 745 1133 ἀποστυγεῖν,
766 1099 834 1135 πρὸς
861 1099 913 1126 πά-

115 1155 167 1177 σας
186 1146 215 1172 δὲ
236 1146 338 1181 Κυρίου
358 1145 555 1180 κατωρθῶσθαι
578 1145 627 1177 τὰς
651 1145 842 1178 ὲντολὰς),τὸν
863 1145 913 1172 αὐ-

112 1192 162 1218 τοῦ
187 1191 244 1226 βίον
265 1191 356 1218 λοιπὸν
371 1191 433 1226 ὅρον
457 1190 501 1217 καὶ
520 1191 602 1226 νόμον
616 1190 798 1226 παραδίδωσι·
819 1190 863 1216 ναὶ
880 1190 912 1226 δὴ

114 1237 164 1264 καὶ
179 1236 228 1268 τὰς
252 1237 344 1271 εὐχὰς,
359 1235 392 1267 ἃς
411 1235 513 1270 ηὒξατο
529 1236 639 1270 Κυρίῳ,
654 1235 786 1270 σφραγῖδα
800 1235 849 1270 τῆς
862 1235 912 1261 αὐ-

113 1283 164 1309 τοῦ
178 1282 289 1318 διδαχῆς
302 1283 348 1310 καὶ
370 1282 418 1317 τῆς
443 1281 623 1316 εὐαγγελικῆς
636 1280 755 1316 βιώσεως
768 1281 912 1315 βεϐαίωσιν

114 1328 277 1364 προτίθησιν
305 1328 382 1362 ἡμῖν,
411 1326 551 1361 μονονουχὶ
578 1325 665 1353 ταῦτα
687 1327 769 1353 πᾶσιν
793 1326 912 1361 ὲμϐοῶν.

113 1375 156 1401 ὅτι
172 1374 304 1408 Mummi
326 1382 386 1408 μου
401 1373 532 1408 γίνεσθε,
554 1373 647 1406 καθὼς
669 1373 750 1408 κάγὼ
764 1372 893 1406 Χριστοῦ
903 1381 909 1387 ·

113 1420 220 1454 ὤμοσα
249 1419 303 1456 γὰρ
329 1420 379 1446 καί
411 1420 547 1454 ἐστησα,
575 1419 645 1446 κατὰ
674 1419 720 1445 τὸν
751 1418 912 1454 ίεροψάλτην

112 1466 208 1498 Δαόὶδ,
225 1466 279 1493 τοῦ
301 1466 493 1500 φυλάξασθαι
516 1466 553 1493 τὰ
577 1465 702 1499 κρίματα
722 1464 777 1498 τῆς
799 1464 911 1492 δικαιο-

114 1513 216 1546 σύνης
228 1511 282 1539 τοῦ
296 1512 425 1546 Χριστοῦ
435 1520 442 1527 ·
458 1511 553 1547 ὤμοσα
569 1511 617 1538 τὸν
632 1511 716 1545 Λόγον
734 1510 817 1537 αὐτοῦ
834 1510 911 1545 πρῶ-

113 1565 161 1583 τον
175 1557 437 1592 ἐπιμαρτυρόμενος,
453 1557 481 1588 ὃς
498 1565 543 1592 μοι
560 1556 608 1582 καὶ
621 1556 687 1587 Θεός
701 1556 758 1582 ἐστι
772 1555 909 1590 μέγιστος,

114 1604 145 1636 ἐξ
158 1602 292 1630 ἀθανάτου
312 1603 419 1638 Πατρὸς
441 1601 490 1633 ὢν,
508 1602 546 1634 ὡς
560 1602 588 1635 ἐξ
606 1601 693 1637 ἀρχῆς
714 1601 796 1637 ἁρχὴ.
811 1601 857 1627 καὶ
870 1601 910 1627 εἰ-

114 1648 173 1675 κὼν
189 1648 397 1684 ἀπαράλλακτος
412 1647 458 1674 τοῦ
477 1647 640 1683 ἀρχετύπου,
655 1647 684 1679 ὃς
708 1648 737 1673 ὲν
753 1648 797 1683 ἴσῃ
814 1648 860 1673 καὶ
875 1648 909 1682 τῇ

114 1694 185 1729 αὐτῇ
203 1694 281 1729 φύσει
295 1694 343 1720 τοῦ
354 1692 518 1728 Γεννήτορος
531 1693 671 1728 ὑπάρχων,
684 1693 723 1724 εἰς
743 1692 788 1718 τδν
802 1691 855 1719 τῶν
867 1693 910 1719 ἀν-

115 1740 234 1776 θρώπων
258 1739 314 1774 βίον
331 1739 476 1774 οὐρανόθεν
496 1739 616 1774 καθῆκεν
640 1738 782 1774 ἀτρέπτως
802 1739 907 1765 ἑαυτόν.

117 1786 218 1812 Τοῦτον
228 1784 335 1820 ὤμοσα.
344 1785 420 1819 φησὶ,
429 1784 475 1812 τὸν
481 1785 576 1819 Λόγον,
584 1784 631 1811 καὶ
641 1784 679 1819 τῷ
690 1783 748 1819 ἐμῷ
760 1783 798 1818 νῷ
808 1783 871 1819 ἔστη
876 1792 910 1811 σα

114 1832 162 1859 τὸν
184 1832 265 1867 ὅρκον
285 1831 333 1858 τοῦ
362 1832 467 1867 μήποτε
488 1831 593 1867 πονηρὰ
614 1830 750 1866 ὲννοήσειν
768 1829 838 1857 κατὰ
862 1829 909 1856 τοῦ

115 1877 196 1909 Θεοῦ,
208 1877 278 1904 ὥστε
293 1877 309 1912 ἢ
323 1877 369 1904 τὸν
389 1877 475 1912 μέγαν
485 1877 557 1904 Νοῦν
567 1876 614 1902 καὶ
633 1876 743 1912 Πατέρα
758 1875 855 1910 ῥίψειν,
871 1875 909 1902 ετ-

115 1932 181 1949 τουν
193 1923 347 1958 ἀτιμάσειν,
360 1923 400 1958 τῷ
418 1922 453 1958 μὴ
468 1923 524 1949 ἴσον
536 1922 583 1948 καὶ
594 1921 682 1957 ἐαυτῷ
693 1921 835 1957 όμοούσιον
848 1931 910 1956 γεν-

116 1970 167 2004 νᾷν
182 1969 281 2003 λέγειν,
301 1970 318 2005 ἢ
343 1969 423 1996 αὑτὸν
449 1968 580 2003 ἀθετῆσαι
605 1968 650 1994 τὸν
672 1968 756 2002 Λόγον
777 1968 910 2004 ἀλλοτρίῳ

116 2017 189 2051 λόγῳ
203 2015 393 2052 ἀλλοςριοῦντα
404 2015 498 2041 τοῦτον
515 2014 561 2040 τοῦ
577 2014 691 2049 Πατρός.
710 2014 788 2040 Κατὰ
802 2014 909 2049 πρῶτον

117 2062 169 2096 μὲν
185 2060 232 2089 οὖν
245 2062 324 2096 λόγον
343 2061 438 2088 τοῦτον
452 2060 546 2096 ὤμοσα
561 2060 606 2086 τὸν
622 2061 702 2095 ὁρκον
721 2059 786 2095 περὶ
805 2060 854 2095 τῆς
880 2060 909 2086 ἐν

116 2110 180 2144 ἐμοὶ
199 2109 326 2141 πίστεως,
345 2109 368 2134 εί
392 2108 441 2143 τὴν
462 2107 526 2142 μίαν
550 2107 597 2132 καὶ
622 2105 834 2140 ὖπερηνωμένην
852 2104 910 2132 θεό-

114 2163 187 2190 τητα
215 2155 264 2190 τῆς
289 2154 448 2189 ὑπερφώτου
480 2153 501 2178 Τ
505 2152 592 2187 ριάδος
617 2151 786 2186 διακόψαιμι,
813 2152 910 2186 ῥοπαῖς

117 2202 222 2237 καιρῶν
247 2201 373 2237 πονηρῶν
400 2201 446 2228 καὶ
465 2200 603 2235 ἀρχόντων
634 2199 765 2233 ἑπόμενος
795 2198 909 2233 νεύμασι

114 2247 239 2276 ἀσεϐῶν·
254 2246 324 2274 κατὰ
341 2246 467 2281 δεύτερον
487 2245 515 2271 δὲ
537 2245 615 2279 λόγον
631 2244 722 2279 ὀμόσω
738 2245 801 2278 περὶ
815 2243 911 2279 φιλαρ-

116 2294 188 2328 χίας,
201 2294 225 2319 εἰ
241 2292 347 2328 μεγάλῃ
360 2291 478 2327 καθέδρᾳ
491 2292 536 2317 καὶ
547 2291 593 2317 τοῦ
606 2290 699 2326 θρόνου
710 2290 760 2324 τῆς
777 2288 911 2324 βασιλίδος

117 2339 264 2375 προεδρείᾳ
278 2341 292 2366 ὁ
310 2339 376 2374 ἐμός
396 2347 459 2365 ποτε
484 2338 545 2370 νοῦς
566 2337 802 2372 παροιστρήσειεν,
817 2335 910 2369 ἀλογί-

116 2395 189 2418 στως
202 2386 272 2420 ἐρῶν
283 2387 329 2412 καὶ
344 2384 580 2420 πρωτοκαθεδρίας
592 2383 779 2418 ἀντεχόμενος,
793 2382 809 2417 ἦ
823 2382 910 2409 ἄλλων

115 2433 165 2460 ἐπὶ
176 2432 261 2459 ταῦτα
279 2431 444 2467 βιαζομένων
457 2430 606 2466 ἀλλοτρίοις
624 2430 715 2460 πόθοις
728 2429 777 2464 τὴν
793 2427 909 2463 ἐμαυτοῦ

116 2480 198 2515 χεῖρα
212 2478 424 2513 συνελκυσθῆναι
443 2476 593 2511 παραδοίην
603 2483 609 2490 ·
624 2475 664 2501 ἔτι
680 2475 708 2501 δὲ
724 2474 813 2509 τρίτον
832 2474 912 2508 ὠμω-

116 2525 210 2553 γρκειν
230 2523 295 2559 περὶ
314 2523 362 2549 τοῦ
385 2522 542 2549 πεποιθέναι
566 2522 609 2548 ἐπ’
626 2521 795 2556 ἀνθρώπους,
817 2520 840 2546 εἰ
862 2519 911 2554 ἔμ-

117 2570 220 2607 προσθε
236 2570 282 2597 τοῦ
298 2569 365 2596 Θεοῦ
378 2570 425 2596 καὶ
437 2568 484 2595 τοῦ
505 2567 622 2604 Χριστοῦ
637 2567 720 2594 αὐτοῦ
735 2567 784 2601 τῆς
799 2565 911 2600 βεϐαίας

117 2617 223 2653 πέτρας
246 2616 294 2643 καὶ
316 2616 453 2650 ἀσφαλοῦς
474 2615 508 2641 τὰ
534 2615 671 2650 πείσματα
690 2613 737 2641 καὶ
758 2613 821 2645 τοὺς
837 2613 912 2646 λογι-

153 2733 211 2769 (72)
224 2732 301 2769 Apud
317 2731 424 2769 liillinm
440 2739 530 2769 carm._
541 2737 618 2769 ιινιιἰ
630 2729 798 2769 insqiptutn
811 2727 910 2769 Ἤρκει

116 2768 134 2806 ἢ
146 2762 313 2806 ἐπαγγελίαι
326 2762 808 2806 6E’_§pxou._jusittrauaum.Gregorii.
831 2762 910 2806 p532

117 2798 162 2832 e'tl.
179 2798 277 2831 cdtbu.
297 2811 324 2836 p.
338 2798 394 2828 949'
407 2801 450 2828 ed.
468 2798 616 2828 Leuvencl.
629 2800 685 2835 (ed.
710 2798 774 2826 nev.
801 2807 827 2834 p.
842 2798 909 2830 605,

118 2840 170 2866 sub
183 2839 265 2866 titulo
283 2838 380 2872 ’Ὁρκοι
401 2836 575 2872 Γρηγορίου).
592 2836 799 2872 inargnmento
818 2838 909 2860 autent

118 2875 192 2911 quod
212 2869 347 2911 praemisit
365 2869 564 2901 commentario
584 2870 652 2899 dicit
669 2869 763 2898 Billius
779 2869 831 2897 hoc
846 2875 909 2896 car—

626 121 660 151 ΪΝ
679 122 834 152 CARMINA
848 121 985 150 ARCANA
1015 121 1225 150 S.GREGOR|L

1701 122 1756 152 77;

974 180 1022 208 sed
1044 181 1172 208 omnibus
1193 180 1294 215 optima
1316 183 1343 206 et
1360 179 1436 207 utilia
1460 183 1486 207 et
1507 179 1609 214 pariter
1628 180 1756 208 omnibus

966 227 1063 254 idonea
1084 232 1194 254 manent
1212 226 1393 259 Christianis;
1419 227 1441 252 si
1463 230 1554 252 tamen
1578 226 1755 253 escellculetn

965 272 1084 307 perfecte
1110 274 1234 300 semitam
1258 276 1370 304 teneas,
1390 271 1418 298 id
1435 275 1494 303 est,
1520 271 1542 298 si
1568 278 1702 298 summam
1729 275 1756 298 et

966 320 1194 356 perfectissimam
1207 339 1214 352 ,
1232 318 1381 346 secundum
1400 317 1520 344 divinam
1538 317 1754 348 meditationem.

965 367 1039 399 dico,
1063 370 1091 393 et
1114 365 1220 401 praxim
1245 364 1347 391 Christi
1375 364 1446 390 viam
1475 362 1595 397 degeris,
1618 370 1756 397 nusquam

965 411 1044 447 quasi
1064 419 1136 438 unus
1150 409 1324 440 mortalium,
1339 409 1386 436 sed
1402 409 1522 436 cmlestis
1540 409 1651 443 quidam
1673 408 1755 436 homo

967 465 1055 489 esses.
1068 456 1175 492 legibus
1197 455 1319 491 Gregorii
1336 455 1495 482 conformis.

1039 593 1106 620 Vita:
1123 593 1237 628 Regula.

966 640 978 666 Ι
1000 638 1096 666 Ιυνουί
1117 639 1228 666 Verbum
1243 640 1328 673 ipsum
1341 657 1348 670 ,
1363 643 1417 667 etc.

1002 685 1030 712 Si
1057 685 1167 720 quidem
1194 692 1248 712 non
1278 685 1380 712 vilibus
1404 689 1430 712 et
1454 684 1634 713 infructuosis
1661 685 1753 713 verbis

964 731 1131 763 documenti,
1147 731 1298 766 spiritualis
1316 731 1357 757 lex
1371 732 1397 757 in
1407 731 1534 766 perfectis
1550 731 1753 764 traditur,sicut

964 777 1044 805 Jesns
1056 776 1115 811 ipse
1125 777 1252 811 spiritum
1263 775 1409 811 perliciens
1425 777 1583 811 legibusque
1593 776 1754 810 subiiciens,

965 830 1028 849 cum
1045 822 1134 857 primo
1152 822 1283 857 operibus
1301 821 1411 849 fecisset
1425 822 1464 849 sic
1477 821 1568 848 verbis
1582 821 1695 854 docuit,
1713 821 1754 848 sic

965 872 992 896 et
1007 868 1062 895 veri
1083 868 1168 902 ipsius
1186 868 1290 895 faciunt
1312 868 1457 902 discipuli,
1478 868 1518 895 sic
1534 871 1560 895 ct
1576 872 1689 896 sanctus
1709 868 1754 895 ille

964 914 1073 942 arcanis
1090 914 1212 946 initians,
1235 914 1264 940 in
1288 915 1417 949 mysteria
1441 914 1532 941 divina
1558 918 1705 949 penetrans
1725 917 1755 941 et

964 960 1117 992 inducens.
1135 968 1197 987 cum
1218 959 1251 987 de
1268 960 1408 987 beatorum
1428 961 1480 987 vita
1498 961 1653 995 scripsisset
1673 960 1753 995 quasi

964 1014 1013 1041 per
1029 1007 1129 1041 capita,
1146 1006 1294 1034 novissime
1307 1006 1536 1040 perfectissimum
1548 1005 1707 1040 aggrediens
1717 1019 1754 1028 —

963 1052 1025 1079 dico
1047 1057 1122 1080 certe
1146 1060 1242 1080 omnes
1266 1052 1378 1080 malitia:
1402 1052 1461 1079 vias
1488 1053 1616 1079 detestari
1633 1052 1753 1086 etjuxta

963 1098 1056 1126 omnia
1080 1098 1210 1125 mandata
1236 1098 1317 1133 dirigi
1344 1113 1379 1118 ——
1405 1097 1596 1133 perfectissimi
1621 1098 1753 1133 reliquam

964 1147 1046 1173 vitam
1059 1165 1066 1177 ,
1084 1146 1206 1177 regulam
1221 1151 1248 1173 et
1263 1146 1348 1180 legem
1366 1145 1470 1177 tradit,
1486 1152 1551 1180 ergo
1566 1152 1660 1179 preces
1684 1152 1753 1179 quas

963 1190 1080 1218 Domino
1101 1191 1235 1222 adhibuit,
1253 1191 1426 1225 signaculum
1443 1190 1600 1217 documenti
1625 1190 1712 1224 ipsius
1727 1193 1755 1216 et

963 1237 1134 1277 Evangelica;
1150 1239 1211 1265 vita:
1228 1236 1464 1264 conﬁrmationem
1480 1237 1570 1272 prodit
1588 1237 1681 1268 nobis,
1697 1235 1755 1263 feto

963 1283 1020 1311 haec
1035 1285 1158 1312 clamans
1173 1284 1319 1311 omnibus:
1335 1282 1487 1310 Imitaturet
1506 1283 1556 1310 mei
1572 1288 1671 1314 estote,
1686 1282 1753 1309 sicut

962 1335 986 1356 et
1004 1338 1052 1365 ego
1075 1329 1176 1357 Christi
1192 1331 1212 1365 (l
1228 1329 1291 1357 Car.
1307 1339 1346 1361 ιι,
1360 1329 1405 1364 l);
1426 1336 1488 1356 nam
1504 1330 1596 1363 juravi
1617 1334 1641 1356 et
1659 1329 1752 1362 statui,

962 1377 1112 1404 secundum
1136 1375 1310 1403 Psalntistam
1327 1375 1422 1407 David,
1435 1375 1567 1402 custodire
1578 1375 1681 1410 judicia
1693 1375 1754 1408 jus-

963 1423 1028 1449 titia:
1053 1422 1146 1458 (Psal.
1169 1429 1269 1454 cxvm,
1289 1422 1359 1457 106)
1381 1422 1500 1454 Christi;
1524 1421 1612 1457 juravi
1634 1421 1753 1449 Verbutn

963 1468 1024 1502 ejus
1038 1468 1153 1502 primum
1167 1468 1309 1496 obtestans
1323 1467 1433 1500 Filium,
1447 1469 1493 1503 qui
1508 1468 1575 1495 mihi
1589 1472 1616 1494 et
1631 1466 1700 1494 Deus
1711 1471 1754 1495 est

962 1514 1098 1541 maximus
1111 1534 1118 1547 ,
1135 1522 1169 1541 ex
1187 1514 1333 1541 immortali
1353 1513 1451 1547 Patre,
1477 1515 1548 1541 sicut
1567 1522 1598 1541 ex
1618 1514 1753 1548 principio

962 1559 1125 1594 principium
1143 1564 1170 1587 et
1196 1561 1285 1595 imago
1304 1561 1446 1588 verissitna
1470 1559 1668 1595 arcltetypi,qui
1688 1567 1750 1586 cum

961 1607 997 1632 sit
1012 1607 1038 1632 in
1053 1606 1147 1633 cadent
1161 1610 1188 1633 et
1199 1606 1296 1641 aequali
1311 1610 1408 1633 natura
1424 1614 1486 1633 cum
1501 1605 1598 1636 Patre,
1617 1605 1643 1632 in
1661 1605 1752 1631 homi-

961 1659 1026 1678 num
1040 1652 1121 1678 vitam
1138 1651 1173 1679 de
1187 1652 1265 1679 malis
1282 1652 1401 1686 seipsum
1417 1652 1520 1687 absque
1537 1651 1687 1678 mutatione
1705 1651 1753 1678 de-

961 1697 1077 1725 scendit.
1095 1697 1298 1732 Supradictum,
1317 1697 1415 1733 inquit,
1434 1697 1552 1724 Verbum
1569 1696 1658 1731 juravi
1680 1700 1707 1724 et
1724 1697 1753 1724 in

961 1752 1020 1771 mea
1047 1747 1137 1771 tuente
1160 1744 1242 1771 statui
1266 1743 1452 1778 juramenturn
1483 1751 1622 1778 nunquam
1644 1743 1677 1770 de
1698 1742 1754 1769 Deo

961 1790 1033 1817 mala
1051 1790 1208 1825 cogitandi,
1225 1797 1294 1817 neve
1313 1797 1441 1825 magnum
1452 1789 1582 1823 Spiritum
1603 1793 1630 1816 et
1646 1788 1752 1816 Patrem

961 1834 1099 1862 destrnsm
1112 1839 1139 1862 et
1159 1834 1320 1862 inhonorcm
1334 1835 1360 1862 in
1374 1834 1576 1869 dicendo,quod
1592 1842 1646 1861 non
1659 1842 1752 1869 aequa-

961 1881 1013 1909 lem
1029 1882 1080 1917 ipsi
1099 1887 1126 1908 ct
1142 1881 1333 1909 homoousium
1350 1880 1602 1908 consubstantialem
1617 1881 1750 1915 genui-rit,

962 1936 1029 1955 neve
1037 1929 1126 1963 ipsum
1136 1928 1283 1962 despiciam
1297 1926 1415 1955 Verbum
1428 1927 1517 1953 alieno
1529 1927 1612 1954 verbo
1625 1927 1648 1954 si
1663 1927 1752 1961 ipsum

962 1982 976 2002 a
984 1974 1065 2002 Patre
1072 1975 1255 2009 separaverim
1261 1974 1365 2007 .Quoad
1374 1974 1490 2008 primum
1497 1980 1563 2007 ergo
1570 1973 1684 2000 verbum
1690 1973 1753 2004 ,lmc

959 2020 1153 2056 jusjurandum
1167 2020 1258 2055 juravi
1273 2020 1306 2047 de
1323 2019 1375 2047 [ide
1391 2026 1452 2055 quae
1465 2020 1491 2045 in
1507 2026 1551 2045 me
1566 2023 1617 2047 est.
1633 2018 1657 2046 si
1671 2026 1752 2045 unam

961 2070 988 2094 et
1005 2073 1111 2094 summe
1127 2066 1231 2092 unitant
1246 2065 1417 2092 divinitatem
1431 2064 1595 2091 clarissimrc
1610 2062 1752 2089 Trinitatis

960 2111 1144 2140 destruxerim
1160 2111 1372 2138 durissimarum
1388 2110 1415 2137 in
1436 2114 1574 2137 momento
1599 2113 1752 2143 temporum

961 2160 988 2185 et
1011 2156 1218 2184 dominantibus
1242 2156 1334 2191 impiis
1349 2175 1356 2188 ,
1383 2163 1521 2183 consensu
1547 2155 1750 2190 obtemperans.

962 2202 1057 2235 Quoad
1072 2201 1222 2229 secundum
1240 2202 1353 2229 verbum
1363 2223 1371 2235 ,
1386 2201 1486 2236 jnrabo
1502 2200 1536 2228 de
1551 2200 1709 2230 ambitione,
1728 2199 1752 2226 si

962 2248 994 2275 ad
1021 2255 1146 2283 magnam
1172 2247 1331 2276 cathedram
1361 2252 1388 2275 et
1413 2246 1752 2282 prazeminentiamtltroni

962 2294 1062 2328 reginae
1084 2293 1156 2320 forte
1173 2301 1250 2320 mens
1268 2301 1326 2319 mea
1347 2293 1459 2320 irruerit
1478 2292 1679 2319 inconsiderate
1694 2298 1753 2318 am-

962 2339 1040 2367 biens
1062 2343 1089 2367 et
1107 2339 1209 2374 pritnas
1232 2338 1311 2366 sedes
1336 2339 1468 2371 retinens,
1483 2342 1529 2364 aut
1551 2337 1613 2364 aliis
1638 2337 1671 2364 ad
1698 2337 1752 2364 ista

961 2387 1035 2413 omni
1052 2393 1102 2421 ope
1119 2391 1200 2420 atque
1217 2392 1298 2420 opera
1312 2385 1481 2412 enitentibus
1497 2384 1596 2411 alienis
1608 2383 1753 2410 desideriis

962 2439 1073 2458 manum
1088 2439 1174 2458 meant
1187 2431 1296 2458 extendi
1310 2429 1492 2458 alTeclaverim
1505 2439 1512 2463 ;
1527 2429 1614 2456 adhuc
1630 2433 1657 2455 et
1672 2428 1754 2455 tertio

960 2476 1117 2511 juraveram
1143 2477 1177 2504 de
1193 2476 1357 2503 confidendo
1379 2477 1405 2503 in
1425 2475 1592 2506 hominibus.
1612 2475 1635 2502 si
1659 2482 1752 2501 coram

962 2521 1018 2549 Deo
1032 2527 1059 2549 et
1072 2521 1185 2549 Christo
1199 2521 1275 2556 ejus,
1293 2526 1369 2557 petra
1386 2521 1462 2548 ﬁrma
1482 2526 1508 2548 et
1526 2525 1582 2547 tuta
1596 2540 1602 2550 .
1624 2519 1752 2547 fiduciam

961 2572 989 2595 et
1000 2567 1115 2596 consilia
1131 2568 1224 2595 cordis
1236 2567 1352 2594 alTerens
1365 2567 1503 2594 hominem
1518 2566 1658 2593 habuerim
1674 2566 1753 2592 auxi-

962 2613 1086 2642 liatorem
1099 2618 1125 2641 et
1137 2613 1303 2648 adjutorem;
1318 2617 1411 2649 postea
1421 2613 1512 2648 juravi
1533 2612 1621 2640 adhuc
1632 2612 1666 2639 de
1676 2619 1754 2639 arro-

963 2737 1023 2758 men
1047 2730 1074 2757 in
1094 2729 1165 2757 libro
1184 2728 1373 2763 manuscripto
1397 2734 1553 2763 connexum
1581 2726 1665 2752 fuisse
1687 2732 1752 2752 cum

962 2766 1151 2800 praecedente,
1167 2763 1239 2800 quod
1262 2762 1433 2798 ipse’tamen
1459 2770 1514 2789 non
1533 2762 1593 2800 sine
1608 2768 1752 2800 causae):-

962 2796 1021 2828 ensi
1047 2796 1152 2828 codicis
1177 2796 1371 2828 auctoritatem
1391 2803 1506 2826 secutus
1524 2796 1752 2833 distinguendum

962 2841 1060 2872 pntarc
1066 2837 1110 2864 rit.
