1920 3046
116 124 174 154 ’177

120 193 213 221 μενος,
228 184 325 221 βραχεῖ
336 186 453 222 ἐπιλόγῳ
464 187 616 214 συνέκλεισε
627 188 690 220 τοὺς
699 189 807 224 ὅρκους,
820 188 912 215 Τοῖσδε

119 230 224 265 νόμοις,
236 230 332 265 λέγων,
347 231 430 268 ἔδησα
443 232 508 268 ἐμὸν
521 233 578 268 βίον
587 242 594 248 ·
607 234 631 260 εἰ
646 234 675 260 δὲ
692 234 784 261 πόθοιο
793 234 823 266 ἐς
836 234 912 266 τέλος

119 275 242 311 ἱκοίμην,
256 277 380 311 Ἀφθιτε,
396 279 450 304 σεῖο
466 278 555 314 χάρις.
577 279 647 313 Ἐγὼ
670 280 728 315 μὲν,
747 279 809 315 ἔφη,
824 280 912 306 τοῖσδε

117 320 166 346 τοῦ
188 321 346 357 Πνεύματος
369 324 426 355 τοῖς
448 324 541 360 νόμοις
559 325 607 351 καὶ
628 325 701 360 ὅροις
723 325 768 352 τὸν
792 325 911 360 ἐμαυτοῦ

119 365 177 401 βίον
192 369 448 404 κατησφα).ισάμην’
469 371 495 397 εἰ
515 371 544 397 δὲ
563 370 610 398 τοῦ
632 371 714 398 πόθου
731 371 805 404 ἄξιόν
822 380 867 407 μοι
882 371 913 398 τὸ

637 128 671 156 ΙΝ
688 129 844 157 CARMINA
866 127 1005 156 ARCANA
1025 128 1054 157 S.
1074 128 1248 159 GREGORll.

1701 134 1753 162 778

967 188 1050 215 vitam
1073 196 1160 217 meam
1183 189 1325 224 conclusi;
1341 190 1364 219 si
1389 195 1479 219 autem
1502 190 1639 220 desiderio
1654 193 1753 228 d'gnus

965 234 1031 261 mihi
1055 234 1116 263 ﬁnis
1134 236 1288 272 contigerit,
1304 237 1353 264 tibi
1372 237 1468 272 gloria,
1486 241 1513 266 et
1525 239 1624 274 gratia,
1643 243 1670 266 et
1682 240 1752 271 laus.

965 279 1166 316 incorruptibili
1185 287 1212 309 et
1236 291 1319 318 super
1339 291 1421 312 omne
1451 285 1525 320 quod
1548 289 1590 313 est
1619 293 1646 314 et
1673 287 1754 314 unius

965 325 1144 362 ejusdemque
1158 328 1318 357 substantiae
1337 329 1464 358 Trinitati
1476 351 1483 364 ,
1508 331 1535 358 in
1552 333 1652 360 saecula
1667 340 1755 360 saecli-

967 371 1064 399 lorum.
1078 373 1174 400 Amen.

116 413 196 445 τέλος
217 413 347 448 ἀποϐαίη,
362 415 403 442 σοὶ
424 416 440 451 ἡ
454 416 516 448 δόξα
536 417 583 444 καὶ
602 418 619 452 ἠ
635 417 714 453 χάρις
736 417 782 444 καὶ
798 417 815 453 ή
832 416 935 448 αἰνεσις
952 417 986 452 τῇ
1001 416 1131 453 ἀφθάρτῳ
1152 419 1198 445 καὶ
1222 420 1375 456 ὺπερουσίῳ
1392 422 1438 448 καὶ
1459 422 1593 458 ὁμοουσῑῳ
1605 423 1700 458 Τριάδι
1714 423 1753 451 εἰς

115 459 181 490 τοὺς
195 459 296 492 αἰῶνας
309 461 362 488 τῶν
373 461 487 489 αἰώνων.
506 463 600 499 Ἀμήν.

124 505 285 544 Ἐξήγῃονις
304 508 353 544 εἷς
375 507 433 541 τὴν
446 510 650 544 γνωμολογίαν
670 511 724 538 τοῦ
742 511 835 544 ἔπους
858 509 911 536 τοῦ

249 551 285 568 ου
296 543 463 582 ΓρηΜίου
484 543 538 571 τοῦ
557 543 715 582 Θεολόγου,
734 544 772 582 ἧς
788 547 807 580 ἡ
827 546 913 580 ἀκρο-

152 576 253 610 στιχὶς
269 577 345 612 αῦτη
359 576 426 614 (75).

115 621 238 661 [θῶμαι
257 624 433 661 Γρηγορίου,
445 626 582 660 δι’στιχος
599 629 716 661 εὐεπίη.

122 657 251 684 Ἐσθ.ὶὸν
271 657 384 693 ἄθυρμα
403 661 482 694 νέοις
498 657 546 689 τιάῖ
564 657 650 697 χάρις
662 657 774 697 ἐξοδίη.

154 705 215 731 Ἔτι
244 705 312 740 πρὸς
335 707 395 738 ταῖς
419 707 512 740 ἄλλαις
539 709 617 745 ὴμῶν
636 710 792 747 ὲξηγήσεσι,
821 709 854 742 ἀς
882 710 911 737 ὲν

111 749 171 780 τοῖς
189 748 318 783 φθάσασι,
337 750 381 777 διὰ
399 751 448 788 τῆς
470 752 518 779 τοῦ
539 752 664 788 θεολόγοι)
688 755 836 789 πρεσϐείας
863 756 911 782 καὶ

115 794 236 830 χάριτος,
250 796 305 827 τοῖς
317 796 547 834 ἀποῤῥητοτέροις
567 799 650 826 αὐτοῦ
674 800 728 828 τῶν
752 800 826 827 ἐπῶν
849 810 912 828 κατ-

113 841 287 876 ετεινάμεθα,
311 843 358 868 καὶ
385 843 488 880 ταύτην
511 845 576 880 ἡμῖν
603 846 632 872 ὲν
660 848 693 882 τῇ
721 847 835 882 δυνάμει
863 847 910 873 τοῦ

114 886 274 922 Πνεύματος
299 888 445 925 ἑξηγητέον
473 891 521 926 τὴν
544 892 739 927 γνωμολογίαν.
763 893 839 920 Ἔστι
861 895 910 929 μὲν

113 930 162 959 οὖν
176 932 285 968 γνώμη,
303 935 375 961 κατὰ
387 935 450 968 τοὺς
463 936 606 970 παλαιοὺς,
620 937 697 973 λόγος
709 939 909 975 κεφαλαιώδης,

113 980 314 1014 προτρεπτικὸς
331 980 347 1016 ἢ
366 981 577 1017 ἀποτρεπτικός.
597 984 628 1010 Ol
653 984 702 1018 μὲν
718 982 763 1011 οὗν
788 985 841 1012 τῶν
865 985 911 1012 οὑ-

115 1024 198 1060 ραθεν
215 1025 368 1061 φιλοσόφων
383 1027 430 1053 καὶ
443 1028 565 1064 ῥητόρων
581 1029 687 1065 ἄριστοι
700 1031 747 1057 καὶ
759 1030 911 1066 νομοθετῶν

112 1071 297 1106 νομιζόμενοι,
311 1072 362 1107 τῆς
377 1072 466 1099 αὐτῶν
485 1074 579 1109 σοφίας
596 1076 643 1102 καὶ
656 1076 756 1113 ἀρετῆς
772 1077 911 1110 ἀναλόγως

112 1116 162 1143 καὶ
172 1117 409 1153 πολυρῤημονοῦσι
423 1119 478 1155 (74)
492 1120 560 1156 πρὸς
573 1121 637 1153 τοὺς
651 1121 767 1153 οἰκείους
782 1123 830 1149 καὶ
839 1131 910 1156 γνω-

114 1163 274 1197 μοδοτοῦσιθ
289 1164 342 1190 τῶν
357 1164 418 1192 καθ’
434 1166 508 1201 ἡμᾶς
527 1166 555 1193 δὲ
579 1166 710 1202 θεολόγων
734 1168 748 1193 ὁ
765 1167 910 1203 κράτιστος

111 1207 189 1241 οὗτος
211 1210 258 1236 καὶ
283 1211 542 1246 ἱεροφαντικώτατος
564 1213 584 1239 Γ
586 1213 723 1249 ρηγόριος,
738 1215 828 1242 πᾶσαν
845 1215 910 1242 ἀπο-

111 1255 242 1291 χρώντως
259 1256 308 1292 τὴν
326 1257 380 1284 ἀπὸ
396 1257 450 1284 τῶν
466 1258 519 1291 ἔξω
532 1259 632 1294 σοφῶν,
652 1260 699 1286 καὶ
716 1261 846 1296 ποιητῶν,
863 1261 911 1288 καὶ

111 1301 245 1337 τεχνικῶν
272 1301 406 1337 ὠφέλειαν
426 1305 656 1340 καρπωσάμενος,
680 1306 719 1342 τῷ
736 1307 804 1343 πρὸς
820 1308 909 1340 πάσας

112 1347 203 1374 αὐτῶν
218 1347 267 1380 τὰς
281 1348 379 1384 τέχνας
399 1350 445 1376 καὶ
463 1351 616 1386 ἐπιστήμας
636 1352 842 1388 κατωρθῶσθαι,
861 1353 909 1380 καὶ

112 1393 167 1418 πᾶν
183 1392 214 1419 τδ
231 1392 324 1424 σθένος
337 1393 384 1420 τοῦ
405 1393 497 1428 λόγου,
514 1395 560 1422 καὶ
580 1397 633 1422 πᾶν
654 1397 685 1423 τὸ
702 1397 753 1432 τῆς
768 1397 907 1433 ἀνθρωπί-

111 1447 161 1474 νης
184 1438 305 1471 διανοίας
335 1439 400 1474 ὕψος
428 1440 520 1476 ἄκρως
547 1443 800 1478 προασκησάμενος.
821 1443 908 1475 οὕτως

111 1485 166 1512 ὑπὸ
175 1485 256 1518 πόδας
264 1486 315 1521 τῆς
325 1487 504 1523 εὐαγγελικῆς
512 1488 602 1523 φέρων
612 1489 745 1525 ὑπέρριψε
754 1489 905 1525 θεοσοφίας,

111 1532 161 1559 καὶ
179 1533 240 1559 ὅσον
263 1533 311 1568 μὲν
330 1535 363 1569 τῇ
387 1533 558 1570 θεοπνεύστῳ
574 1535 668 1571 Γραφῇ
684 1536 731 1563 καὶ
743 1538 775 1572 τῇ
793 1537 906 1575 ἀληθείᾳ

110 1579 159 1607 τοῦ
176 1579 342 1614 Εὐαγγελίου
360 1580 520 1615 συμφωνοῦν
537 1581 683 1616 κατενόησε
699 1582 746 1609 καὶ
758 1583 825 1618 πρὸς
840 1585 906 1611 θεω-

112 1625 175 1661 ρίαν
189 1625 237 1652 καὶ
255 1625 355 1660 πρᾶξιν
369 1625 594 1660 ὁμογνωμονοῦν,
616 1627 730 1659 οἰκείαις
745 1628 905 1664 εἰσηγήσεσι

111 1671 159 1698 καὶ
173 1671 299 1707 θεωρίαις
312 1671 350 1703 ὼς
363 1671 492 1707 ἀληθείας
505 1672 653 1708 συνήγορος
668 1673 789 1709 ἑνέκρινέ
806 1683 837 1702 τε
851 1678 906 1708 τοῖς

111 1717 195 1745 αὑτοῦ
218 1717 387 1753 συντάγμασι
410 1717 457 1746 καὶ
478 1718 716 1754 ὲγνωμοδότησεν·
733 1720 795 1746 ὅσον
813 1720 841 1747 δὲ
866 1722 906 1754 εἰς

112 1762 215 1799 μύθους
233 1763 280 1790 καὶ
301 1763 406 1795 πλάνας
426 1763 474 1790 καὶ
498 1763 635 1796 ἀπωλείας
649 1765 732 1800 φέρον
746 1766 844 1800 διέγνω
859 1767 906 1802 βυ-

111 1810 185 1842 θοὺς,
200 1809 349 1841 διαπτύσας
366 1810 394 1842 ἐς
417 1809 537 1845 κόρακας
560 1810 739 1846 ἀπερρίψατο.
764 1812 825 1839 Ἐπὶ
847 1814 906 1846 ταῖς

110 1856 206 1888 ἄλλαις
222 1854 268 1883 οὖν
290 1855 372 1883 αὐτοῦ
391 1856 658 1892 σωτηριιικῖεστάταις
675 1858 907 1894 θεορῤημοσύναις

111 1903 151 1930 ἔτι
167 1903 215 1930 καὶ
230 1903 280 1938 τὴν
298 1903 482 1938 προκειμένην
495 1904 637 1940 γνωμικὴν
662 1904 839 1940 προστίθησιν
854 1906 906 1933 ὑπὸ

110 1949 287 1985 ἁκροστιχίδα
305 1949 508 1984 πραγματείαν,
533 1950 566 1985 ἣν
594 1950 641 1976 καὶ
667 1950 768 1984 ἀγαθὸν
795 1951 905 1987 ἄθυρμα

110 1997 167 2027 τοῖς
190 1995 261 2026 νέοις
285 1995 460 2030 παραδιδόναι
488 1995 571 2029 λέγει,
603 1996 705 2030 ἀγαθὸν
731 1997 780 2031 μὲν
807 1997 850 2024 διὰ
875 1997 906 2024 τὸ

111 2040 251 2076 ὠφέλιμον
261 2040 310 2076 τῆς
329 2040 494 2075 ωμὸουλίας
513 2041 560 2067 καὶ
576 2041 756 2077 σωτηριῶδες,
781 2042 905 2076 παίγνιον

110 2087 140 2114 δὲ
156 2087 200 2114 διὰ
212 2086 244 2114 τὸ
261 2086 484 2122 κεκομψευμένον
499 2087 550 2121 τῆς
570 2087 725 2123 ποιητικῆς,
737 2087 796 2123 ἦτοι
811 2096 904 2123 μετρι-

110 2134 165 2169 κῆς
180 2133 278 2166 λέξεως
293 2133 340 2160 καὶ
355 2133 491 2169 φράσεως,
504 2134 547 2167 ἐφ’
561 2130 602 2165 οἷς
613 2131 667 2160 οἶδε
682 2135 745 2166 τοὺς
758 2135 905 2169 νεωτέρους

110 2180 161 2215 οὐχ
179 2180 278 2215 ἥκιστα
299 2179 444 2215 ἡδομένους
473 2178 520 2206 καὶ
546 2178 796 2214 φιλοτιμουμένους.
819 2179 905 2207 Τοῦτο

110 2226 178 2261 γοῦν
199 2226 246 2253 καὶ
265 2226 365 2259 ἐξόδιον
389 2226 469 2261 χάριν
493 2225 670 2258 ἀπεκάλεσεν,
694 2225 732 2256 ὡς
753 2225 904 2253 τελευταῖον

111 2273 160 2300 καὶ
183 2270 239 2299 οἷον
261 2272 411 2299 ἐνδιάθετον
435 2271 602 2307 ἀπόφθεγμα
622 2272 679 2303 τοῖς
692 2271 801 2304 οἰκείοις
818 2272 904 2306 φίλοις

111 2319 159 2345 καὶ
177 2317 292 2350 μύσταις
306 2317 495 2354 χαριζόμενος.

113 2365 124 2391 1
143 2364 264 2398 Γυμνὸς
276 2362 348 2396 ὅλος
357 2363 471 2395 ,βιότοιο
483 2363 582 2397 τέμοις
593 2362 661 2395 ἅλα,
675 2371 705 2390 κ.
724 2371 748 2389 τ.
766 2363 791 2390 ι.

146 2409 291 2436 Θάλασσαν
309 2409 359 2445 μὲν
371 2409 592 2444 ὁμολογουμένως
602 2409 650 2442 τὸν
668 2408 714 2436 τοῦ
731 2408 833 2444 κόσμου
847 2408 903 2443 βίον

111 2456 258 2491 Γραφικῶς
269 2454 402 2482 ἀποκαλεῖ
415 2455 457 2482 διά
469 2463 498 2481 τε
514 2455 544 2482 τὸ
560 2455 675 2483 ἄστατον
689 2455 784 2482 τούτου
798 2456 844 2483 καὶ
857 2464 904 2482 πο-

110 2503 263 2537 λύστροφον
285 2501 332 2528 καὶ
353 2501 550 2533 ἀκατάστατον,
567 2501 612 2528 διά
628 2510 655 2528 τε
675 2502 705 2528 τὸ
727 2501 846 2537 ἁλμυρὸν
858 2501 904 2528 κα)⁸

112 2547 210 2583 πικρὸν
222 2546 271 2582 τῆς
282 2546 418 2582 ἁμαρτίας
430 2546 476 2572 καὶ
486 2545 532 2572 τοῦ
546 2546 579 2572 δι’
595 2547 678 2581 αὐτὴν
689 2546 813 2573 θανάτου.
832 2547 905 2581 Παρ-

111 2593 240 2628 αγγέλλει
257 2592 312 2627 (75)
327 2592 416 2619 τοίνυν
433 2593 448 2618 ὁ
468 2592 549 2626 σοφὸς
567 2592 621 2619 τῶν
643 2591 784 2628 ἡμετέρων
806 2591 906 2627 κυϐερ-

111 2640 197 2675 νήτης
215 2638 320 2674 ψυχῶν,
343 2639 461 2672 γυμνοὺς
481 2637 531 2673 τὴν
548 2637 683 2665 θάλασσαν
706 2637 808 2673 ταύτην
830 2638 905 2672 ἡμᾶς

111 2684 256 2719 διαπερᾷν,
273 2682 345 2710 τοῦτ’
364 2682 437 2709 ἔστιν
462 2682 618 2717 ἀκτήμονας
643 2682 689 2708 καὶ
713 2683 902 2717 ἀπράγμονας,

110 2730 231 2765 κούφους
254 2730 301 2756 καὶ
322 2729 455 2764 ἐλαφροὺς
472 2728 643 2764 ὲκκολυμῦᾷν
665 2728 768 2760 εἰδότας
787 2728 830 2756 διὰ
845 2728 904 2760 νοὸς

147 2819 318 2857 (73)Carm._
333 2817 377 2849 62.
405 2827 432 2854 p.
539 2818 582 2846 ed.
606 2818 723 2853 Colon.;
745 2828 771 2856 p.
793 2820 844 2849 989
858 2821 902 2849 ed.

112 2853 261 2885 Leuvcnrl.
277 2855 330 2889 (ed.
345 2853 446 2888 uova.
461 2853 534 2888 585).

268 2923 392 2954 Pauor.
428 2923 484 2953 Gn.
510 2923 687 2955 XXXVIII.

963 506 1174 543 Commentarius
1196 508 1227 535 de
1246 510 1404 537 sententiose
1426 512 1552 543 carmine,
1571 519 1615 538 seu
1637 512 1752 539 (inamo-

999 542 1075 602 logilu
1091 542 1180 578 Magni
1203 543 1322 579 Gregorii
1350 545 1473 580 Theologi
1494 547 1570 581 cujus
1595 547 1649 574 lucc
1675 556 1753 575 acro-

999 583 1047 602 ειιο
1058 585 1089 602 118
1103 586 1111 602 .'

998 583 1089 606 sttcms
1103 586 1111 604 .'

962 621 1105 658 Sententia:
1122 621 1252 658 Gregorii.
1269 624 1382 651 disticha
1400 632 1538 658 venustas,

965 656 1044 684 Utilis
1059 657 1132 684 [usus
1142 656 1296 692 juvenibus,
1314 669 1408 687 munus
1423 656 1592 695 posti-eruum.

999 703 1093 731 Adhuc
1123 710 1184 740 post
1196 705 1248 733 alia
1260 708 1455 734 commentaria
1467 714 1560 736 nostra
1573 717 1634 744 qur?
1643 709 1676 736 de
1689 714 1752 738 ante

963 748 1035 777 datis
1058 757 1072 776 ιι
1092 749 1230 786 Thcologo
1250 754 1426 781 veneratione
1446 758 1474 781 et
1491 755 1577 789 gratia
1599 755 1751 790 conspicuo

964 796 1073 824 arcanis
1092 798 1245 824 carminum
1266 798 1352 833 ipsius
1368 800 1575 834 explicavimus,
1593 805 1620 829 et
1638 809 1653 828 a
1670 801 1752 829 nobis

965 840 993 867 in
1015 841 1132 877 Spiritus
1156 843 1256 871 virtute
1285 845 1524 873 commentandum
1551 848 1750 876 sententiosum

963 894 1085 915 carmen.
1098 888 1219 926 Estergo
1228 890 1363 917 sententia
1377 892 1529 919 secundum
1540 897 1645 921 veteres
1659 901 1751 921 sermo

964 934 1142 966 summarius,
1160 935 1302 963 dissuasor
1323 940 1371 963 aut
1392 937 1549 972 suasorius;
1577 938 1639 965 hinc
1654 938 1749 973 optimi

963 974 1188 1014 philosophorum
1195 985 1221 1009 et
1233 981 1371 1009 rhetorum
1379 986 1570 1011 extraneorum
1579 988 1606 1011 et
1617 985 1752 1019 legislatu-

961 1032 1022 1052 rum
1031 1026 1146 1059 reputati
1165 1027 1298 1062 sapientia
1309 1035 1359 1055 sua
1374 1031 1401 1055 et
1416 1028 1574 1061 virtutibus,
1587 1030 1714 1058 similiter
1723 1035 1752 1058 et

961 1071 1047 1097 multa
1059 1071 1154 1098 dicunt
1170 1072 1203 1099 ad
1221 1071 1369 1100 familiares
1380 1077 1407 1100 et
1421 1081 1500 1102 sensa
1511 1075 1677 1110 exprimunt;
1687 1076 1751 1104 inde

960 1121 1052 1144 autem
1065 1117 1252 1152 theologorum
1266 1119 1338 1153 apud
1350 1126 1401 1147 nos
1418 1121 1538 1154 optimus
1555 1122 1607 1149 iste
1623 1122 1749 1151 etdivina

960 1162 1082 1197 pandens
1099 1163 1247 1199 Gregorius
1264 1166 1356 1192 Omnia
1376 1165 1545 1194 sufﬁcienter
1560 1168 1593 1196 de
1609 1170 1750 1198 extraneis

960 1209 1177 1244 sapientibus,et
1185 1210 1319 1245 poetis,et
1329 1211 1580 1244 rhetori'bus,utilia
1592 1215 1702 1251 collegit
1715 1217 1747 1244 ad

960 1255 1131 1291 dirigentium
1148 1264 1175 1284 in
1191 1257 1299 1284 cunctis
1314 1257 1422 1285 illorum
1446 1259 1552 1288 artibus
1567 1265 1594 1288 et
1614 1262 1749 1292 scientiis.

959 1305 987 1329 et
1002 1307 1110 1328 omnem
1122 1301 1254 1329 sermonis
1266 1310 1381 1330 nervum
1402 1308 1483 1339 atque
1503 1313 1611 1333 onmem
1637 1307 1749 1335 lzumani

959 1347 1061 1383 ingenii
1073 1347 1218 1376 elationem
1233 1349 1368 1384 profunde
1382 1351 1539 1384 meditatus,
1555 1352 1594 1379 sic
1606 1352 1658 1380 sub
1669 1354 1748 1388 pedi-

959 1393 1011 1421 bus
1030 1393 1199 1430 Evangelicae
1218 1403 1278 1430 quae
1292 1403 1307 1422 a
1322 1396 1378 1424 Deo
1402 1401 1445 1424 est
1462 1397 1609 1432 Sapientia:
1632 1399 1748 1428 :ill'erens

959 1439 1121 1474 subjecit.et
1139 1440 1321 1476 quodcunque
1334 1442 1443 1476 quidem
1459 1443 1591 1473 divinitus
1607 1446 1748 1482 iuspiratm

959 1484 1105 1519 Scripturae
1111 1485 1279 1522 etEvangclii
1286 1487 1391 1515 veritati
1398 1493 1610 1518 consentaneum
1619 1491 1749 1521 intellexit

958 1534 985 1557 et
1004 1530 1125 1560 theorice
1152 1533 1326 1570 pracliceque
1347 1535 1527 1564 conformitcr
1544 1545 1666 1571 sensum,
1685 1539 1745 1566 ido-

959 1576 1018 1603 neis
1035 1577 1211 1606 suasionibus
1232 1583 1260 1606 ct
1283 1579 1408 1613 lbeoriis,
1424 1581 1502 1616 quasi
1519 1583 1643 1610 veritatis
1664 1584 1748 1611 advo-

958 1625 1046 1653 catus,
1054 1623 1164 1652 admisit
1179 1625 1237 1652 suis
1252 1625 1279 1652 in
1295 1627 1539 1661 compositionibus
1555 1633 1582 1656 et
1596 1631 1748 1659 sententias

958 1668 1075 1704 recepit;
1101 1669 1287 1706 quodcunque
1308 1679 1373 1699 vero
1400 1673 1434 1700 ad
1460 1673 1566 1703 fabulas
1592 1679 1619 1703 et
1643 1678 1747 1705 erroris

958 1714 1209 1751 destructionisque
1227 1717 1342 1753 aby5505
1359 1718 1464 1746 ducens
1480 1722 1627 1755 cognovit,
1643 1723 1748 1758 respuit

957 1760 1025 1788 elad
1038 1768 1102 1789 aves
1117 1762 1233 1797 reiecit;
1251 1763 1313 1791 aliis
1329 1772 1395 1799 ergo
1411 1765 1499 1800 ipsius
1513 1767 1626 1796 omnino
1641 1768 1746 1796 saluta-

957 1806 1033 1834 ribus
1047 1807 1147 1836 divinis
1159 1808 1303 1844 colloquiis
1320 1810 1432 1843 addcns,
1447 1811 1536 1839 adhuc
1551 1816 1579 1840 et
1593 1814 1745 1849 expositum

957 1855 1154 1883 sententiosum
1178 1855 1257 1883 ol‘l‘ert
1277 1856 1329 1884 sub
1347 1854 1539 1886 acrosticbidis
1561 1858 1647 1888 forma
1663 1868 1744 1896 opus.

956 1903 1030 1936 quod
1055 1902 1156 1930 bonum
1181 1902 1409 1931 oblectamentum
1429 1903 1576 1937 juvenibus
1589 1905 1647 1933 dari
1662 1906 1744 1935 dicit:

956 1948 1059 1976 bonum
1073 1949 1183 1984 quidem
1194 1952 1287 1984 utpote
1298 1950 1421 1978 consiliis
1438 1950 1552 1979 utilibus
1567 1951 1745 1981 salutaribus-

957 2001 1010 2028 que
1033 1994 1177 2026 refertum,
1201 1995 1431 2023 oblectamentum
1459 2003 1524 2023 vero
1548 1997 1662 2032 puerile,
1680 1999 1745 2034 quia

956 2041 1068 2074 poeticae
1081 2044 1129 2068 aut
1144 2041 1264 2068 melricze
1277 2041 1425 2070 locutionis
1438 2046 1465 2069 et
1478 2042 1586 2077 phrasis
1601 2043 1637 2070 sit
1650 2051 1745 2080 comp-

957 2092 1028 2118 tum.
1053 2087 1124 2114 sicut
1148 2086 1263 2122 juvenes
1287 2088 1364 2115 novit
1382 2096 1435 2115 non
1459 2096 1555 2123 parum
1575 2089 1696 2124 gaudere
1717 2095 1745 2118 et

955 2132 1107 2167 gloriosum
1123 2132 1234 2160 habere.
1253 2132 1322 2160 illud
1343 2141 1407 2168 ergo
1424 2139 1448 2161 et
1475 2142 1544 2170 opus
1567 2141 1743 2165 coronantem

955 2178 1070 2213 gratiam
1094 2179 1263 2213 nuncupavit
1288 2179 1368 2214 quasi
1391 2179 1471 2209 linale
1490 2184 1518 2207 et
1542 2181 1654 2210 obvium
1678 2191 1744 2218 apo-

955 2222 1101 2258 plithegma
1118 2223 1223 2251 idoneis
1237 2224 1406 2253 amatoribus
1419 2229 1445 2254 et
1460 2226 1583 2263 mysticis
1591 2227 1744 2263 jucundum

955 2276 1066 2304 parans.
1259 2285 1274 2303 ο

956 2357 969 2384 1
990 2357 1089 2386 Nudus
1106 2363 1175 2386 lotus
1189 2359 1248 2386 vitae
1264 2359 1338 2387 sulm
1350 2360 1459 2395 pelagus
1470 2380 1478 2391 .
1496 2365 1549 2388 etc.

991 2404 1066 2432 Mare
1087 2406 1197 2441 quidem
1219 2406 1414 2434 convenienter
1440 2408 1521 2443 hujus
1541 2409 1635 2438 mundi
1660 2411 1743 2438 vitam

956 2458 1010 2478 una
1037 2459 1098 2478 cum
1120 2451 1262 2487 Scriptura
1286 2457 1365 2480 vocat
1391 2453 1425 2481 ob
1451 2454 1538 2488 ipsius
1567 2455 1693 2483 instabile
1718 2462 1745 2484 et

955 2497 1084 2525 versatile
1104 2501 1132 2524 et
1154 2499 1374 2532 tumultuosum,
1399 2503 1482 2535 atque
1504 2500 1539 2528 ob
1566 2502 1695 2529 acerbum
1717 2508 1745 2530 et

955 2548 1078 2569 amarum
1104 2548 1208 2576 peccati
1238 2549 1265 2570 et
1289 2552 1337 2579 per
1366 2544 1431 2572 illud
1460 2545 1568 2579 mortis;
1592 2547 1746 2582 praescribit

954 2596 1020 2623 ergo
1032 2589 1143 2623 sapiens
1161 2593 1318 2617 nostrarum
1334 2591 1499 2626 gubernator
1514 2593 1678 2625 animarum.
1695 2602 1746 2621 nu-

957 2635 1007 2662 dos
1022 2643 1096 2662 mare
1107 2635 1173 2663 illud
1186 2640 1365 2668 transmeare,
1376 2637 1401 2664 id
1418 2643 1470 2669 est,
1487 2646 1619 2673 pauperes
1631 2644 1658 2667 et
1672 2641 1746 2668 curis

958 2681 1018 2708 vita;
1032 2681 1184 2716 expeditos,
1199 2682 1273 2710 leves
1287 2689 1315 2710 et
1333 2684 1415 2718 agiles
1428 2685 1662 2713 trausnatantibus
1671 2688 1748 2714 simi-

957 2727 996 2755 les
1023 2735 1077 2762 pr:e
1101 2727 1197 2762 spiritu
1222 2729 1348 2763 precibus
1373 2730 1508 2762 avolante.
1531 2739 1586 2766 pra:
1604 2734 1697 2760 anima
1719 2739 1762 2763 ρι’

1132 2822 1303 2860 nolam}th
1313 2831 1336 2850 v.
1347 2823 1500 2860 ἳὸνθεορημ..
1513 2824 1543 2852 ν.
1555 2832 1641 2852 carm.
1650 2825 1743 2860 7.5m),

992 2856 1049 2891 (75)
1065 2857 1130 2884 Cod.
1154 2856 1254 2886 iterum
1279 2856 1570 2894 παρστέλειίιῖευριδ
1584 2868 1611 2895 p.
1631 2860 1692 2894 ΗΞ,
1705 2856 1730 2892 ιζ

1546 2932 1584 2966 ‘25
