1920 3046
187 133 241 162 779

186 198 303 227 corpore
316 190 534 225 temperantibus
547 197 596 217 nec
608 197 691 216 onere
703 188 844 224 gravibus;
860 197 895 216 ne
908 190 981 217 sicut

185 238 264 266 navis
280 237 375 264 nimiis
392 236 486 263 mundi
508 235 630 263 materiis
647 239 674 263 et
689 234 869 270 cupiditatum
888 235 980 262 oneri-

185 284 240 311 bus
254 283 340 310 instar
356 282 488 309 mercium
508 284 654 316 aggravata
667 280 787 315 peccatis
800 286 931 314 properes
945 278 980 305 ad

183 334 310 362 mortem,
321 327 492 363 naufragium
505 331 531 354 et
544 327 571 354 in
581 326 680 354 fluctus
692 326 907 361 depressionem.
920 324 979 352 Hoc

183 376 292 411 quidem
317 375 435 410 primum
459 374 658 400 sententiosum
678 376 855 407 praeceptum.
871 370 977 399 Secun-

182 421 266 448 dum:
288 427 396 455 semper
415 423 479 446 ante
495 418 591 445 oculos
611 421 726 444 mortem
745 417 895 444 habeamus
912 416 977 444 hor-

183 469 265 497 tatur,
275 471 301 492 et
316 464 394 500 quasi
408 468 569 499 praesentem
583 463 790 490 meminerimus
802 462 829 489 in
837 462 976 489 omnibus.

183 511 229 539 Sic
240 511 313 539 enim
327 512 397 546 ipsa.
409 510 508 545 inquit,
520 510 547 536 in
564 509 698 536 memoria
711 513 829 540 servata,
843 507 870 534 in
887 507 913 534 vi
927 515 977 535 sua

181 558 354 588 absorbetur.
369 561 396 584 et
406 560 434 583 tu
451 564 505 583 non
523 555 666 583 horrenda:
686 563 737 582 nec
760 553 908 582 tremenda:
928 561 979 581 nec

182 605 318 636 molestae,
333 604 380 631 sed
397 603 474 630 victae
495 606 522 629 et
536 605 686 629 mansueta!
701 608 830 628 occurres
845 604 873 628 et
891 600 975 628 dulci.

181 649 322 677 Tertium:
343 656 461 684 seraper,
490 647 539 679 ait,
561 655 658 675 navem
680 646 735 674 Deo
759 651 835 674 tuum
855 654 978 681 praepara

181 696 306 732 spiritum
317 703 325 727 ;
337 698 365 722 et
376 702 476 729 corpus
489 698 516 721 et
525 694 643 721 animant
660 701 708 728 per
720 693 799 720 tidem
815 700 868 720 non
886 693 976 719 lictam

181 747 208 770 et
237 743 319 777 digna
353 741 404 769 fide
423 749 521 775 opera;
538 741 579 768 sic
604 741 678 767 enim
706 739 793 767 Deum
821 739 849 766 in
880 739 976 766 intimo

182 794 290 824 pectore
300 788 511 820 firmamentum,
521 791 547 815 et
555 787 649 818 robur,
659 791 687 814 et
700 785 834 822 refugium
849 793 975 821 magnum

186 835 307 863 habebis.
340 835 452 870 Insuper
482 841 566 861 nosce
590 833 719 868 teipsum,
746 839 763 859 0
788 832 899 867 optime.
923 840 974 860 nec

182 882 341 909 memoriam
353 881 476 916 deponas
487 880 653 908 conditionis
675 884 742 911 tua},
757 879 830 914 quod
848 886 863 905 a
882 878 935 906 Deo
948 883 974 905 ct

181 927 215 955 ad
230 927 317 963 ipsius
329 927 475 962 imaginem
489 926 640 962 plasmatus
652 925 736 957 εἰς,οι
746 925 975 959 cognosce,quis-

180 973 243 1008 quis
261 972 321 1004 fias,
337 972 410 1008 quod
423 972 505 999 homo
517 971 607 999 factus
623 971 661 999 sis
674 975 701 997 ct
716 977 770 997 non
785 969 856 997 Deus
869 977 885 997 e
901 974 974 997 terra

181 1024 318 1054 sumptus;
335 1026 400 1046 caro
417 1018 502 1049 enim,
523 1025 537 1043 a
554 1016 609 1044 Deo
624 1024 689 1043 vero
709 1015 877 1051 spiraculum
898 1022 975 1042 acce-

181 1065 254 1100 pisti,
271 1065 385 1100 spiritus
399 1064 472 1092 enim
487 1071 518 1092 es
532 1074 540 1098 ;
552 1063 605 1090 hoc
622 1062 713 1090 Sciens
734 1065 761 1089 ct
781 1062 974 1096 plasmatorem

181 1111 330 1138 honorabis
338 1111 374 1138 ob
383 1111 510 1146 gratiam,
520 1113 548 1138 et
559 1109 705 1138 elationem
716 1109 803 1144 fugies
814 1109 850 1136 ob
857 1113 972 1141 terram;

181 1157 222 1184 sic
235 1157 395 1185 humiliatus
411 1156 470 1191 ipse
480 1175 487 1188 ,
505 1155 701 1191 proutjustum
712 1159 773 1186 est,
788 1156 914 1182 exaltans
929 1164 974 1183 au-

181 1207 236 1230 tem
257 1203 458 1230 benefactorem
469 1222 477 1233 .
493 1202 610 1230 faciliter
626 1202 660 1229 ad
679 1202 780 1228 bonum
796 1201 972 1238 archetypum

181 1249 335 1284 pervenies.
351 1248 379 1275 in
398 1249 474 1283 praxi
493 1249 612 1283 teipsum
627 1247 791 1279 humilians,
811 1247 838 1274 in
856 1248 973 1275 medita-

181 1295 253 1323 tione
270 1302 334 1322 νει-ο
348 1294 506 1321 Creatorem
523 1294 646 1321 exaltans
663 1297 691 1320 et
704 1294 900 1328 contemplans.

181 1402 197 1429 9
217 1401 277 1428 Dies
291 1400 325 1427 ad
338 1400 406 1427 diem
419 1404 443 1426 te
457 1399 628 1432 transmittit,
644 1404 697 1426 etc.

216 1457 394 1492 Unaquaeque
405 1456 465 1484 dies
475 1457 634 1491 praeteriens
641 1456 768 1492 sequenti
781 1461 808 1484 te
821 1456 897 1484 ducit
905 1456 971 1488 diei;

179 1504 306 1539 quisquis
331 1511 397 1538 ergo
415 1503 484 1530 levis
511 1507 538 1530 et
554 1504 718 1530 inconstans
745 1503 846 1538 spiritu
867 1507 894 1530 et
918 1512 972 1530 non

179 1555 351 1585 ουιιιριιιιυε,
366 1549 431 1584 ligni
450 1549 519 1576 levis
539 1549 625 1576 instar
644 1558 658 1575 a
679 1550 765 1577 maris
783 1549 872 1577 fluctu
895 1551 972 1577 volu-

179 1601 254 1623 tatur
268 1600 295 1623 et
311 1596 444 1630 jactatur,
460 1596 529 1623 alias
543 1595 577 1622 ad
595 1596 649 1622 alia
663 1596 784 1631 cogitata
808 1601 919 1623 mutans
943 1601 970 1624 et

179 1650 281 1678 opera;
307 1642 372 1669 dum
389 1641 588 1676 quiconstanti
603 1645 630 1668 et
648 1642 726 1668 firma
737 1642 877 1669 sententia
898 1642 971 1670 sicut

179 1693 256 1724 petra
279 1690 363 1716 verbo
385 1688 512 1716 veritatis
536 1688 662 1715 firmatur
679 1692 706 1715 et
727 1689 866 1721 consistit,
885 1689 971 1716 indis-

179 1734 326 1763 solubilem
349 1738 376 1761 et
395 1739 603 1768 permanentem
631 1735 658 1761 in
675 1734 768 1769 seipso
784 1735 857 1762 diem
877 1735 970 1766 habet.

179 1781 298 1808 humana
314 1780 435 1808 transire
452 1783 481 1806 ut
497 1780 592 1807 volunt
606 1781 640 1807 ab
656 1779 729 1807 infra
741 1781 818 1812 sinit,
834 1781 892 1816 ipse
908 1790 971 1808 vero

178 1827 250 1855 diem
277 1834 360 1854 unam
387 1827 513 1854 stabilem
542 1835 624 1861 super
651 1826 758 1853 dierum
783 1827 970 1855 humanorum

178 1872 263 1899 millia
280 1876 308 1900 et
326 1872 509 1900 aeternitatem
528 1880 610 1900 unam
630 1880 776 1907 perennem
797 1878 881 1908 atque
900 1878 970 1900 lem-

178 1925 230 1953 pus
249 1925 305 1945 non
348 1915 457 1945 elabens
492 1918 598 1946 habens
621 1918 716 1949 Deum,
736 1919 850 1946 firmiter
867 1924 894 1947 et
907 1920 969 1947 abs-

177 1971 231 1998 que
252 1963 446 1992 vicissitudine
463 1964 491 1991 in
510 1964 570 2000 ipso
587 1964 765 1997 obfirmatur;
782 1981 815 1984 —
830 1967 970 2001 quotnodo

176 2009 250 2036 enim
275 2009 426 2037 confideret
457 2010 484 2037 in
511 2010 553 2038 his
575 2011 621 2046 qui
647 2011 748 2038 abeunt
777 2016 804 2039 et
833 2012 889 2047 jam
915 2021 968 2040 non

177 2056 262 2083 sunt?
273 2070 309 2075 —
324 2056 379 2083 Nec
399 2057 426 2083 ill
443 2057 618 2084 venientibus
635 2057 764 2084 fiduciam
778 2058 862 2085 habet
878 2063 905 2086 et
922 2067 969 2094 ap-

178 2101 435 2137 propinquantibus,
458 2103 551 2131 sciens
573 2104 647 2138 quod
685 2104 790 2138 pariter
815 2112 877 2131 cum
909 2105 969 2140 ipso

177 2148 234 2176 inec
250 2148 339 2181 ibunt,
357 2149 516 2176 transibunt
530 2153 557 2176 et
574 2157 713 2184 nusquam
729 2153 823 2177 erunt.
837 2151 889 2182 Qui
901 2158 969 2186 ergo

176 2193 287 2221 conlidit
305 2194 333 2221 in
353 2194 414 2222 istis
429 2198 456 2221 ct
474 2198 580 2230 sperat,
607 2195 678 2222 sciat
696 2202 726 2223 se
751 2195 778 2223 in
801 2195 885 2222 fluvio
905 2204 968 2231 pro-

175 2238 276 2266 ﬂuente
289 2239 430 2267 conﬁdere
451 2239 527 2274 quod
550 2247 661 2274 semper
677 2245 804 2267 moretur
819 2245 846 2268 et
869 2241 968 2268 transit

175 2293 226 2312 nec
243 2293 362 2321 unquam
392 2285 631 2321 firmumgmanere
653 2283 763 2320 potest;
786 2294 881 2313 verum
903 2295 965 2314 cum

175 2331 230 2359 duo
247 2332 304 2359 haec
319 2333 376 2360 sint
389 2333 460 2360 inter
477 2340 538 2368 qua:
553 2333 745 2368 appretiantur
760 2333 862 2360 bonum
871 2337 898 2360 et
912 2341 965 2360 ma-

175 2377 243 2409 lum,
262 2377 368 2412 justum
384 2382 411 2405 et
427 2378 573 2413 injustum,
592 2378 676 2406 vitam
690 2378 753 2405 dico
769 2381 796 2405 et
805 2383 967 2409 sermonem,

174 2427 222 2449 aut
236 2423 356 2458 praxim,
370 2427 398 2450 et
412 2423 560 2455 theoriam,
575 2431 625 2459 par
642 2424 709 2450 mihi
733 2424 847 2457 malum,
863 2424 964 2459 inquit.

174 2468 230 2496 vita
246 2473 273 2496 et
293 2469 400 2504 loquela
425 2469 587 2496 criminosa.
605 2468 711 2496 Etenim
736 2468 791 2495 vita
806 2469 914 2504 impura
938 2473 966 2497 et

173 2513 310 2542 scelerata
349 2518 375 2541 et
403 2521 520 2542 manens
557 2514 745 2544 correctionis
770 2514 897 2549 incapax,
937 2515 964 2542 in

174 2559 293 2587 haereses
317 2559 446 2587 m0rtales
476 2564 504 2588 et
532 2568 675 2588 sermones
710 2560 914 2588 contaminatos
937 2565 965 2588 et

173 2605 359 2641 blasphemias
373 2606 530 2642 prmcipitat
544 2611 715 2641 peccantem.
733 2607 765 2634 Et
780 2614 871 2634 sermo
881 2614 896 2634 a
913 2607 965 2635 [ide

172 2650 324 2684 deducens,
343 2652 457 2680 haeresis
471 2653 562 2680 l'autor
587 2653 620 2680 ad
641 2653 869 2681 scelestissimam
893 2653 965 2688 rapit

173 2698 268 2725 vitam.
294 2698 323 2725 ln
355 2707 521 2734 quocunque
550 2700 648 2727 horum
680 2704 839 2735 perseveret
864 2700 965 2735 aliquis

170 2744 346 2779 complacens
364 2745 415 2772 sibi
436 2750 638 2780 consequenter
650 2750 677 2774 et
692 2746 719 2773 in
737 2746 854 2773 alterum
872 2747 962 2774 cadet.

170 2788 338 2817 Contumelia
347 2799 407 2817 eum
424 2791 468 2826 qui
483 2791 604 2825 impurus
613 2796 666 2825 est,
684 2797 710 2819 et
727 2800 785 2827 seq.

206 2835 286 2863 Sicut
300 2844 367 2870 pura
384 2844 499 2871 corpora
517 2842 544 2864 ct
567 2842 662 2865 sancta
676 2838 710 2865 od
727 2843 824 2866 sancta
841 2842 868 2866 et
893 2847 962 2874 pura

169 2881 300 2909 accedere
314 2886 422 2917 oportet
433 2886 460 2910 et
475 2883 565 2912 sacris
576 2884 652 2921 fungi
670 2884 778 2918 officiis,
795 2885 835 2913 sic
850 2889 959 2920 oportet

870 130 1018 159 NICETAS
1051 130 1154 158 DAVID

1784 133 1848 160 780

1035 188 1220 224 πτερουμένου
1246 190 1426 224 προσευχαῖς,
1453 188 1496 215 διὰ
1519 188 1609 224 ψυχῆς
1633 190 1681 216 καὶ
1709 189 1848 226 σώματος

1036 234 1187 270 ἐγκρατοῦς
1207 234 1253 261 καὶ
1274 234 1405 270 ἀϐαροῦς,
1423 235 1467 262 ῖνα
1490 235 1528 271 μὴ
1548 236 1586 268 ὡς
1604 236 1670 268 ναῦς
1693 236 1764 271 ἄγαν
1789 238 1848 269 τὰς

1035 279 1101 312 ὕλας
1114 279 1160 306 τοῦ
1174 279 1277 315 κόσμου
1294 279 1340 306 καὶ
1359 279 1394 306 τὰ
1413 279 1483 316 βάρη
1505 279 1559 308 τῶν
1574 281 1723 316 ἀγωγίμων
1739 282 1846 308 παθῶν

1035 325 1250 362 πεφορτισμὲνη,
1266 325 1382 361 ἑτοίμως
1403 327 1464 358 ταῖς
1490 326 1638 363 ἁμαρτίαις
1658 327 1700 359 εἰς
1718 327 1845 354 θάνατον

1034 372 1194 400 καταδύοιτο
1223 372 1271 399 καὶ
1297 371 1529 404 καταποντίζοιτο.
1550 372 1635 400 Τοῦτο
1653 373 1703 408 μὲν
1723 373 1844 409 πρῶτον

1033 419 1217 454 παράγγελμα
1229 419 1382 454 γνωμικὸν
1394 419 1529 454 δεύτερον,
1550 419 1594 446 ἀεὶ
1615 420 1670 455 πρὸ
1684 420 1843 455 ὀφθαλμῶν

1033 463 1105 499 ἔχειν
1120 463 1166 490 τὸν
1182 463 1296 490 θάνατον
1312 464 1467 499 παρεγγυᾷ,
1486 464 1533 490 καὶ
1544 464 1582 496 ὼς
1592 464 1674 491 αὑτοῦ
1690 465 1843 501 παρεστὼς

1032 518 1078 541 τος
1094 509 1297 545 μιμνήσκεσθαι
1312 509 1356 536 διὰ
1371 510 1480 542 παντός.
1497 509 1576 537 Οὕτω
1589 510 1655 547 γὰρ,
1673 512 1766 546 φησὶν,
1786 512 1840 538 αὺ-

1032 555 1077 587 τός
1093 564 1123 582 τε
1141 555 1376 591 μνημονευόμενος
1393 555 1531 588 ἐξασθενεῖ
1547 557 1595 583 καὶ
1619 557 1651 583 σὺ
1672 557 1703 583 οὐ
1725 557 1841 593 φρικτῷ

1031 601 1118 637 τούτῳ
1144 601 1204 628 οὐδὲ
1229 601 1335 637 φοϐερῷ
1360 601 1407 628 καὶ
1432 601 1563 638 χαλεπῷ,
1587 602 1644 628 ἀλλ’
1669 602 1761 638 ἥττονι
1789 604 1841 630 καὶ

1031 647 1128 683 ἡμέρῳ
1153 647 1338 683 ἀντιϐολήσεις
1363 648 1409 674 καὶ
1434 647 1508 683 ἡδεῖ·
1533 647 1643 684 τρίτον,
1668 649 1723 680 ἀεὶ,
1751 650 1837 684 φησὶ,

1031 693 1094 721 ναὸν
1110 694 1150 729 τῷ
1161 693 1221 729 Θεῷ
1234 694 1279 720 τὸν
1300 694 1345 721 σὸν
1366 693 1553 726 κατασκεύαζε
1570 694 1642 726 νοῦν⁹
1667 695 1714 722 καὶ
1739 696 1837 730 σῶμα,

1031 739 1078 766 καὶ
1101 739 1190 775 ψυχὴν
1213 739 1248 766 δι’
1272 739 1434 776 εἰλικρινοῦς
1457 741 1576 772 πίστεως
1599 741 1647 768 καὶ
1673 741 1757 775 ἀξίων
1782 743 1838 777 τῆς

1031 783 1149 816 πίστεως
1170 784 1258 819 ἔργων
1280 783 1398 820 δηλαδή·
1423 783 1495 810 οὓτω
1516 783 1570 820 γὰρ
1592 784 1626 811 ἂν
1650 785 1731 811 αὐτὸν
1756 784 1837 812 ἔνδον

1029 829 1079 864 τῆς
1104 829 1154 865 σῆς
1176 830 1248 865 ἔχοις
1273 830 1388 864 καρδίας
1418 831 1567 867 στήριγμα,
1598 831 1762 867 κραταίωμα
1786 832 1836 858 καὶ

1026 875 1126 910 θάρσος
1150 876 1231 911 μέγα,
1260 876 1332 912 Πρὸς
1355 876 1460 909 τούτοις
1475 877 1559 911 γνῶθι
1586 878 1708 911 σεαυτὸν,
1727 875 1749 905 ὦ
1767 878 1833 913 βέλ-

1028 930 1114 955 τιστε,
1127 923 1174 949 καὶ
1188 922 1226 958 μὴ
1243 923 1345 957 ἀγνόει,
1363 923 1403 950 ὅτι
1423 924 1455 950 ὲκ
1470 923 1516 950 τοῦ
1535 923 1602 950 Θεοῦ
1621 925 1668 951 καὶ
1690 924 1760 951 κατὰ
1781 924 1834 960 τὴν

1029 967 1135 994 ἐκείνου
1155 969 1247 995 εἰκόνα
1275 968 1453 1004 διεπλάσθης”
1482 970 1529 996 καὶ
1553 969 1730 1004 ὲπιγίνωσκε,
1754 969 1833 999 ὅστις

1025 1014 1151 1050 ὲτύχθης,
1169 1015 1210 1041 ὅτι
1227 1014 1369 1050 ἄνθρωπος
1388 1015 1512 1050 γέγονας,
1531 1015 1577 1042 καὶ
1594 1015 1625 1042 οὐ
1647 1015 1724 1047 Θεὸς,
1742 1015 1831 1050 γῆθεν

1027 1059 1077 1092 μὲν
1098 1059 1226 1095 ληφθείςο
1253 1059 1322 1096 σάρξ
1350 1060 1418 1096 γὰρ·
1446 1061 1537 1087 θεόθεν
1565 1061 1592 1088 δὲ
1626 1062 1825 1096 ὲμπνευοθείς·

1025 1105 1136 1141 πνεῦμα
1156 1106 1219 1141 γάρ.
1236 1106 1320 1133 Τοῦτο
1343 1105 1389 1134 οὖν
1406 1106 1494 1139 εἰδὼς,
1519 1108 1566 1134 καὶ
1586 1108 1632 1134 τὸν
1649 1108 1776 1143 Πλάστην
1789 1117 1830 1134 τι·

1027 1155 1123 1188 μήσεις
1136 1153 1179 1180 διὰ
1191 1153 1240 1188 τὴν
1254 1153 1344 1190 χάριν,
1357 1153 1404 1180 καὶ
1422 1154 1471 1189 τὴν
1492 1154 1609 1189 ἔπαρσιν
1625 1154 1710 1191 φεύξῃ
1722 1155 1766 1181 διὰ
1782 1155 1827 1180 τὸν

1025 1197 1105 1234 χοῦν·
1138 1198 1208 1225 οὕτω
1231 1198 1259 1224 δὲ
1284 1199 1496 1234 ταπεινούμενος
1519 1199 1570 1234 μὲν
1591 1199 1681 1232 αὐτὸς,
1695 1200 1734 1233 ὡς
1750 1199 1829 1232 ἄξιὸν

1025 1245 1110 1276 ἐστιν,
1130 1244 1205 1279 ὑψῶν
1219 1245 1248 1271 δὲ
1261 1244 1306 1271 τὸν
1328 1245 1486 1280 εὐεργέτην,
1502 1245 1580 1281 ῥᾷστ’
1594 1245 1626 1272 ἂν
1648 1245 1695 1272 τοῦ
1712 1246 1828 1281 ἀρχετύ-

1025 1298 1076 1317 που
1094 1292 1324 1326 κατευστοχήσαις
1351 1291 1445 1322 καλοῦ,
1470 1291 1569 1326 πράξει
1589 1292 1638 1327 μὲν
1662 1292 1758 1319 ἑαυτὸν
1777 1301 1825 1319 τα·

1025 1336 1137 1369 πεινῶν,
1155 1336 1255 1373 θεωρίᾳ.
1270 1337 1298 1364 δὲ
1312 1337 1356 1363 τὸν
1375 1337 1492 1373 Ποιητὴν
1508 1338 1582 1373 ὑψῶν
1594 1338 1641 1365 καὶ
1655 1339 1778 1374 θεωρῶν.

1024 1400 1040 1425 9
1056 1397 1149 1435 Ἦμαρ
1164 1400 1210 1427 ἐπ’
1224 1399 1304 1435 ἦμαρ
1320 1401 1385 1435 ἄγει
1397 1409 1445 1434 σε,
1460 1407 1513 1429 etc.

1065 1455 1184 1492 Ἑκάστη
1203 1457 1293 1492 ήμέρα
1319 1457 1435 1487 auo-3cm,
1453 1459 1486 1493 τῇ
1503 1458 1619 1494 ἐπιούσῃ
1641 1460 1776 1494 προσάγει
1790 1468 1821 1487 σι

1024 1502 1126 1538 ἡμέρᾳ.
1144 1502 1240 1534 Ὅστις
1271 1501 1317 1530 οὖν
1332 1504 1449 1539 ἐλαφρὸς
1466 1504 1513 1530 καὶ
1535 1503 1663 1536 ἀὸέϐαιος
1680 1505 1757 1532 πέλει
1774 1506 1821 1532 τδν

1024 1548 1087 1574 νοῦν
1100 1547 1148 1574 καὶ
1170 1548 1290 1584 ἀπαγὴς,
1307 1546 1351 1575 οἷά
1359 1558 1384 1575 τι
1402 1549 1480 1581 ξύλον
1494 1549 1595 1584 κοῦφον
1613 1550 1660 1576 ἐπὶ
1676 1550 1819 1578 θαλαττίου

1025 1594 1146 1630 κύματος
1159 1595 1312 1622 κυλίνδεται
1325 1597 1372 1623 καὶ
1387 1597 1581 1633 μεταφέρεται,
1593 1597 1681 1624 ἄλλοτ’
1695 1598 1740 1624 ἐπ’
1752 1598 1818 1625 ἄλλα

1024 1642 1148 1676 νοήματα
1167 1641 1366 1677 μεθιστάμενος
1381 1643 1428 1669 καὶ
1440 1644 1591 1679 πράγματα
1602 1652 1608 1659 ⁸
1625 1643 1655 1676 ὃς
1670 1644 1761 1679 μέντοι
1771 1645 1816 1671 εὑο

1023 1689 1107 1722 παγεῖ
1121 1688 1168 1714 καὶ
1181 1688 1278 1724 βεϐαίᾳ
1289 1689 1386 1724 γνώμῃ
1403 1689 1440 1721 ὡς
1456 1690 1543 1725 πέτρᾳ
1554 1689 1593 1725 τῷ
1606 1689 1678 1725 λόγῳ
1693 1691 1744 1726 τῆς
1751 1691 1815 1726 άλη-

1023 1733 1098 1765 θείας
1113 1733 1218 1769 ἵδρυται
1234 1735 1280 1761 καὶ
1293 1734 1427 1770 πέπηγεν,
1447 1736 1543 1762 ἄλυτον
1560 1737 1616 1771 ἔχει
1629 1737 1677 1763 καὶ
1694 1738 1817 1764 ἐτι-τᾶπη

1022 1781 1052 1806 ἐν
1064 1779 1152 1815 ἑαυτῷ
1180 1781 1295 1816 ἡμέραν,
1323 1781 1357 1807 τὰ
1379 1781 1538 1817 ἀνθρώπινα
1555 1782 1604 1817 μὲν
1623 1783 1690 1818 ῥεῖν,
1708 1783 1745 1815 ὡς
1758 1783 1817 1809 ses“-

1022 1826 1106 1858 λουσι,
1122 1827 1197 1854 κάτω
1214 1829 1334 1864 παριεὶς,
1351 1829 1432 1861 αὐτὸς
1445 1829 1471 1855 δὲ
1487 1830 1533 1855 καὶ
1551 1829 1659 1866 ἡμέραν
1673 1831 1739 1866 μίαν
1753 1832 1815 1858 dai-

1021 1872 1114 1898 λευτον
1136 1872 1207 1908 ὑπὲρ
1224 1873 1349 1908 χιλιάδας
1364 1874 1418 1900 τῶν
1433 1874 1612 1909 ἀνθρωπίνων
1630 1876 1753 1910 ἡμερῶν,
1770 1878 1814 1902 καὶ

1021 1917 1108 1944 αἰῶνα
1121 1917 1171 1944 ἕνα
1185 1918 1355 1945 ἀκατάλυτον
1374 1920 1421 1945 καὶ
1433 1920 1528 1954 χρόνον
1543 1920 1673 1955 ἄρευστον
1691 1921 1761 1956 ἔχων
1771 1922 1813 1948 τὸν

1020 1962 1097 1994 Θεὸν,
1122 1963 1228 1996 παγίως
1255 1963 1388 1998 ήδρασται
1415 1964 1463 1990 καὶ
1486 1964 1663 1999 ἀμεταθέτως
1679 1966 1709 1992 ἐν
1730 1967 1810 2001 αὐτῷ·

1022 2009 1091 2044 (πῶς
1106 2010 1159 2045 γὰρ
1172 2011 1226 2039 τοῖς
1236 2010 1392 2042 ἀπελθοῦσι,
1408 2011 1454 2037 καὶ
1467 2011 1566 2046 μηκέτι
1594 2009 1698 2047 οὗσιν;)
1715 2012 1774 2040 οὔτε
1784 2013 1811 2039 δὲ

1019 2057 1076 2087 τοῖς
1093 2056 1288 2091 ἐπερχομένοις
1303 2056 1512 2094 ⁴ὲτιιστηρίζετειι
1527 2058 1574 2084 καὶ
1587 2058 1721 2092 ἐπιοῦσιν,
1737 2060 1811 2092 εἰδὼς

1020 2102 1057 2134 ὡς
1071 2102 1215 2129 καὶταῦτα
1226 2102 1283 2137 ἅμα
1298 2111 1327 2128 τε
1344 2102 1482 2130 ἐλεύσεται
1505 2104 1551 2130 καὶ
1563 2103 1753 2137 ἀπελεύσεται,
1766 2107 1809 2132 καὶ

1019 2149 1110 2175 οὐκέτι
1131 2149 1218 2176 ἔσται,
1233 2149 1330 2176 Τοίνυν
1350 2150 1364 2175 ὁ
1387 2151 1443 2181 τοῖς
1465 2150 1597 2183 τοιούτοις
1613 2152 1752 2184 πεποιθὼς
1765 2154 1808 2180 καὶ

1020 2195 1196 2230 ἐπηλπικὼς,
1217 2195 1283 2222 ἴστω
1313 2196 1430 2231 ῥεύματι
1459 2198 1586 2233 ποταμίῳ
1610 2200 1805 2230 πεπιστευκὼς.

1019 2241 1062 2266 ἀεὶ
1090 2241 1140 2276 μὲν
1167 2242 1320 2276 κινουμένῳ
1348 2242 1395 2268 καὶ
1415 2243 1631 2278 παρερχομένῳ,
1664 2244 1805 2271 οὐδέποτε

1019 2285 1196 2322 στηριχθῆναι
1218 2286 1369 2322 δυναμένῳ.
1391 2289 1468 2314 Δυοῑν
1484 2289 1511 2314 δὲ
1524 2288 1626 2316 τούτων
1646 2290 1746 2321 ὀντων,
1769 2288 1806 2321 οἷς

1017 2332 1031 2358 ὃ
1046 2341 1074 2358 τε
1090 2332 1190 2367 ἀγαθὸς
1218 2333 1264 2358 καὶ
1280 2333 1376 2365 κακὸς,
1400 2333 1414 2359 ὃ
1435 2342 1464 2359 τε
1479 2333 1584 2366 δίκαιος
1612 2335 1659 2362 καὶ
1681 2337 1696 2362 ὁ
1719 2337 1805 2368 ἄδικος

1017 2378 1260 2414 χαρακτηρίζεται.
1278 2378 1336 2414 βίου
1360 2379 1432 2414 φημὶ
1449 2379 1480 2415 δὴ
1495 2380 1541 2407 καὶ
1554 2380 1643 2415 λόγου,
1664 2383 1724 2418 ἦτοι
1738 2384 1802 2418 πρά-

1017 2424 1084 2458 ξεως
1100 2425 1146 2451 καὶ
1173 2425 1299 2461 θεωρίας,
1320 2425 1377 2451 ἴσον
1393 2427 1466 2461 ἐμοὶ,
1489 2427 1566 2462 φησι,
1588 2429 1674 2455 κακὸν
1688 2429 1744 2464 βίος
1761 2431 1802 2456 καὶ

1016 2471 1094 2506 λόγος
1117 2471 1236 2507 ἀλιτρός.
1254 2472 1289 2497 Ὃ
1310 2479 1340 2497 τε
1357 2471 1411 2507 γὰρ
1432 2472 1499 2507 βίος,
1526 2474 1682 2509 ἀκάθαρτος
1695 2475 1743 2505 ὢν.
1761 2477 1802 2502 καὶ

1018 2518 1125 2554 μιαρὸς.
1151 2517 1198 2544 καὶ
1223 2516 1312 2553 μένων
1339 2518 1513 2554 άδιόρθωτος,
1529 2520 1569 2552 εἰς
1580 2521 1719 2553 ἀπωλείας
1733 2523 1800 2558 αίρέ-

1017 2572 1073 2595 σεις
1088 2563 1136 2590 καὶ
1149 2563 1245 2597 λόγους
1271 2564 1378 2597 ἐναγεῖς
1398 2566 1445 2591 καὶ
1470 2565 1646 2601 βλασφήμους
1671 2568 1802 2595 ὑπολισθεῖ

1015 2610 1060 2636 τὴν
1074 2609 1265 2645 ἁμαρτάνοντα
1279 2610 1309 2636 ’ὃ
1319 2619 1348 2636 τε
1366 2610 1454 2645 λόγος,
1466 2612 1516 2647 τῆς
1531 2612 1799 2650 πεπεωςέξεστραμ-

1017 2656 1105 2692 μένος,
1125 2656 1171 2683 καὶ
1194 2657 1358 2693 αἱρεσιώτης
1389 2658 1438 2691 ὣν,
1461 2660 1501 2690 είς
1530 2660 1728 2695 μυσαρώτατον
1750 2661 1797 2697 βίον

1015 2703 1153 2738 κατασπᾷ.
1186 2703 1326 2739 ὐποτέρῳ
1353 2702 1400 2731 οὖν
1429 2705 1532 2732 τούτων
1547 2714 1589 2737 τις
1604 2707 1730 2742 ἐπιμένοι
1744 2716 1796 2734 συν-

1015 2748 1153 2784 ηδόμενος,
1168 2748 1323 2782 ἀκολούθως
1338 2750 1386 2777 καὶ
1400 2751 1439 2786 τῷ
1451 2751 1537 2788 ἑτέρῳ
1549 2754 1707 2788 περιπέσοι.

1017 2795 1111 2829 Ὕϐρις
1123 2795 1256 2830 ἄναγνον
1269 2796 1369 2830 ἐόντα,
1379 2806 1407 2825 κ.
1419 2806 1444 2824 τ.
1456 2799 1479 2824 ἑ.

1050 2841 1154 2877 Ὠσπερ
1167 2841 1199 2868 τὰ
1215 2841 1322 2878 καθαρά
1339 2842 1452 2878 σώματα
1467 2845 1514 2872 καὶ
1526 2845 1592 2879 ἅγια
1606 2847 1662 2878 τοῖς
1675 2847 1795 2883 καθαροῖς

1014 2888 1060 2915 καὶ
1072 2888 1160 2922 ἁγίοις
1175 2888 1317 2923 προσιέναι
1327 2889 1381 2926 χρὴ
1394 2892 1441 2918 καὶ
1456 2890 1630 2928 λειτουργεῖν,
1641 2891 1728 2926 οὕτως
1740 2894 1795 2921 ἁκο-
