1920 3046
141 152 191 180 781

137 211 234 238 lautior;
250 208 296 238 καὶ
311 210 412 246 βέὸηλα
439 210 641 246 ὑπηρετεῖσθαι.
658 212 756 248 ’Υῦρις
775 211 832 246 οὖν,
851 213 930 248 φησὶ,

139 258 188 284 καὶ
221 257 320 292 ἀτιμία
347 257 415 284 Θεοῦ
437 257 481 284 τὸν
508 257 618 293 ἅνάγνῳ
647 258 786 294 χρώμενον
812 258 862 294 βίῳ
885 259 931 286 καὶ

139 303 338 338 ὲὸδελυγμένον
353 305 409 335 τοῖς
430 303 512 336 Θεῑοις
533 305 750 340 προσηγγικέναι
764 305 811 331 καὶ
826 305 932 341 ἱερουρ-

139 352 220 384 γεῖν·
242 349 338 377 τούτου
362 350 391 376 δὲ
414 349 564 385 δεινότερον
585 350 693 377 ἅπαντα
719 350 824 386 νεκρῶν
852 351 932 377 εὐλα-

139 396 246 423 ϐεῖσθαι
270 396 394 431 λείψανα,
422 396 493 424 τοῦτ’
516 397 589 424 ἔστιν
605 398 687 432 ἁγνὸν
708 398 791 432 ὄντα,
810 397 932 434 βεϐήλοις

139 444 188 470 καὶ
198 444 348 480 αἰρετικοῖς
363 442 499 478 πρόφασιν
515 443 658 476 εὐλαϐείας
672 443 851 479 σεὸᾳζὸμενον
865 445 931 471 ὑπο-

139 489 363 520 κατακλίνεσθαι,
392 490 440 517 καὶ
463 490 570 524 νεκροῖς
583 487 658 516 οὖσιν
677 490 872 523 ἐπικοινωνεῖν,
886 491 932 517 τοῦ

139 536 277 572 προτέρου
290 535 440 572 δεινότερον
459 535 507 562 καὶ
520 535 702 571 ἀτοπώτερον.

180 625 214 652 17
228 626 350 652 Ἷστασο
362 625 472 659 μήποθ’
485 624 565 652 ὁδοῖο
579 624 691 657 καλῶν,
706 634 733 653 κ.
742 634 768 652 τ.
783 625 822 657 ἐξ.

183 671 243 698 Ἐπ’
256 670 340 701 ἄλλας
363 671 467 706 μέτεισι
485 670 596 706 γνώμας
608 672 622 698 ο
647 671 933 706 ἰεροτελεστικώτατος

139 716 221 752 ἀνὴρ,
241 717 347 751 μήποτε
364 716 460 752 στῆναι
474 716 527 743 τῶν
542 717 632 744 καλῶν
646 716 735 752 ἔργων
751 717 811 744 6δοῦ
828 727 931 753 παρεγ-

144 762 226 796 γυῶν,
245 761 303 789 ἀλλ’
317 762 470 797 ἀεικίνητον
483 760 552 789 εἶναι
570 762 638 798 πρὸς
650 763 684 789 τὰ
705 763 840 799 εὑάρεστα
854 764 913 800 Θεῷ
924 774 931 779 θ

140 807 226 834 κακὸν
242 807 272 834 δὲ
291 805 361 834 εἶναι
384 807 414 833 τὺ
440 807 534 843 ἕρπειν
553 808 592 839 εἰς
616 807 705 842 βυθὸν,
728 808 802 836 τοῦτ’
826 808 884 836 ἔστι
903 809 933 836 τὺ

141 853 339 881 συνελκύεσθαι
356 856 411 886 τοῖς
429 853 611 890 ἁμαρτωλοῖς,
628 854 674 881 καὶ
689 855 746 886 τοῖς
762 855 811 890 τὴν
825 855 933 882 ἀδικίαν

140 900 337 935 ἐργαζομένοις
354 900 580 927 συναπόλλυσθαι.
598 900 656 927 Ἵνα
671 901 700 927 δὲ
719 901 755 937 μὴ
768 901 859 938 λέγῃς,
876 902 933 934 πῶς

140 945 174 972 τὸ
193 945 231 981 μὴ
253 945 348 980 στῆναι
366 945 415 980 τῆς
434 945 495 972 ὁδοῦ
516 944 670 980 παραινῶν,
691 945 721 971 οὑ
745 945 775 971 τὲ)
793 945 933 981 ἀνίδρυτον

142 989 224 1024 αὖθις
240 991 288 1018 καὶ
304 990 418 1018 ἄστατον
435 990 584 1025 νομοθετεῖ,
598 990 738 1024 ἐπήγαγεν
749 990 830 1022 εὐθύς
844 999 851 1006 ·

141 1083 194 1110 Σοὶ
210 1083 331 1115 στάσις,
346 1081 430 1112 ὅστις
441 1080 524 1114 ἔϐης,
541 1089 567 1106 κ.
585 1088 611 1105 τ.
628 1079 666 1112 ἐξ.

177 1128 263 1155 Τοῦτο
279 1127 372 1159 στάσις
387 1125 526 1161 ἐπαινετὴ,
542 1125 622 1151 τοῦτο
633 1125 736 1160 ἵδρυσις
746 1125 775 1150 ἐν
786 1124 825 1158 τῷ
840 1123 934 1160 ἀγαθῷ

139 1176 188 1202 καὶ
209 1173 286 1210 μονὴ,
304 1173 334 1199 τὸ
350 1173 429 1204 ἐκτὸς
458 1173 507 1207 τῆς
527 1171 625 1202 κακίας
642 1171 786 1206 γενόμενον
801 1170 933 1205 sagacem

139 1222 179 1256 τῷ
193 1220 279 1255 καλῷ,
303 1219 350 1246 καὶ
373 1217 538 1254 sagacem
566 1216 700 1252 μηδέποτε
721 1216 826 1251 στῆναι,
847 1217 934 1243 εῖτουν

139 1265 305 1300 ἐκκακῆσαι,
334 1264 420 1290 ποιεῖν
448 1262 478 1289 τὺ
503 1261 616 1296 ἀγαθόν.
642 1260 759 1295 Τυφλὸς
781 1260 867 1295 ὀρῶν.
888 1262 934 1286 Δο-

141 1313 186 1338 κεῖ
200 1311 258 1347 (76)
276 1310 341 1346 ὁρᾷν
367 1308 407 1344 τῷ
422 1308 579 1343 ὀφθαλμοὺς
604 1307 675 1342 ἔχειν
697 1307 811 1339 οἴεσθαι,
828 1306 934 1342 ἀληθῶς

139 1358 168 1384 δὲ
183 1356 284 1391 τυφλός
312 1356 397 1387 ἐστιν,
417 1354 447 1386 ὃς
466 1354 515 1389 τῆς
532 1353 600 1385 ἰδίας
619 1353 718 1383 κακίας
735 1353 781 1378 καὶ
797 1353 934 1388 ἁμαρτίας

139 1404 185 1430 τὸν
203 1403 313 1438 ὄλεθρον
325 1401 374 1437 οὐχ
390 1399 446 1432 οἷός
459 1400 490 1426 τέ
500 1401 557 1426 ἐστι
570 1400 711 1426 κατανοεῖν
722 1407 728 1413 ⁸
741 1398 799 1429 πῶς
815 1398 836 1424 δ’
848 1399 880 1425 ἄν
893 1408 934 1429 τις

140 1449 189 1475 καὶ
205 1447 415 1482 καταθεωρὴσαι
438 1445 544 1472 τουτονὶ
570 1445 619 1480 τῆς
640 1444 728 1480 ψυχῆς
743 1444 789 1470 τὸν
806 1444 931 1477 θάνατον,

138 1496 187 1521 ἐὰν
199 1494 238 1529 μὴ
247 1493 378 1529 πρότερον
405 1492 460 1527 είδῇ
477 1491 621 1527 μαστεύειν
639 1491 685 1517 καὶ
709 1490 870 1526 ἐξιχνιάζειν
884 1490 931 1517 τοῦ

138 1540 237 1577 νοητοῦ
262 1539 345 1575 θηρὸς
361 1539 378 1574 ἢ
395 1538 519 1565 διαϐόλου
542 1538 576 1565 τὰ
604 1538 739 1573 νοήματα,
766 1537 812 1564 καὶ
828 1540 932 1573 νοεροῖς

138 1588 273 1622 ὄμμασιν,
291 1586 374 1620 ἤγουν
396 1585 531 1620 κρυπταϊς
550 1584 686 1619 θεωρίαις,
700 1583 932 1619 προκαταλαμϐά-

138 1640 196 1660 νειν
219 1630 302 1658 αὑτοῦ
326 1631 376 1661 τὰς
404 1630 516 1665 ἐνέδρας
537 1629 584 1656 καὶ
600 1628 648 1660 τὰς
665 1628 798 1663 φυλακὰς,
815 1628 887 1655 κατὰ
901 1629 932 1655 τὸ

138 1678 240 1712 λόγιον,
254 1677 302 1703 καὶ
320 1676 392 1703 οὓτω
405 1675 598 1711 διακρούεσθαι
609 1675 691 1702 αὑτοῦ
705 1674 754 1706 τὰς
769 1674 931 1707 ἐπιϐουλάςς

138 1724 176 1749 Σὺ
188 1722 280 1750 τοίνυν
291 1723 305 1748 ὁ
315 1721 406 1757 ἰατροῦ
423 1721 469 1747 ἐπὶ
483 1721 539 1752 τοῖς
554 1720 652 1747 πάθεσι
666 1720 714 1755 τῆς
733 1719 822 1755 ψυχῆς
829 1720 933 1747 ἐπιδεύ-

140 1777 233 1804 μενος,
266 1767 313 1794 ἐὰν
333 1767 535 1802 κατακρύπτων
563 1765 742 1802 κατακρύψῃς
758 1765 837 1798 αὐτὰ,
854 1766 932 1793 ἐπαι-

657 153 691 181 IN
710 153 861 182 CARMINA
874 154 1014 182 ARCANA
1034 155 1062 182 S.
1084 155 1256 185 GREGORII.

1718 157 1769 184 78‘}

987 212 1118 242 famulum
1135 219 1162 242 et
1183 216 1296 250 profana
1314 217 1479 245 ministrare.
1499 217 1673 245 Contumelia
1692 225 1768 254 ergo,

986 258 1084 294 inquit,
1099 265 1126 287 et
1140 261 1257 288 dedecus
1274 260 1321 289 Dei
1335 269 1397 290 eum
1417 262 1464 297 qni
1482 262 1618 298 impuram
1634 262 1703 291 solet
1724 263 1772 290 de-

985 312 1049 339 gere
1061 305 1145 333 vitam
1159 310 1187 334 et
1202 307 1250 342 qui
1262 308 1441 336 detestandus
1451 314 1504 342 est,
1516 309 1618 337 divinis
1630 309 1768 338 admoveri

984 353 1012 376 et
1023 357 1099 378 sacra
1115 352 1269 387 cOnﬁcere;
1293 353 1341 380 sed
1358 353 1443 389 magis
1462 353 1630 381 horrendum
1643 358 1769 381 estcum-

986 396 1045 423 dem
1054 397 1157 424 cunctis
1167 401 1332 425 mortuorum
1341 397 1382 432 pie
1389 398 1525 427 admoveri
1538 398 1656 434 reliquiis
1665 408 1672 425 :
1680 397 1705 425 id
1717 403 1770 430 est,

987 440 1124 468 hominem
1143 441 1285 468 innoxium
1298 450 1360 469 eum
1373 443 1496 477 profanis
1511 448 1538 470 et
1554 443 1692 472 haereticis
1712 445 1771 480 pie-

986 485 1051 512 tatis
1075 492 1159 513 causa
1175 490 1351 526 venerantem
1365 492 1541 522 prosternere
1560 495 1590 516 se
1604 492 1631 516 et
1645 497 1707 516 cum
1718 490 1772 517 illis

992 530 1038 564 qui
1073 532 1175 559 mortui
1207 536 1273 560 sunt
1306 534 1509 561 communicare
1550 534 1716 564 borrendius
1746 542 1773 564 et

985 576 1109 605 insanius
1125 580 1168 605 est
1180 585 1261 612 quam
1274 577 1347 612 quod
1360 586 1442 613 supra
1455 579 1637 614 vituperatur.

1021 622 1054 648 t7
1070 622 1214 659 Nunquam
1223 624 1352 652 subsiste:
1369 625 1396 652 in
1413 625 1455 652 uia
1469 625 1586 660 virtutis,
1597 630 1650 653 etc.

1022 669 1061 696 Ad
1075 670 1144 698 alias
1155 670 1255 698 transit
1270 671 1432 705 sententias,
1440 672 1617 700 sanctissime
1630 672 1773 707 perfectus

986 714 1079 747 vir,ne
1096 715 1223 751 progredi
1244 722 1369 745 cessatur
1395 717 1422 744 in
1446 717 1489 744 ria
1508 717 1641 746 bonorum
1659 725 1772 754 operum

985 761 1193 794 commendans,
1209 763 1257 790 sed
1272 766 1304 790 ut
1325 766 1456 791 actuosus
1471 771 1580 798 semper
1604 764 1722 799 quisque
1737 764 1774 792 sit

986 804 1020 831 ad
1036 812 1067 832 ea
1078 814 1139 840 quae
1153 806 1208 834 Deo
1228 807 1358 842 placent;
1387 808 1489 835 malum
1506 814 1597 836 autem
1621 808 1716 837 dicens
1731 817 1773 836 re-

987 858 1051 886 pere
1068 851 1101 878 ad
1115 852 1218 884 intima,
1229 853 1255 880 id
1273 857 1325 886 est,
1347 861 1443 889 repere
1458 862 1520 882 cum
1535 855 1727 889 peccatoribus
1746 860 1774 883 et

985 904 1047 923 cum
1061 899 1242 932 operantibus
1258 899 1430 934 iniquitatem
1454 900 1535 927 simul
1558 901 1693 929 commori
1720 902 1772 930 Sed

985 950 1020 970 ne
1032 943 1149 978 objicias
1163 953 1169 971 :
1186 945 1326 979 quomodo
1342 946 1387 980 qui
1414 954 1448 973 ne
1462 947 1589 981 progredi
1604 953 1728 975 cessetur
1745 949 1772 975 in

985 988 1027 1015 ria
1048 988 1185 1023 hortatur,
1218 997 1271 1018 non
1296 991 1396 1018 iterum
1422 992 1454 1019 de
1472 992 1577 1020 caduco
1603 997 1631 1020 et
1650 994 1773 1022 instabili

985 1034 1155 1069 pronuntiat,
1172 1036 1262 1062 statim
1277 1036 1353 1063 addit
1371 1046 1377 1064 :

985 1082 1142 1109 Constantia
1158 1089 1213 1115 tua,
1231 1084 1349 1120 quisquis
1366 1084 1475 1117 incedis,
1486 1088 1512 1112 et
1525 1093 1584 1121 seq.

1020 1126 1082 1155 Haec
1109 1129 1266 1156 constantia
1291 1129 1450 1164 laudabilis,
1474 1131 1531 1158 haec
1558 1131 1730 1160 confirmatio
1747 1133 1773 1161 in

984 1172 1057 1200 bono
1075 1178 1102 1200 et
1119 1175 1237 1207 mansio,
1256 1176 1279 1201 si
1295 1175 1402 1203 alienus
1417 1184 1431 1203 a
1452 1177 1557 1204 malitia
1571 1177 1660 1205 factus
1678 1177 1759 1206 ﬁrme

985 1223 1029 1246 tur
1038 1223 1064 1246 et
1076 1219 1199 1249 firmatus
1208 1228 1380 1257 nequaquam
1391 1227 1479 1250 cesset
1490 1228 1537 1250 aut
1548 1225 1668 1251 remittat
1678 1233 1693 1252 e
1702 1225 1774 1252 bono

985 1263 1120 1291 faciendo.
1134 1276 1142 1291 ι
1156 1266 1252 1294 Caecus
1261 1267 1368 1295 videns.
1380 1278 1388 1294 ι
1401 1268 1500 1296 Videre
1511 1269 1600 1297 credit
1613 1278 1645 1297 ex
1656 1278 1688 1297 eo
1701 1272 1772 1306 quod

984 1311 1079 1338 oculos
1086 1311 1184 1340 habere
1197 1317 1310 1349 reputet,
1318 1313 1340 1340 is
1350 1317 1439 1341 autem
1446 1321 1508 1342 vere
1517 1323 1604 1344 caecus
1610 1316 1701 1351 estqui
1710 1325 1759 1352 pro

985 1357 1050 1390 prbe
1065 1357 1177 1385 malitia
1190 1359 1350 1394 propriique
1371 1360 1475 1394 peccati
1500 1360 1608 1387 ruinam
1631 1369 1686 1388 non
1704 1363 1774 1389 valet

985 1400 1151 1437 intelligere;
1169 1409 1197 1431 et
1210 1405 1348 1438 quomodo
1366 1405 1437 1432 hanc
1457 1406 1555 1433 animae
1570 1410 1685 1434 mortem
1711 1415 1774 1434 ron-

986 1447 1132 1481 siderarct,
1156 1449 1210 1477 nisi
1230 1450 1306 1485 prius
1325 1451 1432 1478 noverit
1451 1455 1595 1486 penetrare
1612 1457 1639 1479 et
1660 1453 1774 1480 investi-

988 1501 1053 1528 gare
1065 1494 1217 1529 spiritualis
1234 1496 1339 1530 bestiae,
1356 1504 1403 1524 seu
1422 1497 1522 1525 diaboli
1541 1498 1731 1534 cogitationes,
1747 1504 1774 1525 et

985 1540 1173 1574 spiritualibus
1206 1543 1309 1575 oculis,
1342 1551 1439 1578 nempe
1468 1545 1582 1571 secretis
1615 1543 1773 1572 meditatio-

987 1586 1069 1613 nibus
1090 1587 1179 1622 ipsius
1196 1588 1311 1617 insidias
1338 1592 1365 1616 ct
1387 1590 1496 1624 vigilias
1521 1591 1671 1625 praevenire
1695 1590 1773 1625 juxta

986 1633 1168 1669 Scripturam,
1179 1640 1207 1663 et
1217 1635 1253 1662 ita
1267 1636 1354 1671 ipsius
1367 1637 1533 1664 teutationes
1541 1637 1644 1664 vitare?
1659 1637 1699 1664 Tu
1709 1646 1774 1673 ergo

985 1679 1092 1707 medico
1105 1680 1132 1707 in
1148 1681 1246 1709 animae
1264 1682 1369 1709 morbis
1383 1690 1476 1717 egens,
1498 1683 1521 1711 si
1533 1684 1582 1711 bos
1596 1684 1690 1711 celans
1703 1685 1775 1711 cela-

985 1724 1062 1751 veris
1076 1725 1202 1753 conﬁteri
1220 1726 1276 1754 Deo
1291 1728 1470 1760 erubescens,
1486 1737 1658 1765 nequaquam
1667 1732 1772 1763 peccati

986 1769 1100 1798 fetorem
1121 1779 1136 1799 a
1152 1772 1235 1800 corde
1250 1777 1299 1800 tuo
1315 1773 1473 1809 dissipabis.

139 1814 303 1850 σχυνόμενος
329 1812 548 1848 ἐξομολογεῖσθαι
570 1811 609 1848 τῷ
631 1806 700 1846 ego.
717 1811 808 1838 obruor‘
829 1811 862 1838 ἂν
874 1812 922 1848 τὴν
935 1816 984 1848 τῆς
1013 1817 1150 1854 ἁμαρτίας
1164 1818 1296 1846 δυσωδίαν
1314 1820 1364 1856 τῆς
1382 1806 1451 1854 ίδίας
1466 1823 1579 1858 καρδίας
1590 1823 1772 1859 ἀποσμήξαιο.

137 1907 196 1939 sae
211 1907 313 1941 λόγος,
328 1906 417 1941 ἔργον
430 1904 522 1940 ἐμεῖο,
539 1913 566 1931 κ.
579 1913 604 1931 τ.
617 1904 658 1936 ἐξ.

175 1951 262 1979 Τοῦτο
278 1952 346 1988 πρὸς
360 1952 407 1978 τὸν
424 1951 494 1978 θεῖον
505 1950 584 1985 λόγον
594 1950 639 1977 τὸν
652 1949 701 1981 τὰς
710 1950 847 1986 σωτηρίας
864 1951 930 1987 ἡμῖν

135 1998 329 2033 ἐντελλόμενον
343 1997 454 2025 ἀκούειν
465 1998 531 2034 χρή.
544 1996 594 2022 Σδν
607 1996 657 2031 μὲν
669 1994 727 2029 οὖν,
747 1993 770 2022 ὦ
783 1996 881 2032 Κύριε,
895 1998 928 2023 τὰ

137 2043 299 2080 σωτηριὼδη
314 2044 458 2080 παραινεῖν
472 2043 519 2070 καὶ
538 2041 704 2077 νομοθετεῖν,
721 2042 787 2077 ἐμὴν
807 2042 835 2069 δὲ
842 2043 876 2069 δι’
888 2042 929 2078 ἕρ-

134 2099 186 2124 γου
211 2090 347 2126 παριστᾷν
377 2089 476 2116 ταῦτα.
492 2089 539 2120 ⁸ος
566 2086 622 2121 οὖν,
639 2089 715 2123 φησὶ,
731 2088 822 2115 καλῶν
838 2088 927 2124 ἔργων

135 2137 246 2171 ἀπορεῖ,
274 2135 387 2171 εὐεπίην
412 2135 507 2170 ἐχέτω,
535 2135 611 2170 ῥῆμα
635 2134 783 2169 ἀπολογίας
806 2134 925 2170 ἀγαθὸν,

133 2181 404 2217 ταπεινοφροσύνης,
434 2180 588 2216 μετανοίας,
615 2179 818 2213 ὑποπτὼσεως,
850 2180 927 2216 ῥῆμα

135 2228 213 2254 ἐλέου
228 2227 296 2253 Θεοῦ
312 2226 505 2262 προκλητικὸν,
525 2225 687 2262 συμμαχοῦν
708 2226 748 2257 εἰς
764 2226 927 2262 συνηγορίαν

135 2276 203 2310 ἡμῖν
216 2273 264 2300 καὶ
277 2273 436 2308 ἀμφίθετον,
445 2273 460 2299 ὃ
472 2272 605 2307 ὲστιπρὸς
618 2272 760 2307 ἀμφότερα
767 2272 926 2308 συνεργοῦν,

135 2320 204 2356 πρός
218 2328 248 2346 τε
260 2319 310 2355 τὴν
320 2320 369 2354 τῆς
384 2319 607 2354 ἀγανακτήσεως,
630 2319 678 2354 τῆς
695 2319 742 2345 ἐπὶ
757 2320 789 2354 τῇ
805 2319 928 2355 ἁμαρτίᾳ

134 2366 299 2402 κινουμένης
310 2365 485 2401 ἀποστροφὴν
502 2365 629 2401 καὶπρὸς
644 2364 694 2400 τὴν
709 2364 764 2392 τῶν
775 2364 928 2400 οἰκτιρμῶν

134 2413 190 2440 τῶν
201 2411 384 2448 ὑπεραγάθων
395 2411 574 2446 ἐπιστροφήν.

133 2460 170 2487 25
188 2458 341 2493 Ὑϐριστὴς
348 2458 437 2493 κόρος
453 2457 548 2490 ἐστίν,
563 2465 590 2484 κ.
606 2465 630 2483 τ.
646 2456 684 2489 ἑξ.

178 2506 207 2532 Ὀ
219 2505 298 2541 κόρος
316 2504 365 2541 μὲν
374 2504 429 2531 τῶν
445 2512 475 2530 τε
493 2503 648 2539 βρωμάτων
661 2503 709 2530 καὶ
718 2504 864 2540 χρημάτων
879 2504 924 2530 καὶ

133 2553 255 2584 πάντων,
270 2552 322 2579 ὅσα
347 2550 483 2586 σώματος,
503 2549 634 2586 ὑϐριστής
649 2550 707 2576 ἐστι
722 2550 769 2577 καὶ
783 2550 922 2585 ἀγέρωχος

133 2598 182 2626 καὶ
205 2597 322 2630 ἀλαζών.
353 2596 479 2628 Τοιοῦτος
509 2597 564 2628 πᾶς
581 2597 595 2623 ὁ
623 2595 748 2623 πλουτεῖν
779 2595 925 2631 ἀπλήστως

132 2643 294 2678 ἐφιέμενος·
323 2641 379 2678 ἐγὼ
395 2642 425 2669 δέ
442 2651 483 2675 σε,
509 2638 532 2668 ὣ
556 2641 651 2677 ἄριστε
668 2641 779 2676 μυστῶν
803 2641 827 2677 (ὁ
856 2640 925 2675 ἱερὸς

132 2688 289 2716 ὑποτίθεται
317 2686 523 2723 μυσταγωγὸς),
559 2686 638 2722 ἔργον
670 2686 743 2721 ἔχειν
779 2686 924 2722 ἄμεμπτον

132 2734 265 2770 βούλομαι
291 2734 339 2760 καὶ
362 2733 499 2760 ἄπαυστον
514 2731 565 2768 τὴν
583 2731 633 2767 τῆς
649 2731 809 2767 ἁειτρεφοῦς
827 2732 925 2766 ἐπιμέ-

131 2782 207 2808 λειαν
219 2780 317 2815 ψυχῆς,
334 2780 382 2815 τῆς
409 2780 452 2807 ἀεὶ
474 2779 513 2814 τῷ
529 2779 600 2814 λόγῳ
622 2779 725 2814 Κυρίου
743 2779 923 2814 τρεφομένης,

131 2827 202 2862 πρὸς
232 2826 313 2861 πῆξιν
337 2826 422 2862 αὐτῆς
441 2827 489 2854 καὶ
511 2825 656 2860 οἰκοδομὴν
676 2823 772 2861 νοερὰν
788 2825 834 2853 καὶ.
850 2824 925 2851 τελε-

169 2893 228 2930 (76)
241 2894 309 2923 God.
322 2894 414 2922 δοκαν.

982 1906 1068 1933 Tuum
1081 1907 1197 1940 verbum,
1216 1916 1280 1943 opus
1293 1918 1309 1936 α
1322 1918 1371 1943 me,
1381 1914 1434 1938 etc.

1016 1952 1043 1979 Id
1061 1953 1094 1980 de
1110 1953 1204 1981 divino
1221 1956 1304 1983 verbo
1317 1957 1375 1985 vias
1393 1957 1492 1985 salutis
1504 1958 1585 1987 nobis
1598 1959 1711 1994 iubente
1724 1969 1773 1988 au-

979 1996 1037 2026 dire
1053 2003 1161 2034 oportet
1179 2010 1184 2026 :
1202 1999 1292 2028 Tuum
1307 2009 1384 2037 ergo,
1400 2010 1417 2029 0
1431 2002 1557 2037 Domine,
1574 2005 1706 2033 salutaria
1723 2015 1772 2035 ex—

981 2044 1082 2072 hortari
1093 2049 1120 2073 et
1132 2047 1321 2081 pratscribere,
1340 2056 1430 2075 meum
1448 2057 1517 2076 vero
1534 2057 1616 2085 opere
1637 2051 1688 2078 ista
1709 2060 1773 2087 per-

978 2098 1058 2126 agere
1072 2099 1078 2123 ;
1094 2091 1152 2127 qui,
1170 2091 1271 2127 inquit,
1285 2092 1365 2121 bonis
1375 2094 1504 2128 operibus
1517 2100 1587 2130 eget,
1597 2095 1771 2124 dulcisonum

980 2136 1095 2168 habeat,
1113 2137 1227 2165 verbum
1244 2138 1378 2175 apologiae
1392 2140 1507 2172 bonum,
1522 2140 1698 2175 humilitatis,
1708 2150 1769 2178 pte-

980 2181 1111 2215 nitentiac,
1129 2183 1360 2218 compunctionis,
1378 2185 1492 2213 verbum
1517 2194 1672 2221 provocans
1696 2188 1769 2216 divi-

981 2235 1022 2255 nat
1044 2228 1252 2262 misericordia,
1275 2230 1421 2259 nobiscum
1439 2239 1564 2267 pugnans
1581 2232 1608 2259 in
1627 2233 1768 2262 defensio-

981 2283 1056 2309 nem,
1068 2275 1133 2304 hinc
1151 2280 1178 2304 et
1194 2276 1257 2305 inde
1278 2277 1426 2311 auxiliaris,
1453 2279 1480 2306 id
1497 2282 1550 2311 est,
1580 2280 1709 2316 utrinqtte
1720 2288 1770 2316 0p-

982 2327 1130 2357 portunum
1141 2344 1148 2356 ,
1165 2328 1192 2352 et
1210 2333 1257 2360 per
1272 2325 1470 2361 indignationis
1487 2326 1522 2354 de
1545 2331 1661 2362 peccato
1676 2329 1770 2356 conci-

981 2373 1045 2397 latze
1059 2372 1268 2399 conversionem
1277 2376 1305 2399 et
1319 2380 1367 2408 per
1376 2373 1645 2400 commiserationum
1654 2375 1768 2402 omnino

980 2414 1146 2448 optimarum
1161 2417 1358 2445 reversionem.

978 2459 1011 2486 ‘23
1032 2459 1139 2487 Procax
1152 2467 1190 2489 est
1207 2463 1392 2494 satietas,etc.

1011 2507 1135 2535 Aviditas
1152 2513 1313 2536 escarumet
1323 2509 1458 2537 bonorum
1466 2513 1492 2537 et
1502 2511 1623 2538 omnium
1640 2520 1700 2547 quae
1720 2521 1769 2548 ap—

980 2552 1046 2587 petit
1055 2554 1341 2586 corpus,contumelia
1352 2558 1405 2588 est,
1418 2556 1574 2591 arrogantia
1586 2561 1613 2584 et
1634 2558 1738 2586 vanitas
1759 2569 1764 2585 :

979 2598 1031 2626 hac
1047 2598 1155 2627 laborat
1168 2599 1294 2635 quisquis
1309 2601 1445 2630 ditescere
1465 2602 1661 2631 insatiabiliter
1677 2605 1765 2633 ardet.

978 2642 1035 2679 Ego
1042 2652 1118 2676 vero,
1127 2652 1144 2672 ο
1156 2645 1272 2680 optime,
1284 2646 1364 2674 docet
1377 2652 1489 2676 sanctus
1498 2649 1635 2684 mysteriis
1645 2649 1766 2678 initians.

968 2693 1006 2716 te
1035 2690 1278 2725 irreprehensibile
1302 2695 1329 2720 et
1350 2699 1470 2728 perenne
1494 2701 1564 2728 opus
1589 2701 1670 2730 agere
1694 2696 1765 2727 volo,

978 2735 1077 2762 animae
1091 2743 1200 2771 semper
1213 2736 1319 2764 alenda:
1340 2745 1447 2772 curam,
1466 2739 1567 2774 quippe
1584 2747 1644 2775 qua:
1659 2747 1767 2776 semper

979 2780 1064 2808 verbo
1080 2781 1174 2810 divino
1194 2782 1278 2809 alitur
1294 2783 1328 2810 ad
1346 2783 1536 2812 formationem
1551 2789 1578 2814 et
1592 2785 1764 2821 spiritualem

979 2826 1187 2856 aedificationem
1206 2831 1233 2856 et
1255 2829 1465 2864 perfectionem,
1485 2831 1548 2858 volo
1561 2835 1589 2859 et
1605 2835 1632 2859 te
1652 2830 1764 2859 divitias
