  <div class='ocr_page' id='page_1' title='image "/cluster/home/n/w/nwhite01/storage/ocr_20150623/38/njp.32101077772570/401.png"; bbox 0 0 1920 3046; ppageno 0'>
   <div class='ocr_carea' id='block_1_1' title="bbox 180 140 234 169">
    <p class='ocr_par' dir='ltr' id='par_1_1' title="bbox 180 140 234 169">
     <span class='ocr_line' id='line_1_1' title="bbox 180 140 234 169; baseline 0 -1"><span class='ocrx_word' id='word_1_1' title='bbox 180 140 234 169; x_wconf 70' lang='grc'><strong>785</strong></span> 
     </span>
    </p>
   </div>
   <div class='ocr_carea' id='block_1_2' title="bbox 179 193 972 229">
    <p class='ocr_par' dir='ltr' id='par_1_2' title="bbox 179 193 972 229">
     <span class='ocr_line' id='line_1_2' title="bbox 179 193 972 229; baseline -0.004 -5"><span class='ocrx_word' id='word_1_2' title='bbox 179 198 288 224; x_wconf 84' lang='lat' dir='ltr'><strong>unicam</strong></span> <span class='ocrx_word' id='word_1_3' title='bbox 309 195 480 223; x_wconf 75' lang='lat' dir='ltr'><strong>divinitatem</strong></span> <span class='ocrx_word' id='word_1_4' title='bbox 491 201 663 229; x_wconf 89' lang='lat' dir='ltr'><strong>comparare,</strong></span> <span class='ocrx_word' id='word_1_5' title='bbox 684 193 756 221; x_wconf 87' lang='lat' dir='ltr'><strong>sicut</strong></span> <span class='ocrx_word' id='word_1_6' title='bbox 766 201 813 229; x_wconf 83' lang='lat' dir='ltr'><strong>per</strong></span> <span class='ocrx_word' id='word_1_7' title='bbox 828 195 972 229; x_wconf 88' lang='lat' dir='ltr'><strong>speculum</strong></span> 
     </span>
    </p>
   </div>
   <div class='ocr_carea' id='block_1_3' title="bbox 180 240 972 277">
    <p class='ocr_par' dir='ltr' id='par_1_3' title="bbox 180 240 972 277">
     <span class='ocr_line' id='line_1_3' title="bbox 180 240 972 277; baseline -0.006 -7"><span class='ocrx_word' id='word_1_8' title='bbox 180 245 320 271; x_wconf 83' lang='lat' dir='ltr'><strong>sincerum</strong></span> <span class='ocrx_word' id='word_1_9' title='bbox 345 242 446 277; x_wconf 78' lang='lat' dir='ltr'><strong>spiritu</strong></span> <span class='ocrx_word' id='word_1_10' title='bbox 476 241 693 275; x_wconf 80' lang='lat' dir='ltr'><strong>conspicientem</strong></span> <span class='ocrx_word' id='word_1_11' title='bbox 713 244 741 268; x_wconf 88' lang='lat' dir='ltr'><strong>et</strong></span> <span class='ocrx_word' id='word_1_12' title='bbox 767 241 794 267; x_wconf 92' lang='lat' dir='ltr'><strong>in</strong></span> <span class='ocrx_word' id='word_1_13' title='bbox 821 240 911 275; x_wconf 90' lang='lat' dir='ltr'><strong>ipsum</strong></span> <span class='ocrx_word' id='word_1_14' title='bbox 931 247 972 266; x_wconf 87' lang='lat' dir='ltr'><strong>Ill-</strong></span> 
     </span>
    </p>
   </div>
   <div class='ocr_carea' id='block_1_4' title="bbox 179 286 974 321">
    <p class='ocr_par' dir='ltr' id='par_1_4' title="bbox 179 286 974 321">
     <span class='ocr_line' id='line_1_4' title="bbox 179 286 974 321; baseline -0.005 -5"><span class='ocrx_word' id='word_1_15' title='bbox 179 291 311 320; x_wconf 82' lang='lat' dir='ltr'><strong>tuentem,</strong></span> <span class='ocrx_word' id='word_1_16' title='bbox 325 291 423 315; x_wconf 87' lang='lat' dir='ltr'><strong>cuncta</strong></span> <span class='ocrx_word' id='word_1_17' title='bbox 434 291 524 314; x_wconf 88' lang='lat' dir='ltr'><strong>autem</strong></span> <span class='ocrx_word' id='word_1_18' title='bbox 541 290 570 314; x_wconf 89' lang='lat' dir='ltr'><strong>et</strong></span> <span class='ocrx_word' id='word_1_19' title='bbox 587 287 660 314; x_wconf 91' lang='lat' dir='ltr'><strong>hunc</strong></span> <span class='ocrx_word' id='word_1_20' title='bbox 667 286 878 321; x_wconf 87' lang='lat' dir='ltr'><strong>corruptibilem</strong></span> <span class='ocrx_word' id='word_1_21' title='bbox 893 293 974 312; x_wconf 88' lang='lat' dir='ltr'><strong>mun-</strong></span> 
     </span>
    </p>
   </div>
   <div class='ocr_carea' id='block_1_5' title="bbox 181 333 973 369">
    <p class='ocr_par' dir='ltr' id='par_1_5' title="bbox 181 333 973 369">
     <span class='ocr_line' id='line_1_5' title="bbox 181 333 973 369; baseline -0.005 -7"><span class='ocrx_word' id='word_1_22' title='bbox 181 335 245 362; x_wconf 88' lang='lat' dir='ltr'><strong>dum</strong></span> <span class='ocrx_word' id='word_1_23' title='bbox 260 338 287 362; x_wconf 89' lang='lat' dir='ltr'><strong>et</strong></span> <span class='ocrx_word' id='word_1_24' title='bbox 301 342 363 369; x_wconf 60' lang='lat' dir='ltr'><strong>quae</strong></span> <span class='ocrx_word' id='word_1_25' title='bbox 376 334 402 360; x_wconf 93' lang='lat' dir='ltr'><strong>in</strong></span> <span class='ocrx_word' id='word_1_26' title='bbox 418 341 452 360; x_wconf 90' lang='lat' dir='ltr'><strong>eo</strong></span> <span class='ocrx_word' id='word_1_27' title='bbox 472 333 566 360; x_wconf 86' lang='lat' dir='ltr'><strong>multis</strong></span> <span class='ocrx_word' id='word_1_28' title='bbox 577 333 751 360; x_wconf 66' lang='lat' dir='ltr'><strong>aestimantur</strong></span> <span class='ocrx_word' id='word_1_29' title='bbox 771 340 882 368; x_wconf 78' lang='lat' dir='ltr'><strong>magna,</strong></span> <span class='ocrx_word' id='word_1_30' title='bbox 911 339 973 358; x_wconf 83' lang='lat' dir='ltr'><strong>ara-</strong></span> 
     </span>
    </p>
   </div>
   <div class='ocr_carea' id='block_1_6' title="bbox 181 376 972 413">
    <p class='ocr_par' dir='ltr' id='par_1_6' title="bbox 181 376 972 413">
     <span class='ocr_line' id='line_1_6' title="bbox 181 376 972 413; baseline -0.006 -5"><span class='ocrx_word' id='word_1_31' title='bbox 181 388 298 409; x_wconf 87' lang='lat' dir='ltr'><strong>nearum</strong></span> <span class='ocrx_word' id='word_1_32' title='bbox 314 380 378 407; x_wconf 80' lang='lat' dir='ltr'><strong>telis</strong></span> <span class='ocrx_word' id='word_1_33' title='bbox 403 379 545 413; x_wconf 80' lang='lat' dir='ltr'><strong>fragilihus</strong></span> <span class='ocrx_word' id='word_1_34' title='bbox 572 382 601 405; x_wconf 87' lang='lat' dir='ltr'><strong>et</strong></span> <span class='ocrx_word' id='word_1_35' title='bbox 630 378 732 405; x_wconf 78' lang='lat' dir='ltr'><strong>vitiatis</strong></span> <span class='ocrx_word' id='word_1_36' title='bbox 754 377 855 405; x_wconf 77' lang='lat' dir='ltr'><strong>similia</strong></span> <span class='ocrx_word' id='word_1_37' title='bbox 879 376 972 411; x_wconf 87' lang='lat' dir='ltr'><strong>despi-</strong></span> 
     </span>
    </p>
   </div>
   <div class='ocr_carea' id='block_1_7' title="bbox 181 423 973 461">
    <p class='ocr_par' dir='ltr' id='par_1_7' title="bbox 181 423 973 461">
     <span class='ocr_line' id='line_1_7' title="bbox 181 423 973 461; baseline -0.006 -7"><span class='ocrx_word' id='word_1_38' title='bbox 181 435 261 460; x_wconf 76' lang='lat' dir='ltr'><strong>cere;</strong></span> <span class='ocrx_word' id='word_1_39' title='bbox 277 433 395 461; x_wconf 80' lang='lat' dir='ltr'><strong>namque</strong></span> <span class='ocrx_word' id='word_1_40' title='bbox 413 429 513 452; x_wconf 86' lang='lat' dir='ltr'><strong>cuneta</strong></span> <span class='ocrx_word' id='word_1_41' title='bbox 525 424 639 451; x_wconf 91' lang='lat' dir='ltr'><strong>omnino</strong></span> <span class='ocrx_word' id='word_1_42' title='bbox 657 424 719 450; x_wconf 60' lang='lat' dir='ltr'><strong>vitae</strong></span> <span class='ocrx_word' id='word_1_43' title='bbox 740 424 881 450; x_wconf 86' lang='lat' dir='ltr'><strong>hominum</strong></span> <span class='ocrx_word' id='word_1_44' title='bbox 900 423 973 450; x_wconf 87' lang='lat' dir='ltr'><strong>bona</strong></span> 
     </span>
    </p>
   </div>
   <div class='ocr_carea' id='block_1_8' title="bbox 181 468 974 502">
    <p class='ocr_par' dir='ltr' id='par_1_8' title="bbox 181 468 974 502">
     <span class='ocr_line' id='line_1_8' title="bbox 181 468 974 502; baseline -0.005 -3"><span class='ocrx_word' id='word_1_45' title='bbox 181 477 312 500; x_wconf 81' lang='lat' dir='ltr'><strong>extranea</strong></span> <span class='ocrx_word' id='word_1_46' title='bbox 331 475 358 498; x_wconf 90' lang='lat' dir='ltr'><strong>et</strong></span> <span class='ocrx_word' id='word_1_47' title='bbox 382 471 471 498; x_wconf 86' lang='lat' dir='ltr'><strong>aliena</strong></span> <span class='ocrx_word' id='word_1_48' title='bbox 497 469 635 502; x_wconf 88' lang='lat' dir='ltr'><strong>videntur,</strong></span> <span class='ocrx_word' id='word_1_49' title='bbox 660 469 718 496; x_wconf 87' lang='lat' dir='ltr'><strong>sola</strong></span> <span class='ocrx_word' id='word_1_50' title='bbox 742 469 832 496; x_wconf 85' lang='lat' dir='ltr'><strong>virtus</strong></span> <span class='ocrx_word' id='word_1_51' title='bbox 855 468 974 496; x_wconf 88' lang='lat' dir='ltr'><strong>humana</strong></span> 
     </span>
    </p>
   </div>
   <div class='ocr_carea' id='block_1_9' title="bbox 181 514 974 552">
    <p class='ocr_par' dir='ltr' id='par_1_9' title="bbox 181 514 974 552">
     <span class='ocr_line' id='line_1_9' title="bbox 181 514 974 552; baseline -0.005 -6"><span class='ocrx_word' id='word_1_52' title='bbox 181 522 233 549; x_wconf 83' lang='lat' dir='ltr'><strong>est.</strong></span> <span class='ocrx_word' id='word_1_53' title='bbox 250 517 363 552; x_wconf 86' lang='lat' dir='ltr'><strong>solaque</strong></span> <span class='ocrx_word' id='word_1_54' title='bbox 387 516 534 551; x_wconf 66' lang='lat' dir='ltr'><strong>prmsentis</strong></span> <span class='ocrx_word' id='word_1_55' title='bbox 554 514 710 542; x_wconf 86' lang='lat' dir='ltr'><strong>subsidium</strong></span> <span class='ocrx_word' id='word_1_56' title='bbox 731 514 794 541; x_wconf 68' lang='lat' dir='ltr'><strong>vitae</strong></span> <span class='ocrx_word' id='word_1_57' title='bbox 819 518 847 542; x_wconf 91' lang='lat' dir='ltr'><strong>et</strong></span> <span class='ocrx_word' id='word_1_58' title='bbox 869 514 974 542; x_wconf 82' lang='lat' dir='ltr'><strong>utilitas</strong></span> 
     </span>
    </p>
   </div>
   <div class='ocr_carea' id='block_1_10' title="bbox 181 563 973 600">
    <p class='ocr_par' dir='ltr' id='par_1_10' title="bbox 181 563 973 600">
     <span class='ocr_line' id='line_1_10' title="bbox 181 563 973 600; baseline -0.004 -7"><span class='ocrx_word' id='word_1_59' title='bbox 181 566 279 594; x_wconf 72' lang='lat' dir='ltr'><strong>anima:</strong></span> <span class='ocrx_word' id='word_1_60' title='bbox 291 575 296 592; x_wconf 96' lang='lat'>:</span> <span class='ocrx_word' id='word_1_61' title='bbox 310 565 362 592; x_wconf 92' lang='lat' dir='ltr'><strong>hoc</strong></span> <span class='ocrx_word' id='word_1_62' title='bbox 371 569 398 592; x_wconf 88' lang='lat' dir='ltr'><strong>et</strong></span> <span class='ocrx_word' id='word_1_63' title='bbox 410 565 499 600; x_wconf 92' lang='lat' dir='ltr'><strong>ipsum</strong></span> <span class='ocrx_word' id='word_1_64' title='bbox 517 565 707 600; x_wconf 87' lang='lat' dir='ltr'><strong>incorruptum</strong></span> <span class='ocrx_word' id='word_1_65' title='bbox 717 568 744 591; x_wconf 90' lang='lat' dir='ltr'><strong>et</strong></span> <span class='ocrx_word' id='word_1_66' title='bbox 755 563 913 591; x_wconf 82' lang='lat' dir='ltr'><strong>immortale</strong></span> <span class='ocrx_word' id='word_1_67' title='bbox 924 563 973 591; x_wconf 86' lang='lat' dir='ltr'><strong>Dei</strong></span> 
     </span>
    </p>
   </div>
   <div class='ocr_carea' id='block_1_11' title="bbox 182 610 973 646">
    <p class='ocr_par' dir='ltr' id='par_1_11' title="bbox 182 610 973 646">
     <span class='ocr_line' id='line_1_11' title="bbox 182 610 973 646; baseline -0.005 -6"><span class='ocrx_word' id='word_1_68' title='bbox 182 612 293 640; x_wconf 86' lang='lat' dir='ltr'><strong>verbum</strong></span> <span class='ocrx_word' id='word_1_69' title='bbox 308 611 437 638; x_wconf 85' lang='lat' dir='ltr'><strong>omnibus</strong></span> <span class='ocrx_word' id='word_1_70' title='bbox 452 610 560 645; x_wconf 89' lang='lat' dir='ltr'><strong>populis</strong></span> <span class='ocrx_word' id='word_1_71' title='bbox 586 611 698 642; x_wconf 87' lang='lat' dir='ltr'><strong>clamat,</strong></span> <span class='ocrx_word' id='word_1_72' title='bbox 721 610 840 646; x_wconf 84' lang='lat' dir='ltr'><strong>illosque</strong></span> <span class='ocrx_word' id='word_1_73' title='bbox 863 616 973 636; x_wconf 87' lang='lat' dir='ltr'><strong>convo-</strong></span> 
     </span>
    </p>
   </div>
   <div class='ocr_carea' id='block_1_12' title="bbox 181 656 974 694">
    <p class='ocr_par' dir='ltr' id='par_1_12' title="bbox 181 656 974 694">
     <span class='ocr_line' id='line_1_12' title="bbox 181 656 974 694; baseline -0.003 -8"><span class='ocrx_word' id='word_1_74' title='bbox 181 663 242 686; x_wconf 86' lang='lat' dir='ltr'><strong>cat:</strong></span> <span class='ocrx_word' id='word_1_75' title='bbox 255 658 336 694; x_wconf 72' lang='lat' dir='ltr'><strong>agite,</strong></span> <span class='ocrx_word' id='word_1_76' title='bbox 352 665 458 690; x_wconf 86' lang='lat' dir='ltr'><strong>omnes,</strong></span> <span class='ocrx_word' id='word_1_77' title='bbox 473 657 574 689; x_wconf 83' lang='lat' dir='ltr'><strong>venite.</strong></span> <span class='ocrx_word' id='word_1_78' title='bbox 597 657 632 684; x_wconf 88' lang='lat' dir='ltr'><strong>ad</strong></span> <span class='ocrx_word' id='word_1_79' title='bbox 647 656 794 684; x_wconf 80' lang='lat' dir='ltr'><strong>Trinitatis</strong></span> <span class='ocrx_word' id='word_1_80' title='bbox 812 664 897 692; x_wconf 85' lang='lat' dir='ltr'><strong>super</strong></span> <span class='ocrx_word' id='word_1_81' title='bbox 917 664 974 684; x_wconf 68' lang='lat' dir='ltr'><strong>ca:-</strong></span> 
     </span>
    </p>
   </div>
   <div class='ocr_carea' id='block_1_13' title="bbox 181 704 974 740">
    <p class='ocr_par' dir='ltr' id='par_1_13' title="bbox 181 704 974 740">
     <span class='ocr_line' id='line_1_13' title="bbox 181 704 974 740; baseline -0.001 -8"><span class='ocrx_word' id='word_1_82' title='bbox 181 706 223 734; x_wconf 92' lang='lat' dir='ltr'><strong>los</strong></span> <span class='ocrx_word' id='word_1_83' title='bbox 236 706 361 733; x_wconf 76' lang='lat' dir='ltr'><strong>exaltaue</strong></span> <span class='ocrx_word' id='word_1_84' title='bbox 375 704 802 740; x_wconf 77' lang='lat' dir='ltr'><strong>cognitionemexpergiscimini,</strong></span> <span class='ocrx_word' id='word_1_85' title='bbox 818 708 846 732; x_wconf 88' lang='lat' dir='ltr'><strong>ct</strong></span> <span class='ocrx_word' id='word_1_86' title='bbox 859 705 974 732; x_wconf 87' lang='lat' dir='ltr'><strong>univer-</strong></span> 
     </span>
    </p>
   </div>
   <div class='ocr_carea' id='block_1_14' title="bbox 183 751 975 786">
    <p class='ocr_par' dir='ltr' id='par_1_14' title="bbox 183 751 975 786">
     <span class='ocr_line' id='line_1_14' title="bbox 183 751 975 786; baseline -0.003 -6"><span class='ocrx_word' id='word_1_87' title='bbox 183 760 243 780; x_wconf 89' lang='lat' dir='ltr'><strong>sum</strong></span> <span class='ocrx_word' id='word_1_88' title='bbox 276 751 411 779; x_wconf 88' lang='lat' dir='ltr'><strong>mundum</strong></span> <span class='ocrx_word' id='word_1_89' title='bbox 425 756 453 778; x_wconf 88' lang='lat' dir='ltr'><strong>et</strong></span> <span class='ocrx_word' id='word_1_90' title='bbox 469 758 530 786; x_wconf 74' lang='lat' dir='ltr'><strong>qua:</strong></span> <span class='ocrx_word' id='word_1_91' title='bbox 550 751 579 778; x_wconf 92' lang='lat' dir='ltr'><strong>in</strong></span> <span class='ocrx_word' id='word_1_92' title='bbox 593 757 626 778; x_wconf 90' lang='lat' dir='ltr'><strong>eo</strong></span> <span class='ocrx_word' id='word_1_93' title='bbox 645 755 710 778; x_wconf 86' lang='lat' dir='ltr'><strong>sunt</strong></span> <span class='ocrx_word' id='word_1_94' title='bbox 730 754 863 786; x_wconf 76' lang='lat' dir='ltr'><strong>tanquam</strong></span> <span class='ocrx_word' id='word_1_95' title='bbox 883 751 975 778; x_wconf 78' lang='lat' dir='ltr'><strong>aliena</strong></span> 
     </span>
    </p>
   </div>
   <div class='ocr_carea' id='block_1_15' title="bbox 183 796 974 832">
    <p class='ocr_par' dir='ltr' id='par_1_15' title="bbox 183 796 974 832">
     <span class='ocr_line' id='line_1_15' title="bbox 183 796 974 832; baseline 0 -8"><span class='ocrx_word' id='word_1_96' title='bbox 183 801 369 829; x_wconf 87' lang='lat' dir='ltr'><strong>transeuntes,</strong></span> <span class='ocrx_word' id='word_1_97' title='bbox 382 804 430 832; x_wconf 85' lang='lat' dir='ltr'><strong>per</strong></span> <span class='ocrx_word' id='word_1_98' title='bbox 453 796 566 824; x_wconf 79' lang='lat' dir='ltr'><strong>verbum</strong></span> <span class='ocrx_word' id='word_1_99' title='bbox 589 800 617 823; x_wconf 85' lang='lat' dir='ltr'><strong>et</strong></span> <span class='ocrx_word' id='word_1_100' title='bbox 639 796 898 832; x_wconf 76' lang='lat' dir='ltr'><strong>contemplationem</strong></span> <span class='ocrx_word' id='word_1_101' title='bbox 927 805 974 824; x_wconf 85' lang='lat' dir='ltr'><strong>ve—</strong></span> 
     </span>
    </p>
   </div>
   <div class='ocr_carea' id='block_1_16' title="bbox 183 845 533 880">
    <p class='ocr_par' dir='ltr' id='par_1_16' title="bbox 183 845 533 880">
     <span class='ocr_line' id='line_1_16' title="bbox 183 845 533 880; baseline -0.009 -6"><span class='ocrx_word' id='word_1_102' title='bbox 183 851 269 874; x_wconf 89' lang='lat' dir='ltr'><strong>strum</strong></span> <span class='ocrx_word' id='word_1_103' title='bbox 278 845 409 880; x_wconf 84' lang='lat' dir='ltr'><strong>requirite</strong></span> <span class='ocrx_word' id='word_1_104' title='bbox 420 845 533 872; x_wconf 90' lang='lat' dir='ltr'><strong>bonum.</strong></span> 
     </span>
    </p>
   </div>
   <div class='ocr_carea' id='block_1_17' title="bbox 184 966 974 1001">
    <p class='ocr_par' dir='ltr' id='par_1_17' title="bbox 184 966 974 1001">
     <span class='ocr_line' id='line_1_17' title="bbox 184 966 974 1001; baseline -0.009 -3"><span class='ocrx_word' id='word_1_105' title='bbox 184 971 220 998; x_wconf 78' lang='lat'><strong>3&#39;5</strong></span> <span class='ocrx_word' id='word_1_106' title='bbox 238 969 334 997; x_wconf 74' lang='lat' dir='ltr'><strong>Ponite</strong></span> <span class='ocrx_word' id='word_1_107' title='bbox 352 969 378 995; x_wconf 84' lang='lat' dir='ltr'><strong>in</strong></span> <span class='ocrx_word' id='word_1_108' title='bbox 405 969 453 995; x_wconf 82' lang='lat' dir='ltr'><strong>hoc</strong></span> <span class='ocrx_word' id='word_1_109' title='bbox 468 967 597 997; x_wconf 86' lang='lat' dir='ltr'><strong>animum,</strong></span> <span class='ocrx_word' id='word_1_110' title='bbox 626 971 751 1001; x_wconf 77' lang='lat' dir='ltr'><strong>quotquot</strong></span> <span class='ocrx_word' id='word_1_111' title='bbox 777 966 837 992; x_wconf 72' lang='lat' dir='ltr'><strong>vim</strong></span> <span class='ocrx_word' id='word_1_112' title='bbox 853 970 974 991; x_wconf 73' lang='lat' dir='ltr'><strong>sanciunt</strong></span> 
     </span>
    </p>
   </div>
   <div class='ocr_carea' id='block_1_18' title="bbox 619 1000 933 1036">
    <p class='ocr_par' dir='ltr' id='par_1_18' title="bbox 619 1000 933 1036">
     <span class='ocr_line' id='line_1_18' title="bbox 619 1000 933 1036; baseline -0.003 -9"><span class='ocrx_word' id='word_1_113' title='bbox 619 1000 782 1036; x_wconf 68' lang='lat' dir='ltr'><strong>[conjugium</strong></span> <span class='ocrx_word' id='word_1_114' title='bbox 803 1000 933 1035; x_wconf 75' lang='lat' dir='ltr'><strong>alligavit,</strong></span> 
     </span>
    </p>
   </div>
   <div class='ocr_carea' id='block_1_19' title="bbox 186 1036 969 1106">
    <p class='ocr_par' dir='ltr' id='par_1_19' title="bbox 186 1036 969 1106">
     <span class='ocr_line' id='line_1_19' title="bbox 186 1036 969 1106; baseline -0.009 -38"><span class='ocrx_word' id='word_1_115' title='bbox 186 1041 222 1068; x_wconf 69' lang='grc' dir='ltr'>ει</span> <span class='ocrx_word' id='word_1_116' title='bbox 283 1038 318 1066; x_wconf 78' lang='lat' dir='ltr'><strong>Ut</strong></span> <span class='ocrx_word' id='word_1_117' title='bbox 332 1037 509 1066; x_wconf 70' lang='lat' dir='ltr'><strong>torcularibus</strong></span> <span class='ocrx_word' id='word_1_118' title='bbox 521 1037 667 1064; x_wconf 70' lang='lat' dir='ltr'><strong>caelestibus</strong></span> <span class='ocrx_word' id='word_1_119' title='bbox 684 1036 969 1106; x_wconf 54' lang='lat' dir='ltr'><strong>ariipliorfmffructttirt</strong></span> 
     </span>
     <span class='ocr_line' id='line_1_20' title="bbox 805 1076 936 1098; baseline -0.008 -1"><span class='ocrx_word' id='word_1_120' title='bbox 805 1079 831 1097; x_wconf 90' lang='lat' dir='ltr'><strong>m</strong></span> <span class='ocrx_word' id='word_1_121' title='bbox 844 1076 936 1098; x_wconf 73' lang='lat' dir='ltr'><strong>eratis.</strong></span> 
     </span>
    </p>
   </div>
   <div class='ocr_carea' id='block_1_20' title="bbox 220 1138 974 1174">
    <p class='ocr_par' dir='ltr' id='par_1_20' title="bbox 220 1138 974 1174">
     <span class='ocr_line' id='line_1_21' title="bbox 220 1138 974 1174; baseline -0.007 -6"><span class='ocrx_word' id='word_1_122' title='bbox 220 1140 278 1168; x_wconf 90' lang='lat' dir='ltr'><strong>lloc</strong></span> <span class='ocrx_word' id='word_1_123' title='bbox 287 1140 366 1168; x_wconf 85' lang='lat' dir='ltr'><strong>vobis</strong></span> <span class='ocrx_word' id='word_1_124' title='bbox 380 1140 494 1168; x_wconf 86' lang='lat' dir='ltr'><strong>verbum</strong></span> <span class='ocrx_word' id='word_1_125' title='bbox 512 1139 539 1166; x_wconf 93' lang='lat' dir='ltr'><strong>in</strong></span> <span class='ocrx_word' id='word_1_126' title='bbox 554 1138 687 1174; x_wconf 87' lang='lat' dir='ltr'><strong>spiritum</strong></span> <span class='ocrx_word' id='word_1_127' title='bbox 709 1145 844 1173; x_wconf 83' lang='lat' dir='ltr'><strong>reponere</strong></span> <span class='ocrx_word' id='word_1_128' title='bbox 859 1144 922 1163; x_wconf 87' lang='lat' dir='ltr'><strong>voto</strong></span> <span class='ocrx_word' id='word_1_129' title='bbox 934 1141 974 1163; x_wconf 84' lang='lat' dir='ltr'><strong>at—</strong></span> 
     </span>
    </p>
   </div>
   <div class='ocr_carea' id='block_1_21' title="bbox 184 1181 975 1224">
    <p class='ocr_par' dir='ltr' id='par_1_21' title="bbox 184 1181 975 1224">
     <span class='ocr_line' id='line_1_22' title="bbox 184 1181 975 1224; baseline -0.01 -8"><span class='ocrx_word' id='word_1_130' title='bbox 184 1196 237 1224; x_wconf 87' lang='lat' dir='ltr'><strong>que</strong></span> <span class='ocrx_word' id='word_1_131' title='bbox 251 1187 322 1215; x_wconf 86' lang='lat' dir='ltr'><strong>hanc</strong></span> <span class='ocrx_word' id='word_1_132' title='bbox 334 1186 435 1214; x_wconf 86' lang='lat' dir='ltr'><strong>vestris</strong></span> <span class='ocrx_word' id='word_1_133' title='bbox 453 1185 481 1212; x_wconf 90' lang='lat' dir='ltr'><strong>in</strong></span> <span class='ocrx_word' id='word_1_134' title='bbox 505 1183 636 1212; x_wconf 86' lang='lat' dir='ltr'><strong>cordibus</strong></span> <span class='ocrx_word' id='word_1_135' title='bbox 664 1183 789 1211; x_wconf 84' lang='lat' dir='ltr'><strong>auditam</strong></span> <span class='ocrx_word' id='word_1_136' title='bbox 810 1181 904 1210; x_wconf 88' lang='lat' dir='ltr'><strong>facere</strong></span> <span class='ocrx_word' id='word_1_137' title='bbox 926 1189 975 1208; x_wconf 93' lang='lat' dir='ltr'><strong>vo-</strong></span> 
     </span>
    </p>
   </div>
   <div class='ocr_carea' id='block_1_22' title="bbox 185 1229 975 1267">
    <p class='ocr_par' dir='ltr' id='par_1_22' title="bbox 185 1229 975 1267">
     <span class='ocr_line' id='line_1_23' title="bbox 185 1229 975 1267; baseline -0.008 -6"><span class='ocrx_word' id='word_1_138' title='bbox 185 1235 327 1262; x_wconf 87' lang='lat' dir='ltr'><strong>luntatem.</strong></span> <span class='ocrx_word' id='word_1_139' title='bbox 343 1233 485 1267; x_wconf 82' lang='lat' dir='ltr'><strong>Quotquot</strong></span> <span class='ocrx_word' id='word_1_140' title='bbox 498 1230 610 1266; x_wconf 87' lang='lat' dir='ltr'><strong>quidem</strong></span> <span class='ocrx_word' id='word_1_141' title='bbox 623 1231 685 1257; x_wconf 68' lang='lat' dir='ltr'><strong>vitae</strong></span> <span class='ocrx_word' id='word_1_142' title='bbox 708 1229 908 1265; x_wconf 76' lang='lat' dir='ltr'><strong>colligaverunt</strong></span> <span class='ocrx_word' id='word_1_143' title='bbox 928 1235 975 1256; x_wconf 87' lang='lat' dir='ltr'><strong>ca-</strong></span> 
     </span>
    </p>
   </div>
   <div class='ocr_carea' id='block_1_23' title="bbox 184 1275 974 1314">
    <p class='ocr_par' dir='ltr' id='par_1_23' title="bbox 184 1275 974 1314">
     <span class='ocr_line' id='line_1_24' title="bbox 184 1275 974 1314; baseline -0.008 -6"><span class='ocrx_word' id='word_1_144' title='bbox 184 1286 234 1308; x_wconf 75' lang='lat' dir='ltr'><strong>sta:</strong></span> <span class='ocrx_word' id='word_1_145' title='bbox 253 1283 280 1307; x_wconf 89' lang='lat' dir='ltr'><strong>et</strong></span> <span class='ocrx_word' id='word_1_146' title='bbox 291 1279 420 1314; x_wconf 68' lang='lat' dir='ltr'><strong>legitimae</strong></span> <span class='ocrx_word' id='word_1_147' title='bbox 434 1278 548 1313; x_wconf 71' lang='lat' dir='ltr'><strong>nuptiae,</strong></span> <span class='ocrx_word' id='word_1_148' title='bbox 577 1285 592 1304; x_wconf 87' lang='lat' dir='ltr'><strong>a</strong></span> <span class='ocrx_word' id='word_1_149' title='bbox 604 1277 722 1305; x_wconf 88' lang='lat' dir='ltr'><strong>vinculis</strong></span> <span class='ocrx_word' id='word_1_150' title='bbox 733 1283 797 1304; x_wconf 84' lang='lat' dir='ltr'><strong>eum</strong></span> <span class='ocrx_word' id='word_1_151' title='bbox 821 1275 903 1303; x_wconf 79' lang='lat' dir='ltr'><strong>facile</strong></span> <span class='ocrx_word' id='word_1_152' title='bbox 919 1283 974 1302; x_wconf 68' lang='lat' dir='ltr'><strong>non</strong></span> 
     </span>
    </p>
   </div>
   <div class='ocr_carea' id='block_1_24' title="bbox 183 1321 975 1360">
    <p class='ocr_par' dir='ltr' id='par_1_24' title="bbox 183 1321 975 1360">
     <span class='ocr_line' id='line_1_25' title="bbox 183 1321 975 1360; baseline -0.006 -6"><span class='ocrx_word' id='word_1_153' title='bbox 183 1327 221 1354; x_wconf 86' lang='lat' dir='ltr'><strong>sit</strong></span> <span class='ocrx_word' id='word_1_154' title='bbox 239 1325 322 1358; x_wconf 88' lang='lat' dir='ltr'><strong>solvi,</strong></span> <span class='ocrx_word' id='word_1_155' title='bbox 344 1332 393 1360; x_wconf 91' lang='lat' dir='ltr'><strong>pro</strong></span> <span class='ocrx_word' id='word_1_156' title='bbox 408 1324 571 1353; x_wconf 77' lang='lat' dir='ltr'><strong>cmlestibus</strong></span> <span class='ocrx_word' id='word_1_157' title='bbox 594 1322 779 1358; x_wconf 81' lang='lat' dir='ltr'><strong>receptaculis</strong></span> <span class='ocrx_word' id='word_1_158' title='bbox 803 1326 831 1350; x_wconf 93' lang='lat' dir='ltr'><strong>et</strong></span> <span class='ocrx_word' id='word_1_159' title='bbox 851 1321 975 1350; x_wconf 87' lang='lat' dir='ltr'><strong>ecclesiis</strong></span> 
     </span>
    </p>
   </div>
   <div class='ocr_carea' id='block_1_25' title="bbox 184 1367 975 1405">
    <p class='ocr_par' dir='ltr' id='par_1_25' title="bbox 184 1367 975 1405">
     <span class='ocr_line' id='line_1_26' title="bbox 184 1367 975 1405; baseline -0.005 -7"><span class='ocrx_word' id='word_1_160' title='bbox 184 1371 231 1399; x_wconf 86' lang='lat' dir='ltr'><strong>Dei</strong></span> <span class='ocrx_word' id='word_1_161' title='bbox 244 1374 320 1398; x_wconf 88' lang='lat' dir='ltr'><strong>tanto</strong></span> <span class='ocrx_word' id='word_1_162' title='bbox 332 1370 395 1405; x_wconf 87' lang='lat' dir='ltr'><strong>plus</strong></span> <span class='ocrx_word' id='word_1_163' title='bbox 408 1369 528 1397; x_wconf 90' lang='lat' dir='ltr'><strong>fructum</strong></span> <span class='ocrx_word' id='word_1_164' title='bbox 543 1369 648 1396; x_wconf 85' lang='lat' dir='ltr'><strong>referre</strong></span> <span class='ocrx_word' id='word_1_165' title='bbox 660 1367 715 1396; x_wconf 89' lang='lat' dir='ltr'><strong>Deo</strong></span> <span class='ocrx_word' id='word_1_166' title='bbox 731 1367 850 1398; x_wconf 85' lang='lat' dir='ltr'><strong>debetis,</strong></span> <span class='ocrx_word' id='word_1_167' title='bbox 870 1371 975 1403; x_wconf 88' lang='lat' dir='ltr'><strong>quanto</strong></span> 
     </span>
    </p>
   </div>
   <div class='ocr_carea' id='block_1_26' title="bbox 185 1412 975 1452">
    <p class='ocr_par' dir='ltr' id='par_1_26' title="bbox 185 1412 975 1452">
     <span class='ocr_line' id='line_1_27' title="bbox 185 1412 975 1452; baseline -0.006 -8"><span class='ocrx_word' id='word_1_168' title='bbox 185 1417 263 1452; x_wconf 87' lang='lat' dir='ltr'><strong>plura</strong></span> <span class='ocrx_word' id='word_1_169' title='bbox 274 1415 354 1443; x_wconf 87' lang='lat' dir='ltr'><strong>vobis</strong></span> <span class='ocrx_word' id='word_1_170' title='bbox 371 1416 485 1442; x_wconf 88' lang='lat' dir='ltr'><strong>veniunt</strong></span> <span class='ocrx_word' id='word_1_171' title='bbox 499 1414 594 1441; x_wconf 87' lang='lat' dir='ltr'><strong>mundi</strong></span> <span class='ocrx_word' id='word_1_172' title='bbox 610 1413 682 1441; x_wconf 83' lang='lat' dir='ltr'><strong>bona</strong></span> <span class='ocrx_word' id='word_1_173' title='bbox 701 1422 708 1440; x_wconf 87' lang='lat'><strong>:</strong></span> <span class='ocrx_word' id='word_1_174' title='bbox 721 1419 843 1448; x_wconf 87' lang='lat' dir='ltr'><strong>namque</strong></span> <span class='ocrx_word' id='word_1_175' title='bbox 855 1412 888 1440; x_wconf 85' lang='lat' dir='ltr'><strong>de</strong></span> <span class='ocrx_word' id='word_1_176' title='bbox 898 1412 975 1447; x_wconf 87' lang='lat' dir='ltr'><strong>prole</strong></span> 
     </span>
    </p>
   </div>
   <div class='ocr_carea' id='block_1_27' title="bbox 185 1457 972 1498">
    <p class='ocr_par' dir='ltr' id='par_1_27' title="bbox 185 1457 972 1498">
     <span class='ocr_line' id='line_1_28' title="bbox 185 1457 972 1498; baseline -0.005 -9"><span class='ocrx_word' id='word_1_177' title='bbox 185 1470 246 1498; x_wconf 68' lang='lat' dir='ltr'><strong>quae</strong></span> <span class='ocrx_word' id='word_1_178' title='bbox 265 1462 352 1489; x_wconf 90' lang='lat' dir='ltr'><strong>oritur</strong></span> <span class='ocrx_word' id='word_1_179' title='bbox 367 1469 400 1488; x_wconf 78' lang='lat' dir='ltr'><strong>ex</strong></span> <span class='ocrx_word' id='word_1_180' title='bbox 417 1460 506 1492; x_wconf 88' lang='lat' dir='ltr'><strong>vobis,</strong></span> <span class='ocrx_word' id='word_1_181' title='bbox 521 1465 548 1488; x_wconf 88' lang='lat' dir='ltr'><strong>et</strong></span> <span class='ocrx_word' id='word_1_182' title='bbox 565 1459 599 1486; x_wconf 92' lang='lat' dir='ltr'><strong>de</strong></span> <span class='ocrx_word' id='word_1_183' title='bbox 616 1457 841 1494; x_wconf 79' lang='lat' dir='ltr'><strong>possessionibus</strong></span> <span class='ocrx_word' id='word_1_184' title='bbox 859 1459 887 1485; x_wconf 92' lang='lat' dir='ltr'><strong>in</strong></span> <span class='ocrx_word' id='word_1_185' title='bbox 899 1462 972 1486; x_wconf 63' lang='lat' dir='ltr'><strong>terra</strong></span> 
     </span>
    </p>
   </div>
   <div class='ocr_carea' id='block_1_28' title="bbox 184 1503 974 1540">
    <p class='ocr_par' dir='ltr' id='par_1_28' title="bbox 184 1503 974 1540">
     <span class='ocr_line' id='line_1_29' title="bbox 184 1503 974 1540; baseline -0.006 -4"><span class='ocrx_word' id='word_1_186' title='bbox 184 1513 212 1537; x_wconf 85' lang='lat' dir='ltr'><strong>et</strong></span> <span class='ocrx_word' id='word_1_187' title='bbox 225 1508 259 1536; x_wconf 89' lang='lat' dir='ltr'><strong>de</strong></span> <span class='ocrx_word' id='word_1_188' title='bbox 271 1508 408 1535; x_wconf 85' lang='lat' dir='ltr'><strong>fructuum</strong></span> <span class='ocrx_word' id='word_1_189' title='bbox 419 1506 540 1534; x_wconf 88' lang='lat' dir='ltr'><strong>omnium</strong></span> <span class='ocrx_word' id='word_1_190' title='bbox 562 1505 696 1533; x_wconf 71' lang='lat' dir='ltr'><strong>varietate</strong></span> <span class='ocrx_word' id='word_1_191' title='bbox 713 1504 816 1540; x_wconf 91' lang='lat' dir='ltr'><strong>optima</strong></span> <span class='ocrx_word' id='word_1_192' title='bbox 827 1503 926 1532; x_wconf 80' lang='lat' dir='ltr'><strong>oll‘erre</strong></span> <span class='ocrx_word' id='word_1_193' title='bbox 946 1508 974 1532; x_wconf 90' lang='lat' dir='ltr'><strong>et</strong></span> 
     </span>
    </p>
   </div>
   <div class='ocr_carea' id='block_1_29' title="bbox 188 1553 974 1590">
    <p class='ocr_par' dir='ltr' id='par_1_29' title="bbox 188 1553 974 1590">
     <span class='ocr_line' id='line_1_30' title="bbox 188 1553 974 1590; baseline -0.008 -6"><span class='ocrx_word' id='word_1_194' title='bbox 188 1556 304 1584; x_wconf 84' lang='lat' dir='ltr'><strong>reddere</strong></span> <span class='ocrx_word' id='word_1_195' title='bbox 315 1555 340 1582; x_wconf 92' lang='lat' dir='ltr'><strong>ei</strong></span> <span class='ocrx_word' id='word_1_196' title='bbox 348 1554 394 1590; x_wconf 91' lang='lat' dir='ltr'><strong>qui</strong></span> <span class='ocrx_word' id='word_1_197' title='bbox 402 1554 494 1581; x_wconf 89' lang='lat' dir='ltr'><strong>omnia</strong></span> <span class='ocrx_word' id='word_1_198' title='bbox 504 1553 578 1580; x_wconf 83' lang='lat' dir='ltr'><strong>dedit</strong></span> <span class='ocrx_word' id='word_1_199' title='bbox 586 1553 699 1580; x_wconf 90' lang='lat' dir='ltr'><strong>omnino</strong></span> <span class='ocrx_word' id='word_1_200' title='bbox 711 1555 827 1587; x_wconf 84' lang='lat' dir='ltr'><strong>oportet;</strong></span> <span class='ocrx_word' id='word_1_201' title='bbox 839 1555 974 1586; x_wconf 85' lang='lat' dir='ltr'><strong>quotquot</strong></span> 
     </span>
    </p>
   </div>
   <div class='ocr_carea' id='block_1_30' title="bbox 185 1598 974 1635">
    <p class='ocr_par' dir='ltr' id='par_1_30' title="bbox 185 1598 974 1635">
     <span class='ocr_line' id='line_1_31' title="bbox 185 1598 974 1635; baseline -0.006 -4"><span class='ocrx_word' id='word_1_202' title='bbox 185 1607 276 1631; x_wconf 89' lang='lat' dir='ltr'><strong>autem</strong></span> <span class='ocrx_word' id='word_1_203' title='bbox 293 1603 321 1630; x_wconf 87' lang='lat' dir='ltr'><strong>in</strong></span> <span class='ocrx_word' id='word_1_204' title='bbox 347 1601 475 1629; x_wconf 71' lang='lat' dir='ltr'><strong>cazlibalu</strong></span> <span class='ocrx_word' id='word_1_205' title='bbox 489 1604 516 1628; x_wconf 87' lang='lat' dir='ltr'><strong>et</strong></span> <span class='ocrx_word' id='word_1_206' title='bbox 540 1599 701 1635; x_wconf 74' lang='lat' dir='ltr'><strong>virginitate</strong></span> <span class='ocrx_word' id='word_1_207' title='bbox 726 1599 818 1626; x_wconf 89' lang='lat' dir='ltr'><strong>vivere</strong></span> <span class='ocrx_word' id='word_1_208' title='bbox 843 1598 974 1633; x_wconf 79' lang='lat' dir='ltr'><strong>eligentes</strong></span> 
     </span>
    </p>
   </div>
   <div class='ocr_carea' id='block_1_31' title="bbox 185 1643 975 1682">
    <p class='ocr_par' dir='ltr' id='par_1_31' title="bbox 185 1643 975 1682">
     <span class='ocr_line' id='line_1_32' title="bbox 185 1643 975 1682; baseline -0.006 -7"><span class='ocrx_word' id='word_1_209' title='bbox 185 1649 292 1680; x_wconf 63' lang='lat' dir='ltr'><strong>anilia,</strong></span> <span class='ocrx_word' id='word_1_210' title='bbox 312 1653 441 1682; x_wconf 79' lang='lat' dir='ltr'><strong>magnum</strong></span> <span class='ocrx_word' id='word_1_211' title='bbox 457 1645 505 1673; x_wconf 88' lang='lat' dir='ltr'><strong>Dei</strong></span> <span class='ocrx_word' id='word_1_212' title='bbox 520 1644 646 1677; x_wconf 87' lang='lat' dir='ltr'><strong>verbum,</strong></span> <span class='ocrx_word' id='word_1_213' title='bbox 676 1643 756 1679; x_wconf 86' lang='lat' dir='ltr'><strong>quasi</strong></span> <span class='ocrx_word' id='word_1_214' title='bbox 769 1648 852 1671; x_wconf 74' lang='lat' dir='ltr'><strong>casta:</strong></span> <span class='ocrx_word' id='word_1_215' title='bbox 867 1651 975 1678; x_wconf 63' lang='lat' dir='ltr'><strong>sponsa</strong></span> 
     </span>
    </p>
   </div>
   <div class='ocr_carea' id='block_1_32' title="bbox 184 1689 974 1730">
    <p class='ocr_par' dir='ltr' id='par_1_32' title="bbox 184 1689 974 1730">
     <span class='ocr_line' id='line_1_33' title="bbox 184 1689 974 1730; baseline -0.008 -8"><span class='ocrx_word' id='word_1_216' title='bbox 184 1699 212 1723; x_wconf 91' lang='lat' dir='ltr'><strong>et</strong></span> <span class='ocrx_word' id='word_1_217' title='bbox 227 1693 386 1730; x_wconf 85' lang='lat' dir='ltr'><strong>spirituales</strong></span> <span class='ocrx_word' id='word_1_218' title='bbox 410 1696 437 1719; x_wconf 89' lang='lat' dir='ltr'><strong>et</strong></span> <span class='ocrx_word' id='word_1_219' title='bbox 456 1690 573 1723; x_wconf 61' lang='lat' dir='ltr'><strong>mundat,</strong></span> <span class='ocrx_word' id='word_1_220' title='bbox 600 1690 727 1725; x_wconf 81' lang='lat' dir='ltr'><strong>amplecti</strong></span> <span class='ocrx_word' id='word_1_221' title='bbox 743 1691 893 1724; x_wconf 89' lang='lat' dir='ltr'><strong>pretiosum</strong></span> <span class='ocrx_word' id='word_1_222' title='bbox 923 1689 974 1716; x_wconf 82' lang='lat' dir='ltr'><strong>ha-</strong></span> 
     </span>
    </p>
   </div>
   <div class='ocr_carea' id='block_1_33' title="bbox 185 1734 973 1772">
    <p class='ocr_par' dir='ltr' id='par_1_33' title="bbox 185 1734 973 1772">
     <span class='ocr_line' id='line_1_34' title="bbox 185 1734 973 1772; baseline -0.008 -5"><span class='ocrx_word' id='word_1_223' title='bbox 185 1740 283 1772; x_wconf 82' lang='lat' dir='ltr'><strong>beatis,</strong></span> <span class='ocrx_word' id='word_1_224' title='bbox 298 1741 397 1765; x_wconf 86' lang='lat' dir='ltr'><strong>cuncta</strong></span> <span class='ocrx_word' id='word_1_225' title='bbox 413 1736 470 1764; x_wconf 88' lang='lat' dir='ltr'><strong>Deo</strong></span> <span class='ocrx_word' id='word_1_226' title='bbox 479 1736 626 1767; x_wconf 86' lang='lat' dir='ltr'><strong>adducere,</strong></span> <span class='ocrx_word' id='word_1_227' title='bbox 635 1743 731 1762; x_wconf 89' lang='lat' dir='ltr'><strong>omnes</strong></span> <span class='ocrx_word' id='word_1_228' title='bbox 747 1734 852 1762; x_wconf 88' lang='lat' dir='ltr'><strong>fructus</strong></span> <span class='ocrx_word' id='word_1_229' title='bbox 862 1734 973 1761; x_wconf 87' lang='lat' dir='ltr'><strong>Christo</strong></span> 
     </span>
    </p>
   </div>
   <div class='ocr_carea' id='block_1_34' title="bbox 185 1781 972 1816">
    <p class='ocr_par' dir='ltr' id='par_1_34' title="bbox 185 1781 972 1816">
     <span class='ocr_line' id='line_1_35' title="bbox 185 1781 972 1816; baseline -0.006 -3"><span class='ocrx_word' id='word_1_230' title='bbox 185 1785 301 1813; x_wconf 87' lang='lat' dir='ltr'><strong>reddere</strong></span> <span class='ocrx_word' id='word_1_231' title='bbox 313 1789 427 1810; x_wconf 83' lang='lat' dir='ltr'><strong>necesse</strong></span> <span class='ocrx_word' id='word_1_232' title='bbox 443 1787 495 1815; x_wconf 86' lang='lat' dir='ltr'><strong>est,</strong></span> <span class='ocrx_word' id='word_1_233' title='bbox 519 1781 589 1809; x_wconf 89' lang='lat' dir='ltr'><strong>nihil</strong></span> <span class='ocrx_word' id='word_1_234' title='bbox 606 1781 685 1809; x_wconf 87' lang='lat' dir='ltr'><strong>vobis</strong></span> <span class='ocrx_word' id='word_1_235' title='bbox 702 1781 769 1816; x_wconf 87' lang='lat' dir='ltr'><strong>ipsis</strong></span> <span class='ocrx_word' id='word_1_236' title='bbox 787 1785 972 1812; x_wconf 83' lang='lat' dir='ltr'><strong>reservantes,</strong></span> 
     </span>
    </p>
   </div>
   <div class='ocr_carea' id='block_1_35' title="bbox 185 1825 974 1865">
    <p class='ocr_par' dir='ltr' id='par_1_35' title="bbox 185 1825 974 1865">
     <span class='ocr_line' id='line_1_36' title="bbox 185 1825 974 1865; baseline -0.008 -7"><span class='ocrx_word' id='word_1_237' title='bbox 185 1834 212 1858; x_wconf 88' lang='lat' dir='ltr'><strong>et</strong></span> <span class='ocrx_word' id='word_1_238' title='bbox 227 1829 379 1865; x_wconf 80' lang='lat' dir='ltr'><strong>periculum</strong></span> <span class='ocrx_word' id='word_1_239' title='bbox 400 1827 428 1855; x_wconf 91' lang='lat' dir='ltr'><strong>in</strong></span> <span class='ocrx_word' id='word_1_240' title='bbox 441 1827 542 1863; x_wconf 84' lang='lat' dir='ltr'><strong>aliquid</strong></span> <span class='ocrx_word' id='word_1_241' title='bbox 560 1825 716 1862; x_wconf 89' lang='lat' dir='ltr'><strong>seponendo</strong></span> <span class='ocrx_word' id='word_1_242' title='bbox 733 1826 853 1853; x_wconf 81' lang='lat' dir='ltr'><strong>Ananias</strong></span> <span class='ocrx_word' id='word_1_243' title='bbox 865 1832 893 1853; x_wconf 76' lang='lat' dir='ltr'><strong>et</strong></span> <span class='ocrx_word' id='word_1_244' title='bbox 906 1825 974 1861; x_wconf 80' lang='lat' dir='ltr'><strong>Sap-</strong></span> 
     </span>
    </p>
   </div>
   <div class='ocr_carea' id='block_1_36' title="bbox 184 1871 972 1911">
    <p class='ocr_par' dir='ltr' id='par_1_36' title="bbox 184 1871 972 1911">
     <span class='ocr_line' id='line_1_37' title="bbox 184 1871 972 1911; baseline -0.008 -7"><span class='ocrx_word' id='word_1_245' title='bbox 184 1876 265 1911; x_wconf 85' lang='lat' dir='ltr'><strong>phira</strong></span> <span class='ocrx_word' id='word_1_246' title='bbox 303 1875 459 1904; x_wconf 88' lang='lat' dir='ltr'><strong>ostendunt.</strong></span> <span class='ocrx_word' id='word_1_247' title='bbox 497 1873 624 1909; x_wconf 83' lang='lat' dir='ltr'><strong>Splendor</strong></span> <span class='ocrx_word' id='word_1_248' title='bbox 659 1873 787 1908; x_wconf 68' lang='lat' dir='ltr'><strong>refulgens</strong></span> <span class='ocrx_word' id='word_1_249' title='bbox 827 1871 972 1898; x_wconf 73' lang='lat' dir='ltr'><strong>solitarius.</strong></span> 
     </span>
    </p>
   </div>
   <div class='ocr_carea' id='block_1_37' title="bbox 185 1917 974 1954">
    <p class='ocr_par' dir='ltr' id='par_1_37' title="bbox 185 1917 974 1954">
     <span class='ocr_line' id='line_1_38' title="bbox 185 1917 974 1954; baseline -0.006 -5"><span class='ocrx_word' id='word_1_250' title='bbox 185 1921 282 1950; x_wconf 85' lang='lat' dir='ltr'><strong>Omnis</strong></span> <span class='ocrx_word' id='word_1_251' title='bbox 297 1920 388 1947; x_wconf 82' lang='lat' dir='ltr'><strong>anima</strong></span> <span class='ocrx_word' id='word_1_252' title='bbox 409 1926 469 1954; x_wconf 75' lang='lat' dir='ltr'><strong>quae</strong></span> <span class='ocrx_word' id='word_1_253' title='bbox 486 1919 638 1946; x_wconf 80' lang='lat' dir='ltr'><strong>solitariam</strong></span> <span class='ocrx_word' id='word_1_254' title='bbox 664 1918 748 1944; x_wconf 87' lang='lat' dir='ltr'><strong>vitam</strong></span> <span class='ocrx_word' id='word_1_255' title='bbox 766 1921 793 1944; x_wconf 91' lang='lat' dir='ltr'><strong>et</strong></span> <span class='ocrx_word' id='word_1_256' title='bbox 810 1917 974 1952; x_wconf 79' lang='lat' dir='ltr'><strong>virginalem</strong></span> 
     </span>
    </p>
   </div>
   <div class='ocr_carea' id='block_1_38' title="bbox 185 1962 973 2001">
    <p class='ocr_par' dir='ltr' id='par_1_38' title="bbox 185 1962 973 2001">
     <span class='ocr_line' id='line_1_39' title="bbox 185 1962 973 2001; baseline -0.009 -6"><span class='ocrx_word' id='word_1_257' title='bbox 185 1971 213 1995; x_wconf 89' lang='lat' dir='ltr'><strong>et</strong></span> <span class='ocrx_word' id='word_1_258' title='bbox 230 1967 333 2001; x_wconf 86' lang='lat' dir='ltr'><strong>absque</strong></span> <span class='ocrx_word' id='word_1_259' title='bbox 347 1965 413 2000; x_wconf 81' lang='lat' dir='ltr'><strong>jugo</strong></span> <span class='ocrx_word' id='word_1_260' title='bbox 429 1964 504 1991; x_wconf 82' lang='lat' dir='ltr'><strong>vovit</strong></span> <span class='ocrx_word' id='word_1_261' title='bbox 522 1963 638 1990; x_wconf 89' lang='lat' dir='ltr'><strong>Domino</strong></span> <span class='ocrx_word' id='word_1_262' title='bbox 656 1967 683 1990; x_wconf 89' lang='lat' dir='ltr'><strong>et</strong></span> <span class='ocrx_word' id='word_1_263' title='bbox 706 1963 747 1990; x_wconf 88' lang='lat' dir='ltr'><strong>sic</strong></span> <span class='ocrx_word' id='word_1_264' title='bbox 766 1962 860 1989; x_wconf 79' lang='lat' dir='ltr'><strong>vivere</strong></span> <span class='ocrx_word' id='word_1_265' title='bbox 884 1962 973 1997; x_wconf 75' lang='lat' dir='ltr'><strong>eligit,</strong></span> 
     </span>
    </p>
   </div>
   <div class='ocr_carea' id='block_1_39' title="bbox 186 2006 974 2047">
    <p class='ocr_par' dir='ltr' id='par_1_39' title="bbox 186 2006 974 2047">
     <span class='ocr_line' id='line_1_40' title="bbox 186 2006 974 2047; baseline -0.01 -8"><span class='ocrx_word' id='word_1_266' title='bbox 186 2010 316 2047; x_wconf 86' lang='lat' dir='ltr'><strong>splendor</strong></span> <span class='ocrx_word' id='word_1_267' title='bbox 330 2010 439 2044; x_wconf 88' lang='lat' dir='ltr'><strong>quidam</strong></span> <span class='ocrx_word' id='word_1_268' title='bbox 455 2012 483 2036; x_wconf 90' lang='lat' dir='ltr'><strong>et</strong></span> <span class='ocrx_word' id='word_1_269' title='bbox 510 2007 556 2034; x_wconf 76' lang='lat' dir='ltr'><strong>lux</strong></span> <span class='ocrx_word' id='word_1_270' title='bbox 581 2007 681 2034; x_wconf 88' lang='lat' dir='ltr'><strong>ardens</strong></span> <span class='ocrx_word' id='word_1_271' title='bbox 704 2006 862 2033; x_wconf 82' lang='lat' dir='ltr'><strong>videntibus</strong></span> <span class='ocrx_word' id='word_1_272' title='bbox 889 2013 974 2040; x_wconf 84' lang='lat' dir='ltr'><strong>appa-</strong></span> 
     </span>
    </p>
   </div>
   <div class='ocr_carea' id='block_1_40' title="bbox 186 2051 974 2089">
    <p class='ocr_par' dir='ltr' id='par_1_40' title="bbox 186 2051 974 2089">
     <span class='ocr_line' id='line_1_41' title="bbox 186 2051 974 2089; baseline -0.009 -5"><span class='ocrx_word' id='word_1_273' title='bbox 186 2063 247 2084; x_wconf 85' lang='lat' dir='ltr'><strong>rere</strong></span> <span class='ocrx_word' id='word_1_274' title='bbox 258 2056 350 2089; x_wconf 89' lang='lat' dir='ltr'><strong>debet,</strong></span> <span class='ocrx_word' id='word_1_275' title='bbox 362 2054 410 2083; x_wconf 82' lang='lat' dir='ltr'><strong>sed</strong></span> <span class='ocrx_word' id='word_1_276' title='bbox 426 2053 582 2081; x_wconf 86' lang='lat' dir='ltr'><strong>dividentes</strong></span> <span class='ocrx_word' id='word_1_277' title='bbox 597 2052 682 2080; x_wconf 85' lang='lat' dir='ltr'><strong>vitam</strong></span> <span class='ocrx_word' id='word_1_278' title='bbox 701 2059 780 2080; x_wconf 87' lang='lat' dir='ltr'><strong>suam</strong></span> <span class='ocrx_word' id='word_1_279' title='bbox 799 2059 814 2078; x_wconf 91' lang='lat' dir='ltr'><strong>a</strong></span> <span class='ocrx_word' id='word_1_280' title='bbox 832 2051 935 2078; x_wconf 89' lang='lat' dir='ltr'><strong>mundo</strong></span> <span class='ocrx_word' id='word_1_281' title='bbox 946 2054 974 2078; x_wconf 87' lang='lat' dir='ltr'><strong>et</strong></span> 
     </span>
    </p>
   </div>
   <div class='ocr_carea' id='block_1_41' title="bbox 185 2096 974 2132">
    <p class='ocr_par' dir='ltr' id='par_1_41' title="bbox 185 2096 974 2132">
     <span class='ocr_line' id='line_1_42' title="bbox 185 2096 974 2132; baseline -0.006 -3"><span class='ocrx_word' id='word_1_282' title='bbox 185 2101 345 2130; x_wconf 85' lang='lat' dir='ltr'><strong>hominibus</strong></span> <span class='ocrx_word' id='word_1_283' title='bbox 375 2099 524 2127; x_wconf 86' lang='lat' dir='ltr'><strong>mundanis</strong></span> <span class='ocrx_word' id='word_1_284' title='bbox 549 2102 577 2126; x_wconf 87' lang='lat' dir='ltr'><strong>et</strong></span> <span class='ocrx_word' id='word_1_285' title='bbox 602 2097 760 2125; x_wconf 82' lang='lat' dir='ltr'><strong>carnalibus</strong></span> <span class='ocrx_word' id='word_1_286' title='bbox 791 2096 871 2132; x_wconf 88' lang='lat' dir='ltr'><strong>quasi</strong></span> <span class='ocrx_word' id='word_1_287' title='bbox 894 2096 974 2131; x_wconf 83' lang='lat' dir='ltr'><strong>longe</strong></span> 
     </span>
    </p>
   </div>
   <div class='ocr_carea' id='block_1_42' title="bbox 186 2142 974 2180">
    <p class='ocr_par' dir='ltr' id='par_1_42' title="bbox 186 2142 974 2180">
     <span class='ocr_line' id='line_1_43' title="bbox 186 2142 974 2180; baseline -0.01 -5"><span class='ocrx_word' id='word_1_288' title='bbox 186 2151 291 2176; x_wconf 82' lang='lat' dir='ltr'><strong>stantes</strong></span> <span class='ocrx_word' id='word_1_289' title='bbox 302 2152 329 2174; x_wconf 89' lang='lat' dir='ltr'><strong>et</strong></span> <span class='ocrx_word' id='word_1_290' title='bbox 342 2145 377 2173; x_wconf 87' lang='lat' dir='ltr'><strong>ab</strong></span> <span class='ocrx_word' id='word_1_291' title='bbox 395 2146 519 2180; x_wconf 90' lang='lat' dir='ltr'><strong>ipsorum</strong></span> <span class='ocrx_word' id='word_1_292' title='bbox 550 2143 727 2171; x_wconf 87' lang='lat' dir='ltr'><strong>commerciis</strong></span> <span class='ocrx_word' id='word_1_293' title='bbox 753 2146 783 2169; x_wconf 91' lang='lat' dir='ltr'><strong>ut</strong></span> <span class='ocrx_word' id='word_1_294' title='bbox 799 2142 924 2177; x_wconf 84' lang='lat' dir='ltr'><strong>plerique</strong></span> <span class='ocrx_word' id='word_1_295' title='bbox 946 2145 974 2168; x_wconf 83' lang='lat' dir='ltr'><strong>et</strong></span> 
     </span>
    </p>
   </div>
   <div class='ocr_carea' id='block_1_43' title="bbox 185 2187 979 2221">
    <p class='ocr_par' dir='ltr' id='par_1_43' title="bbox 185 2187 979 2221">
     <span class='ocr_line' id='line_1_44' title="bbox 185 2187 979 2221; baseline -0.008 -1"><span class='ocrx_word' id='word_1_296' title='bbox 185 2192 376 2221; x_wconf 73' lang='lat' dir='ltr'><strong>meretricibus</strong></span> <span class='ocrx_word' id='word_1_297' title='bbox 387 2190 528 2218; x_wconf 84' lang='lat' dir='ltr'><strong>amoribus</strong></span> <span class='ocrx_word' id='word_1_298' title='bbox 544 2189 748 2217; x_wconf 83' lang='lat' dir='ltr'><strong>retrocedentes</strong></span> <span class='ocrx_word' id='word_1_299' title='bbox 761 2197 768 2221; x_wconf 85' lang='grc'>;</span> <span class='ocrx_word' id='word_1_300' title='bbox 787 2188 858 2216; x_wconf 88' lang='lat' dir='ltr'><strong>sicut</strong></span> <span class='ocrx_word' id='word_1_301' title='bbox 870 2187 979 2219; x_wconf 52' lang='lat' dir='ltr'><strong>autem,</strong></span> 
     </span>
    </p>
   </div>
   <div class='ocr_carea' id='block_1_44' title="bbox 185 2233 972 2274">
    <p class='ocr_par' dir='ltr' id='par_1_44' title="bbox 185 2233 972 2274">
     <span class='ocr_line' id='line_1_45' title="bbox 185 2233 972 2274; baseline -0.008 -8"><span class='ocrx_word' id='word_1_302' title='bbox 185 2239 285 2274; x_wconf 82' lang='lat' dir='ltr'><strong>inquit,</strong></span> <span class='ocrx_word' id='word_1_303' title='bbox 305 2238 387 2265; x_wconf 75' lang='lat' dir='ltr'><strong>fallax</strong></span> <span class='ocrx_word' id='word_1_304' title='bbox 401 2236 576 2272; x_wconf 90' lang='lat' dir='ltr'><strong>pulchritudo</strong></span> <span class='ocrx_word' id='word_1_305' title='bbox 588 2235 713 2271; x_wconf 86' lang='lat' dir='ltr'><strong>corporis</strong></span> <span class='ocrx_word' id='word_1_306' title='bbox 732 2239 759 2262; x_wconf 93' lang='lat' dir='ltr'><strong>et</strong></span> <span class='ocrx_word' id='word_1_307' title='bbox 771 2233 972 2261; x_wconf 83' lang='lat' dir='ltr'><strong>contumeliosa</strong></span> 
     </span>
    </p>
   </div>
   <div class='ocr_carea' id='block_1_45' title="bbox 185 2279 974 2319">
    <p class='ocr_par' dir='ltr' id='par_1_45' title="bbox 185 2279 974 2319">
     <span class='ocr_line' id='line_1_46' title="bbox 185 2279 974 2319; baseline -0.008 -7"><span class='ocrx_word' id='word_1_308' title='bbox 185 2285 326 2312; x_wconf 80' lang='lat' dir='ltr'><strong>coloribus</strong></span> <span class='ocrx_word' id='word_1_309' title='bbox 348 2283 457 2319; x_wconf 87' lang='lat' dir='ltr'><strong>depicta</strong></span> <span class='ocrx_word' id='word_1_310' title='bbox 483 2290 537 2318; x_wconf 87' lang='lat' dir='ltr'><strong>qua</strong></span> <span class='ocrx_word' id='word_1_311' title='bbox 554 2282 659 2309; x_wconf 91' lang='lat' dir='ltr'><strong>vultum</strong></span> <span class='ocrx_word' id='word_1_312' title='bbox 683 2281 835 2308; x_wconf 87' lang='lat' dir='ltr'><strong>illinientes</strong></span> <span class='ocrx_word' id='word_1_313' title='bbox 852 2279 974 2307; x_wconf 90' lang='lat' dir='ltr'><strong>meretri-</strong></span> 
     </span>
    </p>
   </div>
   <div class='ocr_carea' id='block_1_46' title="bbox 185 2325 972 2364">
    <p class='ocr_par' dir='ltr' id='par_1_46' title="bbox 185 2325 972 2364">
     <span class='ocr_line' id='line_1_47' title="bbox 185 2325 972 2364; baseline -0.008 -5"><span class='ocrx_word' id='word_1_314' title='bbox 185 2338 243 2363; x_wconf 83' lang='lat' dir='ltr'><strong>ces,</strong></span> <span class='ocrx_word' id='word_1_315' title='bbox 259 2338 324 2358; x_wconf 89' lang='lat' dir='ltr'><strong>suos</strong></span> <span class='ocrx_word' id='word_1_316' title='bbox 339 2329 482 2364; x_wconf 87' lang='lat' dir='ltr'><strong>decipiunt</strong></span> <span class='ocrx_word' id='word_1_317' title='bbox 493 2333 642 2360; x_wconf 87' lang='lat' dir='ltr'><strong>amatores,</strong></span> <span class='ocrx_word' id='word_1_318' title='bbox 659 2328 700 2355; x_wconf 90' lang='lat' dir='ltr'><strong>sic</strong></span> <span class='ocrx_word' id='word_1_319' title='bbox 714 2327 834 2355; x_wconf 86' lang='lat' dir='ltr'><strong>dedecus</strong></span> <span class='ocrx_word' id='word_1_320' title='bbox 848 2330 891 2354; x_wconf 90' lang='lat' dir='ltr'><strong>est</strong></span> <span class='ocrx_word' id='word_1_321' title='bbox 902 2325 972 2353; x_wconf 86' lang='lat' dir='ltr'><strong>Deo-</strong></span> 
     </span>
    </p>
   </div>
   <div class='ocr_carea' id='block_1_47' title="bbox 185 2371 974 2413">
    <p class='ocr_par' dir='ltr' id='par_1_47' title="bbox 185 2371 974 2413">
     <span class='ocr_line' id='line_1_48' title="bbox 185 2371 974 2413; baseline -0.008 -8"><span class='ocrx_word' id='word_1_322' title='bbox 185 2385 239 2413; x_wconf 88' lang='lat' dir='ltr'><strong>que</strong></span> <span class='ocrx_word' id='word_1_323' title='bbox 253 2376 355 2404; x_wconf 85' lang='lat' dir='ltr'><strong>odibile</strong></span> <span class='ocrx_word' id='word_1_324' title='bbox 371 2383 426 2403; x_wconf 92' lang='lat' dir='ltr'><strong>non</strong></span> <span class='ocrx_word' id='word_1_325' title='bbox 442 2374 571 2402; x_wconf 88' lang='lat' dir='ltr'><strong>cordibus</strong></span> <span class='ocrx_word' id='word_1_326' title='bbox 583 2374 616 2401; x_wconf 87' lang='lat' dir='ltr'><strong>ad</strong></span> <span class='ocrx_word' id='word_1_327' title='bbox 627 2373 712 2401; x_wconf 82' lang='lat' dir='ltr'><strong>Deum</strong></span> <span class='ocrx_word' id='word_1_328' title='bbox 727 2372 914 2404; x_wconf 79' lang='lat' dir='ltr'><strong>tendentibus,</strong></span> <span class='ocrx_word' id='word_1_329' title='bbox 926 2371 974 2400; x_wconf 88' lang='lat' dir='ltr'><strong>sed</strong></span> 
     </span>
    </p>
   </div>
   <div class='ocr_carea' id='block_1_48' title="bbox 185 2418 974 2456">
    <p class='ocr_par' dir='ltr' id='par_1_48' title="bbox 185 2418 974 2456">
     <span class='ocr_line' id='line_1_49' title="bbox 185 2418 974 2456; baseline -0.006 -5"><span class='ocrx_word' id='word_1_330' title='bbox 185 2423 328 2451; x_wconf 89' lang='lat' dir='ltr'><strong>coloribus</strong></span> <span class='ocrx_word' id='word_1_331' title='bbox 353 2422 465 2454; x_wconf 78' lang='lat' dir='ltr'><strong>fucatis,</strong></span> <span class='ocrx_word' id='word_1_332' title='bbox 493 2424 522 2449; x_wconf 88' lang='lat' dir='ltr'><strong>et</strong></span> <span class='ocrx_word' id='word_1_333' title='bbox 547 2420 636 2456; x_wconf 80' lang='lat' dir='ltr'><strong>nigris</strong></span> <span class='ocrx_word' id='word_1_334' title='bbox 661 2419 784 2447; x_wconf 82' lang='lat' dir='ltr'><strong>vestibus</strong></span> <span class='ocrx_word' id='word_1_335' title='bbox 807 2423 835 2446; x_wconf 87' lang='lat' dir='ltr'><strong>et</strong></span> <span class='ocrx_word' id='word_1_336' title='bbox 851 2418 974 2446; x_wconf 90' lang='lat' dir='ltr'><strong>vultibus</strong></span> 
     </span>
    </p>
   </div>
   <div class='ocr_carea' id='block_1_49' title="bbox 187 2464 973 2498">
    <p class='ocr_par' dir='ltr' id='par_1_49' title="bbox 187 2464 973 2498">
     <span class='ocr_line' id='line_1_50' title="bbox 187 2464 973 2498; baseline -0.008 -1"><span class='ocrx_word' id='word_1_337' title='bbox 187 2469 344 2498; x_wconf 85' lang='lat' dir='ltr'><strong>macilentis</strong></span> <span class='ocrx_word' id='word_1_338' title='bbox 367 2471 475 2494; x_wconf 84' lang='lat' dir='ltr'><strong>tantum</strong></span> <span class='ocrx_word' id='word_1_339' title='bbox 504 2466 657 2494; x_wconf 86' lang='lat' dir='ltr'><strong>solitariam</strong></span> <span class='ocrx_word' id='word_1_340' title='bbox 692 2465 821 2492; x_wconf 80' lang='lat' dir='ltr'><strong>virtutem</strong></span> <span class='ocrx_word' id='word_1_341' title='bbox 841 2469 868 2492; x_wconf 90' lang='lat' dir='ltr'><strong>et</strong></span> <span class='ocrx_word' id='word_1_342' title='bbox 892 2464 973 2492; x_wconf 88' lang='lat' dir='ltr'><strong>fidem</strong></span> 
     </span>
    </p>
   </div>
   <div class='ocr_carea' id='block_1_50' title="bbox 186 2513 974 2543">
    <p class='ocr_par' dir='ltr' id='par_1_50' title="bbox 186 2513 974 2543">
     <span class='ocr_line' id='line_1_51' title="bbox 186 2513 974 2543; baseline -0.006 0"><span class='ocrx_word' id='word_1_343' title='bbox 186 2516 314 2543; x_wconf 83' lang='lat' dir='ltr'><strong>affectare</strong></span> <span class='ocrx_word' id='word_1_344' title='bbox 335 2524 342 2542; x_wconf 90' lang='lat'>:</span> <span class='ocrx_word' id='word_1_345' title='bbox 358 2514 414 2541; x_wconf 66' lang='lat' dir='ltr'><strong>haec</strong></span> <span class='ocrx_word' id='word_1_346' title='bbox 428 2513 501 2541; x_wconf 92' lang='lat' dir='ltr'><strong>enim</strong></span> <span class='ocrx_word' id='word_1_347' title='bbox 522 2513 601 2540; x_wconf 87' lang='lat' dir='ltr'><strong>facile</strong></span> <span class='ocrx_word' id='word_1_348' title='bbox 618 2513 808 2540; x_wconf 89' lang='lat' dir='ltr'><strong>simulantium</strong></span> <span class='ocrx_word' id='word_1_349' title='bbox 824 2516 921 2539; x_wconf 84' lang='lat' dir='ltr'><strong>ornata</strong></span> <span class='ocrx_word' id='word_1_350' title='bbox 946 2515 974 2539; x_wconf 93' lang='lat' dir='ltr'><strong>et</strong></span> 
     </span>
    </p>
   </div>
   <div class='ocr_carea' id='block_1_51' title="bbox 187 2557 972 2598">
    <p class='ocr_par' dir='ltr' id='par_1_51' title="bbox 187 2557 972 2598">
     <span class='ocr_line' id='line_1_52' title="bbox 187 2557 972 2598; baseline -0.005 -10"><span class='ocrx_word' id='word_1_351' title='bbox 187 2561 271 2598; x_wconf 80' lang='lat' dir='ltr'><strong>polita</strong></span> <span class='ocrx_word' id='word_1_352' title='bbox 286 2561 361 2588; x_wconf 76' lang='lat' dir='ltr'><strong>intus</strong></span> <span class='ocrx_word' id='word_1_353' title='bbox 375 2561 506 2587; x_wconf 76' lang='lat' dir='ltr'><strong>iatentem</strong></span> <span class='ocrx_word' id='word_1_354' title='bbox 520 2559 719 2594; x_wconf 91' lang='lat' dir='ltr'><strong>turpitudinem</strong></span> <span class='ocrx_word' id='word_1_355' title='bbox 736 2561 867 2593; x_wconf 74' lang='lat' dir='ltr'><strong>arguunt.</strong></span> <span class='ocrx_word' id='word_1_356' title='bbox 896 2557 972 2590; x_wconf 87' lang='lat' dir='ltr'><strong>Mihi,</strong></span> 
     </span>
    </p>
   </div>
   <div class='ocr_carea' id='block_1_52' title="bbox 191 2603 973 2641">
    <p class='ocr_par' dir='ltr' id='par_1_52' title="bbox 191 2603 973 2641">
     <span class='ocr_line' id='line_1_53' title="bbox 191 2603 973 2641; baseline -0.005 -7"><span class='ocrx_word' id='word_1_357' title='bbox 191 2606 277 2641; x_wconf 85' lang='lat' dir='ltr'><strong>Inquit</strong></span> <span class='ocrx_word' id='word_1_358' title='bbox 293 2605 446 2640; x_wconf 84' lang='lat' dir='ltr'><strong>spiritualis</strong></span> <span class='ocrx_word' id='word_1_359' title='bbox 471 2605 565 2639; x_wconf 85' lang='lat' dir='ltr'><strong>sponsi</strong></span> <span class='ocrx_word' id='word_1_360' title='bbox 593 2604 811 2640; x_wconf 84' lang='lat' dir='ltr'><strong>paranymphus,</strong></span> <span class='ocrx_word' id='word_1_361' title='bbox 836 2603 875 2632; x_wconf 78' lang='lat' dir='ltr'><strong>alx</strong></span> <span class='ocrx_word' id='word_1_362' title='bbox 900 2603 973 2630; x_wconf 90' lang='lat' dir='ltr'><strong>intus</strong></span> 
     </span>
    </p>
   </div>
   <div class='ocr_carea' id='block_1_53' title="bbox 186 2648 971 2688">
    <p class='ocr_par' dir='ltr' id='par_1_53' title="bbox 186 2648 971 2688">
     <span class='ocr_line' id='line_1_54' title="bbox 186 2648 971 2688; baseline -0.003 -10"><span class='ocrx_word' id='word_1_363' title='bbox 186 2651 363 2688; x_wconf 83' lang='lat' dir='ltr'><strong>pulchritudo</strong></span> <span class='ocrx_word' id='word_1_364' title='bbox 372 2651 465 2678; x_wconf 87' lang='lat' dir='ltr'><strong>cordis</strong></span> <span class='ocrx_word' id='word_1_365' title='bbox 480 2655 508 2677; x_wconf 88' lang='lat' dir='ltr'><strong>et</strong></span> <span class='ocrx_word' id='word_1_366' title='bbox 525 2649 678 2678; x_wconf 87' lang='lat' dir='ltr'><strong>secundum</strong></span> <span class='ocrx_word' id='word_1_367' title='bbox 703 2654 832 2677; x_wconf 81' lang='lat' dir='ltr'><strong>naturam</strong></span> <span class='ocrx_word' id='word_1_368' title='bbox 854 2648 971 2684; x_wconf 88' lang='lat' dir='ltr'><strong>spiritus</strong></span> 
     </span>
    </p>
   </div>
   <div class='ocr_carea' id='block_1_54' title="bbox 185 2696 723 2732">
    <p class='ocr_par' dir='ltr' id='par_1_54' title="bbox 185 2696 723 2732">
     <span class='ocr_line' id='line_1_55' title="bbox 185 2696 723 2732; baseline -0.007 -6"><span class='ocrx_word' id='word_1_369' title='bbox 185 2703 316 2726; x_wconf 87' lang='lat' dir='ltr'><strong>venustas</strong></span> <span class='ocrx_word' id='word_1_370' title='bbox 333 2697 421 2732; x_wconf 88' lang='lat' dir='ltr'><strong>placet</strong></span> <span class='ocrx_word' id='word_1_371' title='bbox 432 2697 503 2724; x_wconf 89' lang='lat' dir='ltr'><strong>sicut</strong></span> <span class='ocrx_word' id='word_1_372' title='bbox 512 2701 540 2724; x_wconf 91' lang='lat' dir='ltr'><strong>et</strong></span> <span class='ocrx_word' id='word_1_373' title='bbox 555 2696 609 2723; x_wconf 85' lang='lat' dir='ltr'><strong>Deo</strong></span> <span class='ocrx_word' id='word_1_374' title='bbox 625 2696 723 2723; x_wconf 86' lang='lat' dir='ltr'><strong>virtus.</strong></span> 
     </span>
    </p>
   </div>
   <div class='ocr_carea' id='block_1_55' title="bbox 872 137 1141 165">
    <p class='ocr_par' dir='ltr' id='par_1_55' title="bbox 872 137 1141 165">
     <span class='ocr_line' id='line_1_56' title="bbox 872 137 1141 165; baseline 0 -1"><span class='ocrx_word' id='word_1_375' title='bbox 872 137 1018 165; x_wconf 80' lang='lat' dir='ltr'><strong>NICETAS</strong></span> <span class='ocrx_word' id='word_1_376' title='bbox 1038 137 1141 165; x_wconf 80' lang='lat' dir='ltr'><strong>DAVID</strong></span> 
     </span>
    </p>
   </div>
   <div class='ocr_carea' id='block_1_56' title="bbox 1764 140 1820 167">
    <p class='ocr_par' dir='ltr' id='par_1_56' title="bbox 1764 140 1820 167">
     <span class='ocr_line' id='line_1_57' title="bbox 1764 140 1820 167; baseline 0.018 -1"><span class='ocrx_word' id='word_1_377' title='bbox 1764 140 1820 167; x_wconf 62' lang='grc'><strong>781</strong></span> 
     </span>
    </p>
   </div>
   <div class='ocr_carea' id='block_1_57' title="bbox 1024 195 1819 232">
    <p class='ocr_par' dir='ltr' id='par_1_57' title="bbox 1024 195 1819 232">
     <span class='ocr_line' id='line_1_58' title="bbox 1024 195 1819 232; baseline 0.004 -11"><span class='ocrx_word' id='word_1_378' title='bbox 1024 195 1175 229; x_wconf 83' lang='grc' dir='ltr'>σιουργίαν,</span> <span class='ocrx_word' id='word_1_379' title='bbox 1203 196 1251 222; x_wconf 75' lang='grc' dir='ltr'><strong>καὶ</strong></span> <span class='ocrx_word' id='word_1_380' title='bbox 1282 195 1408 222; x_wconf 78' lang='grc' dir='ltr'><strong>πλουτεῖν</strong></span> <span class='ocrx_word' id='word_1_381' title='bbox 1425 195 1474 231; x_wconf 82' lang='grc' dir='ltr'>μὲν</span> <span class='ocrx_word' id='word_1_382' title='bbox 1488 195 1572 231; x_wconf 77' lang='grc' dir='ltr'>μόνην</span> <span class='ocrx_word' id='word_1_383' title='bbox 1585 196 1634 232; x_wconf 82' lang='grc' dir='ltr'><strong>τὴν</strong></span> <span class='ocrx_word' id='word_1_384' title='bbox 1649 195 1767 232; x_wconf 77' lang='grc' dir='ltr'>θεότητα</span> <span class='ocrx_word' id='word_1_385' title='bbox 1779 199 1819 229; x_wconf 76' lang='grc' dir='ltr'>ὡς</span> 
     </span>
    </p>
   </div>
   <div class='ocr_carea' id='block_1_58' title="bbox 1023 241 1819 278">
    <p class='ocr_par' dir='ltr' id='par_1_58' title="bbox 1023 241 1819 278">
     <span class='ocr_line' id='line_1_59' title="bbox 1023 241 1819 278; baseline 0.005 -12"><span class='ocrx_word' id='word_1_386' title='bbox 1023 241 1052 267; x_wconf 80' lang='grc' dir='ltr'>ὲν</span> <span class='ocrx_word' id='word_1_387' title='bbox 1061 241 1186 277; x_wconf 78' lang='grc' dir='ltr'><strong>ἐσόπτρῳ</strong></span> <span class='ocrx_word' id='word_1_388' title='bbox 1198 241 1300 277; x_wconf 85' lang='grc' dir='ltr'>ταύτην</span> <span class='ocrx_word' id='word_1_389' title='bbox 1314 242 1454 274; x_wconf 80' lang='grc' dir='ltr'><strong>εἰλικρινεῖ</strong></span> <span class='ocrx_word' id='word_1_390' title='bbox 1463 242 1502 277; x_wconf 83' lang='grc' dir='ltr'>τῷ</span> <span class='ocrx_word' id='word_1_391' title='bbox 1518 242 1576 278; x_wconf 76' lang='grc' dir='ltr'>ἰδίῳ</span> <span class='ocrx_word' id='word_1_392' title='bbox 1591 242 1630 278; x_wconf 81' lang='grc' dir='ltr'>νῷ</span> <span class='ocrx_word' id='word_1_393' title='bbox 1642 243 1819 278; x_wconf 74' lang='grc' dir='ltr'>φανταζόμεο</span> 
     </span>
    </p>
   </div>
   <div class='ocr_carea' id='block_1_59' title="bbox 1024 287 1820 324">
    <p class='ocr_par' dir='ltr' id='par_1_59' title="bbox 1024 287 1820 324">
     <span class='ocr_line' id='line_1_60' title="bbox 1024 287 1820 324; baseline 0.004 -11"><span class='ocrx_word' id='word_1_394' title='bbox 1024 295 1067 313; x_wconf 93' lang='grc' dir='ltr'><strong>νον</strong></span> <span class='ocrx_word' id='word_1_395' title='bbox 1079 287 1096 322; x_wconf 78' lang='grc' dir='ltr'><strong>ἢ</strong></span> <span class='ocrx_word' id='word_1_396' title='bbox 1114 287 1332 323; x_wconf 81' lang='grc' dir='ltr'>καταθεώμενον,</span> <span class='ocrx_word' id='word_1_397' title='bbox 1359 288 1447 315; x_wconf 80' lang='grc' dir='ltr'>πάντα</span> <span class='ocrx_word' id='word_1_398' title='bbox 1471 288 1499 314; x_wconf 84' lang='grc' dir='ltr'>δὲ</span> <span class='ocrx_word' id='word_1_399' title='bbox 1514 287 1558 314; x_wconf 81' lang='grc' dir='ltr'>τὸν</span> <span class='ocrx_word' id='word_1_400' title='bbox 1581 288 1699 324; x_wconf 72' lang='grc' dir='ltr'>φθαρτὸν</span> <span class='ocrx_word' id='word_1_401' title='bbox 1711 290 1820 316; x_wconf 76' lang='grc' dir='ltr'>τουτονὶ</span> 
     </span>
    </p>
   </div>
   <div class='ocr_carea' id='block_1_60' title="bbox 1024 333 1818 369">
    <p class='ocr_par' dir='ltr' id='par_1_60' title="bbox 1024 333 1818 369">
     <span class='ocr_line' id='line_1_61' title="bbox 1024 333 1818 369; baseline 0.003 -9"><span class='ocrx_word' id='word_1_402' title='bbox 1024 333 1125 368; x_wconf 84' lang='grc' dir='ltr'>κόσμον</span> <span class='ocrx_word' id='word_1_403' title='bbox 1138 333 1185 360; x_wconf 80' lang='grc' dir='ltr'>καὶ</span> <span class='ocrx_word' id='word_1_404' title='bbox 1194 333 1229 360; x_wconf 82' lang='grc' dir='ltr'>τὰ</span> <span class='ocrx_word' id='word_1_405' title='bbox 1238 334 1268 360; x_wconf 85' lang='grc' dir='ltr'><strong>ἐν</strong></span> <span class='ocrx_word' id='word_1_406' title='bbox 1283 333 1358 369; x_wconf 82' lang='grc' dir='ltr'>αὑτῴ</span> <span class='ocrx_word' id='word_1_407' title='bbox 1371 333 1477 368; x_wconf 83' lang='grc' dir='ltr'>μεγάλα</span> <span class='ocrx_word' id='word_1_408' title='bbox 1492 335 1549 365; x_wconf 86' lang='grc' dir='ltr'>τοῖς</span> <span class='ocrx_word' id='word_1_409' title='bbox 1558 333 1665 366; x_wconf 83' lang='grc' dir='ltr'>πολλοῖς</span> <span class='ocrx_word' id='word_1_410' title='bbox 1673 335 1818 368; x_wconf 84' lang='grc' dir='ltr'>δοκοῦντα,</span> 
     </span>
    </p>
   </div>
   <div class='ocr_carea' id='block_1_61' title="bbox 1026 380 1819 416">
    <p class='ocr_par' dir='ltr' id='par_1_61' title="bbox 1026 380 1819 416">
     <span class='ocr_line' id='line_1_62' title="bbox 1026 380 1819 416; baseline 0.004 -10"><span class='ocrx_word' id='word_1_411' title='bbox 1026 380 1070 407; x_wconf 84' lang='grc' dir='ltr'><strong>ῐσα</strong></span> <span class='ocrx_word' id='word_1_412' title='bbox 1087 380 1135 406; x_wconf 77' lang='grc' dir='ltr'>καὶ</span> <span class='ocrx_word' id='word_1_413' title='bbox 1151 380 1310 416; x_wconf 76' lang='grc' dir='ltr'>ἀραχναίοις</span> <span class='ocrx_word' id='word_1_414' title='bbox 1335 380 1437 415; x_wconf 86' lang='grc' dir='ltr'>νήμασι</span> <span class='ocrx_word' id='word_1_415' title='bbox 1451 381 1506 412; x_wconf 81' lang='grc' dir='ltr'>τοῖς</span> <span class='ocrx_word' id='word_1_416' title='bbox 1526 380 1694 413; x_wconf 82' lang='grc' dir='ltr'>εὐδιαλύτοις</span> <span class='ocrx_word' id='word_1_417' title='bbox 1704 382 1752 408; x_wconf 77' lang='grc' dir='ltr'>καὶ</span> <span class='ocrx_word' id='word_1_418' title='bbox 1767 391 1819 409; x_wconf 87' lang='grc' dir='ltr'>σα-</span> 
     </span>
    </p>
   </div>
   <div class='ocr_carea' id='block_1_62' title="bbox 1025 426 1820 462">
    <p class='ocr_par' dir='ltr' id='par_1_62' title="bbox 1025 426 1820 462">
     <span class='ocr_line' id='line_1_63' title="bbox 1025 426 1820 462; baseline 0.003 -10"><span class='ocrx_word' id='word_1_419' title='bbox 1025 426 1166 462; x_wconf 81' lang='grc' dir='ltr'>θροτάτοις</span> <span class='ocrx_word' id='word_1_420' title='bbox 1198 427 1329 461; x_wconf 64' lang='grc' dir='ltr'>παῳρᾷν.</span> <span class='ocrx_word' id='word_1_421' title='bbox 1353 427 1408 461; x_wconf 70' lang='grc' dir='ltr'><strong>καὶ</strong></span> <span class='ocrx_word' id='word_1_422' title='bbox 1432 426 1487 461; x_wconf 86' lang='grc' dir='ltr'>γὰρ</span> <span class='ocrx_word' id='word_1_423' title='bbox 1504 427 1592 453; x_wconf 83' lang='grc' dir='ltr'>πάντα</span> <span class='ocrx_word' id='word_1_424' title='bbox 1618 427 1668 462; x_wconf 81' lang='grc' dir='ltr'><strong>μὲν</strong></span> <span class='ocrx_word' id='word_1_425' title='bbox 1684 427 1770 462; x_wconf 82' lang='grc' dir='ltr'><strong>ἄρδην</strong></span> <span class='ocrx_word' id='word_1_426' title='bbox 1783 428 1820 454; x_wconf 76' lang='grc' dir='ltr'>τὰ</span> 
     </span>
    </p>
   </div>
   <div class='ocr_carea' id='block_1_63' title="bbox 1024 468 1818 506">
    <p class='ocr_par' dir='ltr' id='par_1_63' title="bbox 1024 468 1818 506">
     <span class='ocr_line' id='line_1_64' title="bbox 1024 468 1818 506; baseline 0.001 -10"><span class='ocrx_word' id='word_1_427' title='bbox 1024 469 1100 496; x_wconf 83' lang='grc' dir='ltr'>τοῦδε</span> <span class='ocrx_word' id='word_1_428' title='bbox 1127 469 1174 495; x_wconf 84' lang='grc' dir='ltr'><strong>τοῦ</strong></span> <span class='ocrx_word' id='word_1_429' title='bbox 1209 468 1266 503; x_wconf 86' lang='grc' dir='ltr'>βίου</span> <span class='ocrx_word' id='word_1_430' title='bbox 1283 468 1336 495; x_wconf 86' lang='grc' dir='ltr'>τῶν</span> <span class='ocrx_word' id='word_1_431' title='bbox 1356 468 1507 505; x_wconf 86' lang='grc' dir='ltr'>ἀνθρώπων</span> <span class='ocrx_word' id='word_1_432' title='bbox 1525 469 1616 503; x_wconf 78' lang='grc' dir='ltr'>ἀγαθὰ</span> <span class='ocrx_word' id='word_1_433' title='bbox 1629 469 1764 506; x_wconf 84' lang='grc' dir='ltr'>ἀλλότριά</span> <span class='ocrx_word' id='word_1_434' title='bbox 1788 479 1818 497; x_wconf 82' lang='grc' dir='ltr'><strong>τε</strong></span> 
     </span>
    </p>
   </div>
   <div class='ocr_carea' id='block_1_64' title="bbox 1024 514 1819 552">
    <p class='ocr_par' dir='ltr' id='par_1_64' title="bbox 1024 514 1819 552">
     <span class='ocr_line' id='line_1_65' title="bbox 1024 514 1819 552; baseline 0 -10"><span class='ocrx_word' id='word_1_435' title='bbox 1024 515 1113 542; x_wconf 83' lang='grc' dir='ltr'>αὐτῶν</span> <span class='ocrx_word' id='word_1_436' title='bbox 1127 515 1175 542; x_wconf 79' lang='grc' dir='ltr'><strong>καὶ</strong></span> <span class='ocrx_word' id='word_1_437' title='bbox 1206 514 1305 548; x_wconf 78' lang='grc' dir='ltr'><strong>ἔξωθεν</strong></span> <span class='ocrx_word' id='word_1_438' title='bbox 1322 515 1429 550; x_wconf 79' lang='grc' dir='ltr'>ὁρᾶται,</span> <span class='ocrx_word' id='word_1_439' title='bbox 1445 514 1514 550; x_wconf 84' lang='grc' dir='ltr'>μόνη</span> <span class='ocrx_word' id='word_1_440' title='bbox 1533 515 1563 541; x_wconf 79' lang='grc' dir='ltr'>δὲ</span> <span class='ocrx_word' id='word_1_441' title='bbox 1577 516 1593 550; x_wconf 85' lang='grc' dir='ltr'>ἡ</span> <span class='ocrx_word' id='word_1_442' title='bbox 1610 515 1694 551; x_wconf 81' lang='grc' dir='ltr'>ἀρετὴ</span> <span class='ocrx_word' id='word_1_443' title='bbox 1712 516 1819 552; x_wconf 78' lang='grc' dir='ltr'>ἀνθρω-</span> 
     </span>
    </p>
   </div>
   <div class='ocr_carea' id='block_1_65' title="bbox 1027 561 1819 598">
    <p class='ocr_par' dir='ltr' id='par_1_65' title="bbox 1027 561 1819 598">
     <span class='ocr_line' id='line_1_66' title="bbox 1027 561 1819 598; baseline 0.001 -10"><span class='ocrx_word' id='word_1_444' title='bbox 1027 562 1090 597; x_wconf 82' lang='grc' dir='ltr'>πίνη</span> <span class='ocrx_word' id='word_1_445' title='bbox 1102 562 1170 592; x_wconf 81' lang='grc' dir='ltr'>ὲστὶ.</span> <span class='ocrx_word' id='word_1_446' title='bbox 1184 562 1231 588; x_wconf 76' lang='grc' dir='ltr'><strong>καὶ</strong></span> <span class='ocrx_word' id='word_1_447' title='bbox 1243 561 1311 596; x_wconf 79' lang='grc' dir='ltr'>αὕτη</span> <span class='ocrx_word' id='word_1_448' title='bbox 1324 561 1392 597; x_wconf 82' lang='grc' dir='ltr'>μόνη</span> <span class='ocrx_word' id='word_1_449' title='bbox 1402 561 1452 596; x_wconf 87' lang='grc' dir='ltr'>τῆς</span> <span class='ocrx_word' id='word_1_450' title='bbox 1464 561 1581 588; x_wconf 78' lang='grc' dir='ltr'>ἐνταῦθα</span> <span class='ocrx_word' id='word_1_451' title='bbox 1591 561 1711 597; x_wconf 86' lang='grc' dir='ltr'>βιώσεως</span> <span class='ocrx_word' id='word_1_452' title='bbox 1724 562 1819 598; x_wconf 76' lang='grc' dir='ltr'>ὖνησίς</span> 
     </span>
    </p>
   </div>
   <div class='ocr_carea' id='block_1_66' title="bbox 1026 607 1818 644">
    <p class='ocr_par' dir='ltr' id='par_1_66' title="bbox 1026 607 1818 644">
     <span class='ocr_line' id='line_1_67' title="bbox 1026 607 1818 644; baseline 0.001 -9"><span class='ocrx_word' id='word_1_453' title='bbox 1026 609 1085 635; x_wconf 80' lang='grc' dir='ltr'>ἐστι</span> <span class='ocrx_word' id='word_1_454' title='bbox 1110 608 1158 635; x_wconf 76' lang='grc' dir='ltr'>καὶ</span> <span class='ocrx_word' id='word_1_455' title='bbox 1187 607 1304 643; x_wconf 80' lang='grc' dir='ltr'>ὠφέλεια</span> <span class='ocrx_word' id='word_1_456' title='bbox 1329 609 1362 643; x_wconf 81' lang='grc' dir='ltr'>τῇ</span> <span class='ocrx_word' id='word_1_457' title='bbox 1390 608 1474 643; x_wconf 72' lang='grc' dir='ltr'>ψυχῇ.</span> <span class='ocrx_word' id='word_1_458' title='bbox 1493 607 1578 635; x_wconf 88' lang='grc' dir='ltr'>Τοῦτο</span> <span class='ocrx_word' id='word_1_459' title='bbox 1593 609 1625 644; x_wconf 84' lang='grc' dir='ltr'>δὴ</span> <span class='ocrx_word' id='word_1_460' title='bbox 1649 608 1818 641; x_wconf 73' lang='grc' dir='ltr'>καίαὐτδςὸ</span> 
     </span>
    </p>
   </div>
   <div class='ocr_carea' id='block_1_67' title="bbox 1026 654 1818 690">
    <p class='ocr_par' dir='ltr' id='par_1_67' title="bbox 1026 654 1818 690">
     <span class='ocr_line' id='line_1_68' title="bbox 1026 654 1818 690; baseline 0 -8"><span class='ocrx_word' id='word_1_461' title='bbox 1026 654 1162 690; x_wconf 75' lang='grc' dir='ltr'>ἄφθαρτος</span> <span class='ocrx_word' id='word_1_462' title='bbox 1189 655 1236 681; x_wconf 75' lang='grc' dir='ltr'><strong>καὶ</strong></span> <span class='ocrx_word' id='word_1_463' title='bbox 1263 655 1396 687; x_wconf 77' lang='grc' dir='ltr'>ἀθάνατος</span> <span class='ocrx_word' id='word_1_464' title='bbox 1416 655 1463 682; x_wconf 82' lang='grc' dir='ltr'><strong>τοῦ</strong></span> <span class='ocrx_word' id='word_1_465' title='bbox 1479 654 1546 682; x_wconf 87' lang='grc' dir='ltr'>Θεοῦ</span> <span class='ocrx_word' id='word_1_466' title='bbox 1566 655 1643 689; x_wconf 81' lang='grc' dir='ltr'>λόγος</span> <span class='ocrx_word' id='word_1_467' title='bbox 1659 656 1727 682; x_wconf 78' lang='grc' dir='ltr'>πᾶσι</span> <span class='ocrx_word' id='word_1_468' title='bbox 1742 656 1818 688; x_wconf 81' lang='grc' dir='ltr'>λαοῖς</span> 
     </span>
    </p>
   </div>
   <div class='ocr_carea' id='block_1_68' title="bbox 1027 701 1817 737">
    <p class='ocr_par' dir='ltr' id='par_1_68' title="bbox 1027 701 1817 737">
     <span class='ocr_line' id='line_1_69' title="bbox 1027 701 1817 737; baseline 0 -9"><span class='ocrx_word' id='word_1_469' title='bbox 1027 701 1114 737; x_wconf 75' lang='grc' dir='ltr'>ἐμϐοᾷ</span> <span class='ocrx_word' id='word_1_470' title='bbox 1138 702 1185 728; x_wconf 78' lang='grc' dir='ltr'>καὶ</span> <span class='ocrx_word' id='word_1_471' title='bbox 1211 702 1385 736; x_wconf 81' lang='grc' dir='ltr'>συγκαλεῖται</span> <span class='ocrx_word' id='word_1_472' title='bbox 1396 710 1402 717; x_wconf 94' lang='grc'><strong>·</strong></span> <span class='ocrx_word' id='word_1_473' title='bbox 1421 701 1500 737; x_wconf 85' lang='grc' dir='ltr'>Δεῦρ¹</span> <span class='ocrx_word' id='word_1_474' title='bbox 1518 701 1568 736; x_wconf 70' lang='lat' dir='ltr'><strong>ira,</strong></span> <span class='ocrx_word' id='word_1_475' title='bbox 1584 702 1696 735; x_wconf 79' lang='grc' dir='ltr'>πάντες,</span> <span class='ocrx_word' id='word_1_476' title='bbox 1714 702 1817 734; x_wconf 75' lang='grc' dir='ltr'>ἔλθετε,</span> 
     </span>
    </p>
   </div>
   <div class='ocr_carea' id='block_1_69' title="bbox 1027 747 1817 783">
    <p class='ocr_par' dir='ltr' id='par_1_69' title="bbox 1027 747 1817 783">
     <span class='ocr_line' id='line_1_70' title="bbox 1027 747 1817 783; baseline 0 -10"><span class='ocrx_word' id='word_1_477' title='bbox 1027 747 1095 782; x_wconf 72' lang='grc' dir='ltr'>πρὸς</span> <span class='ocrx_word' id='word_1_478' title='bbox 1110 747 1159 782; x_wconf 72' lang='grc' dir='ltr'><strong>τὴν</strong></span> <span class='ocrx_word' id='word_1_479' title='bbox 1171 747 1220 782; x_wconf 81' lang='grc' dir='ltr'>τῆς</span> <span class='ocrx_word' id='word_1_480' title='bbox 1233 747 1430 783; x_wconf 75' lang='grc' dir='ltr'>ὑπερουρανίου</span> <span class='ocrx_word' id='word_1_481' title='bbox 1449 747 1563 782; x_wconf 77' lang='grc' dir='ltr'>Τριάδος</span> <span class='ocrx_word' id='word_1_482' title='bbox 1581 748 1730 782; x_wconf 79' lang='grc' dir='ltr'>ἐπίγνωσιν</span> <span class='ocrx_word' id='word_1_483' title='bbox 1745 747 1817 773; x_wconf 76' lang='grc' dir='ltr'>ἐπεί-</span> 
     </span>
    </p>
   </div>
   <div class='ocr_carea' id='block_1_70' title="bbox 1027 792 1817 828">
    <p class='ocr_par' dir='ltr' id='par_1_70' title="bbox 1027 792 1817 828">
     <span class='ocr_line' id='line_1_71' title="bbox 1027 792 1817 828; baseline 0 -9"><span class='ocrx_word' id='word_1_484' title='bbox 1027 792 1118 827; x_wconf 75' lang='grc' dir='ltr'>γεσθε,</span> <span class='ocrx_word' id='word_1_485' title='bbox 1132 793 1179 819; x_wconf 79' lang='grc' dir='ltr'>καὶ</span> <span class='ocrx_word' id='word_1_486' title='bbox 1198 792 1286 820; x_wconf 73' lang='grc' dir='ltr'>πάντα</span> <span class='ocrx_word' id='word_1_487' title='bbox 1308 793 1353 819; x_wconf 77' lang='grc' dir='ltr'><strong>τὸν</strong></span> <span class='ocrx_word' id='word_1_488' title='bbox 1372 793 1474 828; x_wconf 83' lang='grc' dir='ltr'>κόσμον</span> <span class='ocrx_word' id='word_1_489' title='bbox 1490 793 1537 820; x_wconf 84' lang='grc' dir='ltr'><strong>καὶ</strong></span> <span class='ocrx_word' id='word_1_490' title='bbox 1549 793 1582 820; x_wconf 82' lang='grc' dir='ltr'><strong>τὰ</strong></span> <span class='ocrx_word' id='word_1_491' title='bbox 1596 794 1625 819; x_wconf 78' lang='grc' dir='ltr'><strong>ἐν</strong></span> <span class='ocrx_word' id='word_1_492' title='bbox 1636 793 1712 828; x_wconf 82' lang='grc' dir='ltr'>αὐτῷ</span> <span class='ocrx_word' id='word_1_493' title='bbox 1722 793 1760 825; x_wconf 79' lang='grc' dir='ltr'>ὡς</span> <span class='ocrx_word' id='word_1_494' title='bbox 1771 793 1817 820; x_wconf 76' lang='grc' dir='ltr'>ἁλ-</span> 
     </span>
    </p>
   </div>
   <div class='ocr_carea' id='block_1_71' title="bbox 1026 839 1817 876">
    <p class='ocr_par' dir='ltr' id='par_1_71' title="bbox 1026 839 1817 876">
     <span class='ocr_line' id='line_1_72' title="bbox 1026 839 1817 876; baseline 0.001 -11"><span class='ocrx_word' id='word_1_495' title='bbox 1026 839 1120 874; x_wconf 80' lang='grc' dir='ltr'>λότρια</span> <span class='ocrx_word' id='word_1_496' title='bbox 1136 839 1200 865; x_wconf 72' lang='grc' dir='ltr'>ὅντα</span> <span class='ocrx_word' id='word_1_497' title='bbox 1210 839 1432 875; x_wconf 77' lang='grc' dir='ltr'>ὑπερϐαίνοντες,</span> <span class='ocrx_word' id='word_1_498' title='bbox 1450 840 1582 874; x_wconf 74' lang='grc' dir='ltr'>διαλόγου</span> <span class='ocrx_word' id='word_1_499' title='bbox 1601 841 1648 867; x_wconf 72' lang='grc' dir='ltr'>καὶ</span> <span class='ocrx_word' id='word_1_500' title='bbox 1659 839 1775 876; x_wconf 79' lang='grc' dir='ltr'><strong>θεωρίας</strong></span> <span class='ocrx_word' id='word_1_501' title='bbox 1786 839 1817 866; x_wconf 77' lang='grc' dir='ltr'>τὸ</span> 
     </span>
    </p>
   </div>
   <div class='ocr_carea' id='block_1_72' title="bbox 1026 885 1445 922">
    <p class='ocr_par' dir='ltr' id='par_1_72' title="bbox 1026 885 1445 922">
     <span class='ocr_line' id='line_1_73' title="bbox 1026 885 1445 922; baseline -0.002 -9"><span class='ocrx_word' id='word_1_502' title='bbox 1026 886 1158 922; x_wconf 83' lang='grc' dir='ltr'>ὑμέτερον</span> <span class='ocrx_word' id='word_1_503' title='bbox 1172 885 1340 922; x_wconf 78' lang='grc' dir='ltr'>ὲκζητὴσατε</span> <span class='ocrx_word' id='word_1_504' title='bbox 1354 885 1445 913; x_wconf 80' lang='grc' dir='ltr'>καλόν.</span> 
     </span>
    </p>
   </div>
   <div class='ocr_carea' id='block_1_73' title="bbox 1025 963 1815 999">
    <p class='ocr_par' dir='ltr' id='par_1_73' title="bbox 1025 963 1815 999">
     <span class='ocr_line' id='line_1_74' title="bbox 1025 963 1815 999; baseline 0.003 -9"><span class='ocrx_word' id='word_1_505' title='bbox 1025 964 1059 990; x_wconf 75' lang='grc'><strong>53</strong></span> <span class='ocrx_word' id='word_1_506' title='bbox 1073 963 1168 990; x_wconf 81' lang='grc' dir='ltr'><strong>θέσθε</strong></span> <span class='ocrx_word' id='word_1_507' title='bbox 1195 964 1278 996; x_wconf 80' lang='grc' dir='ltr'><em>νόον,</em></span> <span class='ocrx_word' id='word_1_508' title='bbox 1293 963 1387 996; x_wconf 82' lang='grc' dir='ltr'><strong>,βιότῳ</strong></span> <span class='ocrx_word' id='word_1_509' title='bbox 1411 963 1470 998; x_wconf 80' lang='grc' dir='ltr'><strong>μὲν</strong></span> <span class='ocrx_word' id='word_1_510' title='bbox 1495 964 1588 997; x_wconf 80' lang='grc' dir='ltr'><strong>ὅσους</strong></span> <span class='ocrx_word' id='word_1_511' title='bbox 1608 963 1700 999; x_wconf 75' lang='grc' dir='ltr'>γάμος</span> <span class='ocrx_word' id='word_1_512' title='bbox 1723 964 1815 999; x_wconf 73' lang='grc' dir='ltr'><em>ἁγνὸς</em></span> 
     </span>
    </p>
   </div>
   <div class='ocr_carea' id='block_1_74' title="bbox 1026 1000 1780 1071">
    <p class='ocr_par' dir='ltr' id='par_1_74' title="bbox 1026 1000 1780 1071">
     <span class='ocr_line' id='line_1_75' title="bbox 1026 1000 1780 1071; baseline 0.001 -10"><span class='ocrx_word' id='word_1_513' title='bbox 1026 1034 1059 1061; x_wconf 66' lang='lat' dir='ltr'><strong>3i</strong></span> <span class='ocrx_word' id='word_1_514' title='bbox 1110 1034 1220 1067; x_wconf 79' lang='grc' dir='ltr'><strong>Ληνοῗς</strong></span> <span class='ocrx_word' id='word_1_515' title='bbox 1233 1035 1386 1068; x_wconf 60' lang='grc' dir='ltr'>ρι’γηανίαις</span> <span class='ocrx_word' id='word_1_516' title='bbox 1405 1035 1532 1062; x_wconf 76' lang='grc' dir='ltr'>πλείονα</span> <span class='ocrx_word' id='word_1_517' title='bbox 1547 1000 1780 1071; x_wconf 53' lang='grc' dir='ltr'><strong>παρῖζεν-[ἐίῗέῗῖ</strong></span> 
     </span>
    </p>
   </div>
   <div class='ocr_carea' id='block_1_75' title="bbox 1060 1135 1814 1172">
    <p class='ocr_par' dir='ltr' id='par_1_75' title="bbox 1060 1135 1814 1172">
     <span class='ocr_line' id='line_1_76' title="bbox 1060 1135 1814 1172; baseline 0.004 -11"><span class='ocrx_word' id='word_1_518' title='bbox 1060 1135 1159 1162; x_wconf 85' lang='grc' dir='ltr'>Τοῦτον</span> <span class='ocrx_word' id='word_1_519' title='bbox 1186 1135 1251 1170; x_wconf 84' lang='grc' dir='ltr'>ὑμῖν</span> <span class='ocrx_word' id='word_1_520' title='bbox 1265 1135 1310 1162; x_wconf 83' lang='grc' dir='ltr'><strong>τὸν</strong></span> <span class='ocrx_word' id='word_1_521' title='bbox 1329 1135 1406 1169; x_wconf 87' lang='grc' dir='ltr'>λόγον</span> <span class='ocrx_word' id='word_1_522' title='bbox 1421 1135 1546 1162; x_wconf 76' lang='grc' dir='ltr'><strong>ἐνθέσθαι</strong></span> <span class='ocrx_word' id='word_1_523' title='bbox 1562 1135 1692 1172; x_wconf 78' lang='grc' dir='ltr'>βούλομαι</span> <span class='ocrx_word' id='word_1_524' title='bbox 1714 1137 1754 1172; x_wconf 84' lang='grc' dir='ltr'>τῷ</span> <span class='ocrx_word' id='word_1_525' title='bbox 1767 1137 1814 1172; x_wconf 87' lang='grc' dir='ltr'><strong>νῷ,</strong></span> 
     </span>
    </p>
   </div>
   <div class='ocr_carea' id='block_1_76' title="bbox 1025 1181 1814 1219">
    <p class='ocr_par' dir='ltr' id='par_1_76' title="bbox 1025 1181 1814 1219">
     <span class='ocr_line' id='line_1_77' title="bbox 1025 1181 1814 1219; baseline 0.003 -11"><span class='ocrx_word' id='word_1_526' title='bbox 1025 1181 1073 1208; x_wconf 79' lang='grc' dir='ltr'>καὶ</span> <span class='ocrx_word' id='word_1_527' title='bbox 1090 1181 1191 1216; x_wconf 80' lang='grc' dir='ltr'>ταύτην</span> <span class='ocrx_word' id='word_1_528' title='bbox 1206 1182 1267 1213; x_wconf 81' lang='grc' dir='ltr'>ταῖς</span> <span class='ocrx_word' id='word_1_529' title='bbox 1281 1181 1427 1216; x_wconf 83' lang='grc' dir='ltr'>ὑμετέραις</span> <span class='ocrx_word' id='word_1_530' title='bbox 1437 1182 1560 1217; x_wconf 79' lang='grc' dir='ltr'><strong>καρδίαις</strong></span> <span class='ocrx_word' id='word_1_531' title='bbox 1572 1183 1751 1218; x_wconf 83' lang='grc' dir='ltr'>ὲνωτισθῆναι</span> <span class='ocrx_word' id='word_1_532' title='bbox 1766 1184 1814 1219; x_wconf 81' lang='grc' dir='ltr'><strong>τὴν</strong></span> 
     </span>
    </p>
   </div>
   <div class='ocr_carea' id='block_1_77' title="bbox 1027 1226 1816 1265">
    <p class='ocr_par' dir='ltr' id='par_1_77' title="bbox 1027 1226 1816 1265">
     <span class='ocr_line' id='line_1_78' title="bbox 1027 1226 1816 1265; baseline 0.003 -12"><span class='ocrx_word' id='word_1_533' title='bbox 1027 1226 1136 1262; x_wconf 81' lang='grc' dir='ltr'>βουλήν.</span> <span class='ocrx_word' id='word_1_534' title='bbox 1150 1227 1248 1258; x_wconf 81' lang='grc' dir='ltr'>Ὀσους</span> <span class='ocrx_word' id='word_1_535' title='bbox 1262 1227 1310 1262; x_wconf 84' lang='grc' dir='ltr'><strong>μὲν</strong></span> <span class='ocrx_word' id='word_1_536' title='bbox 1325 1227 1406 1261; x_wconf 82' lang='grc' dir='ltr'>ἁγνὸς</span> <span class='ocrx_word' id='word_1_537' title='bbox 1416 1227 1505 1262; x_wconf 84' lang='grc' dir='ltr'><strong>γάμος</strong></span> <span class='ocrx_word' id='word_1_538' title='bbox 1523 1228 1570 1254; x_wconf 71' lang='grc' dir='ltr'><strong>καὶ</strong></span> <span class='ocrx_word' id='word_1_539' title='bbox 1587 1227 1698 1264; x_wconf 68' lang='grc' dir='ltr'>ἔννομος</span> <span class='ocrx_word' id='word_1_540' title='bbox 1711 1229 1751 1264; x_wconf 81' lang='grc' dir='ltr'>τῷ</span> <span class='ocrx_word' id='word_1_541' title='bbox 1768 1229 1816 1265; x_wconf 87' lang='grc' dir='ltr'><strong>βίῳ</strong></span> 
     </span>
    </p>
   </div>
   <div class='ocr_carea' id='block_1_78' title="bbox 1026 1271 1814 1311">
    <p class='ocr_par' dir='ltr' id='par_1_78' title="bbox 1026 1271 1814 1311">
     <span class='ocr_line' id='line_1_79' title="bbox 1026 1271 1814 1311; baseline 0.005 -13"><span class='ocrx_word' id='word_1_542' title='bbox 1026 1271 1180 1307; x_wconf 82' lang='grc' dir='ltr'><strong>συνέδησεν,</strong></span> <span class='ocrx_word' id='word_1_543' title='bbox 1209 1273 1270 1299; x_wconf 79' lang='grc' dir='ltr'>ἐπεὶ</span> <span class='ocrx_word' id='word_1_544' title='bbox 1293 1273 1329 1308; x_wconf 82' lang='grc' dir='ltr'><strong>μὴ</strong></span> <span class='ocrx_word' id='word_1_545' title='bbox 1344 1273 1408 1308; x_wconf 77' lang='grc' dir='ltr'>ῥᾷον</span> <span class='ocrx_word' id='word_1_546' title='bbox 1430 1273 1595 1301; x_wconf 77' lang='grc' dir='ltr'><strong>ἀπολύεσθαι</strong></span> <span class='ocrx_word' id='word_1_547' title='bbox 1620 1275 1674 1301; x_wconf 80' lang='grc' dir='ltr'>τῶν</span> <span class='ocrx_word' id='word_1_548' title='bbox 1697 1275 1814 1311; x_wconf 76' lang='grc' dir='ltr'>δεσμῶν,</span> 
     </span>
    </p>
   </div>
   <div class='ocr_carea' id='block_1_79' title="bbox 1025 1318 1814 1357">
    <p class='ocr_par' dir='ltr' id='par_1_79' title="bbox 1025 1318 1814 1357">
     <span class='ocr_line' id='line_1_80' title="bbox 1025 1318 1814 1357; baseline 0.005 -13"><span class='ocrx_word' id='word_1_549' title='bbox 1025 1320 1086 1350; x_wconf 79' lang='grc' dir='ltr'>ταῖς</span> <span class='ocrx_word' id='word_1_550' title='bbox 1101 1318 1239 1354; x_wconf 80' lang='grc' dir='ltr'>οὐρανίαις</span> <span class='ocrx_word' id='word_1_551' title='bbox 1256 1319 1346 1354; x_wconf 79' lang='grc' dir='ltr'>ληνοῖς</span> <span class='ocrx_word' id='word_1_552' title='bbox 1361 1319 1409 1346; x_wconf 76' lang='grc' dir='ltr'><strong>καὶ</strong></span> <span class='ocrx_word' id='word_1_553' title='bbox 1422 1321 1482 1351; x_wconf 86' lang='grc' dir='ltr'>ταῖς</span> <span class='ocrx_word' id='word_1_554' title='bbox 1496 1320 1543 1346; x_wconf 82' lang='grc' dir='ltr'><strong>τοῦ</strong></span> <span class='ocrx_word' id='word_1_555' title='bbox 1558 1320 1626 1347; x_wconf 83' lang='grc' dir='ltr'><strong>Θεοῦ</strong></span> <span class='ocrx_word' id='word_1_556' title='bbox 1641 1321 1814 1357; x_wconf 80' lang='grc' dir='ltr'>Ἐκκλησίαις</span> 
     </span>
    </p>
   </div>
   <div class='ocr_carea' id='block_1_80' title="bbox 1028 1365 1813 1404">
    <p class='ocr_par' dir='ltr' id='par_1_80' title="bbox 1028 1365 1813 1404">
     <span class='ocr_line' id='line_1_81' title="bbox 1028 1365 1813 1404; baseline 0.005 -13"><span class='ocrx_word' id='word_1_557' title='bbox 1028 1365 1099 1392; x_wconf 79' lang='grc' dir='ltr'>κατὰ</span> <span class='ocrx_word' id='word_1_558' title='bbox 1110 1365 1236 1392; x_wconf 77' lang='grc' dir='ltr'>τοσοῦτον</span> <span class='ocrx_word' id='word_1_559' title='bbox 1251 1365 1361 1393; x_wconf 77' lang='grc' dir='ltr'>πλείονα</span> <span class='ocrx_word' id='word_1_560' title='bbox 1371 1368 1557 1402; x_wconf 79' lang='grc' dir='ltr'>καρποφορεῖν</span> <span class='ocrx_word' id='word_1_561' title='bbox 1573 1367 1697 1402; x_wconf 78' lang='grc' dir='ltr'>ὀφείλετε</span> <span class='ocrx_word' id='word_1_562' title='bbox 1711 1369 1813 1404; x_wconf 80' lang='grc' dir='ltr'><strong>Κυρίῳ,</strong></span> 
     </span>
    </p>
   </div>
   <div class='ocr_carea' id='block_1_81' title="bbox 1027 1410 1814 1447">
    <p class='ocr_par' dir='ltr' id='par_1_81' title="bbox 1027 1410 1814 1447">
     <span class='ocr_line' id='line_1_82' title="bbox 1027 1410 1814 1447; baseline 0.004 -10"><span class='ocrx_word' id='word_1_563' title='bbox 1027 1410 1089 1438; x_wconf 81' lang='grc' dir='ltr'>καθ’</span> <span class='ocrx_word' id='word_1_564' title='bbox 1120 1411 1182 1438; x_wconf 84' lang='grc' dir='ltr'>ὅσον</span> <span class='ocrx_word' id='word_1_565' title='bbox 1210 1411 1258 1438; x_wconf 79' lang='grc' dir='ltr'>καὶ</span> <span class='ocrx_word' id='word_1_566' title='bbox 1273 1411 1393 1439; x_wconf 83' lang='grc' dir='ltr'>πλεόνων</span> <span class='ocrx_word' id='word_1_567' title='bbox 1424 1412 1489 1447; x_wconf 86' lang='grc' dir='ltr'>ὑμῖν</span> <span class='ocrx_word' id='word_1_568' title='bbox 1505 1412 1614 1447; x_wconf 83' lang='grc' dir='ltr'>μέτεστι</span> <span class='ocrx_word' id='word_1_569' title='bbox 1634 1413 1689 1439; x_wconf 82' lang='grc' dir='ltr'><strong>τῶν</strong></span> <span class='ocrx_word' id='word_1_570' title='bbox 1702 1414 1757 1440; x_wconf 82' lang='grc' dir='ltr'><strong>ἀπὺ</strong></span> <span class='ocrx_word' id='word_1_571' title='bbox 1769 1413 1814 1440; x_wconf 84' lang='grc' dir='ltr'><strong>τοῦ</strong></span> 
     </span>
    </p>
   </div>
   <div class='ocr_carea' id='block_1_82' title="bbox 1028 1457 1816 1494">
    <p class='ocr_par' dir='ltr' id='par_1_82' title="bbox 1028 1457 1816 1494">
     <span class='ocr_line' id='line_1_83' title="bbox 1028 1457 1816 1494; baseline 0.004 -10"><span class='ocrx_word' id='word_1_572' title='bbox 1028 1457 1131 1493; x_wconf 81' lang='grc' dir='ltr'><strong>κόσμου</strong></span> <span class='ocrx_word' id='word_1_573' title='bbox 1157 1457 1340 1492; x_wconf 82' lang='grc' dir='ltr'>ἀγαθῶν.Ἔκ</span> <span class='ocrx_word' id='word_1_574' title='bbox 1362 1466 1391 1484; x_wconf 85' lang='grc' dir='ltr'><strong>τε</strong></span> <span class='ocrx_word' id='word_1_575' title='bbox 1412 1458 1467 1493; x_wconf 85' lang='grc' dir='ltr'>γὰρ</span> <span class='ocrx_word' id='word_1_576' title='bbox 1487 1459 1541 1484; x_wconf 80' lang='grc' dir='ltr'>τῶν</span> <span class='ocrx_word' id='word_1_577' title='bbox 1557 1459 1700 1494; x_wconf 81' lang='grc' dir='ltr'>φυομένων</span> <span class='ocrx_word' id='word_1_578' title='bbox 1715 1459 1816 1487; x_wconf 75' lang='grc' dir='ltr'>τέκνων</span> 
     </span>
    </p>
   </div>
   <div class='ocr_carea' id='block_1_83' title="bbox 1028 1504 1816 1541">
    <p class='ocr_par' dir='ltr' id='par_1_83' title="bbox 1028 1504 1816 1541">
     <span class='ocr_line' id='line_1_84' title="bbox 1028 1504 1816 1541; baseline 0.004 -10"><span class='ocrx_word' id='word_1_579' title='bbox 1028 1505 1057 1537; x_wconf 76' lang='grc' dir='ltr'><strong>ἐξ</strong></span> <span class='ocrx_word' id='word_1_580' title='bbox 1072 1504 1160 1540; x_wconf 79' lang='grc' dir='ltr'>ὑμῶν,</span> <span class='ocrx_word' id='word_1_581' title='bbox 1179 1504 1210 1531; x_wconf 75' lang='grc' dir='ltr'>ἐκ</span> <span class='ocrx_word' id='word_1_582' title='bbox 1220 1513 1250 1531; x_wconf 81' lang='grc' dir='ltr'><strong>τε</strong></span> <span class='ocrx_word' id='word_1_583' title='bbox 1269 1504 1322 1532; x_wconf 81' lang='grc' dir='ltr'><strong>τῶν</strong></span> <span class='ocrx_word' id='word_1_584' title='bbox 1342 1504 1396 1532; x_wconf 83' lang='grc' dir='ltr'><strong>ἀπὸ</strong></span> <span class='ocrx_word' id='word_1_585' title='bbox 1407 1506 1458 1540; x_wconf 81' lang='grc' dir='ltr'>τῆς</span> <span class='ocrx_word' id='word_1_586' title='bbox 1471 1505 1524 1540; x_wconf 89' lang='grc' dir='ltr'><strong>γῆς</strong></span> <span class='ocrx_word' id='word_1_587' title='bbox 1539 1506 1759 1541; x_wconf 86' lang='grc' dir='ltr'>περιουσιασμῶν</span> <span class='ocrx_word' id='word_1_588' title='bbox 1771 1507 1816 1534; x_wconf 77' lang='grc' dir='ltr'><strong>καὶ</strong></span> 
     </span>
    </p>
   </div>
   <div class='ocr_carea' id='block_1_84' title="bbox 1027 1551 1816 1587">
    <p class='ocr_par' dir='ltr' id='par_1_84' title="bbox 1027 1551 1816 1587">
     <span class='ocr_line' id='line_1_85' title="bbox 1027 1551 1816 1587; baseline 0.003 -10"><span class='ocrx_word' id='word_1_589' title='bbox 1027 1551 1078 1586; x_wconf 84' lang='grc' dir='ltr'>τῆς</span> <span class='ocrx_word' id='word_1_590' title='bbox 1102 1551 1156 1578; x_wconf 84' lang='grc' dir='ltr'>τῶν</span> <span class='ocrx_word' id='word_1_591' title='bbox 1178 1551 1292 1587; x_wconf 82' lang='grc' dir='ltr'>καρπῶν</span> <span class='ocrx_word' id='word_1_592' title='bbox 1314 1552 1442 1578; x_wconf 78' lang='grc' dir='ltr'>ἁπάντων</span> <span class='ocrx_word' id='word_1_593' title='bbox 1464 1552 1600 1584; x_wconf 78' lang='grc' dir='ltr'>ποικιλίας</span> <span class='ocrx_word' id='word_1_594' title='bbox 1631 1552 1665 1578; x_wconf 76' lang='grc' dir='ltr'>τὰ</span> <span class='ocrx_word' id='word_1_595' title='bbox 1688 1552 1816 1579; x_wconf 76' lang='grc' dir='ltr'>κάλλιστα</span> 
     </span>
    </p>
   </div>
   <div class='ocr_carea' id='block_1_85' title="bbox 1030 1597 1816 1633">
    <p class='ocr_par' dir='ltr' id='par_1_85' title="bbox 1030 1597 1816 1633">
     <span class='ocr_line' id='line_1_86' title="bbox 1030 1597 1816 1633; baseline 0.001 -9"><span class='ocrx_word' id='word_1_596' title='bbox 1030 1598 1192 1633; x_wconf 79' lang='grc' dir='ltr'>προσφέρειν</span> <span class='ocrx_word' id='word_1_597' title='bbox 1208 1597 1255 1624; x_wconf 82' lang='grc' dir='ltr'><strong>καὶ</strong></span> <span class='ocrx_word' id='word_1_598' title='bbox 1282 1598 1459 1633; x_wconf 85' lang='grc' dir='ltr'>καρποδοτεῖν</span> <span class='ocrx_word' id='word_1_599' title='bbox 1483 1598 1521 1633; x_wconf 86' lang='grc' dir='ltr'>τῷ</span> <span class='ocrx_word' id='word_1_600' title='bbox 1534 1597 1657 1625; x_wconf 74' lang='grc' dir='ltr'>δεδωκότι</span> <span class='ocrx_word' id='word_1_601' title='bbox 1677 1599 1712 1625; x_wconf 83' lang='grc' dir='ltr'>τὰ</span> <span class='ocrx_word' id='word_1_602' title='bbox 1729 1599 1816 1625; x_wconf 78' lang='grc' dir='ltr'>πάντα</span> 
     </span>
    </p>
   </div>
   <div class='ocr_carea' id='block_1_86' title="bbox 1028 1642 1815 1680">
    <p class='ocr_par' dir='ltr' id='par_1_86' title="bbox 1028 1642 1815 1680">
     <span class='ocr_line' id='line_1_87' title="bbox 1028 1642 1815 1680; baseline 0 -10"><span class='ocrx_word' id='word_1_603' title='bbox 1028 1643 1138 1675; x_wconf 78' lang='grc' dir='ltr'>πάντως</span> <span class='ocrx_word' id='word_1_604' title='bbox 1162 1642 1267 1679; x_wconf 87' lang='grc' dir='ltr'>χρεών·</span> <span class='ocrx_word' id='word_1_605' title='bbox 1288 1644 1350 1670; x_wconf 79' lang='grc' dir='ltr'>ὅσαι</span> <span class='ocrx_word' id='word_1_606' title='bbox 1373 1643 1401 1670; x_wconf 78' lang='grc' dir='ltr'>δὲ</span> <span class='ocrx_word' id='word_1_607' title='bbox 1423 1643 1530 1679; x_wconf 79' lang='grc' dir='ltr'>ἀγαμίᾳ</span> <span class='ocrx_word' id='word_1_608' title='bbox 1555 1645 1602 1670; x_wconf 76' lang='grc' dir='ltr'><strong>καὶ</strong></span> <span class='ocrx_word' id='word_1_609' title='bbox 1617 1644 1752 1680; x_wconf 77' lang='grc' dir='ltr'>παρθενίᾳ</span> <span class='ocrx_word' id='word_1_610' title='bbox 1768 1645 1815 1679; x_wconf 81' lang='grc' dir='ltr'>ζῇν</span> 
     </span>
    </p>
   </div>
   <div class='ocr_carea' id='block_1_87' title="bbox 1028 1689 1815 1725">
    <p class='ocr_par' dir='ltr' id='par_1_87' title="bbox 1028 1689 1815 1725">
     <span class='ocr_line' id='line_1_88' title="bbox 1028 1689 1815 1725; baseline 0.001 -10"><span class='ocrx_word' id='word_1_611' title='bbox 1028 1689 1236 1725; x_wconf 80' lang='grc' dir='ltr'>αἰρετισάμεναι</span> <span class='ocrx_word' id='word_1_612' title='bbox 1252 1689 1346 1725; x_wconf 70' lang='grc' dir='ltr'>ψυχαὶ,</span> <span class='ocrx_word' id='word_1_613' title='bbox 1356 1689 1401 1716; x_wconf 84' lang='grc' dir='ltr'><strong>τὸν</strong></span> <span class='ocrx_word' id='word_1_614' title='bbox 1414 1690 1500 1725; x_wconf 85' lang='grc' dir='ltr'>μέγαν</span> <span class='ocrx_word' id='word_1_615' title='bbox 1518 1689 1565 1716; x_wconf 80' lang='grc' dir='ltr'><strong>τοῦ</strong></span> <span class='ocrx_word' id='word_1_616' title='bbox 1581 1690 1649 1716; x_wconf 83' lang='grc' dir='ltr'>Θεοῦ</span> <span class='ocrx_word' id='word_1_617' title='bbox 1667 1691 1764 1725; x_wconf 82' lang='grc' dir='ltr'><strong>Λόγον,</strong></span> <span class='ocrx_word' id='word_1_618' title='bbox 1779 1691 1815 1722; x_wconf 76' lang='grc' dir='ltr'>ὡς</span> 
     </span>
    </p>
   </div>
   <div class='ocr_carea' id='block_1_88' title="bbox 1028 1735 1815 1771">
    <p class='ocr_par' dir='ltr' id='par_1_88' title="bbox 1028 1735 1815 1771">
     <span class='ocr_line' id='line_1_89' title="bbox 1028 1735 1815 1771; baseline 0.003 -10"><span class='ocrx_word' id='word_1_619' title='bbox 1028 1735 1107 1769; x_wconf 78' lang='grc' dir='ltr'>ἁγναὶ</span> <span class='ocrx_word' id='word_1_620' title='bbox 1122 1735 1227 1770; x_wconf 82' lang='grc' dir='ltr'>νύμφαι</span> <span class='ocrx_word' id='word_1_621' title='bbox 1245 1735 1292 1761; x_wconf 77' lang='grc' dir='ltr'><strong>καὶ</strong></span> <span class='ocrx_word' id='word_1_622' title='bbox 1307 1735 1400 1771; x_wconf 57' lang='lat' dir='ltr'><strong>vespa!</strong></span> <span class='ocrx_word' id='word_1_623' title='bbox 1421 1735 1468 1761; x_wconf 78' lang='grc' dir='ltr'><strong>καὶ</strong></span> <span class='ocrx_word' id='word_1_624' title='bbox 1486 1735 1616 1770; x_wconf 77' lang='grc' dir='ltr'>καθαραὶ,</span> <span class='ocrx_word' id='word_1_625' title='bbox 1630 1735 1724 1762; x_wconf 84' lang='grc' dir='ltr'>τοῦτον</span> <span class='ocrx_word' id='word_1_626' title='bbox 1738 1737 1815 1770; x_wconf 77' lang='grc' dir='ltr'>ἐναγ-</span> 
     </span>
    </p>
   </div>
   <div class='ocr_carea' id='block_1_89' title="bbox 1027 1779 1814 1816">
    <p class='ocr_par' dir='ltr' id='par_1_89' title="bbox 1027 1779 1814 1816">
     <span class='ocr_line' id='line_1_90' title="bbox 1027 1779 1814 1816; baseline 0.003 -10"><span class='ocrx_word' id='word_1_627' title='bbox 1027 1779 1185 1811; x_wconf 84' lang='grc' dir='ltr'>καλίζεσθαι</span> <span class='ocrx_word' id='word_1_628' title='bbox 1194 1780 1361 1814; x_wconf 79' lang='grc' dir='ltr'>προείλεσθε,</span> <span class='ocrx_word' id='word_1_629' title='bbox 1378 1780 1466 1807; x_wconf 78' lang='grc' dir='ltr'>πάντα</span> <span class='ocrx_word' id='word_1_630' title='bbox 1480 1779 1539 1815; x_wconf 86' lang='grc' dir='ltr'><strong>Θεῴ</strong></span> <span class='ocrx_word' id='word_1_631' title='bbox 1555 1780 1715 1816; x_wconf 83' lang='grc' dir='ltr'>προσάγειν,</span> <span class='ocrx_word' id='word_1_632' title='bbox 1729 1782 1814 1808; x_wconf 75' lang='grc' dir='ltr'>πάντα</span> 
     </span>
    </p>
   </div>
   <div class='ocr_carea' id='block_1_90' title="bbox 1027 1824 1814 1862">
    <p class='ocr_par' dir='ltr' id='par_1_90' title="bbox 1027 1824 1814 1862">
     <span class='ocr_line' id='line_1_91' title="bbox 1027 1824 1814 1862; baseline 0.003 -12"><span class='ocrx_word' id='word_1_633' title='bbox 1027 1824 1136 1860; x_wconf 82' lang='grc' dir='ltr'>Χριστῷ</span> <span class='ocrx_word' id='word_1_634' title='bbox 1150 1826 1282 1860; x_wconf 84' lang='grc' dir='ltr'>προσήκει</span> <span class='ocrx_word' id='word_1_635' title='bbox 1301 1826 1496 1860; x_wconf 72' lang='grc' dir='ltr'>καρποφορεῖν,</span> <span class='ocrx_word' id='word_1_636' title='bbox 1508 1825 1591 1861; x_wconf 83' lang='grc' dir='ltr'>μηδὲν</span> <span class='ocrx_word' id='word_1_637' title='bbox 1600 1826 1814 1862; x_wconf 80' lang='grc' dir='ltr'>ὑπολειπομένας</span> 
     </span>
    </p>
   </div>
   <div class='ocr_carea' id='block_1_91' title="bbox 1027 1870 1814 1905">
    <p class='ocr_par' dir='ltr' id='par_1_91' title="bbox 1027 1870 1814 1905">
     <span class='ocr_line' id='line_1_92' title="bbox 1027 1870 1814 1905; baseline 0.004 -9"><span class='ocrx_word' id='word_1_638' title='bbox 1027 1871 1135 1902; x_wconf 80' lang='grc' dir='ltr'>ἑαυταῖς</span> <span class='ocrx_word' id='word_1_639' title='bbox 1150 1878 1157 1886; x_wconf 73' lang='grc' dir='ltr'><strong>ο</strong></span> <span class='ocrx_word' id='word_1_640' title='bbox 1173 1871 1219 1897; x_wconf 70' lang='grc' dir='ltr'>καὶ</span> <span class='ocrx_word' id='word_1_641' title='bbox 1233 1870 1279 1897; x_wconf 81' lang='grc' dir='ltr'>τὸν</span> <span class='ocrx_word' id='word_1_642' title='bbox 1302 1871 1356 1897; x_wconf 79' lang='grc' dir='ltr'><strong>ἀπὸ</strong></span> <span class='ocrx_word' id='word_1_643' title='bbox 1374 1871 1422 1898; x_wconf 86' lang='grc' dir='ltr'><strong>τοῦ</strong></span> <span class='ocrx_word' id='word_1_644' title='bbox 1439 1872 1618 1905; x_wconf 62' lang='grc' dir='ltr'>νοσφίσασθαί</span> <span class='ocrx_word' id='word_1_645' title='bbox 1641 1881 1668 1898; x_wconf 85' lang='grc' dir='ltr'><strong>τι</strong></span> <span class='ocrx_word' id='word_1_646' title='bbox 1695 1873 1814 1900; x_wconf 76' lang='grc' dir='ltr'>κίνδυνον</span> 
     </span>
    </p>
   </div>
   <div class='ocr_carea' id='block_1_92' title="bbox 1027 1916 1745 1953">
    <p class='ocr_par' dir='ltr' id='par_1_92' title="bbox 1027 1916 1745 1953">
     <span class='ocr_line' id='line_1_93' title="bbox 1027 1916 1745 1953; baseline 0.004 -11"><span class='ocrx_word' id='word_1_647' title='bbox 1027 1917 1042 1942; x_wconf 75' lang='grc' dir='ltr'>ὁ</span> <span class='ocrx_word' id='word_1_648' title='bbox 1059 1917 1182 1948; x_wconf 85' lang='grc' dir='ltr'>’Δνανίας</span> <span class='ocrx_word' id='word_1_649' title='bbox 1195 1916 1242 1943; x_wconf 68' lang='grc' dir='ltr'>καὶ</span> <span class='ocrx_word' id='word_1_650' title='bbox 1264 1918 1281 1951; x_wconf 91' lang='grc' dir='ltr'>ἠ</span> <span class='ocrx_word' id='word_1_651' title='bbox 1295 1916 1352 1952; x_wconf 81' lang='grc'>(77)</span> <span class='ocrx_word' id='word_1_652' title='bbox 1369 1917 1512 1953; x_wconf 65' lang='grc' dir='ltr'>Σάπψειρα</span> <span class='ocrx_word' id='word_1_653' title='bbox 1526 1918 1745 1953; x_wconf 74' lang='grc' dir='ltr'>παραδεικνύτω.</span> 
     </span>
    </p>
   </div>
   <div class='ocr_carea' id='block_1_93' title="bbox 1026 1963 1550 1997">
    <p class='ocr_par' dir='ltr' id='par_1_93' title="bbox 1026 1963 1550 1997">
     <span class='ocr_line' id='line_1_94' title="bbox 1026 1963 1550 1997; baseline 0 -8"><span class='ocrx_word' id='word_1_654' title='bbox 1026 1963 1120 1997; x_wconf 78' lang='grc' dir='ltr'>Αἴγλη</span> <span class='ocrx_word' id='word_1_655' title='bbox 1133 1963 1340 1997; x_wconf 70' lang='grc' dir='ltr'>παμφανόωσα</span> <span class='ocrx_word' id='word_1_656' title='bbox 1353 1963 1550 1997; x_wconf 77' lang='grc' dir='ltr'>μονότροπος.</span> 
     </span>
    </p>
   </div>
   <div class='ocr_carea' id='block_1_94' title="bbox 1028 2009 1813 2046">
    <p class='ocr_par' dir='ltr' id='par_1_94' title="bbox 1028 2009 1813 2046">
     <span class='ocr_line' id='line_1_95' title="bbox 1028 2009 1813 2046; baseline 0 -11"><span class='ocrx_word' id='word_1_657' title='bbox 1028 2009 1105 2036; x_wconf 80' lang='grc' dir='ltr'>Πᾶσα</span> <span class='ocrx_word' id='word_1_658' title='bbox 1138 2009 1209 2045; x_wconf 68' lang='grc' dir='ltr'>ψυχή</span> <span class='ocrx_word' id='word_1_659' title='bbox 1245 2009 1405 2046; x_wconf 75' lang='grc' dir='ltr'>μονότροπον</span> <span class='ocrx_word' id='word_1_660' title='bbox 1441 2009 1496 2044; x_wconf 83' lang='grc' dir='ltr'>βίον</span> <span class='ocrx_word' id='word_1_661' title='bbox 1527 2009 1574 2035; x_wconf 76' lang='grc' dir='ltr'><strong>καὶ</strong></span> <span class='ocrx_word' id='word_1_662' title='bbox 1591 2009 1753 2044; x_wconf 78' lang='grc' dir='ltr'>παρθενικὸν</span> <span class='ocrx_word' id='word_1_663' title='bbox 1770 2009 1813 2035; x_wconf 69' lang='grc' dir='ltr'><strong>καὶ</strong></span> 
     </span>
    </p>
   </div>
   <div class='ocr_carea' id='block_1_95' title="bbox 1027 2052 1812 2090">
    <p class='ocr_par' dir='ltr' id='par_1_95' title="bbox 1027 2052 1812 2090">
     <span class='ocr_line' id='line_1_96' title="bbox 1027 2052 1812 2090; baseline 0 -10"><span class='ocrx_word' id='word_1_664' title='bbox 1027 2053 1117 2087; x_wconf 71' lang='grc' dir='ltr'>ἄζυγα</span> <span class='ocrx_word' id='word_1_665' title='bbox 1135 2053 1271 2089; x_wconf 79' lang='grc' dir='ltr'>εὐξαμένη</span> <span class='ocrx_word' id='word_1_666' title='bbox 1296 2052 1335 2088; x_wconf 79' lang='grc' dir='ltr'>τῷ</span> <span class='ocrx_word' id='word_1_667' title='bbox 1347 2053 1441 2089; x_wconf 83' lang='grc' dir='ltr'>Κυρίῳ</span> <span class='ocrx_word' id='word_1_668' title='bbox 1458 2053 1506 2080; x_wconf 66' lang='grc' dir='ltr'>καὶ</span> <span class='ocrx_word' id='word_1_669' title='bbox 1526 2053 1597 2080; x_wconf 76' lang='grc' dir='ltr'>οὕτω</span> <span class='ocrx_word' id='word_1_670' title='bbox 1614 2053 1690 2089; x_wconf 85' lang='grc' dir='ltr'>βιοῦν</span> <span class='ocrx_word' id='word_1_671' title='bbox 1705 2055 1812 2090; x_wconf 86' lang='grc' dir='ltr'>προελο-</span> 
     </span>
    </p>
   </div>
   <div class='ocr_carea' id='block_1_96' title="bbox 1030 2097 1812 2135">
    <p class='ocr_par' dir='ltr' id='par_1_96' title="bbox 1030 2097 1812 2135">
     <span class='ocr_line' id='line_1_97' title="bbox 1030 2097 1812 2135; baseline 0.001 -10"><span class='ocrx_word' id='word_1_672' title='bbox 1030 2098 1108 2134; x_wconf 85' lang='grc' dir='ltr'>μένη,</span> <span class='ocrx_word' id='word_1_673' title='bbox 1138 2097 1220 2133; x_wconf 84' lang='grc' dir='ltr'>αἴγλη</span> <span class='ocrx_word' id='word_1_674' title='bbox 1237 2106 1279 2129; x_wconf 85' lang='grc' dir='ltr'><strong>τις</strong></span> <span class='ocrx_word' id='word_1_675' title='bbox 1302 2098 1349 2125; x_wconf 81' lang='grc' dir='ltr'>καὶ</span> <span class='ocrx_word' id='word_1_676' title='bbox 1365 2097 1504 2133; x_wconf 78' lang='grc' dir='ltr'>φωτισμδς</span> <span class='ocrx_word' id='word_1_677' title='bbox 1520 2099 1669 2134; x_wconf 78' lang='grc' dir='ltr'>παμφανὴς</span> <span class='ocrx_word' id='word_1_678' title='bbox 1683 2101 1739 2131; x_wconf 80' lang='grc' dir='ltr'>τοῖς</span> <span class='ocrx_word' id='word_1_679' title='bbox 1749 2099 1812 2135; x_wconf 81' lang='grc' dir='ltr'>ὀρῶ-</span> 
     </span>
    </p>
   </div>
   <div class='ocr_carea' id='block_1_97' title="bbox 1028 2144 1812 2180">
    <p class='ocr_par' dir='ltr' id='par_1_97' title="bbox 1028 2144 1812 2180">
     <span class='ocr_line' id='line_1_98' title="bbox 1028 2144 1812 2180; baseline 0.001 -9"><span class='ocrx_word' id='word_1_680' title='bbox 1028 2153 1069 2172; x_wconf 88' lang='grc' dir='ltr'><strong>σιν</strong></span> <span class='ocrx_word' id='word_1_681' title='bbox 1086 2145 1188 2180; x_wconf 82' lang='grc' dir='ltr'>ὀφείλει</span> <span class='ocrx_word' id='word_1_682' title='bbox 1207 2144 1449 2172; x_wconf 84' lang='grc' dir='ltr'>καταδείκνυσθαι·</span> <span class='ocrx_word' id='word_1_683' title='bbox 1478 2144 1535 2171; x_wconf 85' lang='grc' dir='ltr'>ἀλλ’</span> <span class='ocrx_word' id='word_1_684' title='bbox 1559 2145 1812 2172; x_wconf 70' lang='grc' dir='ltr'>ἀποδιαστέλλουσαι</span> 
     </span>
    </p>
   </div>
   <div class='ocr_carea' id='block_1_98' title="bbox 1027 2190 1811 2227">
    <p class='ocr_par' dir='ltr' id='par_1_98' title="bbox 1027 2190 1811 2227">
     <span class='ocr_line' id='line_1_99' title="bbox 1027 2190 1811 2227; baseline 0 -9"><span class='ocrx_word' id='word_1_685' title='bbox 1027 2191 1076 2227; x_wconf 81' lang='grc' dir='ltr'>τὴν</span> <span class='ocrx_word' id='word_1_686' title='bbox 1094 2191 1199 2218; x_wconf 78' lang='grc' dir='ltr'>ἑαυτῶν</span> <span class='ocrx_word' id='word_1_687' title='bbox 1213 2190 1285 2225; x_wconf 82' lang='grc' dir='ltr'>ζωὴν</span> <span class='ocrx_word' id='word_1_688' title='bbox 1308 2191 1354 2217; x_wconf 84' lang='grc' dir='ltr'><strong>τοῦ</strong></span> <span class='ocrx_word' id='word_1_689' title='bbox 1371 2191 1474 2226; x_wconf 78' lang='grc' dir='ltr'>κόσμου</span> <span class='ocrx_word' id='word_1_690' title='bbox 1488 2191 1534 2217; x_wconf 69' lang='grc' dir='ltr'><strong>καὶ</strong></span> <span class='ocrx_word' id='word_1_691' title='bbox 1547 2191 1601 2217; x_wconf 84' lang='grc' dir='ltr'><strong>τῶν</strong></span> <span class='ocrx_word' id='word_1_692' title='bbox 1614 2191 1756 2226; x_wconf 84' lang='grc' dir='ltr'>κοσμικῶν</span> <span class='ocrx_word' id='word_1_693' title='bbox 1768 2191 1811 2218; x_wconf 86' lang='grc' dir='ltr'><strong>ἁν-</strong></span> 
     </span>
    </p>
   </div>
   <div class='ocr_carea' id='block_1_99' title="bbox 1028 2237 1810 2273">
    <p class='ocr_par' dir='ltr' id='par_1_99' title="bbox 1028 2237 1810 2273">
     <span class='ocr_line' id='line_1_100' title="bbox 1028 2237 1810 2273; baseline 0 -10"><span class='ocrx_word' id='word_1_694' title='bbox 1028 2237 1145 2273; x_wconf 83' lang='grc' dir='ltr'>θρώπων</span> <span class='ocrx_word' id='word_1_695' title='bbox 1162 2238 1209 2264; x_wconf 71' lang='grc' dir='ltr'>καὶ</span> <span class='ocrx_word' id='word_1_696' title='bbox 1219 2237 1369 2273; x_wconf 81' lang='grc' dir='ltr'>σαρκικῶν,</span> <span class='ocrx_word' id='word_1_697' title='bbox 1381 2237 1419 2269; x_wconf 82' lang='grc' dir='ltr'>ὼς</span> <span class='ocrx_word' id='word_1_698' title='bbox 1436 2237 1530 2273; x_wconf 80' lang='grc' dir='ltr'>πόρρω</span> <span class='ocrx_word' id='word_1_699' title='bbox 1542 2237 1754 2272; x_wconf 77' lang='grc' dir='ltr'>καθιστάμεναι,</span> <span class='ocrx_word' id='word_1_700' title='bbox 1769 2238 1810 2264; x_wconf 75' lang='grc' dir='ltr'>καὶ</span> 
     </span>
    </p>
   </div>
   <div class='ocr_carea' id='block_1_100' title="bbox 1027 2279 1810 2318">
    <p class='ocr_par' dir='ltr' id='par_1_100' title="bbox 1027 2279 1810 2318">
     <span class='ocr_line' id='line_1_101' title="bbox 1027 2279 1810 2318; baseline 0.003 -12"><span class='ocrx_word' id='word_1_701' title='bbox 1027 2279 1075 2311; x_wconf 77' lang='grc' dir='ltr'>τὰς</span> <span class='ocrx_word' id='word_1_702' title='bbox 1088 2280 1154 2315; x_wconf 74' lang='grc' dir='ltr'>πρὸς</span> <span class='ocrx_word' id='word_1_703' title='bbox 1166 2281 1263 2312; x_wconf 79' lang='grc' dir='ltr'>αὐτοὺς</span> <span class='ocrx_word' id='word_1_704' title='bbox 1271 2281 1413 2313; x_wconf 80' lang='grc' dir='ltr'>κοινωνίας</span> <span class='ocrx_word' id='word_1_705' title='bbox 1427 2281 1465 2313; x_wconf 83' lang='grc' dir='ltr'>ὡς</span> <span class='ocrx_word' id='word_1_706' title='bbox 1475 2281 1509 2307; x_wconf 75' lang='grc' dir='ltr'>τὰ</span> <span class='ocrx_word' id='word_1_707' title='bbox 1524 2281 1609 2308; x_wconf 86' lang='grc' dir='ltr'>πολλὰ</span> <span class='ocrx_word' id='word_1_708' title='bbox 1620 2282 1665 2308; x_wconf 76' lang='grc' dir='ltr'>καὶ</span> <span class='ocrx_word' id='word_1_709' title='bbox 1677 2282 1810 2318; x_wconf 72' lang='grc' dir='ltr'>ἐταιρικᾶς</span> 
     </span>
    </p>
   </div>
   <div class='ocr_carea' id='block_1_101' title="bbox 1025 2326 1810 2363">
    <p class='ocr_par' dir='ltr' id='par_1_101' title="bbox 1025 2326 1810 2363">
     <span class='ocr_line' id='line_1_102' title="bbox 1025 2326 1810 2363; baseline 0.004 -11"><span class='ocrx_word' id='word_1_710' title='bbox 1025 2326 1171 2362; x_wconf 79' lang='grc' dir='ltr'>φιλότητας</span> <span class='ocrx_word' id='word_1_711' title='bbox 1185 2327 1356 2354; x_wconf 79' lang='grc' dir='ltr'>ἐκκλίνουσαι</span> <span class='ocrx_word' id='word_1_712' title='bbox 1368 2335 1374 2342; x_wconf 76' lang='grc'><strong><em>³</em></strong></span> <span class='ocrx_word' id='word_1_713' title='bbox 1393 2327 1487 2363; x_wconf 84' lang='grc' dir='ltr'>ὥσπερ</span> <span class='ocrx_word' id='word_1_714' title='bbox 1501 2328 1540 2361; x_wconf 78' lang='grc' dir='ltr'><strong>δὲ,</strong></span> <span class='ocrx_word' id='word_1_715' title='bbox 1552 2328 1630 2363; x_wconf 77' lang='grc' dir='ltr'>φησὶ,</span> <span class='ocrx_word' id='word_1_716' title='bbox 1645 2328 1743 2363; x_wconf 68' lang='grc' dir='ltr'>ψευδὲς</span> <span class='ocrx_word' id='word_1_717' title='bbox 1752 2328 1810 2355; x_wconf 80' lang='grc' dir='ltr'><strong>κάλ-</strong></span> 
     </span>
    </p>
   </div>
   <div class='ocr_carea' id='block_1_102' title="bbox 1023 2372 1810 2409">
    <p class='ocr_par' dir='ltr' id='par_1_102' title="bbox 1023 2372 1810 2409">
     <span class='ocr_line' id='line_1_103' title="bbox 1023 2372 1810 2409; baseline 0.003 -11"><span class='ocrx_word' id='word_1_718' title='bbox 1023 2372 1068 2404; x_wconf 79' lang='grc' dir='ltr'><strong>λος</strong></span> <span class='ocrx_word' id='word_1_719' title='bbox 1085 2372 1211 2407; x_wconf 85' lang='grc' dir='ltr'>σώματος</span> <span class='ocrx_word' id='word_1_720' title='bbox 1227 2374 1274 2400; x_wconf 74' lang='grc' dir='ltr'>καὶ</span> <span class='ocrx_word' id='word_1_721' title='bbox 1288 2373 1452 2409; x_wconf 78' lang='grc' dir='ltr'>ἑφύόριστον</span> <span class='ocrx_word' id='word_1_722' title='bbox 1463 2373 1493 2400; x_wconf 87' lang='grc' dir='ltr'><strong>τδ</strong></span> <span class='ocrx_word' id='word_1_723' title='bbox 1503 2375 1531 2401; x_wconf 75' lang='grc' dir='ltr'>ἐν</span> <span class='ocrx_word' id='word_1_724' title='bbox 1542 2374 1668 2409; x_wconf 75' lang='grc' dir='ltr'>χρώμασι</span> <span class='ocrx_word' id='word_1_725' title='bbox 1685 2374 1810 2406; x_wconf 80' lang='grc' dir='ltr'>διανθιζό-</span> 
     </span>
    </p>
   </div>
   <div class='ocr_carea' id='block_1_103' title="bbox 1025 2418 1808 2455">
    <p class='ocr_par' dir='ltr' id='par_1_103' title="bbox 1025 2418 1808 2455">
     <span class='ocr_line' id='line_1_104' title="bbox 1025 2418 1808 2455; baseline 0.003 -11"><span class='ocrx_word' id='word_1_726' title='bbox 1025 2426 1114 2453; x_wconf 84' lang='grc' dir='ltr'>μενον,</span> <span class='ocrx_word' id='word_1_727' title='bbox 1129 2418 1143 2445; x_wconf 91' lang='grc' dir='ltr'><strong>ὂ</strong></span> <span class='ocrx_word' id='word_1_728' title='bbox 1159 2418 1339 2454; x_wconf 84' lang='grc' dir='ltr'>έταιρίστριαι</span> <span class='ocrx_word' id='word_1_729' title='bbox 1354 2420 1410 2451; x_wconf 82' lang='grc' dir='ltr'>τοῖς</span> <span class='ocrx_word' id='word_1_730' title='bbox 1427 2420 1516 2446; x_wconf 85' lang='grc' dir='ltr'>αὐτῶν</span> <span class='ocrx_word' id='word_1_731' title='bbox 1535 2420 1692 2455; x_wconf 85' lang='grc' dir='ltr'>προσώποις</span> <span class='ocrx_word' id='word_1_732' title='bbox 1704 2420 1808 2448; x_wconf 80' lang='grc' dir='ltr'>ὑπαλεί-</span> 
     </span>
    </p>
   </div>
   <div class='ocr_carea' id='block_1_104' title="bbox 1023 2464 1808 2500">
    <p class='ocr_par' dir='ltr' id='par_1_104' title="bbox 1023 2464 1808 2500">
     <span class='ocr_line' id='line_1_105' title="bbox 1023 2464 1808 2500; baseline 0.006 -11"><span class='ocrx_word' id='word_1_733' title='bbox 1023 2472 1131 2498; x_wconf 81' lang='grc' dir='ltr'>φουσαι,</span> <span class='ocrx_word' id='word_1_734' title='bbox 1143 2464 1206 2496; x_wconf 82' lang='grc' dir='ltr'>τοὺς</span> <span class='ocrx_word' id='word_1_735' title='bbox 1223 2464 1312 2491; x_wconf 86' lang='grc' dir='ltr'>αὐτῶν</span> <span class='ocrx_word' id='word_1_736' title='bbox 1323 2465 1440 2500; x_wconf 79' lang='grc' dir='ltr'>ἐραστὰς</span> <span class='ocrx_word' id='word_1_737' title='bbox 1449 2465 1632 2493; x_wconf 84' lang='grc' dir='ltr'>διαπλανῶσιν</span> <span class='ocrx_word' id='word_1_738' title='bbox 1643 2474 1649 2481; x_wconf 86' lang='grc'><strong>”</strong></span> <span class='ocrx_word' id='word_1_739' title='bbox 1661 2466 1748 2498; x_wconf 76' lang='grc' dir='ltr'>οὕτως</span> <span class='ocrx_word' id='word_1_740' title='bbox 1758 2467 1808 2494; x_wconf 73' lang='grc' dir='ltr'><strong>ἆτ’-</strong></span> 
     </span>
    </p>
   </div>
   <div class='ocr_carea' id='block_1_105' title="bbox 1028 2509 1806 2548">
    <p class='ocr_par' dir='ltr' id='par_1_105' title="bbox 1028 2509 1806 2548">
     <span class='ocr_line' id='line_1_106' title="bbox 1028 2509 1806 2548; baseline 0.005 -13"><span class='ocrx_word' id='word_1_741' title='bbox 1028 2518 1077 2544; x_wconf 89' lang='grc' dir='ltr'><strong>μον</strong></span> <span class='ocrx_word' id='word_1_742' title='bbox 1094 2510 1140 2536; x_wconf 69' lang='grc' dir='ltr'><strong>καὶ</strong></span> <span class='ocrx_word' id='word_1_743' title='bbox 1154 2509 1299 2544; x_wconf 79' lang='grc' dir='ltr'>θεοστυγὲς</span> <span class='ocrx_word' id='word_1_744' title='bbox 1325 2511 1363 2547; x_wconf 83' lang='grc' dir='ltr'>μὴ</span> <span class='ocrx_word' id='word_1_745' title='bbox 1383 2512 1412 2538; x_wconf 83' lang='grc' dir='ltr'>ὲν</span> <span class='ocrx_word' id='word_1_746' title='bbox 1431 2512 1556 2548; x_wconf 84' lang='grc' dir='ltr'>καρδίαις</span> <span class='ocrx_word' id='word_1_747' title='bbox 1573 2512 1806 2548; x_wconf 76' lang='grc' dir='ltr'>Θεοφορουμέναις,</span> 
     </span>
    </p>
   </div>
   <div class='ocr_carea' id='block_1_106' title="bbox 1026 2556 1805 2595">
    <p class='ocr_par' dir='ltr' id='par_1_106' title="bbox 1026 2556 1805 2595">
     <span class='ocr_line' id='line_1_107' title="bbox 1026 2556 1805 2595; baseline 0.004 -13"><span class='ocrx_word' id='word_1_748' title='bbox 1026 2556 1084 2582; x_wconf 77' lang='grc' dir='ltr'>ἀλλ’</span> <span class='ocrx_word' id='word_1_749' title='bbox 1100 2557 1129 2583; x_wconf 80' lang='grc' dir='ltr'>ἐν</span> <span class='ocrx_word' id='word_1_750' title='bbox 1155 2557 1296 2593; x_wconf 77' lang='grc' dir='ltr'>χρώμασιν</span> <span class='ocrx_word' id='word_1_751' title='bbox 1319 2558 1508 2594; x_wconf 79' lang='grc' dir='ltr'>ἀσκουμένων,</span> <span class='ocrx_word' id='word_1_752' title='bbox 1526 2560 1573 2586; x_wconf 78' lang='grc' dir='ltr'>καὶ</span> <span class='ocrx_word' id='word_1_753' title='bbox 1594 2559 1805 2595; x_wconf 54' lang='grc' dir='ltr'>μελανολςορίαις,</span> 
     </span>
    </p>
   </div>
   <div class='ocr_carea' id='block_1_107' title="bbox 1026 2603 1806 2640">
    <p class='ocr_par' dir='ltr' id='par_1_107' title="bbox 1026 2603 1806 2640">
     <span class='ocr_line' id='line_1_108' title="bbox 1026 2603 1806 2640; baseline 0 -11"><span class='ocrx_word' id='word_1_754' title='bbox 1026 2603 1072 2629; x_wconf 77' lang='grc' dir='ltr'>καὶ</span> <span class='ocrx_word' id='word_1_755' title='bbox 1086 2603 1208 2638; x_wconf 85' lang='grc' dir='ltr'>σχήμασι</span> <span class='ocrx_word' id='word_1_756' title='bbox 1220 2603 1308 2638; x_wconf 78' lang='grc' dir='ltr'>ψιλοῖς</span> <span class='ocrx_word' id='word_1_757' title='bbox 1325 2604 1416 2639; x_wconf 78' lang='grc' dir='ltr'>μόνοις</span> <span class='ocrx_word' id='word_1_758' title='bbox 1427 2604 1476 2640; x_wconf 78' lang='grc' dir='ltr'><strong>τὴν</strong></span> <span class='ocrx_word' id='word_1_759' title='bbox 1494 2604 1640 2640; x_wconf 77' lang='grc' dir='ltr'>μοναδικὴν</span> <span class='ocrx_word' id='word_1_760' title='bbox 1653 2604 1752 2640; x_wconf 83' lang='grc' dir='ltr'>ἀρετὴν</span> <span class='ocrx_word' id='word_1_761' title='bbox 1767 2604 1806 2630; x_wconf 72' lang='grc' dir='ltr'><strong>καὶ</strong></span> 
     </span>
    </p>
   </div>
   <div class='ocr_carea' id='block_1_108' title="bbox 1025 2648 1806 2686">
    <p class='ocr_par' dir='ltr' id='par_1_108' title="bbox 1025 2648 1806 2686">
     <span class='ocr_line' id='line_1_109' title="bbox 1025 2648 1806 2686; baseline 0.001 -12"><span class='ocrx_word' id='word_1_762' title='bbox 1025 2648 1115 2675; x_wconf 82' lang='grc' dir='ltr'>πίστιν</span> <span class='ocrx_word' id='word_1_763' title='bbox 1138 2648 1350 2676; x_wconf 76' lang='grc' dir='ltr'>ἐπιδείκνυσθαι.</span> <span class='ocrx_word' id='word_1_764' title='bbox 1374 2650 1466 2677; x_wconf 85' lang='grc' dir='ltr'>Ταῦτα</span> <span class='ocrx_word' id='word_1_765' title='bbox 1494 2650 1548 2686; x_wconf 76' lang='grc' dir='ltr'><strong>γὰρ</strong></span> <span class='ocrx_word' id='word_1_766' title='bbox 1572 2651 1605 2677; x_wconf 82' lang='grc' dir='ltr'><strong>ἂν</strong></span> <span class='ocrx_word' id='word_1_767' title='bbox 1632 2650 1740 2686; x_wconf 76' lang='grc' dir='ltr'>ῥᾳδίως,</span> <span class='ocrx_word' id='word_1_768' title='bbox 1759 2649 1806 2676; x_wconf 76' lang='grc' dir='ltr'><strong>τῶν</strong></span> 
     </span>
    </p>
   </div>
   <div class='ocr_carea' id='block_1_109' title="bbox 1025 2695 1803 2733">
    <p class='ocr_par' dir='ltr' id='par_1_109' title="bbox 1025 2695 1803 2733">
     <span class='ocr_line' id='line_1_110' title="bbox 1025 2695 1803 2733; baseline 0.001 -13"><span class='ocrx_word' id='word_1_769' title='bbox 1025 2695 1246 2730; x_wconf 82' lang='grc' dir='ltr'>ὑποκρινομένων</span> <span class='ocrx_word' id='word_1_770' title='bbox 1257 2696 1425 2724; x_wconf 80' lang='grc' dir='ltr'>ἐκπλυοέντα</span> <span class='ocrx_word' id='word_1_771' title='bbox 1432 2697 1478 2724; x_wconf 75' lang='grc' dir='ltr'>καὶ</span> <span class='ocrx_word' id='word_1_772' title='bbox 1489 2697 1683 2729; x_wconf 80' lang='grc' dir='ltr'>ἀποξεσθέντα,</span> <span class='ocrx_word' id='word_1_773' title='bbox 1694 2695 1742 2733; x_wconf 78' lang='grc' dir='ltr'>τὴν</span> <span class='ocrx_word' id='word_1_774' title='bbox 1750 2696 1803 2722; x_wconf 85' lang='grc' dir='ltr'>λαν-</span> 
     </span>
    </p>
   </div>
   <div class='ocr_carea' id='block_1_110' title="bbox 186 2741 1805 2780">
    <p class='ocr_par' dir='ltr' id='par_1_110' title="bbox 186 2741 1805 2780">
     <span class='ocr_line' id='line_1_111' title="bbox 186 2741 1805 2780; baseline -0.002 -10"><span class='ocrx_word' id='word_1_775' title='bbox 186 2745 317 2772; x_wconf 82' lang='grc' dir='ltr'>θάνουσαν</span> <span class='ocrx_word' id='word_1_776' title='bbox 337 2743 411 2770; x_wconf 78' lang='grc' dir='ltr'>ἔνδον</span> <span class='ocrx_word' id='word_1_777' title='bbox 440 2743 632 2778; x_wconf 81' lang='grc' dir='ltr'>ἀσχημοσύνην</span> <span class='ocrx_word' id='word_1_778' title='bbox 653 2741 802 2776; x_wconf 77' lang='grc' dir='ltr'>ἀπελέγξαι</span> <span class='ocrx_word' id='word_1_779' title='bbox 816 2751 822 2757; x_wconf 93' lang='grc'><strong>·</strong></span> <span class='ocrx_word' id='word_1_780' title='bbox 838 2742 911 2777; x_wconf 66' lang='grc' dir='ltr'>,ἐμοὶ</span> <span class='ocrx_word' id='word_1_781' title='bbox 930 2741 968 2772; x_wconf 82' lang='grc' dir='ltr'><strong>δὲ,</strong></span> <span class='ocrx_word' id='word_1_782' title='bbox 995 2741 1081 2777; x_wconf 75' lang='grc' dir='ltr'>φησὶν</span> <span class='ocrx_word' id='word_1_783' title='bbox 1096 2741 1110 2767; x_wconf 74' lang='grc' dir='ltr'><strong><em>ὁ</em></strong></span> <span class='ocrx_word' id='word_1_784' title='bbox 1130 2741 1177 2769; x_wconf 85' lang='grc' dir='ltr'><strong>τοῦ</strong></span> <span class='ocrx_word' id='word_1_785' title='bbox 1198 2743 1295 2778; x_wconf 79' lang='grc' dir='ltr'>νοητοῦ</span> <span class='ocrx_word' id='word_1_786' title='bbox 1325 2744 1442 2780; x_wconf 81' lang='grc' dir='ltr'>νυμφίου</span> <span class='ocrx_word' id='word_1_787' title='bbox 1470 2743 1654 2778; x_wconf 76' lang='grc' dir='ltr'>νυμφοστόλος</span> <span class='ocrx_word' id='word_1_788' title='bbox 1691 2743 1722 2769; x_wconf 76' lang='grc' dir='ltr'>τὸ</span> <span class='ocrx_word' id='word_1_789' title='bbox 1743 2741 1805 2768; x_wconf 61' lang='grc' dir='ltr'>κατὰ</span> 
     </span>
    </p>
   </div>
   <div class='ocr_carea' id='block_1_111' title="bbox 184 2788 1534 2829">
    <p class='ocr_par' dir='ltr' id='par_1_111' title="bbox 184 2788 1534 2829">
     <span class='ocr_line' id='line_1_112' title="bbox 184 2788 1534 2829; baseline 0.001 -11"><span class='ocrx_word' id='word_1_790' title='bbox 184 2791 267 2829; x_wconf 72' lang='grc' dir='ltr'>βάθος</span> <span class='ocrx_word' id='word_1_791' title='bbox 284 2790 381 2822; x_wconf 83' lang='grc' dir='ltr'>κάλλος</span> <span class='ocrx_word' id='word_1_792' title='bbox 397 2789 446 2825; x_wconf 81' lang='grc' dir='ltr'>τῆς</span> <span class='ocrx_word' id='word_1_793' title='bbox 461 2789 573 2825; x_wconf 86' lang='grc' dir='ltr'>καρδίας</span> <span class='ocrx_word' id='word_1_794' title='bbox 585 2790 632 2816; x_wconf 72' lang='grc' dir='ltr'><strong>καὶ</strong></span> <span class='ocrx_word' id='word_1_795' title='bbox 648 2790 665 2825; x_wconf 80' lang='grc' dir='ltr'><strong>ἡ</strong></span> <span class='ocrx_word' id='word_1_796' title='bbox 683 2789 784 2825; x_wconf 82' lang='grc' dir='ltr'>φυσικὴ</span> <span class='ocrx_word' id='word_1_797' title='bbox 799 2789 847 2816; x_wconf 82' lang='grc' dir='ltr'><strong>τοῦ</strong></span> <span class='ocrx_word' id='word_1_798' title='bbox 862 2789 920 2821; x_wconf 78' lang='grc' dir='ltr'>νοὸς</span> <span class='ocrx_word' id='word_1_799' title='bbox 936 2788 1071 2826; x_wconf 76' lang='grc' dir='ltr'>ὼραιότης</span> <span class='ocrx_word' id='word_1_800' title='bbox 1085 2791 1247 2828; x_wconf 77' lang='grc' dir='ltr'>προσφιλὴς,</span> <span class='ocrx_word' id='word_1_801' title='bbox 1262 2793 1299 2827; x_wconf 79' lang='grc' dir='ltr'>ὼς</span> <span class='ocrx_word' id='word_1_802' title='bbox 1311 2793 1358 2822; x_wconf 65' lang='grc' dir='ltr'>καὶ</span> <span class='ocrx_word' id='word_1_803' title='bbox 1369 2792 1428 2829; x_wconf 85' lang='grc' dir='ltr'><strong>Θεῴ</strong></span> <span class='ocrx_word' id='word_1_804' title='bbox 1442 2793 1534 2829; x_wconf 77' lang='grc' dir='ltr'>ἀρετή.</span> 
     </span>
    </p>
   </div>
   <div class='ocr_carea' id='block_1_112' title="bbox 221 2879 722 2916">
    <p class='ocr_par' dir='ltr' id='par_1_112' title="bbox 221 2879 722 2916">
     <span class='ocr_line' id='line_1_113' title="bbox 221 2879 722 2916; baseline -0.008 -9"><span class='ocrx_word' id='word_1_805' title='bbox 221 2880 277 2916; x_wconf 76' lang='grc'><strong>(77)</strong></span> <span class='ocrx_word' id='word_1_806' title='bbox 294 2879 325 2906; x_wconf 86' lang='grc' dir='ltr'>ν.</span> <span class='ocrx_word' id='word_1_807' title='bbox 344 2886 428 2906; x_wconf 81' lang='lat' dir='ltr'><strong>carm.</strong></span> <span class='ocrx_word' id='word_1_808' title='bbox 445 2880 471 2912; x_wconf 82' lang='grc'><strong>5,</strong></span> <span class='ocrx_word' id='word_1_809' title='bbox 490 2879 542 2907; x_wconf 63' lang='grc'><strong>452</strong></span> <span class='ocrx_word' id='word_1_810' title='bbox 557 2883 582 2905; x_wconf 91' lang='lat' dir='ltr'><strong>et</strong></span> <span class='ocrx_word' id='word_1_811' title='bbox 595 2887 682 2912; x_wconf 85' lang='grc' dir='ltr'>γνωμ.</span> <span class='ocrx_word' id='word_1_812' title='bbox 699 2881 722 2913; x_wconf 89' lang='grc' dir='ltr'>η’</span> 
     </span>
    </p>
   </div>
  </div>
