1920 3046
125 187 179 216 785

123 246 158 296 ﬂ
168 248 250 296 Μήιςς
261 248 459 296 δικιξιρσύνην
470 253 525 296 fw”
533 255 671 290 ἀκαμπὰι
681 258 756 293 μήτε
763 262 913 296 φρόνησιν

121 280 158 308 62
210 280 215 282 ’
228 280 450 318 Ἀτκυλόεσσαν-
466 280 556 322 ἔχειν.

158 327 252 354 Πάντα
271 329 372 365 μέτρῳ,
391 333 479 359 πάντα
492 334 605 370 σταθμῷ
618 336 653 362 τά
666 345 696 363 τε
711 337 761 373 ἤθη
777 340 823 365 καὶ
836 340 908 376 πάθη

121 370 265 405 Ιδυθμίζειν
291 374 338 409 τῆς
364 374 465 410 ψυχῆς,
487 378 533 404 καί
555 388 586 413 γε
603 380 653 412 τὰς
666 381 695 407 ὲν
706 370 797 415 αὐτοῖς
811 370 910 421 κατορί

118 415 255 452 Θουμένας
268 419 321 444 τῶν
338 420 442 455 ἀρετῶν
457 422 601 451 διευθετεῖν
616 427 667 462 χρὴ
683 429 729 454 καὶ
744 429 850 456 τάττειν
862 415 909 458 καὶ

90 474 98 498 η
118 464 243 497 κοσμεῖν.
258 464 290 490 Εἰ
307 465 360 500 γὰρ
376 467 423 494 καὶ
439 469 522 496 καλὸν
537 471 553 503 ἠ
571 471 727 508 δικαιοσύνη
748 476 794 501 καὶ
811 476 906 511 ήφρό-

116 515 196 548 νησις
219 509 312 543 (καλαὶ
340 512 394 547 γὰρ
423 514 470 540 καὶ
503 515 557 541 τῶν
579 517 684 552 ἀρετῶν
708 520 736 545 αἱ
765 509 906 548 κάλλισται

117 546 289 587 ὑμνοῦνται),
312 546 411 585 ἀλλἐἴ
436 568 478 591 τις
492 546 716 597 ὑπερὸαλλὸντως
728 566 775 592 καὶ
793 546 905 603 πλέον

113 599 201 625 δεῖτὸ
216 600 318 628 δίκαιον
334 604 432 638 μετίοι,
463 607 504 639 είς
530 608 647 644 ἀκαμπῆ
674 611 720 636 καὶ
739 599 906 647 ἀνελεήμονά

114 643 229 679 γνώμην
245 645 397 674 διαπίπτων
417 650 463 676 καὶ
480 643 670 688 διαμαρτάνων
682 655 731 690 τῆς
745 643 904 690 ἐπιεικείας,

113 689 152 720 ὡς
172 691 202 716 οὐ
230 690 342 724 δικαίως
367 694 398 720 τὸ
422 695 524 723 δίκαιον
556 698 670 730 eam,
694 689 744 726 ot’m
765 702 904 735 ἐπαινετὸς

113 735 192 765 ἔσται
202 745 208 752 ·
217 737 298 765 πάλιν
308 746 314 753 '
335 739 368 766 Ἦ
381 741 510 777 φρόνησις
524 744 558 770 τὸ·
575 744 711 778 λυσιτελὲς
722 747 765 773 ἀεὶ
779 749 825 774 καὶ
840 757 903 775 συν-

111 781 186 806 οῖσον
199 782 388 820 ὲπινοουμένη,
417 787 440 811 εί
455 787 491 821 μὴ
505 788 575 821 μετὰ
592 789 746 825 ἁπλότητος
762 793 809 818 καὶ
821 793 903 828 ὀροοῦ

111 825 203 860 λόγου,
218 827 286 855 ἀλλὰ
296 830 465 866 σκολιότητος
479 834 526 859 καὶ
542 835 609 870 πρὸς
624 835 710 863 ἄλλων
721 837 822 873 ζημίαν
837 825 902 866 ίδιον

109 871 207 906 κέρδος
234 873 436 909 ἑξευρίσκουσα,
461 877 557 905 οὔκουν
583 880 666 916 ἁρετὴ
687 883 758 909 τοῦτ’
783 884 816 911 ἂν
838 885 900 921 ait];

108 916 167 942 οὐδ’
182 917 293 945 ἐπαίνου
323 920 420 954 μᾶλλον
446 922 462 957 ἢ
486 923 570 957 ψόγου
601 926 648 952 καὶ
661 926 787 964 διαϐολῆς
807 916 897 962 ἄξιονλ

108 961 180 989 ἀλλὰ
195 963 287 990 καὶτὸ
304 964 402 1000 θάρσος
416 967 493 999 αὐτὸ,
515 969 591 1003 φησὶ,
609 972 754 1007 νωμάσθω,
765 961 817 1001 ’καὶ
831 961 900 1011 συμ-

110 1007 219 1043 μέτρως
244 1009 339 1045 ἐχέτω,
352 1012 398 1037 καὶ
416 1013 567 1048 μεριζέσοω
590 1017 679 1049 καλῶς
690 1025 696 1032 ·
712 1019 783 1046 οὔτω
798 1020 852 1056 γὰρ
864 1007 902 1049 ἀνι

106 1053 205 1088 ἀνδρία
217 1055 330 1089 γένοιτο,
339 1059 386 1084 καὶ
400 1058 462 1091 ἀξία
474 1061 584 1087 ἐπαίνου
598 1063 682 1099 ἀρετή
694 1073 700 1079 ⁸
714 1066 737 1091 εὶ
745 1065 773 1092 δέ
783 1074 814 1100 γε
826 1068 899 1102 πέρα

105 1098 155 1124 τοῦ
169 1098 274 1132 δέοντος
289 1099 369 1128 ἆττον
380 1103 539 1138 ὑπερπεσοι,
555 1106 646 1133 οὐκέτι
660 1108 755 1143 ἀνδρία
768 1113 815 1136 καὶ
830 1112 897 1146 κρά-

105 1152 164 1175 τος,
175 1144 242 1171 ἀλλὰ
252 1146 350 1181 θράσος
364 1148 439 1175 ἔσται
451 1150 497 1176 καὶ
514 1153 652 1186 μωμητόν.
662 1153 739 1180 Οὖτω
754 1157 825 1191 καὶὴ
843 1144 895 1184 σω-

105 1190 226 1225 φροσύνη
242 1191 291 1218 οὐκ
305 1193 332 1219 ἐν
350 1193 388 1228 τῷ
403 1194 542 1230 tumea);
558 1196 626 1231 ἄγαν
637 1199 684 1224 καὶ
701 1190 836 1235 στιϐαρῶς
852 1203 895 1229 ἀεὶ

103 1236 154 1261 καὶ
180 1236 247 1271 πρὸς
276 1238 376 1270 πάντας
387 1239 427 1275 τῷ
451 1241 642 1279 ἐπιθυμητικῷ
662 1246 822 1280 κεχρῆσθαι,
837 1248 894 1274 ἀλλ’

103 1281 179 1308 ιστιν
194 1283 238 1309 ὅτε
254 1285 299 1310 καὶ
313 1285 382 1320 πρός
405 1295 432 1313 τι
449 1287 502 1314 τῶν
519 1289 694 1326 ἑπιθυμητῶν
709 1292 832 1328 γαληνῶς
848 1295 894 1321 καὶ

101 1326 195 1360 tuth
210 1327 360 1356 διακεῖσθαι
378 1332 555 1367 σωφροσύνης
570 1333 654 1361 ἐστίν.
674 1335 727 1362 Καὶ
746 1326 832 1363 ταῦτα
843 1337 893 1372 μὲν

101 1371 172 1406 πρός
186 1380 212 1397 τι
226 1373 354 1401 καὶκατὰ
367 1375 412 1402 τὸν
424 1379 594 1412 προσήκοντα
612 1380 764 1415 μετρείσθω
779 1371 873 1417 καιρόν
884 1391 891 1398 ··

101 1417 149 1450 τον
163 1417 225 1444 νοῦν
251 1418 279 1445 δὲ
304 1420 350 1447 τοῦ
370 1421 437 1448 Θεοῦ
463 1423 562 1457 λογίοις
587 1425 745 1459 ὑπανοίγειν
758 1427 805 1454 καὶ
832 1430 893 1460 ταῖς

101 1463 190 1495 θείαις
202 1465 326 1499 μελέταις
351 1467 394 1494 ἀεὶ
423 1470 617 1504 προσασχολεῖν
635 1472 777 1500 κάλλιστόν
799 1482 828 1500 τε
845 1475 892 1501 καὶ

99 1509 270 1537 τελειότατον
280 1513 340 1543 ταῖς
370 1513 558 1547 θεοπνεύστοις
589 1517 748 1551 ίερολογίαις
773 1519 891 1552 ἁπάσαις

101 1557 299 1590 μαρτυρεῖται·
330 1558 401 1586 οὕτω
424 1559 479 1596 γὰρ
493 1561 525 1588 ἄν
540 1570 581 1593 τις
599 1563 653 1588 τῶν
668 1563 801 1599 οὐρανίων
817 1566 890 1601 νομί-

100 1608 160 1634 μων
174 1600 222 1628 τοῦ
234 1601 385 1637 πνεύματος
410 1605 571 1641 ἐπιστήμων
595 1607 780 1644 καθειστήκοι,
798 1611 887 1637 Σπεύ-

99 1644 158 1670 δειν
167 1645 216 1680 μὲν
223 1645 269 1673 οὖν
280 1647 389 1683 ἄριστον
400 1647 479 1681 εἶναι,
491 1651 633 1680 κάλλιστόν
647 1662 676 1679 τε
687 1655 733 1680 καὶ
741 1656 886 1689 παγκλεές¹

97 1690 227 1725 ἀρέσκειν
238 1692 266 1719 δὲ
281 1693 318 1729 μὴ
335 1695 431 1722 πᾶσιν*
450 1696 480 1722 οὺ
496 1697 552 1732 γὰρ
567 1699 613 1728 καὶ
630 1701 687 1731 τοῖς
703 1702 798 1733 κακοῖς
812 1701 889 1728 δυνα-

96 1735 156 1767 τὸν,
171 1737 227 1764 ἀλλ’
251 1735 292 1770 οἷς
318 1738 392 1771 ἄξιον
413 1741 550 1776 ἀρέσκειν,
574 1745 631 1775 τοῖς
643 1744 754 1779 ἀγαθοῖς
768 1747 886 1783 δηλαδή·

97 1783 201 1814 κακοὺς
210 1784 263 1820 γὰρ
272 1785 391 1820 τέρπειν,
401 1786 464 1819 δόξα
473 1787 530 1814 ἐστὶ
545 1788 677 1825 δυσκλεὴς
687 1791 732 1817 καὶ
746 1793 885 1828 θεομισής.

99 1827 136 1856 49
154 1829 287 1862 Δὶσχρὸν
312 1830 436 1865 ἄριστον
465 1833 563 1865 ἐόντα,
599 1835 770 1906 συνήήοὲἓν
786 1827 886 1877 etwa.

753 1881 849 1906 ιτρων.

753 1881 849 1906 ιτρων.

132 1908 248 1944 Δίσχρὸν
260 1910 318 1945 ἃμα
330 1911 377 1938 καὶ
388 1912 479 1941 ἄδικον
493 1914 540 1940 καὶ
555 1916 672 1951 πονηρὸν
681 1937 688 1948 ,
706 1917 807 1951 ἀγαθὸν
822 1919 886 1950 ὄντα

97 1955 181 1990 ἄνδρα
199 1956 245 1982 καὶ
260 1956 364 1985 δίκαιον
379 1958 453 1994 (78),
473 1962 623 1997 συνήγορον
638 1963 752 1999 ὁρᾶσθαι
763 1965 816 1991 τῶν
836 1975 885 1994 πο-

98 2000 189 2035 νηρῶν
212 2002 257 2027 καὶ
281 2002 383 2030 κακῶν.
408 2005 463 2032 Καὶ
485 2005 538 2039 γὰρ
557 2007 659 2042 ὅμοιον,
675 2010 751 2044 φησὶ,
768 2012 813 2037 καὶ
829 2012 884 2040 ἴσον

93 2044 211 2081 ὑπάρχει
225 2046 254 2072 τὸ
270 2047 421 2081 φιλιοῦσθαι
437 2052 491 2082 τοῖς
506 2054 600 2084 κακοῖς
614 2053 661 2079 καί
679 2063 754 2089 σφισι
774 2064 885 2092 συνηγο-

94 2093 152 2125 ρεῖν
167 2092 205 2127 τῷ
226 2093 276 2128 τῆς
295 2094 383 2121 αὐτῶν
398 2097 496 2128 κακίας
514 2098 588 2130 ἐντὸς
611 2096 680 2126 είναι
702 2102 749 2128 καὶ
774 2103 803 2129 ὲν
824 2105 883 2136 ταῖς

91 2137 258 2170 οδοῖςαὺτῶν
269 2140 441 2175 πορεύεσθαι.
458 2143 541 2169 Πάλιν
550 2152 557 2159 ·
571 2145 641 2180 Πυρὶ
654 2146 702 2180 μὲν
718 2147 764 2173 καὶ
780 2157 882 2183 χωνευ-

92 2184 182 2219 ιιηρίῳ
195 2184 241 2210 τὸν
262 2186 363 2220 χρυσὸν
377 2186 545 2222 δαμάζεσθαι
564 2191 763 2228 μεμαθήκαμεν
779 2195 826 2221 καὶ
840 2196 882 2222 δο-

89 2229 257 2264 κιμάζεσθαι
271 2240 278 2246 ·
300 2232 383 2268 ἄνδρα
397 2234 425 2260 δὲ
437 2235 538 2269 ἀγαθὸν
551 2239 607 2269 τοῖς
620 2238 729 2272 ἄλγεσιν
743 2241 820 2276 ἴσμεν
834 2243 881 2269 καὶ

90 2275 183 2307 πόνοις
195 2277 398 2305 ταπεινοῦσθαι.
406 2279 451 2315 Μὴ
465 2278 510 2307 οὖν
524 2281 573 2313 τὰς
589 2282 746 2318 ἀλγηδόνας,
755 2283 777 2312 ὣ
791 2283 878 2320 οὗτος,

89 2321 222 2352 πολλάκις
238 2322 340 2355 δεδιὼς,
355 2324 506 2361 ὑπενεχθῇς
522 2327 554 2362 τῇ
572 2328 684 2364 ἀσεϐείᾳ
701 2330 748 2356 καὶ
763 2340 879 2367 συνηγο-

90 2365 147 2400 ρῶν
161 2366 247 2402 ὀφθῇς
258 2369 313 2399 τοῖς
328 2371 433 2401 κακοῖς.
453 2369 518 2397 Οἶδα
539 2372 602 2408 γὰρ,
621 2374 698 2408 φησὶ.
714 2375 745 2403 τὸ
754 2365 878 2403 διέόσέ-

89 2410 166 2437 ὅειαν
183 2411 264 2446 ἄλγος
285 2414 447 2450 κουφότερον
467 2415 497 2441 ὃν
510 2415 561 2451 τῆς
587 2417 734 2450 εὐπαθείας
750 2420 803 2446 τῶν
812 2422 877 2448 ἀσε-

88 2455 145 2482 ὃῶν
170 2457 218 2483 καὶ
241 2457 271 2484 τὸ
287 2459 355 2493 μετά
381 2460 498 2495 Χριστοῦ
519 2462 648 2496 πάσχειν,
674 2464 721 2490 τοῦ
737 2466 806 2500 μετὰ
824 2467 877 2494 τῶν

87 2500 286 2537 Χριστομάχων
304 2506 408 2540 τρυφᾷν
430 2506 608 2543 αἱρετώτερον
628 2510 674 2535 καὶ
693 2510 821 2546 ἠδύτερον
834 2512 875 2539 ὅτι

88 2547 206 2582 μάλιστα
221 2549 259 2584 τῷ
280 2550 397 2578 εὐσεϐεῖ.
419 2552 503 2578 Πάλιν
517 2561 525 2568 ’
547 2553 651 2589 Ῥᾴδιον
667 2555 698 2582 ἂν
712 2556 756 2591 εἴη
771 2558 817 2583 καὶ
830 2558 874 2584 τὸν

88 2591 177 2626 μέγαν
191 2593 362 2628 ἀρνήσασθαι
375 2595 439 2622 Θεὸν
452 2597 530 2623 παντὶ
543 2598 582 2633 τῷ
596 2599 711 2634 ἑτοίμως
726 2602 812 2635 ἔχοντι
828 2603 874 2629 τὸν

85 2638 185 2664 οἰκεῖον
202 2639 308 2675 πατέρα
322 2640 500 2676 ἀπαρνεῖσθαι
513 2651 520 2658 ·
543 2644 594 2678 χρὴ
611 2644 648 2675 δὲ,
664 2645 701 2681 μὴ
714 2646 751 2678 ὡς
768 2647 874 2681 φύσεως

86 2683 177 2718 μόνον,
192 2683 319 2716 ἀλλὰςκαὶ
333 2685 371 2717 ὡς
387 2687 526 2720 εὐσεϐείας
548 2691 681 2725 γενετῆρα
697 2692 791 2719 τοῦτον
806 2694 873 2721 είδὲ-

85 2738 129 2755 vat
149 2738 179 2755 τε
199 2732 246 2756 καὶ
273 2733 369 2767 τιμᾷν,
391 2734 415 2759 εί
433 2734 498 2769 μήτι
518 2744 548 2769 γε
572 2737 710 2772 προδήλως
729 2739 872 2776 θεομαχεῖν

83 2777 302 2808 καταναγκάζοι’
323 2777 394 2805 οὕτω
405 2779 459 2815 γὰρ
480 2781 528 2816 οὐχ
541 2781 578 2813 ὡς
593 2783 732 2815 εὐσεϐείας
747 2787 870 2821 γενέτην,

83 2821 139 2848 ἀλλ’
152 2821 190 2852 ὡς
203 2822 328 2855 ἁσεῆείας
341 2826 487 2861 συνήγορον
501 2827 620 2855 εὐσεϐεῖν
635 2829 792 2866 βουλόμενος
803 2833 870 2859 ἁπο-

82 2867 238 2902 *τραφήσο-

116 2921 174 2958 (78)
190 2923 258 2951 Cod.
280 2924 362 2953 δίκον.

633 196 667 223 ΙΝ
686 198 842 227 CARMINA
861 200 1002 229 ΑιιαΑΝΑ
1021 203 1048 230 S.
1072 204 1244 233 GREGORII.

1693 210 1746 241 ⁸188

1022 263 1220 304 ζγεελιιειὶιῖαηι
1235 267 1415 301 inﬂexibilem,
1426 278 1505 304 neque
1519 270 1687 304 prudentiam

964 299 1000 324 42
1020 298 1152 328 Callidum
1168 298 1271 331 habent;

998 344 1102 372 Cuncta
1119 355 1258 379 mensura,
1271 353 1370 376 cuncta
1386 354 1488 378 statera
1505 355 1563 379 tum
1579 361 1669 382 mores
1686 360 1743 383 tum

962 389 1077 417 affectus
1103 393 1253 426 ponderare
1278 394 1375 422 animae
1401 400 1429 423 et
1458 398 1583 426 ordinata
1612 401 1742 428 virtutum

959 434 1027 462 bene
1042 435 1189 471 disponere
1213 443 1321 473 oportet
1351 444 1378 467 et
1410 449 1562 476 exornare;
1590 446 1641 473 etsi
1669 447 1742 474 enim

958 481 1102 513 pulchrum
1118 483 1154 510 sit
1165 483 1272 517 justitia
1287 489 1315 512 et
1328 486 1612 523 prudentia,pulehr2e
1626 491 1698 519 enim
1715 498 1742 520 et

957 526 1089 554 virtutum
1115 529 1306 562 pulcherrimae
1332 532 1525 567 celebrantur;
1552 535 1600 562 sed
1630 537 1653 564 si
1679 539 1741 572 quis

957 572 1120 600 suflicienter
1134 578 1160 601 et
1168 575 1284 610 amplius
1295 584 1375 611 quam
1387 583 1492 613 oportet
1506 580 1609 615 justum
1634 583 1742 611 allectat

956 617 983 644 in
1006 618 1179 647 inﬂexibilem
1199 625 1225 647 et
1244 622 1485 651 immisericordem
1498 633 1601 654 morem
1638 628 1739 656 labitur

954 667 981 689 et
998 668 1092 698 peccat
1107 669 1203 693 contra
1220 667 1387 702 aequitatem,
1401 675 1430 696 et:
1445 670 1481 697 ita
1495 670 1738 707 injuslejustitiam

954 715 1121 743 persequens
1145 718 1198 737 non
1215 711 1268 738 erit
1285 712 1440 741 laudabilis.
1457 715 1556 743 lterum
1573 726 1579 744 :
1595 718 1738 752 prudentia

953 754 1018 780 utile
1035 762 1140 789 semper
1150 761 1177 783 et
1195 764 1345 792 congruum
1364 759 1503 793 affectans,
1519 762 1540 789 si
1558 770 1611 790 non
1628 764 1655 790 in
1670 764 1738 792 sim-

951 799 1074 833 plicitate
1090 806 1116 828 et
1127 807 1201 829 recta
1218 804 1334 834 ratione.
1351 805 1398 832 sed
1411 806 1438 833 in
1458 809 1637 841 perversitate
1650 816 1676 838 et
1689 818 1739 846 per

951 844 1068 872 alienum
1100 846 1293 875 detrimentum
1323 850 1429 878 lucrum
1466 854 1606 887 proprium
1627 844 1735 890 quaerit,

950 896 1015 916 num
1035 891 1123 920 virtus
1139 893 1192 920 erit
1208 893 1294 921 illud?
1318 903 1372 922 non
1386 896 1467 924 laude
1486 899 1572 933 magis
1587 907 1667 934 quam
1695 902 1736 928 vi-

950 937 1121 970 tuperatione
1140 944 1167 965 et
1183 941 1359 968 accusatione
1382 943 1479 977 digna;
1495 944 1542 971 sed
1559 949 1585 972 et
1600 945 1735 974 fortitudo

948 981 1006 1015 ipsa
1023 983 1162 1018 reguletur
1177 989 1203 1012 et
1228 990 1394 1020 temperetur
1415 993 1441 1015 et
1455 989 1523 1017 bene
1542 990 1733 1024 distribuatur,

948 1027 989 1054 sic
1001 1028 1073 1055 enim
1088 1029 1175 1057 virilis
1197 1032 1306 1060 animus
1323 1033 1367 1060 fiet
1382 1037 1409 1060 et
1432 1035 1511 1062 laude
1530 1036 1610 1072 iligna
1628 1038 1733 1071 virtus;

948 1073 989 1099 sin
1006 1077 1096 1101 autem
1121 1076 1191 1102 ultra
1208 1077 1233 1104 id
1261 1079 1334 1112 quod
1362 1085 1467 1114 oportet
1491 1083 1602 1117 propius
1619 1083 1732 1116 incidat,

944 1119 1000 1153 jam
1016 1128 1070 1146 non
1082 1121 1169 1149 virilis
1179 1123 1288 1150 animus
1296 1128 1323 1151 et
1338 1124 1481 1158 fortitudo,
1495 1127 1541 1154 sed
1556 1130 1732 1157 temerarium

945 1165 998 1191 erit
1015 1169 1042 1192 et
1057 1166 1264 1201 vituperandum
1284 1177 1290 1195 :
1307 1169 1347 1196 sic
1366 1174 1393 1197 ct
1416 1173 1596 1206 temperantia
1621 1182 1674 1201 non
1704 1175 1731 1202 in

946 1211 1066 1244 graviter
1079 1215 1107 1239 et
1118 1213 1200 1244 lente.
1224 1221 1333 1249 semper
1352 1221 1380 1242 et
1400 1217 1433 1243 ad
1452 1218 1553 1250 omnia.
1574 1220 1731 1254 cupiditati-

945 1256 996 1284 bus
1010 1258 1121 1289 uteudo,
1138 1259 1186 1286 sed
1200 1263 1309 1287 constat
1332 1268 1393 1288 eum
1417 1262 1449 1288 ad
1471 1263 1656 1292 desideratum
1679 1267 1731 1293 ali-

944 1302 1008 1336 quid
1018 1303 1126 1336 placide
1136 1305 1324 1339 ettranquille
1342 1313 1474 1340 paramur.
1491 1307 1541 1334 hoc
1550 1310 1729 1344 temperantia

944 1350 1004 1379 est;
1028 1351 1056 1373 et
1077 1347 1133 1374 inec
1163 1349 1276 1376 relative
1291 1355 1318 1376 et
1338 1358 1387 1384 pro
1409 1355 1531 1386 tempore
1553 1357 1617 1388 apto
1637 1355 1731 1382 mode-

944 1396 1048 1418 rentur.
1066 1391 1182 1419 Mentem
1197 1397 1288 1421 autem
1304 1394 1348 1421 Dei
1367 1396 1479 1424 vocibus
1493 1398 1599 1432 aperire
1611 1403 1638 1426 et
1657 1399 1729 1427 divi-

943 1436 986 1464 nis
1003 1437 1226 1466 meditationibus
1238 1447 1346 1475 semper
1361 1449 1490 1470 exercere
1511 1444 1727 1477 pulcherrimum

943 1486 969 1508 et
983 1483 1215 1516 perfectissimum
1231 1493 1302 1517 esse,
1318 1494 1332 1513 a
1349 1485 1404 1513 Deo
1415 1487 1546 1522 inspirata
1559 1494 1652 1516 sancta
1670 1491 1728 1518 clo—

942 1528 1006 1562 quia
1023 1533 1158 1557 testantur
1169 1531 1260 1558 omnia
1281 1541 1287 1558 ε
1309 1532 1349 1560 sic
1367 1534 1439 1559 enim
1458 1533 1557 1568 aliquis
1573 1535 1725 1563 ccelestium

942 1573 1056 1608 spiritus
1077 1583 1182 1603 morum
1198 1574 1296 1604 doc’tus
1316 1583 1475 1612 appareret;
1504 1580 1597 1607 studio
1628 1580 1724 1608 inferri

942 1623 972 1645 ut
988 1620 1074 1648 simus
1084 1622 1189 1656 optimi,
1203 1623 1416 1657 pulcherrimum
1430 1629 1456 1652 et
1467 1625 1545 1653 valde
1558 1627 1723 1661 gloriosum.

941 1664 988 1691 sed
1004 1672 1058 1692 non
1072 1665 1171 1694 bonum
1193 1673 1236 1696 est
1263 1669 1371 1704 placere
1393 1670 1532 1702 omnibus.
1556 1679 1620 1699 nam
1643 1674 1725 1701 malis

939 1711 1045 1745 placere
1059 1720 1111 1739 non
1133 1715 1263 1747 possibile
1284 1720 1336 1747 est.
1361 1715 1429 1743 bene
1440 1724 1505 1744 vero
1527 1717 1562 1744 iis
1583 1718 1629 1753 qui
1649 1718 1723 1754 digni

938 1759 1011 1786 sunt.
1036 1756 1141 1785 scilicet
1161 1759 1254 1792 bonis;
1280 1768 1345 1787 nam
1374 1761 1461 1789 malos
1479 1761 1617 1790 delectare
1635 1764 1723 1799 gloria

937 1805 980 1828 est
1006 1809 1059 1829 non
1071 1803 1140 1830 bona
1169 1803 1263 1832 ειμι)εο
1279 1805 1381 1834 odiosa.

937 1845 971 1873 49
992 1846 1137 1881 Tan-pereat
1160 1857 1220 1876 eum
1247 1851 1291 1885 qui
1308 1852 1421 1885 optimus
1436 1858 1474 1881 est
1499 1859 1641 1888 patronum
1665 1864 1723 1884 esu

1501 1890 1686 1924 [nefariorum

971 1928 1063 1963 Turpe
1082 1930 1162 1957 simul
1177 1935 1204 1958 et
1217 1931 1349 1966 injustum
1364 1939 1391 1961 et
1407 1934 1561 1968 molestum,
1576 1937 1599 1963 si
1615 1937 1659 1963 vir
1671 1937 1721 1964 bo-

934 1981 987 2001 nus
1004 1979 1032 2002 et
1046 1975 1139 2009 justus
1168 1977 1317 2006 advocatus
1336 1979 1462 2010 videatur
1477 1982 1630 2014 malorum;
1657 1991 1719 2010 nam

933 2026 1096 2054 congruum,
1111 2021 1210 2056 inquit,
1225 2029 1253 2051 et
1266 2024 1355 2052 simile
1370 2030 1412 2053 est
1426 2027 1561 2054 amicitias
1583 2035 1645 2055 cum
1661 2036 1719 2055 ma-

933 2066 967 2094 lis
984 2067 1097 2102 jungere
1120 2073 1146 2095 et
1162 2069 1284 2103 ipsorum
1298 2078 1396 2098 eatisas
1411 2072 1556 2100 defendere
1568 2073 1643 2100 illum
1671 2075 1718 2109 qui

932 2111 1054 2142 abimus
1069 2113 1171 2140 malitia
1187 2114 1285 2141 similis
1300 2115 1369 2150 ipsis
1382 2120 1423 2143 est
1438 2120 1464 2143 et
1477 2119 1643 2151 pereasdem
1658 2119 1718 2146 vias

931 2156 1152 2186 inceditJterum
1168 2168 1175 2186 :
1194 2159 1257 2194 Igne
1270 2165 1297 2187 et
1317 2162 1477 2190 conﬂatorio
1504 2171 1601 2191 aurum
1624 2166 1717 2193 elabo-

930 2201 985 2228 rari
1003 2201 1150 2230 didicimus
1161 2208 1188 2231 et
1203 2205 1327 2239 probari.
1342 2206 1479 2235 hominem
1498 2213 1590 2236 autem
1613 2210 1716 2238 bonum

930 2246 1155 2276 tribulationibus
1165 2255 1191 2277 et
1205 2251 1399 2281 alllictionibus
1409 2253 1554 2283 humiliari.
1585 2255 1622 2283 Ne
1639 2265 1714 2292 ergo,

929 2296 999 2325 otu,
1026 2293 1217 2323 tribulationes
1241 2298 1459 2331 saepiustimens
1486 2300 1520 2327 ad
1547 2301 1714 2335 impietatem

928 2337 1068 2366 inclineris
1078 2343 1105 2366 et
1115 2340 1245 2369 defensor
1257 2343 1391 2371 malorum
1405 2345 1524 2374 videaris
1535 2354 1542 2378 ;
1553 2349 1615 2374 novi
1627 2348 1712 2379 enim.

928 2381 1027 2417 inquit,
1054 2383 1259 2414 tribulationem
1279 2387 1313 2414 ob
1333 2385 1471 2421 pietatem.
1501 2390 1629 2418 leviorem
1652 2400 1715 2421 esse

927 2435 1009 2462 quam
1030 2429 1175 2464 impiorum
1210 2431 1364 2463 felicitatem
1398 2440 1425 2462 et
1460 2436 1512 2470 pati
1551 2438 1714 2465 cumChri-

927 2478 970 2500 sto
981 2473 1067 2507 magis
1078 2482 1159 2509 quam
1173 2483 1236 2503 cum
1250 2477 1370 2506 inimicis
1378 2479 1480 2507 Christi
1490 2481 1595 2515 epulari
1608 2483 1713 2518 eligen-

927 2517 990 2544 dum
1003 2526 1064 2546 esse
1085 2523 1112 2546 et
1129 2528 1210 2555 quam
1234 2523 1352 2551 maxime
1369 2525 1449 2552 dulce
1461 2527 1505 2560 pio
1524 2527 1637 2555 homini.
1662 2529 1712 2556 lte-

927 2572 988 2592 rum
1005 2575 1011 2592 :
1029 2564 1122 2593 Facile
1133 2571 1208 2595 esset
1223 2574 1249 2595 et
1265 2577 1392 2604 magnum
1413 2579 1511 2607 negare
1525 2572 1608 2599 Deum
1623 2574 1711 2604 cuivis

927 2614 1022 2645 parato
1043 2612 1077 2639 ad
1104 2613 1258 2648 negandum
1283 2617 1424 2650 proprium
1452 2623 1569 2652 patrem.
1593 2619 1710 2655 Opertct

926 2660 1016 2683 autem
1028 2665 1081 2684 non
1096 2659 1184 2685 solum
1201 2664 1230 2686 ut
1240 2666 1346 2688 natura;
1363 2662 1410 2689 sed
1426 2667 1453 2690 et
1474 2668 1502 2690 ut
1519 2664 1626 2699 pietatis
1638 2667 1699 2701 geni

926 2706 1011 2731 torem
1027 2702 1102 2730 illum
1118 2711 1267 2739 agnoscere
1288 2710 1315 2733 et
1332 2707 1478 2741 honorare,
1501 2710 1554 2737 nisi
1575 2711 1644 2738 forte
1669 2720 1710 2739 co-

924 2752 970 2783 gat
987 2748 1012 2774 in
1026 2749 1117 2784 aliquo
1135 2751 1280 2779 manifeste
1298 2753 1431 2781 adversus
1455 2754 1536 2782 Ileum
1563 2765 1683 2791 pugnare
1700 2769 1706 2786 :

925 2794 965 2821 sic
977 2794 1049 2821 enim
1064 2803 1117 2822 ιιοιι
1135 2800 1163 2822 ιιι
1177 2797 1287 2831 pietatis
1303 2800 1467 2832 genitorem,
1478 2802 1524 2827 sed
1541 2807 1569 2829 ut
1582 2803 1710 2839 impietr

925 2839 960 2866 tis
977 2844 1118 2874 patronum
1136 2842 1179 2877 pie
1193 2842 1287 2871 volens
1301 2844 1390 2872 vivere
1404 2845 1516 2874 vit'lres.
