1920 3046
203 154 254 182 787

206 213 310 240 Vermu
325 215 405 242 edunt
416 215 503 241 omnia
514 219 539 241 et
555 223 612 249 seq.

229 260 335 287 Cuncta
349 260 481 288 vermium
497 261 636 296 pabulum,
648 267 745 289 cuncta
759 263 894 290 tinearum
910 270 972 290 esca
987 272 994 296 ;

201 307 247 331 tua
265 312 330 332 vero
343 313 377 333 ne
392 305 421 332 in
449 306 557 333 tumulo
582 307 734 342 relinquas,
759 315 813 335 non
838 308 927 335 solum
949 316 994 335 re-

200 357 289 377 nuens
302 350 460 385 magniﬁcas
476 352 634 386 exsequias,
653 352 702 380 sed
725 353 809 380 etiam
830 353 994 380 aresccndas

201 394 271 422 dans
285 402 382 424 carnes
400 402 462 424 tuas
475 405 522 432 per
539 399 748 432 temperantiam
775 403 802 426 et
819 399 893 426 nuda
911 399 993 426 indu~

201 449 266 469 cens
280 449 342 469 ossa
363 443 390 469 in
407 444 576 478 sepulcrum.
591 445 626 471 ita
642 449 671 472 nt
687 446 715 472 in
732 446 793 480 ipso
812 446 941 482 sepulcro
959 446 993 474 de

202 486 290 514 nihilo
312 488 441 515 laetentur
455 497 562 517 vermes
586 494 700 525 propter
717 494 764 524 te;
783 492 870 518 honor
886 491 936 518 tibi
958 491 993 518 ad

199 532 302 559 exitum
317 540 417 561 nomen
433 534 603 565 sithonum;
627 535 694 563 illud
713 537 787 563 enim
804 541 880 563 tuum
901 544 992 564 rema-

200 581 256 608 net,
269 577 343 612 quod
354 578 464 610 melius,
480 579 560 614 juxta
585 579 768 616 Scripturam,
790 589 873 618 quam
897 582 990 610 decem

199 621 284 648 millia
297 622 490 650 thesaurorum
506 625 576 651 auri.

199 667 232 695 57
253 667 408 703 Hospitibus
426 671 589 699 nostratibus
603 679 690 706 parce.

233 714 374 743 Nostrates
398 716 520 752 hospites
539 723 620 745 vocat
637 725 685 746 eos
707 719 755 754 qui
772 719 854 746 nobis
882 723 948 746 sunt
961 727 988 746 a-

201 761 278 794 mici,
292 763 438 797 populares
455 768 481 790 et
501 763 595 796 vicini,
621 765 723 799 quibus
748 765 942 793 :emulantibus
962 770 990 793 et

199 807 312 841 invidia,
345 814 374 837 ut
388 810 539 838 vicinorum
559 819 620 839 mos
631 815 684 844 est,
707 820 816 848 semper
841 813 991 840 laboranti—

199 854 252 881 bus
267 857 295 881 et
320 854 527 887 insidiantibus,
554 863 654 891 parcas
667 861 694 884 et
709 857 827 892 benigna
844 857 1000 892 pietateab-

201 899 303 927 stineas
335 900 459 935 ipsorum
474 901 583 930 fortiter
592 903 794 938 reprehendere
809 904 941 936 malitias,
955 911 990 930 ne

200 943 297 978 majori
310 945 375 972 odio
392 946 498 974 incensi
514 948 601 982 magis
623 947 804 976 diseedantet
828 949 990 984 elongentur

200 996 215 1016 a
231 993 278 1023 te;
289 992 407 1019 maxime
421 996 512 1020 autem
526 993 690 1022 decedentes
707 995 863 1023 cohibearis
876 1003 991 1032 arguere

201 1040 333 1068 mortuos,
357 1038 403 1073 qui
428 1039 521 1066 omnia
550 1039 595 1068 hic
621 1041 800 1076 reliquerunt.
829 1041 990 1076 Agedum.o

200 1082 293 1116 homo,
315 1092 365 1120 pro
383 1084 450 1117 Deo,
482 1085 573 1113 omnis
601 1094 759 1114 sermonum
773 1095 896 1114 meorum
917 1087 992 1114 audi-

200 1134 254 1161 tor,
270 1130 323 1162 eia,
343 1131 501 1158 universum
519 1131 593 1159 hunc
610 1132 742 1160 mundum
758 1133 947 1161 inordinatum
963 1138 991 1160 et

201 1175 314 1208 malum,
329 1181 356 1204 et
374 1178 464 1204 omnia
474 1185 534 1213 qua:
548 1178 576 1205 in
592 1186 626 1206 eo
637 1179 989 1214 videntur,jucundissima

200 1226 248 1248 aut
265 1223 394 1257 pessima.
409 1224 538 1251 amabilia
551 1230 600 1252 aut
620 1225 783 1253 detestanda
798 1231 825 1253 et
838 1234 991 1255 arumnosa

202 1268 246 1295 hic
263 1269 415 1304 relinquas,
428 1274 455 1297 et
474 1270 590 1306 spiritus
607 1271 699 1298 velum
714 1277 740 1299 et
754 1271 942 1299 rectitudinetn
954 1272 992 1299 in-

201 1314 356 1350 telligentia:
371 1319 426 1342 tuas
445 1316 479 1343 ad
497 1317 637 1344 caelestem
661 1318 733 1344 viam
750 1318 848 1352 pande.
863 1317 899 1345 De
913 1323 992 1346 caue-

201 1361 250 1391 ris,
264 1367 282 1388 ο
292 1361 333 1387 vir
346 1361 390 1388 cui
406 1361 477 1389 Deus
489 1362 536 1389 dat
551 1370 654 1394 escam,
665 1370 746 1398 quem
759 1363 860 1390 divinis
873 1364 921 1390 alit
936 1371 992 1391 me-

201 1407 392 1439 ditationibus,
414 1415 498 1444 opera
515 1412 543 1435 et
556 1409 649 1436 studia
664 1417 773 1444 semper
798 1410 902 1444 optima
927 1417 991 1437 sua-

201 1453 271 1481 viter
287 1458 314 1481 et
331 1454 439 1490 placide
458 1455 611 1482 secundum
631 1457 715 1483 Deum
731 1460 786 1483 ate
812 1456 992 1491 perﬁciantur

201 1504 227 1526 et
244 1505 412 1535 peragantur
433 1508 482 1535 pro
505 1501 611 1539 viribus
634 1501 699 1528 tuis.
726 1501 943 1537 Supereminens
963 1506 992 1529 et

199 1538 294 1572 omnia
305 1546 443 1573 excedens
464 1538 587 1573 Trinitas
611 1549 707 1573 sancta
723 1550 787 1574 ante
809 1546 905 1574 oculos
931 1550 992 1574 tuos

202 1598 322 1625 prasens
339 1599 422 1626 quam
447 1585 576 1626 plurimis
593 1592 648 1619 tuis
677 1592 891 1627 cogitationibus
911 1592 991 1627 digna

163 1648 166 1651 ·
202 1637 251 1664 tibi
271 1642 412 1672 appareat,
437 1638 484 1673 qui
505 1638 734 1673 complacentiam
754 1646 848 1666 sumas
873 1639 900 1666 in
921 1644 992 1666 terra

202 1685 363 1715 viventium,
381 1688 409 1712 et
421 1686 467 1720 qui
485 1685 512 1712 in
525 1685 724 1713 luminePatris
740 1687 885 1720 luminum,
903 1687 994 1722 splen-

203 1729 298 1757 dorem
311 1729 435 1764 ejusdem
450 1735 555 1758 uaturaa
569 1735 595 1758 et
605 1732 697 1766 gloriae
709 1732 832 1764 intuens,
849 1734 993 1768 trisagium

203 1781 265 1801 cum
281 1775 448 1809 supernisin
465 1775 750 1811 cmlointelligentiis,
775 1782 889 1805 tonante
913 1778 995 1805 simul

204 1819 330 1855 theologo
341 1826 368 1848 et
388 1822 446 1856 ipse
460 1823 602 1851 exsultans
625 1824 802 1852 cnncinas‘in
819 1825 918 1852 saecula
944 1833 996 1852 saa—

205 1866 339 1894 culorum.
369 1867 466 1896 Amen.
505 1868 593 1904 Super
618 1870 727 1898 arcanis
755 1871 846 1906 magni
873 1870 995 1907 Gregorii

206 1911 335 1948 Theologi
349 1915 516 1942 carminibus
533 1923 603 1950 opus
621 1915 809 1944 tredeciinum.

209 1957 333 1993 Ejusdem
349 1958 460 1991 Nicetre.
478 1961 560 1994 quiet
584 1961 680 1994 David,
704 1963 770 1989 servi
795 1962 858 1989 Iesu
885 1962 995 1994 Christi,

241 1994 399 2033 plr_iL0._wp/_ti,
408 1996 593 2033 interpretatio
611 1998 835 2033 Telraslichorum
848 1998 878 2026 S.
899 1998 996 2033 Grego-

243 2030 277 2055 u'i
290 2029 414 2066 Tlieologi
424 2029 484 2066 quia
493 2031 530 2058 sic
546 2032 679 2066 inscripsit
691 2040 701 2059 :

206 2101 328 2140 Gregorii
345 2108 410 2139 opus
423 2101 741 2140 sumsletrnstichamque
760 2100 910 2140 methodurn
922 2109 996 2140 seruo

243 2135 276 2163 Ιῖι
288 2135 424 2162 sententiis
437 2135 633 2166 auirituatibus,
643 2135 840 2163 monumentum
850 2136 996 2169 sapicntia’.

244 2176 380 2211 Longiura
399 2178 524 2205 volebam
540 2186 700 2206 sermonum
722 2187 806 2215 opera
820 2180 996 2215 protendens,

207 2223 242 2251 de
254 2224 370 2259 singulis
385 2225 537 2252 carminum
555 2225 683 2262 Theologi
694 2222 912 2262 expositionibus
934 2234 999 2254 con-

207 2270 319 2306 dignum
344 2272 572 2299 commentarium
597 2272 735 2305 ordinare,
753 2273 835 2300 simul
852 2272 918 2300 mihi
935 2280 997 2307 per-

207 2322 317 2351 gratum
343 2317 448 2345 l'aciens
461 2318 581 2353 gloriose
602 2319 769 2346 incumbenti
792 2319 893 2346 divinis
913 2319 996 2353 hujus

207 2362 325 2398 insignis
339 2362 443 2398 ingenii
461 2363 688 2392 meditationibus
705 2368 732 2392 et
755 2365 942 2396 sermonibus,
955 2365 994 2392 si-

208 2409 264 2435 mul
279 2414 306 2436 et
324 2409 454 2444 deinceps
472 2410 646 2438 venientibus
665 2411 812 2438 utilitatem
827 2415 925 2438 contra
948 2419 996 2444 va-

207 2461 258 2482 nas
275 2454 309 2481 de
323 2455 384 2482 istis
398 2455 565 2490 quaesuones
579 2459 726 2490 praestans,
746 2457 793 2484 sed
807 2456 879 2484 alius
896 2456 996 2492 regalis

207 2505 234 2528 et
250 2502 356 2537 paterni
371 2503 497 2538 praecepti
516 2502 679 2531 recordatus
695 2510 756 2530 sum
769 2510 776 2530 :
789 2502 842 2530 Fili
860 2503 909 2535 mi.
927 2510 994 2531 cave

208 2555 242 2575 ne
254 2548 339 2575 lat-ias
351 2548 444 2583 plures
456 2549 552 2582 libros,
581 2558 636 2585 quo
651 2550 797 2577 enuntiato
815 2557 929 2577 causam
945 2558 995 2577 ex—

208 2594 295 2628 ponit.
315 2602 412 2629 nempe
427 2596 500 2630 quod
517 2604 572 2623 non
585 2597 621 2624 sit
637 2596 780 2623 conclusio
795 2603 846 2624 nec
862 2596 996 2631 perfectio

207 2647 322 2674 operum
341 2640 375 2667 de
392 2641 502 2668 inlinita
527 2642 661 2677 sapientia
686 2641 744 2672 Dei.
773 2645 801 2669 et
817 2641 996 2669 afﬂictionem

207 2686 274 2713 dicit
290 2687 404 2720 spiritus
419 2691 446 2713 et
459 2687 562 2717 carnis,
584 2688 755 2722 frequentem
780 2686 995 2720 meditationem,

244 2753 346 2790 (mihi
367 2754 432 2790 edit.
449 2754 546 2782 Colon.
563 2762 591 2790 p.
609 2755 660 2782 l56
682 2755 717 2781 ita
731 2755 865 2789 inscripta
877 2759 940 2783 sunt
956 2760 997 2782 te-

209 2788 340 2815 tra-liena
351 2799 357 2815 :
368 2789 428 2825 ΑΤοῆ
444 2789 525 2816 αὑτοῦ
546 2788 665 2824 μεγάλου
686 2788 837 2825 Γρηγορίου
851 2790 897 2817 τοῦ
913 2790 999 2817 θεολό-

209 2831 259 2865 γου
275 2823 446 2865 γνωμολογία
468 2823 653 2865 λιετρᾶστιχος
675 2823 865 2865 δι”-ἰάμϐωνς
895 2826 997 2865 omissa

211 2862 253 2884 est
268 2862 357 2884 autem
371 2859 458 2893 ipsius
466 2859 588 2893 Gregorii
605 2859 757 2893 inscriptio.
772 2859 880 2887 Servata
898 2861 923 2887 in
936 2861 998 2887 aliis

214 2893 435 2932 tetrastichorum
449 2894 626 2929 editionibus,
642 2898 672 2922 ut
691 2896 719 2922 in
740 2895 797 2927 illa,
815 2903 898 2930 quam
914 2895 995 2924 ador-

889 156 1036 185 NICETAS
1056 156 1160 184 DAVID

999 236 1002 239 -
1048 216 1137 250 Ξῆτες
1150 216 1273 242 ἔδουσιν
1289 214 1415 243 ἅπαντα,
1433 222 1459 239 κ.
1480 222 1504 238 τ.
1520 213 1542 237 ὲ.

1779 151 1829 178 738

1081 263 1173 290 Πάντα
1187 261 1277 297 σητῶν
1288 260 1405 294 δαπάνη,
1419 259 1508 286 πάντα
1518 258 1665 293 σκωλήκων
1679 255 1829 290 καθέστηκε

1045 309 1111 345 βορά
1125 317 1132 323 ·
1154 309 1187 336 σὺ
1201 308 1229 334 δὲ
1246 307 1280 334 τὰ
1298 306 1331 334 σει
1352 305 1413 342 μηδ’
1429 305 1520 336 αὐτοῖς
1534 305 1589 335 τοῖς
1612 303 1709 338 τάφοις
1721 302 1830 329 καταλί-

1044 364 1114 387 ποις,
1128 356 1158 382 οὐ
1178 354 1257 389 μόνον
1273 352 1455 387 ἐνταφιασμὸν
1476 350 1669 386 ἀπηρνημένος
1685 347 1830 383 πολυτελῆ,

1044 400 1111 428 ἀλλὰ
1128 400 1174 427 καὶ
1197 399 1280 430 αὑτὰς
1297 398 1412 433 ὲκτήξας
1426 397 1475 429 τὰς
1499 396 1603 431 σάρκας
1624 393 1772 429 ἐγκρατείᾳ
1786 393 1831 419 καὶ

1043 446 1135 482 γυμνὰ
1156 444 1294 481 παραδοὺς
1307 444 1377 472 ὀστᾶ
1390 445 1423 479 τῇ
1437 444 1520 477 ταῳῇ,
1534 441 1572 473 ὡς
1585 441 1618 467 ἂν
1634 440 1696 476 μηδ’
1712 440 1741 466 ἐν
1758 439 1830 473 αὐτῷ

1042 492 1081 527 τῷ
1095 492 1173 527 τάφῳ
1191 491 1299 526 χαρεῖεν
1323 490 1347 516 οἱ
1370 489 1449 524 σῆτες
1464 488 1511 514 ἐπὶ
1526 486 1582 513 σοί·
1606 485 1674 521 τιμὴ
1688 485 1717 511 δέ
1732 494 1774 511 σοι
1788 485 1829 517 ἐξ·

1042 539 1110 570 ὀδιος
1126 537 1212 572 ὄνομα
1231 536 1300 563 ἔστω
1316 534 1417 570 ἀγαθόν
1427 543 1434 550 ·
1455 533 1522 560 αὐτὸ
1537 534 1590 568 γάρ
1610 540 1651 558 σοι
1665 531 1829 567 παραμένει,

1042 584 1140 611 ὃτικαὶ
1154 583 1290 619 κρεῖσσον,
1306 580 1377 608 κατὰ
1396 580 1427 607 τὸ
1447 579 1547 614 λόγιον,
1564 578 1581 614 ἢ
1600 577 1679 613 χίλιοι
1700 577 1829 613 θησαυροὶ

1042 629 1164 665 χρυσίου.

1041 676 1076 703 57
1087 675 1200 702 Ξείνωγ
1209 672 1371 709 ἡμεδαπῶν
1380 671 1560 707 περιφείδεο.

1075 722 1184 752 Ξείνους
1196 720 1361 757 ἡμεδαποὺς,
1373 719 1435 749 τοὺς
1445 716 1594 752 ἐγχωρίους
1609 715 1703 750 φίλους
1715 716 1763 742 καὶ
1779 714 1830 748 γεί-

1041 767 1120 800 τονὰς
1137 775 1232 802 φησιν’
1256 762 1294 792 ὧν
1308 763 1507 800 βασκαινόντων
1522 761 1569 788 καὶ
1582 761 1681 795 φθόνῳ,
1691 760 1764 787 καθά
1776 759 1830 793 γεί-

1041 823 1099 842 τοσι
1111 815 1196 848 φίλον,
1212 812 1255 839 ἀεὶ
1269 810 1498 838 ἐπιϐουλευόντων
1513 808 1559 836 καὶ
1575 806 1732 834 λυπούντων
1752 814 1830 840 περι-

1043 861 1149 896 φείδου·
1167 860 1214 886 καὶ
1233 857 1347 885 εὐλαϐοῦ
1369 856 1419 888 τὰς
1437 855 1526 884 αὐτῶν
1548 853 1666 889 ἰσχυρῶς
1681 852 1830 887 ἐξελέγχειν

1043 907 1191 942 πονηρίας,
1215 906 1259 932 ἴνα
1277 905 1316 941 μὴ
1331 904 1430 939 μᾶλλον
1452 902 1616 937 μισήσαντες
1642 899 1743 935 μᾶλλον
1766 899 1831 925 ἀπο-

1043 954 1191 987 φοιτήσωσι
1209 950 1257 977 καὶ
1271 949 1424 976 ἀπόλωνται
1445 948 1478 974 ἐκ
1493 945 1556 973 σοῦ·
1587 945 1703 981 μάλιστα
1727 943 1757 970 δὲ
1778 943 1830 970 τῶν

1043 998 1230 1033 ἀποιχομένων
1244 995 1347 1031 νεκρῶν
1373 994 1454 1029 ἄνεχε
1478 993 1527 1028 τὴν
1547 991 1666 1028 μέμψιν,
1693 991 1718 1017 οἳ
1746 989 1830 1017 πάντα

1044 1043 1189 1071 κατέλιπον
1208 1041 1333 1069 ἐνταῦθα.
1366 1039 1451 1075 Δεῦρο
1469 1038 1502 1074 δὴ
1520 1036 1577 1067 οὗν.
1599 1034 1620 1064 ὦ
1646 1037 1773 1071 ἄνθρωπε
1786 1034 1830 1061 τοῦ

1044 1090 1121 1121 Θεοῦ,
1137 1090 1190 1120 πᾶς
1211 1090 1226 1115 ὁ
1242 1087 1296 1114 ¹τῶν
1312 1086 1386 1122 ἐμῶν
1402 1085 1489 1120 λόγων
1505 1082 1651 1119 ἀκροατὴς,
1672 1082 1722 1116 ἄγε
1737 1081 1775 1121 δή.
1789 1089 1832 1115 μοι

1045 1138 1133 1164 πάντα
1150 1135 1223 1162 τόνδε
1242 1134 1288 1161 τὸν
1307 1133 1408 1168 κόσμον
1428 1131 1473 1158 τὸν
1498 1130 1617 1164 ἄκοσμον
1635 1129 1682 1155 καὶ
1705 1127 1831 1163 πονηρὸν,

1045 1183 1091 1209 καὶ
1110 1183 1197 1209 πάντα
1211 1181 1245 1207 τὰ
1266 1181 1294 1206 ἐν
1311 1178 1385 1214 αὐτῷ
1405 1176 1535 1205 δοκοῦντα
1549 1175 1644 1210 ἥδιστα
1663 1174 1680 1209 ἢ
1705 1173 1831 1208 δυσχερῆ,

1045 1226 1148 1263 ἐραστὰ
1161 1226 1179 1261 ἢ
1197 1224 1322 1252 ἀπευκτὰ
1340 1223 1387 1250 καὶ
1401 1220 1511 1256 λυπηρὰ
1526 1218 1651 1246 ἐνταυθοῖ
1665 1217 1831 1251 καταλείψας

1044 1274 1074 1300 τὸ
1087 1272 1134 1299 τοῦ
1151 1271 1196 1298 νοῦ
1212 1271 1295 1298 ἱστίον
1313 1269 1360 1296 καὶ
1375 1269 1425 1304 τὴν
1440 1267 1574 1301 εὐθύτητα
1589 1266 1638 1301 τῆς
1650 1265 1771 1296 διανοίας
1787 1271 1832 1289 σου

1046 1319 1114 1355 πρὸς
1137 1318 1185 1353 τὴν
1207 1316 1332 1353 οὐράνιον
1357 1314 1534 1342 διεκπὲτασον
1556 1311 1642 1347 ζωήν·
1670 1310 1718 1336 καὶ
1738 1309 1771 1335 τὰ
1786 1308 1832 1343 μὲν

1045 1365 1111 1392 ἄλλα
1126 1372 1177 1394 σοι,
1194 1360 1218 1390 ὦ
1231 1361 1376 1397 θεοτρεφὲς
1390 1361 1466 1396 ἄνερ,
1482 1361 1496 1386 ό
1513 1360 1569 1390 τοῖς
1584 1358 1667 1389 θείοις
1685 1356 1832 1391 ἐντεθραμ-

1047 1410 1125 1446 μένος
1140 1409 1309 1444 θεωρήμασι,
1321 1407 1390 1442 ἔργα
1397 1414 1428 1433 τε
1443 1405 1489 1432 καὶ
1504 1403 1702 1439 σπουδάσματα
1717 1402 1762 1429 ἀεὶ
1775 1401 1833 1437 ἄρι-

1046 1466 1095 1484 στα
1114 1455 1170 1492 ἦκά
1190 1464 1229 1482 σοι
1242 1454 1289 1481 καὶ
1300 1453 1392 1489 ἡρέμα
1404 1452 1474 1479 κατὰ
1486 1451 1552 1478 Θεὸν
1569 1448 1722 1482 ἐξανυέσθω
1736 1448 1782 1474 καὶ
1798 1446 1833 1476 ὡς

1046 1503 1156 1537 ἐφικτὸν
1172 1499 1412 1536 συμπεραινέσθω·
1436 1497 1526 1533 ἔξοχος
1535 1497 1564 1523 δὲ
1580 1496 1627 1523 καὶ
1641 1495 1701 1522 καθ’
1717 1493 1833 1529 ὑπερϐο-

1045 1549 1093 1584 λὴν
1105 1549 1145 1580 εἰς
1156 1546 1308 1584 ὑπερβολὴν
1320 1546 1336 1581 ὴ
1350 1544 1433 1580 Τριὰς
1446 1545 1462 1580 ἡ
1475 1543 1551 1578 ἁγία,
1561 1542 1614 1578 πρὸ
1630 1540 1778 1576 ὀφθαλμῶν
1793 1547 1833 1566 σοι

1046 1593 1210 1630 παρεστῶσα
1224 1592 1324 1627 πολλῆς
1341 1591 1381 1618 ὅτι
1398 1590 1514 1626 μάλιστα
1530 1589 1578 1624 τῆς
1594 1587 1732 1624 φροντίδος
1747 1585 1834 1619 ἀξιού-

1044 1643 1110 1671 σθω,
1120 1641 1194 1672 ὅπως
1214 1639 1246 1666 ἂν
1261 1640 1289 1664 ἐν
1302 1639 1335 1673 τῇ
1347 1636 1425 1672 χώρᾳ
1437 1635 1492 1662 τῶν
1507 1634 1614 1667 ζώντων
1631 1631 1832 1668 εὺηρεστηκὼς.

1043 1687 1092 1714 καὶ
1102 1688 1130 1713 ἐν
1145 1685 1183 1721 τῷ
1192 1684 1239 1712 τοῦ
1252 1682 1406 1720 ἀρχιφώτου
1423 1682 1492 1717 φωτὶ
1502 1680 1607 1716 [ἰατρὸς
1619 1680 1649 1706 τὸ
1657 1678 1776 1714 όμοφυές
1789 1678 1833 1704 καὶ

1043 1732 1169 1768 ὁμόδοξον
1182 1730 1366 1765 αὺγαζόμενος
1382 1727 1564 1762 ἀπαύγασμα,
1577 1726 1606 1752 τὸ
1628 1725 1768 1761 τρισάγιον
1788 1723 1834 1750 σὺν

1044 1779 1100 1809 τοῖς
1121 1774 1328 1812 ὑπερουρανίοις
1348 1773 1419 1804 νόοις
1433 1771 1581 1808 μελῴδημα
1598 1771 1666 1806 μετὰ
1678 1770 1728 1804 τῆς
1749 1768 1834 1795 θεολό-

1045 1833 1094 1858 γου
1106 1821 1220 1858 βροντῆς
1239 1820 1287 1847 καὶ
1303 1819 1383 1850 αὐτὸς
1402 1818 1552 1854 γηθόμενος
1574 1816 1784 1851 ωναναμὲλπῃς
1797 1816 1834 1845 εἰς

1044 1870 1107 1900 τοὺς
1118 1867 1218 1899 αἰῶνας
1227 1866 1282 1893 τῶν
1291 1865 1407 1893 αἰώνων.
1417 1865 1512 1900 Ἀμήν.
1529 1864 1576 1895 Εἰς
1590 1863 1624 1889 τὰ
1636 1862 1781 1899 ἀπόρρητα
1789 1860 1833 1887 τοῦ

1048 1914 1167 1951 μεγάλου
1180 1912 1331 1949 Γρηγορίου
1343 1911 1392 1938 τοῦ
1403 1910 1535 1945 Θεολόγου
1551 1909 1604 1945 ἐπη
1620 1908 1720 1944 πρᾶξις
1732 1907 1776 1942 ιγ’.

1051 1961 1106 1989 Τοῦ
1118 1960 1210 1988 αὑτοῦ
1227 1959 1351 1992 Nimim.
1366 1957 1420 1994 τοῦ
1432 1957 1481 1984 καὶ
1494 1956 1594 1994 dav“,
1608 1955 1721 1994 δούλου
1733 1953 1833 1994 ’ίησοῦ

1083 1995 1212 2031 Χριστοῦ
1233 1994 1289 2032 τ’ρῆ
1304 1993 1475 2032 φιλοσόφου
1494 1991 1642 2032 ,ἑρμηιςεία
1662 1991 1721 2032 τῷτ-
1737 1992 1834 2032 Τετρα-

1080 2026 1194 2066 σσίχων
1208 2030 1261 2057 τοῦ
1273 2026 1359 2066 ἁγίου
1370 2027 1536 2066 ρηγορίου
1549 2027 1602 2053 τοῦ
1620 2026 1778 2060 Θεολόγου.
1792 2026 1834 2058 οἷς

1083 2063 1252 2101 ἐπέᾷτραψεν
1259 2064 1360 2101 οὕτως
1440 2071 1447 2077 ·

1048 2094 1213 2136 Γρηγὸῥίοῦ
1223 2100 1316 2132 πόνος
1333 2094 1401 2133 εἶμί,
1417 2094 1625 2136 ζετριιστιχίην
1639 2096 1674 2122 δὲ
1687 2094 1834 2136 gnificat.)

1083 2131 1220 2171 Γιλάῖμαις
1237 2131 1448 2168 πνευματικαῖς
1466 2132 1665 2167 μνημόσυνον
1681 2131 1801 2165 σοφίης.

1090 2181 1255 2216 Ἐϐουλόμην
1269 2179 1440 2216 μακροτέρας
1457 2177 1543 2212 λόγων
1556 2176 1748 2212 πραγματείας
1761 2184 1835 2202 κατα·

1048 2229 1217 2262 τεινόμενος,
1237 2226 1304 2262 πρὸς
1328 2225 1447 2260 ἑκάστην
1471 2224 1598 2251 ὑπόθεσιν
1617 2222 1672 2248 τῶν
1694 2222 1834 2258 ἐμμέτρων

1049 2274 1123 2301 ἐπῶν
1137 2273 1184 2300 τοῦ
1195 2272 1326 2306 Θεολόγου
1338 2271 1386 2306 τὴν
1404 2270 1576 2306 ἁρμόζουσαν
1590 2268 1721 2304 ἐξήγησιν
1741 2267 1833 2295 ἀνατά-

1049 2319 1163 2353 ξασθαι,
1183 2318 1250 2353 ὁμοῦ
1272 2317 1321 2352 μὲν
1340 2315 1451 2352 ἐμαυτῷ
1473 2315 1650 2351 χαριζόμενος
1667 2314 1833 2348 ἑγκαλλωπι-

1050 2365 1155 2400 ζομένῳ
1165 2365 1221 2396 τοῖς
1235 2364 1284 2399 τῆς
1295 2363 1398 2389 ἐκείνου
1425 2361 1600 2397 μεγαλονοίας
1617 2361 1777 2397 θεωρήμασι
1791 2361 1833 2386 καὶ

1050 2410 1258 2446 θεολογὴμασιν,
1275 2409 1343 2444 ὁμοῦ
1362 2409 1391 2435 δὲ
1406 2408 1454 2434 καὶ
1469 2409 1524 2440 τοῖς
1539 2407 1651 2434 ὄπισθεν
1664 2407 1750 2434 ίοῦσιν
1768 2406 1833 2440 ὼφέ-

1046 2457 1122 2484 λειαν
1136 2458 1195 2488 ταῖς
1215 2456 1278 2491 περὶ
1294 2455 1396 2482 τούτων
1411 2453 1579 2488 ἀδολεσχίαις
1593 2453 1736 2488 προμηθού
1740 2461 1816 2488 μενος
1825 2459 1831 2467 ·

1046 2504 1128 2538 ἄλλης
1146 2503 1174 2530 δὲ
1188 2502 1329 2538 βασιλικῆς
1355 2500 1538 2536 ὑπομνησθεὶς
1557 2501 1605 2526 καὶ
1616 2500 1755 2535 πατρικῆς
1767 2499 1833 2525 ἐντο-

1046 2550 1105 2585 λῆς,
1126 2550 1173 2576 Υἱὲ
1198 2558 1258 2584 μου,
1282 2548 1397 2582 φύλαξαι
1417 2547 1465 2574 τοῦ
1489 2547 1602 2581 ποιῆσαι
1625 2546 1717 2581 βιῦλία
1742 2545 1830 2574 πολλὰ.

1047 2595 1289 2632 παραγγελλούσης
1295 2595 1361 2630 (80),
1369 2595 1415 2621 καὶ
1421 2594 1451 2620 τὸ
1459 2593 1544 2620 αἴτιον
1550 2593 1755 2629 ἐπαγαγούσης,
1761 2593 1788 2619 τὺ
1798 2593 1830 2626 μὴ

1050 2640 1118 2669 εἶναι
1134 2641 1275 2676 περασμὺν
1297 2640 1314 2676 ἢ
1340 2640 1493 2667 συντέλειαν
1510 2639 1565 2666 τῶν
1581 2639 1777 2674 συνταγμάτων
1788 2638 1830 2672 τῆς

1050 2687 1164 2722 ἀπείρου
1180 2686 1275 2720 σοφίας
1289 2685 1336 2712 τοῦ
1347 2685 1426 2718 Θεοῦ,
1445 2684 1492 2711 καὶ
1507 2685 1627 2711 κόπωσιν
1647 2684 1698 2719 μὲν
1709 2683 1831 2718 λεγούσης

1048 2754 1123 2781 navit
1140 2753 1285 2791 Erhardus
1296 2753 1482 2791 Hed_enec_ciu_s
1496 2751 1568 2791 med.
1584 2752 1661 2791 doct.
1677 2760 1738 2779 cum
1751 2750 1830 2791 ﬁnali

1048 2789 1208 2824 paraphrasi
1225 2789 1338 2816 Basileae
1351 2789 1378 2815 in
1398 2788 1504 2824 ollicina
1516 2786 1591 2824 Petri
1609 2786 1703 2824 Perint-
1718 2784 1829 2824 a._l_577.

1045 2821 1080 2844 -——
1090 2821 1138 2851 Ed.
1158 2831 1220 2850 nov.
1238 2833 1264 2858 p.
1279 2824 1349 2852 597:
1366 2822 1540 2858 Γνωμολογία
1553 2821 1832 2857 τετράστιχοςλᾘηι-

1048 2860 1140 2887 stic/un
1151 2860 1297 2886 sententias.

1083 2895 1137 2931 (80)
1153 2894 1474 2932 C0d._7t1paﬂ£).05611§,
1491 2903 1516 2922 v.
1529 2902 1557 2930 p.
1576 2893 1637 2927 120,
1655 2893 1696 2920 Η.
