1920 3046
115 159 172 187 789
187 166 190 169 ‘

114 217 206 252 ψυχῆς
219 216 266 243 καὶ
279 216 377 251 σαρκὸς
389 216 437 252 τὴν
448 217 581 252 ἀμετρίαν
594 217 726 253 ὑπάρχειν
736 220 785 252 τῆς
796 217 909 253 μελέτης

115 262 168 297 τὴν
179 262 226 288 ἀπ’
232 261 317 297 αὐτῆς
327 262 355 288 δὲ
363 262 494 296 ὠςςέλειαν
502 264 548 289 καὶ
559 263 649 299 πάσης
656 264 834 291 θεοπνεύστου
841 265 896 300 Γρα
902 279 910 285 -

116 308 171 342 φῆς
185 307 298 343 δύναμιν
313 309 353 340 είς
368 309 414 336 τὸν
424 309 470 336 τοῦ
485 309 552 336 Θεοῦ
569 309 651 344 φόϐον
677 311 784 346 καὶτῆς
800 312 909 347 ἐντολῆς

115 354 233 389 τήρησιν
246 355 547 391 συγκεφαλαιουμένους
563 357 662 389 ἐξεῖναι
679 357 780 385 λαϐεῖν.
797 358 910 393 Τοιγάρ-

116 407 160 425 τοι
175 399 224 434 τῆς
238 401 434 435 παραγγελίας.
451 401 551 436 ταύτης
573 402 793 437 ἀκροασάμενος,
807 403 908 437 ἐφυλα-

121 444 213 479 ξάμην
227 445 366 472 ἐπιπλεῖον
376 446 425 481 τῆς
438 446 594 482 ἐξηγήσεως
608 447 677 482 μετά
694 448 744 484 τὴν
754 448 809 475 τῶν
821 449 908 484 ἀπορ-

120 489 212 524 ρήτων
220 490 364 525 ἐπίσκεψιν
373 491 448 523 ἱέναι,
458 492 613 519 τελευταίαν
621 493 648 519 δὲ
659 493 714 519 τῶν
722 493 909 530 προκειμένων

116 535 303 570 τετραστίχων
319 536 421 564 τούτων
447 538 497 573 τὴν
516 539 704 574 γνωμολογίαν
727 539 909 575 ἀποχρώντως

117 581 194 615 ἡμᾶς
210 581 405 617 οἰκοδομούσης
422 584 490 619 πρός
510 593 540 611 τε
554 584 670 620 θεωρίαν
689 585 736 612 καὶ
754 585 853 621 πρᾶξιν
866 585 909 618 ἐξ·

117 627 292 661 ηγησάμενος
304 629 429 658 καταπαύ
434 638 481 657 σω.

120 672 129 708 l
147 670 262 704 Ιιριῖξιν
275 673 490 707 προτιμήσειας
507 674 525 708 ἢ
542 675 685 708 θεωρίανς

116 706 135 733 2
156 707 246 741 "0501;-
264 706 386 734 τελείων
397 706 495 744 ἔργον,
506 706 525 743 ἦ
542 709 575 736 δὲ
588 706 811 746 ﬂammast).

159 752 326 787 Ἀποΰλέψας
340 753 362 784 ό,
379 754 587 790 μακαριώτατος
603 756 671 791 πρός
692 765 722 782 τε
743 756 792 792 τὴν
810 757 908 792 πρᾶξιν

116 797 167 832 τῆς
183 799 282 834 ἀρετῆς
304 800 350 826 καὶ
363 800 411 835 τῆς
427 801 543 836 θεωρίας
559 802 608 838 τὴν
631 803 777 836 ἀνάϐασιν,
799 804 845 831 καὶ
858 805 908 839 τῆς

117 843 169 881 μὲν
182 843 212 869 τὸ
228 843 393 878 καθαρτικὸν
410 845 457 872 καὶ
469 846 631 880 φωτιστικὸν
643 847 696 874 τῶν
711 847 845 883 σωμάτων
859 849 907 876 καὶ

114 889 171 914 τῶν
184 889 288 924 ψυχῶν,
304 890 352 925 τῆς
366 890 435 917 δὲτὸ
450 891 625 927 τελετουργὸν
647 895 692 920 καὶ
709 894 837 930 οεουργὺν
852 895 906 921 τῶν

114 935 237 970 καρδιῶν
254 937 300 962 καὶ
316 937 394 968 νοῶν,
411 938 457 964 καί
471 947 503 972 γε
515 938 545 965 τὸ
559 939 627 975 πρὸς
643 941 778 968 υἱοθεσίαν
793 942 840 968 καὶ
852 950 906 968 σω-

113 981 214 1015 τηρίαν
225 982 374 1015 ἀναγκαῖον
386 983 440 1009 τῶν
450 984 614 1020 ἀμφοτέρων
628 986 814 1022 ἐκθαυμάσας,
825 987 907 1014 Ποίαν

113 1026 227 1058 τούτων,
243 1027 381 1063 ἐξεϐόησε,
395 1030 593 1065 προτιμοτέραν
607 1031 760 1066 ποιήσειας,
775 1033 824 1067 τὴν
836 1034 907 1068 πρᾶ-

113 1071 157 1104 ξιν
171 1072 187 1107 ἢ
203 1073 252 1108 τὴν
272 1072 406 1108 θεωρίαν;
420 1074 458 1106 ὡς
468 1075 522 1109 γὰρ
535 1075 582 1102 δύο
595 1076 676 1108 ὄντας
691 1077 847 1113 ὀφθαλμοὺς
861 1078 906 1106 τοῦ

113 1116 161 1142 διὰ
173 1116 223 1151 τῆς
242 1118 338 1153 νοερᾶς
353 1119 487 1154 κλίμακος
503 1120 695 1154 ἀναϐαίνοντος
708 1122 776 1158 πρὸς
789 1123 907 1150 τὸνΘεὺν

113 1163 271 1198 ὀμοσθενῶς
286 1173 316 1191 τε
338 1165 385 1192 καὶ
406 1166 548 1201 ὁμοτίμως
564 1168 630 1203 πρὸς
646 1167 675 1194 ἓν
689 1169 768 1203 μόνον
782 1170 812 1195 τὸ
823 1169 906 1202 ὅντως

113 1209 218 1243 ἀγαθὸν
231 1210 384 1246 ὁρμῶντας,
395 1212 445 1238 οὐκ
456 1212 514 1239 ἔστι
524 1213 570 1240 τὸν
584 1213 633 1249 μὲν
646 1214 745 1249 ῥᾳδίως
759 1216 905 1251 προτιμᾷν,

112 1255 161 1282 τὸν
175 1255 203 1282 δὲ
212 1256 323 1291 ἥττονος
337 1257 417 1292 λόγου
438 1258 486 1285 καὶ
507 1260 591 1294 τιμῆς
613 1259 720 1292 ἀξιοῦν·
750 1261 834 1296 ἄμφω
852 1262 907 1296 γὰρ

112 1300 218 1335 ὁμοίως
231 1302 330 1334 αὐτοὺς
348 1302 399 1337 τῆς
411 1303 535 1339 ἀλλήλων
551 1305 677 1340 βοηθείας
696 1307 845 1333 ἐπιδεῖσθαι
860 1308 907 1334 καὶ

115 1347 281 1382 συνεργίας.Δ
291 1347 383 1380 υῦτως
396 1349 413 1384 ὴ
429 1350 528 1384 πρᾶξις
542 1351 592 1386 μὲν
605 1351 700 1387 ὁδηγὺς
717 1352 821 1386 γίνεται
840 1355 907 1389 πρὸς

114 1392 244 1427 θεωρίαν,
265 1394 282 1428 ὴ
297 1392 397 1429 θεωρία
410 1393 438 1420 δὲ
457 1396 573 1430 σφραγὶς
595 1398 628 1432 τῇ
645 1397 744 1433 πράξει
759 1398 805 1425 καὶ
820 1398 907 1433 ἀσφά-

113 1438 176 1464 λεια
202 1438 380 1471 καθίσταται,
401 1440 439 1472 ὡς
467 1441 504 1476 μὴ
525 1441 558 1468 ἀν
581 1450 645 1468 ποτε
659 1442 787 1470 δύνασθαι
804 1444 906 1471 τέλειον

112 1483 186 1511 εἶναι
202 1485 247 1511 τὸν
267 1485 369 1512 τούτων
390 1487 534 1514 ὁποιασοῦν
557 1488 800 1525 ἀποστερούμενον.
836 1490 905 1517 Ἀλλ’

111 1530 175 1556 ἐπεὶ
193 1530 230 1566 μὴ
245 1532 328 1558 πᾶσιν
345 1532 433 1566 ἁγίοις
455 1532 609 1569 ἀνθρώποις
629 1532 704 1561 οὖσιν
727 1536 826 1570 ὁμοίως
845 1538 905 1569 κατ’

112 1576 200 1611 ἄμφω
213 1577 394 1613 ἐνευδοκιμεῖν
408 1579 530 1611 δυνατὸν,
547 1580 564 1615 ἡ
584 1579 633 1615 μὲν
660 1580 721 1613 ὄψις
736 1582 782 1609 καὶ
797 1582 906 1618 καθαρά

112 1621 216 1658 θεωρία
229 1623 283 1649 τῶν
296 1623 406 1651 τελείων
417 1625 532 1661 ἐργασία
546 1626 614 1658 ἐστὶ,
629 1626 690 1657 καθ’
702 1627 763 1654 ὅσον
774 1628 821 1655 καὶ
838 1629 906 1663 μάλ-

111 1667 160 1693 λον
173 1667 218 1694 διὰ
234 1667 284 1703 τῆς
298 1668 423 1704 πράξεως
444 1671 557 1702 ἑαυτοὺς
577 1671 806 1708 ὲκκαθηράμενοι,
824 1674 906 1701 αὐτόν

112 1721 144 1744 τε
156 1712 200 1739 τὸν
220 1713 286 1741 Θεὸν
298 1714 345 1740 καὶ
361 1714 396 1741 τά
412 1715 470 1742 θεῖα
486 1716 653 1752 σαφέστερον
669 1717 808 1751 ἀξιοῦνται
821 1727 906 1746 κατα-

113 1758 227 1794 θεωρεῖν
238 1767 245 1774 ·
269 1761 286 1796 ἡ
314 1760 412 1796 πρᾶξις
430 1761 458 1788 δὲ
472 1761 526 1788 τῶν
546 1763 665 1790 πλεόνων
691 1765 738 1791 καὶ
755 1765 804 1800 τῆς
818 1765 907 1800 ἄκρας

112 1803 282 1839 τελειότητος
308 1805 478 1841 ὑφειμένων,
502 1807 540 1839 ὡς
564 1809 778 1846 σωματικωτέρα
804 1810 905 1845 μᾶλλον

112 1847 182 1877 οὖσα
197 1852 243 1877 καὶ
257 1854 445 1889 ταπεινοτέρα,
459 1854 598 1888 ἀναλόγως
611 1855 657 1881 καὶ
665 1856 714 1891 τῆς
730 1855 846 1891 θεωρίας
857 1855 906 1891 ἥτ-

111 1903 192 1927 τονος
208 1898 393 1932 κατευστοχεῖ.
421 1897 512 1931 Δεξιαὶ
528 1898 578 1933 μὲν
593 1895 640 1925 οὖν
655 1898 809 1934 ἀμφότεραι
824 1895 904 1925 αὗται

113 1940 162 1967 καὶ
182 1940 242 1976 Θεῷ
265 1941 353 1976 φίλαι,
377 1942 446 1978 πρὸς
469 1943 554 1979 αὑτήν
576 1951 606 1969 τε
621 1943 669 1978 τὴν
686 1943 789 1979 Τριάδα
804 1943 905 1979 ὁμοίως

113 1987 162 2013 καὶ
182 1987 232 2022 τὴν
258 1987 313 2015 ἀνω
336 1989 500 2016 κατάστασιν
523 1989 674 2025 φέρουσαι·
704 1990 798 2025 ἐπειδὴ
823 1990 852 2016 δὲ
873 1991 903 2017 οὒ

112 2031 216 2062 πάντες
235 2033 327 2068 ὁμοίας
353 2034 400 2061 καὶ
422 2035 472 2069 τῆς
492 2035 578 2071 αὐτῆς
596 2035 735 2071 ἐνεργείας
756 2036 809 2063 τῶν
826 2044 904 2073 χαρι-

113 2077 228 2111 σμάτων
247 2077 397 2110 ἀξιοῦνται,
421 2079 478 2106 ἀλλ’
489 2079 518 2112 ὃς
531 2079 580 2115 μὲν
597 2080 696 2112 οὕτως,
721 2080 749 2112 ὃς
764 2081 792 2107 δὲ
805 2080 902 2112 οὕτως,

112 2122 163 2153 Σὺ,
176 2122 258 2157 φησὶν
271 2123 285 2148 ό
303 2123 374 2155 θεῖος
391 2124 586 2161 ίεροτελεστὴς,
599 2125 667 2160 πρὸς
681 2126 713 2161 ἦν
729 2125 828 2161 μᾶλλον
842 2127 904 2152 ἑαυ-

111 2168 160 2196 τὸν
187 2169 294 2203 εὐφυῶς
328 2169 422 2204 ἔχοντα
455 2170 501 2197 καὶ
530 2171 660 2206 εὐμαρῶς
688 2171 903 2208 κατορθούμενον

110 2215 190 2250 ὁρᾷς,
203 2212 257 2241 εἴτε
267 2215 336 2250 πρὸς
347 2215 397 2250 τὴν
408 2215 507 2251 πρᾶξιν
518 2216 568 2252 τῆς
578 2216 690 2253 ἀρετῆς,
701 2217 756 2243 εἴτε
771 2218 818 2243 καὶ
834 2217 902 2253 πρὸς

110 2261 163 2295 τὴν
193 2259 309 2296 θεωρίαν
329 2260 377 2287 τοῦ
400 2260 478 2296 λόγον
506 2262 556 2297 τῆς
582 2262 657 2297 ίερᾶς
680 2262 813 2294 πίστεως,
836 2262 904 2298 πρὸς

111 2306 198 2341 αὐτὴν
219 2307 250 2333 τὸ
268 2306 336 2333 πολὺ
358 2306 408 2342 τῆς
431 2307 549 2343 σπουδῆς
571 2307 660 2343 νέμων
676 2307 833 2334 ὲπεκτείνου
858 2308 904 2334 καὶ

112 2353 269 2380 κατευοδοῦ.

110 2399 130 2427 5
142 2399 249 2433 Εῐρετό
257 2399 296 2434 μέ
307 2407 351 2433 τις
364 2400 523 2435 πρόϐλημα
535 2399 594 2426 τῶν
609 2399 644 2427 ἐκ
663 2399 842 2434 πνεύματος.

154 2477 320 2510 Ἀκολοὺθως
335 2479 368 2513 τῇ
386 2478 481 2514 πρώτῃ
498 2478 673 2514 τετραστιχίᾳ
690 2479 766 2514 καὶή
787 2479 902 2516 δευτέρα

109 2524 289 2552 ἐπακολουθεῖ
298 2532 305 2540 ·
316 2524 434 2551 δείκνυσι
444 2525 499 2560 γὰρ
510 2525 663 2559 ἀναγκαίαν
676 2523 760 2552 οὖσαν
773 2525 823 2562 τὴν
832 2527 901 2562 πρᾶ-

110 2571 153 2604 ξιν
171 2571 220 2606 τῆς
239 2570 339 2606 ἀρετῆς
356 2570 424 2606 πρὸς
439 2570 490 2609 τὴν
506 2570 639 2606 ἀνάληψιν
654 2571 703 2606 τῆς
717 2571 844 2607 θεωρίας,
858 2573 899 2600 ὅτι

110 2617 159 2644 καὶ
171 2616 214 2643 δεῖ
227 2616 396 2652 καθαρθέντα
421 2616 528 2652 πρῶτον
544 2615 617 2643 οὕτω
632 2616 681 2651 τῆς
694 2616 824 2652 ἀληθείας
840 2625 902 2644 κατ-

108 2661 248 2695 ευστοχεῖν
256 2668 264 2675 ’
279 2660 325 2687 καὶ
338 2661 362 2687 εἰ
375 2659 412 2696 μὴ
423 2661 438 2687 ὁ
448 2659 509 2692 νοῦς
520 2660 564 2687 διὰ
576 2660 666 2696 πάσης
677 2661 818 2696 θεοφιλοῦς
827 2662 900 2698 πρά-

109 2707 179 2740 ξεως
188 2707 287 2739 παντὸς
298 2706 438 2743 μολυσμοῦ
448 2707 549 2742 σαρκὸς
559 2708 606 2734 καὶ
615 2707 770 2742 πνεύματος
778 2708 902 2743 ἀποτμη-

147 2795 203 2830 (81)
222 2796 272 2833 Ed.
281 2796 376 2825 Venet.
392 2797 453 2833 ὗψις
467 2797 575 2825 τελείων
589 2798 687 2833 ἔργων,
700 2798 745 2832 ὴόὲ
756 2798 895 2832 πλειόνων,

109 2839 192 2866 quam
207 2832 348 2859 lectionem
364 2833 399 2859 ita
412 2832 609 2866 interpretatur
617 2833 738 2861 Zonaras
754 2834 800 2860 fol.
817 2834 834 2861 5
850 2843 874 2861 ν.
887 2843 894 2861 :

161 2867 394 2904 ὗψ-ιςιλτουτέστιν
417 2869 433 2902 ἡ
459 2868 559 2903 θεωρία
584 2868 639 2894 τῶν
658 2868 767 2904 τελείων
788 2868 895 2904 ἔργων’

110 2902 222 2937 ἐλλιπὴς
235 2902 263 2928 δὲ
277 2903 291 2929 ὁ
302 2902 390 2937 λόγος,
402 2902 539 2935 λείποντος
551 2903 688 2931 τουτέστι
697 2911 704 2918 ο
717 2903 795 2930 τοῦτο
805 2902 839 2930 ’ὁὲ
849 2905 898 2940 τῆς

630 159 662 187 ΙΝ
684 159 838 188 CARMINA
862 159 1000 187 AIiCANA
1014 159 1043 187 S.
1060 156 1234 185 GRECOBII.

1694 157 1747 185 730

962 218 1105 244 utilitatem
1132 220 1223 243 autem
1246 215 1273 242 in
1288 214 1420 249 sapientia
1444 218 1471 241 et
1493 213 1581 240 omnis
1598 212 1747 249 Scriptum

959 262 1093 289 divinitus
1123 261 1264 296 inspirata:
1295 261 1424 288 virtutem
1449 261 1477 287 in
1493 260 1592 287 timore
1614 259 1662 287 Dei
1677 264 1703 287 et
1719 261 1748 287 in

961 307 1151 334 mandatorum
1166 305 1358 333 observatione
1377 304 1571 340 recolligentes
1583 312 1664 339 posse
1687 313 1749 333 sus-

959 352 1060 387 cipere.
1088 352 1160 388 Ergo
1178 352 1261 386 hujus
1293 350 1447 386 praescripti
1474 350 1698 382 auditor.curavi
1715 359 1749 378 ne

960 397 1076 431 amplius
1088 397 1115 424 in
1130 396 1329 424 commentario
1340 395 1520 422 considerans
1535 402 1637 422 arcana
1650 403 1747 430 proce-

959 443 1061 474 derem,
1079 442 1188 470 ﬁnalem
1206 449 1271 469 vero
1285 441 1463 476 praesentium
1485 441 1603 468 istorum
1627 442 1748 469 tetrasti-

959 489 1076 516 chorum
1103 488 1247 516 sententiis
1267 487 1398 515 refertum
1429 495 1583 515 sermonem
1607 494 1748 514 commen-

959 536 1083 563 tantibus
1092 534 1171 562 nobis
1184 542 1246 562 cum
1266 534 1394 562 aadilicati
1414 534 1547 562 fuerimus
1560 533 1709 561 theoreticc
1720 537 1747 560 ct

961 582 1091 617 practice,
1103 588 1238 616 exponam
1251 584 1279 609 et
1291 581 1416 608 cessabo.

960 667 972 695 Ι
995 669 1130 696 Actionem
1151 676 1290 703 pra'pana;
1310 677 1343 696 an
1355 670 1625 703 contemplationem?
1639 673 1693 697 etc.

994 746 1201 781 Contemplatus
1227 747 1404 775 beatissimus
1425 752 1451 774 ct
1469 748 1578 775 virtutis
1594 747 1698 782 praxim
1721 753 1748 776 et

960 792 1146 821 meditationis
1158 793 1362 826 exaltationem,
1384 797 1466 828 atque
1482 793 1556 821 illius
1574 793 1745 829 purgativam

961 842 987 865 et
1003 838 1200 866 illuminantem
1215 847 1361 875 corporum
1371 843 1398 867 et
1414 840 1567 867 animarum
1585 840 1746 873 efﬁcaciam,

961 884 1044 919 hujus
1061 892 1126 912 vero
1143 885 1329 920 perﬁcientem
1345 889 1372 913 et
1390 892 1403 911 ιι
1420 885 1476 912 Deo
1493 891 1647 913 manantem
1660 886 1747 913 aetio-

961 937 1023 957 nem
1041 930 1066 956 in
1082 930 1165 957 corda
1177 933 1203 956 et
1217 930 1331 965 spiritus
1343 929 1546 961 miratus,sicut
1561 934 1588 957 et
1602 931 1748 965 utriusque

961 977 1151 1004 necessitatem
1178 979 1207 1002 nt
1229 975 1275 1003 ﬁlii
1294 975 1340 1002 Dei
1358 979 1385 1003 et
1403 975 1500 1004 salvati
1527 975 1635 1007 ﬁamus.
1655 976 1746 1004 excla-

959 1027 1039 1049 mat:
1059 1022 1154 1050 Utram
1180 1022 1277 1048 harum
1302 1022 1453 1056 digniorem
1476 1021 1615 1057 praeferes,
1641 1023 1746 1057 praxim

959 1072 1005 1094 aut
1022 1067 1243 1094 meditationem?
1259 1066 1384 1102 Namque
1405 1067 1484 1102 quasi
1501 1067 1571 1095 duos
1595 1068 1746 1095 aestimabi-

958 1121 1018 1141 mus
1034 1114 1129 1140 oculos
1151 1113 1226 1141 illius
1249 1112 1296 1149 qui
1314 1114 1341 1140 in
1355 1113 1486 1148 gradibus
1509 1113 1701 1148 spiritualibus
1712 1114 1746 1141 ad

959 1158 1042 1186 Deum
1057 1159 1173 1186 viriliter
1196 1163 1223 1186 ct
1248 1163 1405 1186 reverenter
1426 1159 1560 1191 ascendit,
1583 1158 1617 1186 ad
1634 1159 1746 1186 unicum

958 1205 1069 1232 realitcr
1096 1204 1197 1232 bonum
1216 1204 1370 1239 aspirantes
1397 1212 1514 1239 quorum
1536 1212 1592 1232 non
1612 1210 1654 1232 est
1671 1204 1747 1240 quod

958 1250 1074 1278 alterum
1101 1252 1191 1286 magni
1219 1251 1381 1286 pendamus,
1411 1251 1528 1278 alterum
1548 1259 1615 1278 vero
1639 1251 1747 1278 minore

959 1295 1038 1323 laudo
1057 1300 1085 1323 et
1101 1296 1306 1324 existimatione
1330 1296 1442 1332 dignum
1465 1297 1690 1331 pronuntiemus;
1710 1297 1748 1324 al-

958 1346 999 1369 ter
1014 1341 1086 1368 onim
1106 1341 1231 1369 vicissim
1253 1341 1368 1369 alterius
1395 1341 1498 1369 auxilio
1516 1346 1576 1377 eget
1601 1346 1628 1369 et
1647 1349 1747 1377 coope-

958 1386 1064 1414 ratione
1082 1395 1088 1414 :
1106 1387 1147 1414 sic
1174 1387 1268 1422 praxis
1292 1386 1346 1414 dux
1374 1386 1409 1414 ad
1439 1387 1644 1415 meditationem
1663 1387 1692 1414 ﬁt
1718 1390 1746 1414 ct

958 1431 1098 1459 meditatio
1112 1432 1236 1467 sigillum
1253 1432 1329 1467 praxi
1347 1435 1375 1459 et
1394 1432 1495 1459 tutatio
1507 1433 1647 1464 statuitur,
1659 1433 1698 1459 ita
1716 1437 1746 1460 ut

957 1477 1126 1513 impossibile
1155 1477 1191 1505 sit
1212 1477 1361 1512 perfectum
1378 1485 1440 1505 esse
1456 1478 1479 1505 si
1501 1480 1634 1506 alterutro
1649 1485 1745 1506 carea-

957 1531 1035 1557 mus;
1052 1523 1099 1551 sed
1114 1531 1176 1551 cum
1188 1531 1243 1551 non
1255 1523 1384 1551 omnibus
1395 1524 1500 1552 sanctis
1516 1524 1674 1552 hominibus
1689 1532 1745 1560 pa—

958 1569 1025 1597 riter
1038 1578 1085 1604 per
1096 1574 1242 1605 utrumque
1257 1569 1411 1597 clarescere
1432 1570 1564 1605 possibile
1578 1570 1623 1602 sit,
1646 1572 1742 1598 consi-

957 1615 1063 1644 deratio
1078 1619 1106 1643 et
1126 1623 1192 1650 pura
1215 1615 1356 1642 meditatio
1380 1614 1564 1650 perfectorum
1588 1616 1665 1643 labor
1689 1622 1742 1649 est.

958 1669 990 1690 eo
1009 1661 1096 1696 magis
1110 1660 1182 1696 quod
1195 1669 1243 1696 per
1255 1660 1361 1696 praxim
1385 1660 1533 1696 purificati,
1551 1661 1641 1696 ipsum
1659 1661 1743 1690 Deum

956 1713 984 1736 et
999 1708 1091 1735 divina
1118 1707 1221 1735 clarius
1241 1707 1367 1734 meditari
1391 1707 1503 1742 dignum
1527 1707 1674 1741 jndicant;
1700 1715 1745 1735 ve-

956 1761 1017 1780 rum
1034 1753 1126 1788 praxis
1142 1753 1333 1787 plerarumque
1362 1755 1390 1779 et
1405 1752 1432 1779 in
1448 1760 1555 1780 summa
1577 1753 1746 1788 perfectione

956 1799 1135 1826 remissorum
1144 1798 1254 1833 corpori
1267 1798 1352 1832 magis
1367 1797 1440 1825 favet
1447 1802 1474 1825 et
1485 1797 1632 1826 humilitati
1640 1799 1745 1826 etiifra

957 1844 1161 1872 meditationem
1174 1844 1361 1872 constiIuitur.
1388 1843 1510 1879 Utraque
1527 1845 1648 1872 secunda
1664 1850 1706 1874 est
1717 1848 1745 1873 et

957 1889 1013 1918 Deo
1031 1890 1154 1926 placens,
1169 1894 1197 1917 et
1213 1891 1247 1917 ad
1264 1890 1351 1924 ipsam
1373 1889 1536 1917 Trinitatem
1556 1890 1684 1918 similiter
1702 1895 1744 1917 at-

956 1944 1010 1972 que
1022 1936 1056 1963 ad
1076 1935 1268 1964 exultationem
1283 1936 1374 1970 ducit;
1405 1935 1539 1971 siquidem
1571 1944 1627 1963 non
1647 1943 1744 1965 omnes

957 1982 1062 2017 parium
1077 1985 1104 2010 et
1128 1981 1288 2009 earumdem
1309 1982 1507 2010 charismatum
1533 1982 1686 2017 gratiarum
1705 1983 1743 2010 di-

956 2028 1112 2062 gnationem
1138 2027 1288 2062 accipiunt.
1310 2028 1358 2055 sed
1381 2028 1452 2055 alius
1477 2027 1588 2063 quidem
1605 2027 1656 2062 sic,
1673 2029 1744 2056 alius

955 2079 1020 2100 vero
1034 2072 1091 2106 sic;
1106 2076 1147 2104 tu,
1165 2073 1203 2100 ait
1221 2073 1334 2101 divinus
1357 2073 1532 2108 perfectionis
1549 2073 1683 2108 eruditor,
1709 2075 1742 2102 ad

955 2125 1036 2152 quam
1055 2118 1143 2153 magis
1161 2122 1188 2146 te
1205 2123 1299 2146 natum
1322 2123 1350 2147 et
1376 2124 1501 2155 prompte
1517 2120 1680 2156 dispositum
1707 2121 1744 2148 vi-

955 2165 1014 2197 des,
1031 2165 1088 2192 sive
1106 2164 1139 2191 ad
1155 2165 1261 2200 praxim
1279 2165 1398 2197 virtutis.
1416 2165 1474 2194 sive
1489 2165 1523 2193 ad
1534 2166 1742 2194 meditationem

957 2210 1091 2238 sermonis
1111 2214 1212 2238 sancta:
1238 2210 1312 2243 ﬁdei,
1336 2211 1369 2238 ad
1387 2211 1474 2245 ipsam
1500 2211 1586 2247 magis
1611 2211 1744 2238 adhibens

956 2253 1077 2281 studium
1093 2254 1173 2281 tende
1188 2254 1294 2289 iterque
1309 2254 1406 2290 dirige.

956 2394 974 2422 ὅ
993 2395 1170 2428 Qumn’onem
1196 2396 1331 2431 proposuit
1355 2396 1420 2422 milii
1441 2396 1548 2431 quidam
1567 2404 1600 2423 ea:
1614 2396 1743 2467 [spiritua-

1637 2440 1644 2458 ι
1664 2439 1705 2458 us.

1637 2439 1705 2458 unus.

974 2475 1179 2512 Consequenter
1186 2476 1302 2512 primum
1311 2477 1495 2505 tetrastichum
1516 2477 1666 2505 secundum
1678 2476 1743 2506 sub-

954 2523 1097 2558 sequitur;
1129 2523 1250 2551 ostendit
1270 2524 1343 2551 enim
1363 2523 1548 2551 necessariam
1564 2531 1626 2551 esse
1636 2523 1742 2560 praxim

953 2568 1062 2596 virtutis
1089 2568 1123 2596 ad
1161 2569 1401 2604 contemplationis
1435 2569 1650 2602 assecutionem,
1678 2569 1743 2604 quia

955 2618 1063 2650 oportet
1078 2614 1251 2650 puriﬁcatum
1267 2614 1356 2650 primo
1373 2615 1413 2642 sic
1431 2615 1575 2642 veritatem
1596 2614 1742 2650 attingere,

954 2666 981 2689 et
989 2661 1043 2689 nisi
1052 2669 1130 2689 mens
1147 2668 1195 2696 per
1213 2668 1322 2687 omnem
1339 2660 1393 2689 Deo
1406 2664 1512 2696 gratam
1526 2661 1631 2696 praxim
1658 2669 1740 2690 omne

955 2706 1047 2734 carnis
1062 2714 1094 2733 ac
1110 2707 1225 2741 spiritus
1236 2706 1476 2741 inquinamentum
1491 2707 1666 2742 expunxerlt,
1684 2715 1739 2735 non

958 2797 1076 2828 Ἀτθίδος
1091 2796 1156 2823 ἴδιον
1169 2795 1326 2831 διαλέκτουξ
1340 2796 1451 2823 τελείων
1463 2795 1492 2822 δι
1506 2795 1595 2831 ἔργων
1610 2795 1626 2831 ἡ
1641 2795 1743 2830 θεωρία

951 2834 1035 2872 ἐστὶν,
1049 2833 1090 2859 ὃτι
1100 2832 1144 2872 ῥεῖ
1155 2831 1261 2872 τιρώτον
1280 2830 1450 2872 καθαρθῇναι
1463 2830 1583 2872 τὸν-νοῦν
1599 2830 1646 2856 καὶ
1659 2831 1714 2872 ἀπε

952 2868 1070 2905 ῥαγῆναι
1082 2867 1134 2905 τῆς.
1146 2866 1199 2893 τῶν
1222 2866 1330 2905 γεηρῶν
1343 2866 1462 2902 σχέσεως
1476 2867 1522 2893 καὶ
1539 2866 1610 2893 οὕτω
1622 2866 1742 2900 προσθῆ-

953 2901 1041 2938 ναιτῃ
1054 2901 1164 2937 θεωρίᾳ,
1179 2910 1204 2929 κ.
1218 2910 1242 2929 τ.
1259 2902 1281 2927 ὲ.
