1920 3046
114 118 172 146 7‘3

114 177 152 204 15
168 177 201 202 Ἠ
214 174 257 210 μὴ
269 174 435 209 διδάσκειν,
455 175 472 210 ἢ
487 175 644 204 διδάσκειν
656 176 696 209 τῷ
712 177 819 211 τρόπῳ.

155 221 245 248 Καλὸν
266 222 283 257 ἡ
312 222 413 258 σιωπὴ,
439 222 521 257 φησιν
535 223 549 249 ὁ
564 222 635 255 θεῖος
651 223 822 256 διδάσκαλος,
836 223 915 259 δῆλον

111 268 158 294 ὅτι
174 269 231 299 τοῖς
245 267 409 303 ἀρχομένοις
422 268 598 301 ἐξασκεῖσθαι
609 269 660 304 τὴν
674 269 785 304 ἀρετὴν.
797 270 844 296 καὶ
860 270 914 305 μή·

113 324 162 343 πω
172 315 274 350 ταύτην
283 313 420 342 διδάσκειν
433 314 612 350 κεκλημένοις
624 323 631 330 ·
645 316 671 341 εί·
680 315 708 342 δὲ
720 316 767 342 καὶ
777 315 920 342 διδάσκειν-

111 361 258 397 ἐρωτικῶς
278 361 385 396 ἔχουσιν
405 358 496 393 οὗτοι,
525 361 564 397 τῷ
582 362 676 397 τρόπῳ
693 362 793 397 μᾶλλον
812 363 859 389 καὶ
880 364 912 398 τῇ

112 408 285 434 καταστάσει
306 408 354 443 τῆς
369 408 429 434 κατ’
452 408 551 440 αὐτοὺς
576 408 714 440 πολιτείας
733 409 782 444 τὴν
803 409 915 444 διδαχὴν

112 453 361 480 ἐπιδεικνύτωσαν.
387 454 464 480 Δυοῖν
484 453 539 489 γὰρ
557 454 657 491 χειρῶν
675 454 771 487 ὄντων,
792 454 849 489 βίου
867 455 914 481 καὶ

114 499 209 532 λόγου,
225 499 256 525 οὺ
268 498 371 525 δίκαιον
384 498 438 524 οὐδ’
448 499 557 531 εὐσεϐὲς
575 499 607 526 ἂν
620 499 662 535 εἴη
674 500 707 535 τῇ
723 500 772 534 μιᾷ
781 500 830 534 μὲν
842 500 914 535 χειρὶ

111 545 181 578 τοὺς
199 545 385 581 μανθάνοντας
402 545 579 580 ἐφέλκεσθαι,
610 547 643 581 τῇ
662 546 744 581 ἑτέρᾳ
759 546 788 572 δὲ
802 546 913 577 τούτους

111 591 288 619 ἀπωθεῖσθαι
303 600 310 607 ·
324 592 367 619 διὰ
379 592 426 619 τοῦ
442 592 499 627 βίου
516 593 565 628 μὲν
581 593 734 628 προτείνειν
750 592 912 628 ἀμώμητον,

110 639 195 674 λόγον
208 639 236 665 δὲ
254 639 402 675 μωμητόνο
428 639 446 675 ἥ
463 640 535 676 λόγῳ
553 640 601 676 μὲν
619 639 698 666 εὑθεῖ
711 640 757 666 καὶ
772 639 913 675 ὸρθοτὸμῳ

111 685 246 722 χρῆσθαι,
264 686 314 722 βίῳ
332 686 361 713 δὲ
381 686 560 722 ῥυπαίνεσθαι
582 687 692 722 ἀνάγνῳ
707 686 754 714 καὶ
770 686 911 722 μοχθηρῷ.

112 732 172 758 Καὶ
193 732 248 768 γὰρ
272 731 418 767 κράτιστον
440 732 491 767 μὲν
513 733 678 768 ἀμφοτέροις
693 732 863 767 εὐδοκιμεῖν·
887 731 913 758 εί

111 778 136 804 δ’
151 777 254 812 ἀμφοῖν
267 777 418 813 ἀμήχανον,
429 778 478 812 τῆς
492 778 563 804 κατὰ
576 777 674 812 πρᾶξιν
688 777 735 803 καὶ
749 776 806 812 βίον
818 776 913 811 σεμνό-

110 833 198 859 τητος
218 824 318 859 μᾶλλον
337 823 526 859 ἐπιμελητέον,
550 824 596 850 καὶ
616 823 701 858 ταύτῃ
726 823 773 850 τοῦ
787 823 867 857 λόγου
882 821 913 849 τὺ

111 871 207 897 λεῖπον
223 870 445 906 ἀναπληρωτέον.
469 870 513 901 Ὠς
535 869 591 905 γὰρ
612 869 626 895 ὁ
653 869 799 905 ζωγράφος
820 870 850 895 οὐ
867 877 912 895 το-

112 917 222 948 σοῦτον,
239 917 317 952 φησὶ,
333 918 390 948 τοῖς
404 916 494 950 λόγοις
508 916 570 943 ὅσον
584 917 642 948 τοῖς
658 915 841 950 ὑποδείγμασι
857 914 911 941 τῶν

111 963 281 1000 ἀρχετύπων
295 964 357 994 τοὺς
376 963 421 990 ὑπ’
445 962 519 997 αὐτῷ
546 962 596 998 τὴν
609 962 748 998 γραφικὴν
764 961 912 997 μανθάνον-

110 1018 165 1042 τας
182 1010 298 1045 ὠφελεῖ,
321 1010 408 1041 οὕτως
428 1011 452 1036 οἱ
466 1009 512 1036 τὸν
529 1010 634 1045 μονήρη
648 1008 705 1044 βίον
722 1010 751 1036 ἐν
768 1009 911 1044 ἀμωμήτῳ

112 1058 215 1094 πράξει
231 1056 438 1093 κατορθοῦντες,
451 1057 480 1083 ὲν
492 1056 580 1092 τούτῳ
593 1056 692 1092 μᾶλλον
706 1055 911 1091 οίκοδομοῦντες

110 1104 178 1135 τοὺς
199 1103 373 1138 ὲγγίζοντας,
397 1099 479 1138 ἦττον
498 1101 546 1129 τοῦ
567 1101 648 1137 λόγου
669 1101 718 1137 τῆς
736 1101 910 1133 διδασκαλίας

111 1150 267 1177 ἑπιδέονται
272 1171 278 1177 .

113 1198 150 1225 17
166 1197 251 1231 Ὑμῖν
267 1196 345 1230 λέγω
361 1196 496 1230 μάλιστα
508 1196 571 1229 τοῖς
585 1195 639 1223 τοῦ
650 1196 799 1230 βήματος,

113 1233 149 1261 18
172 1232 341 1267 Ὀφθαλμὸν
352 1232 429 1260 εἶναι
443 1232 485 1267 μὴ
497 1232 629 1265 σκότους
648 1232 877 1266 πεπλησμένον.

155 1279 251 1314 Ὑμεῖς
269 1279 293 1305 οἱ
314 1279 378 1314 περὶ
391 1278 422 1304 τὸ
442 1277 519 1314 βῆμα
541 1277 589 1304 καὶ
603 1277 653 1313 τὴν
673 1277 750 1313 ἱερὰν
766 1277 908 1313 τράπεζαν

110 1326 229 1358 ἑαυτοὺς
242 1325 416 1362 παρενείρειν
431 1325 479 1351 καὶ¹
494 1323 620 1351 είσωθείν
632 1325 666 1352 ὲκ
683 1324 836 1359 φιλοδοξίας
861 1324 908 1351 καὶ

111 1373 262 1408 φιλαρχίας
281 1371 448 1407 βιαζόμενοι,
473 1371 527 1398 τῶν
548 1371 595 1398 τοῦ
615 1370 736 1406 μεγάλου
757 1371 909 1407 ἀρχιερέως

111 1419 280 1451 ἐνωτίζεσθε
300 1418 397 1454 φωνῶν
407 1426 414 1434 '
436 1419 501 1454 ὑμῖν
514 1419 571 1450 τοῖς
585 1418 639 1444 τῶν
658 1416 738 1453 ἱερῶν
758 1418 831 1444 λαῶν
845 1418 906 1443 επι-

112 1466 228 1497 σκόποις
247 1465 297 1501 τὴν
323 1465 485 1501 παραίνεσιν
506 1465 610 1498 ταύτην
636 1463 853 1498 ἐπιφθέγγομαι·
869 1463 907 1499 μὴ

111 1512 250 1548 ὀφθαλμοὶ
261 1511 368 1547 πεπλησ
372 1512 447 1547 μένοι
459 1511 582 1544 σκότους,
591 1511 659 1538 ἀλλὰ
674 1511 788 1546 πλήρεις
797 1509 906 1544 γίνεσθε

112 1560 219 1596 φωτός·
245 1560 283 1595 μὴ
300 1559 406 1591 ἀδικίας
420 1558 437 1593 ἢ
463 1558 574 1592 ἀγνοίας
589 1557 606 1593 ἢ
626 1557 765 1588 ἀσεϐείας,
782 1557 850 1583 ἀλλὰ
865 1556 908 1582 δι-

112 1607 261 1642 καιοσύνης
278 1607 325 1633 καὶ
336 1605 465 1640 γνώσεως
481 1606 527 1631 καὶ
542 1604 685 1635 εὐσεϐείας
702 1604 844 1639 ἀρχέτυπα
861 1611 908 1637 γε-

112 1655 230 1690 νήθητει
255 1654 361 1690 ἀνάγκη
385 1653 440 1689 γὰρ
457 1653 520 1684 τοὺς
540 1653 592 1679 ὑπὸ
616 1654 696 1688 χεῖρα
723 1652 814 1683 λαοὺς,
839 1651 908 1686 πρὸς

113 1701 187 1736 ὑμᾶς
203 1699 366 1736 ἀφορῶντας
381 1698 447 1734 (87),
465 1696 494 1725 εὖ
509 1707 539 1724 τε
560 1698 606 1724 καὶ
623 1698 660 1729 ὡς
676 1698 778 1732 ἑτέρως
796 1696 907 1731 ἔχοντας

113 1746 345 1783 ἑξομοιοῦσθαιτῇ
364 1746 495 1781 μιμήσει·
512 1745 591 1780 ὑμεῖς
607 1745 661 1779 γάρ
675 1745 739 1771 sm
750 1743 847 1778 λύχνος
858 1743 906 1770 τοῦ

113 1793 242 1828 σώματος
258 1793 307 1828 τῆς
329 1792 503 1827 Ἑκκλητίας.
527 1791 633 1826 Ὥσπερ
650 1788 696 1817 οὖν
714 1789 792 1825 ὑμῶν
813 1789 907 1815 ἁπλῶν

113 1839 210 1869 ὅντων,
232 1839 279 1865 καὶ
300 1837 464 1872 φωτοειδῶν,
488 1837 535 1864 καὶ
549 1836 679 1872 καθαρῶν
697 1835 776 1869 ὅλων,
793 1836 822 1861 ἐν
838 1835 908 1869 φωτὶ

113 1886 145 1912 τὸ
165 1886 245 1921 σῶμα
262 1885 408 1921 πορεύεται
427 1885 474 1911 καὶ
490 1883 652 1910 κατευθύνει
666 1882 716 1918 τὴν
733 1882 792 1908 ὁδὸν
804 1881 888 1908 αὑτοῦ
899 1889 905 1896 ·

114 1931 201 1964 οὕτως
215 1931 334 1966 ἔμπαλιν
358 1931 441 1965 ζόφου
460 1930 599 1964 ἀγνωσίας
617 1929 664 1956 καὶ
689 1929 827 1964 ἁμαρτίας
843 1928 908 1955 ὑπο-

114 1978 261 2013 κειμένων,
280 1977 439 2013 αἰτιάμασιν
453 1977 500 2012 an,
515 1975 607 2007 κακῶς
628 1975 728 2010 πάσχει
752 1974 799 2001 καὶ.
824 1982 908 2008 πονη-

116 2024 226 2060 ρεύεται
247 2023 407 2059 Ἐκκλησία.
427 2023 512 2058 Εἴπερ
531 2020 588 2053 οὖν,
606 2021 700 2057 φησὶν,
724 2022 738 2047 ό
753 2020 812 2055 φῶς
835 2017 907 2046 εἶναι

113 2071 200 2099 δοκῶν
216 2071 264 2098 καὶ
271 2071 410 2106 ὀφθαλμὸς
424 2069 478 2097 τῶν
492 2069 544 2096 ὑπὸ
556 2071 633 2105 χεῖρα
644 2069 764 2099 πάντων,
778 2069 807 2094 ὲν
820 2067 908 2102 σκότῳ

115 2117 273 2153 πορεύεται,
291 2116 371 2148 αὐτὸς
386 2118 400 2143 ὁ
417 2116 460 2142 ἀεὶ
470 2117 526 2147 τοῖς
540 2116 636 2146 κακοῖς
649 2114 827 2150 ὲνισχημένος
842 2113 906 2145 λαὸς

114 2164 190 2200 πόσῳ
209 2163 309 2199 μᾶλλον
321 2164 354 2198 τῇ
368 2163 452 2198 κακίᾳ
465 2160 743 2197 κατακρατηθήσεται
755 2169 762 2194 ;

113 2211 145 2239 21
170 2211 310 2244 Ἀφωνον
319 2209 408 2244 ἔργον
418 2209 563 2242 κρεῖσσον
570 2206 725 2241 ἀπράκτου
733 2207 827 2242 λόγου
837 2206 904 2240 (88).

150 2256 301 2284 Κάλλιστον
318 2255 376 2291 μὲν.
401 2255 484 2290 φησὶν
504 2255 518 2280 ὁ
535 2252 808 2289 ἱεροφαντικώτατος,
875 2259 905 2278 τε

113 2303 186 2339 λόγῳ
202 2303 250 2330 καὶ
266 2302 316 2337 βίῳ
329 2301 375 2328 τὸν
394 2301 557 2337 Ἐκκλησίας
568 2300 652 2332 ἀξίως
664 2299 828 2335 προστατεῖν
849 2297 908 2333 βου-

113 2351 228 2386 λόμενον
240 2348 501 2385 πῳκατωρθῶσθαι·
509 2347 555 2374 τοῦ
565 2347 623 2378 ἐνὺς
629 2347 657 2373 δὲ
665 2346 768 2373 τούτων
777 2346 840 2372 ὐστε
846 2344 907 2380 ρού-

116 2405 208 2434 μενον,
225 2396 353 2432 κρεῖσσον
365 2394 397 2421 ἂν
411 2393 454 2429 εἴη
467 2393 514 2420 καὶ
525 2392 744 2427 λυσιτελέστερον
757 2392 790 2426 τῇ
805 2390 904 2425 πράξει

113 2445 163 2478 τῆς
174 2442 276 2478 ἀρετῆς
288 2441 337 2468 καὶ
352 2440 390 2476 τῷ
413 2440 463 2475 βίῳ
476 2438 554 2474 τμετὰ
568 2437 702 2469 ἰδιωτείας
720 2436 768 2463 καὶ
781 2435 904 2471 άφωνίας

113 2489 194 2524 λόγου
205 2488 306 2523 μᾶλλον
315 2487 479 2521 εὐδοκιμεῖν,
487 2486 504 2522 ἢ
513 2485 586 2520 λόγῳ
593 2484 663 2520 ψιλῷ
672 2484 718 2510 καὶ
728 2483 846 2518 ἀκάρπῳ
857 2482 904 2508 καὶ

114 2536 248 2572 ἀπράκτῳ
261 2534 413 2570 χρώμενον,
431 2533 494 2568 εἰκῆ
512 2531 765 2567 μεγαλορρημονεῖν
776 2529 823 2556 καὶ
833 2528 905 2555 διδά-

115 2589 189 2607 σκειν
200 2579 297 2610 ἄλλους
311 2577 526 2614 ὑπολαμϐάνειν,
543 2577 615 2612 ἆπερ
629 2576 660 2602 οὺ
670 2575 799 2610 δέδρακεν
811 2573 902 2604 αὐτός.

114 2624 192 2655 Τίνος
211 2623 323 2655 ’ἐνεκεν;
341 2622 404 2649 ’Ότι
431 2622 490 2658 βίου
519 2621 569 2656 μὲν
591 2621 676 2657 χωρὶς
692 2620 739 2646 τοῦ
763 2619 833 2646 κατὰ
854 2619 903 2654 τὴν

113 2670 214 2705 πρᾶξιν
226 2669 278 2704 τῆς
293 2670 402 2704 ἐντολῆς
419 2669 465 2695 καὶ
479 2668 529 2703 τῆς
548 2667 648 2703 ἀρετῆς
670 2666 758 2698 οὐδεὶς
783 2665 837 2692 ἀπὸ
857 2665 903 2691 τοῦ

112 2718 209 2749 αἰῶνος
231 2716 455 2753 ὑψηλὸς-οὐδεὶς
474 2715 604 2749 ἐδοξάσοη
623 2713 660 2744 ὡς
674 2713 787 2747 ἐγγίσας
809 2711 904 2748 Κυρίῳ

113 2765 159 2793 καὶ
172 2764 316 2799 ἀγιασθεὶς
326 2772 333 2780 ·
348 2763 396 2791 τοῦ
408 2762 509 2798 σεμνοῦ
522 2761 550 2788 δὲ
565 2761 645 2795 λόγου
663 2760 710 2787 καὶ
717 2759 842 2795 τερπνῶς
857 2759 904 2785 καὶ

145 2856 202 2890 (87)
221 2853 290 2882 Cod.
306 2853 478 2890 deoptiwﬁaqt

620 117 654 146 IN
675 119 836 147 CARMIMA
856 119 996 147 ARCANA
1015 119 1044 148 ε.
1066 119 1242 148 GREGORII.

1707 120 1760 148 79‘

967 178 1000 205 15
1026 178 1070 205 γει
1081 187 1132 206 nou
1147 176 1211 206 doce
1229 179 1269 206 vel
1288 178 1351 205 doce
1365 177 1495 210 moribus,
1509 182 1562 206 ctc.

1000 224 1106 252 Bonum
1124 226 1277 257 silentium,
1299 225 1367 252 dicit
1389 224 1501 252 divinus
1525 224 1665 259 Magister,
1687 227 1762 259 patet

964 270 1037 305 quod
1060 271 1254 306 incipientibus
1271 278 1302 298 se
1318 278 1447 298 exercere
1465 271 1497 297 ad
1515 271 1642 297 virtutem
1658 275 1685 297 et
1706 277 1761 297 nou

964 319 1068 345 vocatis
1087 319 1121 345 ad
1139 318 1227 353 ipsam
1241 317 1415 351 docendam;
1428 321 1456 344 ct
1473 317 1494 344 si
1511 316 1627 343 docendi
1639 323 1761 343 amorem

965 364 1010 391 isti
1027 364 1156 398 habeam,
1174 364 1299 392 moribus
1315 364 1409 399 potius
1429 368 1457 390 et
1474 362 1648 390 institutione
1662 361 1761 398 agendi

965 411 1080 438 rationis
1110 410 1309 438 documentum
1335 410 1484 437 ostendant
1507 419 1513 436 :
1541 409 1660 436 duarum
1686 408 1760 436 enim

965 465 1095 484 manuum
1115 452 1205 485 instar,
1223 457 1295 485 datis
1311 457 1366 484 vita
1381 461 1409 484 et
1431 463 1569 488 sermone,
1588 463 1639 483 nee
1651 455 1759 490 justum

964 511 1014 531 nec
1033 503 1106 538 pium
1125 509 1198 531 esset
1214 504 1237 530 si
1251 511 1303 530 uua
1321 511 1402 530 manu
1419 503 1558 530 discentes
1571 502 1759 533 traherentur,

964 550 1050 576 altera
1078 557 1144 577 vero
1174 550 1400 584 rcpellerentur;
1423 550 1446 577 si
1471 556 1519 584 per
1542 549 1626 575 vitam
1646 547 1759 583 quidem

965 600 1166 631 proponeretur
1190 595 1444 631 irreprchensibile,
1470 601 1598 622 sermone
1621 601 1687 621 vero
1713 601 1760 620 re-

964 642 1148 676 prehensione
1173 641 1308 677 dignum;
1335 645 1382 668 aut
1403 647 1530 669 sermone
1547 644 1623 667 recto
1643 643 1670 666 et
1692 645 1760 666 sano

963 687 1092 721 polleres,
1119 687 1175 714 vita
1190 694 1256 714 vero
1276 686 1459 714 maculareris
1477 693 1531 712 non
1558 690 1634 712 casta
1655 688 1682 712 et
1698 691 1761 719 per-

964 740 1063 760 versa:
1079 733 1180 760 etenim
1202 740 1341 760 summum
1356 736 1398 760 est
1420 731 1555 759 ambobus
1573 735 1716 766 praestare;
1735 729 1760 758 si

964 780 1098 820 ambobus
1113 783 1251 815 praastare'
1259 779 1431 815 impossibile
1442 778 1494 811 sit,
1511 776 1638 813 gravitati
1658 784 1758 805 secun-

963 827 1028 854 dum
1053 829 1161 862 praxim
1180 831 1207 855 et
1222 827 1305 854 vitam
1328 827 1417 861 magis
1439 825 1594 853 curandum
1610 832 1659 860 per
1675 832 1762 860 quam

962 874 1084 901 sermoni
1096 873 1280 909 supplendum
1296 880 1345 908 pro
1356 873 1472 906 reliquo.
1487 871 1565 898 Sicut
1580 871 1652 898 enim
1669 871 1760 906 pit-tor

962 927 1017 947 non
1036 923 1154 951 tantum,
1178 920 1279 954 inquit,
1297 926 1346 954 per
1364 925 1508 946 sermones
1536 924 1617 952 quant
1641 924 1689 951 per
1710 924 1757 942 ar-

962 967 1141 1002 chctyporum
1155 966 1325 1001 exemplaria
1344 965 1491 1000 discipulis
1517 964 1576 991 suis
1598 963 1626 990 in
1648 963 1758 998 pictura

960 1014 1088 1046 inservit,
1099 1015 1139 1042 sic
1148 1013 1320 1041 eremiticam
1332 1013 1416 1040 vitam
1431 1010 1666 1047 irreprehensibili
1678 1009 1757 1045 praxi

961 1060 1111 1096 dirigentes
1135 1067 1168 1088 eo
1193 1060 1281 1095 magis
1306 1059 1369 1087 illos
1396 1059 1444 1094 qui
1469 1058 1536 1093 ipsis
1565 1056 1757 1092 approximaut

960 1107 1095 1134 aediﬁcant
1107 1107 1257 1142 minusque
1270 1105 1446 1133 documentis
1459 1112 1507 1140 per
1523 1105 1606 1132 verba
1622 1102 1755 1137 indigent.

960 1197 994 1225 17
1019 1196 1096 1224 Vobis
1112 1196 1170 1223 dico
1189 1196 1314 1227 maxime,
1327 1196 1372 1231 qui
1386 1194 1549 1231 prwsidetis.

960 1233 994 1260 18
1014 1232 1076 1259 Νοη
1091 1233 1150 1259 sitis
1165 1233 1258 1259 oculus
1274 1230 1442 1258 tenebrarum
1460 1230 1565 1265 plenus.

995 1278 1051 1306 Vos
1074 1278 1121 1314 qui
1141 1277 1175 1306 ad
1198 1278 1358 1306 cathedram
1382 1281 1411 1305 et
1435 1277 1469 1304 ad
1491 1280 1616 1304 sanctam
1634 1282 1757 1303 mensam

959 1326 1142 1360 vosmetipsos
1160 1325 1303 1352 insinuare
1316 1328 1343 1352 et
1358 1324 1511 1359 provehere
1526 1331 1582 1358 prae
1598 1323 1717 1350 elatione
1731 1327 1758 1349 et

958 1372 1106 1399 ambitione
1117 1371 1265 1403 conamini,
1277 1371 1366 1405 magni
1376 1377 1401 1398 et
1412 1370 1511 1398 summi
1524 1369 1676 1397 sacerdotis
1702 1377 1754 1396 au-

957 1418 1014 1446 dite
1031 1425 1122 1445 voces.
1147 1417 1233 1444 Vobis
1260 1421 1419 1445 sanctorum
1445 1416 1606 1451 populorum
1618 1415 1757 1450 episcopis

958 1465 1176 1492 exhortationem
1191 1464 1270 1491 istam
1286 1463 1418 1498 pandam;
1429 1470 1462 1489 ue
1476 1463 1537 1490 sitis
1552 1461 1625 1488 oculi
1636 1462 1758 1489 tenebris

959 1511 1064 1542 referti,
1085 1511 1133 1538 sed
1157 1510 1262 1538 lumine
1279 1510 1354 1544 pleni
1378 1509 1468 1542 ﬁalis;
1496 1516 1530 1535 ne
1545 1508 1692 1542 iniustitiae
1710 1512 1757 1534 aut

960 1557 1153 1593 imprudentia:
1166 1561 1213 1583 aut
1233 1555 1396 1590 impietatis.
1417 1554 1464 1582 sed
1481 1554 1600 1590 justitize
1618 1558 1645 1581 et
1666 1553 1757 1581 scicn-

959 1605 1003 1632 tiae
1026 1607 1054 1631 ct
1071 1603 1182 1638 pietatis
1210 1603 1361 1638 archetypa
1380 1601 1471 1634 ﬁalis;
1488 1608 1602 1628 necesse
1625 1603 1668 1628 est
1682 1600 1756 1627 enim

959 1655 989 1679 ut
1014 1651 1105 1686 populi
1124 1651 1172 1686 qui
1194 1650 1247 1677 sub
1270 1658 1353 1677 manu
1369 1654 1460 1677 vestra
1484 1653 1550 1676 sunt
1565 1656 1613 1676 vos
1629 1647 1757 1675 conside-

959 1701 1021 1724 rent
1036 1702 1117 1732 atque
1131 1697 1211 1731 quasi
1227 1696 1306 1723 vobis
1320 1696 1400 1731 longe
1423 1695 1484 1722 aliis
1500 1695 1606 1722 similes
1621 1694 1687 1720 ﬁant
1709 1700 1757 1728 per

959 1745 1153 1772 imitationem.
1184 1743 1259 1771 Estis
1282 1743 1355 1770 enim
1380 1743 1425 1768 lux
1456 1742 1581 1776 corporis
1613 1739 1755 1767 Ecclesiae.

960 1792 1038 1819 Sicut
1057 1799 1123 1827 ergo
1146 1790 1226 1818 vobis
1249 1789 1421 1824 simplicibus
1437 1793 1465 1816 et
1489 1787 1646 1815 lucentibus
1668 1791 1695 1814 et
1723 1786 1757 1814 de

959 1843 1018 1866 toto
1043 1839 1117 1875 puris
1156 1839 1184 1865 in
1212 1838 1315 1865 lumine
1345 1845 1447 1871 corpus
1474 1836 1599 1872 graditur
1623 1840 1650 1863 et
1677 1843 1755 1862 suam

959 1886 1031 1911 viam
1066 1885 1178 1920 dirigit,
1205 1884 1242 1910 ita
1264 1891 1279 1911 e
1297 1888 1393 1910 contra
1419 1883 1498 1910 vobis
1521 1883 1548 1909 in
1579 1882 1755 1910 tenebrarum

960 1931 1121 1965 ignorantia:
1148 1935 1176 1958 et
1205 1930 1310 1965 peccati
1335 1929 1492 1964 jacentibus
1516 1928 1673 1963 viluperio,
1700 1934 1755 1957 tota

958 1977 1030 2004 male
1048 1977 1152 2012 patitur
1168 1984 1201 2003 ac
1224 1977 1339 2004 moleste
1354 1976 1407 2003 fert
1426 1976 1556 2003 Ecclesia.
1574 1976 1602 2002 Si
1620 1984 1696 2011 ergo,
1713 1977 1755 2004 in-

958 2023 1028 2058 quit,
1045 2023 1092 2058 qui
1115 2023 1161 2049 lux
1186 2025 1213 2049 et
1237 2022 1334 2049 oculus
1358 2029 1421 2049 esse
1439 2022 1545 2048 videtur
1562 2022 1685 2048 omnium
1706 2023 1753 2057 qui

959 2070 1010 2097 sub
1034 2077 1116 2096 manu
1132 2069 1193 2104 ejus
1211 2073 1286 2102 sunt,
1301 2069 1327 2095 in
1347 2069 1470 2096 tenebris
1485 2069 1618 2099 ambulat,
1640 2069 1691 2096 iste
1706 2070 1753 2104 qui

959 2123 1068 2151 semper
1083 2116 1166 2143 malis
1184 2120 1228 2144 est
1249 2117 1397 2145 obvolutus
1416 2117 1535 2153 populus
1548 2123 1651 2152 quanto
1667 2120 1754 2153 magis

959 2170 974 2189 a
991 2162 1094 2189 malitia
1109 2162 1310 2190 dominabitur.

958 2208 991 2235 9.1
1015 2208 1086 2242 Opus
1098 2209 1154 2236 sine
1166 2208 1243 2236 verbo
1254 2213 1364 2244 praestat
1384 2210 1459 2236 verba
1472 2211 1527 2236 sine
1539 2218 1625 2244 opere.
1639 2214 1692 2238 etc.

996 2254 1227 2287 Pulcherrimum,
1256 2255 1346 2290 inquit
1372 2256 1482 2283 divinus
1498 2261 1524 2282 et
1544 2256 1643 2290 dignus
1666 2262 1752 2287 vales.

960 2305 987 2328 et
1004 2301 1087 2328 verbo
1103 2306 1129 2328 et
1149 2301 1203 2328 vita
1229 2302 1347 2336 primum
1371 2302 1526 2336 praecellere
1551 2309 1611 2330 eum
1635 2303 1681 2337 qui
1699 2302 1752 2329 Ec-

960 2347 1052 2374 clesiae
1067 2347 1149 2382 digne
1168 2346 1227 2373 vult
1251 2355 1385 2382 praeesse;
1411 2348 1458 2374 sed
1477 2348 1563 2375 altero
1586 2348 1683 2375 horum
1705 2357 1753 2375 ca-

960 2399 1063 2419 rentem
1080 2392 1178 2420 melius
1201 2397 1317 2420 essetet
1333 2393 1430 2420 utilius
1449 2401 1497 2428 per
1517 2394 1626 2421 virtutis
1645 2395 1752 2429 praxim

958 2439 1092 2471 etvitam,
1107 2446 1169 2466 cum
1193 2438 1348 2474 ignorantia
1365 2444 1392 2466 et
1413 2440 1486 2466 rcrbi
1506 2439 1686 2474 incapacilatc
1706 2449 1752 2468 no.

959 2492 1020 2511 men
1038 2484 1138 2512 habere
1153 2485 1255 2512 bonum
1272 2493 1353 2520 quant
1379 2493 1503 2513 sermone
1524 2486 1642 2522 eleganti
1667 2493 1694 2514 et
1710 2487 1752 2514 in-

959 2531 1100 2559 fructuose
1122 2536 1150 2560 et
1174 2531 1305 2559 incilicaci
1334 2537 1456 2560 utentem
1490 2533 1603 2567 grandia
1631 2534 1703 2568 loqui
1724 2537 1752 2561 et

956 2576 1024 2604 alios
1047 2577 1191 2605 docturum
1213 2586 1243 2606 se
1262 2577 1330 2605 dare
1357 2585 1388 2605 ca
1408 2586 1469 2612 quae
1491 2586 1546 2606 non
1568 2579 1632 2607 fecit
1655 2580 1752 2608 doctor

955 2623 1018 2651 iste.
1033 2624 1108 2652 Cur?
1124 2624 1194 2658 Quia
1213 2625 1274 2652 sine
1290 2626 1344 2652 vita
1361 2633 1421 2659 quae
1438 2631 1480 2653 est
1498 2625 1649 2654 secundum
1673 2634 1752 2654 man-

955 2669 1080 2697 datorum
1092 2675 1119 2698 et
1131 2671 1241 2698 virtutis
1259 2672 1363 2706 praxim
1374 2680 1454 2699 nemo
1470 2679 1484 2698 a
1496 2672 1597 2699 smculo
1611 2680 1749 2707 summus,

956 2724 1036 2744 nemo
1046 2717 1244 2752 gloriﬁcabitur
1257 2719 1337 2753 quasi
1349 2717 1464 2746 Domino
1477 2719 1618 2754 proximus
1633 2724 1659 2747 et
1674 2727 1750 2748 sane.

957 2763 1089 2795 tiﬁcatus.
1110 2764 1173 2791 dum
1190 2764 1250 2792 sine
1271 2772 1399 2793 sermone
1425 2764 1570 2800 magniﬁco
1583 2770 1610 2794 et
1634 2766 1749 2794 auribus

146 2883 203 2927 {88)
225 2890 283 2918 llos
298 2883 393 2918 vui-siis
413 2883 505 2918 laudat
521 2887 641 2917 Joannes
663 2886 760 2923 Georg.
782 2885 810 2915 in
828 2883 950 2916 Guomol.
968 2886 999 2915 V.
1017 2886 1114 2915 Auecd.
1135 2885 1179 2916 Gr.
1196 2886 1357 2917 Boissouadi
1372 2886 1393 2922 ι,
1412 2887 1454 2915 ιι.
