1920 3046
94 146 146 174 ῚΘἸ

93 209 132 236 55
151 209 324 244 Πανήγυριν
338 207 435 243 νόμιζε
452 209 538 236 τόνδε
556 210 610 237 τὸν
621 211 694 242 ,ϐίον
711 211 778 246 (93).

132 256 197 282 Νόει
230 264 292 291 μοι,
321 251 344 282 ὦ
371 252 449 287 οὗτος
472 255 508 291 (ἡ
534 255 666 292 θεηγὸρος
694 266 735 283 σοι
762 257 885 290 θεσπίζει

92 301 228 336 γλῶσσα),
235 301 329 337 ὥσπερ
341 300 369 328 ἐν
379 310 433 328 τινι
448 301 601 337 πανηγύρει
613 302 681 338 τῷδε
689 302 728 338 τῷ
744 303 794 339 βίῳ
804 306 886 331 ποιεῖ-

93 346 161 373 σθαι
177 346 226 382 τὴν
248 347 434 382 ἀναστροφήν.
461 346 525 372 Ἐἀν
547 347 595 382 μὲν
610 344 657 374 οὖν
669 347 743 384 εἰδῇς
756 356 886 384 πραγμα-

91 391 255 423 τεύσασθαι,
282 391 376 427 κέρδος
405 392 530 419 ἐντεῦθεν
549 392 597 419 καὶ
612 392 727 425 πλοῦτός
744 401 785 420 σοι
802 402 887 429 προσ-

92 436 192 464 έσται·
208 436 362 464 τούναντίον
385 437 423 469 δὲ,
445 437 538 469 κακῶς
557 438 676 474 μετιόντι
691 439 740 474 τὴν
763 441 886 475 πανήγυ-

94 491 156 518 ριν,
184 482 271 518 ζημία
293 483 340 509 καὶ
365 483 498 518 πτωχεία.
525 483 589 516 Πῶς
616 482 664 511 οὖν
687 485 886 521 πραγματεύσῃ

94 529 190 561 καλῶς
201 538 207 561 ;
218 529 305 565 Εἴπερ
317 529 350 564 δὴ
367 529 402 555 τὰ
413 529 520 564 μεγάλα
532 530 578 562 καὶ
588 529 704 565 οὐράνια
716 531 770 557 τῶν
780 531 886 567 μικρῶν

94 576 147 602 καὶ
169 576 270 611 γηΐνων
286 575 451 611 ἀνταλλάξῃ,
470 576 517 602 καὶ
532 576 567 603 τὰ
588 576 698 612 φθαρτά
715 577 785 604 κατά
806 577 886 612 φύσιν

95 622 147 648 καὶ
165 621 262 657 ῥέοντα
285 621 437 657 προέμενος
451 621 486 648 τὰ
505 622 645 658 ἄρρευστα
661 623 823 659 κατακτήσῃ
839 623 887 650 καὶ

93 667 182 694 ἀΐδια.
202 666 273 692 Ὅσα
293 666 349 702 γὰρ
371 667 439 702 πρὸς
461 667 568 702 ἡδονὴν,
585 668 633 694 καὶ
649 667 764 703 τρυφὴν,
780 669 827 696 καὶ
841 668 886 695 θε-

97 711 214 747 ραπείαν
232 712 400 747 πρόσκαιρον
423 711 548 747 σώματος
565 714 622 744 τοῖς
637 713 672 740 τὰ
688 713 796 748 ἐπίγεια
819 722 886 750 φρο-

94 758 174 784 νοῦσι
190 757 383 790 σπουδάζεται,
402 758 526 793 παριείς·
544 759 595 786 ὅσα
611 758 640 785 δὲ
656 759 828 794 πνευματικά
840 759 887 786 καὶ

93 803 157 838 Θεῷ
171 803 247 838 φίλα,
264 803 314 830 ὅσα
332 803 413 837 ἀγνά,
434 804 484 830 ὃσα
497 803 620 840 εὔφημα,
641 804 668 830 εῐ
679 813 723 836 τις
737 805 822 840 ἀρετὴ
838 805 887 832 καὶ

95 849 124 876 ετ
136 857 180 881 τις
197 849 319 882 ἔπαινος,
342 848 430 876 ταῦτα
441 849 523 876 παντὶ
537 849 625 876 σθένει
640 850 687 877 καὶ
700 849 774 886 πάσῃ
792 859 887 886 κατερ-

95 894 252 930 γαζόμενος
279 895 399 930 μηχανῇ,
413 895 545 922 κάλλιστα
568 896 770 932 πραγματεύσῃ
792 896 839 923 καὶ
853 897 887 923 τὰ

97 940 217 975 μέγιστα
238 941 379 976 κερδανεῖς
391 949 398 956 ·
415 941 470 968 τῶν
483 941 630 977 ἀκηράτων
646 942 673 969 δὲ
687 942 734 969 καὶ
749 943 810 969 κατ’
823 943 888 978 ἀρε-

93 986 147 1022 τὴν
167 986 294 1022 πράξεων
312 987 480 1023 παραμελῶν
507 988 554 1015 καὶ
576 988 766 1024 ὑπερφρονῶν,
793 989 841 1016 καλ⁴
859 989 889 1015 τὸ

94 1033 158 1060 ὅλον
176 1032 361 1069 θησαυρίζων,
389 1032 566 1069 θησαυρίζεις
588 1035 622 1061 τὰ
646 1034 821 1069 ἀπολλύμενα
844 1035 889 1061 ἐπὶ

94 1078 148 1112 τῆς
172 1077 236 1113 γῆς,
255 1077 333 1113 δῆλον
349 1078 390 1104 ὅτι
410 1078 574 1115 ζημιωθήσῃ
589 1079 639 1115 τὴν
662 1080 718 1111 τοῖς
736 1079 889 1111 σπουδαίοις

95 1124 285 1159 ἀποκειμένην
305 1124 452 1159 σωτηρίαν.
473 1124 591 1160 Τοιαύτη
605 1125 654 1160 μὲν
666 1126 683 1161 ἡ
700 1125 748 1152 τοῦ
767 1125 826 1160 βίου
838 1135 890 1153 πα-

95 1168 226 1203 νήγυρις,
246 1169 294 1201 καὶ
308 1169 354 1195 τὸν
368 1169 513 1205 εἰρημένον
527 1170 628 1205 τρόπον
639 1170 788 1206 ὲπικερδής
800 1179 828 1197 τε
843 1171 890 1198 καὶ

96 1213 245 1249 ἐπιζήμιος
260 1213 440 1240 καθίσταταν
457 1214 562 1250 ταύτης
575 1214 603 1240 δὲ
621 1214 822 1251 παρελθούσης,
839 1215 888 1243 ἀλ-

95 1260 144 1291 λος
156 1260 206 1286 οὐκ
218 1260 252 1286 ἂν
265 1260 391 1296 εὑρεθείη
407 1260 601 1296 πραγματείας
614 1262 720 1297 καιρός.

96 1306 130 1332 ζιἹ
148 1305 248 1340 Πολὺς
259 1306 317 1341 μέν
331 1307 417 1333 ἐστιν
433 1309 450 1333 ό
468 1307 662 1341 προκείμενος
674 1307 794 1342 δρόμος.

139 1352 184 1383 Ὠς
199 1351 231 1383 ἐξ
249 1351 413 1383 ἀντιθέσεως
424 1352 473 1387 τῆς
490 1352 640 1388 εἰρημένης
656 1353 767 1389 γνώμης
787 1353 890 1389 ταύτην

96 1397 256 1424 ἀκουστέον.
278 1397 347 1424 Ἀλλ’
365 1398 454 1433 ἐρεῖς,
472 1398 554 1433 φησιν
565 1419 572 1431 ,
594 1398 632 1430 ὡς
649 1398 732 1430 πολὺς
752 1399 766 1424 ὁ
780 1398 889 1434 δρόμος,

95 1443 110 1469 ὁ
129 1442 226 1478 χρόνος
242 1443 346 1479 μακρὸς
361 1443 408 1471 καὶ
429 1444 443 1469 ὁ
460 1443 531 1479 ὑπὲρ
549 1443 599 1478 τῆς
614 1444 714 1479 ἀρετῆς
737 1445 816 1476 πόνος
843 1444 890 1470 καὶ

96 1490 181 1520 κόπος
198 1488 315 1524 σκληρὸς
329 1490 377 1516 καὶ
392 1488 476 1524 βαρύς
487 1497 494 1504 ⁵
510 1489 556 1515 καὶ
567 1489 608 1521 τίς
621 1490 727 1516 ὑποίσει
739 1490 784 1517 τὸν
798 1490 890 1524 ἀγῶνα

96 1535 310 1570 διαγωνίσασθαι
325 1535 365 1567 είς
377 1535 468 1568 τέλος;
484 1535 552 1562 ἀλλά
571 1536 607 1572 μὴ
626 1537 694 1572 πρὸς
716 1537 762 1564 τὸν
779 1537 889 1569 σκοπὸν,

97 1581 168 1617 πρὸς
181 1581 211 1608 δὲ
234 1581 284 1618 τὴν
307 1581 362 1608 τῶν
386 1582 473 1608 πόνων
488 1583 578 1618 ἀφόρα
594 1583 806 1618 μισθαποδοσίαν
817 1591 824 1599 ⁸
843 1583 889 1610 καὶ

96 1627 152 1663 γὰρ
163 1626 232 1654 πολὺ
247 1627 346 1655 πλείων
361 1628 434 1654 ἐστὶν
451 1629 464 1654 ὁ
480 1628 586 1663 μισθὸς,
599 1628 628 1654 οὐ
643 1629 791 1656 διπλασίων
803 1630 819 1664 ἦ
831 1639 890 1666 τρι-

97 1672 232 1703 πλασίων,
243 1672 464 1708 ἀπειροπλασίων
478 1673 516 1705 δὲ,
534 1673 595 1700 καθ’
607 1674 668 1700 ὅσον
683 1674 728 1700 καὶ
741 1674 771 1700 τὺ
785 1675 888 1708 ἀϊδίως,

97 1719 187 1745 show
205 1718 262 1754 (94)
284 1719 401 1750 αἱωνίως
415 1738 422 1751 ,
442 1718 533 1754 μένειν
554 1720 582 1746 ὲν
606 1719 645 1754 τῷ
670 1719 764 1755 ἀγαθῷ
788 1720 834 1747 τοῦ
862 1721 890 1747 ὲν

99 1765 197 1801 βραχεῖ
209 1764 507 1800 περαινομένουχρόνῳ
520 1764 652 1801 λυπηροῦ.
666 1766 701 1792 Σὺ
712 1764 757 1792 οὖν
774 1766 811 1803 μὴ
823 1767 891 1803 πρὸς

96 1811 129 1837 τὺ
152 1811 207 1837 πᾶν
231 1810 289 1845 ἅμα
311 1810 357 1837 τοῦ
384 1810 480 1846 χρόνου
498 1810 548 1845 τῆς
573 1811 771 1847 ἐνεργουμένης
790 1813 891 1848 ἀρετῆς

98 1855 239 1887 ἐνωδύνως
254 1855 362 1891 ἀφορῶν
376 1876 382 1887 ,
404 1856 451 1881 καὶ
469 1855 507 1890 τῷ
534 1855 588 1882 δέει
606 1856 799 1889 ἀποκναισθεὶς
812 1877 819 1889 ,
844 1857 891 1884 καὶ

98 1900 251 1933 ὠχλακὼς,
268 1901 396 1936 ἁποπὴδα
419 1901 466 1927 τοῦ
485 1901 590 1935 ἀγῶνος
603 1910 609 1916 “
630 1902 690 1928 οὐδὲ
714 1902 768 1938 γὰρ
786 1903 841 1939 (95)
865 1904 890 1930 οἱ

97 1948 148 1983 τὴν
162 1947 300 1974 θάλασσαν
318 1947 460 1980 πλέοντες,
478 1948 538 1974 ὅλον
556 1948 613 1983 ἅμα
627 1947 657 1974 τὸ
674 1948 790 1982 πέλαγος
808 1948 892 1984 ὀρῶν-

98 2001 144 2024 τες
154 2011 163 2024 ,
181 1993 229 2018 καὶ
252 1992 414 2024 ναυτιῶντες
425 2013 432 2025 ,
444 1992 524 2024 εὐθὺς
543 1993 701 2020 ἀναδύονται
727 1993 774 2019 τὸν
790 1993 872 2020 πλοῦν
883 2002 889 2008 ·

99 2037 156 2064 ἀλλ’
166 2038 274 2073 ἡμέραν
290 2038 319 2070 ἐξ
336 2038 441 2073 ἡμέρας
458 2038 488 2064 τὸ
504 2039 553 2074 τῆς
566 2038 746 2074 ποντοπορίας
761 2038 891 2065 κλέπτον-

98 2093 145 2115 τες
162 2084 309 2120 διάστημα,
323 2086 384 2116 ταῖς
401 2083 471 2110 κατά
493 2084 589 2120 μικρὸν
610 2085 776 2120 μεταϐάσεσι
792 2084 892 2112 λανθα-

100 2131 199 2162 νόντως
221 2131 266 2157 τὸν
284 2130 463 2166 προκείμενον
485 2130 577 2162 αὐτοξ
599 2131 658 2157 ὅλον
684 2131 790 2158 δίαυλον
810 2131 892 2158 ἐκπε-

101 2176 252 2212 ραιοῦνται.
270 2176 325 2202 Καὶ
349 2176 403 2211 γὰρ
426 2175 567 2202 καὶτοῦτο
594 2176 677 2212 πεῖρά
700 2177 742 2209 τίς
764 2178 822 2203 ἐστι
843 2177 891 2204 τοῦ

106 2221 220 2258 Ἐχθροῦ
235 2222 283 2248 καὶ
296 2222 490 2258 κακομήχανος
510 2221 641 2257 ἐπιῦουλὴ
655 2243 662 2254 ,
678 2222 707 2249 ἐν
726 2223 824 2257 ἀρχαῖς
843 2222 891 2249 τοῦ

574 152 607 179 ΙΝ
625 151 778 180 CARMINA
799 152 939 182 ABCANA
956 154 985 182 S.
1006 153 1178 181 GREGORII.

1675 151 1723 180 793

937 213 973 240 33
993 212 1134 239 Nundinas
1148 221 1204 240 esse
1221 212 1287 238 hanc
1310 213 1390 239 vitam
1405 213 1538 239 existima.

971 259 1067 294 Cogita
1083 258 1160 290 milii,
1185 258 1311 293 quisquis
1334 258 1383 290 sis,
1403 257 1533 292 praedicat
1557 257 1606 284 tibi
1634 257 1726 292 lingua

936 312 1016 339 quam
1031 303 1146 339 inspirat
1161 303 1242 335 Deus,
1255 303 1328 330 sicut
1341 303 1369 329 in
1385 309 1468 329 scena
1483 301 1613 336 quadam,
1631 302 1659 329 in
1674 301 1727 328 hac

937 351 991 376 vita
1015 349 1074 376 ﬂeri
1097 349 1263 376 curriculum
1281 357 1287 374 :
1309 348 1332 375 si
1354 352 1494 383 operatum
1519 346 1606 374 fuisse
1627 351 1655 374 te
1677 354 1726 374 co-

936 394 1080 429 gnoveris,
1112 394 1219 420 lucrum
1246 392 1344 420 exinde
1371 396 1399 419 et
1429 391 1530 419 divitiae
1559 392 1606 418 tibi
1634 395 1725 423 erunt,

936 444 1048 467 econtra
1071 440 1142 466 male
1165 439 1313 474 negligenti
1335 445 1457 470 scenam,
1484 438 1678 465 detrimentum
1700 442 1727 465 et

936 490 1083 520 paupertas
1104 489 1192 512 erunt.
1215 483 1358 517 Quomodo
1372 491 1438 518 ergo
1458 483 1527 511 bene
1547 483 1728 518 operaberis?

937 530 966 558 Si
988 538 1085 565 magna
1104 536 1131 558 et
1147 530 1270 558 coelestia
1284 530 1375 565 parvis
1389 535 1417 558 et
1432 529 1611 558 terrestribus
1627 533 1727 564 praetu-

936 576 1011 609 leris,
1027 580 1054 603 et
1068 576 1257 610 corruptibilia
1273 575 1307 603 de
1326 579 1423 602 natura
1438 583 1487 603 sua
1501 580 1528 602 et
1548 576 1621 602 lluxa
1639 575 1727 609 negli-

937 629 1003 657 gens
1023 622 1212 657 permanentia
1232 626 1258 651 et
1270 627 1372 650 aeterna
1395 622 1575 657 acquisieris;
1591 625 1728 657 quotquot

935 669 1008 695 enim
1028 672 1139 703 propter
1168 668 1335 703 voluptatem
1361 671 1389 696 et
1411 668 1524 695 delicias
1553 670 1581 694 et
1603 667 1728 702 corporis

936 713 1122 740 transitoriam
1133 720 1227 740 curam
1244 713 1278 740 ab
1292 713 1326 741 iis
1343 712 1390 748 qui
1407 717 1516 740 terrena
1529 711 1638 747 sapiunt
1651 719 1727 746 quas

937 763 1034 785 runtur
1048 758 1272 793 praetermittens,
1295 765 1468 793 quaecunque
1488 761 1579 785 autem
1597 757 1728 792 spiritua-

936 805 973 831 lia
999 808 1026 832 et
1049 803 1106 832 Deo
1135 807 1224 839 grata,
1248 811 1419 839 quascunque
1446 809 1534 836 casta,
1559 810 1732 838 quaecunque.

936 851 1015 878 bona:
1026 850 1114 882 famas,
1127 850 1150 878 si
1164 857 1217 886 qua
1233 850 1330 882 virtus,
1343 850 1366 877 si
1380 857 1434 884 qua
1442 849 1573 883 laus,haac
1587 849 1662 876 omni
1677 856 1728 882 ope

938 900 966 923 et
982 903 1064 931 opera
1078 903 1214 930 quzerens,
1232 895 1334 930 optima
1351 898 1480 929 operatus
1494 895 1550 921 eris
1561 897 1589 921 et
1606 893 1725 920 maxima

940 940 1061 967 lucratus
1081 939 1180 972 fueris;
1205 946 1288 974 opera
1303 946 1368 966 vero
1386 939 1491 973 absque
1509 938 1623 966 mistura
1639 941 1666 965 et
1686 945 1729 964 sc-

940 987 1059 1014 cundum
1077 986 1208 1013 virtutem
1229 986 1369 1020 negligens
1383 987 1412 1012 et
1429 984 1600 1019 despiciens;
1616 984 1729 1010 omnino

941 1030 1129 1058 thesaurizans
1153 1031 1325 1058 thesaurizas
1351 1029 1474 1065 peritura
1500 1036 1583 1064 super
1616 1033 1728 1058 terram.

940 1081 1014 1112 patet
1029 1076 1102 1111 quod
1115 1077 1312 1104 detrimentum
1333 1076 1456 1112 patieris,
1477 1075 1620 1103 deﬁciente
1644 1073 1730 1101 ﬁdeli-

940 1125 991 1152 bus
1007 1125 1088 1152 cbvio
1108 1125 1205 1152 salute.
1224 1124 1262 1151 Ea
1281 1129 1324 1151 est
1335 1124 1417 1159 hujus
1429 1124 1491 1151 vitae
1510 1122 1734 1158 ﬁgura,etjuxta

940 1171 1044 1198 dictum
1061 1178 1164 1198 morem
1179 1169 1310 1197 lncranda
1328 1173 1355 1198 et
1373 1169 1510 1205 perdenda
1525 1173 1649 1200 constat;
1663 1175 1731 1203 prae.

941 1217 1019 1244 terita
1044 1221 1134 1244 autem
1151 1217 1208 1252 jam
1234 1224 1288 1244 non
1320 1217 1443 1245 invenies
1461 1215 1534 1244 aliud
1561 1214 1729 1250 operationis

941 1268 1057 1297 tempus.

941 1308 975 1336 57
994 1307 1089 1343 Ingens
1102 1307 1205 1342 quidem
1216 1307 1264 1335 tibi
1277 1308 1429 1342 propositus
1441 1315 1546 1335 cursus.

976 1353 1059 1386 Qu-nsi
1070 1361 1103 1381 ex
1115 1354 1244 1382 antithesi
1256 1354 1336 1381 dictae
1349 1354 1492 1382 sententiae
1505 1354 1562 1381 inec
1572 1353 1728 1381 audienda:

943 1400 994 1427 Sed
1005 1399 1089 1432 dices,
1101 1399 1199 1434 inquit,
1214 1400 1286 1434 quod
1298 1400 1414 1426 multum
1425 1399 1605 1431 curriculum,
1620 1399 1730 1434 longum

941 1449 1048 1480 tempus
1068 1449 1095 1472 et
1113 1445 1186 1472 circa
1207 1445 1336 1472 virtutem
1350 1445 1426 1472 calor
1437 1449 1464 1472 et
1479 1445 1602 1480 fatigatio
1616 1446 1684 1471 dura
1703 1447 1729 1474 et

940 1492 1032 1526 gravia
1043 1494 1083 1522 ;el
1092 1489 1189 1525 quisin
1198 1497 1283 1525 agone
1291 1489 1457 1517 contendere
1469 1489 1502 1516 ad
1516 1490 1595 1516 linem
1609 1490 1730 1517 sustine-

941 1537 997 1563 bit?
1013 1536 1064 1564 Sed
1080 1544 1114 1563 ne
1134 1539 1244 1568 metam,
1265 1536 1334 1563 bene
1349 1543 1415 1564 vero
1431 1536 1556 1562 laborum
1577 1535 1729 1563 mercedem

941 1582 1114 1615 consideres;
1138 1589 1256 1617 namque
1281 1581 1368 1608 multo
1389 1581 1476 1617 major
1492 1584 1534 1608 est
1556 1588 1730 1614 merces,non

941 1627 1052 1662 duplex,
1070 1633 1117 1654 ant
1132 1627 1240 1662 triplex,
1255 1626 1302 1654 sed
1322 1634 1403 1661 supra
1419 1627 1529 1654 modum
1548 1625 1690 1660 multiplex
1702 1629 1731 1653 et

941 1676 1072 1707 quantum
1085 1679 1192 1706 semper
1202 1675 1229 1698 et
1244 1672 1270 1698 in
1282 1677 1412 1698 aeternum
1425 1671 1451 1698 in
1463 1671 1535 1698 bono
1546 1671 1652 1698 mansio
1663 1678 1730 1705 prat-

940 1722 996 1746 stat
1011 1719 1038 1745 in
1055 1718 1147 1746 brevis
1159 1718 1290 1753 temporis
1301 1717 1460 1745 transitoria
1475 1718 1601 1745 molesta.
1613 1716 1653 1743 Tn
1665 1724 1731 1752 ergo

942 1771 976 1792 ne
989 1763 1065 1791 omni
1083 1767 1206 1798 tempore
1221 1763 1328 1798 agentis
1351 1763 1378 1789 in
1399 1762 1493 1789 dolore
1509 1763 1618 1790 virtutis
1641 1762 1731 1789 inten-

941 1810 1010 1837 dens
1025 1813 1053 1836 et
1066 1814 1138 1836 metu
1152 1808 1294 1836 confectus
1318 1813 1344 1835 et
1361 1808 1479 1836 lassatus
1497 1807 1591 1843 pedem
1606 1807 1730 1834 retrahas

942 1856 976 1882 ab
993 1863 1080 1890 agone
1096 1854 1173 1882 :'non
1191 1855 1210 1882 ii
1229 1855 1276 1890 qui
1295 1862 1369 1882 mare
1384 1854 1525 1890 trajiciunt
1548 1854 1628 1881 simul
1646 1861 1678 1881 ac
1692 1854 1732 1880 al-

942 1906 998 1928 tum
1020 1909 1094 1928 mare
1108 1904 1258 1928 tenuerunt
1272 1905 1299 1926 et
1311 1908 1429 1928 transeas
1445 1899 1560 1934 experti,
1577 1899 1702 1934 protinus
1715 1906 1730 1924 a

942 1947 1057 1981 trajeclu
1079 1947 1234 1978 discedunt.
1249 1945 1297 1974 sed
1313 1945 1347 1973 de
1357 1945 1401 1974 die
1423 1946 1449 1972 in
1462 1945 1534 1973 diem
1550 1944 1732 1980 navigationis

943 2001 1048 2028 tempus
1061 1994 1139 2028 quasi
1164 1993 1322 2021 fraudantes
1346 1992 1475 2027 paulatim
1496 1999 1544 2026 per
1566 1991 1731 2018 mutationes

943 2039 1041 2067 furtive
1064 2043 1197 2067 statutum
1223 2040 1289 2074 ipsis
1317 2043 1404 2066 totum
1432 2038 1552 2065 stadium
1575 2037 1730 2070 trajiciunt;

944 2085 1058 2112 tentatio
1074 2085 1146 2112 enim
1161 2084 1285 2120 quaedam
1306 2089 1349 2112 est
1367 2084 1453 2112 hostis
1469 2088 1496 2111 et
1512 2083 1545 2110 ad
1571 2083 1671 2110 malum
1688 2082 1730 2109 in-

943 2131 1069 2158 sidiantis
1094 2131 1232 2166 suggestio
1255 2131 1283 2157 in
1302 2130 1399 2166 agonis
1417 2129 1572 2165 principiis,
1589 2128 1731 2164 pusillani-

943 2177 1063 2204 milalem
1086 2177 1218 2208 insinuat,
1237 2177 1360 2204 acedialn
1385 2176 1489 2203 inducit
1511 2179 1539 2203 et
1563 2175 1596 2202 ad
1620 2183 1651 2202 ea
1671 2182 1732 2209 qua:

943 2227 1017 2250 retro
1033 2227 1098 2251 sunt
1112 2223 1227 2250 reducit.
1271 2219 1278 2225 ’

98 2268 204 2302 ἀγῶνος
225 2268 400 2303 ὀλιγοψυχίαν
425 2269 618 2303 ἐμποιοῦντος,
645 2271 692 2296 καὶ
721 2270 836 2305 ἀκηδίςιν
861 2271 1130 2306 παρασκευάζοντος,
1153 2271 1200 2297 καὶ
1222 2271 1262 2302 εἰς
1291 2270 1325 2296 τὰ
1353 2269 1440 2296 ὀπίσω
1470 2268 1678 2304 ἀνατρέποντος.

98 2314 130 2341 ιι
150 2313 198 2348 Μὴ
214 2314 334 2348 σφόδρα
352 2314 471 2348 θαρῤεἷν
487 2314 556 2348 μηδ’
577 2315 750 2345 ἀπελπίζειν
763 2315 849 2350 ἄγαν.

135 2360 216 2395 Μήτε
233 2359 294 2386 λίαν
316 2358 495 2395 τεθαρρηκὼς
517 2360 564 2386 καὶ
578 2360 624 2387 τοῦ
645 2362 825 2396 προκειμένου
843 2361 891 2396 τῆς

98 2406 201 2442 ἀρετῆς
212 2405 317 2440 ἀγῶνος
335 2406 373 2437 ὡς
387 2406 495 2438 πάντως
509 2407 702 2442 περιεσόμενος
717 2407 764 2434 τοῦ
779 2407 893 2434 ἀντιπά-

98 2452 146 2479 λου
163 2452 330 2488 κατακαυχῶ
345 2461 351 2467 ·
372 2452 460 2488 θρασὺ
474 2453 543 2488 γάρ·
560 2453 624 2488 μήτ’
637 2450 685 2480 οὖν
703 2454 735 2480 ἐκ
747 2453 794 2480 τοῦ
817 2454 893 2481 ἐναν-

97 2499 157 2526 τέου
170 2498 250 2525 πάλιν
266 2499 368 2534 σφόδρα
384 2498 560 2535 μικροψύχως
576 2500 740 2535 ἀπηλπικὼς
766 2500 833 2535 πρὸς
847 2500 893 2526 τὸν

97 2546 200 2582 δρόμον
224 2546 376 2582 ὑποχωρεῖν
394 2547 441 2572 καὶ
464 2545 674 2573 ὑποστέλλεσθαι
688 2555 694 2561 ·
716 2546 801 2573 δειλὸν
817 2546 870 2582 γάρ
884 2555 891 2562 ·

99 2593 148 2620 καὶ
163 2591 307 2628 ἀμφότερα
330 2592 461 2624 ὡσαύτως
477 2592 628 2627 ἐπισφαλῆ·
654 2592 701 2618 καὶ
715 2592 769 2627 γὰρ
797 2592 827 2618 τὸ
844 2593 893 2627 μὲν

99 2637 182 2666 πλέον
195 2638 262 2672 ἡδεῖ
271 2637 380 2673 θαρσεῖν
395 2637 506 2663 ἔκλυσιν
520 2634 589 2663 οἶδεν
604 2637 727 2671 ἐμποιεῖν
745 2636 791 2662 καὶ
807 2635 892 2671 ρᾳθυ-

99 2683 167 2720 μίαν
180 2693 188 2699 ·
202 2683 233 2710 τὸ
255 2683 276 2709 δ’
293 2684 364 2717 ἄγαν
381 2682 542 2717 ἀνελπιστίᾳ
564 2681 766 2716 καταφέρεσθαι
787 2689 893 2716 προφα-

97 2730 149 2766 νὴς
168 2729 218 2764 τῆς
232 2729 351 2763 ἀγωνξας
363 2728 502 2763 ἀνατροπὴ
519 2728 566 2754 καὶ
579 2726 766 2761 ὑποχώρησις⁸
782 2726 813 2752 σὺ
834 2723 892 2757 οὖν,

96 2777 112 2803 ὸ
124 2775 176 2810 τῆς
192 2775 362 2810 συμμετρίας
385 2775 430 2801 καὶ
449 2774 497 2810 τῆς
522 2773 623 2808 ἀρετῆς
639 2772 769 2806 ἀλείπτης
787 2781 892 2808 παραγ-

138 2855 196 2887 (93)
219 2854 266 2880 Est
280 2861 378 2881 versus
390 2853 543 2884 Menandri,
560 2853 677 2880 Senlcnt.
692 2852 789 2886 singul.
802 2852 864 2880 LM.

135 2891 195 2926 (96)
214 2889 282 2916 Cod.
300 2889 348 2916 εἴτ’
364 2887 428 2924 οὖν,
445 2893 473 2916 ut
487 2896 614 2924 semper;
630 2895 655 2916 ν.
671 2895 696 2923 p.
716 2887 741 2922 5,
757 2889 782 2915 Ἰ.

940 2316 971 2343 41
992 2316 1032 2343 Ne
1058 2317 1167 2343 nimium
1192 2316 1310 2350 con/idus
1332 2324 1377 2342 nec
1395 2315 1506 2342 nimium
1531 2314 1661 2348 desperes.

976 2361 1071 2396 Neque
1102 2362 1188 2389 nimis
1214 2361 1318 2389 audens
1343 2366 1369 2389 et
1395 2362 1421 2388 in
1448 2361 1573 2397 prazsenti
1585 2360 1619 2388 de
1633 2360 1734 2387 virtute

941 2416 1028 2443 agone
1047 2412 1177 2442 tanquam
1205 2408 1317 2435 omnino
1341 2413 1473 2442 praestans
1508 2411 1604 2434 contra
1629 2406 1732 2433 hostem

943 2455 1080 2488 glorieris,
1100 2454 1262 2486 temerarie;
1287 2462 1375 2488 neque
1397 2461 1412 2480 e
1434 2458 1540 2484 contra,
1558 2453 1667 2483 iterum,
1690 2459 1734 2477 ve-

945 2500 1085 2527 hementer
1125 2507 1179 2534 pra:
1216 2500 1442 2534 pusillanimitate
1473 2499 1602 2533 desperes
1633 2502 1659 2524 et
1692 2497 1734 2524 in-

943 2549 1037 2580 specto
1048 2546 1137 2573 stadio
1157 2546 1315 2573 rctrmzedas
1338 2549 1365 2572 et
1384 2545 1476 2577 abeas,
1495 2543 1611 2578 timide;
1656 2547 1733 2570 utra-

944 2600 997 2626 que
1015 2592 1141 2619 similiter
1158 2593 1312 2627 periculosa
1328 2601 1334 2619 ι
1353 2599 1471 2626 namque
1493 2591 1553 2626 plus
1570 2597 1648 2625 aequo
1663 2597 1732 2617 con-

947 2637 1031 2665 lidere
1063 2637 1280 2665 debilitationem
1311 2642 1337 2665 et
1367 2638 1568 2664 enervationem
1599 2635 1734 2662 adducere

946 2683 1024 2716 solet,
1035 2686 1062 2709 et
1079 2682 1160 2710 nimis
1184 2690 1232 2717 spe
1246 2681 1325 2716 dejici
1344 2686 1436 2718 aperta
1452 2685 1493 2709 est
1512 2682 1546 2708 ab
1563 2689 1649 2716 agone
1665 2687 1734 2707 con-

946 2727 1036 2755 versio
1057 2731 1085 2754 et
1106 2727 1178 2763 fuga.
1201 2727 1242 2754 Tu
1258 2735 1334 2762 ergo.
1358 2726 1554 2754 moderationis
1577 2729 1604 2753 et
1626 2725 1733 2752 virtutis

946 2777 972 2801 te
992 2773 1088 2801 invitat
1113 2774 1252 2810 magister,
1277 2774 1340 2801 hinc
1367 2773 1508 2810 dispositis
1533 2773 1582 2801 tibi
1601 2771 1634 2799 ad
1660 2771 1733 2798 vlam

984 2855 1040 2892 (93)
1057 2854 1124 2882 Cod.
1145 2854 1170 2880 οἱ
1183 2853 1212 2880 δὲ
1230 2853 1292 2901 γάρ.
