1920 3046
188 97 242 127 799

849 100 997 129 NICETAS
1013 100 1116 128 DAVID

1782 95 1848 122 800

189 154 288 183 mediis
315 155 444 192 dirigaris
471 157 504 185 ad
523 161 625 185 metam
655 157 766 190 bonam,
789 158 853 186 inde
881 159 981 187 cohibe

1054 160 1133 192 ἐλλει,
1147 159 1178 186 τὸ
1193 160 1241 195 μὲν
1256 159 1388 194 κα.τὸροου
1401 158 1456 185 τῶν
1469 157 1529 185 καθ’
1542 156 1601 184 ὁδόν
1619 164 1660 183 σοι
1676 155 1849 191 προκειμέο

190 201 357 230 activitatem
381 203 581 232 incessabiliter
598 204 637 231 tui
651 208 746 239 potens
759 212 809 232 nec
823 204 982 240 imperfecte

190 255 247 282 pra
262 249 369 283 pigritia
384 257 538 277 remaneas.
568 259 576 275 ι
593 249 658 278 Inde
675 257 725 277 nec
746 250 859 277 invidia.
880 261 888 276 ι
908 251 941 277 Ει
961 250 984 278 si

192 302 319 328 magnum
348 295 412 329 quid
453 296 532 330 quasi
563 304 646 331 supra
675 301 801 324 naturam
835 297 985 325 secundum

192 338 277 366 Deum
291 340 340 367 tibi
355 342 487 368 statuitur
503 342 536 369 ad
557 342 676 377 praxim,
696 343 815 378 jndicas,
828 351 864 371 ne
876 348 987 379 propter

191 385 243 412 hoc
270 390 384 421 stupens
408 388 584 420 rctrocedas;
608 396 664 416 non
688 389 761 416 enim
787 389 887 416 invidia
915 389 986 424 apud

192 430 277 458 Deum
302 433 349 467 qui
370 433 471 460 bonum
495 441 567 461 vere
581 441 643 462 cum
660 435 762 469 pietate
776 439 803 462 et
829 435 883 462 lide
897 435 988 464 facere

193 477 338 512 eligentem
352 478 382 505 in
394 486 494 506 vanum
508 479 631 507 remittat
645 484 673 507 et
692 480 814 515 repellat.
834 490 843 506 ‹
865 480 921 508 Nec
940 481 986 515 qui

193 523 244 550 viae
267 523 392 551 inutilem
419 524 515 552 reddat
541 526 677 560 reliquum
706 526 837 554 laborem.
871 536 881 553 ι
909 525 988 559 Quod

193 569 270 602 dicit,
286 571 338 598 hoc
362 572 429 599 milii
455 572 564 600 videtur
579 581 640 601 esse
659 573 717 601 :De
747 574 805 602 vias
833 574 860 601 in
885 574 988 601 mundo

194 616 417 651 aggredientibus
443 618 466 645 si
484 619 517 646 ad
535 619 585 647 via:
605 625 717 652 metam,
735 620 769 647 ad
792 620 988 655 perfectionem

195 670 249 689 non
263 662 390 690 adveniat
403 663 500 696 viator,
520 665 625 692 inutilis
649 666 725 692 labor
743 669 896 698 sustentus,
919 672 989 692 vana

194 713 320 742 reputata
335 713 377 737 est
402 709 525 746 fatigatio
549 721 555 738 :
574 710 625 744 Qui
643 711 677 738 ad
704 712 790 739 Deum
812 713 989 740 ascensiones

194 761 244 788 per
273 754 378 788 praxim
403 759 431 782 et
461 755 668 784 meditationem
691 757 825 792 disponit,
857 757 932 790 hinc,
960 761 990 784 ut

194 799 297 826 dictum
312 805 365 832 est,
381 801 437 836 jam
459 804 590 834 correxit,
605 803 669 831 inde
687 811 761 831 nunc
774 805 899 840 corrigit,
916 811 990 831 nunc

196 851 244 879 spe
265 853 315 872 sua
334 847 476 880 praevenit.
499 848 562 875 licet
577 853 668 876 tamen
690 849 724 876 ad
747 858 882 877 summam
907 850 991 885 perfe-

194 891 313 918 ctionem
331 893 503 921 ascensionis
518 895 553 921 ad
574 894 659 922 Deum
682 904 737 923 non
761 896 912 931 perveniat,
939 904 993 923 non

194 936 320 972 desperet
346 948 352 966 :
382 947 438 966 non
465 941 536 967 enim
560 941 667 968 inutilis
692 942 742 977 ipsi
769 943 845 969 labor
867 943 938 969 sicut
956 942 993 970 illi

194 983 246 1018 qui.
259 991 273 1010 a
289 985 332 1011 via
347 985 486 1018 declinat;
507 987 534 1014 in
555 993 687 1022 quantum
705 996 868 1023 progressus
882 994 921 1016 est
934 993 994 1015 ten-

195 1029 263 1057 dens
307 1030 341 1057 ad
372 1031 568 1066 perfectionem
597 1038 624 1061 et
653 1034 687 1061 ad
712 1035 834 1069 judicent
865 1042 991 1069 superna:

195 1076 349 1104 vocationis
378 1079 611 1114 appropinquans,
639 1088 687 1115 per
705 1088 781 1115 spem
806 1081 921 1108 salutem
940 1081 990 1108 ob—

195 1125 288 1153 tinuit.

195 1170 347 1207 λειπομένῳ
363 1173 414 1208 τῆς
441 1174 500 1200 ὁδοῦ
515 1183 521 1189 ·
545 1174 606 1200 ὅσον
620 1174 648 1201 δὲ
669 1175 812 1210 προκόψας
830 1175 897 1211 ἔφθη
910 1195 918 1209 ,
948 1176 988 1211 τῷ

195 1217 239 1245 διὰ
252 1218 303 1254 τῆς
315 1218 422 1252 ἐλπίδος
437 1220 486 1255 τὴν
501 1220 638 1256 σωτηρίαν
651 1221 810 1257 ἐκομίσατο.

196 1273 231 1301 65
245 1274 284 1300 Νι
297 1274 412 1301 calidius
427 1275 547 1302 assilias.

232 1319 331 1347 lterum
360 1324 473 1349 sanctus
498 1321 610 1349 virtutis
638 1322 779 1357 legislator
811 1322 938 1350 hortatur
959 1331 994 1350 ne

197 1365 300 1400 impetu
317 1367 419 1399 irruas,
450 1375 537 1402 neque
563 1368 717 1402 petulanter
756 1369 885 1403 operibus
912 1377 995 1404 supra

198 1412 269 1439 vires
287 1416 334 1439 aut
353 1413 632 1448 contemplationibus
654 1414 818 1442 sublimibus
835 1415 994 1448 extollaris;

198 1458 225 1485 in
242 1458 343 1492 quibus
366 1463 457 1485 autem
476 1459 557 1486 rebus
570 1459 670 1494 aliquis
687 1467 735 1494 per
753 1460 887 1495 judicium
911 1466 938 1488 et
950 1469 996 1488 co-

198 1504 346 1539 gitationes
374 1504 525 1540 prudentes
551 1509 577 1533 et
605 1505 799 1533 confidentiam
826 1511 905 1535 actus
928 1515 997 1543 quos

199 1550 339 1585 reputavit
370 1551 554 1586 undequaque
591 1551 849 1586 irrepreliensibiles
875 1553 999 1581 animad-

199 1601 308 1623 vertens
335 1597 505 1631 cognoverit,
538 1598 565 1624 in
592 1597 636 1625 his
658 1598 736 1625 decct
753 1602 784 1625 ut
812 1599 947 1626 stabiliter
972 1601 999 1627 el

201 1641 260 1668 sine
296 1641 447 1668 mutatione
485 1646 658 1676 permaneat,
683 1642 772 1670 donec
800 1642 856 1670 Deo
882 1643 992 1678 dignius

201 1685 302 1720 aliquid
319 1686 354 1712 ab
369 1686 424 1712 alto
439 1686 490 1721 ipsi
504 1687 680 1722 designetur;
693 1688 781 1722 magis
792 1688 864 1715 enim
881 1689 992 1723 expedit

203 1731 347 1759 humiliora
361 1733 454 1760 multis
469 1735 604 1760 aestimata
623 1734 770 1768 eligentem
794 1742 890 1768 parum
906 1734 932 1761 in
950 1734 993 1762 his

151 1775 154 1777 ’
203 1778 328 1813 progredi
342 1786 424 1812 quant
440 1779 568 1806 sublimia
580 1780 770 1814 intempestive
790 1784 846 1814 tum
858 1780 884 1807 in
899 1781 993 1816 gradi—

203 1824 254 1852 bus
267 1825 354 1852 sacris
369 1829 427 1852 tum
444 1826 470 1852 in
485 1827 547 1853 aliis
565 1833 620 1861 pm
641 1826 790 1853 ambitione
815 1831 992 1861 quaerentem,

203 1881 265 1900 mox
276 1880 437 1908 progressus
452 1874 573 1900 minuere
583 1877 610 1900 et
623 1873 748 1900 decidere
756 1878 781 1900 et
792 1873 922 1903 minorem
937 1874 995 1901 fieri

204 1918 232 1945 in
248 1918 319 1945 bono
333 1927 339 1945 :
356 1919 420 1945 mali
440 1919 514 1946 enim
532 1917 587 1946 Deo
609 1924 720 1946 auctore
737 1924 869 1946 vocantur
880 1927 934 1947 non
949 1921 996 1955 qui

205 1963 328 1990 intimum
343 1967 371 1991 et
394 1963 576 1991 humillimum
595 1965 665 1991 inter
684 1965 811 1993 homines
829 1967 918 1993 sortiti
933 1971 998 1997 sunt

206 2009 307 2042 locum,
320 2009 368 2036 sed
382 2009 429 2045 qui
441 2009 500 2037 zelo
517 2010 617 2037 rationi
631 2018 685 2038 non
697 2017 882 2039 consentaneo
892 2013 998 2047 seipsos

205 2056 327 2082 exaltant
346 2064 401 2091 pra:
425 2056 555 2091 superbia
582 2061 610 2084 et
625 2057 700 2085 hinni
727 2057 830 2085 cadunt
845 2066 901 2093 pra:
919 2064 998 2095 potu-

207 2101 302 2129 lautia.

206 2170 241 2198 49
266 2170 310 2198 νει
333 2170 396 2198 leuis
415 2170 534 2198 scintilla
558 2170 686 2207 ingentem
711 2172 849 2206 flammam
869 2171 998 2200 accendit.

243 2250 477 2284 Quemadmodum
509 2252 644 2278 seminum
695 2252 911 2287 unumquodque
950 2253 1002 2280 mi-

207 2297 312 2324 nimum
342 2305 404 2324 cum
423 2298 469 2331 sit,
490 2298 535 2324 ubi
552 2297 651 2324 cecidit
676 2297 702 2324 in
718 2302 818 2325 terram
831 2303 858 2325 et
875 2298 1000 2325 idoneum

209 2344 368 2371 alimentum
382 2343 488 2371 invenit
501 2348 527 2370 et
542 2343 720 2370 tumefactum
733 2343 815 2376 est,in
831 2343 1001 2372 altitudinem

209 2389 338 2423 paulatim
357 2389 458 2416 crescit
473 2392 500 2416 et
513 2388 591 2423 juxta
603 2396 689 2423 genus
706 2396 778 2415 nunc
794 2389 1002 2423 multiplicatur,

209 2436 281 2463 sicut
296 2439 322 2463 et
344 2435 463 2462 scintilla
477 2443 509 2462 ex
526 2435 604 2462 silice
625 2434 697 2469 quod
714 2434 786 2461 ferro
805 2434 935 2461 caedimus
953 2434 1004 2461 mi-

210 2482 294 2514 nima,
309 2481 409 2516 agitata
426 2481 452 2508 in
470 2487 594 2515 magnam
621 2480 746 2515 prorupit
763 2479 912 2511 flammam,
931 2480 1004 2507 sicut

209 2532 237 2554 et
263 2527 362 2562 vipera:
389 2533 526 2554 venenum
548 2525 659 2559 guttula:
674 2525 763 2552 simile
780 2525 896 2552 latenter
916 2524 1004 2551 homi-

209 2574 251 2601 nis
266 2580 367 2608 corpus
391 2576 525 2607 penetrat.
541 2575 655 2598 mortem
670 2579 741 2606 saepe
757 2579 805 2606 per
828 2571 1000 2598 mou-sumin-

209 2620 328 2653 vehens;
349 2619 388 2646 sic
405 2623 431 2645 et
455 2622 598 2652 peccatum
614 2625 727 2645 oarvum
752 2625 782 2645 se
799 2618 916 2652 primum
932 2617 999 2644 insi-

211 2667 277 2691 nuat
297 2667 324 2690 ct
353 2663 513 2697 despicitur,
530 2670 592 2689 mox
614 2662 742 2697 pauiatim
768 2662 945 2697 progrediens
973 2666 1000 2690 et

211 2717 336 2737 crescens
351 2716 477 2744 magnum
493 2708 594 2735 malum
611 2712 638 2735 et
661 2708 759 2735 animae
775 2708 882 2735 ruinam
911 2708 938 2734 in
953 2715 1000 2736 eos

210 2754 258 2790 qui
279 2755 345 2781 illud
360 2754 508 2781 admittunt
526 2753 619 2781 infert.
652 2754 739 2788 llnjus
753 2755 840 2789 gratia
858 2753 999 2781 mirandus

211 2800 386 2828 consiliarius
412 2801 453 2828 vel
479 2799 619 2827 minimam
641 2804 816 2835 apparentem
839 2801 946 2835 culpatn
965 2800 1000 2826 ti-

213 2846 302 2873 mendi
321 2846 368 2873 dat
391 2846 546 2880 consilium,
562 2851 589 2875 et
612 2846 699 2875 donec
723 2854 805 2882 parva
825 2851 867 2875 cst
881 2851 908 2875 ct
921 2846 998 2880 levis,

1036 215 1089 233 νων
1104 207 1144 238 εἰς
1159 206 1244 241 πέρας
1257 205 1342 239 δεξιὸν
1355 205 1440 239 ἄγων,
1456 203 1504 230 τοῦ
1518 203 1540 230 δ’
1557 202 1619 238 ἔχου
1634 203 1684 237 τῆς
1694 200 1850 237 ἐργασίας

1037 252 1385 287 ἁδιακόπως-ἁντεχόμενος
1407 251 1455 277 καὶ
1475 250 1512 286 μὴ
1532 249 1675 276 ἀτέλεστον
1701 248 1738 274 δι’
1756 247 1849 274 ὄκνον

1038 307 1075 324 πα
1078 297 1207 334 ραλιπών.

1148 344 1203 371 Τοῦ
1215 343 1241 370 δ’
1252 344 1288 370 οὐ
1302 343 1424 377 φθόνος.

1073 389 1105 417 Εί
1121 390 1167 416 καὶ
1184 390 1255 425 μέγα
1268 398 1294 416 τι
1313 387 1367 415 οἷον
1386 388 1434 415 καὶ
1448 387 1524 423 ὑπὲρ
1532 386 1613 422 φύσιν
1630 387 1662 414 ea
1675 386 1754 414 κατὰ
1769 387 1847 413 Θεόν

1040 445 1081 462 σοι
1096 436 1303 471 προτεινόμενον
1320 435 1359 466 εἰς
1378 432 1478 469 πρᾶξιν
1501 433 1701 465 ὑποπτεύεται,
1720 433 1763 468 μὴ
1797 432 1847 458 διὰ

1038 481 1116 508 τοῦτο
1131 481 1347 516 ἀναϐαλλόμενος
1359 481 1399 512 εἰς
1411 480 1444 506 τά
1462 479 1549 506 ὀπίσω
1561 478 1698 514 ὑποχώρει
1710 487 1717 493 ·
1735 479 1770 505 οὐ
1783 478 1847 514 γὰρ

1039 527 1135 562 φθόνος
1153 527 1229 562 παρά
1242 526 1281 561 τῷ
1303 525 1380 561 Θεῷ,
1397 526 1468 552 (Tm-rs
1482 526 1528 552 τὸν
1551 525 1610 560 μετ’
1626 524 1848 555 εὐλαϐείαςμκαὶ

1039 574 1158 604 πίστεως
1168 573 1197 599 τὸ
1211 573 1295 604 ὗντως
1305 572 1406 606 ἀγαθὸν
1423 573 1509 598 ποιεῖν
1531 570 1750 607 προαιρούμενον
1769 571 1848 597 dum

1040 620 1202 656 cxopaxlaat
1218 619 1265 646 καὶ
1282 619 1455 646 ἀπώσασθαι.

1131 667 1192 700 Οὐχ
1207 666 1247 698 ὡς
1265 665 1382 693 ὀδοῦ-τὸ
1393 666 1499 693 λεῖπον
1509 665 1624 700 ἀχρειοῖ
1632 665 1740 691 πόνον.

1078 713 1111 739 Ὃ
1125 712 1153 738 δὲ
1167 711 1260 745 λέγει,
1279 711 1398 738 τοιοῦτον
1424 710 1492 738 εἷναί
1515 720 1559 747 μοι
1579 710 1673 738 δοκοῦν
1687 719 1694 726 ο
1710 709 1760 736 ἐπὶ
1789 709 1845 744 μὲν

1039 759 1094 785 τῶν
1111 759 1160 790 τὰς
1183 758 1337 794 ὁδοιπορίας
1363 759 1391 784 ἐν
1414 759 1510 793 κόσμῳ
1532 757 1716 792 στελλομένων
1747 757 1773 782 εἰ
1803 755 1846 791 μὴ

1041 805 1111 831 κατὰ
1123 804 1169 831 τὸν
1187 804 1286 830 σκοπὸν
1302 804 1351 838 τῆς
1371 803 1431 830 ὁδοῦ
1457 803 1488 830 τὸ
1501 803 1576 834 τέλος
1590 804 1605 830 ὁ
1627 802 1772 837 ὁδοιπόρος
1790 810 1845 828 κα-

1042 851 1170 882 ταλάϐοι,
1185 850 1293 885 ἀχρεῖος
1316 850 1365 884 μὲν
1389 850 1404 875 ὁ
1426 849 1570 884 προλαϐὼν
1585 849 1683 880 πόνος,
1703 849 1844 883 ἀνόνητος

1042 898 1070 924 δὲ
1084 897 1239 931 νενόμισται
1256 896 1270 922 ὁ
1285 895 1369 927 κόπος
1384 905 1389 910 ·
1410 897 1425 922 ὁ
1445 895 1514 932 πρὸς
1530 896 1595 922 Θεὸν
1610 895 1638 921 δὲ
1658 895 1708 927 τὰς
1731 894 1842 921 ἀναϐά-

1044 951 1101 974 σεις
1116 942 1160 969 διὰ
1173 942 1298 978 πράξεως
1311 941 1358 968 καὶ
1369 941 1487 975 Θεωρίας
1498 941 1626 973 διατιθεὶς
1636 941 1667 967 τὸ
1679 940 1728 975 μὲν
1741 940 1843 975 ὥσπερ

1043 990 1149 1025 εἰρήκει
1166 987 1356 1023 κατωρθωκὼς
1375 987 1425 1022 ἠδη
1437 1007 1445 1019 ,
1458 987 1488 1012 τὸ
1505 986 1532 1013 δὲ
1550 987 1609 1013 νυνὶ
1628 986 1791 1022 κατορθῶν,
1811 985 1844 1012 τὸ

1043 1036 1071 1062 δὲ
1085 1037 1118 1071 τῇ
1133 1035 1220 1061 ἑλπίδι
1233 1033 1512 1070 προκαταλαμϐάνων,
1529 1033 1553 1059 εἰ
1567 1033 1614 1059 καὶ
1633 1033 1670 1068 μὴ
1685 1032 1733 1059 τοῦ
1753 1033 1841 1068 ἀκρο-

1043 1082 1124 1109 τάτου
1147 1081 1239 1112 τέλους
1258 1079 1406 1115 ἐπιϐέϐηκε
1423 1079 1474 1114 τῆς
1492 1079 1560 1114 πρὸς
1576 1078 1640 1105 Θεὸν
1668 1079 1840 1113 ἀναγωγίας,

1048 1129 1085 1164 μὴ
1102 1127 1252 1162 ἀπογνώτω
1263 1135 1270 1141 ·
1288 1126 1319 1152 οὐ
1334 1126 1389 1161 γὰρ
1403 1126 1512 1161 ἀχρεῖος
1528 1125 1601 1160 αὐτῴ
1615 1126 1629 1151 ὁ
1644 1125 1727 1156 πόνος
1744 1125 1784 1156 ὡς
1803 1124 1843 1159 τῷ

1017 1175 1086 1202 τέλει
1105 1175 1152 1201 καὶ
1163 1174 1201 1210 τῷ
1227 1173 1346 1210 βραϐείῳ
1357 1174 1405 1209 τῆς
1417 1174 1473 1200 ἄνω
1483 1172 1606 1208 κλήσεως
1628 1171 1842 1208 προσηγγικὼς,

1047 1277 1080 1305 45
1091 1276 1140 1311 Μὴ
1160 1275 1269 1311 θερμὸν
1286 1275 1395 1309 ᾇττειν.

1081 1323 1166 1351 Πάλιν
1186 1324 1200 1349 ό
1214 1322 1287 1358 ίερὸς
1301 1323 1349 1357 τῆς
1371 1321 1471 1357 ἀρετῆς
1494 1320 1643 1356 νομοθέτης
1657 1322 1789 1356 παραινεῖ
1804 1321 1842 1356 μὴ

1047 1369 1148 1404 Θερμὺν
1165 1368 1271 1404 ᾄττειν,
1292 1367 1360 1402 μηδὲ
1379 1365 1527 1402 προπετῶς
1548 1367 1608 1397 ταῖς
1631 1365 1701 1401 ὑπὲρ
1723 1365 1842 1401 δύναμιν

1049 1406 1185 1451 πράξεσιν
1198 1413 1219 1449 ἢ⁴
1230 1413 1360 1448 θεωρίαις
1384 1411 1551 1448 ὑπερφυέσιν
1573 1412 1787 1447 ὑπεραίρεσθαν
1801 1409 1843 1443 οἷς

1048 1462 1070 1488 δ’
1086 1461 1118 1488 ἄν
1140 1470 1182 1493 τις
1206 1461 1239 1487 ὲκ
1255 1459 1417 1495 διακρίσεως
1434 1459 1482 1485 καὶ
1504 1457 1701 1492 λελογισμὲνης
1722 1457 1843 1489 διανοίας

1050 1509 1098 1535 καὶ
1111 1506 1297 1542 πληροφορίας
1309 1504 1476 1540 πανταχόθεν
1491 1504 1522 1531 τὺ
1533 1504 1648 1539 ἄμωμον
1663 1503 1717 1530 τῶν
1730 1503 1843 1538 δοκιμα-

1052 1553 1173 1589 ζομένων
1194 1551 1431 1588 περισκεψάμενος
1456 1549 1680 1585 καταμανθάνοι,
1699 1550 1728 1575 ὲν
1750 1549 1842 1579 domi;

1054 1600 1194 1636 ἀραρότως
1213 1598 1303 1633 μένειν
1327 1596 1429 1631 ὀφείλει
1455 1596 1501 1622 καὶ
1515 1594 1742 1630 δυσμεταθέτως,
1763 1594 1841 1629 ἄχρις

1047 1645 1078 1672 ἀν
1092 1653 1117 1671 τι
1135 1644 1269 1678 θειότερον
1286 1641 1390 1669 ἀνωθεν
1411 1640 1549 1674 ὑποφανῇ.
1568 1639 1623 1665 Καὶ
1638 1638 1692 1673 γὰρ
1709 1637 1841 1664 λυσιτεὶεῖ

1047 1691 1146 1727 μᾶλλον
1163 1691 1192 1717 τὸ
1214 1688 1405 1724 ταπεινότερον
1421 1688 1477 1718 τοῖς
1492 1685 1599 1717 πολλοῖς
1622 1684 1751 1720 νομισθὲν
1765 1684 1840 1711 ἐκλε-

1045 1738 1170 1772 γόμενον,
1185 1735 1244 1762 κατ’
1263 1734 1351 1768 ὀλίγον
1365 1734 1530 1768 προκόπτειν
1545 1732 1574 1758 ἐν
1591 1730 1682 1765 αὐτῷ,
1699 1730 1757 1765 ἢτδ
1771 1729 1839 1764 ὑψη-

1046 1782 1091 1809 λὸν
1106 1781 1227 1815 ἀκαίρως
1241 1779 1287 1806 ἐπί
1297 1788 1327 1805 τε
1343 1777 1455 1814 βαθμῶν
1467 1777 1559 1812 ἱερῶν,
1577 1776 1623 1803 ὲπί
1636 1784 1666 1802 τε
1682 1775 1738 1802 τῶν
1755 1775 1841 1802 ἄλλων

1047 1827 1079 1853 ἐκ
1097 1825 1243 1864 φιλαρχίας
1259 1824 1441 1860 προελόμενον
1454 1842 1462 1855 ,
1486 1820 1545 1849 εἶτα
1562 1822 1729 1858 προκόπτειν
1747 1821 1840 1853 ὲξατθ-

1047 1873 1161 1904 νοῠντα,
1177 1871 1344 1898 ἀποκόπτειν
1367 1870 1415 1897 καὶ
1439 1868 1647 1895 ὲλαττονοῦσθαι
1674 1867 1722 1894 τοῦ
1747 1866 1838 1894 καλοῦ.

1048 1916 1127 1946 Οὗτοι
1145 1918 1200 1954 γὰρ
1212 1918 1259 1944 καὶ
1276 1916 1356 1943 κακοὶ
1369 1916 1471 1952 κυρίως
1487 1915 1677 1950 ὀνομάζονται,
1692 1915 1741 1949 οὺχ
1758 1915 1781 1940 οἰ
1791 1914 1839 1948 τὴν

1049 1966 1124 1993 κάτω
1151 1966 1199 1992 καὶ
1221 1963 1420 1996 ταπεινοτάτην
1443 1963 1473 1988 ὲν
1497 1961 1652 1997 ἀνθρώποις
1680 1959 1840 1994 διειληχότες

1047 2013 1134 2046 τάξιν,
1154 2011 1212 2039 ἀλλ’
1226 2012 1249 2038 οἱ
1265 2010 1413 2046 θερμότητι
1431 2008 1567 2042 ἀλογίστῳ
1584 2008 1696 2038 ἑαυτοὺς
1714 2006 1838 2041 ὑῷοῦντες

1050 2061 1082 2087 ἐκ
1100 2058 1266 2095 φιλοδοξίας,
1279 2057 1327 2084 καὶ
1344 2055 1451 2092 χαμᾶζε
1468 2055 1615 2085 πίπτοντες
1628 2053 1658 2085 ἐξ
1669 2052 1821 2083 αὐθαδείας.

1051 2169 1086 2197 49
1101 2167 1235 2201 Σπινθὴρ
1251 2164 1376 2193 ἀνάπτει
1396 2164 1447 2191 καὶ
1458 2163 1578 2199 ,βραχὺς
1595 2163 1717 2196 πολλὴν
1733 2162 1836 2197 φλόγα.

1089 2246 1194 2281 ’Ὠσπερ
1217 2244 1271 2271 τῶν
1294 2243 1461 2279 σπερμάτων
1474 2242 1590 2270 ἕκαστον
1612 2242 1781 2278 βραχύτατον
1799 2241 1836 2272 ὂν,

1054 2293 1087 2326 τῇ
1111 2292 1146 2326 γῇ
1164 2290 1192 2317 δὲ
1211 2288 1402 2324 καταϐληθὲν,
1423 2288 1468 2314 καὶ
1491 2287 1540 2323 τῆς
1562 2285 1719 2322 προσφυοῦς
1741 2286 1837 2321 τροφῆς

1057 2337 1182 2373 ἐπιτυχὺν
1195 2357 1202 2369 ,
1221 2337 1268 2363 καὶ
1283 2334 1416 2370 αὺξηθὲν,
1439 2335 1479 2366 είς
1507 2333 1621 2369 μέγεοος
1641 2333 1747 2368 πρόεισι
1772 2333 1835 2359 κατὰ

1055 2383 1163 2419 μικρὸν.
1179 2382 1226 2409 καὶ
1239 2383 1280 2415 είς
1295 2380 1396 2414 πλῆθος
1409 2380 1501 2415 ἡλίκον
1512 2380 1573 2406 ὅσον
1587 2379 1741 2405 ἐπιδίδωσιν
1751 2387 1757 2394 ’
1771 2378 1834 2405 οὕτω

1054 2433 1101 2459 καὶ
1125 2431 1242 2467 σπινθὴρ
1264 2431 1296 2457 ἐκ
1318 2429 1392 2456 λίθου
1420 2430 1452 2464 τῇ
1467 2427 1514 2454 τοῦ
1542 2426 1656 2460 σιδήρου
1676 2424 1832 2459 παρατρίψει

1053 2479 1193 2513 ἐλάχιστος
1207 2476 1428 2511 ἀποπαλλόμενος
1438 2494 1445 2506 ,
1463 2474 1502 2505 εἰς
1518 2471 1650 2508 μεγίστην
1662 2469 1830 2505 ὰνερῤιπίςθη

1054 2525 1140 2559 φλόγα
1151 2533 1157 2539 ·
1173 2523 1245 2550 οὕτω
1257 2523 1304 2549 καὶ
1317 2522 1429 2557 σπέρμα
1447 2520 1497 2555 τῆς
1512 2518 1635 2553 ἐχίδνης,
1652 2515 1698 2543 οἷά
1714 2525 1756 2547 τις
1775 2516 1830 2551 βρα-

1054 2571 1156 2607 χυτάτη
1183 2569 1291 2604 σταγὼν
1317 2567 1468 2604 λεληθότως
1487 2564 1632 2601 ἀνθρώπου
1652 2562 1757 2598 σώματι
1772 2564 1830 2589 ἐνιε-

1055 2615 1123 2652 μένη
1133 2635 1140 2646 ,
1154 2615 1267 2641 θάνατον
1280 2613 1422 2647 ἐνεποίησε
1438 2610 1567 2641 πολλάκις
1587 2609 1627 2644 τῷ
1641 2608 1772 2643 δηχθέντι.
1786 2608 1828 2633 Ἢν

1053 2661 1134 2688 αὑτὸν
1159 2660 1259 2696 τρόπον
1282 2659 1329 2686 καὶ
1355 2659 1371 2694 ἡ
1396 2656 1517 2693 ἁμαρτία
1542 2655 1628 2691 μικρὰ
1652 2653 1828 2689 προσϐαλοῦσα

1053 2708 1161 2744 πρῶτον
1182 2707 1229 2733 καὶ
1254 2705 1453 2741 παροραθεῖσα,
1470 2702 1530 2730 εἶτα
1549 2704 1610 2730 κατ’
1625 2702 1714 2737 ὀλίγον
1741 2702 1828 2736 προκό-

1054 2761 1157 2780 πτουσα
1171 2751 1218 2778 καὶ
1232 2750 1361 2784 αὔξουσα,
1381 2750 1451 2785 μέγα
1464 2749 1549 2776 κακὸν
1565 2749 1613 2776 καὶ
1632 2748 1720 2783 ψυχῆς
1733 2747 1827 2782 ὀλεθρον

1053 2801 1109 2831 τοῖς
1122 2798 1222 2834 ταύτην
1236 2796 1431 2833 ἐργαζομένοις
1447 2796 1582 2831 ἐπιφέρει.
1605 2795 1707 2822 Τούτου
1717 2794 1747 2829 δὴ
1758 2794 1826 2828 χάριν

1053 2846 1067 2872 ὁ
1080 2844 1234 2882 θαυμαστὸς
1250 2842 1399 2879 σύμϐουλος
1415 2842 1461 2870 καὶ
1479 2841 1529 2879 τὴν
1545 2841 1730 2878 σμικροτάτη]
1747 2838 1825 2866 Grian-
