1920 3046
62 127 116 156 8M

64 195 118 212 σαν
130 187 269 223 ἁμαρτίαν
281 187 444 214 ὑποπτεύειν
457 195 489 213 συ
494 187 648 222 μϐουλεὺει,
656 185 703 212 καὶ
717 185 770 217 ἓως
781 185 859 220 ὀλίγη

63 233 127 259 ἐστὶ
153 234 200 260 καὶ
220 234 354 269 ἀδρανὴς.
371 234 421 269 τὴν
447 234 494 260 ἀπ’
511 233 597 268 αὐτῆς
619 231 798 268 φυλάττεσθαι
814 231 861 257 λύ-

65 288 133 314 μην,
151 280 198 305 καὶ
214 279 366 315 ἐξαναιρεῖν
379 281 411 315 τῇ
429 279 558 314 μετανοίᾳ
571 299 577 311 ,
595 279 637 305 ἵνα
663 277 699 313 μὴ
713 277 860 313 χρονίσασα

63 325 116 351 καὶ
132 325 303 356 δυνασθεῖσα,
321 326 361 356 είς
376 325 485 351 ἀνίατον
502 324 665 359 καταλήξειε
682 323 775 350 κακόν.

64 372 102 399 55
124 372 248 405 Ἐρεύγιι
265 371 381 398 σαυτόν
399 371 506 398 πλεῖον
522 371 540 405 ἣ
556 370 591 397 τὰ
607 370 666 396 τῶν
682 369 787 402 πέλας.

101 418 213 453 Ἐπειδὴ
230 418 376 453 πρόχειρον
396 417 549 453 ἀνθρώποις
565 418 609 444 ἀεὶ
624 417 671 443 καὶ
685 417 732 452 ἡδὺ
752 416 811 443 λίαν
826 415 859 443 τὰ

63 463 197 499 ἀλλότρια
213 465 392 500 περισκοπεῖν
408 463 479 490 καλά
492 472 521 490 τε
546 463 609 490 ὄντα
622 463 638 498 ἢ
656 463 738 494 κακὰ,
752 463 806 490 τῶν
822 464 860 490 οἰ-

63 509 151 536 κείων
170 509 198 535 δὲ
209 509 247 540 ὼς
260 509 359 536 ἐπίπαν
375 510 524 545 ὑπερορᾷν.
542 511 670 544 παραινεῖ
687 511 701 536 6
716 509 787 541 θεῖος
805 509 860 536 τῶν

64 555 191 587 εὐσεϐῶς
211 555 356 582 ἐθελόντων
379 556 428 591 ζῇν
452 555 610 591 καθηγητὴς
631 555 731 591 μᾶλλον
752 555 786 582 τά
806 556 860 583 ῖδια

64 601 265 638 ἀνερευνᾶσοαι
283 602 300 638 ἢ
320 602 354 629 τὰ
370 601 425 629 τῶν
441 601 525 634 πέλας
542 601 790 638 πολυπραγμονεῖν.
805 603 860 628 Καί¹

64 648 122 683 γὰρ
138 648 172 682 τῇ
190 646 244 673 τῶν
262 647 335 674 ίδίων
349 647 544 683 πλημμελειῶν
560 647 734 683 ἐξερευνήσει
749 647 830 679 αὐτὸς
845 649 859 674 6

65 694 165 720 ἑαυτὸν
183 693 336 730 ἀνακρίνων
360 693 522 728 ὠφελεῖται,
541 693 580 725 ὡς
596 693 657 727 ὅφιν
674 693 805 729 κρυπτῶς
825 695 858 729 τῇ

65 739 151 766 αὐτοῦ
162 739 262 774 καρδίᾳ
273 739 466 774 ὲμφωλεὺοντα
479 739 608 774 ἐλέγχων,
622 740 669 766 καὶ
680 741 713 774 τῇ
730 739 860 775 ὲξηγορίᾳ

65 785 220 821 ὲξαναιρῶν
240 785 288 821 τὴν
305 785 434 821 ἀνομίαν·
449 785 483 812 τὰ
498 784 546 811 τοῦ
571 785 655 816 πέλας
669 784 696 810 δὲ
718 783 860 820 διερευνώ-

66 839 152 866 μενος
162 830 209 857 καὶ
220 830 385 866 ἀνακρίνων,
398 830 496 865 ἐκείνῳ
508 831 556 864 μὲν
574 829 669 865 κέρδος
682 829 858 865 προύξένησε,

66 877 166 904 ἑαυτὸν
178 875 387 911 ἀσφαλιζομένῳ
398 875 442 902 διὰ
452 875 500 911 τὴν
513 875 648 909 ἐξέλεγξιν
659 874 762 902 καὶτοῦ
776 875 861 911 ἀμαρ-

67 924 161 951 τάνειν
183 923 249 954 ἴσως
264 922 426 957 παυομένῳ,
444 921 525 953 αὐτὸς
544 921 572 948 δὲ
597 921 760 957 ζημιοῦται,
786 921 812 947 εἴ
828 929 860 955 γε

66 971 122 1006 ἄρα
140 970 178 1005 μὴ
196 969 357 1005 κηδεμονία,
372 969 439 996 ἀλλὰ
461 968 550 1003 φθόνῳ
563 968 610 995 καὶ
627 968 745 1004 πονηρίᾳ
762 968 795 994 τὰ
813 967 860 994 τοῦ

67 1017 188 1052 γείτονος
204 1014 413 1051 περιεργάζοιτο
423 1023 429 1029 ·
445 1015 478 1040 δι’
493 1014 507 1041 ὃ
528 1014 602 1048 λέγει
625 1014 744 1048 κρείσσω
759 1014 804 1040 τὸν
818 1013 861 1040 λο-

66 1064 166 1099 γισμὸν
180 1063 234 1089 τῶν
250 1062 377 1097 πράξεων
392 1058 462 1088 εἶναι
487 1061 534 1087 καὶ
553 1061 696 1095 ἀνάκρισιν
713 1061 785 1097 ἢπερ
806 1060 860 1086 τῶν

69 1109 229 1146 χρημάτων.
242 1108 335 1135 Ταῦτα
348 1108 395 1143 μὲν
413 1107 468 1142 γὰρ
481 1107 536 1142 ὅσῳ
551 1106 601 1134 κᾶν
613 1105 707 1142 λογίζῃ
721 1107 766 1134 τὸν
781 1106 861 1133 πλεο-

70 1156 171 1191 ιασμὸν
184 1176 191 1187 ,
214 1155 268 1189 ὅσῳ
282 1154 334 1181 κᾶν
352 1153 600 1189 ὲξακρισαςόμενος
615 1153 746 1188 πληθύειν
760 1153 842 1188 δοκῇς
852 1172 859 1184 ,

68 1203 116 1238 τῆς
138 1202 224 1237 φορᾶς
246 1201 322 1231 ὄντα.
346 1199 434 1226 ἄλλοτ’
456 1201 495 1231 εἰς
515 1199 612 1231 ἀλλους
634 1199 797 1234 μεταῤῥέει,
815 1198 861 1225 καὶ

71 1247 289 1282 ιιετακινούμενα
313 1247 342 1273 οὐ
367 1246 521 1281 παραμένει
544 1253 602 1272 σοι·
621 1247 636 1280 ἡ
655 1245 709 1272 τῶν
735 1245 861 1280 πράξεων

66 1295 96 1322 δὲ
116 1294 267 1329 συξήτησις
278 1313 285 1325 ,
303 1293 350 1319 καὶ
369 1292 424 1318 τῶν
441 1291 580 1326 λογισμῶν
594 1292 643 1326 τῆς
657 1291 745 1326 ψυχῆς
756 1291 862 1326 διάκρι-

67 1350 110 1373 σις
125 1341 173 1367 καὶ
193 1340 327 1375 κάθαρσις
340 1359 347 1370 ,
373 1339 412 1370 είς
439 1337 573 1365 ἀπάθειαν
592 1337 712 1372 ἄγουσα,
742 1338 860 1370 ἵσταται,

67 1388 118 1415 καὶ
136 1388 177 1418 εἰς
191 1386 236 1413 τὸν
251 1385 337 1413 αἰῶνα
353 1384 484 1420 διαμένει.

70 1434 105 1461 57
126 1434 154 1459 Ὁ
173 1432 247 1465 νοῦς
261 1432 308 1458 ἀεί
322 1439 372 1458 σοι
385 1431 518 1466 καμνέτω
534 1430 720 1464 τυπούμενος

69 1470 105 1497 ΰ8
121 1469 216 1501 Gelon;
230 1467 382 1502 νοήμασίν
396 1475 427 1493 τε
445 1467 493 1493 καί
508 1466 580 1498 ,ϐίου
591 1466 702 1500 λόγοις.

112 1513 269 1548 ’Δκοὺωμεν
283 1513 309 1539 οἱ
318 1512 365 1539 τὸν
379 1511 529 1547 ἀσκητικὸν
543 1511 590 1538 καὶ
609 1511 668 1538 κατ’
690 1509 790 1546 ἀρετὴν
805 1509 863 1546 βίον

75 1561 148 1590 ὶιοῦν
164 1559 386 1596 προαιρούμενοι,
403 1555 447 1585 οἷα
457 1558 523 1594 δρᾷν
542 1559 556 1585 6
566 1557 616 1592 τῆς
631 1557 732 1593 ἀρετῆς
751 1557 863 1592 νομοθέ-

73 1616 120 1642 ,ης
150 1607 311 1641 εἰσηγεῖται.
326 1604 379 1630 Τὸν
405 1604 453 1639 μὲν
480 1603 542 1630 νοῦν
568 1603 634 1638 ἡμῖν
651 1603 708 1638 (96)
730 1602 862 1638 διηνεκῶς

67 1653 240 1688 ὲμμέριμνον
255 1649 335 1683 εἶναι,
353 1651 409 1681 τοῖς
421 1658 450 1676 τε
467 1651 549 1684 ίεροῖς
561 1649 608 1676 καὶ
635 1649 717 1681 θείοις
731 1650 862 1685 νοήμασιν

69 1699 268 1734 ἀδολεσχοῦντα
278 1717 286 1730 ,
301 1697 350 1724 καὶ
368 1699 424 1728 τοῖς
437 1697 538 1731 λογίοις
549 1697 599 1731 τῆς
615 1697 726 1732 χάριτος
745 1697 862 1732 ἐμμελε-

67 1746 170 1775 τῶντα.
192 1744 239 1771 καὶ
251 1743 356 1775 τούτοις
374 1743 422 1769 τὸν
437 1742 492 1777 βίον
507 1742 675 1778 τυπούμενον
693 1743 738 1769 καὶ
755 1751 861 1769 navew-

68 1793 202 1826 ξάμενον,
219 1790 288 1825 πρός
302 1797 331 1815 τε
347 1789 397 1824 τὴν
414 1787 513 1824 πρᾶξιν
528 1788 726 1824 κατορθοῦσθαι
748 1789 795 1815 καὶ
813 1789 862 1824 τὴν

69 1838 204 1873 θεωρίαν·
225 1837 273 1872 τῆς
297 1835 423 1870 γλώσσης
439 1835 467 1861 δὲ
487 1835 623 1869 φείδεσθαι
647 1835 693 1861 καὶ
712 1835 813 1870 ταύτης
833 1835 863 1862 τὸ

69 1884 191 1920 ἀκρατὲς
204 1882 367 1909 ἀνακόπτειν
384 1880 569 1916 παραγγέλλει
583 1901 589 1912 ,
605 1881 643 1912 ὡς
659 1881 696 1916 μὴ
710 1880 863 1916 προχείρως

71 1931 139 1966 μηδὲ
156 1927 302 1964 προπετῶς
315 1927 400 1962 αὐτὴν
414 1927 453 1958 είς
468 1926 498 1953 τὸ
511 1926 647 1953 διδάσκειν
662 1926 678 1961 ἦ
691 1926 862 1962 δογματίζειν

70 1974 274 2007 αὖθαδίξεσθαι.
290 1974 345 2000 Καὶ
369 1973 423 2009 γὰρ
442 1972 576 2007 ἀχαλίνως
596 1971 664 2006 αὕτη
680 1972 747 2007 πρὸς
762 1980 861 1998 παντο-

73 2021 231 2058 ρημοσύνας
260 2019 476 2054 ὲξανισταμένη,
504 2019 544 2049 εἰς
577 2017 715 2049 ἀπωλείας
741 2017 863 2053 αἱρέσεις

70 2067 135 2097 τοὺς
153 2065 190 2101 μὴ
208 2065 258 2100 τὴν
275 2065 322 2091 ἀπ’
342 2063 428 2098 αὐτῆς
453 2062 555 2098 βλάϐην
572 2063 782 2098 εὐλαῆουμένοις
808 2060 861 2090 οἶδε

71 2109 218 2144 κατασπᾷν
236 2108 283 2134 καὶ
298 2107 416 2139 εὐκόλως
429 2107 563 2139 κινδύνοις
585 2107 733 2143 ὑποφέρειν
748 2108 796 2144 τὴν
815 2109 862 2143 ψυ-

71 2158 123 2192 χήν
137 2165 142 2170 ·
159 2155 248 2186 καλῶς
262 2154 291 2181 δὲ
301 2153 386 2188 αὐτῆς
399 2154 576 2189 κινουμένης,
593 2154 639 2180 καὶ
653 2153 808 2189 ὁρθοτόμως
817 2153 862 2180 τὸν

71 2203 121 2238 τῆς
149 2201 290 2232 εὐσεϐείας
306 2199 384 2234 λόγον
409 2200 670 2236 ἀποφθεγγομένης,
689 2200 713 2226 εί
734 2200 771 2235 μὴ
789 2200 836 2226 καὶ
848 2201 862 2227 6

72 2248 130 2284 βίος
142 2246 292 2282 ἀμώμητος
310 2246 347 2273 ῶν
365 2246 452 2282 τύχοι,
467 2243 547 2282 ἧττον
560 2246 590 2273 τὸ
604 2246 658 2273 ἀπὸ
680 2247 729 2282 τῆς
745 2247 863 2281 εὐγλωτ-

71 2295 132 2327 τίας
157 2294 251 2329 κέρδος
265 2293 312 2320 καὶ
328 2293 359 2320 οὐ
383 2293 466 2329 πολλὴ
484 2294 500 2328 ἡ
517 2292 635 2327 ὠφέλεια
661 2294 717 2325 τοῖς
734 2292 861 2319 ἀκούουσι

72 2341 250 2375 παρίσταται.

70 2387 103 2414 61
119 2387 205 2420 Ὄψις
222 2385 423 2420 συνήρπασέν
435 2394 482 2420 με,
500 2385 584 2419 πλὴν
597 2385 665 2412 ἀλλ*
680 2385 802 2420 ἐσχέθη.

106 2432 260 2462 Κανονίσας
275 2431 320 2457 τὸν
333 2430 395 2457 νοῦν
409 2431 456 2457 καὶ
471 2430 520 2466 τὴν
536 2431 663 2464 γλῶσσαν
673 2431 688 2457 6
698 2430 865 2457 θεοειδέστα-

69 2487 132 2511 τος,
148 2477 273 2505 ἐντεῦθεν
288 2477 381 2504 λοιπὸν
394 2477 496 2513 ἑκάστῃ
506 2477 560 2503 τῶν
571 2476 694 2512 ψυχικῶν
711 2476 863 2512 αἰσθήσεων

71 2525 199 2561 ῥυθμίζει
211 2544 219 2556 ,
241 2524 321 2559 ὀψις
330 2543 338 2556 ,
368 2523 452 2558 λέγων
462 2543 470 2555 .
500 2523 671 2559 συνήρπασεν
699 2522 863 2555 ἐξαπιναίως

71 2571 201 2606 σώματος
217 2569 331 2602 κάλλος,
354 2569 542 2605 ἀστραφθεῖσα
558 2569 611 2596 τῶν
627 2570 676 2596 ὅσα
695 2569 795 2604 λίχνοις
811 2569 862 2605 ὃμ-

72 2626 156 2652 μασιν
186 2616 335 2643 ὑποπίπτει
361 2615 526 2652 θαυμαστά*
554 2615 649 2651 ὅρασις
671 2615 741 2651 αὕτη
773 2616 864 2651 πάσης

70 2663 226 2698 αἰσθήσεως
250 2662 407 2698 κυριωτέρα
424 2662 471 2688 καὶ
496 2661 662 2697 τιμιωτέρα,
682 2661 720 2693 ὡς
747 2662 793 2688 καὶ
817 2661 865 2688 τοῦ

71 2708 212 2740 καλλίονος
230 2708 285 2734 τῶν
299 2708 436 2743 αἰσθητῶν
455 2708 582 2735 ἁπάντων
597 2706 664 2735 οὖσα
681 2708 770 2743 φωτδς
790 2708 864 2735 ἀντι-

68 2756 202 2792 ληπτικὴ.
220 2754 295 2790 Αὕτη
315 2754 404 2781 τοίνυν
420 2753 550 2788 ἐξαίφνης
559 2753 615 2789 (97)
636 2753 728 2781 ἰδοῦσά
741 2762 768 2780 τι
783 2753 862 2789 σῶμα

68 2802 217 2838 φωταυγὲς
234 2800 251 2836 ἢ
267 2799 444 2834 περικαλλὲς,
463 2799 636 2835 συνήρπασέν
661 2807 694 2834 με
707 2819 714 2831 ,
734 2798 862 2834 ὲξέστησέ

105 2881 163 2919 (96)
182 2880 251 2909 Cod.
273 2879 321 2915 μὲν
341 2876 386 2906 οὖν
401 2879 477 2914 ἡμῖν.

564 127 597 155 ΙΝ
615 126 768 155 CARMINA
782 126 924 155 ARCANA
943 126 973 154 S.
993 126 1168 155 GREGORII.

1649 130 1701 158 802

912 185 946 212 ab
959 185 1047 221 ipsius
1063 187 1166 214 damno
1184 187 1299 215 cavendi
1316 190 1344 215 et
1363 187 1526 222 poenitentia
1550 187 1636 224 ipsam
1651 189 1701 216 de.

911 230 995 263 leudi,
1014 240 1048 259 ne
1064 232 1212 259 inveterata
1228 236 1256 260 et
1267 233 1383 261 validior
1400 233 1473 261 facta
1492 234 1519 260 in
1540 234 1701 262 irremedia-

911 276 965 304 bile
986 276 1094 304 desinat
1115 278 1228 305 malum.

911 356 946 382 55
966 356 1091 383 Scrutare.
1108 357 1195 391 potius
1211 363 1235 383 te
1252 358 1338 392 ipsum
1361 366 1439 393 quam
1458 367 1498 386 res
1514 361 1628 387 alienas.

947 401 1087 437 Siquidem
1111 404 1162 430 sub
1186 412 1267 431 manu
1286 412 1394 439 semper
1423 410 1465 432 est
1490 407 1647 434 hominibus
1672 409 1700 434 et

911 454 1017 483 gratum
1033 449 1115 476 nimis
1126 449 1214 476 aliena
1224 450 1388 485 investigare
1402 455 1459 477 tum
1472 452 1541 478 bona
1551 457 1607 478 tum
1618 451 1698 483 mala,

911 495 1022 530 propria
1045 503 1110 523 vero
1125 496 1204 531 quasi
1222 496 1350 524 universe
1364 497 1433 524 nihil
1449 505 1557 530 curare,
1574 497 1700 525 hortatur

911 542 990 569 divus
1012 543 1143 577 magister
1158 550 1206 570 eos
1223 543 1270 578 qui
1288 543 1332 578 pie
1353 543 1448 570 volunt
1472 543 1564 571 vivere
1579 544 1612 571 ad
1641 550 1702 579 prov

911 588 970 623 pria
995 589 1084 623 magis
1106 588 1259 624 indaganda
1277 597 1360 624 quam
1382 589 1499 625 proximi
1515 597 1596 625 opera
1609 589 1701 617 curio-

911 634 970 661 sius
997 634 1161 669 requirenda
1191 644 1197 661 :
1224 635 1397 670 propriarum
1432 634 1505 662 enim
1533 641 1580 669 per
1613 634 1702 669 negli-

911 680 1063 715 gential'um
1087 688 1201 708 examen
1226 681 1342 716 quisque
1365 689 1395 709 se
1408 689 1609 717 recognoscens
1627 681 1702 708 utili-

911 731 992 754 tatem
1016 727 1143 762 percipit.
1173 731 1326 762 serpentem
1351 727 1452 755 furtive
1482 729 1509 755 in
1540 727 1628 762 ipsius
1652 734 1702 754 cor

911 772 1076 808 irrepentem
1100 773 1229 808 detegens
1259 777 1287 801 et
1309 773 1482 801 confessione
1509 774 1639 801 delictum
1657 781 1702 801 re-

909 818 1026 852 jiciens;
1061 819 1107 854 qui
1138 827 1205 846 vero
1239 827 1322 855 opera
1355 820 1470 854 proximi
1499 823 1640 847 scrutatur
1674 823 1702 846 et

910 864 1053 896 discernit.
1088 865 1125 892 illi
1154 865 1262 901 quidem
1291 865 1398 892 lucrum
1432 865 1550 900 acquirit
1579 866 1700 900 seipsum

911 911 998 937 tuenti
1012 916 1125 946 propter
1146 912 1367 947 obiurgationem
1388 917 1414 939 et
1438 920 1452 938 a
1480 915 1594 947 peccato
1620 911 1702 939 simul

911 958 1046 991 cessanti;
1071 958 1230 994 obiurgator
1257 963 1346 986 autem
1372 958 1564 986 detrimentum
1585 958 1701 993 patitur.

911 1003 933 1030 si
954 1003 1023 1031 forte
1042 1012 1096 1031 non
1114 1005 1182 1036 zelo,
1213 1005 1261 1032 sed
1287 1004 1388 1033 invidia
1410 1009 1437 1032 et
1462 1005 1565 1031 malitia
1584 1004 1702 1039 proximi

910 1057 991 1085 opera
1010 1050 1191 1085 indagaverit:
1210 1051 1303 1086 itaque
1322 1051 1389 1078 dicit
1407 1051 1548 1078 meliorem
1566 1050 1701 1078 rationem

911 1104 1022 1131 operum
1036 1104 1097 1124 esse
1114 1101 1140 1124 et
1164 1098 1399 1132 percontationem
1413 1105 1499 1133 quam
1517 1097 1676 1124 divitiarum
1692 1105 1700 1112 -

911 1142 1092 1170 harumenim
1129 1147 1262 1178 quantum
1294 1144 1455 1179 supputabis
1493 1144 1703 1177 abundantiam,

911 1190 1021 1224 quantis
1036 1197 1137 1218 curans
1161 1189 1273 1217 etfocari
1284 1189 1431 1222 videberis,
1459 1191 1624 1218 transitoria:
1641 1197 1703 1225 quae

911 1240 987 1265 sunt.
1003 1236 1062 1264 alite
1077 1237 1111 1263 ad
1123 1236 1191 1265 alios
1202 1236 1311 1265 efﬂuent
1324 1241 1350 1265 et
1365 1237 1473 1272 agitate
1491 1245 1546 1265 non
1557 1237 1605 1264 tibi
1617 1244 1704 1264 rema-

911 1282 1033 1316 nebunt,
1061 1290 1174 1318 operum
1208 1290 1274 1311 vero
1299 1285 1469 1318 comparatio
1505 1289 1534 1311 et
1564 1284 1702 1311 rationum

912 1328 1009 1355 animm
1032 1329 1164 1356 discretio
1189 1333 1216 1356 et
1241 1329 1394 1364 puriﬁcatio
1409 1330 1442 1356 ad
1464 1330 1702 1365 morigeratiouem

912 1374 1016 1402 ducens
1032 1374 1156 1402 tinuatur
1170 1379 1196 1402 et
1208 1375 1234 1402 in
1250 1380 1383 1403 mternum
1403 1380 1555 1411 permanet.

912 1420 945 1448 57
962 1420 1110 1447 Continuus
1126 1421 1172 1447 tibi
1186 1420 1262 1448 labor
1283 1422 1357 1448 situt
1378 1430 1450 1448 mens
1479 1427 1524 1449 tua
1546 1422 1705 1457 informatur

913 1467 948 1495 58
975 1466 1077 1494 Divinis
1100 1468 1304 1503 cogitationibus
1338 1473 1363 1495 et
1387 1468 1554 1496 salutaribus
1583 1471 1704 1500 monitis.

947 1513 1109 1546 Audiamus,
1127 1515 1174 1549 qui
1189 1515 1336 1541 asceticam
1348 1519 1375 1542 et
1388 1514 1466 1549 juxta
1482 1516 1610 1543 virtutem
1621 1518 1703 1545 vitam

913 1561 1056 1595 elegimus,
1071 1569 1131 1595 quae
1144 1561 1241 1588 suadet
1265 1565 1295 1587 ut
1312 1560 1446 1588 faciamus
1467 1561 1576 1589 virtutis
1595 1563 1704 1598 legisla-

914 1610 965 1633 tor.
988 1606 1106 1640 Spiritus
1131 1606 1209 1634 nobis
1236 1606 1427 1633 indesinenter
1450 1606 1487 1633 sit
1512 1607 1648 1635 sollicitus
1670 1607 1704 1636 de

913 1652 1016 1680 sanctis
1030 1656 1057 1679 et
1072 1652 1174 1679 divinis
1189 1651 1402 1687 cogitationibus
1420 1653 1578 1680 conversari
1596 1658 1622 1680 et
1644 1661 1704 1689 qua:

914 1698 1029 1733 gratiam
1045 1702 1170 1733 spectant
1186 1703 1275 1730 curet,
1304 1702 1386 1733 atque
1412 1699 1564 1726 secundum
1589 1700 1640 1728 ista
1662 1701 1705 1727 in-

914 1743 1012 1771 formet
1034 1749 1061 1772 et
1078 1745 1204 1772 instituat
1233 1745 1313 1771 vitam
1342 1744 1462 1780 dirigens
1492 1745 1524 1773 ad
1549 1746 1653 1780 praxim
1678 1751 1705 1775 et

913 1790 1137 1824 meditationem;
1167 1791 1266 1825 lingua!
1298 1798 1411 1826 parcere
1438 1795 1465 1819 et
1492 1791 1581 1827 ipsius
1600 1793 1704 1821 inordi-

913 1841 1006 1864 natum
1024 1837 1171 1872 reprimere
1189 1838 1351 1872 prmscrihit.
1368 1838 1404 1864 ita
1424 1843 1451 1865 ut
1469 1845 1519 1865 nec
1547 1838 1580 1865 fa'
1593 1839 1628 1866 ilc
1654 1847 1704 1868 nec

915 1882 1068 1916 petulanter
1084 1886 1207 1917 erumpat
1222 1882 1248 1908 in
1266 1882 1390 1909 docendo
1402 1887 1449 1909 aut
1468 1882 1678 1918 dogmatizando
1695 1894 1701 1912 :
1732 1910 1734 1913 ,

913 1935 1033 1963 namque
1052 1935 1114 1955 cum
1138 1937 1191 1955 non
1214 1928 1358 1956 refra‘nata
1388 1933 1513 1957 movetur
1537 1929 1564 1956 in
1595 1937 1703 1957 omnem

914 1981 1078 2006 sermonem,
1096 1975 1122 2000 in
1149 1974 1262 2002 lcthales
1277 1975 1394 2002 haereses
1415 1975 1476 2002 illos
1490 1975 1536 2010 qui
1554 1983 1609 2002 non
1623 1983 1638 2002 a
1654 1975 1702 2004 de-

913 2021 985 2048 lictis
1008 2028 1056 2056 per
1080 2021 1165 2055 ipsam
1183 2025 1338 2055 prmcavent
1354 2022 1430 2049 novit
1440 2022 1570 2049 inducere
1584 2025 1611 2050 et
1624 2021 1704 2050 facile

913 2066 1042 2102 periculis
1068 2073 1204 2101 exponere
1238 2067 1377 2100 animam;
1421 2068 1480 2103 ipsa
1508 2071 1599 2095 autem
1629 2071 1703 2095 recte

913 2117 1057 2139 moveatur
1084 2116 1112 2139 et
1144 2111 1213 2139 bene
1240 2119 1395 2140 sermonem
1431 2113 1540 2148 pietatis
1570 2113 1700 2148 proferat,

913 2159 953 2186 sic
988 2157 1211 2193 reprchensibilis
1250 2166 1305 2186 non
1344 2163 1386 2187 est
1421 2159 1496 2192 gvita,
1530 2159 1622 2186 minus
1661 2164 1704 2187 est

912 2203 991 2231 bona!
1015 2204 1129 2238 loquela:
1157 2204 1264 2232 lucrum
1293 2212 1345 2233 nec
1364 2205 1448 2232 multa
1463 2205 1567 2233 utilitas
1589 2205 1703 2233 audien-

912 2250 986 2278 tibus
1003 2250 1149 2286 prmbetur.

914 2385 944 2412 6|
963 2385 1089 2420 Aspcctus
1108 2393 1148 2412 me
1160 2385 1285 2420 abripuit,
1303 2385 1348 2412 sed
1368 2390 1454 2412 tamen
1466 2393 1505 2412 me
1517 2384 1630 2412 cohibui.

951 2429 1109 2457 Moderatus
1131 2430 1258 2465 spiritum
1276 2434 1303 2457 et
1321 2430 1441 2465 linguam
1463 2430 1574 2457 divinus
1595 2429 1702 2463 docwr,

915 2475 1014 2503 exinde
1032 2476 1151 2510 reliquos
1169 2483 1266 2503 sensus
1285 2476 1424 2504 naturales
1442 2476 1591 2511 componit.
1610 2474 1702 2508 Visus,

915 2522 1021 2557 inquit,
1052 2522 1143 2549 subito
1164 2522 1254 2557 rapuit
1289 2529 1435 2557 corporum
1471 2521 1702 2557 pulchritudinem

916 2569 1087 2602 illuminans,
1105 2573 1238 2604 quantum
1257 2568 1383 2596 miranda
1396 2569 1485 2597 oculis
1502 2569 1705 2604 concupiscen-

916 2615 961 2642 tia:
975 2615 1054 2643 obvia
1074 2615 1152 2642 fiunt.
1168 2614 1251 2642 Visus
1269 2616 1328 2651 ipse
1343 2622 1438 2643 omnes
1458 2622 1556 2643 sensus
1570 2622 1704 2649 superans

915 2661 1034 2690 efficacia
1052 2665 1079 2689 et
1101 2661 1260 2689 reverentiae
1277 2662 1450 2694 necessitate,
1466 2661 1567 2697 quippe
1578 2660 1623 2695 qui
1644 2667 1704 2687 om-

917 2708 994 2735 nium
1015 2707 1187 2735 sensibilium
1210 2707 1395 2742 pulchriorem
1416 2707 1548 2742 fulgorem
1568 2705 1703 2741 percipit;

917 2753 994 2781 visus
1018 2760 1084 2787 ergo
1110 2753 1203 2780 subito
1231 2761 1332 2788 corpus
1359 2753 1494 2789 quoddam
1523 2751 1630 2788 fulgens
1658 2755 1705 2778 aut

919 2797 1112 2834 perpulchrum
1129 2805 1245 2825 cernens
1260 2806 1303 2826 me
1319 2798 1425 2834 rapuit,
1441 2797 1559 2826 alienum
1580 2804 1623 2824 me
1640 2795 1704 2824 abs-

957 2878 1011 2913 (97)
1028 2878 1095 2906 Cod.
1113 2878 1243 2914 ἐξαίφνις.

1562 2926 1628 2945 κέ»
