1920 3046
219 140 271 168 8οἙ

220 201 293 232 tulit,
309 203 394 227 totum
411 199 532 227 incendit
549 203 612 226 ante
625 202 802 234 conspectam
817 199 1002 234 pulchritudi-

221 254 301 279 nem;
326 245 374 273 sed
396 253 538 280 repressus
551 249 603 277 est,
627 245 674 272 sed
688 246 826 273 cohibitus
846 249 888 274 est
909 246 1008 273 timOre

222 291 269 319 Dei
282 296 308 319 et
324 291 515 319 mandatorum
531 291 731 324 recordatione,
744 291 785 319 sic
801 299 951 319 conversus
966 295 1009 319 est

222 343 250 365 et
271 338 423 365 exstinctus
446 341 498 369 est,
523 337 560 364 ita
580 340 609 364 ut
630 337 657 364 in
683 337 773 364 anima
793 345 848 366 non
871 344 1010 366 remaneat

222 383 441 417 repraesentatio,
453 381 510 410 sive
524 383 668 418 vestigium
683 389 729 411 aut
746 384 842 411 umbra
855 384 919 411 mali
937 384 1009 412 desi-

222 429 300 456 derii.
328 427 434 455 Primus
460 427 571 464 gradus,
594 433 622 456 et
645 429 746 465 absque
765 433 877 464 peccato
893 430 956 464 quia
981 429 1010 456 ﬁt

227 482 300 501 mera
320 475 419 510 imago.
439 474 468 501 Si
487 479 578 502 autem
598 475 687 510 imago
713 480 766 503 stet
783 481 809 504 et
824 483 884 511 qum
903 475 1012 511 conspi-

223 519 294 546 citur
323 518 409 546 forma
440 523 487 546 aut
512 520 688 554 pulchritudo
715 528 777 547 cum
806 521 1012 556 perturbatione

224 564 250 590 in
275 564 452 598 intelligentia
475 564 662 597 inscribatur,
690 566 828 593 secundus
852 570 894 594 est
912 565 1012 601 gradus

223 611 249 634 ct
276 608 482 643 senii-perfecta
505 609 585 643 culpa
602 613 729 643 vocatur;
746 610 770 637 si
791 615 880 638 tamen
894 611 1013 645 fugiatur

222 658 411 681 consummata
441 662 488 688 per
514 655 708 690 experientiam
733 656 824 691 culpa.
853 655 921 684 Tres
949 664 1013 691 ergo

224 700 269 726 isti
293 700 394 735 gradus
412 701 491 728 lucta:
511 706 575 728 sunt
591 702 742 736 spiritualis
765 710 780 729 a
800 703 938 730 communi
963 701 1014 729 ini-

225 746 296 773 mico
317 747 419 774 ttostris
444 747 589 775 animabus
615 748 710 782 oblati,
735 749 836 784 imago,
858 749 1013 780 delectatio,

223 792 405 828 experientia.
420 792 573 821 Fortissimi
590 799 631 821 est
643 795 731 829 primo
746 795 838 822 audito
852 795 1014 822 intentatam

224 846 239 866 a
255 839 432 874 sequentibus
448 840 596 873 resistere;
610 846 638 868 et
650 842 673 868 si
689 841 716 868 in
737 841 888 868 secundum
906 841 1014 869 induci-

225 894 296 917 mur,
322 885 445 913 secundo
471 885 558 920 gradu
581 885 682 913 bonum
705 893 779 915 esset
800 888 886 914 multa
909 893 1013 923 tempe-

224 933 313 959 rantia
330 937 357 959 et
377 932 503 967 prudenti
521 932 612 959 animo
629 938 736 961 utentes
753 933 859 961 ruinam
873 934 1014 969 experien-

224 979 269 1005 tim
286 978 395 1006 totalem
415 979 510 1006 vitare.

224 1047 261 1074 65
279 1045 347 1074 Cera
358 1055 435 1073 aures
451 1046 556 1073 oburue
568 1046 693 1073 adversus
706 1054 798 1080 pret-os
807 1055 949 1073 sermones.

261 1093 495 1126 Quemadmodum
518 1101 566 1128 per
590 1094 678 1120 visum
699 1093 777 1128 quasi
800 1101 848 1128 per
877 1092 1016 1120 fenestras

225 1140 423 1175 cupiditatibus
435 1140 468 1167 ad
486 1139 697 1167 fornicationem
714 1139 902 1167 allicientibus
914 1139 1017 1166 intrare

226 1187 254 1214 in
265 1187 384 1214 animam
400 1186 577 1218 conantibus,
593 1186 641 1221 qui
659 1186 789 1221 prudenti
803 1186 888 1213 utitur
901 1186 1018 1213 consilio

226 1233 337 1259 obturat
353 1233 450 1260 oculos
466 1235 494 1259 et
509 1232 543 1259 ab
560 1232 602 1259 his
617 1231 726 1259 divertit
741 1235 767 1258 et
778 1231 924 1263 alienatur,
938 1232 979 1259 sic
992 1235 1018 1258 et

227 1287 274 1314 per
289 1277 411 1305 auditum
432 1277 541 1304 allicere
557 1280 674 1304 conante
696 1276 869 1311 impudente,
886 1284 950 1304 cera
967 1284 1017 1304 au-

227 1333 271 1353 res
289 1324 398 1356 obtura,
417 1322 579 1358 pronuntiat
603 1322 684 1350 divus
706 1327 803 1357 pater;
828 1322 862 1349 ad
883 1323 1018 1350 amatoria

226 1370 309 1398 verba
325 1373 353 1397 et
367 1369 523 1396 indecentia
539 1372 566 1395 et
586 1368 675 1403 turpia
691 1372 717 1395 et
734 1368 878 1395 cautiones
893 1368 1019 1407 meretri-

226 1417 285 1443 cias
300 1414 387 1442 allicit
403 1414 535 1446 animam,
556 1412 734 1440 cantionibus
752 1412 899 1439 diabolicis
915 1412 949 1439 ad
968 1419 1018 1438 vo-

228 1462 360 1496 luptatem
376 1459 550 1487 trahentibus
564 1458 640 1486 omni
660 1465 712 1494 ope
733 1457 899 1485 diﬂluentem
914 1462 940 1485 et
955 1457 1020 1485 elTe-

228 1508 361 1534 miuatum
382 1505 498 1534 reddere
522 1505 648 1540 spiritum
668 1505 726 1532 vult
750 1504 871 1536 auditus,
892 1511 972 1539 quem
989 1507 1019 1530 tu

227 1552 341 1579 omnino
367 1551 466 1578 cohibe
490 1560 497 1578 :
521 1549 757 1583 Quemadmodum
787 1550 833 1585 qui
865 1549 1019 1577 sirenarum

228 1606 314 1634 prope
342 1598 500 1626 mansiones
531 1597 687 1624 canentium
714 1597 767 1624 iter
791 1600 915 1631 agentes,
939 1603 1020 1623 aures

228 1653 291 1672 rera
307 1645 384 1679 juxta
401 1647 496 1678 poetas
513 1643 725 1675 obturaverunt,
747 1643 788 1670 sic
811 1646 838 1669 et
856 1646 898 1673 tu,
920 1642 1019 1677 inquit,

228 1690 314 1719 surdo
331 1690 431 1718 similis
450 1697 505 1716 non
525 1689 642 1717 audiens
661 1688 853 1725 symphoniam
873 1687 1021 1716 fornicarie

229 1736 401 1767 canentium,
419 1735 548 1768 declina;
568 1735 635 1762 solis
652 1738 742 1762 autem
758 1734 880 1770 pulchris
893 1738 921 1762 et
941 1735 1021 1763 bonis

230 1781 351 1817 Spiritus
371 1781 492 1809 oraculis
511 1788 605 1808 aurem
624 1788 730 1816 semper
750 1779 900 1807 admovens
917 1780 1020 1811 cordis,

230 1829 374 1855 incumbas
400 1827 434 1854 ad
462 1827 609 1855 dicendum
639 1826 693 1854 Deo
716 1825 806 1853 laudis
832 1828 869 1860 et,l
887 1826 1021 1854 orationis

230 1874 344 1902 verbum
358 1877 386 1901 et
401 1873 434 1900 ad
448 1872 615 1900 audiendum
629 1872 664 1899 ab
679 1872 740 1907 ipso
758 1878 831 1906 saepe
846 1878 907 1906 quae
927 1871 1022 1898 audire

230 1925 357 1956 oportet;
372 1923 400 1947 et
415 1919 518 1946 interea
539 1926 572 1946 ex
587 1918 631 1946 his
651 1925 713 1953 quae
730 1918 764 1945 ad
789 1917 875 1944 Deum
903 1916 1020 1949 diceres.

231 1971 278 1993 aut
292 1973 325 1993 ex
347 1965 390 1993 his
406 1972 466 2000 quae
492 1965 527 1992 ab
554 1965 614 1999 ipso
637 1963 759 1996 audires,
786 1963 878 1991 facere
905 1963 948 1990 vel
971 1963 1022 1990 ali-

231 2012 297 2048 quaid
313 2019 437 2047 parvum,
455 2011 482 2039 id
499 2009 639 2039 evidenter
650 2014 788 2046 praecepto
806 2014 833 2038 et
847 2009 950 2037 virtute
977 2010 1020 2037 di-

232 2065 316 2093 gnum
333 2061 386 2085 est.
544 2083 546 2085 .

232 2104 266 2130 69
285 2103 347 2130 Non
362 2107 386 2130 te
399 2102 473 2130 valde
485 2102 631 2130 dissoluant
649 2101 742 2130 odores
754 2102 908 2136 e/feminati.

268 2149 398 2177 Mundatis
422 2148 539 2176 maculis
555 2156 617 2184 qua:
633 2156 682 2184 per
693 2148 783 2176 visum
800 2153 827 2175 et
847 2147 971 2175 auditum
995 2147 1023 2174 in

232 2195 353 2223 animam
381 2195 522 2226 incidunt,
553 2202 614 2230 quae
640 2194 674 2221 ab
693 2194 754 2221 aliis
780 2193 908 2222 sensibus
928 2200 1025 2220 conse-

232 2243 356 2275 quuntur
370 2240 578 2275 inquinamenta
589 2244 615 2267 et
627 2239 702 2267 labes
719 2242 815 2274 purgat
829 2238 977 2267 exhortans
991 2238 1025 2266 ad

234 2294 289 2314 non
305 2286 386 2314 nimis
402 2285 652 2314 intumescendum.
668 2285 706 2313 De
720 2286 773 2317 his,
790 2293 841 2313 nec
857 2293 908 2313 nos
923 2285 1027 2313 eﬂ'emi-

236 2333 341 2360 nandos
350 2332 378 2360 in
390 2332 573 2360 suavitatibus
584 2332 699 2360 odormn
709 2331 858 2359 dissolutos
869 2336 895 2359 et
903 2331 931 2358 in
942 2331 1027 2359 varie-

235 2380 339 2407 tatibus
352 2379 556 2407 esculentorum
573 2378 694 2406 mollitos
710 2382 738 2405 et
755 2378 783 2405 iu
796 2381 924 2405 contactu
937 2377 1027 2405 delec-

237 2431 308 2454 tatos
328 2429 356 2454 et
377 2425 476 2453 furtive
495 2424 634 2456 induct0s,
657 2424 757 2459 quibus
776 2424 902 2452 comitem
915 2431 943 2452 se
958 2423 1026 2451 dans

236 2471 446 2508 intemperantia
462 2474 489 2498 et
501 2470 698 2498 ineontinentia
710 2478 723 2496 a
737 2470 784 2497 Dei
802 2470 899 2498 timore
913 2474 939 2497 et
950 2477 1028 2496 mau-

236 2519 308 2547 datis
327 2518 468 2552 elongant;
488 2517 532 2545 his
552 2516 623 2544 enim
639 2517 825 2551 voluptatibus
847 2516 943 2552 ignave
963 2523 1027 2544 suc-

237 2565 370 2593 cumbens
382 2568 409 2592 et
425 2567 583 2595 enervatus,
598 2562 665 2590 dicit
679 2562 875 2597 cupiditatibus
887 2566 1028 2597 exemptus

239 2617 339 2638 sermo.
352 2610 382 2637 ln
397 2616 452 2644 quo
462 2608 562 2636 anima:
570 2611 703 2643 quaestum
715 2613 742 2636 et
751 2607 834 2635 animi
845 2608 929 2636 robur
936 2611 1028 2635 osten-

238 2657 306 2685 des?
320 2655 443 2691 Namque
460 2655 590 2683 odoratus
606 2663 654 2691 per
664 2655 763 2683 odores
777 2655 929 2687 excitatur,
949 2661 1029 2689 sapo-

239 2703 316 2729 ribus
333 2706 430 2737 gustus
449 2701 522 2728 ultra
536 2701 647 2729 modum
661 2700 760 2736 gaudet
778 2704 804 2728 et
818 2700 943 2733 inservit,
957 2700 1029 2728 lenia

239 2753 341 2775 tactum
360 2752 493 2775 recreant.
515 2746 594 2775 Unde
611 2747 694 2782 igitur
708 2755 769 2782 qua:
785 2747 873 2774 virum
890 2751 1029 2774 sanctum-

239 2801 292 2828 que
304 2793 395 2820 dicent
409 2792 566 2827 concipies?
581 2790 645 2819 Haac
658 2792 731 2819 enim
748 2792 839 2819 omnia
857 2791 953 2818 animae
974 2798 1029 2818 non

240 2838 327 2866 virilis
344 2842 371 2865 et
392 2838 514 2865 femineae
526 2843 553 2865 et
568 2838 690 2873 gentium
701 2838 885 2874 peccatricum
907 2838 935 2865 in
955 2841 1028 2865 terra

277 2903 334 2940 (98)
351 2903 418 2932 Gud.
436 2903 617 2938 καταθεογομ.

889 137 1036 166 NICETAS
1072 137 1175 165 DAVID

1059 208 1105 234 με,
1122 199 1181 225 ὅλον
1198 196 1280 232 ἐξῆψε
1294 196 1341 222 τοῦ
1361 193 1497 230 θεωμένου
1511 192 1636 223 κάλλους·
1664 190 1721 217 ἀλλ’
1735 191 1851 225 ἐπεσχέ-

1059 244 1092 280 θη
1104 266 1111 277 ,
1128 243 1185 270 ἀλλ’
1201 243 1321 276 ἀνεκόπη
1341 241 1416 276 φόϐῳ
1429 238 1512 270 Θεοῦ,
1530 238 1577 264 καὶ
1593 237 1643 272 τῆς
1656 236 1767 272 ὲντολῆς
1781 237 1851 263 ὑπο-

1061 291 1157 326 μνήσει
1171 298 1177 305 ·
1192 288 1278 320 οὕτως
1293 287 1431 322 ἀνετράπη
1452 294 1482 312 τε
1497 285 1543 311 καὶ
1559 282 1710 314 ἀπολώλει,
1727 282 1766 313 ὡς
1781 281 1851 316 μηδὲ

1060 335 1169 362 εἴδωλον
1181 355 1188 367 ,
1202 333 1290 360 εῐτουν
1306 333 1378 367 ῐχνος
1393 331 1410 367 ἢ
1425 330 1581 364 φάντασμα,
1597 326 1745 362 ἐπιθυμίας
1762 327 1852 361 κακῆς

1060 382 1228 417 παραμεῖναι
1319 378 1405 414 ψυχῇ.
1430 376 1516 403 Τοῦτο
1540 375 1648 411 πρῶτος
1675 372 1778 408 saepe;
1804 373 1853 399 καὶ

1061 427 1198 463 ἁμαρτίας
1209 426 1293 462 χωρὶς
1303 445 1310 459 ,
1336 425 1376 451 ὅτι
1391 423 1455 458 ψιλὴ
1475 422 1569 457 γέγονε
1586 419 1722 455 προσΰολή
1734 427 1741 433 ⁷
1761 419 1811 444 ἐὰν
1824 418 1853 443 δὲ

1062 474 1170 503 εἱδωλον
1184 474 1234 508 στῇ
1250 473 1296 498 καὶ
1315 471 1346 498 τὸ
1358 470 1406 497 τοῦ
1423 469 1552 504 ὀφθέντος
1571 465 1638 498 εἶδος
1652 466 1669 502 ἢ
1686 465 1785 496 κάλλος
1801 465 1853 499 ἑμ-

1063 520 1158 552 παθῶς
1172 519 1302 555 ὴδιάνοια
1315 518 1397 552 ἑαυτῇ
1414 511 1735 549 ὲναπογράψηται,τοῦτο
1750 510 1855 546 βαθμὸς

1063 566 1188 601 δεύτερος
1215 565 1262 591 καὶ
1289 562 1420 599 ἡμιτελὴς
1438 561 1560 597 ἁμαρτία
1580 557 1762 595 χρηματίζει,
1779 557 1807 584 εἰ
1821 565 1855 590 γε

1064 612 1117 647 ἄρα
1127 611 1177 646 τὴν
1189 610 1232 637 διὰ
1243 609 1341 645 πείρας
1356 608 1461 635 τελείαν
1473 605 1605 637 ὑπαλύξαι
1617 603 1858 640 ἀμαρτίαν.ΤρεΞς

1065 655 1111 683 οὖν
1125 653 1197 683 οὗτοι
1214 654 1313 689 βαθμοὶ
1338 654 1391 679 εἱσι
1414 652 1465 687 τῆς
1482 650 1570 685 πάλης
1595 648 1645 684 τῆς
1668 647 1782 683 νοητῆς,
1802 647 1856 673 ὑπὸ

1064 701 1111 728 τοῦ
1129 700 1218 728 κοινοῦ
1242 697 1394 735 Δυσμενοῦς
1408 698 1468 729 ταῖς
1485 695 1633 732 ἡμετέραις
1650 693 1856 727 ὑποτεινόμενοι

1065 747 1178 782 ψυχαῖς,
1201 744 1352 780 προσϐολὴ,
1370 742 1503 778 φαντασία
1522 750 1552 768 τε
1573 740 1619 767 καὶ
1638 741 1730 774 πεῖρα.
1751 738 1857 773 Κράτι-

1067 801 1129 819 στον
1148 792 1196 828 μὲν
1220 789 1266 818 οὖν
1288 790 1334 817 τὸν
1350 789 1458 825 πρῶτον
1474 785 1733 822 ἁποκρουοαμένους
1745 804 1753 815 ,
1774 783 1856 810 ἀπεί-

1066 847 1148 874 ρατον
1163 837 1254 873 μένειν
1269 836 1323 863 τῶν
1337 835 1401 870 ἑξῆς
1416 843 1422 850 ·
1441 835 1465 860 εί
1480 833 1508 860 δὲ
1531 833 1579 859 καὶ
1592 831 1631 867 τῷ
1649 830 1770 866 δευτέρῳ
1793 829 1858 855 ὑπ-

1065 885 1236 920 νεχθείημεν,
1251 882 1377 918 δεύτερον
1393 880 1474 908 καλὸν
1489 879 1522 907 ἂν
1540 878 1582 913 εἴη
1593 900 1600 911 ,
1613 876 1693 913 νήψει
1709 876 1795 911 πολλῇ
1810 874 1858 902 καὶ

1067 931 1184 966 σώφρονι
1197 929 1235 965 νῷ
1247 926 1502 964 χρησαμένους,τὴν
1515 925 1559 952 διὰ
1572 924 1669 959 πείρας
1680 923 1776 957 φυγεῖν
1789 929 1858 948 παν-

1067 978 1135 1004 ωλεθ
1139 987 1154 1013 ρ
1159 977 1210 1004 ίαν,

1067 1045 1102 1073 65
1121 1044 1206 1079 Κηρῷ
1225 1045 1260 1070 τὰ
1275 1040 1335 1070 ὦτα
1354 1041 1473 1077 φράσσε
1490 1038 1565 1074 πρὸς
1583 1037 1720 1072 φαύλους
1732 1034 1857 1070 λόγους,

1103 1093 1227 1126 Ὠσπερ,
1251 1090 1295 1117 διὰ
1312 1089 1417 1125 θυρίδος
1446 1087 1497 1122 τῆς
1526 1085 1649 1122 ὁράσεως
1676 1083 1725 1110 τοῦ
1757 1082 1860 1113 πάθους

1068 1137 1282 1174 προσϐάλλοντος
1293 1134 1340 1162 τοῦ
1354 1131 1545 1169 τῆςγπορνείας
1559 1129 1712 1165 ὲπεισρέειν
1725 1129 1759 1164 τῇ
1774 1127 1861 1162 ψυχῇ.

1067 1185 1082 1211 ὁ
1099 1184 1217 1219 σώφρονι
1233 1181 1374 1218 χρώμενος
1387 1179 1426 1214 τῷ
1439 1177 1561 1214 λογισμῷ
1573 1197 1580 1209 ,
1596 1176 1645 1211 τὴν
1658 1175 1720 1210 ὄψιν
1731 1174 1847 1201 ἀποκλεί

1070 1238 1119 1261 σας
1127 1249 1134 1261 ,
1145 1228 1175 1261 ἐξ
1191 1227 1288 1255 ἑαυτοῦ
1299 1226 1401 1260 ταύτην
1415 1223 1589 1260 ἀπερῤάπισε
1601 1222 1647 1248 καὶ
1661 1219 1841 1255 διεκρούσατο
1853 1227 1862 1234 ·

1069 1276 1140 1302 οὕτω
1158 1274 1206 1301 καὶ
1224 1272 1257 1300 δι’
1279 1272 1362 1308 ἀκοῆς
1383 1269 1532 1306 παραδύειν
1547 1268 1596 1303 τῆς
1616 1265 1741 1297 ἀναιδοῦς
1756 1266 1863 1299 ἐπιχει-

1071 1319 1169 1356 ρούσης
1180 1337 1188 1350 ,
1204 1316 1281 1353 κηρῷ
1299 1316 1405 1353 φράσσε
1421 1315 1455 1341 τὰ
1475 1310 1548 1346 ὦτα,
1567 1313 1581 1338 ὁ
1593 1311 1663 1342 θεῖος
1678 1309 1773 1345 Πατὴρ
1789 1318 1863 1343 γνω-

1071 1355 1175 1401 μοδοτεί
1188 1372 1194 1378 ·
1216 1363 1263 1389 καὶ
1288 1362 1356 1398 πρὸς
1370 1360 1518 1396 ἐρωτικοὺς
1542 1358 1638 1392 λόγους
1652 1356 1701 1384 καὶ
1726 1355 1864 1390 ἀσέμνους

1070 1412 1117 1439 καὶ
1130 1411 1288 1446 ἀσχήμονας
1301 1429 1308 1442 ,
1320 1409 1363 1435 ναὶ
1379 1408 1411 1443 δὴ
1423 1407 1470 1434 καὶ
1483 1406 1594 1442 ᾄσματα
1608 1403 1727 1440 πορνικὰ
1740 1411 1865 1436 κατακη-

1071 1457 1167 1484 λοῦντα
1181 1455 1271 1491 ψυχὴν
1281 1475 1289 1488 ,
1305 1455 1377 1490 ᾠδάς
1398 1462 1428 1480 τε
1445 1451 1602 1483 διαδολικάς
1629 1450 1699 1485 πρὸς
1714 1449 1815 1485 ἡδονὴν
1835 1449 1866 1474 τὸ

1071 1505 1131 1531 ὅλον
1143 1502 1321 1539 ἡρμοσμένας
1330 1522 1338 1534 ,
1351 1499 1519 1536 θηλυνούσας
1533 1507 1564 1525 τε
1579 1497 1626 1525 καὶ
1637 1495 1866 1531 καταχαυνούσας

1071 1550 1117 1577 τὸν
1132 1549 1195 1576 νοῦν
1206 1569 1213 1580 ,
1232 1547 1391 1575 παντάπασι
1407 1545 1456 1581 τὴν
1480 1544 1565 1580 ἀκοὴν
1580 1541 1732 1577 ἀπαγαγὼν
1746 1561 1754 1574 ,
1769 1540 1866 1575 ὥσπερ

1073 1596 1097 1622 οἱ
1112 1594 1161 1630 τὴν
1175 1593 1328 1629 Σειρήνειον
1343 1590 1538 1628 παροδεύοντες
1552 1589 1684 1625 φθογγὴν,
1701 1588 1750 1615 καὶ
1763 1587 1800 1614 τὰ
1809 1584 1866 1614 ὦτα

1073 1639 1166 1676 κηρῷ,
1189 1638 1260 1666 κατὰ
1276 1638 1326 1674 τὴν
1343 1637 1453 1672 ποίησιν
1466 1655 1474 1669 ,
1489 1635 1691 1671 ἐμφράττοντες
1703 1654 1710 1666 ,
1728 1633 1803 1660 οὕτω
1819 1634 1865 1659 καὶ

1075 1687 1106 1714 σὺ
1120 1706 1128 1718 ,
1151 1686 1233 1721 φησὶν
1244 1705 1252 1716 ,
1268 1683 1334 1711 ὡσεὶ
1350 1682 1441 1717 κωφὸς
1457 1683 1507 1708 οὐκ
1529 1681 1635 1708 ἀκούων
1656 1680 1690 1706 τὰ
1708 1679 1865 1714 λυγίσματα

1073 1733 1127 1759 τῶν
1144 1731 1275 1768 μοιχικῶν
1291 1729 1426 1766 ὲκτρέπου
1442 1728 1542 1764 μελῶν,
1558 1727 1647 1762 μόνοις
1659 1726 1687 1753 δὲ
1701 1727 1758 1758 τοῖς
1772 1726 1866 1757 καλοῖς

1074 1779 1122 1806 καὶ
1136 1777 1246 1812 ἀγαθοῖς
1262 1776 1362 1810 λογίοις
1372 1774 1420 1802 τοῦ
1434 1774 1594 1809 Πνεύματος
1609 1772 1640 1799 τὸ
1654 1770 1701 1803 οὖς
1720 1771 1766 1798 ἀεὶ
1780 1780 1868 1806 παρσ-

1074 1824 1180 1851 ϐἀλλων
1198 1823 1248 1858 τῆς
1266 1821 1396 1857 καρδίας,
1420 1819 1468 1846 καὶ
1493 1820 1579 1845 εἰπεῖν
1599 1817 1668 1853 πρὸς
1695 1816 1765 1843 Θεὸν
1791 1817 1866 1852 ῥῆμα

1074 1870 1203 1902 αἰνέσεως
1224 1869 1272 1895 καὶ
1289 1866 1461 1904 προσευχῆς,
1486 1866 1535 1893 καὶ
1559 1864 1674 1891 ἀκοῦσαι
1698 1863 1765 1899 παρ’
1783 1863 1866 1890 αὑτοῦ

1075 1917 1223 1948 πολλάκις,
1245 1915 1318 1950 ἆπερ
1332 1913 1442 1941 ἀκούειν
1460 1911 1548 1947 χρεὼν
1561 1931 1568 1944 ,
1588 1911 1675 1937 δίδου·
1694 1909 1744 1936 καὶ
1763 1908 1866 1945 μεταξὺ

1074 1963 1113 1995 δὲ,
1127 1959 1166 1990 ὧν
1179 1962 1210 1989 τέ
1222 1970 1265 1993 τις
1276 1960 1344 1996 πρὸς
1359 1959 1424 1986 Θεὸν
1439 1958 1525 1993 λέγοι,
1541 1957 1587 1984 καὶ
1601 1952 1638 1983 ὧν
1649 1955 1682 1982 ἂν
1692 1955 1790 1983 ἀκούοι
1803 1955 1865 1988 παρ’

1075 2008 1157 2036 αὑτοῦ
1171 2028 1178 2041 ,
1194 2007 1242 2036 καὶ
1255 2008 1342 2033 ποιεῖν
1356 2014 1382 2032 τι
1397 2004 1505 2041 μικρὸν,
1520 2003 1594 2037 ἄξιον
1604 2002 1683 2038 δῆλον
1698 2002 1741 2028 ὅτι
1759 2001 1810 2036 τῆς
1823 2002 1865 2027 ὲν-

1075 2055 1155 2089 τολῆς
1167 2055 1214 2082 κσιὶ¹
1228 2055 1278 2089 τῆς
1291 2052 1405 2087 ἀρετῆς.

1074 2101 1108 2128 69
1125 2099 1173 2135 Μὴ
1188 2100 1259 2127 λίαν
1273 2097 1376 2133 ὀσμῶν
1393 2097 1504 2124 ἐκλύου
1515 2096 1719 2130 θηλύσμασιν.

1117 2145 1307 2181 Ἀνακαθάρας
1319 2143 1368 2176 τὰς
1381 2143 1414 2170 δι’
1430 2142 1518 2178 ὅψεως
1543 2141 1591 2168 καὶ
1613 2141 1699 2175 ἀκοῆς
1714 2140 1867 2175 ἐμπιπτού-

1078 2202 1127 2224 σας
1139 2191 1241 2227 βλάϐας
1254 2192 1287 2226 τῇ
1302 2191 1395 2226 ψυχῇ,
1413 2189 1461 2216 καὶ
1474 2188 1509 2215 τὰ
1519 2187 1573 2215 ἀπὸ
1589 2187 1642 2213 τῶν
1661 2186 1751 2214 ἄλλων
1770 2186 1867 2221 αἰσθή-

1078 2247 1147 2266 σεων
1163 2237 1341 2274 παρεπόμενα
1353 2235 1426 2272 ῥύπη
1441 2234 1488 2262 καὶ
1505 2233 1667 2270 μολύσματα
1682 2232 1867 2268 διακαθαίρει.

1078 2283 1218 2321 παραινῶν
1231 2283 1269 2318 μὴ
1282 2282 1343 2308 λίαν
1355 2280 1573 2316 ὑποχαυνοῦσθαι
1590 2279 1652 2306 κατ’
1664 2277 1752 2309 αὐτὰς
1767 2278 1815 2305 καὶ
1826 2277 1870 2312 θη-

1077 2328 1204 2357 λύνεσθαι
1214 2348 1221 2360 ,
1236 2327 1265 2354 εν
1279 2335 1308 2353 τε
1321 2326 1381 2357 ταῖς
1393 2325 1447 2352 τῶν
1469 2324 1561 2360 ὀσμῶν
1583 2322 1713 2359 ἡδύτησιν
1738 2322 1870 2357 ἐκλυομέ-

1077 2385 1139 2408 νους
1149 2396 1156 2406 ,
1174 2375 1202 2401 ἐν
1215 2382 1246 2400 τε
1255 2374 1316 2404 ταῖς
1330 2372 1384 2399 τῶν
1401 2370 1518 2398 ἐδεστῶν
1537 2370 1685 2401 ποικιλίαις
1702 2369 1869 2403 καταθελγο-

1080 2422 1176 2457 μένους
1191 2420 1246 2456 (98)
1259 2440 1267 2451 ,
1287 2419 1316 2446 ἐν
1329 2427 1359 2445 τε
1374 2419 1434 2449 ταῖς
1450 2416 1504 2444 τῶν
1522 2416 1615 2443 ἁπτῶν
1629 2415 1750 2451 ὁμιλίαις
1766 2424 1870 2451 γαργα-

1077 2466 1236 2502 λιζομένους
1263 2464 1310 2492 καὶ
1342 2463 1559 2499 κλεπτομένους,
1585 2460 1626 2494 οἷς
1655 2462 1780 2496 ἀκρασία
1811 2470 1870 2488 συν-

1078 2512 1230 2548 εζευγμένη
1246 2511 1294 2538 καὶ
1313 2510 1446 2538 ἀκολασία
1458 2530 1465 2543 ,
1480 2509 1527 2536 τοῦ
1553 2508 1635 2543 φόϐου
1652 2508 1720 2535 Θεοῦ
1737 2508 1868 2544 μακρύνει

1079 2559 1125 2585 καὶ
1140 2558 1189 2594 τῆς
1203 2556 1323 2591 ἐντολῆς.
1337 2556 1446 2583 Τούτων
1457 2558 1512 2590 γὰρ
1532 2555 1586 2581 τῶν
1601 2552 1774 2589 ἡδυπαθειῶν
1791 2555 1870 2588 ἀγεν-

1078 2605 1132 2636 νῶς
1147 2602 1429 2638 ὑποκατακλινόμενος
1444 2601 1492 2628 καὶ
1508 2600 1691 2636 θηλυνόμενος
1706 2600 1716 2635 (
1730 2601 1745 2627 ὸ
1762 2599 1870 2634 ἀπαθὴς

1079 2650 1132 2685 ἔφη
1145 2649 1253 2684 λόγος),
1276 2651 1305 2677 ὲν
1318 2649 1372 2677 τίνι
1386 2648 1415 2675 τὸ
1433 2648 1508 2683 λῆμα
1527 2647 1577 2682 τῆς
1590 2646 1679 2681 ψυχῆς
1697 2646 1746 2672 καὶ
1760 2645 1808 2672 τοῦ
1827 2644 1869 2670 νοῦ

1079 2696 1129 2731 τὴν
1157 2695 1324 2732 στερρότητα
1348 2694 1496 2728 ὲνδείξαιο;
1524 2693 1586 2725 Τοῖς
1614 2693 1711 2728 ἀτμοῖς
1739 2692 1797 2727 γὰρ
1825 2692 1870 2725 τὴν

1079 2742 1215 2778 ὅσφρησιν
1231 2742 1447 2777 παθαινόμενος,
1466 2741 1521 2772 τοῖς
1539 2740 1636 2775 χυμοῖς
1654 2738 1684 2765 δὲ
1701 2738 1753 2774 τὴν
1779 2737 1870 2772 γεῦσιν

1081 2789 1154 2824 πέρα
1179 2787 1226 2815 τοῦ
1242 2788 1348 2820 δέοντος
1365 2787 1527 2824 ἡδυνόμενος
1546 2786 1593 2812 καὶ
1613 2785 1870 2820 καταδουλούμενος.

1080 2836 1140 2867 ταῖς
1155 2835 1273 2870 λειότησι
1288 2835 1316 2862 δὲ
1329 2833 1618 2869 καταμαλακιζόιιενος
1633 2831 1682 2859 τὴν
1695 2832 1771 2867 ἁφὴν
1785 2851 1793 2863 ,
1816 2830 1870 2858 πότ’
