1920 3046
93 145 152 175 805

94 202 132 228 ἂν
144 201 334 238 ἁνδροπρεπές
343 211 370 229 τι
381 203 428 229 καὶ
439 203 606 239 ἁγιοπρεπὲς
616 204 786 238 ὲννοηθείηςς
799 203 891 230 Ταῦτα

94 247 155 282 γὰρ
167 247 257 274 πάντα
269 248 402 283 ἀνάνδρου
415 247 504 284 ψυχῆς
519 249 583 283 tam,
598 249 645 276 καὶ
661 248 826 284 γυναικώδη,
841 248 890 275 καὶ

94 293 154 319 τῶν
178 292 352 329 ἁμαρτωλῶν
373 293 458 321 ὲθνῶν
482 295 529 321 ἐπὶ
552 296 603 330 γῆς
631 295 665 322 τὰ
685 295 890 330 σπουδάσματα,

615 145 648 174 [Ν
659 147 814 175 CARMINA
834 145 972 174 ARCANA
994 146 1023 175 S.
1043 146 1218 176 GREGORII.

1679 148 1733 177 808

946 204 1048 237 studia,
1058 204 1124 232 nihil
1132 211 1277 233 commune
1289 205 1418 233 habentia
1426 213 1488 233 cum
1499 206 1641 242 generosis
1652 210 1732 240 atque

943 250 1069 279 virilibus
1093 259 1188 278 eorum
1216 252 1263 287 qui
1287 252 1454 287 mancipium
1481 252 1509 279 in
1531 252 1611 280 caelis
1633 252 1733 280 habent

944 296 1167 330 cogitationibus.

100 341 182 367 οῦδὲν
198 341 226 367 δὲ
252 341 339 369 κοινὸν
352 341 448 378 ἔχοντα
467 342 536 378 πρὸς
552 342 588 369 τὰ
611 343 757 379 ἀρῤενωπὰ
768 343 816 369 καὶ
831 342 938 378 ἀνδρεῖα
955 343 1009 369 τῶν
1018 344 1048 369 ὲν
1057 344 1181 379 οὐρανοῖς
1197 344 1228 370 τὸ
1242 344 1392 379 πολίτευμα
1403 343 1518 380 ἑχόντων
1528 345 1701 380 φρονήματα.

94 433 134 460 ’13
156 434 222 466 Δὸς,
236 432 301 460 εἷπε
319 434 444 469 γαστήρ.

133 479 262 511 Κολάσας
286 481 336 516 τὴν
356 481 401 508 διὰ
423 480 478 508 τῶν
497 480 649 517 αἰσθήσεων
675 481 891 517 προσγινομένην

94 525 236 560 ἀκρασίαν
253 527 300 553 καὶ¹
318 526 473 562 φιληδονίαν
489 528 523 563 τῇ
546 527 634 563 ψυχῇ,
647 528 890 563 τὴντγαστριμαρ-

94 571 163 605 γίαν
175 573 204 598 ὲν
217 573 322 604 τούτοις
331 593 338 603 ,
351 573 389 605 ὠς
404 573 628 609 δραστικωτάτην
641 572 724 600 οὖσαν
737 574 827 600 αἰτίαν
840 573 892 608 τῆς

96 617 248 652 πορνείας,
275 618 431 645 ἐπικόπτων
449 619 463 644 ὸ
480 619 696 653 φιλοσοφώτατος
707 640 715 648 .
740 618 805 650 Δὸς,
829 616 889 645 εἷπε

95 663 208 699 γαστὴρ
218 685 225 696 ,
239 664 289 690 ὅσα
308 665 373 699 ἡδέα
386 665 419 691 ὲκ
432 665 483 700 γῆς
493 685 500 697 ,
514 665 547 691 ὲκ
572 664 725 700 θαλάσσης,
747 664 778 697 ἐξ
800 664 888 699 ἀέρος,

95 709 151 735 ὅσα
163 708 255 745 βρωτά
270 710 512 746 ὲπιδαψιλευομένη
522 711 539 746 ἡ
556 709 817 746 μεγαλόδωροςΘεοῦ
829 709 891 744 χεὶρ

96 756 140 786 είς
152 755 302 783 ἀπόλαυσιν
317 757 487 792 ἐδωρήσατο·
506 756 565 789 δδς,
581 758 598 792 ἡ
612 757 719 792 γαστὴρ
733 755 825 788 εἶπεν,
842 764 892 782 κα-

94 802 274 837 τεδηδοκέναι
288 803 335 828 καὶ
348 802 453 834 τούτοις
473 802 617 838 ἀπλήστως
633 803 803 838 ἐπεντρυφᾷν
815 811 822 817 ·
835 802 890 836 ἐγὼ

94 847 126 874 δὲ
145 848 214 884 πρὸς
235 849 337 884 αὐτὴν,
365 849 402 881 ὡς
425 849 486 876 Ἐὰν
516 849 663 884 σωφρόνως
688 849 736 876 καὶ
755 850 795 880 είς
813 849 891 881 δόξαν

95 894 169 921 Θεοῦ
181 896 239 926 τοῖς
252 895 400 930 διδομένοις
411 895 527 931 χρῆσθαι
540 895 613 930 είδῇς
623 914 630 926 ,
641 895 718 921 δώσω
732 895 889 931 προθύμως,

95 941 169 968 καθὸ
180 941 325 976 θεμιστόν·
342 942 389 968 ἐὰν
398 942 426 968 δὲ
440 942 476 978 μὴ
490 941 635 981 σωφρόνως
650 942 717 976 μηδὲ
729 942 892 977 συμμέτρως

94 989 131 1023 τῇ
159 987 309 1013 ἀπολαύσει
328 987 486 1023 κεχρημένη
500 1007 508 1019 ,
527 987 595 1022 πρὸς
611 988 645 1013 τὰ
663 987 738 1013 κάτω
751 987 779 1013 δὲ
796 987 844 1014 καὶ
857 987 891 1013 τὰ

96 1031 272 1066 ὑπογάστρια
307 1031 380 1066 πάθη
419 1031 604 1062 συννεύουσα,
634 1031 798 1067 ὑπέκκαυμα
824 1032 892 1066 πρὸς

95 1077 244 1110 ἀσέλγειαν
255 1077 302 1103 καὶ
313 1076 392 1112 ὕϐριν
407 1077 549 1112 λαμϐάνῃς
560 1076 608 1102 τοῦ
625 1078 804 1112 πεποιηκότος
814 1097 821 1109 ,
834 1077 891 1108 πῶς

95 1123 195 1155 δώσω;
209 1123 226 1158 ἢ
239 1123 341 1158 κόπρον
356 1124 415 1158 μὲν,
432 1124 491 1158 ἦτοι
502 1123 551 1158 τὴν
563 1123 714 1156 ἀναγκαίαν
726 1123 772 1150 καὶ
783 1121 817 1159 ἧς
827 1124 890 1150 ἄνευ

95 1169 150 1204 ζῇν
165 1169 216 1196 οὐκ
239 1169 294 1201 ἔνι,
321 1168 393 1204 λήψῃ
409 1169 513 1205 τροφὴν
527 1189 533 1200 ,
551 1168 732 1199 σπανίζουσαν
745 1169 774 1195 δὲ
798 1170 844 1196 καὶ
860 1169 890 1195 οὐ

94 1214 214 1249 δαψιλῆ,
230 1215 268 1245 ὡς
285 1214 319 1241 ἂν
337 1215 374 1250 μὴ
391 1214 435 1241 διὰ
451 1216 497 1242 τὸν
520 1217 601 1251 κόρον
623 1215 814 1250 ὲκπυρουμένη
831 1215 892 1248 ἐξυ-

96 1262 206 1298 ϐρίζοις
218 1269 225 1276 ·
240 1261 333 1287 εἴποτε
347 1260 376 1287 δὲ
387 1281 395 1293 ,
412 1261 479 1296 φησί
492 1280 500 1292 ,
515 1261 729 1296 σωφρονισθεῖσα
743 1261 775 1295 τῇ
793 1260 889 1296 ἐνδείᾳ,

95 1309 202 1342 ἑαυτήν
218 1315 248 1333 τε
264 1307 428 1341 κατάσχοις,
456 1307 502 1332 καὶ
525 1307 573 1338 τὰς
590 1307 704 1340 ἀλόγους
719 1306 823 1341 ὀρέξεις
843 1306 890 1332 τοῦ

97 1353 228 1388 σώματος
242 1351 462 1385 ἀνασειράζουσα
486 1352 533 1378 καὶ
555 1351 746 1378 ἀνακόπτουσα
761 1360 892 1378 ταπεινω-

95 1400 194 1434 eam,
210 1398 241 1425 οὑ
259 1397 429 1433 φθονήσομέν
445 1406 485 1424 σοι
500 1397 548 1424 καὶ
566 1397 616 1433 τὴν
632 1397 796 1433 ἀποχρῶσαν
811 1397 890 1424 πλου-

96 1445 230 1480 σιώτερον
243 1444 395 1479 ἐπιχορηγῆ
400 1452 443 1469 σαι
462 1444 574 1478 τροφήν.

95 1493 131 1518 ’Π
150 1491 251 1524 Γέλως
268 1489 396 1525 γέλωτος
412 1487 446 1516 εὖ
458 1489 625 1524 φρονοῦσιν
638 1490 732 1522 ἄξιος.

141 1535 308 1567 Ἀκολούθως
327 1537 341 1562 ὁ
370 1535 558 1570 σωφρονιστὴς
580 1534 727 1562 τῶνονέων
749 1535 889 1570 Θεηγόρος,

98 1581 171 1617 μετὰ
183 1581 214 1607 τὸ
231 1580 360 1615 ἐπικόψαι
375 1579 551 1615 λαιμαργίαν,
569 1581 616 1606 καὶ
628 1580 676 1616 τὴν
693 1581 738 1607 ἐπὶ
755 1583 813 1613 ταῖς
826 1590 891 1616 τρα-

96 1626 199 1658 πέζαις
215 1625 418 1660 κοιλιομανίαν,
436 1625 483 1652 καὶ
508 1626 554 1652 τὸν
571 1626 784 1661 συνεζευγμένον
800 1627 891 1658 αὐτοῖς

96 1672 206 1707 γέλωτα
218 1671 346 1706 πορνικὸν
360 1671 550 1706 ἐπιρραπίζει·
565 1673 612 1698 καὶ
622 1672 711 1699 πάντα
727 1673 775 1708 μὲν
785 1673 891 1707 γέλωτα

95 1717 218 1751 γέλωτος
235 1716 308 1748 ἀξιον
326 1713 396 1741 εἶναι.
408 1736 416 1748 ,
434 1716 463 1742 οὺ
483 1717 562 1751 μόνον
587 1717 625 1749 ὡς
639 1718 792 1753 παιδαρίοις
806 1719 890 1745 ἀπαι-

95 1762 202 1794 δεύτοις
214 1762 386 1798 προσήκοντα
405 1761 453 1788 κα)⁸
468 1762 592 1798 ἀνοήτοις
601 1782 608 1795 ,
621 1761 661 1794 οἷς
677 1764 735 1794 ὅλος
747 1762 828 1798 opto;
840 1773 889 1790 κα-

95 1808 266 1842 ταγέλαστος
277 1828 285 1840 ,
303 1807 351 1834 καὶ
375 1807 540 1839 ἀκόλαστος.
562 1809 609 1834 καὶ
634 1809 757 1845 ἀκρατὴς
770 1831 777 1842 ,
795 1810 891 1844 εὐτρα-

96 1854 206 1886 πελίαις
227 1855 273 1880 καὶ
296 1853 499 1888 αἰσχρολογίαις
525 1854 593 1886 ζῶσι
618 1856 665 1882 καὶ
688 1856 812 1891 ἡδοναῖς,
840 1856 889 1891 οὐχ

95 1901 200 1935 ἥκιστα
221 1899 250 1925 δὲ
271 1899 317 1926 τὸν
335 1898 464 1934 πορνικὸν
492 1900 681 1926 κατάπτυστον
707 1902 889 1935 ἀποφαίνεται

97 1947 146 1973 καὶ
163 1945 297 1980 θεοστυγῆ
315 1946 361 1971 καὶ
377 1945 521 1980 βδελυκτὸν
531 1965 538 1977 ,
556 1946 593 1978 ὡς
605 1946 652 1972 καὶ
666 1946 831 1983 ταλανισμοῦ
843 1949 890 1974 τοῦ

96 1992 176 2027 παρὰ
190 1993 246 2022 τοῖς
267 1990 443 2025 Εὑαγγελίοις
457 1990 530 2023 ἄξιον
542 2011 549 2024 ,
568 1992 615 2018 καὶ
627 1992 682 2018 τῶν
699 1993 728 2019 ὲν
742 1994 775 2028 τῇ
793 1993 889 2030 γεέννῃ

97 2038 206 2073 θρήνων
223 2037 269 2063 καὶ
289 2037 414 2072 ὀδυρμῶν
435 2037 574 2074 πρόξενον.
591 2038 668 2064 Ἔστι
694 2038 722 2065 δὲ
739 2039 793 2066 τῶν
807 2040 837 2066 ὲν
850 2040 889 2076 τῷ

98 2083 225 2118 μέλλοντι
240 2082 318 2109 αἰῶνι
345 2083 392 2110 καὶ
419 2085 450 2118 τῇ
477 2083 566 2119 κρίσει
593 2083 718 2119 δακρύων
746 2085 887 2121 προοίμιον

96 2130 166 2165 όρᾷν
182 2130 295 2165 ἐναργὲς
319 2129 349 2155 τὸ
365 2130 394 2156 ὲν
417 2130 485 2165 αὐτῇ
508 2130 541 2165 τῇ
565 2130 675 2165 ἀτάκτῳ
694 2130 816 2166 διαχύσει
839 2132 886 2158 τοῦ

95 2174 249 2202 ἀκολάστου
261 2174 377 2208 γέλωτος
388 2174 640 2210 ἐξυπερὸαλλούσης
650 2176 695 2202 καὶ
708 2176 823 2212 σφοδρᾶς
833 2177 886 2204 τῶν

99 2219 203 2255 μορίων
228 2219 375 2251 διατάσεως
402 2220 448 2246 καὶ
474 2219 644 2254 ἀποθλίψεως
667 2220 720 2247 τῶν
739 2221 887 2258 ὀφθαλμῶν

97 2265 173 2291 ἐστιν
185 2265 229 2291 ὅτε
240 2265 356 2300 δάκρυον
368 2265 521 2296 ἀποστάζον
535 2267 591 2297 τοῖς
608 2265 723 2298 πολλοῖς.
742 2264 825 2299 Οὗτος
838 2268 887 2303 μὲν

96 2308 146 2337 οὖν
166 2311 222 2342 τοῖς
239 2311 359 2346 σώφροσι
376 2311 578 2345 καταγέλαστος
593 2313 606 2338 ὁ
627 2312 730 2346 γέλως,
747 2313 784 2345 ὡς
801 2314 829 2340 ὲν
848 2314 887 2350 τῷ

96 2357 223 2391 γίνεσθαι
241 2357 313 2391 μόνῳ
329 2357 413 2384 δοκῶν
425 2356 504 2389 εἶναι,
519 2358 566 2383 καὶ
581 2358 679 2393 μᾶλλον
693 2358 744 2385 οὐκ
756 2359 793 2386 ὢν
809 2359 825 2395 ἢ
838 2359 885 2391 ὢν,

97 2402 332 2438 αρισποὺδαστος
358 2403 415 2434 τοῖς
439 2402 539 2438 ἄφροσι
564 2403 687 2437 γίνεται’
715 2403 815 2431 ἔστιδὲ
840 2405 887 2431 καὶ

97 2447 233 2479 οἴκτιστος
250 2449 264 2474 ὸ
284 2447 379 2479 αὐτὸς,
393 2447 431 2479 ὡς
454 2448 563 2474 αἰωνίου
585 2448 714 2484 πρόξενος
727 2449 865 2485 κλαυθμοῦ
878 2459 886 2467 ι

97 2492 133 2520 δι’
147 2493 162 2520 ὃ
176 2502 258 2528 φησιν
269 2494 283 2520 ὁ
296 2493 367 2528 ἱερὸς
377 2493 456 2528 λόγος
466 2513 473 2525 ,
493 2495 619 2528 κρεῖσσον
634 2491 701 2521 εἶναι
722 2494 769 2522 καὶ
783 2495 886 2530 βέλτιον

95 2538 140 2566 ὅτι
153 2538 270 2573 μάλιστα
280 2536 346 2574 ἦθος
358 2539 479 2574 κατηφὲς
490 2539 506 2574 ἢ
521 2539 708 2575 τεθρυμμένον
719 2540 766 2566 καὶ
775 2541 886 2576 ἁσέμνῳ

96 2584 197 2619 γέλωτι
211 2584 395 2619 διαχεόμενον.

95 2701 129 2730 81
150 2700 271 2734 κάλλος
287 2701 384 2736 νόμιζε
402 2701 459 2736 τὴν
474 2702 591 2737 φρενῶν
605 2704 777 2739 εὐκοσμίαν.

131 2757 164 2784 οι
179 2757 214 2784 τὰ
230 2757 285 2783 τῶν
303 2759 436 2793 σωμάτων
460 2759 545 2793 κάλλη
569 2760 823 2797 περιεργαζόμενοι,
839 2763 886 2790 καὶ

94 2804 126 2830 τί
147 2803 199 2838 τῆς
217 2802 305 2838 ψυχῆς
328 2804 438 2840 φίλτρον
462 2805 680 2840 ἁναπτεροῦντες
708 2807 777 2842 πρὸς
804 2808 884 2841 αὐτὰ,

95 2849 283 2884 κατανοήσατε
303 2850 349 2875 καὶ
365 2849 469 2881 σύνετε,
485 2850 522 2882 ὼς
540 2851 646 2886 ματαίῳ
661 2852 707 2878 καὶ
718 2851 886 2888 ψευδωνύμῳ

96 2895 189 2923 κάλλει
207 2894 390 2931 ὲπερείδεσθε.
408 2896 515 2928 καλλος
530 2897 583 2933 γὰρ
595 2896 702 2932 ἀληθῶς
721 2898 768 2925 καὶ
783 2898 885 2935 κυρίως

943 435 979 463 75
997 435 1039 462 Da
1049 456 1055 467 ,
1071 436 1156 471 inquit
1172 442 1269 464 venter.

977 480 1124 516 Postquam
1143 490 1190 517 per
1201 490 1299 510 sensus
1314 483 1411 510 animae
1422 483 1606 510 adhazrentem
1631 483 1731 510 intem-

942 527 1092 562 perantiam
1105 532 1131 554 et
1145 527 1315 562 voluptatum
1328 535 1447 555 amorem
1460 528 1625 563 objurgavit,
1639 529 1730 563 gulam

942 571 969 598 in
989 571 1050 598 istis
1066 575 1196 606 tanquam
1213 572 1429 600 efﬁcacissimam
1454 573 1642 601 fornicationis
1663 581 1731 600 cau-

941 624 999 644 sam
1016 616 1215 651 reprehendcus
1231 617 1309 644 valde
1322 617 1499 652 philosophus
1510 617 1561 650 vir,
1579 617 1627 651 Da,
1642 618 1732 652 inquit

941 666 1042 697 gasler,
1055 666 1189 697 quotquot
1205 663 1299 690 suavia
1311 663 1344 690 de
1359 667 1442 695 terra,
1467 663 1501 691 de
1514 663 1594 695 mari.
1609 663 1643 690 de
1656 671 1730 698 aere;

941 712 1076 742 quotquot
1098 708 1225 735 alimenta
1243 708 1351 736 abunde
1375 708 1491 736 fundens
1514 708 1659 744 magniﬁca
1683 708 1731 736 Dei

942 761 1040 781 manus
1066 754 1100 781 ad
1125 753 1270 781 fruendum
1293 755 1402 789 sparsit.
1432 754 1486 786 Da,
1512 754 1602 789 inquit
1623 758 1731 789 gaster,

942 801 1049 834 plenius
1069 801 1237 835 gustavisse,
1258 804 1285 827 et
1307 800 1367 828 istis
1387 800 1579 828 insatiabiliter
1598 801 1729 835 repletum

943 851 1014 876 esse;
1027 848 1054 872 et
1069 851 1118 880 ego
1139 849 1245 879 gastro:
1264 844 1293 871 Si
1308 845 1446 879 sapienter
1459 848 1486 872 et
1501 845 1534 872 ad
1554 844 1600 872 Dei
1616 846 1730 881 gloriam

942 890 1013 918 datis
1028 891 1066 917 uti
1083 891 1210 922 scire-ris,
1224 896 1322 925 sponte
1333 892 1404 918 dabo
1416 895 1548 926 quantum
1559 891 1663 926 justum
1676 897 1730 925 est;

943 937 967 963 si
987 941 1076 963 autem
1095 945 1149 963 non
1165 937 1303 971 sapienter
1318 945 1368 964 nec
1384 942 1569 972 temperanter
1582 939 1732 966 esculent:s

943 987 1023 1010 utens
1038 983 1071 1010 ad
1093 983 1202 1010 inlimas
1215 987 1244 1010 et
1259 983 1392 1010 ventrales
1404 982 1562 1017 cupiditates
1577 985 1730 1016 drclinans.

943 1027 1109 1055 incentivum
1125 1029 1158 1054 ad
1172 1029 1313 1056 lasciviam
1330 1033 1357 1056 et
1369 1028 1493 1057 Factoris
1509 1031 1638 1064 injuriam
1650 1031 1732 1058 affec—

944 1078 994 1104 las,
1013 1074 1077 1108 quid
1095 1074 1188 1101 dabo?
1209 1074 1265 1102 Nisi
1282 1074 1384 1108 fimum,
1404 1082 1472 1103 sane
1502 1077 1683 1104 necessariam
1704 1083 1732 1104 et

942 1119 1001 1146 sine
1030 1128 1083 1154 qua
1113 1121 1205 1148 vivere
1228 1121 1376 1155 nequimus
1403 1128 1527 1150 assumes
1548 1130 1657 1154 escam,
1683 1124 1731 1150 sed

942 1165 1050 1192 brevem
1075 1172 1102 1192 et
1125 1166 1401 1200 non.abundantem,
1420 1175 1455 1195 ne
1478 1169 1611 1196 satianter
1631 1169 1731 1203 impin-

943 1216 1040 1244 guatus
1057 1211 1215 1243 insolescas,
1234 1213 1255 1238 si
1273 1211 1354 1244 forte,
1371 1212 1472 1247 inquit,
1489 1213 1596 1248 jejunio
1610 1214 1732 1248 prudens

942 1255 1054 1284 effectus
1064 1257 1182 1291 teipsum
1195 1258 1325 1285 coliibeas
1338 1263 1365 1284 et
1378 1259 1580 1286 irrationabiles
1595 1259 1732 1294 appetitus

942 1302 1066 1336 corporis
1079 1310 1211 1330 revocans
1223 1308 1249 1330 et
1261 1311 1363 1331 sanans
1373 1304 1482 1331 humilis
1492 1304 1551 1337 fias,
1563 1312 1616 1331 non
1630 1305 1732 1331 invide-

942 1345 1033 1373 bimus
1047 1347 1094 1373 tibi
1107 1347 1287 1375 sullicieulem
1299 1349 1486 1376 abundantius
1498 1357 1589 1377 escam
1601 1350 1730 1384 prwbere.

942 1483 977 1511 77
998 1483 1077 1511 Risus
1094 1485 1150 1511 risit
1165 1485 1261 1519 dignus
1273 1489 1312 1511 est
1329 1485 1455 1512 tordalts.

977 1530 1183 1565 Lonsrequcnter
1210 1530 1320 1563 sapiens
1348 1530 1479 1564 juveuum
1509 1530 1536 1557 in
1552 1530 1653 1558 divinis
1671 1539 1730 1557 ma-

941 1576 1040 1611 gister,
1056 1580 1201 1610 postquam
1225 1575 1374 1610 ingluviem
1393 1576 1550 1611 objurgavit
1570 1579 1596 1602 et
1618 1576 1731 1603 sedendi

941 1623 1106 1650 admensus
1133 1623 1327 1655 voracitatem,
1355 1623 1516 1658 adjunctum
1544 1624 1611 1659 ipsis
1644 1626 1730 1652 risum

942 1669 1112 1696 luxuriosum
1131 1668 1305 1703 reprehendit
1326 1676 1352 1696 et
1377 1669 1460 1697 risum
1478 1677 1586 1697 omnem
1613 1671 1669 1697 risu
1686 1671 1730 1699 di-

941 1722 1023 1749 gnum
1040 1714 1178 1745 ostendit,
1195 1714 1303 1741 scilicet
1328 1721 1382 1741 non
1404 1715 1492 1740 solum
1517 1719 1643 1749 tanquam
1662 1724 1730 1750 pue-

941 1767 1033 1786 rorum
1051 1760 1238 1794 insipientium
1257 1764 1283 1788 et
1298 1761 1442 1795 disciplina
1459 1761 1610 1788 carentium
1628 1767 1729 1796 partes.

941 1807 1043 1841 quibus
1066 1806 1196 1834 universa
1214 1807 1271 1833 vita
1294 1806 1411 1833 ridicula
1427 1813 1454 1833 et
1476 1814 1530 1834 non
1552 1808 1683 1842 castigata
1704 1812 1731 1835 et

942 1853 1066 1880 licentior
1079 1853 1106 1880 in
1119 1853 1333 1880 scurrilitatibus
1346 1858 1372 1879 et
1387 1852 1493 1880 facetiis
1503 1856 1530 1880 et
1546 1853 1730 1887 \oluptatibus

940 1899 1106 1931 viventibus,
1122 1899 1169 1926 sed
1182 1898 1263 1925 ctiam
1277 1906 1330 1925 non
1345 1899 1435 1925 minus
1451 1898 1620 1926 luxuriosum
1637 1904 1728 1926 osten-

940 1946 980 1973 dit
995 1945 1201 1980 despiciendum
1222 1948 1249 1971 et
1268 1944 1324 1971 Deo
1342 1944 1473 1971 odibilem
1491 1948 1519 1971 et
1537 1944 1729 1971 detestandum

940 1995 1071 2026 tanquam
1089 1991 1167 2025 juxta
1183 1989 1329 2024 Evangelia
1345 1989 1455 2025 dignum
1472 1989 1618 2025 gemitibus
1638 1994 1664 2017 et
1680 1991 1729 2017 tle-

941 2036 1051 2064 tibusin
1062 2035 1186 2071 gehcnna
1194 2039 1222 2062 et
1236 2035 1358 2062 dentium
1371 2034 1536 2062 stridoribus
1552 2043 1646 2063 ansam
1660 2044 1729 2071 pnu-

942 2082 1068 2114 bentem;
1086 2085 1128 2109 est
1154 2085 1246 2108 autem
1271 2081 1454 2116 lacrymarum
1483 2081 1510 2108 in
1531 2082 1683 2110 aeternitate
1703 2087 1730 2109 et

939 2129 1042 2164 judicio
1063 2127 1225 2163 prommium
1246 2131 1341 2162 patens
1364 2127 1456 2155 videre
1483 2127 1510 2155 in
1536 2128 1588 2155 ista
1613 2129 1728 2156 caehin-

941 2181 1039 2201 uorum
1074 2172 1343 2207 indisciplinatorum
1377 2172 1559 2200 immoderata
1594 2172 1730 2201 effusione

941 2218 1181 2254 superabundante
1191 2222 1218 2245 et
1234 2217 1420 2244 membrorum
1433 2219 1601 2250 extensione,
1614 2223 1640 2245 et
1652 2227 1730 2254 pres-

941 2266 1018 2294 sione
1036 2264 1194 2297 oculorum,
1217 2263 1290 2291 unde
1307 2263 1473 2298 quandoque
1495 2264 1615 2300 lacryma
1634 2265 1728 2292 multis

940 2312 1036 2340 stillat.
1054 2311 1108 2339 lste
1117 2317 1183 2346 ergo
1206 2309 1377 2345 sapientibus
1393 2309 1451 2337 risu
1471 2310 1569 2345 dignus
1589 2311 1662 2338 risus
1681 2313 1727 2346 qui

941 2363 1046 2385 tantum
1062 2356 1171 2384 videtur
1190 2364 1268 2387 esse,
1286 2360 1313 2383 et
1336 2357 1422 2391 magis
1444 2364 1500 2384 non
1516 2363 1558 2385 est
1576 2365 1656 2392 quam
1673 2362 1725 2390 est,
1767 2378 1769 2381 .

940 2409 967 2432 et
982 2405 1016 2431 ab
1032 2402 1251 2438 imprudentibus
1266 2402 1373 2429 ardenti
1386 2402 1567 2430 insectatione
1583 2404 1726 2438 quairitur.

941 2450 989 2478 Est
1005 2455 1031 2478 et
1045 2449 1216 2477 miserandus
1236 2448 1288 2475 iste
1305 2451 1434 2482 tanquam
1456 2445 1622 2476 mternorum
1640 2449 1727 2484 gemi-

941 2501 1016 2523 tuum
1031 2501 1144 2527 auctor;
1158 2495 1270 2527 ideirco,
1287 2495 1375 2529 inquit
1386 2498 1498 2521 sanctus
1512 2502 1612 2527 sermo,
1629 2495 1727 2523 melius

939 2547 980 2570 est
998 2547 1025 2569 et
1039 2541 1148 2576 expedit
1164 2541 1251 2576 magis
1269 2541 1392 2568 moribus
1412 2541 1556 2567 taciturnis
1572 2548 1631 2568 esse
1645 2549 1726 2576 quam

941 2589 967 2616 in
985 2589 1091 2616 deliciis
1107 2587 1223 2615 ellusum
1245 2591 1273 2614 et
1295 2587 1323 2614 in
1349 2586 1451 2614 risibus
1467 2587 1512 2622 qui
1536 2587 1571 2614 ad
1592 2587 1726 2614 rationem

940 2643 993 2662 non
1008 2635 1154 2670 pertinent.

939 2706 970 2733 8!
994 2705 1219 2733 Pulcliriludinem
1240 2706 1363 2734 existima
1385 2706 1478 2734 mentis
1501 2710 1635 2733 ornatum.

970 2763 1022 2795 Qui
1047 2769 1193 2798 corporum
1221 2767 1394 2791 venustatem
1418 2762 1550 2797 deperitis
1575 2765 1602 2789 et
1625 2761 1722 2788 animat

935 2807 1048 2836 allectus
1057 2807 1090 2834 ad
1102 2808 1183 2835 istam
1200 2808 1290 2839 cietis.
1308 2809 1396 2844 sapite
1409 2812 1437 2836 et
1453 2808 1608 2843 intelligitc,
1624 2814 1721 2834 vanam

934 2856 961 2880 et
983 2852 1043 2880 falsi
1079 2854 1199 2881 nominis
1235 2854 1468 2889 pulchritudinem
1496 2853 1724 2884 animadvertite;

935 2899 1110 2935 pulchritudo
1125 2900 1199 2929 enim
1216 2906 1319 2940 vereet
1334 2902 1456 2938 proprie,
1476 2905 1503 2930 ct
1520 2904 1564 2929 est
1578 2905 1605 2929 et
1616 2906 1731 2935 nuncu-_
