1920 3046
215 126 267 154 807

215 192 296 222 patur
310 188 464 215 animorum
478 188 616 215 ordinatio
628 197 634 214 :
653 188 767 223 pulcher
778 191 820 215 est
833 187 926 215 cordis
937 195 1003 216 can-

215 234 266 260 dor
280 238 306 261 et
322 234 436 269 spiritus
446 234 581 266 decentia,
594 234 640 262 sed
652 242 706 261 non
719 234 787 268 illud
800 234 910 269 proprie
924 242 1005 262 voca-

217 283 292 306 retur
310 280 485 314 pulchritudo
506 281 579 316 quod
598 281 738 308 hominum
761 288 860 307 manus
883 280 1003 314 scripse-

215 328 280 351 ruut
295 329 342 358 aut
358 325 582 357 delineaverunt;
600 326 777 360 corruptibile
792 325 876 353 enim.
886 325 939 352 Sed
954 332 1004 352 nec

216 371 288 405 quod
307 376 404 398 natura
426 372 504 399 tinxit
521 376 568 399 aut
590 371 736 405 formavit;
758 372 876 399 mortale
891 364 964 399 enim
977 374 1005 398 et

217 415 411 447 marcescibile,
433 421 557 453 tempore
577 418 692 444 solvitur
707 422 735 445 et
749 418 776 444 in
795 421 895 444 terram
912 424 1004 444 rever-

217 461 294 489 titur.
308 461 363 489 Nec
374 463 446 498 quod
459 464 556 491 oculus
567 471 582 491 e
593 469 665 491 terra
680 463 813 491 oriundus
830 463 876 498 qui
892 467 1004 490 externa

216 509 419 543 contemplatur,
432 509 567 544 judicatur
579 510 720 543 pulchrum
730 530 737 543 ,
753 509 801 538 sed
821 509 1005 544 quodcunque

217 554 362 588 prudentis
381 554 496 588 spiritus
524 555 666 584 meditatio
690 555 833 590 intelligit,
861 559 888 582 et
911 555 1005 582 divino

217 597 331 634 Spiritui
351 599 514 627 illuminanti
532 601 681 633 consentit,
697 600 723 628 id
739 600 880 635 pulchrum
897 603 924 626 et
945 599 1005 634 pul-

216 644 353 677 chritudo,
366 645 393 672 id
405 645 522 673 amabile
533 645 668 673 nominari
684 650 711 673 et
719 646 878 673 aestimabile
893 645 1005 680 dignum

217 690 390 724 praedicatur.
413 691 648 724 Quemadmodum
669 694 734 726 ergo
754 691 928 726 pulchritudo
949 698 1004 718 non

215 737 377 764 aestimanda
403 737 430 764 in
451 738 636 765 membrorum
666 738 810 764 harmonia
828 745 890 764 cum
912 737 1006 764 colore

217 783 316 810 blando
329 791 391 810 curn
403 783 436 811 iis
448 784 492 818 qui
509 791 642 819 corporea
659 789 763 811 tantmn
778 783 937 819 inspiciunt,
955 782 1005 811 sed

217 828 245 854 in
270 829 368 855 anima:
386 836 493 855 morum
512 828 684 856 institutione
709 833 736 856 et
764 829 892 864 symetria
915 828 1004 854 admi-

218 873 315 905 randa,
326 874 398 904 omni
417 882 531 902 excessu
545 874 709 908 defectuque
721 875 837 906 sublato,
854 874 941 908 gratia
958 872 1004 900 Dei

217 920 330 954 spiritus
340 927 423 953 supra
436 919 526 947 ornnis
537 920 636 947 coloris
649 920 808 947 suavitatem
821 919 950 954 fulgente,
965 918 1005 945 sic

216 970 244 993 et
266 965 384 992 dedecus
406 973 462 992 non
483 965 509 992 in
532 971 643 1001 compto
664 972 691 994 et
714 967 741 994 in
765 967 949 994 inetuhrorum
965 966 1006 992 itt-

215 1010 371 1044 aequalitate
387 1011 529 1045 corporis,
545 1011 592 1038 sed
610 1017 719 1046 propter
734 1012 921 1046 intelligentiae
937 1018 1005 1038 con-

218 1056 352 1083 fusionem
366 1060 393 1083 et
409 1056 622 1091 imprudentiam
639 1058 752 1092 spiritus
767 1057 949 1092 reputabitur.

215 1147 251 1174 85
271 1146 400 1181 Horconia
415 1150 536 1174 venerunt
547 1166 554 1177 ,
571 1146 715 1180 voluptates
726 1166 732 1177 ,
747 1146 862 1180 ﬁduciw,
879 1147 1004 1180 timores,

217 1183 252 1208 86
273 1182 391 1212 Divitia’.
407 1187 559 1216 paupertas,
579 1182 665 1215 gloria
676 1201 682 1212 .
698 1181 808 1209 dedecus
819 1202 827 1214 ,
846 1182 950 1208 throni:

217 1217 252 1244 87
273 1216 372 1243 Fluunt
385 1222 412 1242 ut
431 1217 524 1243 volent.
546 1216 622 1242 Nihil
632 1217 708 1243 extis

217 1253 253 1280 88
273 1253 338 1285 Quae
355 1257 490 1278 transeunt
504 1252 588 1286 tangit
601 1253 687 1278 virum
698 1256 871 1278 constantem.

255 1296 384 1326 Mmrores
396 1298 516 1325 incidere
530 1298 618 1325 solent
632 1298 665 1325 de
675 1305 766 1325 rerum
780 1302 932 1325 amaturum
949 1298 1007 1333 jac-

217 1348 279 1372 tura
303 1344 379 1372 etde
402 1352 494 1371 rerttru
516 1351 576 1378 qua:
600 1348 744 1378 sperantur
763 1347 791 1371 et
813 1343 1007 1371 desiderantur

217 1391 332 1418 adverso
347 1397 488 1423 successu;
500 1389 694 1417 delectationes
708 1397 723 1416 e
735 1393 840 1422 contra,
855 1398 917 1417 cum
928 1390 1006 1425 juxta

219 1441 280 1464 vota
300 1437 458 1472 attingimus
475 1441 521 1463 aut
541 1443 604 1463 cum
627 1442 716 1463 aurata
739 1436 820 1464 nobis
844 1442 1004 1465 oecurrunt.

218 1481 330 1510 Fiducia
346 1483 435 1518 agitur
450 1490 512 1510 cum
523 1482 601 1517 juxta
614 1483 783 1510 curriculum
797 1484 851 1510 vita
863 1484 965 1511 labitur
979 1488 1006 1511 et

219 1536 262 1555 res
273 1532 422 1556 occurrunt
436 1529 587 1556 secundum
603 1528 800 1562 intentionem;
814 1529 925 1556 timores
942 1529 1009 1557 infe-

218 1575 310 1602 licium
327 1578 422 1601 contra
435 1582 510 1608 sporn
525 1574 694 1602 obviantium
709 1579 735 1602 et
746 1574 897 1602 odientium
915 1577 943 1602 in
957 1584 1007 1604 nos

218 1620 366 1646 valentium
381 1629 389 1646 :
407 1619 513 1646 Divitias
530 1625 681 1647 evenerunt
700 1619 846 1654 superﬂuis
866 1621 1009 1648 abundan-

219 1666 308 1697 tibus,
329 1671 356 1692 et
371 1674 387 1692 e
411 1671 508 1692 contra
529 1670 675 1701 paupertas
696 1667 848 1694 imminutis
864 1672 890 1694 et
912 1675 1009 1694 caren-

220 1713 294 1739 tibus
309 1712 487 1738 necessariis.
506 1711 613 1743 Gloria,
637 1713 671 1739 ab
688 1714 824 1740 extraneis
850 1715 920 1740 bona
937 1714 1009 1740 fama

218 1761 246 1785 et
269 1763 378 1792 propter
400 1758 517 1784 honores
540 1758 681 1785 hominum
705 1754 851 1787 et'tronos
879 1761 1007 1794 plausus,

219 1804 396 1837 obseuritas,
414 1803 531 1838 abjectio
548 1804 576 1830 in
601 1804 643 1831 his
662 1809 689 1832 et
707 1805 733 1831 in
754 1805 912 1839 ignominiis
933 1813 1009 1833 com-

221 1849 334 1885 puitctio
351 1853 378 1876 ct
399 1850 602 1877 condemnatio.
619 1849 681 1877 "me
694 1852 802 1882 ontnia.
816 1851 934 1878 ludibria
948 1853 1010 1880 vita:

219 1900 246 1924 et
266 1896 406 1931 paululum
429 1895 551 1931 jucunda
575 1901 622 1922 aut
652 1897 788 1936 molesta,
811 1898 941 1924 vexantia
965 1905 1011 1926 aut

220 1943 366 1977 placentia,
381 1943 528 1969 cxaltantia
541 1946 587 1969 aut
600 1942 783 1974 humiliantia,
797 1944 923 1971 avolante
935 1951 1010 1972 som-

220 1987 269 2021 nio
285 1988 457 2015 transeuntia
472 1988 644 2022 praeterimus
654 2007 661 2019 .
678 1992 705 2015 et
721 1989 792 2017 sicut
805 1989 903 2016 vellent
918 1991 1011 2017 venire

219 2035 267 2059 aut
278 2031 362 2063 abire,
376 2031 553 2066 negligentes,
566 2032 663 2059 horum
675 2033 874 2061 assecutiunem
885 2042 918 2061 ne
930 2035 1010 2062 nobis

219 2085 393 2105 assumamus
406 2077 515 2112 quando
527 2077 578 2104 hoc
592 2078 632 2104 vel
646 2077 712 2105 illud
727 2079 881 2114 contigerit;
896 2085 1010 2115 pereunt

219 2123 292 2151 enim
308 2130 388 2158 quam
404 2123 536 2151 citissime
550 2123 595 2150 illa
611 2132 671 2159 quae
691 2125 793 2152 nullam
805 2126 907 2153 habent
924 2126 1009 2153 ﬁrmi-

219 2173 303 2196 tatem
319 2173 365 2196 aut
380 2169 565 2203 stabilitatem;
579 2170 697 2198 hominis
716 2176 758 2199 cst
778 2179 839 2199 vere
854 2172 1008 2208 philosophi

219 2219 247 2244 et
266 2217 402 2250 sapienter
423 2215 514 2250 gravis
530 2220 558 2242 et.
578 2217 606 2243 in
627 2217 751 2246 veritatis
770 2219 942 2247 sermonibus
964 2221 1009 2246 lir-

220 2262 301 2289 miter
313 2261 459 2296 perstatitis
474 2269 524 2289 nec
539 2262 573 2289 de
594 2261 698 2290 dextris
714 2264 806 2291 extolli
821 2268 848 2291 ct
867 2266 1009 2300 superbire

220 2314 270 2342 pro
295 2307 407 2342 spiritus
435 2307 501 2339 acie,
527 2315 576 2335 nec
605 2308 638 2335 de
663 2309 782 2337 sinistris
811 2312 1007 2345 apparentibus

219 2354 355 2381 coarctari
371 2358 398 2380 et
407 2353 498 2380 animo
511 2350 618 2381 cadere.

900 127 1046 156 NICETAS
1063 129 1167 157 DAVID

1795 129 1850 157 808

1055 189 1102 216 καὶ
1125 188 1183 215 ἔστι
1208 188 1254 214 καὶ
1271 187 1427 223 ὠνόμασται
1452 189 1469 224 ἡ
1486 188 1619 224 εὐκοσμία
1642 188 1697 216 τῶν
1718 189 1848 224 φρενῶν·

1056 234 1153 265 κάλλος
1171 234 1246 261 ἐστὶν
1297 235 1345 269 τῆς
1366 234 1477 270 καρδίας
1492 235 1628 271 ὡραιότης
1642 235 1690 262 καὶ
1709 236 1726 270 ἠ
1745 234 1849 270 εὖπρά-

1055 289 1120 306 πεια
1135 279 1181 306 τοῦ
1206 280 1268 307 νοῦ·
1287 280 1346 306 ἀλλ’
1361 281 1392 307 οὐ
1413 280 1492 307 τοῦτο
1512 281 1613 316 κυρίως
1635 281 1667 308 ἂν
1680 281 1846 316 ὁνομασθείη

1056 328 1163 360 κάλλος,
1189 327 1203 354 ὃ
1225 328 1317 364 χεῖρες
1340 328 1483 364 ἀνθρώπου
1505 328 1700 362 διαγράφουσιν
1717 328 1734 363 ἦ
1756 327 1849 354 διατυ-

1056 373 1137 400 ποῦσι
1148 382 1155 388 '
1172 373 1290 409 φθαρτὸν
1313 373 1384 410 γάρ·
1409 374 1466 400 ἀλλ’
1480 373 1534 400 οὐδ’
1553 365 1668 408 deum;
1685 374 1848 409 ὲμόρφωσεν

1055 418 1072 454 ἢ
1104 419 1251 445 διέπλασε”
1284 418 1380 454 θνητὸν
1404 419 1458 453 γὰρ
1480 419 1526 445 καὶ
1551 419 1733 454 εὺμάραντον,
1758 419 1848 454 χρόνῳ

1056 464 1184 499 λυόμενον
1207 465 1254 491 καὶ
1279 465 1319 496 εἰς
1349 464 1658 500 χοῦνῖάφανιςόμενονθ
1685 465 1741 491 οὐδ’
1779 465 1849 499 ὅπερ

1056 510 1193 546 ὀφθαλμὸς
1210 509 1342 545 γηγενοῦς
1360 512 1374 538 ὸ
1390 511 1423 537 τὰ
1433 510 1532 543 ἔξωθεν
1543 510 1648 546 βλέπων
1661 510 1798 546 διακρίνει
1811 511 1847 542 ὼς

1056 557 1155 583 καλόνι
1185 557 1242 584 ἀλλ’
1269 558 1338 593 ὅπερ
1358 557 1495 593 σώφρονος
1517 557 1562 583 νοῦ
1578 557 1690 592 θεωρία,
1704 557 1848 592 Πνεὺματι

1057 603 1233 638 φωτιζομένῳ
1251 603 1315 639 θείῳ
1331 606 1502 630 κατανοεῖται
1518 603 1566 630 καὶ
1581 603 1755 639 γνωρίζεται,
1768 603 1849 635 τοῦτο

1056 649 1138 676 καλὸν
1155 649 1201 676 καὶ
1217 649 1324 682 κάλλος,
1352 649 1432 676 τοῦτο
1455 650 1502 676 καὶ
1519 649 1660 684 ἀγαπητὸν
1683 649 1849 683 ἀξιωνύμως

1057 695 1104 721 καὶ
1120 695 1233 730 ἐραστδν
1256 695 1499 731 προσαγορεύεται.
1514 695 1620 730 ’Ὠσπερ
1641 693 1686 722 οὖν
1705 695 1734 722 τὸ
1750 695 1849 725 κάλλος

1057 740 1106 766 οὐκ
1121 741 1150 767 ὲν
1169 741 1201 775 τῇ
1218 740 1272 766 τῶν
1291 740 1380 775 μελῶν
1405 741 1561 776 συμμετρίᾳ
1579 741 1637 776 μετ’
1652 741 1782 776 εὖχροίας
1795 741 1849 771 τοῖς

1057 786 1091 812 τὰ
1107 786 1251 821 σωματικὰ
1266 786 1334 821 μόνα
1354 786 1498 821 βλέπουσιν
1522 786 1671 822 ὁρώμενον,
1687 786 1746 812 ἀλλ’
1765 786 1794 812 ἐν
1817 786 1848 819 τῇ

1058 831 1112 858 τῶν
1125 831 1199 867 ὴθῶν
1221 832 1270 867 τῆς
1288 832 1377 867 ψυχῆς
1404 831 1569 858 καταστάσει
1585 840 1615 858 τε
1637 831 1784 866 θεωρεῖται
1804 830 1850 856 καὶ

1058 879 1090 914 τῇ
1107 879 1272 914 συμμετρίᾳ,
1297 879 1388 914 πάσης
1405 878 1454 913 μὲν
1469 877 1622 914 ὺπερὸολῆς
1634 877 1681 904 καὶ
1701 876 1847 911 ἐλλείψεως

1058 924 1252 959 ἀποιχομένης,
1270 924 1379 959 χάριτος
1398 924 1427 950 δὲ
1451 924 1518 950 Θεοῦ
1535 923 1693 958 Πνεύματος
1704 923 1778 957 ὑπὲρ
1800 923 1849 948 tti-

1060 979 1108 996 σαν
1123 969 1250 1005 εὔχροιαν
1267 970 1306 1005 τῷ
1320 970 1395 1005 καλῴ
1412 979 1444 996 πε
1450 969 1637 1005 ριλαμπούσης
1647 977 1653 983 ·
1671 968 1746 995 οὕτω
1760 967 1808 994 καὶ
1822 967 1850 993 τδ

1058 1015 1163 1052 αἶσχος,
1182 1018 1231 1044 οὐκ
1243 1018 1272 1043 ὲν
1284 1019 1317 1052 τῇ
1332 1017 1452 1052 ἀκοσμίᾳ
1469 1017 1515 1043 καὶ
1532 1015 1672 1051 ἀνωμαλίᾳ
1690 1014 1746 1041 τῶν
1763 1014 1848 1049 μελῶν

1059 1063 1105 1089 τοῦ
1122 1063 1257 1099 σώματος,
1272 1063 1330 1090 ἀλλ’
1351 1064 1380 1090 ὲν
1402 1065 1434 1099 τῇ
1459 1064 1507 1098 τῆς
1529 1063 1647 1094 διανοίας
1662 1060 1848 1094 ἀκαταστασία

1059 1111 1107 1137 καὶ
1120 1111 1258 1146 ἀφροσύνῃ
1273 1110 1432 1145 κριθήσεται
1444 1110 1492 1136 τοῦ
1509 1109 1565 1136 νοῦ.

1059 1156 1094 1182 85
1113 1157 1210 1183 Atiam
1227 1155 1402 1190 προσῆλθον
1419 1156 1485 1187 (99),
1505 1154 1621 1188 ἡδοναὶ,
1636 1153 1740 1188 θάρῤη,
1752 1153 1845 1186 φόϐοι,

1060 1191 1094 1218 86
1112 1189 1257 1223 Πλοῦτος,
1276 1190 1655 1226 πενίαιδόξαῆδύσκξλειαη-
1666 1189 1786 1222 θρόνον

1060 1227 1092 1252 87
1119 1226 1278 1254 Ῥείτωσαν
1294 1226 1333 1258 ὡς
1352 1223 1510 1253 θέλουσιν·
1529 1224 1619 1251 οὐδὲν
1637 1223 1762 1250 ἅπτεται

1060 1261 1094 1288 88
1116 1261 1177 1288 Τῶν
1193 1262 1227 1288 οὐ
1241 1261 1394 1296 μενόντων
1409 1260 1519 1294 ἀνδρὸς
1535 1258 1568 1287 εὖ
1583 1259 1761 1292 βεϐηκότος.

1095 1307 1186 1334 Λύπαι
1203 1307 1253 1341 μὲν
1267 1306 1378 1333 εἰώθασι
1393 1307 1560 1341 συμπίπτειν
1574 1305 1619 1331 ἐπί
1633 1313 1662 1331 τε
1676 1304 1731 1330 τῶν
1744 1304 1847 1338 ἀγαπη-

1060 1353 1112 1380 τῶν
1126 1355 1185 1385 ταῖς
1199 1353 1354 1386 ἀποϐολαίς,
1370 1352 1416 1379 ὲπί
1434 1361 1464 1379 τε
1478 1353 1532 1379 τῶν
1546 1351 1731 1387 ἐλπιζομένων
1754 1350 1847 1376 ἐπιθυ-

1063 1399 1156 1435 μητῶν
1176 1401 1236 1431 ταῖς
1251 1399 1404 1432 ἀτευξίαις·
1426 1399 1518 1435 ἡδοναὶ
1537 1399 1566 1425 δὲ
1581 1395 1710 1434 ἔμπαλινέ
1725 1397 1792 1423 ὅταν
1805 1397 1848 1422 εὖ-

1062 1446 1200 1480 στοχῶμεν
1212 1447 1269 1477 τοῖς
1283 1446 1343 1472 κατ’
1362 1445 1454 1481 εὐχὴν,
1468 1445 1484 1480 ἢ
1499 1445 1562 1471 ὅταν
1575 1445 1630 1476 τοῖς
1644 1444 1772 1479 ὲραστοῖς
1784 1444 1847 1478 ἡμῖν

1060 1491 1313 1528 περιτυγχάνωμεν.
1342 1491 1397 1518 Καὶ
1433 1491 1521 1527 Θὰρρη
1553 1491 1600 1525 μὲν
1624 1489 1752 1525 προσίασι
1779 1487 1847 1515 κατὰ

1060 1538 1124 1574 ῥοῦν
1144 1537 1292 1573 φερομένου
1309 1537 1356 1563 τοῦ
1375 1537 1432 1572 βίον
1451 1536 1497 1562 καὶ
1516 1536 1569 1562 τῶν
1585 1534 1757 1570 πραγμάτων
1774 1534 1846 1559 ἀντι-

1059 1585 1208 1611 ϐολούντων
1221 1583 1290 1610 κατὰ
1307 1583 1405 1610 σκοπόν
1417 1591 1424 1598 ·
1438 1582 1515 1617 φόϐοι
1526 1582 1553 1608 δὲ
1568 1580 1701 1608 ἀνάπαλιν
1716 1580 1771 1606 τῶν
1785 1579 1846 1614 παρ’

1050 1625 1155 1657 ίὲλπίδα
1180 1628 1318 1664 δυσχερῶν
1345 1627 1525 1654 ἀπαντώντων
1546 1626 1593 1652 καὶ
1617 1625 1671 1652 τῶν
1696 1624 1847 1660 ἐχθραινόν-

1038 1685 1045 1693 ι
1059 1685 1113 1703 των
1129 1677 1195 1712 ἡμῖν
1208 1674 1423 1702 δυναστευόντων
1433 1682 1439 1688 ·
1454 1673 1501 1700 καὶ
1520 1671 1634 1703 πλοῦτος
1650 1671 1699 1706 μὲν
1712 1670 1845 1706 προσῆλθε

1049 1722 1114 1749 ⁴τῶν
1129 1721 1283 1757 προσόντων
1293 1720 1408 1753 ἐξάπινα
1421 1718 1625 1755 πληθυομένων,
1634 1716 1713 1743 πενία
1730 1716 1759 1743 δὲ
1773 1715 1847 1747 αὖθις

1060 1767 1263 1802 ἐλαττουμένων
1279 1767 1325 1792 καὶ
1341 1765 1523 1792 σπανιζόντων
1538 1764 1592 1790 τῶν
1609 1762 1769 1798 ἐπιτηδείων
1779 1771 1786 1777 ·
1804 1762 1847 1788 καὶ

1059 1811 1122 1846 δόξα
1148 1814 1197 1849 μὲν
1218 1813 1271 1839 τῶν
1287 1812 1386 1844 ἔξωθεν
1405 1813 1432 1838 αἱ
1458 1811 1588 1847 εὐφημίαι
1615 1811 1663 1836 καὶ
1684 1811 1701 1845 ἡ
1719 1810 1766 1836 ἐπὶ
1790 1810 1846 1839 ταῖς

1059 1860 1153 1894 τιμαῖς
1169 1859 1222 1885 τῶν
1236 1857 1387 1892 ἀνθρώπων
1410 1857 1457 1884 καὶ
1471 1858 1525 1888 τοῖς
1540 1855 1645 1891 θρόνοις
1660 1855 1844 1891 ἐπικράτησις,

1060 1905 1188 1931 δύσκλεια
1210 1904 1237 1931 δὲ
1260 1905 1276 1939 ὴ
1302 1903 1449 1939 ἀπόρῤιψις
1470 1902 1571 1929 τούτων
1588 1902 1635 1928 καὶ
1656 1901 1702 1927 ἐπ’
1727 1900 1846 1935 ἁτιμῖαις

1061 1950 1205 1982 κατάνυξις
1226 1950 1272 1976 καὶ
1295 1950 1476 1983 κατάγνωσις.
1505 1948 1597 1974 Ταῦτα
1616 1947 1703 1974 πάντα
1735 1946 1846 1980 παίγνια

1061 1997 1107 2023 τοῦ
1119 1997 1177 2032 βίου
1187 1996 1261 2027 ὅντα,
1280 1997 1326 2023 καὶ
1344 1995 1411 2031 πρὸς
1425 1995 1513 2029 ὀλίγον
1523 1995 1657 2030 τέρποντα
1680 1994 1697 2029 ἢ
1720 1994 1844 2025 ἀνιῶντα,

1060 2043 1195 2079 τρύχοντα
1211 2042 1227 2078 ἢ
1245 2041 1384 2078 ήδύνοντα,
1403 2041 1521 2075 ὑψοῦντα
1545 2041 1561 2076 ἢ
1580 2039 1772 2072 ταπεινοῦντα,
1783 2039 1847 2065 6νεί-

1064 2097 1112 2123 pou
1135 2087 1325 2122 ἀφιπταμένου
1349 2089 1404 2123 ῥεῖν
1428 2085 1654 2122 παραχωρῶμεν,
1675 2085 1723 2112 καὶ
1753 2085 1791 2117 ὡς
1816 2085 1845 2110 ἂν

1063 2133 1179 2160 ἐθέλοιεν
1195 2133 1299 2160 ἐπιέναι
1315 2141 1344 2159 τε
1364 2133 1410 2159 καὶ
1422 2132 1532 2159 ἀπιέναι
1549 2131 1709 2166 παριέντες,
1726 2131 1776 2166 τὴν
1788 2130 1845 2157 τοὺ-

1062 2188 1115 2206 των
1146 2179 1322 2215 προσέλευσιν
1351 2177 1388 2214 μὴ
1410 2177 1631 2214 προσποιὼμεθα,
1651 2176 1715 2203 ὅταν
1731 2176 1811 2203 τοῦτο
1829 2176 1844 2210 ἦ

1061 2224 1142 2251 τοῦτο
1168 2226 1260 2261 παρῇ”
1284 2225 1386 2260 οἴχεται
1417 2223 1471 2259 γὰρ
1498 2224 1538 2250 ὅτι
1566 2223 1683 2258 τάχιστα
1711 2223 1806 2249 στάσιν
1829 2222 1844 2257 ἢ

1062 2270 1164 2306 ἵδρυσιν
1187 2270 1341 2305 κεκτημένα
1360 2270 1506 2305 οὐδεμίαν·
1533 2269 1629 2304 ἀνδρὸς
1651 2268 1680 2294 δὲ
1703 2268 1844 2303 φιλοσόφτυ

1059 2315 1098 2351 τῷ
1120 2316 1175 2343 ὄντι
1189 2317 1236 2342 καὶ
1251 2314 1281 2342 εὖ
1298 2315 1444 2352 βεϐηκότος
1460 2315 1506 2342 καὶ
1526 2316 1584 2346 τοῖς
1600 2314 1650 2349 τῆς
1664 2314 1794 2348 ἀληθείας
1807 2314 1846 2340 λο-

1059 2361 1129 2395 γίοις
1147 2363 1287 2398 ἀραρότως
1302 2363 1481 2398 ἡδρασμένου,
1500 2361 1569 2396 μήτε
1588 2362 1644 2391 τοῖς
1661 2359 1759 2393 δεξιοῖς
1772 2360 1845 2386 ἐπαί-

221 2401 316 2436 ρεσθαι
338 2399 355 2434 ἦ
379 2399 594 2434 ὕποχαννοῦσθαι
616 2401 646 2428 τὸ
669 2401 773 2429 ἔντονον
798 2402 845 2429 τοῦ
870 2403 925 2436 νοῦ,
944 2405 1005 2440 μήτ’
1019 2403 1066 2434 οὖν
1086 2409 1142 2440 τοῖς
1169 2408 1322 2444 ἀριστεροῖς
1343 2407 1450 2434 δοκοῦσι
1476 2406 1667 2434 συστέλλεσθαι
1691 2407 1739 2434 καὶ
1767 2415 1845 2433 κατα-

221 2447 342 2474 πίπτειν.

221 2495 256 2523 89
274 2494 373 2521 Attolle
390 2499 412 2522 te
427 2495 480 2522 vita
498 2495 585 2529 potius
600 2502 679 2529 quant
694 2495 850 2530 cogitatione
860 2515 869 2528 ,
885 2501 939 2524 etc.

259 2540 320 2568 Vita
342 2541 482 2568 extollitur
500 2540 546 2575 qui
571 2548 618 2576 per
639 2541 796 2576 diligentem
819 2544 1009 2570 mandatorum

221 2587 423 2615 observantiam
438 2588 529 2614 carnis
540 2587 696 2621 superbiam
709 2588 857 2616 mortiﬁcat
872 2593 899 2616 et
912 2597 1011 2624 corpus

222 2633 376 2660 humilitate
402 2632 458 2661 fere
479 2633 587 2665 domat;
613 2635 769 2669 arrogantia
795 2643 858 2662 vero
875 2636 1012 2664 extollitur

222 2680 268 2716 qui
283 2688 336 2707 non
351 2688 381 2710 se
392 2687 407 2706 ιι
419 2681 629 2715 praesumptione
639 2680 762 2713 inundat,
776 2681 823 2708 sed
839 2689 907 2709 vana
923 2683 1012 2710 homi-

223 2734 287 2753 num
304 2726 389 2760 gloria
411 2725 522 2753 cﬂertur
543 2734 626 2760 seque
644 2726 714 2753 inter
729 2727 886 2762 hypocritas
902 2729 1012 2755 consti—

223 2772 284 2798 tuit.
298 2771 429 2798 Hortatur
442 2778 507 2805 ergo
523 2771 634 2798 divinus
648 2771 797 2807 Gregorius
812 2776 840 2799 ut
854 2773 908 2801 vita
925 2775 1012 2801 extol-

259 2867 316 2902 (99)
335 2867 397 2894 Ald.
415 2871 441 2895 et
459 2867 540 2896 anil.
560 2868 703 2903 προῆλθον,

1061 2499 1095 2526 89
1120 2498 1208 2533 Ὑψοῦ
1226 2499 1285 2532 ,βίῳ
1306 2499 1338 2526 τὸ
1353 2498 1458 2526 πλεῖον
1471 2498 1490 2533 ἢ
1503 2498 1679 2533 φρονήματι.

1103 2545 1233 2580 ’Υψοῦτιιι
1252 2545 1290 2580 τῷ
1306 2545 1356 2580 βίῳ
1372 2546 1385 2571 ὁ
1406 2546 1439 2580 τῇ
1455 2545 1565 2580 ἀκριϐεῖ
1578 2545 1627 2580 τῆς
1643 2545 1753 2580 ἐντολῆς
1763 2545 1844 2581 τηρή-

1063 2599 1104 2617 σει
1123 2591 1154 2617 τὺ
1176 2591 1302 2626 φρόνημα
1323 2590 1555 2622 καταθανατώσας
1570 2591 1619 2626 τῆς
1637 2590 1738 2626 σαρκὸς
1759 2591 1805 2618 καὶ
1818 2591 1845 2616 τὸ

1063 2637 1142 2672 σῶμα
1157 2637 1206 2671 τῆς
1219 2636 1409 2668 ταπεινώσεως
1426 2637 1516 2671 ὀλίγου
1530 2637 1584 2664 δεῖν
1602 2637 1725 2672 ὑπερϐάς
1737 2645 1743 2651 ·
1769 2637 1846 2671 ὑψοῦ-

1064 2691 1110 2709 ται
1125 2682 1153 2708 δὲ
1171 2683 1323 2718 φρονήματι
1341 2683 1355 2708 ὁ
1373 2682 1410 2717 μὴ
1424 2682 1473 2716 τῆς
1489 2683 1602 2717 οἰήσεως
1615 2682 1744 2718 καθαρῶς
1765 2684 1775 2708 ξ
1784 2682 1845 2716 31;).-

1064 2728 1210 2762 λαγμένος,
1236 2728 1304 2755 ἀλλὰ
1327 2727 1367 2763 τῷ
1392 2728 1462 2762 κενῷ
1485 2728 1601 2764 δοξαρίῳ
1624 2727 1678 2754 τῶν
1700 2728 1844 2764 ἀνθρώπων

1066 2773 1245 2809 ἐπαιρόμενος
1267 2776 1313 2801 καὶ
1333 2774 1429 2801 ἑαυτὸν
1451 2773 1522 2801 κατὰ
1537 2775 1599 2806 τοὺς
1622 2774 1770 2812 ὑποκριτὰς
1789 2781 1845 2804 inv-
