1920 3046
84 134 140 162 809

84 194 184 221 ιστῶν.
203 193 336 228 Παραινεῖ
349 193 462 220 τοίνννὸ
477 193 612 226 θειότατος
633 195 784 231 Γρηγόριος
798 194 882 230 ὑψοῦ-

85 239 153 266 σθαι
181 239 232 274 μὲν
254 238 293 273 τῷ
317 238 367 274 βίῳ
388 238 433 266 διὰ
458 239 641 276 θεομιμησίας
664 240 823 275 ἔγγίζοντας
845 241 884 276 τῷ

86 287 174 320 πραεί
189 286 236 312 καὶ
249 285 371 321 ταπεινῷ
387 286 436 321 τὴν
458 287 573 322 καρδίαν
591 286 692 323 Ἰησοῦ,
709 287 777 314 ἀλλὰ
795 287 831 323 μὴ
845 287 884 323 τῷ

85 331 247 366 φρονήματι
270 331 463 365 κατοιομένους
479 332 526 357 καὶ
543 332 782 367 καταφρονοῦντας
797 333 884 367 ὑπερ-

85 377 236 412 αίρεσθαι·
262 377 319 403 θεοῖ
334 377 382 411 μὲν
396 377 450 412 γὰρ
465 379 479 404 ὁ
496 378 553 412 βίος
566 380 599 414 τῇ
619 379 733 414 μιμήσει
751 378 799 406 τοῦ
817 380 885 414 Χρι-

87 423 167 453 στοῦ.
184 425 217 458 τῇ
241 423 464 458 μεγαλοφροσύνῃ
488 423 517 450 δὲ
541 425 614 458 μέγα
637 425 737 460 πτῶμα
756 425 826 451 κατὰ
850 425 884 452 τὰ

86 469 227 505 θεαρχικὰ
251 469 389 505 μαρτύρια
411 469 562 496 ἀκολουθεῖ.
581 469 665 496 Πόθεν
686 468 732 497 οὖν
756 469 883 506 ἐπιτεύξῃ

85 517 140 551 τῆς
162 515 294 550 ὑψοὺσης,
312 516 371 550 ἢτοι
391 515 504 550 θεούσης
516 516 785 551 ταπεινοφροσύνηςς
807 517 823 551 ἢ
844 516 884 551 τῷ

88 560 130 595 μὴ
158 561 213 592 τοῖς
239 561 347 595 μικροῖς
369 560 465 586 ἑαυτὸν
487 560 638 595 μετροῦντα
658 561 706 587 καὶ
727 561 796 596 πρὸς
820 561 883 593 τοὺς

87 606 279 642 χαμαιζήλους
296 605 476 641 συγκρίνοντα
493 607 553 641 είκῆ
572 607 753 642 ὑπερφρονεῖν
770 608 816 634 καὶ
833 616 882 643 με-

88 651 325 686 γαλορρημονεῖν·
353 652 370 686 ἡ
400 652 453 687 γὰρ
480 652 548 687 πρὸς
571 653 635 684 τοὺς
660 654 759 689 ἥττους
785 655 882 681 ἑαυτοῦ

87 696 303 732 παραμέτρησις
318 697 365 723 καὶ
387 696 560 730 ἁντεξὲτασις
574 699 605 725 τὸ
625 699 752 735 φρόνημα
775 701 883 733 πάντως

88 743 139 768 καὶ
155 743 201 770 τὸν
210 742 272 770 νοῦν
288 743 326 774 ὡς
337 742 391 769 τῶν
406 743 511 770 πολλῶν
523 744 691 780 ὑπερέχοντα
704 746 865 781 μετεωρίζει
875 755 881 761 ·

93 787 130 813 Σὺ
139 788 178 820 δὲ,
190 787 269 822 φησὶ,
284 787 353 822 πρὸς
365 788 415 822 τὴν
430 788 540 823 ἐντολὴν
556 789 667 825 ἀφορῶν
680 791 726 817 καὶ
743 791 824 818 αὑτὸν
837 791 883 818 τὸν

88 831 140 862 τὰς
155 832 292 868 σωτηρίας
310 830 497 868 ἐντελλόμενον
516 833 568 860 κᾶν
589 834 636 860 ἐπὶ
651 835 718 862 πολὺ
737 835 791 862 τῶν
812 836 883 862 ἐθνι-

88 875 148 907 κῶς
165 875 274 908 ζώντων
297 877 394 912 ἀρθῇς,
416 877 467 905 κᾶν
490 879 598 911 πολλοῖς
617 880 679 907 «τῶν
702 879 732 908 εὖ
755 881 883 916 βιούντων

88 922 228 958 ὀμοιωθῇς
239 925 269 950 ὲν
284 924 412 960 ἀληθείᾳ,
427 925 486 959 ὕψει
500 926 576 953 κάτω
591 927 715 963 κείμενον
729 929 824 956 ἑαυτὸν
839 931 886 956 καὶ

90 969 144 1002 τῆς
161 969 249 1004 ἄκρας
264 970 480 1005 ἀπολειπόμενον
495 972 675 1008 τελειότητος.

86 1015 125 1053 θξ
145 1015 241 1053 Δόξαν
255 1015 343 1053 δίωκε
355 1016 432 1053 fuit}
445 1017 549 1045 πᾶσαν
562 1019 632 1052 μήτ’
647 1019 725 1053 ἄγαν
735 1029 742 1036 ο

89 1050 125 1076 tu
146 1050 298 1084 Κρεῖσσον
313 1051 368 1086 γὰρ
391 1050 467 1079 εἶναι
482 1053 535 1080 τοῦ
548 1050 657 1081 δοκεῖν.

129 1107 208 1133 Ἐστι
226 1107 290 1140 δόξα
314 1107 362 1134 καὶ
388 1109 467 1144 φήμη
492 1118 534 1141 τις
561 1110 649 1146 ἀγαθὴ
676 1111 722 1138 καὶ
743 1113 788 1138 ἐπὶ
819 1112 884 1139 πολὺ

91 1152 177 1187 μέρος
193 1153 240 1179 τοῦ
259 1153 362 1188 κόσμου
381 1154 449 1189 πρὸς
465 1155 561 1190 καιρὸν
576 1157 692 1191 χεομένη
710 1157 756 1183 καὶ
771 1158 810 1188 είς
835 1158 886 1192 μά-

89 1207 169 1225 ταιον
183 1200 239 1228 τοῖς
255 1199 443 1235 δοξαζομένοις
453 1201 628 1237 πληϐυομένη
644 1202 691 1229 καὶ
705 1203 834 1238 κενὸν,ἣν
842 1204 887 1230 ἐπὶ

90 1244 182 1280 βλάϐῃ
199 1245 327 1272 πλειόνων
343 1246 506 1280 μεγαλύνειν
529 1246 598 1274 οἶδεν
614 1249 628 1274 ό
648 1248 754 1284 ἐχθρός·
773 1250 820 1275 καὶ
830 1249 887 1276 ἐστι

89 1291 156 1324 δόξα
170 1291 223 1317 τῶν
241 1291 321 1324 ὁσίως
335 1292 464 1326 βιούντων
481 1294 528 1320 ἐπὶ
543 1293 592 1328 τῆς
607 1295 658 1329 γῆς
674 1295 885 1332 κραταιουμὲνη,

90 1338 155 1372 ἥτις
175 1338 221 1364 καὶ
239 1338 307 1373 πρὸς
323 1338 466 1374 οἰκοδομὴν
483 1339 538 1365 τῶν
560 1339 725 1372 δοξαζόντων
751 1340 820 1375 πρὸς
839 1342 886 1368 τοῦ

90 1383 163 1409 Θεοῦ
184 1386 376 1419 συγκροτεῖται
391 1385 438 1411 καὶ
461 1384 591 1419 ὑψοῦται·
610 1386 643 1412 σὺ
660 1386 689 1412 δὲ
709 1387 776 1421 μήτε
797 1388 887 1414 πᾶσαν

92 1429 162 1464 ἡγοῦ
174 1429 404 1464 περισπούδαστον
419 1431 466 1457 καὶ
479 1432 568 1466 ἑαυτῷ
582 1431 747 1466 προσαύξειν
761 1433 886 1468 ἐπιζήτει

92 1476 166 1502 κατὰ
182 1479 245 1507 τοὺς
259 1476 408 1512 ὑποκριτὰς
421 1478 468 1503 καί
483 1477 647 1512 δοξοχαρεῖς,
665 1478 726 1512 μήτ’
741 1475 787 1504 οὖν
803 1478 887 1513 αὐτῆς

91 1523 143 1557 τῆς
157 1522 191 1548 δι’
208 1522 310 1558 ἀρετὴν
323 1523 507 1558 κροτουμένης
529 1522 599 1557 ἄγαν
616 1524 730 1558 ἀντέχου
747 1523 795 1550 καὶ
814 1524 886 1550 ἀντι-

93 1567 174 1593 ποιοῦ
187 1575 194 1582 ·
217 1568 243 1593 τί
258 1568 315 1602 γάρ
333 1576 374 1594 σοι
396 1568 442 1594 καὶ
458 1569 491 1603 τῇ
514 1567 644 1604 ὑπολήψει
662 1569 715 1595 τῶν
733 1569 848 1601 πολλῶν,
864 1566 886 1603 ᾧ

92 1614 142 1640 τοῦ
160 1611 230 1640 εἶναι
247 1613 330 1646 πολὺς
347 1615 362 1640 ὁ
378 1614 474 1648 λόγοςς
499 1616 625 1649 κρεῖσσον
644 1614 698 1650 γὰρ
715 1616 887 1651 ἁσυγκρίτως

92 1661 126 1687 τὸ
140 1659 210 1687 εἶναι
234 1661 280 1687 τοῦ
297 1661 385 1687 δοκεῖν
397 1669 404 1676 ’
427 1662 466 1692 είς
480 1661 507 1688 τί
529 1659 575 1688 οὖν
591 1670 633 1688 σοι
650 1662 725 1696 μέλει
750 1662 887 1697 σπουδαίῳ

93 1707 154 1732 ἧντι
167 1706 214 1732 τοῦ
236 1706 386 1738 σπουδαίως
408 1704 477 1733 εἶναι
497 1707 604 1739 δοκεῖνς
631 1707 752 1742 πλουσίῳ
768 1707 825 1735 ὄντι
841 1708 887 1734 καὶ

95 1752 208 1778 πάντων
216 1751 312 1787 πλήρει
324 1751 432 1785 ἀγαθῶν
441 1752 466 1778 τί
477 1760 518 1778 σοι
532 1752 622 1787 μέλον,
637 1753 661 1779 εί
676 1752 748 1779 τοῦτ’
758 1752 888 1786 ἀγνοοῦν-

96 1805 144 1827 τες
160 1796 298 1832 ἄνθρωποι
314 1796 420 1831 πένητά
433 1805 462 1822 σε
479 1796 525 1822 καὶ
545 1796 622 1832 ὲνδεῆ
637 1797 886 1832 ὑπολαμϐάνουσιν;

98 1843 179 1869 Οὕτω
198 1844 244 1869 καὶ
265 1842 324 1878 Θεῷ
347 1842 422 1877 φίλον
439 1843 503 1869 ὄντα
515 1843 579 1869 ποία
598 1851 639 1869 σοι
661 1843 779 1878 φροντὶς,
802 1843 825 1868 εί
850 1842 886 1877 μὴ

95 1888 177 1915 τοῦτο
194 1888 266 1915 ἴσασι
279 1888 371 1915 πολλοί
384 1897 390 1920 ;
402 1889 433 1914 Εἰ
447 1889 469 1914 δ’
483 1888 602 1923 ἄμετρος
613 1887 646 1921 εἷ,
662 1887 774 1919 πολλοὺς
786 1887 886 1914 ἐθέλων

98 1934 164 1964 τοὺς
183 1934 329 1965 ἐπαινέτας
346 1933 429 1968 ἔχειν,
452 1933 521 1960 ὥστε
544 1934 630 1970 ταύτῃ
653 1933 760 1966 πλείους
788 1933 888 1960 οἰκοδο-

99 1980 162 2014 μεῖν
183 1979 223 2010 είς
238 1979 347 2014 ἀρετὴν,
374 1979 440 2005 ἀλλὰ
462 1979 494 2005 σὺ
511 1979 549 2014 μὴ
572 1979 621 2015 τὴν
646 1979 764 2014 ματαίαν
790 1978 888 2014 θήρευε

97 2025 179 2058 δόξαν
201 2025 251 2060 τὴν
276 2026 308 2051 ἐκ
330 2024 385 2052 τῶν
414 2025 475 2060 είκῆ
504 2025 709 2061 μακαριζόντων
732 2034 761 2051 σε
785 2026 888 2061 πλάνην

98 2069 331 2104 ἐγκομόούμενος,
350 2069 417 2105 μηδὲ
433 2071 483 2105 τὴν
509 2070 573 2096 νέαν
595 2069 640 2096 καὶ
662 2069 690 2103 ἐξ
711 2070 889 2106 ἀνθρωπίνων

98 2115 264 2149 ἀξιωμάτων
288 2115 335 2141 καὶ
358 2114 460 2150 θρόνων
481 2115 697 2150 προστιθεμένην
722 2116 768 2141 καὶ
790 2115 886 2151 τιμῶν.

97 2161 132 2186 Τί
148 2160 204 2196 γὰρ
215 2160 310 2196 κέρδος
325 2160 444 2196 πιθήκῳ,
461 2160 494 2187 ἂν
506 2160 575 2187 λέων
590 2162 720 2197 νομισθῇ;
738 2160 831 2193 Οὕτως
845 2162 889 2188 οὺ-

97 2207 181 2242 ὃεμία
203 2206 304 2241 ὄνησις,
329 2207 440 2242 ἐμπαθῆ
462 2206 526 2232 ὄντα
548 2207 594 2233 καὶ
615 2207 708 2242 ἀτελῆ,
735 2207 825 2242 ἀπαθῆ
842 2207 888 2233 καὶ

98 2253 203 2280 τέλειον
225 2253 379 2289 ἀνθρώποις
404 2251 473 2280 εἶναι
496 2253 600 2280 δοκεῖν·
625 2253 737 2288 οὐδεμία
761 2253 888 2288 ὠφέλεια,

99 2300 210 2332 ἀνάξιον
225 2299 289 2326 ὅντα
307 2300 443 2334 βασιλείας
469 2300 485 2336 ἢ
513 2301 665 2336 ίεραρχίας,
687 2300 763 2333 ἄξιον
785 2299 891 2336 νομίζε-

99 2345 164 2372 σθαι
174 2355 181 2361 ·
198 2345 292 2381 ὥσπερ
312 2346 372 2373 οὐδὲ
389 2347 495 2382 πτωχὸν
508 2348 555 2374 καὶ
571 2347 655 2382 ἄρτου
671 2346 765 2382 ἐπιδεῆ
789 2347 890 2381 τυγχά-

99 2401 191 2423 νοντα,
207 2392 283 2418 οὐδὲν
305 2392 380 2419 ἔσται
406 2393 474 2428 πρὸς
497 2394 600 2429 κέρδος,
617 2392 717 2428 χρυσοῦ
735 2392 889 2428 Θησαυροὺς

100 2437 251 2472 κεκτῆσθαι
268 2437 374 2469 πολλοῖς
387 2437 594 2473 ὑπονοούμενον.

99 2494 135 2522 97
150 2494 233 2520 Δίνει
247 2493 305 2528 μὲν
323 2493 430 2525 ἄλλον,
447 2493 489 2528 μὴ
507 2494 610 2528 φρόνει
625 2493 651 2520 δ’
665 2493 852 2527 αίνούμενος.

138 2551 236 2578 ’Δλλον
252 2551 311 2587 μὲν,
326 2551 407 2587 φησὶν
427 2552 441 2577 ὸ
459 2550 603 2587 μακάριος,
619 2551 740 2577 ἐπαινεῖν
758 2551 802 2577 ἐπ’
816 2551 889 2578 εὐσε-

100 2596 163 2633 ϐείᾳ
195 2597 242 2624 καὶ
271 2598 354 2632 ἀρετῇ
380 2597 472 2628 οὔπως
497 2597 530 2624 ἂν
551 2596 722 2632 κωλύσαιμι,
747 2596 815 2623 ἀλλὰ
841 2597 888 2624 καὶ

100 2642 316 2678 παραινέσαιμι·
334 2642 364 2667 σὲ
389 2642 417 2668 δὲ
439 2642 509 2676 πρὸς
522 2642 608 2669 ἄλλων
622 2641 827 2677 ἐπαινούμενον,
852 2642 890 2678 μὴ

101 2688 323 2723 μεγαλοφρονεῖν,
341 2688 408 2723 μηδὲ
423 2689 479 2719 τοῖς
495 2688 616 2719 ἐπαίνοις
631 2688 692 2723 εἰκῆ
710 2687 890 2723 φυσιούμενον

100 2734 299 2769 ὑψηλοφρονεῖν
329 2733 488 2769 παρεγγυῶ.
520 2734 639 2760 Δεδιέναι
671 2733 725 2769 γὰρ
746 2734 819 2767 ἄξιον
844 2736 890 2762 καὶ

99 2779 293 2810 conseruet”,
334 2779 431 2814 μήπως
467 2778 520 2805 τῶν
553 2778 742 2814 κροτουμένων
774 2779 891 2807 ἐπαίνων

99 2824 223 2861 ὑστερῶν
240 2823 420 2859 ἀπελεγχθῇς·
435 2823 502 2850 ἀλλὰ
517 2824 563 2850 καὶ
581 2824 650 2859 πρὸς
664 2823 713 2859 τὴν
728 2823 783 2851 τῶν
802 2824 889 2852 ἄλλων

100 2871 241 2907 εὐφημίαν
256 2870 286 2896 οὐ
303 2870 445 2905 πρόχειρον
461 2870 514 2896 οὐδ’
535 2870 643 2904 ἕτοιμον
659 2867 729 2897 εἷναί
751 2879 779 2897 σε
802 2871 816 2897 ὁ
837 2871 889 2906 τῆς

244 2918 380 2948 Ρλτῐιοι..
398 2918 456 2948 Gn.
473 2917 655 2948 XXXVIII.

619 133 652 161 ΙΝ
664 133 820 163 CARMINA
837 131 975 160 ARCANA
994 132 1014 159 S
1039 132 1212 161 GREGORII.

1671 133 1722 160 8ίο

937 194 1026 222 lamnr
1041 202 1088 228 per
1104 195 1280 222 Imitationem
1297 194 1354 221 miti
1366 199 1392 222 et
1410 194 1504 222 humili
1519 194 1601 221 corde
1613 193 1723 221 Christo

935 241 1205 275 appropinquantes.
1219 240 1266 267 sed
1281 247 1426 268 caveamus
1440 248 1475 268 ne
1494 239 1658 267 conﬁdentia
1677 243 1722 266 tu-

935 289 1040 312 mentes
1061 290 1087 313 et
1104 285 1293 320 superbientes
1313 292 1364 312 nos
1382 284 1597 319 magnilleemus.
1616 283 1723 310 Etenim

935 331 1043 358 deificat
1059 333 1116 359 vita
1129 331 1229 358 Christi
1251 331 1381 358 imitatrix
1391 351 1398 362 ,
1419 334 1445 358 et
1460 331 1543 357 animi
1559 329 1724 358 extollentite

932 378 1011 412 juxta
1031 378 1188 405 testimonia
1211 378 1315 404 divinas
1327 377 1419 404 clades
1444 384 1539 412 magna
1564 376 1723 402 comitatur.

937 423 1012 451 Unde
1031 429 1097 459 ergo
1119 424 1301 459 comparanda
1323 431 1385 458 quae
1411 423 1513 450 exaltat
1539 429 1589 450 seu
1615 421 1723 448 deificat

936 469 1096 497 humilitas?
1113 470 1187 497 lianc
1198 469 1331 496 obtinebit
1344 469 1391 504 qui
1403 477 1457 496 non
1469 468 1588 503 seipsum
1604 467 1724 494 minimis

934 516 1089 551 quibusque
1107 516 1279 550 mquiparans
1299 519 1326 542 et
1345 523 1406 542 cum
1427 514 1541 549 objectis
1557 521 1723 548 componens

936 567 1035 588 temere
1056 561 1195 596 superbiet
1214 566 1240 587 et
1262 568 1291 587 se
1308 559 1509 594 magniﬁcabit;
1527 567 1645 593 namque
1661 566 1723 585 cum

935 607 1113 635 inferioribus
1132 606 1309 642 mquiparatio
1327 607 1369 633 sui
1395 611 1422 633 et
1443 605 1554 633 collatio
1572 605 1723 639 intelligenv

935 653 999 679 tiam
1023 652 1135 679 omnino
1150 656 1178 679 et
1200 652 1321 678 animum
1344 651 1377 678 ad
1400 651 1582 686 arrogantiam
1608 650 1722 682 inducit,

934 698 1011 734 quasi
1028 706 1110 732 supra
1129 698 1230 725 multos
1251 697 1406 725 efferantur.
1431 696 1471 723 Tu
1491 701 1598 727 autem.
1617 697 1723 731 inquit,

935 745 1092 772 mandatum
1105 745 1284 772 considerans
1294 748 1320 772 et
1333 751 1395 771 eum
1407 744 1453 779 qui
1466 743 1580 771 salutem
1595 743 1722 778 iniungit,

934 790 998 817 licet
1018 791 1097 826 longe
1111 791 1219 818 ethnice
1232 791 1356 818 viventes
1372 797 1485 825 superes
1496 810 1503 822 ,
1520 789 1582 816 licet
1597 789 1724 824 plurimis

935 837 1158 864 bcneviventium
1171 837 1268 864 similis
1279 837 1305 864 in
1316 837 1430 864 voritate
1439 836 1596 868 inveniatis,
1606 836 1722 870 leipsnm

939 882 1013 909 humi
1025 883 1160 917 jaceutem
1176 883 1279 910 videbis
1287 887 1313 910 et
1324 883 1401 918 longe
1416 890 1430 910 a
1443 889 1548 910 summa
1558 882 1724 917 perfectione

938 927 1098 956 distantem.

990 1014 1110 1051 Gloriam
1124 1024 1285 1051 persequere,
1299 1025 1350 1043 non
1363 1025 1465 1044 omnem
1479 1025 1524 1044 nec
1541 1017 1702 1044 vehementer
1713 1037 1719 1044 .

937 1050 972 1076 94
992 1049 1088 1078 Melius
1102 1057 1141 1078 est
1155 1049 1225 1078 enirn
1238 1060 1295 1078 esse
1310 1060 1390 1086 quant
1403 1053 1495 1079 videri.

973 1106 1020 1134 Est
1034 1112 1061 1134 et
1076 1108 1173 1143 gloria,
1185 1115 1226 1136 est
1240 1114 1267 1136 et
1282 1108 1353 1136 fama
1370 1109 1439 1136 bona
1456 1113 1483 1136 et
1498 1117 1545 1144 per
1556 1109 1650 1136 mundi
1666 1117 1724 1136 ma-

938 1160 1018 1188 gnam
1035 1160 1138 1188 partem
1152 1160 1305 1190 opportune
1320 1156 1418 1183 diffusa
1430 1161 1457 1183 et
1469 1156 1630 1190 insipienter
1643 1162 1724 1191 atque

938 1206 1006 1226 rane
1023 1199 1050 1226 in
1072 1200 1228 1228 hominibus
1254 1201 1396 1229 acstimalis
1413 1202 1571 1232 abundans,
1592 1209 1672 1236 quam
1690 1203 1723 1229 ad

938 1246 1085 1273 multorum
1100 1247 1247 1281 perniciem
1260 1248 1435 1282 magnificare
1451 1249 1526 1275 novit
1541 1248 1683 1279 inimicus:
1697 1253 1724 1276 et

938 1296 980 1318 est
995 1296 1088 1319 sancte
1100 1293 1249 1320 viventium
1262 1294 1348 1329 gloria
1363 1302 1443 1329 super
1458 1299 1558 1322 terram
1574 1296 1725 1329 praevalens

937 1345 998 1372 quae
1023 1342 1050 1364 et
1075 1337 1110 1364 ad
1130 1338 1337 1366 aedificationem
1363 1339 1531 1366 laudantium
1555 1348 1646 1366 coram
1670 1340 1725 1368 Deo

939 1383 1126 1418 spectaculum
1141 1388 1183 1412 est
1199 1389 1226 1411 et
1241 1385 1370 1412 exaltatio
1383 1394 1390 1416 ;
1406 1389 1434 1412 tu
1450 1390 1540 1413 autem
1556 1394 1605 1414 nec
1617 1395 1725 1414 omnem

935 1429 1027 1464 judica
1042 1430 1133 1457 studio
1149 1430 1269 1464 dignam,
1285 1431 1330 1465 qui
1349 1431 1396 1458 tibi
1415 1436 1581 1460 crescentem
1602 1434 1725 1468 requiras

937 1483 995 1503 eam
1016 1475 1219 1510 hypocritarum
1236 1476 1324 1504 instar
1340 1481 1367 1504 et
1382 1477 1496 1511 gloriam
1517 1479 1721 1514 aucupantinm,

940 1529 989 1549 nec
1005 1529 1071 1556 ergo
1085 1521 1172 1556 ipsam
1193 1526 1305 1557 propter
1324 1523 1452 1550 virtutem
1469 1524 1627 1558 applausam
1642 1525 1726 1552 nimis

939 1567 1074 1594 insectare
1090 1567 1140 1602 ipsi
1157 1567 1265 1594 obviam
1284 1574 1408 1595 currens.
1429 1568 1499 1601 Quid
1520 1569 1592 1596 enim
1611 1569 1658 1596 tibi
1675 1577 1725 1604 pu-

937 1613 1007 1640 blica
1021 1614 1206 1646 existimatio,
1232 1614 1276 1640 cui
1300 1622 1360 1642 esse
1383 1621 1480 1649 magna
1496 1622 1539 1642 res
1553 1616 1613 1642 est?
1630 1615 1726 1643 Melius

937 1659 1008 1685 enim
1032 1663 1075 1686 est
1100 1659 1159 1686 sine
1184 1659 1268 1686 dubio
1283 1667 1344 1687 esse
1360 1667 1441 1694 quam
1458 1659 1554 1687 videri.
1570 1660 1640 1693 Quid
1661 1668 1726 1695 ergo

939 1709 983 1732 tua
1004 1705 1118 1732 interest
1137 1705 1254 1740 diligens
1276 1707 1321 1740 qui
1338 1706 1387 1739 sis,
1403 1705 1518 1741 diligens
1539 1707 1562 1734 si
1587 1706 1725 1734 videaris?

939 1750 1018 1778 Dives
1031 1757 1094 1778 eum
1103 1751 1141 1778 sis
1148 1755 1175 1778 et
1183 1752 1309 1780 omnibus
1317 1752 1396 1780 bonis
1404 1752 1558 1786 abundans,
1565 1753 1630 1788 quid
1645 1752 1727 1779 refert

939 1798 962 1825 si
990 1797 1041 1824 hoc
1070 1797 1227 1831 ignorantes
1251 1797 1376 1824 homines
1402 1805 1548 1832 pauperem
1570 1802 1596 1825 te
1610 1802 1638 1824 et
1656 1799 1728 1825 indi-

938 1847 1044 1877 gentem
1067 1843 1249 1870 existiment?
1267 1843 1400 1870 Similiter
1419 1844 1508 1870 umico
1532 1843 1576 1870 Dei
1597 1844 1644 1871 tibi
1666 1852 1727 1878 quas

939 1895 1022 1918 cura,
1041 1887 1064 1914 si
1087 1887 1152 1914 illud
1176 1895 1230 1914 non
1259 1889 1384 1914 noverint
1406 1889 1502 1915 multi?
1518 1889 1546 1916 Si
1560 1889 1660 1916 nimius
1684 1897 1725 1920 es.

940 1933 1039 1958 multos
1055 1932 1169 1967 cupiens
1185 1933 1341 1959 laudatores
1357 1933 1467 1964 habere,
1482 1933 1560 1967 quasi
1577 1933 1640 1961 inde
1656 1935 1727 1961 mul-

940 1982 1029 2005 torum
1053 1977 1134 2004 fuerit
1154 1977 1296 2005 mdiﬁcatio
1313 1979 1346 2006 ad
1379 1979 1524 2010 virtutem,
1553 1980 1599 2006 Sed
1621 1983 1648 2006 tu
1670 1981 1727 2008 noli

939 2031 1036 2050 vanam
1065 2024 1158 2051 venari
1178 2024 1314 2058 gloriam,
1340 2031 1435 2051 errore
1460 2025 1600 2051 hominum
1627 2031 1727 2053 temere
1777 2050 1779 2052 .

940 2069 1151 2097 beatificantium
1169 2073 1195 2097 te
1215 2070 1356 2097 involvens
1372 2077 1423 2097 nec
1437 2071 1522 2105 gloria
1542 2078 1610 2097 nova
1627 2072 1660 2098 ab
1675 2071 1727 2098 lin-

940 2116 1029 2143 manis
1047 2115 1254 2150 dignationibus
1275 2121 1301 2143 et
1321 2116 1428 2143 thronis
1442 2121 1469 2144 et
1486 2116 1636 2144 honoribus
1653 2117 1728 2145 deri-

940 2165 1030 2189 vante.
1051 2161 1121 2194 Quid
1139 2162 1211 2189 enim
1229 2161 1335 2188 lucrum
1354 2162 1451 2193 simio,
1477 2163 1499 2189 si
1516 2162 1558 2189 leo
1579 2163 1729 2190 credatur?

943 2209 1076 2237 Similiter
1100 2209 1175 2236 nulla
1207 2209 1330 2242 utilitas,
1357 2209 1555 2245 cupiditatibus
1587 2210 1728 2245 obtempe-

940 2259 1046 2283 rantem
1070 2259 1097 2283 et
1123 2255 1323 2290 imperfectum,
1339 2255 1498 2283 hominibus
1523 2260 1614 2283 tamen
1641 2256 1727 2284 videri

940 2301 1135 2335 morigeratum
1148 2304 1175 2328 et
1187 2299 1352 2335 perfectum;
1369 2300 1443 2326 nulla
1457 2301 1570 2331 utilitas,
1586 2301 1726 2336 indignum

940 2347 1105 2380 quemlibet,
1129 2346 1202 2380 regia
1229 2349 1277 2372 aut
1298 2346 1460 2373 sacerdotali
1477 2347 1609 2381 dignitate
1635 2355 1728 2382 parem

939 2391 1080 2424 :estimari,
1099 2392 1170 2418 sicut
1187 2399 1238 2419 nec
1254 2392 1367 2427 pauperi
1382 2395 1409 2419 et
1422 2399 1491 2426 pane
1506 2393 1638 2427 indigenti
1652 2394 1728 2420 lucro

941 2441 996 2469 est,
1012 2438 1035 2465 si
1052 2438 1110 2464 auri
1129 2438 1273 2465 thesauros
1291 2438 1392 2465 multos
1413 2438 1558 2473 possidens
1574 2443 1726 2473 reputetur.

941 2493 975 2521 97
982 2492 1076 2520 Lauda
1084 2493 1187 2527 quidem
1200 2493 1295 2526 alium,
1302 2497 1330 2520 at
1341 2494 1467 2520 laudatus
1476 2501 1506 2520 ne
1514 2493 1662 2528 superbiat,
1672 2499 1726 2522 etc.

977 2549 1067 2576 Alium
1084 2548 1213 2584 quidem,
1233 2549 1322 2584 inquit
1341 2550 1456 2583 beatus,
1483 2550 1596 2578 laudare
1618 2557 1729 2586 propter

943 2594 1069 2630 pietatem
1085 2598 1113 2622 et
1129 2595 1257 2622 virtutem
1273 2602 1328 2622 non
1344 2595 1516 2630 prohiberem
1527 2617 1533 2628 ,
1549 2596 1596 2623 sed
1610 2601 1637 2623 et
1649 2597 1683 2623 ad
1702 2596 1727 2623 id

942 2640 1097 2675 provocabo
1111 2649 1118 2673 ;
1133 2644 1161 2667 te
1176 2644 1266 2666 autem
1279 2639 1314 2667 ab
1329 2640 1390 2667 aliis
1403 2640 1513 2668 laudato
1526 2648 1561 2668 ne
1574 2641 1727 2671 extollaris.

942 2693 1009 2713 neve
1025 2690 1124 2713 temere
1138 2693 1192 2720 pra:
1206 2686 1331 2713 laudibus
1344 2690 1481 2714 tumescas
1492 2687 1604 2714 suadeo.
1616 2685 1728 2714 Timen-

942 2733 1006 2760 dum
1033 2732 1105 2759 enim
1131 2732 1281 2766 meritoque
1307 2731 1455 2759 verendum
1481 2736 1523 2759 est
1546 2739 1580 2760 ne
1601 2732 1728 2759 laudibus

944 2777 1091 2805 celebratis
1108 2778 1197 2805 minor
1213 2779 1361 2813 arguaris;
1377 2778 1425 2806 sed
1440 2782 1467 2805 et
1480 2777 1514 2805 ad
1527 2779 1642 2805 aliorum
1658 2786 1729 2814 prae-

942 2824 1051 2851 conium
1064 2832 1117 2852 non
1132 2824 1239 2852 facilem
1252 2832 1303 2852 nec
1317 2829 1471 2860 promptum
1485 2832 1545 2851 esse
1558 2832 1649 2852 sermo
1664 2833 1728 2852 san-

942 2871 977 2899 cti
989 2871 1086 2906 judicii
1100 2875 1125 2899 te
1139 2871 1292 2906 praescribit
1305 2879 1312 2899 :
1326 2870 1554 2907 quemadmodum
1568 2872 1642 2899 enim
1656 2871 1728 2900 aesti-

1531 2919 1569 2949 “26
