1920 3046
193 124 243 153 BH

192 184 298 208 malum
318 183 346 207 te
364 178 461 206 timere
478 181 588 213 oportet
606 185 640 206 ne
657 178 787 206 laudibus
807 178 936 215 indignus
956 183 983 207 et

193 229 279 264 gloria
296 229 432 260 videaris,
449 228 490 256 sic
507 232 534 255 et
553 230 582 254 tu
600 226 716 254 laudans
733 227 816 254 alium
834 234 869 254 ne
888 227 982 261 copio-

193 276 253 303 sius
273 278 300 302 et
320 274 468 306 libentius,
487 273 652 308 priusquam
673 272 842 308 experientia
856 276 982 304 constet,

193 328 228 348 ne
245 320 398 348 studiosius
415 320 442 346 in
467 319 565 346 laudes
584 319 740 346 immoreris
752 337 759 349 ,
783 325 818 345 ne
839 317 909 344 forte
932 318 984 344 isto

195 368 349 403 iniquitatis
371 367 497 402 operario
524 365 656 400 temporis
681 366 709 392 in
737 365 880 392 intervallo
900 371 984 398 appa-

194 420 272 442 rente
283 435 290 446 ,
306 414 435 441 ruborem
451 413 499 440 tibi
512 412 636 447 inﬂigas,
654 411 734 446 quasi
747 418 905 446 perperam,
924 417 984 444 qua:

193 469 248 489 non
262 468 393 492 noveras,
409 464 524 487 testans.

224 548 273 575 101
291 547 409 574 Pra‘smt
424 546 493 573 male
505 545 598 572 audire
609 552 688 579 quam
703 543 772 570 male
785 542 880 570 dicere.

227 594 314 629 Magis
329 593 439 628 expedit
455 592 526 618 mala
544 591 640 618 audire
652 611 660 623 ,
676 590 713 616 ait
730 595 860 622 sanctus,
878 592 905 616 et
918 595 984 615 con-

193 640 313 667 tumeliis
329 638 399 665 allici
414 642 441 666 et
456 637 596 672 objurgari
613 636 866 664 tolerabilissimum
892 634 983 669 potius

193 694 276 721 qtmm
294 685 357 711 aliis
377 685 434 711 haec
455 683 540 718 inlligi
557 691 571 709 a
589 682 678 709 nobis.
699 681 779 708 Cur?
798 682 879 716 quia,
899 680 922 707 si
943 683 984 706 ιε·
999 690 1002 692 λ

194 741 266 759 mere
281 739 395 766 prorsus
414 734 441 757 et
454 729 556 756 frustra
578 733 690 763 propter
708 728 838 754 virtutem
858 730 884 752 et
902 725 986 760 pieta—

193 783 247 806 tem
259 785 322 805 cum
336 777 428 812 impiis
439 774 610 802 calumniose
623 774 703 801 nobis
719 780 783 809 pars
797 773 887 804 datur,
903 771 986 798 beati-

192 824 319 851 tudinum
345 822 549 849 Dominicarum
575 824 602 847 et
629 819 785 846 emlestium
810 818 984 853 praemiorum

192 870 267 905 digni
284 869 435 901 habemur;
451 868 475 894 si
491 871 581 894 autem
598 866 761 893 cadentibus
784 864 881 891 merito
903 862 983 890 nobis

157 932 163 941 μ
193 917 227 942 de
243 916 285 943 his
301 922 362 950 qua)
378 913 495 940 facimus
511 913 702 940 conviciantur
718 910 861 942 homines,
878 909 918 936 sic
934 916 984 934 nu-

193 963 237 990 bis
253 965 369 996 prosunt
384 958 519 987 dedecora
529 979 536 991 ,
553 966 601 993 per
614 957 736 985 convicia
754 956 854 983 ablutis
869 960 894 982 et
909 955 983 981 lava-

193 1009 240 1036 tis.
258 1007 329 1034 Male
344 1014 408 1034 vero
426 1005 570 1040 loquentes
591 1009 619 1032 et
644 1004 796 1038 proximum
817 1001 926 1036 injuriis
945 1003 984 1028 la-

193 1057 354 1087 cessantes,
375 1053 398 1081 si
417 1052 518 1079 invidia
536 1055 583 1078 aut
602 1051 665 1077 odio
684 1050 813 1076 virtutem
834 1049 982 1076 colentium

193 1102 360 1132 labm‘amus,
374 1098 547 1126 miserabiles
561 1101 587 1124 et
603 1097 740 1128 damnati,
755 1096 833 1131 quasi
851 1095 983 1130 quosdam

192 1156 208 1175 e
221 1146 343 1175 minimis
361 1145 387 1172 in
403 1144 495 1172 Iesum
513 1143 688 1170 credentibus
704 1142 925 1169 seandaliznutes
938 1141 983 1175 jn-

193 1194 369 1225 dicabimur;
387 1191 459 1226 quod
478 1190 501 1217 si
522 1197 604 1224 prave
625 1193 737 1224 agentes
759 1189 856 1215 merito
875 1188 983 1222 vitupe-

194 1247 288 1266 ramus
299 1242 326 1266 et
337 1237 413 1272 juste
428 1236 621 1270 redarguimus
631 1256 637 1266 ,
653 1235 714 1262 linis
728 1234 885 1261 omnimodo
898 1241 912 1259 a
930 1232 985 1259 Deo

195 1285 385 1319 redarguetur.
412 1282 570 1317 Siquidem,
596 1285 628 1308 ut
652 1281 713 1308 istis
740 1288 788 1315 per
813 1279 983 1314 objurgatio-

194 1340 257 1359 ncm
271 1329 452 1358 correctionis
464 1329 620 1356 dederimus
630 1331 657 1354 et
670 1326 889 1361 compunctionis
901 1326 983 1356 viam,

192 1382 221 1405 ct
238 1377 272 1404 iis
291 1377 338 1412 qui
357 1375 428 1410 apud
444 1381 494 1401 nos
511 1377 576 1401 sunt
597 1372 838 1400 intercludcrinnis
856 1370 920 1398 mali
941 1378 984 1398 so-

193 1424 322 1452 cietatem
347 1427 375 1450 et
399 1421 638 1457 participationem
667 1427 730 1447 eum
756 1419 835 1450 istis,
863 1418 983 1453 irrepre-

193 1469 346 1497 hensibiles
372 1469 476 1503 absque
500 1466 729 1494 condemnatione
751 1465 826 1492 omni
848 1464 986 1499 judicabi-

193 1524 270 1550 mur;
287 1516 330 1544 sin
346 1519 443 1548 contra
455 1535 462 1546 ,
479 1518 508 1540 ut
523 1513 611 1540 zelum
628 1519 751 1539 amarum
768 1515 796 1538 et
812 1510 904 1538 odium
920 1511 983 1538 abs-

193 1571 247 1598 que
265 1562 370 1597 judicio
397 1567 556 1596 sequamur,
582 1559 654 1585 male
671 1558 821 1593 loquimur,
845 1557 983 1592 quomodo

195 1608 394 1637 maledicentia:
412 1611 460 1633 aut
476 1605 687 1633 insimulationis
704 1604 821 1639 proximi
837 1603 984 1630 vitabimus

193 1652 420 1682 accusationem?
433 1651 505 1684 Quid
520 1658 585 1685 ergo
603 1648 777 1677 faciendum?
790 1647 906 1680 Quando
924 1647 983 1682 qui-

193 1701 274 1731 dam,
299 1698 408 1734 inquit,
435 1698 462 1724 in
480 1697 600 1724 medium
626 1695 731 1730 profert
759 1694 926 1721 mentionem
951 1694 984 1720 de

193 1746 317 1781 proximo
332 1744 365 1771 ad
376 1741 595 1778 exprobrandum
608 1745 636 1769 et
647 1740 877 1773 maledicendum,
892 1740 983 1774 prius-

193 1798 277 1826 quam
291 1796 385 1816 aurem
403 1788 487 1815 saties
503 1791 530 1814 et
547 1786 668 1812 mulceas
691 1789 784 1816 tuam,
802 1788 869 1810 tunc
887 1789 913 1810 lu
931 1783 985 1810 fra-

193 1837 246 1864 tris
261 1835 359 1862 faciem
375 1839 504 1868 tanquam
522 1832 638 1866 leipsum
654 1831 686 1858 ad
701 1831 856 1858 aculeatam
872 1831 983 1857 verbum

193 1883 344 1910 obnoxtum
367 1879 499 1914 opinans,
522 1881 549 1905 et
571 1877 620 1904 tibi
647 1877 699 1912 ipsi
721 1882 748 1903 et
770 1876 809 1903 illi
835 1875 939 1903 servies
960 1875 982 1901 si

196 1934 351 1956 sermonem
368 1924 548 1953 obtrectantis
563 1930 640 1958 atque
655 1922 738 1950 feras.

195 1975 248 2003 105
269 1974 399 2007 Prospere
415 1971 542 2006 nauigans
554 1990 562 2003 ,
581 1977 612 1997 ne
626 1969 747 2007 glorieris
765 1974 904 2007 antequam
917 1976 982 2007 por-

735 2004 803 2040 ‘Llum
818 2004 947 2039 attigeris.

230 2053 464 2089 Quemadmodum
483 2052 599 2080 feliciter
616 2058 692 2078 mare
706 2051 859 2085 naviganti,
878 2051 940 2078 licet
958 2051 983 2077 in

196 2104 313 2138 trajectu
327 2106 401 2129 recte
416 2101 552 2135 dirigatur
565 2099 653 2130 navis,
668 2102 762 2133 utpote
775 2098 881 2125 incerto
891 2097 983 2128 exitu,

195 2157 249 2176 non
270 2153 359 2176 tutum
382 2152 425 2175 est
447 2146 577 2182 gloriari,
594 2151 622 2173 et
637 2148 700 2172 ante
721 2145 917 2176 retinaculum,
935 2153 984 2171 ru-

195 2197 303 2223 dentem
318 2194 380 2221 dico
393 2200 447 2228 quo
457 2193 489 2220 ad
507 2195 614 2228 portum
629 2191 759 2226 religatur
771 2191 849 2218 navis
859 2211 866 2222 ,
879 2191 984 2225 magni-

195 2243 247 2270 lice
263 2240 338 2276 loqui
358 2247 412 2267 non
429 2243 554 2274 oportet.
571 2239 612 2265 sic
634 2245 685 2265 nec
705 2238 814 2265 divitem
833 2237 982 2265 secundum

195 2295 326 2319 carnem,
343 2286 500 2313 divitiarum
523 2284 659 2311 conlidere
679 2291 734 2310 non
761 2283 870 2318 expedit
892 2284 918 2309 in
945 2283 986 2310 in-

195 2340 272 2362 certo
283 2354 291 2366 .
307 2334 512 2361 obliviscentem
529 2338 590 2358 cum
605 2330 652 2365 qui
667 2329 734 2357 dicit
748 2339 754 2356 :
770 2329 863 2356 Finem
880 2329 985 2363 inspice

195 2382 285 2416 lougat
299 2380 377 2412 vitae;
396 2380 438 2407 sic
454 2385 504 2405 nec
519 2385 581 2405 eum
596 2377 643 2412 qui
660 2375 808 2403 virtutibus
829 2375 900 2402 bene
921 2382 986 2409 pro-

196 2428 252 2455 ficit
266 2431 293 2455 et
312 2425 526 2455 charismatibus
544 2423 734 2459 spiritualibus
753 2423 822 2449 bene
841 2422 943 2449 incedit
959 2427 985 2449 et

195 2473 285 2500 valide
298 2471 566 2504 crescit,antequam
591 2469 713 2504 requiem
739 2473 838 2503 portus
862 2468 985 2496 cmlestis

196 2518 334 2554 attigerit,
353 2516 491 2552 grandiori
506 2523 571 2543 voce
588 2515 628 2542 uti
647 2522 702 2541 non
723 2513 810 2541 decet.
833 2513 984 2540 Multorum

196 2564 270 2592 enim
287 2571 335 2599 per
349 2563 448 2590 ﬂuctus
464 2566 491 2590 et
508 2565 683 2596 tempestates
699 2560 784 2587 maris
797 2559 965 2587 salvatorum
977 2581 984 2592 ,

196 2602 266 2638 cum‘
277 2611 310 2637 ad
326 2614 419 2645 portus
434 2608 685 2644 appropinquarent
695 2626 702 2638 ,
720 2606 812 2633 subito
830 2606 856 2633 in
872 2606 984 2641 profun-

196 2656 261 2683 dum
275 2655 417 2682 submersa
435 2657 477 2681 est
491 2653 587 2686 navis;
601 2656 628 2679 et
646 2651 725 2678 multi
741 2651 768 2678 in
787 2651 985 2686 irreprelicnsi-

195 2700 299 2727 bilibus
316 2699 440 2726 maribus
459 2698 539 2733 digne
551 2698 687 2724 luctantes
701 2701 748 2723 aut
768 2696 909 2723 exercitati
933 2696 984 2723 visi

195 2750 270 2777 sunt,
283 2745 330 2780 qui
345 2745 491 2772 occasione
504 2743 620 2778 quadam
634 2742 686 2770 levi
703 2747 730 2769 et
740 2742 801 2769 visu
814 2741 886 2769 facili
903 2750 985 2777 expo-

196 2791 243 2819 siti
260 2791 405 2826 periclitati
419 2794 483 2816 sunt
493 2793 520 2817 et
533 2796 547 2815 a
562 2788 727 2817 beatitudine
742 2795 860 2823 superna
874 2788 984 2818 deiece-

233 2868 271 2899 (1)
291 2868 358 2895 Cod.
379 2868 572 2900 ἀναφάναντος.

866 120 1014 149 NICETAS
1033 121 1138 150 DAVID

1776 120 1833 150 812

1037 180 1113 216 ἱερᾶς
1127 180 1290 216 διακρίσεως
1305 179 1383 214 λόγος
1399 179 1518 207 ἀπαιτεῖ.
1541 180 1585 211 Ὠς
1600 179 1654 215 γὰρ
1671 179 1701 206 σὲ
1717 179 1829 213 δοξαζό-

1038 235 1118 262 μενον
1138 226 1279 260 φοὸεῖσϐαι
1298 226 1361 262 χρὴ,
1381 226 1419 262 μὴ
1441 226 1494 253 τῶν
1510 225 1629 253 ὲπαίνων
1651 225 1761 259 ἀνάξιος
1780 228 1829 253 καὶ

1035 272 1086 307 τῆς
1100 271 1178 308 δόξης
1189 272 1275 308 ὀφθῇς
1285 281 1292 287 ·
1307 272 1378 299 οὕτω
1394 273 1440 299 καὶ
1457 273 1489 299 σὺ
1500 271 1681 307 ἐγκωμιάζων
1694 272 1775 298 ἄλλον
1790 274 1826 307 μή

1035 318 1269 354 ἀπληροφορήτως
1293 319 1340 344 καὶ
1363 318 1526 354 προχείρως,
1552 318 1617 353 πρὶν
1639 318 1656 352 ἢ
1682 319 1717 353 τῇ
1745 318 1828 353 πείρᾳ

1036 364 1175 399 διαγνοίης
1186 364 1389 399 ἀκριϐέστερον,
1406 365 1445 396 είς
1458 365 1520 395 τοὺς
1535 365 1662 395 ἐπαίνους
1676 365 1826 399 καταστῇς,

1038 412 1136 446 μήπως
1153 410 1248 436 τούτου
1273 410 1372 442 κακίας
1392 410 1508 446 ἐργάτου
1529 410 1574 436 διὰ
1587 410 1632 436 τοῦ
1647 411 1746 446 χρόνου
1764 411 1830 437 ἁνα-

1037 457 1167 492 φανὲντος
1181 458 1230 493 (1),
1251 457 1382 493 αἰσχύνην
1399 457 1480 488 αὐτὸς
1490 457 1620 493 ὀφλήσῃς,
1635 457 1673 489 ὡς
1694 457 1828 493 ἀκαίρως,

1037 504 1054 531 ἃ
1071 504 1120 530 οὐκ
1133 504 1218 539 ᾔδεις,
1235 504 1391 539 μαρτυρῶν.

1039 549 1086 577 101
1109 548 1214 582 Κακῶς
1236 549 1359 576 ἀκούειν
1381 549 1525 582 κρεῖσσον
1548 547 1567 582 ἢ
1589 548 1691 583 λέγειν
1718 547 1829 580 κακῶς.

1072 594 1214 621 Λυσιτελεῖ
1239 594 1338 629 μᾶλλον
1355 594 1448 626 κακῶς
1465 594 1584 626 ἀκούειν,
1602 593 1678 620 εἶπεν
1701 595 1716 621 ὸ
1738 594 1829 629 ἆγιος,

1038 641 1085 667 καὶ
1097 640 1276 676 λοιδορεῖσθαι
1290 641 1337 667 καὶ
1352 641 1594 676 μωμοσκοπεῖσθαι
1614 642 1830 677 συμφορώτατον

1037 686 1054 722 ἢ
1074 686 1164 718 ἄλλοις
1176 686 1253 713 ταῦτ’
1269 686 1471 722 ἐπηρεάζεσθαι
1485 686 1554 722 πρὸς
1570 687 1660 722 ἡμῶν.
1677 687 1757 719 Τίνος
1771 688 1831 714 ἓνε-

1037 741 1105 766 κεν;
1132 733 1203 765 Ὅτι,
1218 734 1242 759 εἰ
1259 732 1308 767 μὲν
1327 733 1388 768 είκῆ
1405 733 1491 768 πάντη
1511 734 1557 760 καὶ
1572 733 1660 769 μάτην
1680 734 1715 760 δι’
1727 733 1832 769 ἀρετὴν

1038 779 1054 814 ἢ
1083 779 1224 806 εὐσέϐειαν
1247 782 1302 811 τοῖς
1330 779 1456 806 ἀσεϐέσιν
1485 779 1742 815 ὲνδιαῦαλλοίμεθα.
1773 780 1832 806 τῶν

1039 825 1211 851 Δεσποτικῶν
1227 826 1334 856 πάντως
1352 825 1534 860 μακαρισμῶν
1557 827 1602 853 καὶ
1621 827 1675 853 τῶν
1694 827 1833 862 οὐρανίων

1040 869 1143 904 μισθῶν
1162 870 1380 905 καταξιούμεθα·
1408 872 1430 897 εἰ
1453 871 1482 897 δὲ
1505 872 1658 903 πταίοντες,
1682 872 1768 905 ἀξίως
1790 869 1831 900 ὧν

1039 917 1194 952 πράττομεν
1213 916 1250 951 (Ξ)
1264 916 1460 952 ὀνειδιζόμεθα,
1474 918 1521 944 καὶ
1536 917 1622 950 οὕτως
1636 918 1831 954 ὠφελούμεθα,

1036 962 1069 988 τὰ
1090 962 1171 997 αἴσχη
1194 964 1253 994 ταῖς
1271 963 1382 998 ὕϐρεσιν
1400 963 1607 998 ἀποσμήχοντες
1624 964 1671 990 καὶ
1692 965 1831 1000 πλυνόμε-

1036 1016 1086 1034 νοι.
1103 1007 1203 1040 Κακῶς
1225 1008 1254 1035 δὲ
1274 1008 1399 1042 λέγοντες
1419 1009 1467 1036 καὶ
1483 1011 1538 1040 τοῖς
1553 1009 1636 1041 πέλας
1653 1009 1834 1045 διαλοιδορού-

1038 1062 1123 1088 μενοι,
1141 1055 1164 1080 εὶ
1189 1055 1237 1090 μὲν
1259 1055 1420 1089 φθονοῦντες
1452 1056 1468 1091 ἢ
1489 1056 1630 1091 μισοῦντες
1653 1056 1708 1083 τῶν
1727 1065 1832 1092 κατορ-

1037 1098 1154 1126 θούντων
1169 1100 1219 1135 τὴν
1233 1101 1344 1136 ἀρετὴν,
1357 1101 1443 1128 ἄθλιοι
1458 1102 1506 1129 καὶ
1519 1103 1689 1137 κατάκριτοι,
1705 1103 1742 1134 ὦς
1753 1112 1834 1135 τινας

1036 1144 1090 1171 τῶν
1108 1145 1215 1180 μικρῶν
1228 1145 1282 1172 τῶν
1304 1147 1390 1181 Ἰησοῦ
1408 1148 1590 1174 πιστευόντων
1605 1149 1832 1181 σκανδαλίζοντες

1037 1190 1224 1226 κριθησόμεθα
1236 1199 1242 1206 ·
1267 1192 1290 1218 εἰ
1312 1192 1340 1218 δὲ
1356 1193 1609 1229 κακοπραγοῦντας,
1626 1194 1709 1227 ἀξίως
1730 1195 1832 1226 αὐτοὺς

1036 1236 1166 1272 ψέγομεν,
1180 1238 1227 1264 καὶ
1240 1238 1351 1270 δικαίως
1371 1240 1595 1275 ἐπιμεμφόμεθα,
1616 1242 1630 1267 ὁ
1645 1241 1746 1273 σκοπὸς
1761 1241 1833 1268 πάν-

1036 1291 1090 1314 τως
1103 1283 1155 1309 ὐπὸ
1168 1283 1214 1310 τοῦ
1234 1284 1301 1311 Θεοῦ
1316 1284 1544 1321 διελεγχθήσεται.
1561 1287 1592 1313 Εί
1608 1287 1658 1321 μὲν
1674 1286 1740 1313 ὥστ’
1753 1288 1832 1314 ὲκεί-

1035 1337 1092 1360 νοις
1118 1329 1167 1364 μὲν
1190 1329 1234 1356 διὰ
1255 1329 1310 1357 τῶν
1339 1331 1457 1366 ἐλέγχων
1479 1332 1646 1367 διορθώσεως
1666 1332 1758 1359 δοῦναι
1780 1335 1832 1359 καὶ

1038 1375 1182 1410 μετανοίας
1194 1375 1263 1408 ὁδὸν,
1278 1377 1335 1408 τοῖς
1347 1378 1407 1412 μεθ’
1420 1377 1497 1412 ἡμῶν
1515 1378 1543 1404 δὲ
1559 1378 1608 1414 τὴν
1622 1379 1691 1414 πρὸς
1706 1380 1831 1412 ἐκείνους

1036 1421 1176 1447 ἐκκλεῖσαι
1197 1421 1338 1448 κοινωνίαν
1356 1423 1402 1449 τοῦ
1419 1423 1516 1455 κακοῦ,
1532 1424 1674 1451 ἀνεύθυνοι
1690 1425 1777 1456 οὓτως
1791 1425 1830 1452 ἂν

1037 1465 1084 1492 καὶ
1097 1466 1237 1501 ἄμεμπτοι
1253 1467 1429 1503 κριθείημενο
1456 1470 1480 1495 εί
1504 1469 1537 1502 δ’,
1567 1470 1610 1496 ἵνα
1626 1470 1710 1505 θυμὸν
1730 1470 1831 1504 ἄλογον

1038 1513 1084 1538 καὶ
1099 1514 1176 1547 μῖσος
1188 1513 1401 1549 Θεραπεύσωμεν
1411 1515 1531 1550 ἄκριτον,
1542 1515 1757 1551 κακολογοῦμεν,
1768 1516 1831 1548 πῶς

1038 1557 1071 1583 ἂν
1087 1558 1135 1593 τὴν
1153 1559 1202 1594 τῆς
1226 1559 1390 1592 καταλαλιᾶς
1405 1561 1422 1596 ἢ
1447 1561 1492 1587 τοῦ
1509 1561 1621 1597 πλησίον
1637 1562 1830 1597 κατακρίσεως

1037 1602 1231 1640 διαδράσαιμεν
1244 1604 1293 1640 τὴν
1313 1605 1433 1639 ἐλεγξιν;
1455 1605 1487 1632 Τί
1510 1603 1555 1633 οὖν
1573 1607 1716 1643 ποιητέον;
1742 1608 1830 1634 Ὅταν

1037 1657 1089 1681 τις,
1105 1651 1181 1686 φησι,
1207 1651 1331 1688 προϐάλῃ
1351 1651 1411 1679 τινὰ
1437 1652 1491 1679 τῶν
1505 1653 1619 1688 πλησίον
1639 1654 1680 1685 εἰς
1702 1653 1733 1680 τὸ
1750 1662 1831 1688 κωμ-

1036 1696 1138 1732 ῳδῆσαι
1155 1698 1202 1724 καὶ
1221 1697 1470 1734 διαλοιδορήσασθαι
1498 1699 1565 1735 πρὸς
1581 1700 1611 1726 τὸ
1636 1700 1760 1727 ἑστιᾶσαι
1779 1701 1830 1726 καὶ

1037 1742 1183 1776 καθηδύναι
1198 1752 1245 1770 σου
1268 1744 1315 1780 τὴν
1335 1745 1429 1780 ἀκοὴν,
1454 1745 1514 1771 τότε
1534 1746 1566 1772 σὺ
1591 1745 1621 1772 τὺ
1636 1745 1682 1772 τοῦ
1708 1745 1828 1780 ἀδελφοῦ

1037 1787 1181 1822 πρόσωπον
1198 1789 1236 1822 ὡς
1250 1789 1362 1816 σεαυτὸν
1378 1791 1417 1822 εἰς
1436 1791 1582 1826 κωμῳδίαν
1595 1792 1755 1826 ἐκκείμενον
1769 1792 1831 1819 δια-

1036 1834 1190 1869 νοούμενος,
1207 1836 1255 1862 καὶ
1270 1836 1383 1863 σεαυτὸν
1401 1837 1525 1864 κάκεῖνον
1542 1837 1704 1874 ὠφελήσεις,
1721 1839 1761 1874 τῷ
1776 1839 1830 1873 τῆς

1035 1879 1169 1916 λοιδορίας
1181 1881 1349 1918 δυσχεράνας
1363 1883 1444 1919 λόγῳ.

1038 1969 1089 1998 105
1104 1971 1208 2005 Μηδὲν
1215 1971 1280 2007 μέγ’
1290 1973 1377 2008 εἴπῃς
1389 1974 1528 2001 εὐπλοῶν
1540 1975 1596 2009 πρὸ
1607 1975 1782 2010 πείσματος.

1073 2050 1178 2086 Ὥσπερ
1193 2050 1232 2086 τῷ
1249 2051 1406 2079 εὐπλοοῦντι
1422 2053 1491 2080 κατὰ
1503 2053 1649 2087 θάλασσαν,
1660 2056 1684 2081 εί
1694 2056 1741 2082 καὶ
1755 2057 1827 2083 κατὰ

1037 2095 1101 2131 ῥοῦν
1116 2097 1190 2132 αὐτῷ
1214 2098 1404 2125 κατευθύνοιτο
1423 2099 1438 2134 ή
1460 2099 1537 2132 ναῦς,
1558 2100 1655 2136 ἀδήλου
1670 2101 1717 2128 τοῦ
1731 2102 1827 2133 τέλους

1036 2140 1122 2173 ὄντος,
1146 2142 1196 2168 οὐκ
1219 2143 1340 2177 ἀσφαλὲς
1364 2144 1394 2170 τὸ
1418 2144 1607 2180 μεγαλαυχεῖν,
1630 2146 1678 2172 καὶ
1701 2147 1754 2182 πρὸ
1778 2147 1826 2173 τοῦ

1039 2187 1199 2222 πείσματος,
1215 2187 1261 2214 τοῦ
1277 2189 1393 2224 σχοινίου
1405 2190 1476 2225 φημὶ
1489 2190 1521 2226 δὴ
1533 2190 1580 2217 τοῦ
1593 2191 1661 2226 πρὸς
1673 2191 1718 2218 τὸν
1729 2191 1827 2226 λιμένα

1038 2233 1067 2259 τὸ
1081 2234 1184 2268 σκάφος
1199 2235 1436 2271 προσορμίζοντος,
1451 2238 1700 2273 μεγαλοῤῥημονείν
1713 2239 1743 2265 οὐ
1754 2240 1807 2274 χρή
1818 2248 1826 2255 ·

1036 2279 1122 2311 οὕτως
1148 2280 1208 2307 οὐδὲ
1237 2281 1282 2308 τὸν
1311 2282 1476 2310 πλουτοῦντα
1500 2284 1570 2310 κατὰ
1594 2284 1693 2320 σάρκα,
1722 2287 1755 2321 τῇ
1778 2285 1826 2312 τοῦ

1037 2325 1154 2352 πλούτου
1169 2326 1210 2352 δεῖ
1225 2327 1383 2354 πεποιθέναι
1403 2328 1556 2364 ἀδηλότητι,
1582 2330 1826 2366 ἐπιλανθανόμενον

1036 2371 1083 2398 τοῦ
1103 2372 1242 2406 λέγοντος·
1259 2373 1341 2404 Τέλος
1361 2373 1412 2409 δρα
1435 2375 1541 2410 μακροῦ
1565 2375 1622 2409 βίου
1634 2385 1641 2391 -
1664 2375 1751 2407 οὕτως
1765 2376 1826 2403 οὐδὲ

1036 2419 1081 2445 τὸν
1093 2419 1122 2445 ὲν
1135 2419 1246 2454 ἀρεταῖς
1260 2419 1467 2455 εὐθηνούμενον,
1482 2421 1529 2447 καὶ
1544 2421 1693 2456 χαρίσμασι
1706 2430 1826 2457 πνευμα-

1036 2467 1121 2495 τικοῖς
1132 2466 1223 2492 εὐοδού
1228 2475 1318 2501 μενον,
1334 2467 1380 2492 καὶ
1397 2467 1647 2504 ἀναθάλλοντα,πρὸ
1661 2468 1711 2503 τῆς
1722 2469 1763 2501 είς
1781 2470 1826 2496 τὸν

1036 2513 1092 2540 ἄνω
1117 2513 1214 2548 λιμένα
1239 2514 1438 2545 καταπαύσεως
1467 2515 1732 2553 μεγαλορρημοσύνῃ
1756 2517 1823 2552 χρῆ-

1037 2558 1110 2585 σθαι.
1126 2558 1237 2590 Πολλοῖς
1250 2558 1303 2594 γὰρ
1327 2559 1359 2585 ὲκ
1371 2559 1519 2595 τρικυμίας
1536 2560 1582 2587 καὶ
1597 2561 1681 2597 ζάλης
1692 2561 1825 2589 διασεσω-

1037 2604 1146 2639 σμένοις
1158 2605 1203 2631 τοῦ
1219 2605 1362 2639 πελάγους,
1383 2606 1449 2641 πρὸς
1470 2606 1562 2638 αὐτοῖς
1579 2607 1705 2642 ἡγγικόσι
1718 2610 1774 2640 τοῖς
1787 2609 1824 2636 λι-

1038 2649 1125 2684 μέσιν,
1150 2650 1226 2684 ἇιρνω
1249 2650 1347 2676 κατέδυ
1361 2651 1391 2677 τὸ
1406 2651 1510 2685 σκάφος
1530 2653 1569 2683 εἰς
1586 2652 1665 2687 βυθόν
1677 2662 1683 2668 ⁸
1701 2653 1749 2680 καὶ
1767 2655 1823 2680 πολι

1035 2694 1090 2726 λοῖς
1113 2695 1141 2721 ἐν
1164 2695 1301 2731 ἀμέμπτῳ
1327 2696 1414 2723 δοκεῖν
1441 2698 1564 2733 πολιτείᾳ
1584 2699 1823 2735 ἀγωνιζομένοιςῆ

1036 2740 1230 2776 ἀσκουμένοις,
1255 2742 1284 2774 ἐξ
1310 2743 1398 2774 αἰτίας
1421 2743 1493 2774 τινος
1514 2743 1634 2778 ἀφανοῦς
1657 2744 1674 2780 ἢ
1706 2747 1824 2781 φανερᾶς

1035 2787 1253 2824 προδεδομένοις,
1270 2789 1440 2816 κινδυνεῦσαι
1454 2791 1502 2817 καὶ
1516 2791 1565 2827 τῆς
1588 2791 1643 2819 ἅνω
1661 2792 1815 2828 μακαριότη

1072 2868 1109 2902 (2)
1130 2868 1195 2896 Cod.
1215 2869 1296 2902 ἀξίως
1312 2869 1349 2896 ὢν
1367 2869 1465 2898 πράττ.
