1920 3046
76 161 132 189 813

76 227 125 251 τος
141 219 286 246 ἐκπεσεῖν·
310 218 443 252 ἀσφάλεια
465 218 492 245 δὲ
513 220 664 255 ἑκατέροις,
688 221 743 251 τοῖς
759 228 789 246 τε
818 220 867 255 τὴν

75 263 213 298 αἰσθητὴν
232 263 344 298 ταυτην).
358 263 504 296 θάλασσαν,
518 265 575 295 τοῖς
587 273 616 290 τε
633 264 683 300 τὴν
699 264 797 300 νοητὴν
813 263 870 290 δια-

77 308 198 343 περῶσι,
223 308 282 344 μία,
306 309 337 335 τὸ
358 308 499 342 φοϐεῖσθαι
521 309 564 335 ἀεὶ
581 310 628 336 καὶ
649 309 792 345 προσέχειν
813 310 871 336 ὲαυ-

76 357 148 388 τοῖς,
173 356 211 387 ὡς
238 356 306 391 μήτε
329 357 386 387 τοῖς
410 355 481 382 κατὰ
504 355 593 391 σάρκα
618 356 800 383 κινδυνεύουσι
820 356 870 388 τὰς

79 401 167 436 τύχας
188 401 341 433 ὀνειδίζειν,
368 401 435 437 μήτε
452 403 507 432 τοῖς
521 402 591 428 κατὰ
605 402 716 437 Πνεῦμα
734 402 780 428 τοῦ
803 402 868 428 Θεοῦ

82 448 286 483 ἁμαρτάνουσιν
296 448 342 474 καὶ
353 447 550 474 ἀποπίπτουσιν
560 448 778 483 ἐπιχαιρεκάκως
790 449 870 483 ἐπεμ-

80 494 188 521 ϐαίνειν
211 501 241 519 τε
266 494 314 520 καὶ
335 492 519 528 κατακρίνειν,
541 493 609 519 ἀλλὰ
631 494 692 524 ταῖς
717 493 870 528 δυστυχίαις

80 540 138 566 τῶν
155 539 241 571 πέλας
256 539 302 565 καὶ
319 541 379 571 ταῖς
397 541 550 574 συμφοραῖς
563 539 715 575 τρέμοντας
733 539 780 566 καὶ
793 539 869 574 φρίσ-

81 593 180 616 σοντας
195 585 307 616 ἑαυτοὺς
321 584 579 620 κατασφαλίζεσθαι.

81 651 134 679 109
153 651 303 686 Κρεῖσσον
319 652 417 685 καλῶς
430 652 568 684 βιοῦντα,
586 661 612 679 κ.
628 660 653 679 τ.
671 654 695 679 λ.

117 708 242 735 Ἤκουσα
254 708 345 740 καλῶς
361 709 488 743 βιούντων
500 709 547 735 καὶ
559 709 641 741 ἀξίως
655 709 868 745 πολιτευομένων

78 753 150 781 Θεοῦ
167 755 315 790 προφητῶν
334 755 381 782 καὶ
394 755 498 782 πολλῶν
511 756 595 790 ἁγίων
613 756 683 791 ὑπέρ
697 764 727 782 τε
740 755 790 790 τῆς
809 756 869 782 ὲαυ-

79 800 136 827 τῶν
162 801 299 836 πτωχείας
319 802 366 828 καὶ
388 801 587 837 ταλαιπωρίας,
599 802 669 838 ὑπέρ
691 811 721 828 τε
745 804 794 837 τῆς
815 802 868 829 τῶν

79 846 205 881 πενήτων
222 846 448 878 ιαταδυναστείκ
472 848 519 874 καὶ
539 847 664 882 θλίψεως,
690 844 724 883 ἦς
747 847 799 874 ὑπὸ
814 847 868 873 τῶν

78 891 247 918 ἀδικούντων
263 892 361 924 αὐτοὺς
383 893 558 928 ὑπομένουσι,
581 893 805 928 διαπονουμένους
828 894 867 920 ὃτι

79 937 210 972 μάλιστα,
225 938 271 964 καὶ
283 938 545 972 ἀποδυσπετοῦντας,
561 939 665 974 καὶτῆς
679 939 869 975 μακροθυμίας

77 982 147 1008 Θεοῦ
173 982 445 1016 καταγογγύξοντας·
474 983 584 1018 ἑώρακα
607 983 635 1010 δὲ
663 984 758 1015 ἄλλους
786 985 869 1010 πᾶσιν

77 1027 324 1062 ἐνευθηνουμένους
356 1028 402 1055 τοῦ
437 1029 496 1064 βίου
523 1029 570 1055 καὶ
601 1029 869 1060 κατασπαταλῶντας

77 1073 201 1107 ἀγαθοῖς,
217 1074 292 1101 οὐδὲν
303 1074 330 1100 δὲ
341 1074 440 1109 ἀρετῆς
453 1075 469 1110 ἢ
483 1075 690 1110 εὐαρεστήσεως
700 1075 774 1107 ἄξιον
789 1083 869 1101 κατα-

77 1119 284 1154 πραττομένους
300 1120 347 1146 τοῦ
362 1120 440 1152 Θεοῦ,
459 1121 529 1157 πλὴν
542 1122 570 1148 ἐν
585 1122 666 1148 παντὶ
681 1121 868 1156 εὐχαριστοῦν-

77 1174 130 1197 τας
152 1166 200 1192 καὶ
223 1165 483 1202 ὲξομολογουμὲνους
505 1166 545 1202 τῷ
564 1168 671 1203 Κυρίῳ,
683 1167 746 1194 ὃταν
771 1167 870 1201 ἀγαθό-

77 1220 190 1238 νωνται.
214 1213 348 1248 Κρεῖσσον
371 1210 418 1239 οὖν
437 1214 460 1249 (ὁ
482 1213 532 1249 τῆς
548 1214 714 1249 διακρίσεως
735 1212 871 1246 ἀπεφθέγ-

78 1257 144 1290 ξατο
155 1259 289 1294 φωστὴρ),
301 1259 389 1291 καλῶς
404 1259 450 1286 καὶ
463 1260 639 1296 ἁγιοπρεπῶς
651 1259 868 1295 πολιτευόμενον,

79 1303 129 1329 καὶ
149 1302 200 1338 βίῳ
218 1303 326 1339 ἀμώμῳ
348 1305 542 1339 πορευόμενον,
561 1305 656 1340 μικρόν
670 1313 695 1331 τι
717 1304 870 1340 παρρησιὰ-

78 1349 176 1380 ζεσθαι
196 1349 240 1375 διὰ
257 1349 306 1385 τὴν
323 1350 444 1386 πύρωσιν
467 1350 520 1377 τῶν
538 1351 663 1386 θλίψεων,
682 1351 729 1377 καὶ
750 1350 866 1385 μετρίως

79 1402 140 1425 πως
153 1394 200 1420 ἐπὶ
216 1395 272 1426 τοῖς
289 1395 404 1430 κρίμασι
419 1395 465 1421 τοῦ
483 1395 549 1422 Θεοῦ
562 1395 759 1430 διαγογγύξειν,
776 1395 791 1430 ἦ
810 1395 867 1423 τοῖς

78 1438 173 1473 ἔργοις
188 1441 238 1474 τῆς
260 1440 395 1475 ἀκρασίας
413 1440 459 1467 καὶ
485 1440 639 1472 πλεονεξίας
660 1441 706 1466 καὶ
724 1439 866 1473 ἀσελγείας

576 159 609 187 IN
633 158 786 188 CARIIINA
806 159 946 190 ARCANA
980 161 1009 187 ὃ.
1041 161 1220 189 .GREGORH.

1653 168 1703 195 8H

922 223 994 246 runt.
1017 220 1142 256 Utrisque
1162 227 1282 249 tutamen
1298 227 1357 255 est,
1376 227 1403 252 et
1420 224 1454 252 iis
1471 225 1517 260 qui
1534 225 1662 254 sensibile
1678 231 1705 254 et

922 265 956 292 iis
969 265 1016 300 qui
1032 267 1174 301 spirituale
1194 271 1364 295 transmeant
1389 277 1473 302 mare,
1482 271 1578 298 timere
1597 279 1707 306 semper

922 315 948 338 et
962 311 1015 339 sibi
1034 311 1257 348 circumspicere,
1268 314 1366 341 exinde
1382 322 1432 341 nec
1446 316 1664 350 periclitantibus
1678 318 1705 344 in

921 362 1002 383 carne
1014 364 1095 384 casus
1111 359 1287 391 exprobrare,
1305 366 1355 386 nec
1369 359 1501 388 adversus
1514 360 1643 395 Spiritum
1659 363 1705 389 Dei

921 403 1096 436 peccantibus
1120 407 1147 430 et
1164 403 1322 432 cadentibus
1332 405 1453 440 improbe
1472 406 1557 434 laetari
1576 412 1602 433 et
1618 407 1707 435 insul-

922 451 979 474 tare
996 449 1190 481 accusatione;
1208 449 1255 476 sed
1271 450 1305 476 de
1325 450 1527 479 calamitatibus
1545 453 1662 486 proximi
1679 457 1708 480 et

921 491 1081 520 infortuniis
1099 498 1253 522 metuentes
1269 501 1296 522 et
1312 496 1441 524 timentes
1456 504 1506 525 nos
1528 497 1554 523 in
1574 501 1632 525 tuto
1649 501 1707 525 sta-

920 540 997 564 tuere
1014 543 1130 572 oportet.

922 646 971 674 109
992 647 1108 674 Prwstnt
1128 648 1190 675 bene
1209 650 1341 678 viventem.

954 703 1052 730 Audivi
1075 705 1144 732 bene
1164 706 1288 734 viventes
1303 712 1328 733 et
1346 707 1427 742 digne
1444 713 1556 743 agentes
1574 709 1619 736 Dei
1644 719 1707 745 pro-

920 749 1015 784 phetas
1033 755 1058 776 et
1074 756 1185 778 sanctos
1201 753 1300 780 multos
1317 754 1350 781 de
1364 759 1523 789 paupertate
1544 759 1571 783 et
1594 757 1706 784 miseria

919 795 1029 830 propria
1041 815 1048 827 ,
1071 801 1098 823 et
1120 797 1154 824 de
1179 805 1328 832 pauperum
1347 801 1526 834 oppressione
1543 805 1570 829 et
1589 802 1705 829 tribula-

920 843 995 869 tione
1010 850 1070 877 qua:
1084 843 1117 870 ah
1135 844 1246 878 injustis
1264 846 1497 880 sustinent,quam
1517 848 1633 876 maxime
1650 849 1706 876 las-

921 892 996 915 satos
1011 889 1110 923 πενίης
1126 889 1243 917 ferentes
1261 897 1287 918 et
1303 892 1337 918 de
1350 892 1553 926 longanimitate
1572 893 1618 921 Dei
1633 903 1706 922 mur-

922 938 1072 962 murantes.
1088 935 1148 962 Vidi
1161 940 1189 963 et
1204 937 1273 963 alios
1287 937 1414 964 onmibus
1428 938 1455 964 in
1468 940 1521 965 vita
1537 939 1707 967 abundantes

920 984 948 1006 et
961 979 1040 1008 bonis
1056 981 1203 1014 etl‘ocatos,
1220 982 1287 1009 nihil
1303 991 1367 1010 vero
1382 984 1482 1011 virtute
1495 989 1521 1011 et
1536 984 1707 1020 beneplacilo

922 1024 968 1051 Dei
984 1025 1096 1060 dignum
1116 1025 1249 1054 facientes
1266 1028 1317 1054 nisi
1334 1028 1406 1062 quod
1422 1028 1449 1055 in
1466 1030 1541 1056 omni
1559 1037 1588 1057 re
1605 1032 1706 1065 gratias

919 1076 1004 1105 agunt
1017 1076 1043 1098 et
1060 1071 1154 1099 laudes
1171 1072 1300 1102 Domino.
1326 1081 1386 1100 cum
1414 1076 1591 1103 cumulantur
1615 1077 1705 1104 bonis.

919 1115 1015 1143 Melius
1031 1124 1096 1151 ergo
1106 1137 1113 1149 ,
1130 1117 1197 1144 dicit
1209 1118 1304 1152 judicii
1317 1120 1377 1152 lux,
1391 1121 1492 1154 optime
1507 1125 1534 1148 et
1546 1122 1627 1157 digne
1641 1131 1706 1150 san-

920 1162 972 1189 ctis
998 1162 1133 1190 viventem
1158 1168 1185 1191 et
1208 1164 1465 1199 irreprchcnsibiles
1487 1167 1545 1194 dies
1564 1167 1706 1203 degentem

918 1210 1021 1234 temere
1045 1209 1186 1243 paululum
1213 1217 1357 1245 erumpere
1383 1216 1495 1246 propter
1518 1213 1706 1241 tribulationis

917 1257 1015 1280 :estum
1031 1258 1132 1281 etcum
1148 1255 1336 1284 moderatione
1357 1258 1475 1291 quadam
1488 1258 1521 1286 de
1536 1258 1582 1286 Dei
1596 1259 1707 1294 judiciis

919 1305 1094 1327 murmurare
1104 1320 1111 1333 ,
1130 1308 1211 1336 quant
1226 1302 1355 1336 operibus
1370 1302 1588 1337 intemperantia:
1607 1307 1633 1330 et
1648 1312 1706 1331 am—

920 1344 1033 1372 bitionis
1059 1351 1085 1373 et
1102 1347 1222 1375 lasciviae
1238 1349 1327 1376 omnis
1343 1349 1534 1377 incumbentes
1558 1356 1586 1377 et
1608 1358 1637 1378 se
1657 1351 1705 1377 de-

920 1391 1070 1422 lectantes.
1098 1401 1193 1427 poenas
1215 1394 1243 1420 in
1268 1394 1311 1421 die
1332 1395 1428 1429 judicii
1446 1395 1529 1432 dare,
1549 1396 1612 1424 licet
1638 1397 1706 1424 nihil

921 1437 1108 1465 irrationabile
1123 1443 1251 1473 operatos
1268 1439 1353 1467 fuisse
1370 1440 1547 1468 arbitrentur.

78 1487 171 1520 πάσης
192 1487 371 1522 σχολάζοντας
395 1488 443 1514 καὶ
465 1487 627 1521 θάλλοντας,
644 1489 721 1520 δίκας
737 1489 766 1514 ὲν
784 1486 877 1522 ἡμέρα
901 1483 1017 1518 κρίσεως
1033 1485 1224 1518 ἁποτιννύναι,
1240 1486 1264 1512 εί
1284 1487 1329 1512 καὶ
1345 1487 1426 1522 μηδὲν
1448 1487 1551 1522 ἀλόγως
1572 1488 1705 1523 νομίζοιεν

79 1532 256 1567 ἐργάζεσθαι.

78 1590 133 1617 115
152 1590 250 1623 Πρόου
265 1590 300 1617 τὰ
314 1591 412 1618 πάντα
427 1592 477 1619 καὶ
495 1592 568 1619 Θεὸν
583 1591 692 1626 κτῆσαι
708 1592 813 1626 μόνον.

113 1646 198 1681 Τρεῖς
211 1646 300 1679 τάξεις
314 1647 367 1674 τῶν
380 1648 427 1674 ἐπὶ
441 1648 479 1684 τῷ
493 1647 640 1683 σωματικῷ
652 1648 758 1683 πλούτῳ
772 1649 818 1675 καὶ
831 1649 863 1683 τῇ

75 1691 135 1717 τῶν
152 1692 300 1727 χρημάτων
316 1693 457 1728 οἰκονομίᾳ
481 1693 701 1728 δοκιμαζομένων
724 1695 738 1720 ὁ
760 1693 867 1728 θαυμά-

79 1746 140 1769 σιος
163 1738 328 1765 ἐπιδείκνυσι
347 1739 512 1775 Γρηγόριος·
539 1739 650 1775 πρώτην
675 1740 734 1774 μὲν,
757 1740 804 1766 καὶ
823 1747 866 1765 τε-

77 1783 167 1814 λείαν,
184 1783 230 1810 καὶ
246 1785 358 1817 τελείοις
378 1785 578 1820 προσήκουσαν,
591 1785 620 1812 τὸ
634 1785 723 1812 πάντα
736 1785 865 1821 προέσθαι

79 1831 128 1858 καὶ
154 1830 315 1865 προπέμψαι
340 1831 375 1857 τὰ
395 1831 531 1867 προσόντα
552 1831 611 1866 Θεῷ
627 1831 671 1858 διὰ
687 1831 804 1867 Χριστὸν
820 1833 867 1858 καὶ⁴

77 1879 130 1914 τὴν
146 1877 266 1912 ἐντολὴν,
281 1876 351 1903 ὥστε
375 1876 469 1903 τοῦτον
491 1877 713 1912 κατακτήσασθαι
733 1877 781 1903 καὶ
793 1877 867 1912 αὐτῷ

83 1925 157 1960 μόνῳ
181 1923 309 1958 καθαρῶς
333 1922 399 1958 ζῇν⁵
421 1922 547 1958 ἀλλότρια
561 1923 616 1958 γὰρ
630 1922 662 1949 τά
685 1931 715 1949 τε
737 1924 867 1958 χρήματα

80 1971 128 1998 καὶ
152 1972 290 2006 κτήματα,
315 1969 352 2001 ὡς
375 1968 474 2001 ἔξωθεν
499 1969 577 2004 ἡμῶν
599 1969 645 1995 καὶ
670 1969 719 2003 οὑχ
747 1969 867 2004 ἡμέτερα

79 2015 176 2050 ὥσπερ
193 2015 222 2040 τὸ
236 2014 327 2049 σῶμα.
344 2013 412 2040 ἀλλὰ
427 2013 490 2049 περὶ
505 2014 580 2048 ἡμᾶς
593 2014 666 2046 ὄντα,
682 2010 719 2040 ὧν
732 2014 868 2048 οἰκονόμοι

79 2060 129 2086 καὶ
153 2058 280 2094 μερισταὶ
303 2058 512 2093 καθεστήκαμεν
535 2059 630 2093 ἡμεῖς·
656 2059 796 2085 κάλλιστον
819 2059 868 2094 μὲν

79 2103 139 2137 οὖν,
166 2104 214 2131 καὶ
241 2104 454 2139 θεοφιλέστατον,
472 2104 519 2130 καὶ
539 2103 650 2136 τέλειον,
676 2104 783 2131 ἅπαντα
806 2113 868 2139 προ-

78 2150 176 2181 δόντας
193 2149 289 2181 ταῦτα,
310 2148 383 2185 μόνῳ
395 2149 518 2175 πλουτεῖν
532 2149 578 2175 καὶ
590 2149 802 2184 ἀπερισπάστως
817 2148 867 2184 ζῇν

78 2195 120 2231 τῷ
140 2195 210 2230 Θεῷ.
227 2195 347 2230 Δευτὲρα
357 2194 386 2220 δὲ
397 2193 484 2226 τάξις,
495 2193 529 2220 τὰ
542 2193 626 2220 πλείω
640 2194 730 2220 δοῦναι
747 2194 794 2221 καὶ
806 2194 867 2220 καλ-

78 2241 141 2273 λίω,
167 2241 201 2266 τὰ
226 2240 329 2266 ἐλάττω
352 2240 381 2266 δὲ
405 2240 453 2266 καὶ
470 2240 554 2274 χείρω
571 2241 630 2271 ταῖς
650 2239 746 2266 ἑαυτοῦ
763 2239 868 2274 χρείαις

80 2285 314 2322 προσπορίξεσθαι
337 2285 482 2312 καὶτοῦτο
513 2286 672 2312 ἐπαινετόν
703 2285 813 2316 εὐσεϐὲς
837 2285 865 2311 δὲ

79 2333 129 2359 καὶ
157 2329 238 2368 ἦττον
263 2331 479 2366 φιλανθρώπινον
505 2331 557 2358 κὰν
581 2332 638 2362 τοῖς
665 2330 868 2366 περιττεύουσιν

78 2376 212 2407 εὐσεϐεῖν,
230 2376 277 2402 καὶ
295 2375 344 2410 τὴν
361 2375 532 2411 χρηστότητα
550 2375 626 2410 δρᾷν,
644 2375 691 2401 καὶ
707 2375 737 2401 τὸ
757 2375 869 2410 μεγαλό-

78 2423 166 2457 ψυχον
185 2421 290 2452 τούτοις
308 2421 510 2448 ἐπιδείκνυσθαι
522 2429 529 2437 ⁸
547 2420 577 2446 τὸ
589 2420 617 2446 δὲ
636 2421 686 2447 κάν
706 2422 762 2452 τοῖς
780 2429 869 2456 περιτ-

78 2469 138 2498 τοῖς
155 2466 284 2502 φειδωλὸν
301 2464 370 2492 εἶναι
387 2467 433 2492 καὶ
443 2466 564 2500 γνίφωνα
579 2466 626 2491 καὶ
645 2465 820 2500 μικρόψυχον,
832 2464 868 2496 ὡς

79 2513 121 2545 εἰς
145 2512 246 2547 χρυσὸν
262 2511 334 2538 αὐτὰ
348 2512 509 2546 διαμείΰειν,
529 2511 577 2537 καὶ
600 2511 811 2545 καταχωννύειν,
832 2510 869 2541 ὡς

78 2557 141 2583 λίαν
164 2556 273 2589 ἀσεϐὲς,
298 2556 345 2583 καὶ
367 2557 588 2591 ἀπανθρὼπινον,
609 2556 655 2582 καὶ
673 2556 752 2592 ἔργον
767 2556 870 2582 εἰδωλο-

78 2602 219 2637 λατρείας,
243 2602 315 2628 κατὰ
336 2602 382 2628 τὸν
401 2601 577 2634 Ἀπόστολον,
598 2602 643 2628 καὶ
662 2602 712 2636 τῆς
735 2602 781 2628 τοῦ
801 2602 869 2628 Θεοῦ

80 2647 221 2683 βασιλείας
236 2648 391 2684 ἀλλοτριοῦν
408 2647 574 2674 ἱκανώτατον
590 2647 630 2679 ὃν,
648 2647 868 2683 παρεσιώπησεν.

81 2705 132 2732 H7
147 2704 251 2731 Καλόν
264 2712 291 2730 τι
307 2704 408 2737 θητῶν
422 2702 557 2737 ἁρπάσαι
573 2703 622 2729 καί
639 2703 691 2730 τοῦ
709 2704 831 2737 φθόνου.

115 2793 203 2820 Τοῖτο
217 2792 300 2819 καλὸν
312 2792 360 2818 καὶ
370 2791 423 2818 τῶν
438 2791 528 2818 καλῶν
542 2791 694 2823 κάλλιστον,
710 2791 763 2818 τῶν
775 2800 804 2818 τε
820 2800 867 2826 ση-

78 2840 132 2867 τῶν
144 2838 318 2874 ὑφαρπάζειν
326 2837 371 2864 τὸν
387 2837 501 2864 πλοῦτον
516 2837 562 2864 καὶ
581 2837 627 2863 τοῦ
645 2837 757 2871 φθόνου,
771 2838 814 2871 ὑφ’
829 2835 866 2864 ὧν

77 2888 184 2918 ικεῖνος
190 2886 296 2921 πέφυκε
305 2885 506 2922 διαφθείρεσθαι
521 2885 566 2913 καὶ
576 2884 713 2912 ὅλλυσθαι·
726 2885 864 2920 φθείρεται

921 1589 972 1616 “5
989 1588 1094 1623 Projice
1110 1588 1197 1614 omnia
1214 1593 1239 1614 et
1257 1589 1341 1615 Deum
1355 1590 1461 1622 posside
1478 1590 1574 1616 solum.

956 1645 1023 1672 Tres
1046 1653 1114 1672 usus
1136 1652 1227 1671 rerum
1251 1652 1311 1679 qua:
1339 1645 1366 1672 in
1390 1645 1493 1674 divitiis
1519 1648 1706 1683 corporalibus

917 1697 944 1718 et
966 1691 1102 1718 bonorum
1129 1690 1335 1725 dispensatione
1358 1692 1538 1723 aestimantur.
1566 1695 1706 1721 mirandus

918 1737 1039 1764 ostendit
1064 1736 1224 1771 Gregorius.
1251 1736 1360 1764 Primus
1384 1742 1411 1764 et
1434 1738 1570 1772 perfectus
1593 1746 1619 1766 et
1641 1748 1705 1774 per-

917 1782 994 1810 fectis
1012 1786 1157 1814 assuetus,
1176 1782 1268 1809 omnia
1285 1782 1419 1817 projicere
1436 1787 1464 1810 et
1482 1785 1638 1819 relinquere
1660 1794 1705 1813 su-

917 1827 1020 1863 perflua
1046 1832 1157 1862 propter
1180 1827 1319 1854 Christum
1337 1832 1364 1855 et
1381 1829 1538 1856 mandatum
1565 1831 1643 1865 ejus,
1667 1831 1703 1858 ita

918 1879 948 1900 ut
961 1882 1024 1901 eum
1046 1874 1238 1908 possideamus
1266 1879 1290 1901 et
1317 1875 1367 1909 ipsi
1394 1875 1444 1902 soli
1469 1883 1535 1910 pure
1560 1877 1704 1908 vivamus;

918 1919 1005 1946 aliena
1019 1919 1091 1946 enim
1106 1925 1133 1946 et
1146 1919 1217 1946 bona
1229 1924 1255 1946 et
1269 1926 1397 1954 possessa
1408 1921 1487 1954 quasi
1499 1920 1579 1947 nobis
1591 1925 1704 1948 externa

919 1969 946 1992 et
961 1973 1015 1992 non
1033 1970 1126 1992 nostra
1143 1965 1214 1992 sicut
1229 1973 1344 1999 corpus,
1359 1965 1407 1992 sed
1424 1966 1497 1993 circa
1514 1974 1565 1994 nos
1582 1971 1703 1997 versata,

919 2019 1036 2046 quorum
1050 2011 1289 2038 administratores
1304 2015 1331 2038 et
1347 2011 1548 2045 dispensatores
1563 2013 1703 2039 constituti

919 2063 1024 2084 sumus.
1042 2055 1179 2090 Optimum
1195 2061 1237 2083 est
1252 2063 1317 2091 ergo
1333 2061 1360 2083 et
1377 2056 1431 2084 Deo
1446 2057 1574 2092 placitum
1592 2063 1619 2084 et
1642 2065 1705 2092 por-

917 2104 1035 2134 rectum,
1059 2103 1188 2129 omnibus
1209 2103 1269 2130 istis
1293 2103 1424 2137 ahjeclis,
1447 2103 1498 2130 soli
1517 2103 1571 2131 Deo
1595 2104 1704 2131 divitem

919 2158 982 2178 esse
1002 2154 1028 2177 et
1047 2149 1161 2176 ﬁrmiter
1178 2149 1277 2176 vivere.
1301 2149 1445 2178 Secundus
1462 2158 1529 2178 usus
1546 2150 1624 2185 plura
1640 2149 1706 2176 dare

917 2200 944 2223 et
961 2195 1133 2230 pulchriora,
1150 2199 1177 2222 et
1192 2195 1300 2222 minora
1324 2195 1472 2231 pejoraque
1493 2196 1705 2223 necessitatibus

919 2240 977 2267 suis
992 2240 1044 2267 sibi
1058 2241 1176 2267 retinere
1187 2259 1193 2270 ,
1209 2240 1262 2267 hoc
1275 2244 1303 2267 et
1317 2240 1462 2267 laudabile.
1479 2239 1556 2267 Pium
1575 2245 1663 2268 autem
1678 2245 1706 2267 et

921 2286 1012 2313 minus
1028 2294 1092 2320 erga
1117 2285 1243 2313 homines
1266 2286 1417 2313 beneficum
1439 2287 1472 2314 de
1494 2286 1639 2321 superﬂuis
1661 2287 1705 2322 pie

917 2338 998 2365 agere
1022 2335 1048 2358 et
1070 2330 1287 2357 misericordiam
1313 2331 1421 2365 operari
1448 2334 1474 2357 et
1501 2331 1703 2366 magnanimum

918 2384 948 2403 se
961 2376 1114 2404 ostendere.
1131 2376 1182 2403 Sed
1197 2377 1230 2404 de
1243 2376 1389 2410 superﬂuis
1403 2384 1517 2411 parcum
1530 2384 1591 2404 esse
1602 2382 1629 2404 et
1640 2384 1705 2404 ava-

919 2430 978 2450 rum
994 2427 1022 2450 et
1044 2423 1135 2450 tenuis
1159 2422 1258 2453 animi,
1274 2422 1310 2449 ita
1327 2427 1355 2449 ut
1369 2422 1415 2449 illa
1430 2422 1457 2448 in
1473 2429 1570 2448 aurum
1595 2426 1704 2449 muten—

919 2472 963 2494 tur
977 2471 1004 2494 et
1021 2467 1365 2502 abstrudantur,tanquam
1384 2468 1465 2494 nimis
1486 2467 1598 2502 impium
1611 2472 1637 2494 et
1655 2469 1705 2494 lm-

919 2513 1042 2540 mauitati
1055 2514 1211 2548 oppositum
1227 2518 1253 2540 et
1272 2513 1431 2540 idololatria:
1444 2521 1523 2547 opus,
1534 2513 1612 2548 juxta
1631 2514 1704 2548 Apo-

919 2561 1019 2588 stolum
1036 2565 1063 2587 et
1077 2561 1154 2588 valde
1170 2565 1261 2595 aptum
1279 2561 1312 2587 ad
1328 2559 1500 2587 alienandum
1515 2567 1530 2586 a
1543 2559 1589 2587 Dei
1605 2567 1703 2595 regno,

919 2607 970 2634 sub
985 2606 1096 2634 silentio
1113 2607 1296 2640 praetermisit.

923 2705 973 2732 H7
995 2704 1161 2732 Praeclarum
1178 2710 1215 2731 est
1233 2705 1334 2740 ahquid
1351 2705 1478 2732 vermibus
1495 2709 1518 2731 et
1534 2705 1640 2775 ἱηιιίῖίίίη
1654 2714 1705 2732 err-

1599 2749 1667 2773 pere.

1599 2749 1667 2773 pere.

956 2795 1101 2822 Pulchrum
1129 2795 1194 2823 illud
1224 2800 1250 2822 et
1283 2796 1459 2830 pulchrorum
1489 2795 1703 2830 pulcherrimum

920 2841 1054 2867 vermium
1072 2839 1214 2875 subripere
1239 2841 1349 2869 divitias
1374 2846 1400 2868 et
1424 2841 1550 2872 invidiat,
1574 2849 1622 2876 per
1644 2849 1705 2877 qua:

921 2886 1081 2915 naturaliter
1096 2887 1196 2915 divitia:
1213 2891 1426 2923 corrumpuntur
1447 2893 1472 2916 et
1487 2893 1610 2923 pereunt.
1634 2888 1705 2916 Cor-
