1920 3046
223 154 275 182 815

223 218 390 248 rumpuntur
414 221 461 249 per
490 220 613 246 vermes,
637 220 808 248 qua‘cunque
834 213 959 240 mortalia
985 217 1012 240 et

224 260 411 296 putrescibilia
435 264 460 287 et
486 259 696 294 corruptibilia,
723 267 771 294 per
791 258 924 286 invidiam
948 266 1014 286 vero

223 306 392 341 diripiuntur
405 310 432 332 et
449 309 566 340 pereunt
580 312 676 332 aurum
694 310 722 332 et
737 309 879 340 argentum
897 310 924 332 et
937 312 1013 340 quaa-

223 360 330 387 cuuque
346 352 505 379 naturaliter
519 351 561 378 vix
577 355 802 386 corrumpuntur.
815 350 918 377 Bonqu
932 350 1013 385 igitur

223 398 371 432 praevenire
400 396 510 423 Christo
541 396 716 428 fenerantetn,
737 400 765 422 et
795 395 885 430 ipsum
918 395 1012 430 potius

221 444 371 470 debitorem
401 442 500 469 habere
528 441 637 477 expedit
667 441 753 476 magis
787 448 869 476 quam
913 448 1010 468 omnes

221 489 315 517 mundi
342 489 451 516 divitias
480 489 667 524 possidentem
704 487 799 515 videri.
823 487 949 515 Christus
972 487 1012 515 sic

221 536 363 572 magnitice
387 534 556 563 feneratores
584 542 650 561 suos
674 541 851 560 renumerare
870 533 963 564 novit,
982 538 1012 559 ut

220 588 247 609 et
263 582 394 609 malorum
412 588 525 615 regnum
551 580 605 608 illis
630 580 677 615 qui
703 588 764 607 eum
786 579 839 606 ﬁde
859 578 1011 614 iragmento

221 627 300 662 panis
317 627 485 654 Salvatorem
503 626 650 657 nutriunt,
678 625 835 658 retribuat;
859 633 910 652 nec
934 632 1011 660 aqua:

220 673 325 708 frigidas
339 678 432 708 potum
450 672 509 699 sine
527 672 652 698 mercede
669 679 732 698 esse
749 672 820 706 apud
837 671 927 706 ipsum
944 678 1010 698 con-

220 718 358 744 ﬁdentiam
374 717 422 743 tibi
439 716 534 743 atl'erat
549 716 629 743 vidua
653 716 688 743 ob
707 716 761 743 duo
783 716 882 748 obola,
899 724 959 752 qute
982 716 1009 744 in

220 763 378 790 thesaurum
394 761 603 793 misit,laudata.
623 761 767 794 Quomodo
792 761 884 797 igitur,
902 762 1008 796 inquit.

219 808 404 835 fenerabimur
416 807 526 836 Christo
539 812 566 835 et
579 807 635 834 Deo
645 811 673 834 et
686 807 787 834 nullius
800 807 929 842 indigenti
941 812 967 835 et
981 808 1007 834 iu

219 853 296 882 caelis
312 853 345 880 ad
362 853 504 881 dexteram
520 853 609 881 Patris
632 853 735 881 sedenti
749 854 760 880 ’ἐ
782 852 941 886 Christum,
964 861 1008 880 re-

185 930 188 931 ,
218 899 336 934 spondet
355 899 403 926 tibi
425 899 579 934 theologice
594 898 628 926 de
644 906 676 926 eo
695 902 818 925 tractans
831 918 838 930 ,
855 903 882 925 et
900 898 1002 931 vestis,

219 950 246 973 et
263 946 370 979 nutris,
388 950 415 973 et
430 946 535 980 potioni
559 945 676 977 invitas,
701 950 728 972 et
751 945 825 971 omni
851 944 1007 971 misericor-

217 992 262 1019 dia
278 991 384 1024 donas,
405 999 475 1027 opus
495 992 550 1019 tale
572 992 697 1026 praebens
721 984 795 1026 erga'
810 997 956 1026 pauperem
981 994 1008 1017 et

218 1047 303 1073 t‘genll
308 1046 333 1065 m
338 1059 345 1066 .

218 1085 266 1111 121
280 1084 387 1119 Pauper
401 1083 528 1115 accessit,
542 1082 637 1110 deinde
646 1082 712 1109 abiit
723 1091 767 1117 spe
779 1083 934 1117 frustratus.

253 1130 316 1157 Haec
330 1129 440 1164 quidem
459 1129 713 1164 interpretationem
731 1129 885 1156 evidentem
905 1128 1007 1155 habent

218 1176 320 1209 verba;
337 1183 387 1203 nec
410 1181 501 1203 tamen
523 1182 757 1210 supervacaneum
783 1179 849 1209 puto
866 1174 1006 1209 paululum

217 1223 252 1250 de
269 1223 312 1249 his
327 1222 488 1249 conversari
503 1230 510 1254 ;
529 1228 647 1255 namque
661 1221 743 1247 etiam
763 1220 816 1247 title
832 1220 945 1247 minima
957 1227 1007 1246 au-

218 1268 358 1296 dientibus
381 1268 511 1295 iuserviet
532 1267 565 1294 de
590 1267 633 1294 his
651 1267 736 1293 multa
752 1266 865 1293 dicere:
885 1273 1007 1300 persua—

219 1323 279 1342 sum
298 1315 370 1342 enim
389 1314 489 1341 habere
505 1317 612 1348 oportet
628 1311 701 1347 quod
722 1312 857 1347 judicium
881 1316 1005 1338 nostrum

220 1369 271 1389 nos
291 1361 498 1395 nobismetipsis
522 1367 660 1394 paramus.
674 1357 816 1391 Quomodo
834 1362 861 1384 ct
880 1365 932 1392 qua
942 1357 1007 1384 via?

218 1408 341 1442 Pauperc
357 1407 391 1433 ad
408 1414 451 1433 me
465 1406 591 1434 veniente
603 1425 610 1436 ,
627 1405 716 1439 inquit
733 1404 871 1439 magister,
888 1407 915 1430 et
935 1404 1006 1430 clee-

219 1453 341 1489 tuosynis
359 1453 516 1488 indigente,
534 1459 599 1478 mox
615 1451 719 1485 absque
740 1450 912 1486 eleemosyna
938 1449 1007 1483 reje-

218 1506 279 1532 ult),
298 1504 388 1527 metus
409 1503 437 1526 et
456 1499 538 1525 timor
564 1497 708 1525 confestim
727 1496 827 1524 adsunt
843 1504 876 1523 ue
895 1496 964 1522 forte
981 1499 1006 1522 et

219 1553 270 1580 ego
288 1550 335 1572 tua
353 1545 532 1572 miseratione
553 1544 678 1578 indigens
696 1543 860 1573 adveniens,
876 1541 1005 1572 Christe.

217 1599 321 1619 vacuus
336 1591 452 1626 repellar
471 1590 550 1624 juxta
573 1589 665 1617 cordis
691 1589 743 1616 mei
766 1589 894 1616 duritatis
914 1589 1004 1624 leges,

220 1645 290 1671 opus
306 1637 407 1664 habens
423 1636 533 1670 quidem
548 1635 765 1663 benevolentiam
782 1633 937 1661 inveniendi
951 1653 958 1666 ,
973 1641 1006 1660 eo

217 1687 307 1709 autem
346 1689 401 1708 non
427 1682 597 1717 perveniens.
624 1681 703 1709 Cur?
729 1680 797 1714 Quia
823 1680 869 1714 qui
894 1687 1006 1715 possum

217 1735 303 1762 egeno
319 1727 416 1762 stipem
432 1734 546 1761 erogare
558 1730 587 1752 et
609 1733 662 1752 non
678 1733 772 1759 erogo,
788 1723 925 1759 quomodo
949 1725 1007 1758 ipse

219 1771 345 1805 indigens
362 1777 420 1797 mea
435 1770 494 1797 vice
509 1769 665 1803 recipiam?
687 1769 709 1795 A
731 1768 843 1795 Christo
867 1768 939 1795 enim
962 1776 1006 1795 re-

218 1812 291 1851 cipio
306 1823 340 1843 an
354 1814 565 1848 aliunde?Quid
581 1814 652 1842 enim
670 1814 755 1841 habes
769 1814 842 1848 quod
857 1822 910 1840 non
926 1822 1005 1841 acce-

218 1863 302 1898 pisti,
318 1867 345 1890 et
362 1862 396 1889 ab
411 1862 488 1897 ipso,
517 1866 545 1888 ut
572 1860 668 1895 patet?
692 1859 744 1892 Qui
769 1867 834 1894 ergo
854 1860 965 1894 accepi,
980 1864 1007 1887 et

218 1916 265 1943 per
281 1915 428 1943 pauperem
453 1906 616 1935 sollicitatus
643 1905 824 1940 experimenti
848 1905 953 1940 gratia,
980 1910 1006 1932 et

219 1961 273 1989 pne
291 1953 434 1988 iniquitate
451 1960 505 1979 non
523 1959 623 1986 erogo,
647 1950 785 1986 quomodo
812 1951 909 1978 iterum
937 1951 1006 1977 reci-

219 1999 310 2034 piam?
326 1998 377 2032 Qui
393 1998 466 2026 enim
492 1997 567 2024 danti
597 1996 689 2023 omnia
714 1995 779 2023 dare
803 2000 880 2022 tenax
897 1995 1006 2023 sordide

219 2047 338 2075 recusat,
355 2043 425 2069 nihil
457 2043 580 2076 recipere
605 2047 711 2076 speret,
725 2049 740 2067 e
755 2046 849 2068 contra
872 2041 954 2075 igitur
979 2045 1006 2068 et

217 2095 279 2122 qua:
293 2087 404 2114 videtur
421 2086 522 2114 habere
537 2086 571 2113 ab
586 2093 618 2113 eo
633 2085 781 2113 auferenda
797 2086 876 2113 sciat.

220 2139 282 2167 125.
305 2138 425 2173 Paupere
438 2139 492 2165 riro
506 2138 572 2165 nihil
591 2139 719 2166 securius.

251 2198 320 2224 Cum
338 2197 413 2223 multi
430 2200 617 2231 paupertatem
638 2195 789 2227 vitandam,
808 2195 886 2222 valde
906 2195 1004 2222 malum

217 2244 244 2268 et
257 2241 446 2268 detestandam
456 2240 568 2272 ducant,
582 2240 643 2268 ideo
654 2241 803 2275 praesertim
823 2244 850 2267 et
863 2233 1006 2275 egentibus

218 2287 364 2314 subvenire
389 2286 507 2319 nolunt,
531 2290 721 2321 paupertatem
741 2286 898 2320 suspicione
921 2286 1003 2312 attin-

218 2337 331 2367 geutes,
356 2333 559 2368 sapientissime
584 2332 675 2359 divine
697 2339 866 2359 conversaris
888 2331 1003 2358 istorqu

218 2379 338 2413 inopiam
352 2378 509 2406 consolatur
534 2382 562 2404 et
590 2378 704 2405 divitum
726 2378 821 2404 anima:
845 2378 1002 2404 tenuitatem

219 2424 339 2452 remedio
352 2429 429 2452 curat
443 2425 538 2452 dicens
552 2432 671 2459 paupere
684 2424 752 2451 nihil
766 2425 862 2457 tutius,
886 2424 953 2451 nihil
967 2425 1002 2451 ti-

219 2478 294 2498 more
320 2473 348 2497 et
376 2470 497 2505 periculo
528 2469 658 2503 liberius;
687 2476 741 2496 non
765 2469 837 2496 enim
858 2469 930 2496 bona
957 2474 1004 2496 aut

218 2524 307 2552 agros,
320 2520 367 2543 aut
387 2524 499 2552 gregum
521 2520 644 2543 catervas
658 2520 704 2542 aut
723 2523 864 2543 servorum
879 2516 1003 2551 providet

219 2562 431 2594 multitudinem,
452 2562 563 2590 ﬂuentia
574 2566 601 2589 et
622 2562 711 2589 instar
727 2562 826 2589 somnii
843 2562 1002 2589 transitoria

217 2613 242 2635 et
270 2607 422 2643 pereuntia.
452 2608 540 2635 solum
575 2606 659 2633 Deum
681 2606 847 2639 considerat,
873 2607 919 2642 qui
945 2611 1001 2639 est,

217 2653 263 2688 qui
294 2657 404 2685 manet,
434 2654 481 2688 qui
507 2658 611 2680 natura:
649 2652 848 2688 providentiam
883 2652 1004 2687 praebet;

217 2699 250 2726 ad
282 2707 364 2734 quem
379 2699 480 2735 jugiter
511 2699 619 2731 tendit.
650 2699 804 2734 proximum
839 2699 928 2734 ipsum
967 2699 1004 2725 vi-

255 2787 295 2820 (3)
309 2787 377 2814 Coa.
391 2787 548 2822 σκωληκῶν.

255 2823 293 2851 t4)
309 2822 374 2848 Cod.
392 2822 499 2849 συνιῶν.

256 2857 295 2888 (5)
308 2855 460 2887 Δυσπιθῶς,
475 2857 514 2883 sic
528 2856 622 2883 codex.

204 2912 209 2920 .
257 2891 293 2922 (ὃ)
307 2890 428 2918 Zonaras
445 2892 489 2918 I‘ol.
502 2891 537 2918 25
552 2899 574 2919 r.
588 2891 655 2926 ἢτῢ,
670 2888 705 2924 ’ῼ
721 2891 775 2926 γάρ
788 2900 829 2923 τις
841 2891 890 2918 οὐκ
902 2892 998 2925 ἔδωκε,

859 151 1006 180 ΜίῖΕΤΑδ
1042 152 1146 180 οΑνιυ

1800 155 1857 178 δυ»

1067 216 1117 248 μὲν
1128 211 1182 247 γὰρ
1197 211 1249 239 ὑπὸ
1259 211 1406 247 σκωλήκων
1414 210 1464 246 (ὅ),
1480 211 1528 237 ὅσα
1543 210 1644 246 βρωτὰ,
1658 210 1704 237 καὶ
1715 209 1852 247 εὔσηπτα¹

1064 259 1111 286 καὶ
1125 258 1277 294 εὒφθαρτα·
1292 257 1344 285 ὑπὸ
1361 257 1458 293 φθόνον
1472 257 1500 283 δὲ
1515 257 1662 292 διαρπᾶται
1674 257 1722 284 καὶ
1734 257 1854 283 ἀπόλλυ-

1063 313 1108 332 ται
1124 305 1234 340 χρυσὸς,
1258 304 1305 331 καὶ
1323 304 1453 340 ἄργυρος,
1471 303 1518 330 καὶ
1534 303 1585 329 ὅσα
1604 301 1762 338 δύσφθαρτα
1782 302 1854 329 κατὰ

1063 351 1144 386 φύσιν
1162 351 1240 377 εἰσιν.
1265 351 1378 385 Ἀγαθὸν
1391 348 1448 382 οὖν,
1463 349 1502 385 τῷ
1514 349 1623 384 Χριστῷ
1641 349 1853 384 προφθάσαντας

1062 397 1195 430 δανεῖσαι,
1209 398 1257 424 καὶ
1273 397 1353 424 αὑτὸν
1381 396 1482 432 μᾶλλον
1500 395 1572 431 ἔχειν
1591 395 1732 431 χρεώστην
1745 395 1853 422 λυσιτε-

1063 443 1190 470 λέστατον
1206 443 1223 479 ἢ
1245 444 1334 470 πάντα
1346 443 1393 470 τοῦ
1412 443 1513 478 κόσμου
1525 442 1571 469 τὸν
1594 442 1709 469 πλοῦτον
1725 443 1854 477 κατέχειν

1061 489 1149 516 δοκεῖν
1157 497 1164 504 ·
1181 490 1210 522 ὃς
1223 489 1293 516 οὕτω
1304 489 1519 525 μεγαλοπρεπῶς
1530 487 1600 516 οἶδεν
1612 489 1775 524 ἀμείϐεσθαι
1788 490 1853 520 τοὺς

1061 535 1217 568 δανειστὰς,
1235 536 1273 568 ὠς
1290 537 1336 562 καὶ
1350 536 1399 572 τὴν
1419 535 1472 562 τῶν
1491 535 1612 571 οὐρανῶν
1636 535 1774 571 βασιλείαν
1793 537 1852 567 τοῖς

1061 581 1197 616 κλάσματι
1212 581 1295 616 ἄρτου
1312 581 1380 617 μετὰ
1395 581 1512 614 πίστεως
1527 581 1621 608 τοῦτον
1635 580 1750 616 θρέψασι
1769 581 1851 616 χαρί-

1061 627 1150 658 ζεται·
1165 627 1210 653 καὶ
1225 627 1353 663 ποτήριον
1367 627 1463 659 ὓδατος
1474 627 1578 663 ψυχροῦ
1597 627 1635 663 μὴ
1648 627 1762 662 ἄμισθον
1778 625 1850 653 εἶναι

1061 673 1126 708 παρ’
1147 673 1221 709 αὐτῷ
1238 673 1354 700 πειθέτω
1376 682 1406 700 σε
1427 675 1473 700 καὶ
1496 675 1568 709 χήρα
1588 672 1632 700 διὰ
1652 673 1725 700 δυοῖν
1746 672 1849 699 ὀϐολῶν

1060 720 1211 755 καταῆολῆς
1226 720 1420 755 ἐπαινουμένη.
1437 719 1498 752 Πῶς
1512 718 1567 753 οὖν,
1587 719 1663 756 φησὶ,
1681 720 1848 755 δανείσωμεν

1061 766 1180 802 Χριστῷ,
1193 764 1253 801 Θεῷ
1264 773 1293 791 τε
1308 766 1355 792 καὶ
1367 766 1484 792 ἀνενδεεῖ
1496 766 1564 797 δντι,
1583 766 1633 792 κάν
1651 767 1707 797 τοῖς
1721 766 1848 801 οὐρανοῖς

1059 812 1097 848 τῷ
1112 811 1199 847 Πατρὶ
1214 811 1415 847 συγκαθημένῳ
1426 820 1433 844 ;
1450 812 1503 839 Τὸν
1516 812 1634 847 Χριστὸν
1647 812 1848 848 (ἀποκρίνεταί

1060 867 1100 885 σοι
1119 859 1132 884 ὁ
1147 859 1176 884 ὲν
1196 857 1270 893 αὐτῷ
1288 857 1431 893 θεολογῶν)
1447 858 1494 885 καὶ
1518 859 1638 891 σκέπεις,
1663 859 1710 885 καὶ
1725 858 1847 894 τρέφεις.

1059 905 1105 931 καὶ
1121 903 1251 936 ποτίζεις,
1263 904 1308 930 χαὶ
1321 904 1411 939 πάσης
1423 904 1572 939 θεραπείας
1583 904 1678 937 ἀξιοῖς,
1693 904 1792 930 συνιὼν
1807 904 1846 937 (6)

1058 950 1104 976 ἐπὶ
1118 949 1225 984 πτωχὸν
1239 949 1286 976 καὶ
1299 950 1413 985 πένητα,
1429 950 1477 976 καὶ
1490 950 1564 977 τόνδε
1576 951 1620 977 τὸν
1633 951 1735 986 τρόπον
1744 950 1847 983 δεξιοῦ-

1059 1004 1148 1031 μενος.

1059 1088 1107 1115 121
1125 1087 1222 1122 Πένης
1236 1088 1426 1122 προσῆλθεν,
1441 1086 1493 1114 εἶτ’
1512 1087 1630 1122 ἀπῆλθε
1641 1087 1684 1122 μὴ
1699 1087 1810 1123 τυχών.

1093 1133 1186 1160 Ταῦτα
1209 1133 1258 1168 μὲν
1276 1134 1348 1169 σαφῆ
1372 1133 1422 1169 τὴν
1441 1134 1565 1160 ἐπίλυσιν
1590 1133 1646 1169 ἔχει
1664 1133 1698 1160 τὰ
1716 1134 1796 1169 ῥητὰ,
1815 1134 1845 1160 οὗ

1059 1179 1186 1214 περιττὸν
1208 1179 1236 1205 δὲ
1258 1179 1377 1214 ἡγοῦμαι
1401 1180 1499 1216 μικρὸν
1516 1180 1545 1206 ἐν
1565 1179 1657 1212 αὐτοῖς
1673 1180 1846 1216 ἀδολεσχεῖν·

1058 1225 1133 1252 ἐσται
1145 1225 1197 1261 γὰρ
1212 1226 1276 1257 ῐσως
1290 1227 1347 1257 τοῖς
1359 1225 1496 1258 δυσπιθῶς
1511 1226 1549 1261 (5)
1564 1226 1710 1253 ἀκούουσιν
1726 1226 1847 1261 ὠφέλεια

1058 1271 1087 1298 τὸ
1107 1271 1171 1306 περὶ
1190 1271 1292 1297 τούτων
1311 1271 1526 1306 πολυρημονεῖν”
1544 1271 1591 1298 καὶ
1608 1271 1661 1308 γὰρ
1677 1271 1737 1298 δέον
1752 1274 1849 1299 πεπεῖ-

1059 1317 1131 1349 σθαι,
1155 1317 1193 1348 ὡς
1212 1316 1241 1343 τὸ
1261 1316 1322 1343 καθ’
1337 1317 1415 1352 ἡμῶν
1437 1317 1521 1352 κρῖμα
1535 1318 1615 1352 ἡμεῖς
1638 1318 1716 1344 αὐτοὶ
1739 1319 1849 1349 ἑαυτοῖς

1058 1363 1303 1399 προετοιμάζομεν.
1319 1363 1382 1395 Πῶς
1398 1364 1444 1389 καὶ
1457 1363 1509 1389 τίνι
1523 1363 1635 1399 τρόπῳς
1651 1364 1772 1399 Πένητός
1789 1373 1848 1400 μοι,

1059 1409 1140 1443 φησὶν
1153 1409 1167 1435 ὸ
1182 1407 1351 1440 διδάσκαλος,
1367 1408 1583 1443 προσερχομένου
1599 1408 1645 1435 καὶ
1662 1408 1850 1444 ὲλεημοσύνης

1057 1455 1241 1490 ἑπιδεομένον,
1257 1452 1305 1481 εἶτ’
1323 1454 1509 1489 ἁνελεημόνως
1527 1455 1771 1490 ἀποπεμπομένου,
1787 1455 1851 1488 δέος

1058 1501 1187 1536 παραυτὰ
1206 1501 1251 1527 καὶ
1269 1500 1349 1534 φόϐος
1366 1501 1547 1535 παρίσταται,
1567 1502 1603 1536 μή
1623 1509 1687 1528 ποτε
1702 1502 1780 1536 κάγὼ
1798 1503 1849 1528 τοῦ

1060 1546 1106 1573 σοῦ
1129 1546 1220 1578 ἐλέους
1245 1546 1354 1581 ἐπιδεὴς
1379 1547 1606 1582 προσερχόμενος,
1627 1547 1739 1582 Χριστὲ,
1768 1549 1850 1580 κενὸς

1058 1592 1230 1628 ἀποπεμφθῶ
1252 1592 1322 1619 κατὰ
1345 1594 1407 1623 τοὺς
1427 1593 1476 1628 τῆς
1498 1594 1567 1628 ἐμῆς
1587 1593 1783 1628 ἀπανθρωπίας
1803 1595 1849 1621 νό-

1063 1647 1140 1674 μους,
1151 1639 1259 1674 χρῄζων
1274 1638 1323 1673 μὲν
1338 1640 1429 1674 τυχεῖν
1445 1638 1659 1674 φιλανθρωπίας,
1669 1639 1791 1674 ἀστοχῶν
1799 1640 1829 1667 δέ
1839 1649 1847 1656 ·

1057 1683 1130 1715 τίνος
1145 1684 1254 1716 ἓνεκεν;
1271 1684 1312 1710 ὅτι
1330 1683 1478 1719 δυνάμενος
1502 1683 1591 1710 δοῦναι
1613 1683 1652 1719 τῷ
1677 1684 1778 1711 ἑπιδεεί
1801 1686 1850 1712 τὸν

1057 1729 1131 1756 ἔλεον
1142 1748 1149 1760 ,
1166 1729 1213 1756 καὶ
1232 1729 1268 1765 μὴ
1286 1729 1372 1761 διδοὺς
1383 1750 1390 1763 ,
1410 1730 1469 1761 πῶς
1487 1729 1640 1764 ὲπιδεηθεὶς
1661 1730 1743 1762 αὐτὸς
1766 1729 1849 1763 αὖθις

1058 1775 1185 1811 πρόσειμι
1201 1775 1309 1808 λαϐεῖν;
1328 1775 1397 1811 πρὸς
1412 1776 1530 1811 Χριστοῦ
1555 1777 1609 1812 γὰρ
1625 1776 1744 1811 εἰληφὼς
1759 1777 1776 1812 ἢ
1796 1778 1849 1805 πό-

1058 1821 1119 1855 θεν;
1137 1822 1164 1849 τί
1180 1822 1234 1857 γὰρ
1249 1822 1336 1856 Ξχεις,
1351 1822 1365 1848 ὂ
1379 1822 1428 1848 οὐκ
1443 1821 1537 1854 ἔλαϐες
1549 1822 1628 1857 δῆλον
1648 1823 1689 1849 ὃτι
1710 1823 1775 1859 παρ’
1796 1825 1849 1851 αὖ·

1057 1866 1118 1898 τοῦ;
1137 1865 1235 1893 Λαϐὼν
1260 1864 1316 1897 οὖν,
1340 1865 1387 1892 καὶ
1405 1865 1449 1892 διὰ
1473 1865 1518 1892 τοῦ
1544 1865 1658 1900 πένητος
1682 1866 1849 1901 δοκιμασίας

1057 1911 1135 1947 χάριν
1153 1911 1284 1947 αἰτηθεὶς,
1302 1912 1348 1938 καὶ
1364 1911 1544 1948 ἀγνωμοσύνῃ
1559 1912 1596 1947 μὴ
1611 1912 1707 1944 διδοὺς,
1723 1913 1783 1944 πῶς
1799 1914 1849 1940 πά-

1057 1958 1097 1985 λιν
1114 1959 1234 1994 λήψομαι
1246 1967 1253 1991 ;
1267 1960 1281 1985 ὁ
1297 1959 1351 1994 γὰρ
1370 1958 1408 1994 τῷ
1423 1959 1457 1984 τὰ
1471 1959 1560 1985 πάντα
1574 1959 1670 1986 διδόντι
1680 1959 1773 1987 δοῦναι
1787 1970 1848 1987 κνι-

1058 2005 1229 2040 πνευόμενος,
1249 2005 1330 2040 μηδὲν
1351 2004 1484 2037 ἐλπιζέτω
1498 2004 1590 2031 λαϐεῖν
1607 2005 1664 2039 (ϐ)-
1687 2007 1847 2033 τούναντίον

1058 2052 1107 2086 μὲν
1123 2050 1170 2078 οὖν
1187 2052 1234 2078 καὶ
1247 2051 1265 2078 ἃ
1279 2051 1353 2078 δοκεῖ
1367 2051 1450 2086 ἔχειν,
1464 2050 1637 2087 ἀφαιρεῖσθαι
1654 2052 1844 2087 προσδοκάτω.

1059 2140 1109 2168 ηδ
1122 2139 1254 2173 Πένητσς
1267 2139 1375 2173 ἀνδρὸς
1388 2139 1478 2166 οὐδὲν
1493 2139 1731 2174 ἀσφαλέστερον.

1098 2195 1204 2230 Ἐπειδὴ
1220 2194 1312 2221 πολλοὶ
1329 2194 1378 2230 τὴν
1393 2194 1487 2221 πενίαν
1502 2193 1540 2225 ὡς
1552 2195 1689 2221 ἀπευκτὸν
1707 2195 1755 2221 καὶ
1771 2196 1846 2230 μάλα

1060 2241 1143 2268 κακὸν
1157 2241 1203 2268 καὶ
1222 2241 1404 2276 ἀποτρόπαιον
1424 2240 1561 2276 ἡγοῦνται,
1578 2240 1610 2267 δι’
1625 2241 1640 2267 ὃ
1657 2241 1778 2276 μάλιστα
1800 2242 1845 2268 καὶ

1057 2288 1112 2318 τοῖς
1131 2286 1268 2321 δεομένοις
1287 2287 1416 2322 ἐπαρκεῖν
1429 2287 1477 2312 οὐκ
1493 2286 1625 2318 ἐθέλουσι,
1639 2287 1689 2322 τὴν
1707 2288 1845 2323 πτωχείαν

1057 2332 1270 2364 ὑποπτεύοντες,
1288 2333 1357 2359 πάνυ
1378 2332 1465 2366 σοφῶς
1487 2333 1502 2358 ὁ
1522 2332 1683 2368 θεορρήμων
1707 2333 1844 2360 κάκείνων

1055 2378 1104 2413 τὴν
1131 2377 1232 2404 ἔνδειαν
1256 2377 1468 2413 παραμυθεῖται,
1494 2377 1541 2404 καὶ
1561 2377 1615 2403 τῶν
1637 2377 1777 2405 πλουσίων
1796 2378 1843 2413 τὴν

1057 2423 1237 2459 μικροψυχίαν
1252 2423 1368 2456 ὲξιᾶται,
1382 2424 1508 2458 Πένητος,
1526 2423 1623 2457 λέγων,
1641 2423 1739 2459 ἀνδρὸς
1752 2425 1842 2458 ἀσφα-

1055 2469 1181 2504 λέστερον
1197 2469 1283 2501 οὐδὲν,
1298 2469 1470 2504 ἀφοεῖώτερον
1486 2469 1501 2504 ἢ
1517 2469 1721 2504 ἀκινδυνότερον
1746 2470 1841 2496 οὐδέν·

1056 2515 1085 2541 οὺ
1099 2514 1165 2550 πρὸς
1181 2515 1310 2550 χρήματα
1322 2515 1376 2550 γᾲρ
1391 2514 1407 2550 ἢ
1421 2515 1557 2550 κτήματα,
1575 2514 1591 2549 ἢ
1607 2514 1714 2549 κτηνῶν
1730 2515 1840 2549 ἀγέλας,

1055 2561 1072 2596 ἦ
1090 2561 1263 2597 ἀνδραπόδων
1285 2562 1337 2597 όρᾷ
1361 2561 1599 2597 περιουσιασμοὺς,
1627 2560 1661 2587 τὰ
1682 2561 1782 2596 ῥέοντα
1799 2561 1842 2588 καὶ

1057 2606 1155 2641 τρόπον
1166 2606 1269 2642 ὀνείρου
1283 2607 1489 2642 παρατρέχοντα
1503 2606 1549 2633 καὶ
1563 2606 1740 2641 ἀπολλύμενα
1753 2615 1761 2622 ·
1779 2607 1842 2643 πρὸς

1056 2652 1136 2687 μόνον
1148 2652 1176 2678 δὲ
1190 2653 1235 2679 τὸν
1250 2652 1316 2679 Θεὸν
1327 2653 1490 2685 ἀποσκοπεῖ,
1506 2652 1552 2679 τὸν
1566 2652 1642 2684 ὂντα,
1654 2653 1701 2679 τὸν
1717 2654 1839 2688 μένοντα,

1054 2698 1099 2725 τὸν
1116 2699 1233 2734 χρηστὸν
1248 2699 1327 2734 φύσει
1337 2707 1344 2714 ο
1361 2699 1430 2735 πρὸς
1447 2699 1542 2726 τοῦτον
1558 2700 1601 2726 ἀεὶ
1616 2700 1707 2733 νεύει,
1723 2701 1841 2736 γνησίως

1053 2785 1212 2827 νοηθῄσεται
1226 2787 1273 2813 καὶ
1284 2787 1383 2827 οὕτως·
1396 2784 1486 2827 ᾮτινι
1497 2787 1708 2827 γὰρ-ἢχων*ῖῷ
1721 2786 1838 2827 Χριστῷ.

1042 2822 1102 2852 ,οὐκ
1117 2821 1201 2862 ἔδωκέ
1213 2830 1263 2862 ﬁt;
1282 2821 1498 2862 ξλεημρσύνην,-
1506 2821 1732 2862 μῄδὲ-έλπιξέτω.
1749 2821 1839 2862 τούτου

1052 2857 1143 2894 τυχεῖν
1156 2857 1220 2894 παρ’
1235 2855 1500 2894 ὲκενίνουξήγουνζτοῦ
1507 2855 1653 2894 ἐλεηθῆναι
1664 2859 1733 2894 παρ’
1748 2855 1838 2888 αὐτοῦ,

1053 2889 1249 2927 mnsam
1263 2893 1293 2919 τὸ
1348 2889 1393 2919 διὰ
1411 2893 1457 2920 τοῦ
1472 2902 1494 2919 ω
1515 2889 1644 2929 μεγάλου.
