1920 3046
93 132 149 160 817

92 191 179 217 αὑτὸν
196 192 311 227 προορᾷ,
330 193 393 228 παρ’
404 190 434 220 οὗ
445 193 494 229 τὴν
505 193 599 229 ὀλίγην
613 196 642 222 ὲν
655 195 761 232 σώματι
775 197 888 233 ἤλπισεν

93 237 297 272 οἰκονομεῖσθαι
317 239 400 275 ζωὴν,
425 240 472 266 καὶ
492 241 557 276 παρ’
576 238 606 268 οὗ
626 242 675 278 τὴν
696 243 726 269 ὲν
750 243 888 280 Πνεύματι

93 283 213 314 αἰωνίως
229 283 321 319 ζήσειν
339 286 484 322 προσδοκᾷ.
503 287 539 314 Σὺ
556 287 584 314 δὲ
599 288 613 314 ὁ
637 288 745 324 πλούτῳ
758 290 860 325 κομῶν,
875 291 890 317 ό

93 328 164 353 πᾶσι
179 327 226 354 τοῦ
243 329 344 364 κόσμου
359 332 416 361 τοῖς
429 331 543 365 ἀγαθοῖς
558 333 795 369 ἐνευθηνούμενος,
810 336 825 362 ὁ
841 336 889 370 μέ-

92 380 148 406 γας
163 374 210 400 καὶ
223 374 305 406 πολὺς
319 376 348 402 ἐν
361 375 400 411 τῷ
418 375 468 412 βίῳ
484 378 540 409 τοῖς
555 377 662 410 πολλοῖς
673 378 727 406 τῶν
738 379 889 415 ἀνθρώπων

93 419 285 455 κομιζόμενος,
301 421 450 455 ἁγκαλίζου
460 423 506 450 τὸν
517 424 616 460 μικρὸν
627 426 720 451 τοῦτον
730 427 776 452 καὶ
787 427 891 463 πένητα

95 466 145 492 καὶ
167 467 285 501 πτωχὸν,
300 469 407 503 τρέφων
427 470 476 496 καὶ
490 471 599 498 σκέπων
620 472 667 498 καὶ
684 473 772 507 πάσης
800 473 890 506 ξενίας

97 513 260 547 μεταδιδοὺς
278 515 324 541 καὶ
343 514 491 551 θεραπείας
504 537 511 549 ,
532 517 570 550 ὡς
590 519 670 546 αὐτὸν
695 519 890 555 ὑποδεχόμενος

95 560 144 586 τὸν
166 560 294 596 Χριστὸν,
317 562 364 588 καὶ
377 561 421 588 διὰ
441 562 488 589 τοῦ
506 564 645 599 ὁρωμένου
664 565 779 601 πένητος
792 566 837 592 τὸν
861 567 890 593 ὲν

94 604 173 640 αὐτῷ
187 607 377 643 κεκρυμμένον
390 608 493 643 Ἰησοῦν
500 611 556 641 τοῖς
567 611 711 646 κρυφαίοις
724 613 770 638 τοῦ
785 612 831 639 σοῦ
843 613 888 640 νοῦ

94 651 230 687 θαλάμοις
243 652 286 679 διὰ
305 654 422 686 πίστεως
436 655 648 691 εἰσοικιζόμενος
669 657 716 684 καὶ
730 658 888 694 ἐνιδρυόμε-

93 705 152 728 νος¹
173 697 220 724 καὶ
234 697 329 735 ὥσπερ
345 699 359 724 ὁ
373 700 451 732 ἀετὸς
464 721 471 732 ,
490 701 562 728 κατὰ
580 701 625 728 τὸν
644 703 716 738 ἱερὸν
733 703 822 737 λόγον,
840 703 891 740 τὴν

94 743 181 769 αὐτοῦ
206 744 346 777 σκευάζων
370 746 498 780 νοσσιὰν,
514 747 561 774 καὶ
581 749 637 779 τοῖς
656 750 775 780 νεοσσοῖς
791 750 890 776 ἐπιπο-

95 786 169 813 θῶν”
191 788 262 815 οὕτω
278 789 324 816 καὶ
341 790 374 816 σὺ
390 791 473 823 πολὺς
487 792 618 827 ὑπάρχων
635 794 667 828 τῇ
685 794 829 830 περιουσίᾳ
846 792 891 821 οἷα

94 832 196 860 λεπτὸν
213 834 288 869 ὄρνιν
308 835 444 870 ἀμφέπων
462 837 507 863 τὸν
522 837 625 874 πένητα
641 839 688 865 καὶ
703 839 889 875 περισκέπων,

92 880 125 906 ἐν
142 879 218 916 αὐτῷ
231 880 358 916 εὑρήσεις
372 881 501 918 Χριστόν.

95 947 150 975 129
165 947 319 981 Κρεῖσσον
332 950 421 976 πενία
440 950 482 985 μὴ
500 950 619 984 δικαίας
635 952 779 987 κτήσεως.

132 1017 218 1044 Πάλιν
237 1018 284 1044 καὶ
302 1017 347 1044 διὰ
366 1018 421 1045 τῶν
444 1020 632 1056 προκειμένων
651 1021 696 1048 τὸν
720 1021 824 1058 πένητα
840 1022 891 1057 μὲν

93 1064 265 1098 παρακαλεῖ,
283 1065 331 1092 τοῦ
351 1065 478 1093 πλουσίου
495 1066 524 1093 δὲ
539 1066 716 1094 καταστέλλει
731 1068 780 1103 τὴν
794 1067 890 1103 ὀφρὺν,

93 1111 225 1144 κρεῖσσον
238 1109 308 1138 εἶναί
322 1120 348 1138 τι
361 1112 448 1147 λέγων
460 1113 555 1148 χρῆμα
564 1113 615 1149 τὴν
628 1113 723 1140 πενίαν
735 1113 782 1140 τοῦ
795 1113 826 1146 ἐξ
835 1114 892 1141 ἀδι-

95 1157 161 1188 κίας
175 1158 369 1193 συνεστηκότος
384 1158 511 1192 πλούτου,
527 1158 622 1195 ὥσπερ
636 1168 667 1194 γε
684 1159 731 1186 καὶ
749 1159 826 1187 νόσον
840 1160 892 1187 σώ-

97 1212 184 1239 ματος
198 1204 295 1240 βελτίω
307 1214 336 1231 τε
351 1203 420 1232 εἶναι
436 1205 475 1241 τῷ
487 1207 608 1233 νοσοῦντι
626 1208 673 1234 καὶ
693 1207 761 1234 Θεοῦ
777 1208 893 1244 κρίμασι

97 1250 288 1286 πιιδευομένῳ
310 1251 534 1288 λυσιτελεστέραν
555 1254 645 1289 κακῆς
666 1254 773 1287 εὐεξίας
791 1263 822 1281 τε
845 1256 893 1282 καὶ

96 1297 216 1331 ὑγιείας.
234 1298 282 1330 Τίς
299 1298 322 1325 δ’
343 1299 377 1326 ἂν
400 1300 417 1334 ἡ
440 1299 512 1335 κακὴ
529 1301 614 1326 νοοῖτο
635 1300 742 1334 εὐεξία,
761 1301 777 1337 ἢ
796 1302 812 1337 ἠ
835 1302 891 1333 τοῖς

95 1343 255 1378 ἀσελγείαις
271 1346 317 1372 καὶ
338 1346 532 1381 μιαιφονίαιςῆ
545 1346 663 1378 ἀδικίαις
675 1347 800 1382 χαίρουσι
814 1355 887 1383 παρ-

95 1390 236 1426 επομένης
247 1392 303 1418 Καὶ
316 1392 370 1428 γὰρ
382 1391 420 1427 τῷ
435 1392 468 1418 ἐκ
481 1392 612 1424 σιτοδείας
628 1392 677 1427 μὲν
691 1393 811 1428 ἦπενίας
822 1393 893 1429 λιμῷ

95 1436 185 1468 ιῦδεὶς
202 1436 240 1471 τῷ
260 1437 368 1473 Θανάτῳ
387 1438 547 1473 περιπίπτει
561 1439 611 1474 τῆς
630 1438 718 1474 ψυχῆς
729 1459 737 1471 ,
754 1439 812 1465 ἀλλ’
832 1440 892 1467 οὐδὲ

95 1478 138 1514 τῷ
153 1480 201 1506 τοῦ
218 1480 344 1516 σώματος
358 1482 470 1518 ῥᾳδίως,
490 1484 548 1514 τοῖς
561 1483 734 1518 ἁμαρτωλοῖς
751 1484 780 1510 δὲ
795 1485 842 1510 καὶ
854 1484 893 1520 τῷ

95 1526 157 1553 ὃντι
171 1529 265 1560 κακοῖς
280 1528 393 1559 θάνατος
406 1528 576 1565 καθέστηκεν
589 1530 605 1565 ἠ
620 1530 752 1566 ἁμαρτία.

97 1595 152 1623 155
169 1596 217 1628 Τίς
232 1596 270 1631 (7)
286 1596 437 1632 δεσπότης
455 1598 474 1631 ἢ
497 1597 617 1631 δοῦλος,
635 1599 654 1632 ἡ
678 1598 780 1633 φαύλη
795 1598 870 1634 τομή
884 1607 894 1631 ;

136 1674 349 1709 Γνωμοδοτήσας
372 1676 386 1702 ὁ
410 1675 630 1710 φιλοσοφώτατος
653 1676 687 1703 τὰ
711 1676 775 1711 περὶ
799 1676 894 1709 πενίας

97 1720 148 1747 καὶ
163 1720 279 1747 πλούτου
297 1721 493 1755 εὐαγγελικῷς,
513 1721 551 1752 ὡς
570 1721 665 1757 ἐχρῆν,
685 1721 732 1747 καὶ
746 1721 892 1756 θεοσόφως,

98 1766 165 1802 περὶ
181 1767 340 1798 δεσποτείας
356 1767 448 1794 λοιπὸν
464 1768 511 1794 καὶ
526 1767 648 1799 δουλείας
661 1767 700 1802 τῷ
717 1767 894 1803 πνευματικῷ

97 1813 176 1848 νόμῳ
188 1813 234 1839 καὶ
246 1812 331 1840 ταῦτα
342 1813 487 1849 διακρίνει,
506 1814 555 1846 Τίς
570 1815 627 1840 ἐστι
640 1814 784 1849 δεσπότης,
796 1813 893 1848 λέγων,

97 1859 142 1891 τίς
157 1859 186 1886 δὲ
199 1859 270 1886 κατά
283 1859 363 1894 φύσιν
375 1860 484 1893 δοῦλος;
498 1861 554 1887 Οὐκ
566 1860 677 1896 ἐκτίσθη
689 1860 831 1896 δεσπότης,
844 1860 894 1886 οὐκ

99 1905 214 1941 ἐκτίσθη
232 1905 324 1937 δοῦλος
339 1906 386 1933 ἀπ’
401 1907 487 1942 ἀρχῆς
499 1915 505 1920 ·
523 1906 593 1942 αὕτη
612 1906 700 1942 φαύλη
715 1906 801 1941 τομὴ,
823 1906 894 1941 αὕτη

99 1951 234 1988 διαίρεσις
249 1953 409 1988 τυραννική.
425 1953 480 1980 Kal.
495 1953 550 1988 γὰρ
570 1953 608 1984 ὡς
622 1950 661 1984 εἷς
678 1953 745 1979 πᾶσι
765 1952 890 1988 πλάστης

99 1998 213 2032 ὁμοίως,
236 1995 277 2030 εἷς
297 1999 364 2025 πᾶσι
385 1999 478 2034 νόμος,
502 1999 594 2034 κρίσις
615 2000 664 2034 μία
682 2000 729 2025 καὶ
743 1999 792 2034 μία
814 1999 894 2036 φύσις

101 2043 204 2070 ἅπασιν
224 2044 378 2080 ἀνθρώποις
400 2046 416 2081 ἡ
437 2046 522 2081 αὐτή’
541 2045 612 2072 οὕτω
628 2045 675 2073 καὶ
689 2045 776 2072 δοῦλοι
794 2045 893 2077 πάντες

99 2091 203 2125 ὁμοίως
216 2090 355 2127 ἄνθρωποι
374 2091 419 2126 ὑφ’
433 2093 472 2118 ἑνὶ
488 2093 590 2127 Ποιητῇ
605 2092 652 2118 καὶ
675 2092 798 2128 Δεσπότῃ
819 2100 893 2118 τετα-

100 2136 201 2172 γμένοι
214 2136 253 2171 τῷ
267 2137 337 2172 Θεῷ.
355 2137 391 2164 Σὺ
406 2135 452 2164 οὖν
462 2157 469 2168 ,
484 2137 565 2172 φησὶν
574 2138 587 2163 ὁ
600 2136 758 2171 φιλοσοφίας
773 2136 889 2173 ἀρίστης

100 2182 150 2210 καὶ
169 2182 299 2218 ἀληθείας
313 2183 400 2217 λόγων
419 2183 545 2218 ἐραστὴς,
564 2183 617 2209 ὑπὸ
633 2183 686 2209 τῶν
701 2182 893 2218 περιεστώτων

99 2228 216 2256 οἰκετῶν
233 2228 463 2264 ὑπηρετούμενος,
487 2228 524 2264 μὴ
544 2228 650 2264 σεαυτῷ
664 2229 713 2264 μὲν
727 2228 777 2263 τὴν
796 2228 893 2255 δεσπο-

99 2274 189 2308 τείαν,
207 2276 264 2306 τοῖς
281 2275 310 2301 δὲ
329 2274 378 2310 τὴν
401 2275 522 2301 δουλείαν
543 2274 691 2311 ἀφορίζων,
713 2275 894 2309 ὑπερφρονεῖν

100 2321 169 2357 παρ’
191 2321 205 2348 ὃ
223 2321 263 2348 δεῖ
285 2322 392 2356 φρονεῖν
417 2321 617 2356 ἐπιτολμήσας,
643 2320 714 2347 κατὰ
735 2320 780 2346 τοῦ
802 2319 892 2346 κοινοῦ

101 2368 240 2395 Δεσπότου
254 2367 308 2394 τῶν
325 2367 392 2394 ὅλων
410 2368 573 2403 ἀπονοηθῇς·
593 2367 660 2394 ἀλλά
679 2367 787 2402 φρονῶν
804 2368 844 2398 είς
864 2366 894 2393 τὸ

102 2415 256 2450 σωφρονεῖν
280 2415 326 2441 καὶ
350 2413 494 2448 γινώσκειν
519 2413 631 2445 ἑαυτὸν,
652 2413 757 2444 πάντας
780 2412 808 2439 δὲ
832 2412 896 2444 τοὺς

101 2461 342 2497 ὑπηρετουμένους
358 2469 398 2487 σοι
417 2460 576 2493 συνδούλους
593 2460 640 2487 καὶ
653 2459 724 2487 κατὰ
738 2459 819 2495 φύσιν
832 2460 897 2494 ὁμο-

101 2509 199 2543 τίμους
216 2507 297 2544 ὁρῶν,
315 2508 456 2543 συνεργοῖς
476 2506 596 2542 κέχρησο
608 2506 713 2538 τούτοις
724 2506 771 2533 καὶ
789 2505 896 2532 συνδια-

102 2555 193 2586 κόνοις
216 2555 285 2590 πρὸς
300 2555 350 2590 τὴν
365 2554 412 2581 τοῦ
434 2553 601 2581 Δεσποτικοῦ
624 2553 775 2589 Θελήματος
794 2551 897 2587 ἐκπλή-

103 2609 200 2638 ρωσιν.
226 2600 272 2636 Μὴ
293 2599 339 2627 οὖν
363 2601 394 2627 τδ
416 2600 526 2634 εὐγενὲς
550 2599 598 2626 τοῦ
621 2599 735 2635 τρόπον,
759 2598 805 2625 καὶ
825 2597 895 2625 κατὰ

102 2646 206 2683 πρᾶξιν
223 2646 240 2682 ἢ
262 2646 379 2682 θεωρίαν
399 2646 570 2682 μεγαλοφυὲς
588 2646 634 2673 καὶ
652 2645 753 2680 τίμιον,
772 2644 825 2680 πρὸ
845 2644 895 2678 τῆς

101 2692 158 2720 ἀπὸ
168 2690 217 2718 τοῦ
229 2690 355 2726 σώματος
365 2691 469 2722 λύσεως
482 2691 530 2717 καὶ
542 2690 596 2726 πρὸ
604 2689 651 2717 τοῦ
662 2689 839 2724 κατανικῆσαι
849 2687 894 2714 τὸν

102 2738 208 2773 κόσμον
223 2737 448 2772 ἐνδεικνύμενος,
465 2737 512 2764 καὶ
530 2735 654 2772 ἀκαίρως
673 2734 835 2770 ὺψούμενος,
856 2734 896 2765 είς

100 2784 271 2813 ταπείνωσιν
292 2784 486 2820 ἀποστραφῇς·
502 2783 559 2810 ἀλλ’
577 2783 642 2810 ὅταν
656 2782 710 2809 τῶν
727 2790 757 2808 τε
776 2789 897 2816 σωματι-

593 136 627 164 IN
646 137 803 166 CARMINA
821 140 960 168 ARCANA
982 142 1010 168 S.
1028 141 1201 170 GREGURII.

1678 142 1730 169 818

943 200 988 227 det
1003 207 1017 226 a
1029 208 1084 235 quo
1096 208 1180 235 pauca
1197 203 1317 235 speravit
1335 207 1383 234 pro
1405 206 1520 234 corpore
1539 199 1667 227 distribui
1684 207 1732 226 ne-

941 247 1058 274 cessaria
1088 247 1160 279 vitae,
1179 250 1206 273 et
1233 246 1288 273 vita
1319 246 1345 273 in
1364 246 1468 281 Spiritu
1500 249 1602 273 aeterna
1637 245 1733 272 fruitu-

942 301 1002 319 rum
1019 300 1048 320 se
1059 296 1209 327 exspectat.
1222 291 1263 318 Tu
1276 299 1341 320 vero
1355 291 1458 319 divitiis
1473 291 1578 323 fruens,
1602 291 1731 318 omnibus

941 339 1035 366 mundi
1049 339 1128 366 bonis
1141 339 1295 371 abundans,
1312 345 1429 373 magnus
1440 341 1467 365 et
1483 338 1587 364 multus
1605 337 1632 364 in
1645 337 1699 364 vita
1716 344 1732 363 ιι

943 384 1080 419 plerisque
1102 383 1260 410 hominibus
1295 383 1465 415 aestimatus,
1492 383 1519 409 in
1543 382 1621 409 ulnas
1639 382 1733 416 accipe

943 431 1085 465 parvulum
1107 430 1208 463 istum,
1230 437 1376 465 pauperem
1400 435 1427 456 et
1447 437 1560 465 egenum
1587 429 1730 460 nutriens.

944 477 1071 511 operiens
1084 481 1111 503 et
1128 478 1202 504 ortmi
1216 476 1404 511 hospitalitate
1414 477 1558 504 cumulans
1578 481 1660 512 atque
1674 483 1732 503 ser-

944 523 1020 555 vitio,
1037 523 1115 558 quasi
1130 523 1219 559 ipsum
1233 523 1371 558 recipiens
1383 523 1530 556 Christum,
1539 523 1572 550 ‘et
1595 530 1642 557 per
1658 522 1732 549 hunc

943 577 1025 605 quem
1049 569 1126 597 vides
1151 577 1300 604 pauperem
1328 570 1458 596 latentem
1482 569 1509 596 in
1533 576 1565 596 co
1586 568 1679 595 Jesum
1703 568 1731 596 in

945 616 1037 644 cordis
1059 616 1098 643 tui
1116 616 1265 651 penetralia
1285 623 1334 650 per
1356 615 1436 643 ﬁdem
1457 615 1577 650 hospitio
1595 615 1685 649 recipe
1705 618 1734 642 et

943 663 1073 690 colloca:
1095 666 1122 690 et
1138 663 1209 690 sicut
1232 663 1334 698 aquila,
1357 663 1436 697 juxta
1457 667 1581 690 sanctum
1606 662 1730 693 verbum,

944 710 1035 744 pullos
1059 717 1127 737 suos
1150 710 1253 737 mulcet
1277 709 1399 744 ipsisque
1432 709 1565 743 providet,
1588 708 1628 735 sic
1654 712 1680 735 et
1700 713 1730 734 tu

942 756 1044 783 multus
1061 755 1284 790 possessionibus
1298 755 1435 782 exsistens
1460 759 1592 788 tanquam
1613 753 1729 781 debilem

941 809 1018 828 avem
1042 809 1143 829 curans
1172 808 1320 836 pauperem
1333 803 1361 826 et
1373 798 1468 827 fovens
1482 799 1510 826 in
1526 801 1586 835 ipso
1609 799 1732 826 invenies

941 847 1094 874 Christum.

943 955 995 983 129
1017 955 1113 983 Melior
1124 960 1162 982 est
1178 961 1320 990 paupertas
1335 956 1436 990 injuste
1452 955 1622 990 possessione.

979 1022 1098 1050 llursum
1114 1027 1140 1050 cl
1151 1031 1199 1058 per
1207 1023 1352 1058 praesentia
1360 1031 1507 1058 pauperem
1516 1024 1624 1058 quidem
1635 1030 1733 1050 conso-

943 1068 1025 1099 latur,
1046 1067 1139 1095 divitis
1154 1075 1219 1096 vero
1239 1069 1363 1103 reprimit
1380 1069 1575 1104 arrogantiam,
1592 1069 1731 1097 meliorem

942 1120 1004 1141 esse
1037 1112 1133 1141 dicens
1158 1117 1345 1148 paupertatem
1378 1122 1460 1149 quam
1492 1115 1594 1142 divitiae
1633 1123 1666 1143 ex
1688 1114 1732 1142 in-

941 1160 1048 1194 justitia
1061 1164 1233 1194 constantes;
1250 1159 1483 1196 quemadmodum
1499 1160 1612 1188 morbus
1633 1168 1732 1195 corpo-

943 1207 983 1234 ris
999 1208 1098 1235 melior
1112 1212 1155 1235 est
1176 1207 1332 1243 aegrotanti.
1350 1211 1377 1235 et
1402 1207 1507 1242 judicio
1530 1208 1576 1236 Dei
1598 1208 1732 1242 castigato

945 1253 1038 1279 utilior
1051 1257 1094 1280 est
1109 1260 1190 1287 quam
1206 1252 1333 1279 valetudo
1345 1253 1416 1279 mala
1430 1256 1458 1280 et
1468 1253 1582 1280 sanitas.
1604 1253 1670 1285 Qua:
1684 1260 1733 1280 au-

946 1302 999 1325 tem
1015 1298 1198 1325 :estimaretur
1223 1298 1294 1325 mala
1306 1298 1442 1330 valetudo,
1460 1299 1512 1326 nisi
1536 1307 1567 1326 ea
1582 1307 1636 1333 qua
1654 1305 1735 1326 uten-

945 1347 986 1371 tes
1001 1344 1108 1371 luxuria
1133 1348 1161 1371 et
1184 1344 1341 1372 homicidiis
1364 1349 1392 1372 et
1417 1344 1564 1380 injuslitiis
1585 1346 1734 1372 laetantur?

944 1388 1068 1427 Namque
1082 1389 1154 1417 fame
1178 1390 1256 1424 panis
1279 1393 1306 1417 et
1329 1392 1437 1426 egentia
1465 1391 1558 1418 nullus
1584 1391 1612 1418 in
1634 1391 1734 1419 animae

945 1439 1059 1463 mortem
1076 1435 1159 1469 cadit,
1179 1434 1227 1462 sed
1243 1436 1288 1462 vix
1309 1436 1381 1464 ullus
1406 1436 1434 1463 in
1452 1437 1577 1471 corporis
1597 1441 1712 1464 mortem
1725 1459 1731 1470 ,

945 1482 1136 1517 peccatoribus
1155 1487 1246 1510 autem
1261 1485 1288 1509 et
1303 1482 1413 1510 realiter
1441 1483 1519 1511 malis
1538 1487 1654 1511 mortem
1669 1492 1733 1519 pec-

948 1534 1038 1556 catum
1060 1529 1148 1556 ail’ert.

947 1596 1009 1623 155.
1031 1595 1097 1628 Quis
1121 1596 1261 1629 dominus,
1284 1597 1342 1631 quia
1367 1603 1473 1628 servus,
1499 1595 1551 1622 nisi
1568 1596 1641 1666 ma[la
1664 1597 1731 1623 divi-

1623 1632 1685 1659 sio?

1623 1640 1662 1658 διο
1674 1640 1680 1659 Ξ

980 1675 1128 1711 Postquam
1143 1676 1306 1703 sententiam
1324 1676 1452 1711 exposuit
1463 1676 1651 1711 Philosophus
1676 1685 1733 1704 ma-

945 1729 1015 1757 gnus
1032 1722 1065 1749 de
1085 1725 1245 1756 paupertate
1265 1726 1292 1749 et
1305 1722 1407 1750 divitiis
1421 1723 1580 1758 evangelice
1604 1727 1634 1750 ut
1652 1731 1734 1758 opor-

945 1769 1030 1802 tebat,
1045 1773 1072 1796 et
1088 1777 1138 1804 pro
1153 1768 1201 1796 Dei
1213 1769 1349 1804 sapientia
1368 1769 1402 1796 de
1413 1769 1472 1797 heri
1498 1773 1525 1797 et
1544 1770 1616 1797 servi
1637 1770 1735 1798 condi.

945 1817 1020 1844 tione
1047 1816 1082 1842 ad
1112 1816 1285 1850 spiritualem
1318 1823 1443 1843 normam
1475 1816 1583 1851 judicat
1615 1816 1731 1844 dicens-

945 1862 1011 1894 Quis
1023 1865 1065 1888 est
1081 1861 1166 1888 herus
1181 1865 1208 1888 et
1227 1861 1290 1896 quis
1308 1866 1350 1888 est
1362 1866 1460 1888 natura
1473 1861 1584 1888 servus?
1600 1869 1656 1889 non
1668 1869 1734 1889 con-

944 1906 1018 1934 ditus
1037 1910 1080 1934 est
1094 1906 1187 1938 herus,
1200 1914 1250 1934 nec
1267 1906 1392 1934 conditus
1404 1910 1448 1934 est
1456 1914 1552 1935 servus
1577 1906 1612 1934 ab
1634 1907 1734 1934 initio:

945 1952 1032 1980 sectio
1048 1952 1111 1980 vilis
1128 1953 1192 1984 ista,
1214 1953 1268 1980 ista
1283 1953 1381 1980 divisio
1399 1953 1562 1988 tyrannica;
1578 1953 1649 1980 sicut
1662 1953 1733 1980 enim

946 1998 1074 2026 omnibus
1097 2006 1170 2026 unus
1187 2004 1213 2026 et
1232 1998 1304 2026 idem
1319 1999 1481 2034 plasmator,
1501 2007 1555 2026 una
1577 1999 1620 2027 lex
1644 1999 1733 2026 omni-

944 2044 1009 2077 bus,
1022 2043 1157 2080 judicium
1171 2053 1256 2071 unum
1277 2049 1304 2072 et
1318 2053 1370 2072 una
1387 2050 1486 2072 natura
1505 2045 1634 2072 omnibus
1647 2045 1735 2072 homi-

945 2089 1027 2117 nibus
1040 2089 1146 2123 eadem,
1165 2089 1205 2118 sic
1220 2095 1247 2117 et
1260 2090 1331 2118 servi
1347 2098 1443 2118 omnes
1460 2090 1587 2118 similiter
1608 2090 1735 2118 homines

945 2136 997 2163 sub
1009 2143 1063 2162 uno
1075 2134 1248 2162 Plasmatore
1260 2140 1286 2162 et
1295 2135 1411 2163 Domino
1426 2136 1570 2163 constituti
1587 2140 1652 2163 sunt
1666 2136 1733 2163 Deo.

946 2181 988 2209 Tu
1003 2189 1080 2216 ergo,
1091 2181 1158 2208 dicit
1168 2181 1279 2215 optimae
1295 2181 1476 2216 philosophiae
1494 2186 1521 2209 et
1536 2182 1660 2209 veritatis
1677 2190 1736 2210 ser-

949 2234 1062 2254 monum
1079 2231 1193 2259 amator,
1217 2234 1232 2253 a
1255 2226 1365 2254 famulis
1384 2228 1630 2256 circumstantibus
1652 2229 1734 2255 mini-

948 2276 1062 2303 stratus.
1079 2280 1113 2300 ne
1127 2272 1176 2299 tibi
1193 2271 1302 2307 quidem
1325 2273 1383 2300 heri
1404 2274 1601 2306 conditionem,
1618 2273 1671 2301 illis
1687 2282 1736 2301 au-

948 2322 1003 2345 tem
1024 2317 1186 2345 famulatum
1208 2325 1365 2350 reservans,
1389 2319 1484 2346 extolli
1507 2327 1591 2354 supra
1612 2319 1640 2346 id
1661 2320 1736 2354 quod

950 2367 1057 2398 oportet
1076 2362 1262 2396 audeas,ante
1278 2370 1452 2392 communem
1471 2365 1662 2392 universorum
1685 2364 1737 2392 Do-

948 2411 1054 2436 minum
1067 2409 1230 2443 insipienter
1246 2409 1381 2444 cogitans,
1407 2409 1455 2437 sed
1474 2409 1544 2437 bene
1564 2409 1685 2436 sentiens
1706 2415 1736 2437 ut

950 2456 1060 2491 sapiens
1079 2457 1118 2483 sis
1133 2461 1159 2483 et
1173 2456 1289 2490 teipsum
1301 2456 1421 2486 noveris,
1434 2463 1530 2482 omnes
1544 2455 1737 2483 ministrantes

948 2503 998 2530 tibi
1024 2508 1175 2530 conservos
1196 2507 1224 2529 et
1248 2505 1348 2529 natura
1370 2502 1428 2537 pari
1453 2502 1556 2529 honore
1577 2501 1675 2537 dignos
1697 2503 1737 2530 vi-

949 2549 1028 2580 dens,
1042 2548 1181 2575 consociis
1200 2547 1226 2574 in
1249 2555 1331 2582 opere
1350 2553 1377 2574 et
1400 2547 1513 2575 servitio
1537 2551 1614 2575 utere
1634 2547 1668 2574 ad
1688 2556 1738 2575 vo-

951 2593 1064 2621 luntatis
1086 2593 1234 2620 Dominica:
1257 2593 1472 2620 observantiam.
1493 2591 1531 2620 Ne
1553 2600 1619 2628 ergo
1646 2601 1738 2622 mores

953 2640 1059 2667 nobiles
1073 2644 1100 2667 et
1114 2639 1149 2666 ob
1160 2639 1266 2674 praxim
1282 2643 1308 2666 et
1330 2639 1581 2666 considerationem
1598 2640 1738 2674 egregiam

952 2687 1071 2713 indolem
1095 2690 1122 2713 et
1149 2685 1252 2712 honore
1273 2684 1383 2720 dignam
1418 2689 1482 2712 ante
1505 2685 1695 2712 liberationem
1724 2693 1739 2712 a

953 2741 1077 2768 corpore,
1099 2737 1126 2760 et
1151 2736 1298 2767 antequam
1321 2731 1465 2759 victoriam
1497 2732 1630 2760 adversus
1659 2740 1739 2758 Inun-

956 2781 1021 2808 dum
1038 2780 1229 2816 consequaris,
1255 2788 1310 2815 pra:
1328 2786 1353 2808 Ic
1378 2780 1451 2808 ferre
1472 2780 1570 2816 iactes,
1595 2785 1621 2807 et
1642 2780 1738 2809 intem-

141 2867 180 2901 (Ἠ
195 2866 258 2893 Ald.
275 2865 345 2894 Ven.
364 2865 446 2894 Basil.
469 2865 565 2894 Colon.
584 2865 631 2901 [et
647 2864 767 2900 Beued.]
787 2863 823 2891 τί.
839 2863 902 2891 Ald.
920 2861 1015 2891 Venet.
1033 2865 1060 2890 et
1079 2860 1162 2889 Basil.
1179 2861 1195 2897 ἦ
1211 2869 1260 2897 pro
1278 2862 1305 2896 ἡ,
1320 2865 1346 2889 ct
1362 2865 1423 2898 post
1437 2868 1462 2890 ν.
1480 2861 1551 2897 τομή
1571 2864 1634 2888 nota
1652 2860 1738 2888 inter-

104 2910 130 2930 ιι(
137 2902 270 2938 gutiouis.
