1920 3046
197 117 249 145 819

196 179 300 213 pestive
337 179 458 214 glorians
489 181 516 207 in
541 180 724 216 abjectionem
751 181 907 216 dejiciaris,
933 182 981 209 sed

197 223 307 258 quando
322 225 356 252 de
376 225 551 254 obviantibus
573 227 754 261 corporaliter
778 228 931 255 obstaculis
957 233 984 255 et

196 270 389 304 spiritualibns
404 272 514 299 malitiae
527 272 748 306 oppositionibus
764 273 852 300 victor
864 274 983 301 evadens

196 316 304 343 solutus
323 315 419 350 fueris,
441 323 506 345 tunc
527 318 561 345 ad
581 318 664 345 Deum
685 319 779 346 venies
799 320 886 354 gloria
905 319 985 347 deco-

196 367 273 389 ratus
289 370 396 397 magna.

197 417 246 443 157
267 416 341 444 Servi
368 424 455 445 autem
479 419 552 453 quid,
573 428 604 446 ac
627 419 757 454 praecipue
777 420 822 454 qui
854 420 902 448 Dei
915 422 984 448 servi

852 455 925 491 [sunt
935 458 948 483 Ζ)

232 505 379 542 Postquam
397 511 480 543 legem
498 509 578 536 dictis
592 509 712 537 dominis
728 510 983 544 posuit,humiliare

196 559 226 578 se
240 555 267 579 et
283 554 423 581 conservis
442 554 481 580 uti
501 554 621 587 famulis,
639 555 759 582 scientes
781 556 856 591 quod
876 561 904 583 et
929 557 982 592 ipsi

195 597 341 626 Dominum
360 600 461 628 habent
477 602 505 627 in
529 601 618 633 coclis,
634 606 664 628 ut
684 601 729 628 isti
752 602 816 629 talia
840 602 983 632 audientes

196 646 268 672 sicut
288 647 346 681 pari
362 647 461 681 dignos
484 649 587 675 honore
607 655 661 675 non
679 649 824 683 insurgant
847 649 874 676 in
893 649 980 676 domi-

195 700 256 724 nos,
270 693 335 727 qttid
353 693 387 720 de
409 694 538 722 famulis?
562 702 610 729 pro
635 694 713 721 vobis
734 695 808 722 enim
829 696 982 730 spiritualis

195 738 335 772 legislator
358 747 513 767 sermonem
535 740 681 775 protrahit.
705 740 775 773 Quid
801 749 866 776 ergo
886 747 982 774 vos.et

195 785 347 818 praesertim
361 786 406 820 qui
425 785 470 812 Dei
486 787 558 813 servi
574 794 636 814 esse
649 787 755 815 vultis?
769 795 822 814 non
838 788 981 823 indignum

193 829 371 863 iudicandum
387 834 430 857 est
444 831 567 858 dominis
578 832 681 858 servire
692 839 699 863 ;
709 835 735 858 et
744 831 811 858 illud
824 832 983 866 quomodo?

194 882 248 901 non
267 876 298 901 ad
325 876 435 903 oculum
464 877 624 904 obedientes
643 877 714 904 sicut
738 877 896 905 hominibus
924 878 982 912 pla-

193 926 297 953 centes,
312 922 360 949 sed
371 930 404 949 ex
419 923 513 949 animo
535 930 597 949 cum
620 922 703 950 corde
731 923 864 950 benevolo
879 927 906 950 et
919 922 980 956 ﬁde,

192 965 344 992 scentulum
361 967 543 1001 apostolicum
561 968 763 1003 praescriptum,
777 969 849 996 sicut
865 968 981 995 Domino

192 1016 220 1039 et
237 1020 292 1039 non
313 1014 482 1046 hominibus,
499 1015 540 1043 sic
562 1016 683 1044 dominis
701 1017 800 1044 vestris
826 1017 981 1045 inservien-

192 1063 246 1086 tem
261 1059 391 1086 honorem
404 1064 431 1087 et
446 1060 608 1088 famulatum
625 1062 699 1095 date,
717 1070 768 1089 nec.
781 1063 980 1090 exhibitionent

193 1103 342 1132 famulatus
357 1106 529 1139 erubescite;
546 1108 664 1135 liberum
680 1109 753 1136 enim
768 1114 795 1136 et
810 1117 918 1137 servum
938 1111 980 1137 lex

192 1150 304 1186 dirigit:
322 1152 368 1187 qui
384 1153 566 1187 dispositione
584 1155 682 1182 anima:
697 1163 758 1190 quae
779 1155 890 1183 Christo
915 1164 981 1183 con—

193 1199 284 1224 veniat
298 1202 325 1225 et
336 1199 452 1226 consilio
467 1207 550 1234 agens
563 1201 635 1235 quod
655 1201 709 1228 Deo
726 1203 978 1236 conveniat,coram

193 1243 247 1271 Ι)εο
264 1250 290 1271 et
300 1245 458 1274 hominibus
474 1246 545 1274 bona
562 1247 720 1279 meditatur,
739 1248 784 1275 ille
800 1249 892 1284 reipsa
909 1249 978 1276 liber

191 1294 251 1321 est;
267 1291 314 1325 qui
329 1296 419 1318 autem
441 1300 502 1319 cum
526 1292 589 1319 dolo
604 1298 630 1320 et
648 1293 751 1321 malitia
771 1294 854 1321 vitam
877 1296 980 1329 degens

191 1343 280 1369 suam,
310 1341 404 1364 contra
435 1337 519 1365 Deum
534 1342 561 1365 et
583 1338 708 1366 homines
732 1344 826 1374 peccat
855 1345 980 1367 contem-

192 1385 263 1415 ptor,
279 1381 323 1409 hic
338 1390 401 1409 vere
426 1390 523 1410 servus
542 1387 585 1410 est
608 1384 794 1418 castigandus.
818 1384 904 1418 Igitur
926 1392 978 1412 non

193 1428 291 1454 ittalum
308 1433 350 1456 est
366 1436 475 1456 servum
493 1436 565 1460 esse,
587 1429 634 1456 sed
663 1437 778 1464 peccare
801 1431 902 1456 malum
926 1435 977 1460 est,

190 1481 253 1500 cum
271 1475 399 1503 Christus
415 1475 473 1510 ipse
488 1484 586 1504 servus
601 1476 742 1502 hominum
765 1483 847 1503 verus
870 1477 915 1508 sit.
932 1477 978 1503 sed

191 1521 323 1548 servitute
348 1522 459 1549 realiter
486 1522 568 1554 mala,
595 1525 775 1557 peccat0,eos
796 1523 844 1557 qui
867 1523 894 1549 in
915 1530 977 1549 eum

190 1565 306 1594 credunt
318 1570 447 1602 tanquam
462 1567 534 1594 Deus
547 1567 656 1594 liberat.

189 1641 238 1669 Ml
262 1640 366 1668 Pudeat
394 1646 418 1669 te
435 1642 459 1668 si
479 1641 565 1669 malus
580 1641 687 1674 audias,
705 1649 759 1668 non
779 1649 838 1668 vero
859 1642 980 1712 [siliqua-

889 1686 896 1703 ι
910 1686 942 1704 τε.

889 1686 942 1704 ιιιδ.

225 1721 322 1748 Adhuc
339 1722 433 1748 eadem
446 1722 637 1756 propositione
653 1729 770 1757 pergens
785 1721 896 1748 divinus
915 1723 976 1748 illu-

191 1767 311 1794 minator
335 1767 433 1794 suadet
452 1776 486 1795 ne
502 1768 652 1795 erubesuas
675 1772 702 1794 te
716 1771 842 1794 vocatum
865 1768 980 1795 audiens

191 1822 300 1841 servum
325 1817 372 1840 aut
396 1813 522 1840 obscurae
545 1813 679 1848 prosapiae
704 1813 859 1847 hominem,
886 1822 919 1841 ne
934 1823 980 1841 ex-

190 1859 255 1887 inde
274 1863 395 1887 mutatus
417 1860 549 1886 adversus
567 1867 628 1886 eum
649 1859 695 1894 qui
713 1860 908 1887 contumeliam
929 1861 980 1886 im-

191 1912 292 1939 ponere
303 1905 410 1932 videtur
422 1905 585 1939 indignaris.
603 1905 675 1938 Quid
693 1906 764 1933 enim
789 1910 830 1932 est
853 1906 980 1941 prosapia

190 1955 217 1979 et
234 1952 297 1985 quis
309 1951 342 1980 de
359 1952 444 1979 nobili
458 1959 558 1987 genere
578 1951 758 1979 celebratus?
780 1951 839 1979 Non
858 1953 905 1987 qui
922 1953 979 1987 jam

191 1996 296 2031 pridem
315 1996 415 2023 mortui
433 1999 496 2022 sunt
509 2000 536 2022 et
552 1995 578 2022 in
594 1996 722 2030 sepulcro
750 2000 979 2030 putrucruut,nec

192 2041 238 2067 isti
260 2048 377 2074 quorum
405 2040 528 2074 dispersa
553 2044 618 2066 sunt
633 2040 712 2074 juxta
733 2039 891 2075 Scripturas
916 2046 978 2067 Ossa

191 2092 240 2119 per
263 2084 411 2111 infernum.
431 2083 531 2118 thuid
557 2091 622 2118 ergo
653 2083 766 2118 grandia
786 2084 922 2119 cogitares
944 2085 980 2112 ob

191 2130 364 2166 putredinem
381 2133 407 2156 et
427 2129 561 2157 fetentcs?
575 2129 628 2156 Sed
648 2130 748 2155 malum
765 2134 792 2156 et
810 2130 941 2163 injuslum
955 2135 980 2157 te

192 2177 307 2204 audiens
338 2180 385 2202 aut
411 2176 523 2210 impium
551 2176 758 2210 exprobratum,
785 2177 928 2209 erubesce,
953 2181 979 2204 et

190 2231 239 2258 per
259 2222 448 2257 ptenitentiam
467 2227 591 2249 mutatus
605 2222 693 2250 bonus
710 2222 756 2250 ﬁas
774 2223 800 2249 in
819 2223 939 2255 Christo,
952 2228 979 2250 et

191 2270 232 2296 sic
247 2269 304 2304 ipse
321 2268 472 2295 honoratus
487 2273 513 2295 et
528 2276 576 2303 per
592 2269 718 2295 virtutem
732 2268 840 2295 celeber
854 2268 977 2300 elfectus,

191 2314 283 2348 generi
298 2314 406 2340 initium
423 2313 503 2341 dabis
524 2317 550 2340 ct
571 2314 696 2348 gloriatio
715 2314 742 2340 in
765 2314 848 2340 vitam
868 2315 978 2341 venien-

190 2361 263 2387 tibus
279 2364 340 2394 post
356 2364 381 2387 te
396 2361 462 2392 eris,
481 2360 555 2395 quod
570 2360 656 2386 multo
673 2360 771 2386 melitls
789 2360 876 2395 magis
897 2368 978 2394 expe-

190 2407 230 2433 dit
246 2406 293 2433 tibi
308 2414 389 2440 quam
408 2406 517 2440 generis
535 2406 658 2432 ultimtun
675 2414 737 2433 esse
754 2410 780 2433 et
793 2414 840 2440 per
866 2407 977 2434 nimiam

190 2454 321 2481 malitiam
335 2454 454 2480 dedecus
469 2457 496 2480 et
508 2453 684 2480 abolitionem
697 2460 768 2480 esse.
786 2453 879 2488 Itaque
897 2453 919 2480 si
938 2454 977 2481 sis

190 2501 298 2534 integer
318 2503 345 2526 et
362 2500 451 2526 bonus
468 2499 496 2526 in
518 2499 593 2526 omni
620 2499 720 2534 pietate
739 2502 766 2526 et
789 2499 890 2526 virtute
913 2507 978 2526 con-

190 2547 314 2585 Spicuus,
330 2547 417 2572 multo
432 2546 530 2573 melius
545 2549 571 2572 et
587 2545 776 2572 honorabilius
787 2546 838 2572 erit
849 2554 931 2581 quam
943 2555 975 2574 ex

190 2592 268 2619 bonis
282 2596 310 2619 et
324 2592 435 2627 optimis
449 2595 527 2619 ortus
545 2591 590 2626 qui
606 2592 669 2619 talis
682 2599 735 2618 non
752 2592 799 2619 sis.

191 2640 241 2666 “5
276 2639 325 2665 Dei
358 2639 441 2666 solius
464 2646 602 2674 rerumque
634 2639 784 2665 divinarum
816 2639 976 2709 ἱιιῗαιίαοὶίίε

861 2679 926 2701 esto.

861 2679 926 2701 esto.

225 2719 274 2747 Est
289 2725 315 2748 et
327 2720 445 2747 aviditas
473 2719 620 2746 laudabilis
640 2723 667 2746 et
677 2719 844 2747 desiderium
865 2721 977 2748 insatia-

190 2766 243 2794 bile
258 2774 314 2801 qno
334 2766 430 2794 ardere
462 2770 579 2800 oportet,
607 2765 680 2800 quod
700 2765 809 2793 divinus
829 2774 919 2794 sermo
942 2774 976 2795 ne

190 2813 355 2847 repellamus
371 2813 475 2839 incitat.
489 2812 559 2844 Quid
580 2817 621 2840 est
645 2812 741 2840 istud?
763 2812 805 2840 Ad
826 2812 910 2840 Deum
930 2821 976 2840 so-

191 2859 250 2889 ἔδω
264 2863 291 2887 et
312 2859 403 2886 divina
416 2859 610 2888 insatiabiliter
627 2859 831 2895 concupiscere.
849 2858 909 2887 Haec
921 2868 974 2887 am-

877 120 1026 148 NICETAS
1047 121 1149 150 οΑνιο

1772 119 1821 148 82’!

1035 183 1090 215 κῶς
1105 183 1376 219 ὲμποόοστατούντων
1391 185 1570 220 κωλυμάτων,
1586 183 1637 211 τῶν
1653 193 1682 212 τε
1700 192 1822 219 πνευμα-

1034 230 1118 256 τικῶν
1136 230 1186 264 τῆς
1207 231 1338 266 πονηρίας
1360 231 1523 258 ἀντιθέσεων
1541 231 1717 266 ὑπεραναὸὰς
1730 251 1737 260 ,
1756 231 1823 257 ἀπο-

1034 274 1126 310 λυθῇς,
1142 275 1202 302 τότε
1217 276 1284 311 πρὸς
1294 277 1340 303 τὸν
1355 277 1422 303 Θεὸν
1436 278 1576 313 εξπλεύσῃ
1596 277 1666 312 μετὰ
1683 277 1764 312 δόξης
1784 285 1823 304 τι·

1036 320 1179 356 μιώτατος.

1035 419 1086 446 157
1101 421 1133 446 Ol
1149 419 1176 446 δ’
1188 420 1297 447 οἰκέται
1309 430 1335 448 τι
1349 421 1399 448 καὶ
1409 420 1545 456 μάλιστα
1561 423 1588 448 οἱ
1604 422 1698 454 Θεοῦ;

1068 507 1260 543 Νομοθετήσας
1278 508 1340 540 τοὺς
1357 508 1519 544 λεγομένους
1542 510 1675 536 δεσπότας
1697 518 1825 536 ταπεινο-

1035 554 1142 588 φρονεῖν
1156 555 1202 580 καὶ
1217 554 1368 586 συνδούλοις
1379 555 1494 590 χρῆσθαι
1507 557 1562 587 τοῖς
1574 557 1702 588 οἰκέταις,
1718 556 1824 588 εἰδότας

1033 599 1074 625 ὅτι
1101 599 1148 626 καὶ
1170 600 1246 626 αὐτοὶ
1267 599 1367 635 Κύριον
1383 600 1490 635 ἔχουσιν
1508 602 1537 627 ἐν
1552 601 1692 637 οὐρανοῖς,
1712 602 1756 629 ἵνα
1784 603 1824 637 μὴ

1033 644 1109 671 ταῦτ’
1121 645 1266 677 ἀκούοντες
1278 646 1393 677 ἐκεῖνοι,
1410 645 1447 677 ὡς
1468 646 1605 682 ὁμοτίμων
1627 647 1824 683 κατεπαρθῶσι

1033 690 1087 716 τῶν
1103 690 1252 723 δεσποτῶν,
1268 691 1294 718 τί
1313 691 1356 718 δαὶ
1371 692 1395 718 οί
1416 691 1539 725 οίκέται;
1557 693 1625 728 πρὸς
1647 693 1722 727 ὑμᾶς
1738 693 1794 728 γὰρ
1810 695 1826 719 ὁ

1034 737 1216 772 πνευματικὸς
1231 736 1378 773 νομοθέτης
1389 737 1434 764 τὸν
1447 738 1524 772 λόγον
1536 739 1705 766 ἀποτείνεται
1718 747 1724 753 ·
1738 739 1764 765 τί
1776 737 1826 765 οὖν

1034 784 1121 819 ὑμεῖς,
1142 784 1189 810 καὶ
1210 783 1326 819 μάλιστα
1350 785 1374 811 οἱ
1397 785 1443 811 τοῦ
1471 785 1538 812 Θεοῦ
1563 785 1651 813 δοῦλοι
1677 788 1826 822 τυγχάνειν

1035 830 1186 863 ἐθέλοντες;
1204 831 1249 866 Μὴ
1273 831 1418 862 ἁπαξιοῦτε
1437 831 1571 858 δουλεύειν
1589 834 1646 864 τοῖς
1660 832 1823 865 δεσπόταις·

1035 875 1082 902 καὶ
1095 875 1173 902 τοῦτο
1187 875 1261 908 πῶς
1271 876 1316 911 Μὴ
1325 875 1634 912 κατ’ὀιρθαλμοδουλεῐαν
1648 877 1685 909 ὡς
1698 877 1827 913 ἀνθρωπ-

1032 921 1153 957 άρεσκοι,
1179 921 1236 948 ἀλλ’
1253 923 1284 948 ὲκ
1309 922 1397 957 ψυχῆς
1417 923 1476 957 μετ’
1495 923 1600 955 εὐνοίας
1620 924 1668 950 καὶ
1691 924 1826 955 πίστεως.

1031 968 1102 994 κατὰ
1121 968 1170 1003 τὴν
1189 968 1369 1004 ἀποστολικὴν
1380 969 1577 1003 παραγγελίαν,
1594 969 1632 1001 ὡς
1653 969 1692 1005 τῷ
1714 969 1824 1005 Κυρίῳ,

1032 1014 1079 1040 καὶ
1099 1014 1149 1040 οὐκ
1173 1013 1337 1049 ἀνθρώποις,
1363 1013 1434 1040 οὕτω
1458 1015 1514 1046 τοῖς
1535 1015 1640 1049 κυρίοις
1668 1015 1744 1050 ὑμῶν
1771 1015 1826 1051 τὴν

1032 1059 1208 1094 ὀφειλομένην
1224 1058 1307 1094 τιμὴν
1328 1059 1376 1085 καὶ
1395 1059 1516 1086 δουλείαν
1537 1060 1686 1092 ἀποδίδοτε,
1709 1061 1757 1087 καὶ
1782 1061 1826 1096 μὴ

1031 1105 1060 1131 τὺ
1074 1105 1222 1140 πρόσχημα
1242 1105 1292 1140 τῆς
1305 1104 1427 1137 δουλείας
1450 1105 1646 1140 ἐπαισχύνεσθε
1656 1115 1664 1122 ·
1678 1106 1826 1142 ἐλεύθερον

1030 1152 1083 1186 γὰρ
1100 1151 1145 1177 καὶ
1166 1150 1257 1177 δοῦλον
1271 1152 1285 1177 ὁ
1303 1150 1403 1186 τρόπος
1417 1151 1547 1184 ὁρίζεται.
1572 1152 1619 1183 Ὃς
1637 1150 1686 1186 μὲν
1704 1151 1827 1187 Χριστο-

1031 1198 1131 1232 πρεπεῖ
1144 1196 1233 1232 ψυχῆς
1248 1196 1365 1223 διαθέσει
1380 1197 1427 1223 καὶ
1442 1196 1538 1232 γνώμῃ
1553 1196 1694 1232 χρώμενος
1707 1196 1826 1231 θεοπρε-

1031 1245 1077 1270 πεῖ
1096 1243 1210 1270 ἐνώπιον
1227 1244 1294 1270 Θεοῦ
1315 1244 1361 1270 καὶ
1379 1243 1529 1279 ἀνθρώπων
1544 1245 1699 1278 προνοεῖται
1720 1243 1826 1278 ἀγαθὰ,

1030 1288 1106 1322 οὗτος
1119 1289 1259 1325 ἐλεύθερος
1271 1289 1310 1324 τῷ
1325 1290 1381 1316 ὄντι
1398 1290 1471 1316 ἐστίν
1483 1299 1489 1304 ·
1506 1289 1535 1321 ὃς
1549 1290 1577 1316 δὲ
1596 1290 1691 1321 δολίως
1710 1291 1757 1316 καὶ
1772 1298 1826 1316 κει-

1030 1337 1170 1373 κοτρόπως
1187 1336 1232 1363 τὸν
1253 1336 1335 1363 αὑτοῦ
1360 1335 1531 1362 διαϐιώσκων
1548 1336 1621 1371 βίον,
1639 1336 1708 1372 πρός
1727 1344 1757 1362 τε
1775 1335 1827 1362 τὸν

1030 1384 1096 1410 θεὸν
1106 1383 1187 1409 αὐτὸν
1201 1383 1248 1409 καὶ
1260 1383 1323 1413 τοὺς
1338 1381 1497 1418 ἀνθρώπους
1510 1383 1673 1418 ἁμαρτάνων
1688 1391 1826 1418 καταφροη

1030 1430 1079 1461 νεῖ,
1094 1427 1170 1461 οὗτος
1183 1429 1289 1464 ἀληθῶς
1301 1428 1393 1460 δοῦλος
1410 1429 1527 1465 ὑπάρχει
1545 1429 1701 1464 μαστιγίας.
1716 1429 1826 1455 οῦκουν

1029 1475 1059 1501 τὸ
1077 1475 1168 1502 δοῦλον
1184 1473 1253 1502 εἶναι
1268 1475 1352 1502 κακὸν
1365 1496 1372 1508 ,
1387 1475 1418 1502 τὸ
1442 1475 1608 1511 ἁμαρτάνειν
1628 1476 1656 1502 δὲ
1666 1496 1673 1508 ,
1688 1476 1750 1501 ἐπεὶ
1773 1475 1826 1501 καὶ

1031 1522 1147 1558 Χριστὸς
1164 1521 1244 1553 αὐτὸς
1253 1521 1345 1552 δοῦλος
1356 1521 1506 1557 ἀνθρώπων
1519 1519 1617 1555 ὦπται,
1630 1521 1698 1548 ἀλλὰ
1711 1521 1759 1548 καὶ
1771 1522 1826 1556 τῆς

1030 1567 1113 1598 ὅντως
1128 1566 1249 1598 δουλείας
1265 1567 1361 1601 κακῆς,
1376 1567 1426 1602 τῆς
1441 1566 1588 1602 ἁμαρτίας,
1605 1566 1668 1598 τοὺς
1686 1566 1761 1600 αὐτῷ
1775 1575 1827 1592 πι-

1031 1612 1174 1643 στεύοντας
1185 1612 1222 1641 ὠς
1235 1612 1301 1644 Θεὸς
1316 1612 1463 1648 ἐλευθεροῖ.

1032 1660 1079 1687 Ml
1096 1661 1194 1692 Καλὸς
1209 1659 1234 1685 δ’
1250 1660 1368 1687 ἀκούων
1379 1659 1540 1694 αὶιγχύνου,
1557 1659 1600 1694 μὴ
1618 1659 1784 1694 δυσγενής.

1067 1739 1127 1765 Ἔτι
1141 1739 1190 1774 τῆς
1203 1739 1286 1773 αὐτῆς
1301 1738 1405 1771 ἑννοίας
1415 1738 1541 1774 ἐχόμενος
1553 1740 1567 1766 ὁ
1581 1738 1739 1775 θεοφάντωρ
1750 1748 1826 1774 παρ-

1030 1787 1100 1812 αινεῖ
1123 1787 1160 1821 μὴ
1182 1785 1402 1820 ἐπαισχύνεσθαι,
1417 1785 1509 1812 δοῦλον
1519 1785 1650 1812 ἀκούοντα
1663 1785 1679 1820 ἢ
1692 1785 1824 1820 δυσγενῆ,

1032 1832 1092 1868 μηδ’
1112 1832 1157 1858 ἐπὶ
1183 1832 1270 1866 τούτῳ
1287 1831 1511 1867 διατρεπόμενον,
1529 1831 1599 1858 κατὰ
1623 1831 1670 1857 τοῦ
1696 1831 1823 1866 ὑῦρίζειν

1030 1877 1171 1908 δοκοῦντος
1187 1878 1361 1911 ἀγανακτεῖν.
1385 1877 1417 1903 Τί
1436 1877 1489 1912 γάρ
1506 1878 1563 1904 ἐστι
1580 1877 1667 1910 γένος.
1688 1877 1736 1904 καὶ
1751 1877 1794 1908 τίς
1810 1879 1827 1904 ὁ

1031 1923 1214 1958 φημιζόμενος
1230 1923 1359 1957 εὐγενὴς;
1377 1922 1433 1957 Οὐχ
1449 1923 1473 1948 οἱ
1490 1922 1575 1948 πάλαι
1594 1922 1719 1953 θανόντες
1729 1922 1776 1948 καὶ
1792 1923 1827 1948 ἐν

1030 1969 1107 2005 τάφῳ
1124 1969 1282 2004 σεσηπότες,
1299 1968 1347 2003 οὐχ
1359 1965 1396 1994 ὧν
1411 1968 1588 2004 ἐσκορπίσθη,
1601 1968 1673 1995 κατὰ
1685 1967 1735 2004 τὴν
1750 1968 1826 2003 Γρα-

1031 2015 1094 2052 (poi-tv,
1108 2016 1141 2042 τὰ
1151 2015 1217 2041 ὁστᾶ
1232 2015 1306 2050 παρὰ
1316 2014 1361 2041 τὸν
1377 2014 1459 2050 ᾅδην·
1473 2014 1499 2040 τί
1515 2013 1562 2040 οὖν
1581 2023 1621 2041 σοι
1632 2013 1679 2040 καὶ
1693 2013 1724 2040 τὸ
1735 2023 1821 2050 μεγαν

1031 2062 1168 2097 λοφρονεῖν
1181 2061 1225 2087 ἐπὶ
1237 2062 1269 2096 τῇ
1283 2061 1385 2095 σαπρίᾳ
1400 2061 1512 2092 καὶτοῖς
1526 2060 1668 2093 ὀδωδόσινς
1682 2061 1776 2092 Κακὸς
1791 2061 1824 2088 ἐμὲ

1031 2109 1078 2134 καὶ
1091 2107 1181 2139 ἄδικος
1194 2108 1299 2134 ἀκούων
1312 2107 1328 2142 ἢ
1342 2107 1452 2142 ἀσεϐὴς,
1468 2107 1606 2142 αἰσχύνοι),
1615 2108 1662 2134 καὶ
1674 2107 1718 2134 διὰ
1737 2117 1826 2143 μετα-

1031 2154 1104 2184 νοίας
1125 2152 1313 2188 ἁλλοιούμενος
1330 2152 1465 2187 ἀγαῡύνου
1490 2153 1518 2179 ὲν
1541 2153 1659 2188 Χριστῷ,
1673 2154 1720 2180 καὶ
1734 2154 1825 2185 οὕτως

1033 2199 1113 2230 αὐτὸς
1128 2199 1263 2234 τιμηθεὶς,
1279 2199 1324 2225 καὶ
1339 2199 1372 2225 δι’
1386 2199 1485 2234 ἀρετῆς
1497 2199 1640 2234 γενόμενος
1658 2199 1825 2234 ὀνομαστὸς,

1030 2246 1125 2280 γένους
1149 2245 1296 2281 προάρξεις
1321 2245 1367 2271 καὶ
1393 2245 1525 2280 καύχησις
1548 2247 1605 2276 τοῖς
1629 2246 1669 2276 είς
1693 2245 1739 2272 τὸν
1763 2246 1825 2280 βίον

1032 2291 1116 2317 ἰοῦσιν
1132 2290 1181 2326 ἔσῃ
1196 2290 1266 2326 μετὰ
1281 2291 1321 2320 σὲ,
1336 2290 1350 2316 ὃ
1365 2291 1432 2317 πολὺ
1447 2291 1551 2326 βέλτιον
1566 2291 1613 2317 καὶ
1632 2291 1823 2318 λυσιτελέστε-

1030 2337 1076 2372 ρόν
1099 2337 1139 2363 σοί
1162 2337 1245 2368 ἔστιν,
1267 2335 1283 2372 ἢ
1307 2336 1338 2362 τὸ
1353 2336 1430 2370 γένος
1445 2336 1521 2363 λύειν
1544 2337 1591 2363 καὶ
1615 2336 1647 2363 δι’
1664 2337 1823 2373 ὑπερϐολὴν

1029 2382 1127 2414 κακίας
1146 2382 1260 2417 ἀτιμοῦν
1276 2382 1321 2409 καὶ
1340 2381 1493 2416 ἀφανίζειν·
1510 2382 1603 2418 ὥσπερ
1625 2383 1672 2410 καὶ
1691 2384 1723 2410 τὸ
1738 2385 1822 2411 αὐτὸν

1029 2425 1098 2454 εἶναι
1111 2427 1192 2454 καλὸν
1208 2428 1254 2454 καὶ
1268 2427 1368 2461 ἀγαθὸν
1381 2427 1415 2454 δι’
1431 2427 1572 2459 εὐσεϐείας
1586 2428 1677 2464 πάσης
1692 2429 1739 2455 καὶ
1753 2430 1821 2466 ἁρε-

1027 2473 1077 2507 τῆς
1090 2473 1224 2510 ἐπίσημον
1235 2473 1431 2509 καθεστηκότα,
1439 2473 1506 2500 πολὺ
1519 2473 1620 2508 βέλτιον
1631 2474 1680 2500 καὶ
1690 2476 1821 2510 τιμιώτε-

1030 2527 1085 2554 ρον,
1105 2519 1122 2554 ἢ
1145 2519 1176 2545 τὸ
1192 2509 1221 2550 ἐξ
1240 2518 1349 2552 ἀγαθῶν
1376 2519 1423 2545 καὶ
1445 2519 1534 2546 καλῶν
1558 2519 1765 2556 βεϐλαστηκότα
1783 2523 1819 2557 μὴ

1027 2565 1146 2592 τοιοῦτον
1164 2563 1243 2593 εἶναι,

1028 2643 1079 2671 145
1092 2642 1166 2670 Θεοῦ
1175 2643 1270 2678 μόνου
1282 2643 1368 2670 θείων
1380 2651 1412 2669 τε
1425 2642 1589 2677 ἀπλήστως
1600 2643 1690 2678 ἔχειν.

1064 2723 1142 2749 Ἔστι
1160 2722 1208 2748 καὶ
1222 2721 1359 2757 ἀπληστία
1368 2720 1497 2756 ἐπαινετὴ
1510 2721 1557 2748 καὶ
1571 2721 1706 2757 ἐπιθυμία
1717 2723 1817 2759 ἀκόρε-

1028 2776 1088 2799 στος
1099 2768 1192 2802 δεητὴέ
1203 2765 1237 2802 ἧς
1247 2769 1261 2794 ὁ
1273 2767 1344 2799 θεῖος
1354 2767 1432 2801 λόγος
1446 2767 1605 2802 ἀντέχεσθαι
1617 2767 1816 2802 προτρέπεται.

1026 2814 1075 2846 Τίς
1089 2811 1135 2840 οὖν
1148 2814 1220 2840 ἐστιν
1233 2813 1302 2849 αὕτη
1313 2823 1320 2847 ;
1335 2813 1403 2840 Θεοῦ
1416 2814 1495 2848 μόνου
1509 2814 1556 2839 καὶ
1568 2813 1621 2840 τῶν
1634 2812 1716 2840 θείων
1727 2814 1816 2849 ἀπλή-

1032 2868 1099 2892 στως
1115 2860 1180 2896 ὲρᾷν
1191 2868 1198 2875 '
1214 2859 1283 2895 αὕτη
1301 2859 1440 2891 πλεονεξία
1455 2858 1534 2894 καλὴ,
1551 2859 1581 2886 τὸ
1595 2858 1639 2886 ἀεὶ
1660 2859 1753 2887 ποθεῖν
1772 2859 1818 2888 καὶ
