1920 3046
89 149 142 176 821

89 208 183 242 ζητεῖν
194 207 224 233 τὸ
241 207 386 242 πρόσωπον
401 208 446 235 τοῦ
460 208 529 235 Θεοῦ
551 210 648 237 Ἰακὼϐ
660 212 689 238 ἐν
699 212 809 248 Χριστῷ
827 213 879 248 Ἰη-

89 252 150 286 σοῦ,
162 253 193 284 ὃς
205 254 262 285 τοῖς
275 253 457 289 λαμϐάνουσιν
474 255 554 281 αὐτὸν
574 255 613 283 ἔτι
635 258 796 293 προσδίδωσι
812 259 879 294 μᾶλ-

87 299 135 326 λον
152 299 262 326 ἑαυτόν·
277 300 403 329 τοσοῦτον
421 300 475 336 γὰρ
497 302 594 336 ἀπέχει
613 303 660 329 τοῦ
677 304 881 340 ἀποτρέπεσθαι

87 347 105 380 ἦ
120 346 341 381 ἀποστρέφεσθαι
355 348 418 380 τοὺς
433 348 590 383 ὲγγίζοντας
606 349 690 385 αὐτῷ,
703 350 743 376 ὅτι
758 351 805 377 καὶ
817 351 882 386 μᾶλ-

86 393 136 418 λον
152 392 217 428 διψᾷ
228 393 259 419 τὸ
271 393 410 428 διψᾶσθαι,
427 395 441 420 ὃ
453 395 511 421 ἐστι
528 395 606 422 ποθεῖ
618 395 648 422 τὸ
662 396 815 429 ποθεῖσθαι,
834 397 881 423 καὶ

88 439 166 472 φιλεῖ
185 439 215 465 τὸ
236 439 412 473 ἀγαπᾶσθαι,
426 440 469 467 καὶ
495 440 619 475 ἀφθόνως
645 441 687 467 ἀεὶ
709 442 804 468 ἑαυτὸν
825 443 881 474 τοῖς

89 486 222 519 ἐρασταῖς
239 485 321 512 αὐτοῦ
333 485 492 521 χαρίζεται·
514 486 620 513 τοιοῦτο
634 487 688 523 γὰρ
705 488 721 523 ἡ
739 488 880 524 ὑπεράγα-

89 530 137 562 θος
145 531 311 567 ἀγαθαρχία,
325 531 369 558 διὰ
382 531 437 558 τῶν
450 533 615 566 παναγάθων
628 533 675 560 καὶ
687 534 880 568 πνευματικῶν

87 577 178 612 αὐτῆς
203 577 312 612 δωρεῶν
341 579 397 609 τοῖς
422 578 592 613 ὰπληρώτως
615 579 698 613 αὐτῆς
725 579 881 614 ἐφιεμένοις

88 623 333 658 συνεισερχομένη.
354 623 399 650 Ἐν
418 624 523 655 τούτοις
543 623 633 659 μόνοις
647 625 664 659 ή
682 624 818 659 ἀπληστία
833 624 880 651 καὶ

88 668 233 701 πλεονεξία
248 669 390 696 κάλλιστον
403 670 443 696 ὅτι
459 670 587 705 μάλιστα,
603 671 650 697 καὶ
664 671 880 707 ἀγιοπρεπέστα-

86 725 147 749 τον,
167 709 215 743 καὶ
231 716 351 743 τέλειον·
370 718 399 743 ἐν
417 718 473 749 τοῖς
492 720 657 753 σωματικοῖς
670 718 698 744 δὲ
717 718 765 745 καὶ
786 718 880 754 ζηλου-

87 762 183 796 μένοις
196 762 320 794 πλούτοις
339 763 386 789 καὶ
397 761 487 795 δόξαις
502 764 549 790 καὶ
563 765 629 791 πᾶσι
647 766 704 796 τοῖς
722 764 814 800 ῥέουσι
833 765 880 791 καὶ

86 808 307 843 παρερχομένοις
327 808 374 834 τοῦ
389 808 436 834 νῦν
456 809 552 840 αίῶνος
573 809 684 842 ἀγαθοῖς
700 810 831 845 ήττᾶσθαί
849 819 879 837 τε

85 853 137 879 καὶ
162 852 193 878 τὸ
216 852 325 879 ἔλαττον
351 853 432 887 ἔχειν,
458 852 532 884 ἀξιον
556 854 684 889 εὐμαρῶς
712 854 880 889 ὑπομένοντα

85 897 169 933 χάριν
183 897 282 924 ειδέναι
293 898 325 932 τῇ
344 897 432 933 ἀγαθῇ
446 898 493 924 καὶ
506 898 667 933 παντουργῷ
680 899 806 934 Προνοίᾳ.

87 1009 141 1036 M9
154 1007 203 1042 Μὴ
218 1007 316 1034 πάντα
329 1006 419 1040 νικᾷν
427 1007 496 1042 μηδ’
514 1007 559 1034 ἀεὶ
573 1007 714 1042 σπουδὴν
733 1007 795 1042 ἔχε.

124 1065 232 1100 Ὠσπερ
242 1064 314 1090 ἐστιν
329 1063 461 1100 ἡττᾶσθαι
475 1063 566 1095 καλῶς
577 1063 624 1090 καὶ
637 1063 740 1096 κακῶς,
751 1063 822 1090 οὕτω
832 1064 878 1090 καὶ

84 1111 168 1146 νικᾷν
180 1110 319 1145 ὲνθέσμως
337 1110 385 1136 καὶ
398 1109 525 1144 ἀθέσμως
537 1118 544 1124 ·
558 1110 672 1144 ἡττᾶται
687 1109 737 1144 μὲν
755 1108 846 1140 καλῶς
865 1109 878 1134 ὁ

86 1157 235 1192 φιλοσοφίᾳ
260 1156 358 1192 ἀρίστῃ
386 1156 432 1182 καὶ
453 1155 691 1190 ταπεινοφροσύνῃ
714 1154 878 1190 εὑαγγελικῇ

86 1203 173 1229 πᾶσιν
198 1202 318 1229 ὑπείκων
335 1203 390 1233 τοῖς
409 1201 552 1234 ἀδικοῦσι,
577 1202 623 1227 καὶ
654 1202 691 1236 μὴ
707 1200 879 1236 ἀμυνόμενος

84 1249 153 1279 τοὺς
177 1248 379 1283 ὲπηρεάζοντας
404 1247 499 1274 αὐτόν*
527 1247 640 1282 ἡττᾶται
664 1246 692 1273 δὲ
716 1246 808 1278 κακῶς
832 1246 879 1273 καὶ

85 1294 190 1326 ἀθλίως
208 1296 223 1321 ὁ
238 1294 289 1321 ὑπὸ
306 1293 392 1329 θυμοῦ
415 1293 432 1328 ἦ
456 1293 603 1328 ἐπιθυμίας
623 1293 720 1327 ἀλόγου
734 1293 880 1328 τυραννούε

87 1348 182 1374 μενος,
197 1339 244 1365 καὶ
261 1337 380 1372 ἀγεννῶς
394 1337 462 1374 πρὸς
480 1338 530 1373 τὴν
548 1338 687 1373 ἁμαρτίαν
703 1338 878 1373 ἀπαγόμενος

86 1385 136 1416 καὶ
153 1384 430 1420 ὲκπολιορκούμενος·
447 1383 578 1415 ὡσαύτως
596 1385 660 1419 νικᾷ
677 1384 726 1418 μὲν
741 1384 880 1419 ἑνθέσμως

87 1431 136 1457 καὶ
150 1430 279 1465 ἀσφαλῶς
302 1431 315 1456 ὁ
332 1429 371 1464 τῷ
395 1429 490 1464 ἁγαθῴ
506 1430 553 1456 καὶ
566 1430 705 1465 εὐαρέστῳ
720 1430 766 1456 καὶ
785 1429 880 1465 τελείῳ

86 1477 158 1504 Θεοῦ
181 1476 314 1512 θελήματι
337 1477 400 1512 ἄχρι
423 1476 517 1508 τέλους
542 1476 750 1511 ἀμετακινήτως
771 1475 879 1511 ἱδρυμέ-

87 1531 145 1554 νος,
161 1523 224 1558 νικᾷ
237 1522 265 1549 δὲ
282 1522 410 1557 ἀθέσμως
423 1521 469 1548 καὶ
482 1521 624 1557 σφαλερῶς
636 1523 650 1548 ό
659 1521 698 1557 τῷ
711 1521 761 1556 τῆς
775 1521 880 1553 ἀδικίας

87 1568 138 1594 καὶ
153 1567 309 1603 τυραννίδος
321 1567 416 1602 κράτει
428 1566 648 1602 κατευμεγεθῶν,
664 1566 711 1593 καὶ
723 1566 778 1592 τῶν
785 1565 880 1593 ἀθώων

88 1613 304 1649 καθυπερτερών
319 1613 365 1640 καὶ
379 1612 569 1644 κατακτιννύς.
583 1613 619 1639 Σὺ
634 1610 690 1645 οὖν,
706 1609 728 1638 ὦ
741 1612 879 1646 ἀγωνιστά

86 1659 137 1687 τοῦ
153 1658 295 1686 ἀθλοθέται)
312 1658 441 1694 Χριστοῦ,
459 1659 473 1684 ὁ
488 1658 620 1694 ἀλείπτης
640 1658 689 1693 τῆς
706 1658 806 1693 ἀρετῆς
826 1666 879 1685 πα-

90 1705 216 1742 ρακαλεῖ,
235 1706 272 1741 μὴ
290 1706 330 1737 εἰς
346 1706 437 1732 πάντα
462 1705 497 1731 τὰ
517 1705 682 1741 νομιζόμενα
699 1703 769 1732 εἶναι
790 1704 882 1739 ἀγαθά

89 1753 170 1787 νικᾷν
186 1750 357 1784 διαγωνίζου,
372 1751 428 1778 ἀλλ’
439 1752 479 1783 εις
497 1751 566 1787 μόνα
578 1751 612 1777 τὰ
626 1751 710 1783 ὅντως
724 1751 788 1778 ὄντα
800 1750 880 1783 καλὰ,

89 1798 124 1824 τὰ
142 1797 204 1824 θεῖα
220 1797 320 1833 δηλαδὴ
337 1797 384 1824 καὶ
406 1796 590 1832 πνευματικὰ,
610 1797 657 1823 καὶ
680 1797 720 1828 εἰς
739 1795 824 1823 ταῦτα
844 1796 881 1831 μὴ

89 1843 136 1871 ἀεὶ
160 1843 208 1870 καὶ
232 1843 369 1879 ἀκαίρως,
392 1843 449 1870 ἀλλ’
476 1844 540 1870 ὅταν
565 1844 579 1869 ό
603 1843 696 1874 δεκτὸς
764 1842 877 1877 καιρός·

90 1891 221 1925 κρεῖσσον
237 1889 291 1925 γὰρ
317 1889 476 1923 κρατεῖσθαι
495 1889 542 1916 καὶ
564 1888 711 1920 νικᾶσθαι,
728 1887 767 1923 τῷ
794 1888 881 1923 Ἰησοῦ

90 1936 139 1962 καὶ
153 1935 207 1962 τῶν
223 1936 305 1966 αὐτοῦ
316 1935 443 1971 μαθητῶν
451 1936 629 1970 ὑποδείγματι
641 1934 880 1970 ταπεινουμένους,

89 1980 107 2017 ἢ
126 1981 206 2015 νικᾷν
221 1981 268 2007 καὶ
283 1981 395 2015 κρατεῖν
408 1980 606 2015 ἐπαιρομένους
620 1980 667 2006 καὶ
684 1979 755 2007 κατὰ
767 1980 816 2015 τὴν
828 1980 882 2006 τῶν

90 2026 198 2053 ἀσεϐῶν
222 2026 381 2061 ὲξομοίωσιν
400 2025 610 2061 κατακυριεύειν
625 2025 680 2056 τῶν
703 2025 822 2052 εὐσεϐῶν
835 2025 882 2052 καὶ

90 2070 238 2098 ταπεινῶν.
257 2070 345 2103 Ἐστι,
363 2071 439 2105 φησὶ,
463 2070 511 2099 καὶ
527 2071 589 2102 τοὺς
605 2071 634 2096 ἐν
655 2070 694 2106 τῷ
716 2069 812 2105 κόσμῳ
829 2079 881 2096 πα-

89 2117 217 2147 λαίοντας
238 2117 304 2152 ὁρᾷν
327 2116 357 2142 οὺ
382 2116 489 2148 πάντως
518 2116 720 2151 κρατουμένους
741 2115 781 2150 τῷ
806 2115 882 2142 κάτω

89 2163 196 2194 πεσεῖν’
212 2161 462 2197 ὑποκατακλιθῆναι
476 2161 531 2197 γὰρ
542 2162 616 2188 ἐστιν
629 2162 673 2188 ὅτε
687 2161 812 2194 δόξαντες
823 2163 880 2193 τοῖς

89 2208 249 2239 ἀντιπάλοις
265 2207 313 2234 καὶ
329 2206 437 2242 χαμᾶζε
452 2209 556 2239 πεσεῖν,
576 2206 624 2233 εἶτ’
644 2207 809 2239 ἐξαπιναίως
831 2207 882 2239 λὰξ

90 2255 151 2282 κατ’
171 2254 262 2281 αὐτῶν
283 2253 442 2289 ὲναλάμενοι
468 2254 515 2279 καὶ
530 2253 718 2288 ἀναθορόντες,
737 2252 887 2292 ὑπέρθετοι.

88 2300 194 2329 τούτων
218 2299 460 2330 καταδεικνυνταιο
476 2299 562 2330 οὕτως
579 2300 603 2325 οί
627 2298 671 2325 διὰ
693 2299 738 2325 τὸν
762 2299 881 2334 Χριστὸν

90 2345 139 2371 καὶ
153 2345 203 2380 τὴν
221 2345 331 2380 ἐντολὴν
348 2345 405 2376 τοῖς
417 2345 559 2379 τυραννεῖν
577 2344 699 2371 εἰωθόσιν
716 2345 883 2371 ὑποπίπτον-

88 2399 148 2423 τες,
163 2392 193 2417 ὲν
205 2392 239 2426 τῇ
252 2390 416 2417 ταπεινώσει
433 2390 523 2417 αὐτῶν
539 2389 733 2425 ὑπερνικῶσιν,

90 2448 144 2475 155
158 2447 212 2474 Καὶ
221 2446 323 2481 ζημιοῦ
336 2455 377 2473 η’
392 2435 480 2473 τοῦτο
493 2445 600 2480 κέρδος
611 2445 769 2478 πολλάκις.

129 2525 233 2559 ’Ὠσπερ
247 2524 296 2550 οὑκ
312 2524 350 2555 εἰς
367 2523 454 2550 πάντα
469 2522 523 2549 οὐδ’
537 2522 621 2549 ἀεὶτὸ
635 2523 713 2556 νικᾷν
729 2520 879 2553 ἐπαινετὸν,

92 2571 150 2598 ἀλλ’
173 2570 233 2601 οὐδὲ
255 2570 285 2596 τὸ
306 2569 433 2596 νικᾶσθαι
448 2569 548 2604 (νικᾷν
567 2568 621 2603 γὰρ
645 2569 673 2594 ὲν
690 2566 728 2602 τῷ
742 2565 835 2601 ἀγαθῷ
850 2565 881 2592 τὸ

92 2617 190 2649 κακὸν,
202 2616 259 2643 ἀλλ’
273 2616 303 2642 οὺ
318 2615 444 2642 νικᾶσθαι
459 2615 512 2641 ὑπὸ
528 2613 574 2640 τοῦ
590 2613 676 2640 κακοῦ
694 2612 880 2648 παραγγελλό-

93 2662 165 2698 μεθα
176 2661 185 2696 )
195 2670 202 2676 '
214 2661 299 2693 οὕτως
310 2661 370 2687 οὐδὲ
381 2661 411 2687 τὸ
425 2660 577 2697 κερδαίνειν
588 2660 632 2687 ἀεὶ
645 2660 757 2694 ἀγαθὸν,
769 2659 785 2695 ἢ
797 2658 880 2687 κακὸν

91 2708 123 2734 τὸ
145 2707 325 2742 ζημιοῦσθαι·
346 2706 481 2734 ἀνάπαλιν
499 2706 528 2732 δὲ
553 2706 701 2741 συμϐαῖνον
725 2706 879 2741 θεωρεῖται.

94 2753 200 2789 Ὠσπερ
217 2752 271 2788 γὰρ
287 2754 303 2788 ἠ
319 2753 391 2788 κακὴ
406 2752 468 2787 νίκη
481 2772 488 2785 ,
504 2748 572 2787 ἧττα
596 2752 736 2788 προφανὴς
747 2773 753 2784 ,
767 2751 837 2788 ἧττα
852 2752 881 2778 δὲ

94 2797 173 2834 καλὴ,
186 2796 248 2831 νίκη
264 2797 380 2832 ὑπάρχει
396 2796 498 2832 ἀληθής
509 2806 515 2812 ·
534 2796 619 2828 οὕτως
634 2797 728 2832 κέρδος
742 2797 790 2832 μὲν
807 2796 880 2822 ἔστιν

93 2843 136 2870 ὅτε
151 2843 307 2878 σωματικὸν
325 2843 410 2879 ζημία
423 2844 538 2879 μεγίστη
550 2844 588 2879 τῷ
603 2843 781 2879 κερδαίνοντι,
795 2842 882 2877 ζημία

140 2887 218 2922 αὖθις
236 2890 275 2922 είς
289 2889 381 2925 κέρδος
395 2889 486 2926 ἀπέϐη
501 2889 538 2926 τῷ
554 2890 737 2926 ζημιουμένῳ.
755 2889 810 2917 Καὶ
824 2888 878 2926 γὰρ

594 154 628 181 ΙΝ
647 155 802 183 GAllMlN‘A
821 156 961 186 ARCANA
982 158 1011 186 S.
1029 159 1204 187 GREGORH.

1666 165 1718 193 822

933 214 1000 242 bitio
1015 215 1097 247 bona,
1118 223 1224 251 semper
1239 216 1413 244 desiderandi
1428 221 1454 245 et
1467 219 1607 253 quaarendi
1620 220 1717 250 faciem

934 259 982 286 Dei
998 259 1084 288 Jacob
1099 261 1125 287 in
1140 260 1248 288 Christo
1268 261 1332 289 Jesu
1358 262 1405 297 qui
1433 264 1648 298 suscipientibus
1675 267 1718 302 ip-

933 312 993 332 sum
1009 306 1096 341 magis
1115 306 1204 333 adhuc
1218 315 1247 335 sc
1260 308 1353 340 traditI
1377 312 1484 336 tantum
1512 310 1585 337 enim
1608 312 1720 341 absistit

931 358 966 378 ne
992 351 1025 378 ad
1043 352 1094 378 alia
1119 360 1148 380 se
1170 358 1278 380 vertant
1294 353 1341 388 qui
1367 354 1456 389 ipsum
1477 357 1718 392 appropinquant,

932 401 961 423 ut
981 396 1069 432 magis
1086 398 1162 424 sitiat
1174 401 1203 424 ut
1222 398 1258 425 sit
1272 399 1333 426 sitis
1348 399 1381 426 de
1403 400 1473 435 ipso,
1491 401 1543 428 hoc
1566 408 1618 434 est,
1644 404 1718 432 desi-

931 444 1021 470 derari
1041 443 1188 476 desiderat.
1208 450 1281 472 amat
1297 446 1383 472 amari
1398 450 1426 473 et
1440 446 1531 479 ipsum
1561 449 1718 477 amantibus

931 489 1033 524 absque
1047 490 1148 517 invidia
1163 498 1270 526 semper
1288 499 1317 519 se
1333 493 1456 528 largitur.
1483 493 1573 528 Usque
1591 502 1624 522 eo
1645 496 1717 523 enim

932 537 1152 570 superexcellens
1178 538 1345 573 principium
1377 540 1467 567 omnis
1507 541 1638 570 bonitatis
1670 551 1719 578 per

931 581 1002 608 dona
1018 589 1050 608 ex
1064 582 1139 609 omni
1157 587 1234 617 parte
1251 584 1321 610 bona
1341 588 1367 611 et
1379 585 1534 620 spiritualia
1549 587 1591 614 his
1609 588 1656 622 qui
1679 588 1720 616 in-

931 626 1095 654 satiabiliter
1115 628 1218 656 fontem
1246 629 1379 658 bonitatis
1396 631 1563 664 desiderant,
1583 641 1612 660 se
1628 634 1718 660 immi-

930 675 998 699 scet.
1012 671 1041 699 lu
1056 672 1099 700 his
1115 673 1180 701 solis
1195 674 1276 702 donis
1291 675 1455 703 insatiabilis
1467 677 1583 705 aviditas
1597 682 1623 705 et
1636 679 1720 706 ambi-

929 717 968 743 tio
988 725 1069 751 qnam
1088 719 1207 746 maxime
1222 719 1292 746 bona
1319 725 1361 747 est
1381 725 1408 748 et
1431 722 1534 749 sanctis
1554 724 1719 751 conveniens

929 767 955 788 et
970 762 1106 797 perfecta;
1124 763 1151 789 in
1169 765 1362 798 corporalibus
1375 773 1440 792 vero
1451 769 1478 793 et
1495 767 1574 794 avide
1595 768 1718 802 quatsitis

930 807 1033 835 divitiis
1046 812 1072 835 et
1088 808 1173 843 gloria
1189 814 1216 836 et
1231 810 1358 838 omnibus
1372 810 1519 839 ﬂuentibus
1533 817 1560 840 et
1578 818 1720 842 transeun-

930 851 1004 880 tibus
1035 853 1085 879 δινί
1098 854 1170 887 quod
1188 862 1261 881 nunc
1276 859 1318 882 cst
1331 855 1422 887 bonis.
1441 857 1558 884 minoris
1580 859 1667 892 partis
1691 864 1718 886 et

931 896 1032 931 gradus
1042 905 1113 930 esse,
1129 898 1240 933 dignum
1261 904 1304 927 est
1329 900 1445 928 tolerare
1463 905 1491 928 et
1514 903 1616 937 gratias
1638 911 1718 938 agere

932 943 1011 970 bona:
1024 948 1052 971 et
1064 945 1186 972 omnium
1211 947 1359 981 operatrici
1373 947 1565 976 Providentiae.

930 1012 981 1040 149
1002 1011 1058 1039 Nec
1074 1013 1164 1041 omnia
1179 1022 1224 1043 nec
1243 1022 1344 1049 semper
1356 1016 1455 1043 vincere
1467 1016 1584 1043 studeas.

969 1064 1204 1098 Quemadmodum
1229 1072 1271 1095 est
1289 1069 1362 1095 vinci
1378 1069 1436 1096 sive
1454 1069 1533 1102 bene.
1554 1071 1611 1097 sive
1629 1074 1697 1098 male
1709 1093 1716 1104 ,

936 1110 975 1138 sic
991 1116 1033 1139 est
1056 1113 1168 1140 victoria
1195 1114 1315 1149 legitime
1331 1119 1377 1142 aut
1396 1115 1490 1143 illicite
1509 1125 1516 1143 :
1541 1117 1610 1144 bene
1630 1119 1719 1146 victus

929 1155 1002 1182 cedit
1011 1156 1057 1191 qui
1065 1156 1239 1191 philosophia
1246 1157 1348 1191 optima
1361 1157 1548 1183 cthnmihtate
1562 1158 1718 1190 evangelica

929 1202 1102 1237 obtemperat
1124 1202 1253 1230 onmibus
1271 1202 1374 1237 injuste
1396 1202 1539 1237 agentibus
1561 1206 1588 1229 et
1606 1202 1639 1229 de
1664 1201 1718 1229 sibi

930 1248 1092 1275 nocentibus
1109 1247 1240 1274 ultionem
1251 1255 1306 1275 non
1321 1247 1423 1283 exigit;
1441 1247 1510 1274 male
1521 1251 1613 1274 autem
1622 1251 1650 1274 et
1665 1247 1702 1274 mi
1712 1262 1718 1267 -

930 1292 1085 1319 serabiliter
1100 1292 1220 1319 vincitur
1235 1300 1315 1327 quem
1332 1292 1371 1319 ira
1380 1296 1407 1320 et
1423 1292 1560 1319 desideria
1576 1300 1591 1318 a
1612 1292 1720 1319 ratione

931 1346 1025 1365 aversa
1037 1338 1212 1365 dominantur
1224 1343 1251 1366 et
1267 1339 1363 1374 ignave
1377 1339 1409 1365 ad
1426 1342 1567 1373 peccatum
1586 1338 1720 1365 inducunt

930 1389 957 1413 et
979 1391 1144 1420 expugnant.
1172 1386 1233 1412 Pari
1260 1386 1341 1413 modo
1363 1386 1482 1420 legitime
1503 1389 1531 1412 et
1552 1389 1610 1412 tuto
1635 1385 1722 1412 vineit

931 1432 977 1466 qui
996 1432 1023 1458 in
1039 1432 1110 1459 bona
1123 1436 1150 1459 et
1173 1432 1289 1466 placenti
1317 1435 1344 1459 et
1370 1431 1489 1466 perfecta
1512 1431 1559 1458 Dei
1579 1431 1721 1458 voluntate

932 1485 1019 1512 usque
1034 1478 1067 1504 ad
1085 1477 1279 1512 perfectionem
1294 1478 1398 1512 absque
1413 1477 1603 1504 immutatione
1614 1477 1718 1504 conﬁr-

933 1528 1036 1557 matur;
1058 1524 1142 1550 vineit
1165 1531 1228 1550 vero
1254 1524 1349 1550 illicite
1362 1527 1388 1550 et
1407 1523 1562 1558 periculose
1585 1523 1631 1558 qui
1647 1522 1720 1557 inju-

934 1569 1015 1596 stitim
1026 1573 1053 1596 et
1067 1569 1219 1605 tyrannidis
1236 1569 1424 1596 dominatione
1445 1569 1572 1602 praevalet
1595 1573 1623 1596 et
1642 1569 1722 1595 inno-

933 1619 1026 1641 centes
1056 1614 1185 1648 opprimit
1215 1617 1242 1640 et
1272 1618 1383 1640 mactat.
1413 1613 1454 1640 Tu
1479 1621 1584 1648 ergo,o
1619 1613 1721 1640 athleta

933 1659 1034 1687 Christi
1048 1660 1151 1694 iudicis
1169 1659 1197 1686 in
1208 1659 1369 1690 certamine,
1393 1659 1488 1686 incitat
1512 1658 1720 1686 virtutis'iusti-

933 1709 1017 1738 tutor,
1034 1714 1068 1732 ne
1084 1706 1111 1732 in
1138 1706 1265 1732 omnibus
1288 1713 1349 1740 quae
1365 1709 1493 1740 ptttantur
1517 1704 1590 1734 bona
1612 1704 1722 1732 vincere

933 1756 1032 1784 certes,
1052 1752 1099 1778 sed
1118 1752 1144 1778 in
1170 1751 1213 1778 his
1242 1751 1308 1778 solis
1339 1759 1399 1785 quze
1431 1751 1501 1778 bona
1526 1758 1621 1778 revera
1646 1754 1720 1781 sunt,

933 1797 1038 1825 scilicet
1054 1798 1145 1824 divina
1162 1801 1189 1823 et
1201 1797 1368 1832 spiritualia;
1384 1802 1410 1823 et
1423 1796 1449 1822 in
1462 1797 1504 1824 his
1516 1800 1558 1824 'ne
1576 1803 1684 1833 semper
1694 1800 1721 1823 et

934 1843 1125 1878 intempestive
1152 1843 1321 1875 contendas,
1343 1843 1390 1870 sed
1413 1843 1524 1877 quando
1553 1845 1662 1877 tempus
1679 1847 1721 1870 est

934 1890 1111 1924 aeeeptabile.
1135 1889 1231 1916 Melius
1250 1892 1292 1916 est
1311 1889 1385 1916 enim
1412 1897 1427 1915 a
1447 1888 1513 1916 Jesu
1535 1891 1562 1915 et
1589 1889 1721 1922 exemplis

933 1935 1131 1969 discipulorum
1167 1935 1227 1969 ejus
1258 1934 1418 1961 humiliatos
1454 1933 1526 1960 vinci
1545 1932 1718 1967 etsuperari.

934 1989 1015 2016 quam
1030 1989 1091 2008 sese
1105 1981 1267 2008 extollentes
1281 1981 1388 2008 vincere
1395 1985 1422 2007 et
1431 1986 1564 2015 superare
1580 1982 1606 2006 et
1618 1978 1653 2005 ad
1668 1978 1719 2004 im-

934 2027 1041 2061 piorum
1061 2034 1184 2053 normam
1201 2027 1228 2053 in
1246 2026 1306 2061 pios
1322 2030 1349 2053 et
1365 2026 1484 2053 humiles
1497 2024 1643 2052 dominari.
1660 2023 1720 2056 Est,

935 2072 1034 2106 inquit,
1051 2075 1077 2098 et
1094 2071 1121 2098 in
1139 2071 1240 2098 mundo
1259 2074 1398 2098 certantes
1423 2069 1517 2096 videre
1530 2076 1585 2095 non
1607 2067 1721 2094 omnino

934 2118 1022 2145 vietos
1046 2124 1079 2144 eo
1101 2117 1173 2151 quod
1199 2116 1314 2143 inferius
1339 2115 1514 2147 ceciderunt;
1536 2114 1625 2141 evenit
1647 2113 1720 2140 enim

934 2162 1043 2198 quando
1058 2162 1238 2191 succubuisse
1251 2162 1378 2189 hostibus
1393 2160 1444 2188 visi
1465 2164 1530 2187 sunt
1547 2162 1573 2186 et
1588 2159 1662 2186 humi
1678 2159 1720 2193 ja-

934 2209 1036 2242 euisse,
1054 2209 1100 2243 qui
1115 2209 1207 2236 subito
1228 2208 1296 2243 pede
1318 2207 1472 2235 insilientes
1494 2207 1521 2233 in
1547 2204 1720 2232 adversarios

936 2260 963 2283 et
978 2259 1121 2290 surgentes
1136 2255 1293 2289 superiores
1306 2257 1456 2289 apparent;
1468 2253 1509 2280 sic
1534 2252 1580 2287 qui
1609 2255 1719 2286 propter

936 2302 1075 2329 Christum
1090 2306 1117 2328 et
1133 2301 1261 2327 mandata
1277 2301 1328 2328 sub
1345 2300 1379 2327 iis
1394 2299 1441 2334 qui
1459 2297 1631 2333 tyrannidem
1643 2304 1728 2331 exer-V

934 2355 997 2375 cere
1011 2347 1101 2375 solent
1115 2347 1344 2378 succumbunt,in
1355 2345 1508 2373 humilitate
1524 2352 1574 2372 sua
1584 2344 1719 2372 vicerunt.

934 2437 985 2464 155
1013 2436 1203 2463 Detrimentum
1237 2433 1343 2468 aliquod
1368 2433 1539 2503 patiare;
1565 2433 1634 2459 enim
1653 2441 1722 2467 ηερε

1531 2473 1684 2495 ucrumest.

1531 2476 1623 2495 uerum
1634 2473 1684 2495 est.

970 2517 1048 2545 Sicut
1066 2524 1115 2543 nec
1130 2518 1158 2543 in
1173 2515 1302 2543 omnibus
1324 2523 1375 2542 nec
1398 2523 1506 2549 semper
1529 2515 1638 2541 vincere
1660 2515 1721 2540 lau-

932 2564 1032 2595 dabile,
1050 2563 1096 2590 sed
1124 2570 1175 2589 nec
1199 2562 1280 2594 vinci,
1307 2569 1425 2596 namque
1450 2561 1484 2587 ad
1507 2560 1670 2587 vincendum
1692 2559 1720 2586 in

931 2611 1003 2638 bono
1018 2610 1129 2641 malum,
1148 2616 1201 2635 non
1218 2615 1282 2635 vero
1298 2607 1370 2634 vinei
1388 2614 1403 2633 a
1422 2606 1494 2633 malo
1507 2606 1667 2633 invitamur:
1681 2605 1721 2632 sic

934 2663 984 2683 nec
1017 2654 1117 2682 lucrari
1146 2661 1252 2688 semper
1282 2653 1398 2687 bonum,
1427 2655 1474 2679 aut
1511 2651 1612 2677 malum
1635 2650 1721 2677 detri—

935 2705 1055 2730 mentum
1080 2700 1155 2735 pati;
1177 2704 1205 2727 et
1233 2707 1341 2726 rursum
1363 2698 1436 2733 quod
1463 2698 1554 2725 evenit
1585 2697 1719 2724 videmus.

933 2746 1167 2780 Quemadmodum
1184 2745 1256 2772 extim
1280 2744 1351 2770 mala
1367 2743 1480 2770 victoria
1503 2742 1595 2770 clades
1608 2746 1651 2769 est
1664 2741 1722 2769 evi-

933 2794 1012 2825 dens,
1028 2792 1118 2820 clades
1131 2799 1196 2819 vero
1220 2791 1290 2818 bona
1316 2797 1379 2816 vera
1403 2789 1517 2816 victoria
1543 2792 1594 2820 est,
1620 2787 1661 2814 sie
1678 2790 1721 2814 est

932 2840 1039 2867 lucrum
1056 2837 1127 2874 quod
1144 2837 1177 2865 de
1203 2835 1392 2871 corporalibus
1414 2842 1541 2870 magnum
1569 2833 1718 2861 detrimen-

933 2891 990 2914 tum
1006 2886 1083 2914 affert
1098 2883 1232 2917 lucrauti,
1249 2891 1265 2912 e
1282 2886 1378 2911 contra
1393 2881 1586 2910 detrimentum
1603 2879 1675 2918 quod
1690 2879 1718 2906 in
