  <div class='ocr_page' id='page_1' title='image "/cluster/home/n/w/nwhite01/storage/ocr_20150623/38/njp.32101077772570/421.png"; bbox 0 0 1920 3046; ppageno 0'>
   <div class='ocr_carea' id='block_1_1' title="bbox 209 136 262 163">
    <p class='ocr_par' dir='ltr' id='par_1_1' title="bbox 209 136 262 163">
     <span class='ocr_line' id='line_1_1' title="bbox 209 136 262 163; baseline 0.019 -1"><span class='ocrx_word' id='word_1_1' title='bbox 209 136 262 163; x_wconf 70' lang='lat'><strong>8&#39;23</strong></span> 
     </span>
    </p>
   </div>
   <div class='ocr_carea' id='block_1_2' title="bbox 208 195 997 238">
    <p class='ocr_par' dir='ltr' id='par_1_2' title="bbox 208 195 997 238">
     <span class='ocr_line' id='line_1_2' title="bbox 208 195 997 238; baseline 0.016 -18"><span class='ocrx_word' id='word_1_2' title='bbox 208 195 314 223; x_wconf 75' lang='lat' dir='ltr'><strong>lucrum</strong></span> <span class='ocrx_word' id='word_1_3' title='bbox 344 204 393 231; x_wconf 87' lang='lat' dir='ltr'><strong>pro</strong></span> <span class='ocrx_word' id='word_1_4' title='bbox 418 198 532 232; x_wconf 80' lang='lat' dir='ltr'><strong>patienti</strong></span> <span class='ocrx_word' id='word_1_5' title='bbox 558 207 666 227; x_wconf 77' lang='lat' dir='ltr'><strong>versum</strong></span> <span class='ocrx_word' id='word_1_6' title='bbox 697 206 748 229; x_wconf 79' lang='lat' dir='ltr'><strong>est.</strong></span> <span class='ocrx_word' id='word_1_7' title='bbox 778 201 900 238; x_wconf 77' lang='lat' dir='ltr'><strong>Namque</strong></span> <span class='ocrx_word' id='word_1_8' title='bbox 924 206 997 232; x_wconf 95' lang='lat' dir='ltr'><strong>sicut</strong></span> 
     </span>
    </p>
   </div>
   <div class='ocr_carea' id='block_1_3' title="bbox 208 241 996 283">
    <p class='ocr_par' dir='ltr' id='par_1_3' title="bbox 208 241 996 283">
     <span class='ocr_line' id='line_1_3' title="bbox 208 241 996 283; baseline 0.014 -16"><span class='ocrx_word' id='word_1_9' title='bbox 208 241 364 275; x_wconf 87' lang='lat' dir='ltr'><strong>plantarum</strong></span> <span class='ocrx_word' id='word_1_10' title='bbox 380 244 588 277; x_wconf 71' lang='lat' dir='ltr'><strong>germinationis</strong></span> <span class='ocrx_word' id='word_1_11' title='bbox 607 247 744 281; x_wconf 82' lang='lat' dir='ltr'><strong>superﬂua</strong></span> <span class='ocrx_word' id='word_1_12' title='bbox 767 254 903 283; x_wconf 82' lang='lat' dir='ltr'><strong>secantes,</strong></span> <span class='ocrx_word' id='word_1_13' title='bbox 922 251 996 278; x_wconf 83' lang='lat' dir='ltr'><strong>fruc-</strong></span> 
     </span>
    </p>
   </div>
   <div class='ocr_carea' id='block_1_4' title="bbox 209 289 995 331">
    <p class='ocr_par' dir='ltr' id='par_1_4' title="bbox 209 289 995 331">
     <span class='ocr_line' id='line_1_4' title="bbox 209 289 995 331; baseline 0.015 -18"><span class='ocrx_word' id='word_1_14' title='bbox 209 293 284 314; x_wconf 78' lang='lat' dir='ltr'><strong>tuum</strong></span> <span class='ocrx_word' id='word_1_15' title='bbox 310 289 417 316; x_wconf 92' lang='lat' dir='ltr'><strong>lucrum</strong></span> <span class='ocrx_word' id='word_1_16' title='bbox 446 290 535 325; x_wconf 83' lang='lat' dir='ltr'><strong>majus</strong></span> <span class='ocrx_word' id='word_1_17' title='bbox 557 292 723 325; x_wconf 84' lang='lat' dir='ltr'><strong>obtinemus.</strong></span> <span class='ocrx_word' id='word_1_18' title='bbox 748 296 789 322; x_wconf 87' lang='lat' dir='ltr'><strong>sic</strong></span> <span class='ocrx_word' id='word_1_19' title='bbox 812 298 995 331; x_wconf 87' lang='lat' dir='ltr'><strong>corporalium</strong></span> 
     </span>
    </p>
   </div>
   <div class='ocr_carea' id='block_1_5' title="bbox 212 333 997 378">
    <p class='ocr_par' dir='ltr' id='par_1_5' title="bbox 212 333 997 378">
     <span class='ocr_line' id='line_1_5' title="bbox 212 333 997 378; baseline 0.015 -19"><span class='ocrx_word' id='word_1_20' title='bbox 212 341 284 368; x_wconf 63' lang='lat' dir='ltr'><strong>saepe</strong></span> <span class='ocrx_word' id='word_1_21' title='bbox 296 333 488 362; x_wconf 90' lang='lat' dir='ltr'><strong>detrimentum</strong></span> <span class='ocrx_word' id='word_1_22' title='bbox 513 337 604 365; x_wconf 78' lang='lat' dir='ltr'><strong>facere</strong></span> <span class='ocrx_word' id='word_1_23' title='bbox 629 339 771 375; x_wconf 70' lang='lat' dir='ltr'><strong>eligentes,</strong></span> <span class='ocrx_word' id='word_1_24' title='bbox 796 342 823 369; x_wconf 89' lang='lat' dir='ltr'><strong>in</strong></span> <span class='ocrx_word' id='word_1_25' title='bbox 846 344 997 378; x_wconf 86' lang='lat' dir='ltr'><strong>spirituali-</strong></span> 
     </span>
    </p>
   </div>
   <div class='ocr_carea' id='block_1_6' title="bbox 207 378 996 418">
    <p class='ocr_par' dir='ltr' id='par_1_6' title="bbox 207 378 996 418">
     <span class='ocr_line' id='line_1_6' title="bbox 207 378 996 418; baseline 0.018 -14"><span class='ocrx_word' id='word_1_26' title='bbox 207 378 260 405; x_wconf 82' lang='lat' dir='ltr'><strong>bus</strong></span> <span class='ocrx_word' id='word_1_27' title='bbox 276 379 466 414; x_wconf 80' lang='lat' dir='ltr'><strong>abundamus;</strong></span> <span class='ocrx_word' id='word_1_28' title='bbox 489 387 516 409; x_wconf 90' lang='lat' dir='ltr'><strong>et</strong></span> <span class='ocrx_word' id='word_1_29' title='bbox 538 391 634 412; x_wconf 88' lang='lat' dir='ltr'><strong>rursus</strong></span> <span class='ocrx_word' id='word_1_30' title='bbox 656 385 682 412; x_wconf 94' lang='lat' dir='ltr'><strong>in</strong></span> <span class='ocrx_word' id='word_1_31' title='bbox 707 387 788 414; x_wconf 80' lang='lat' dir='ltr'><strong>rebus</strong></span> <span class='ocrx_word' id='word_1_32' title='bbox 807 390 996 418; x_wconf 87' lang='lat' dir='ltr'><strong>materialibus</strong></span> 
     </span>
    </p>
   </div>
   <div class='ocr_carea' id='block_1_7' title="bbox 208 424 995 463">
    <p class='ocr_par' dir='ltr' id='par_1_7' title="bbox 208 424 995 463">
     <span class='ocr_line' id='line_1_7' title="bbox 208 424 995 463; baseline 0.017 -13"><span class='ocrx_word' id='word_1_33' title='bbox 208 424 346 453; x_wconf 86' lang='lat' dir='ltr'><strong>lucrantes</strong></span> <span class='ocrx_word' id='word_1_34' title='bbox 370 433 424 453; x_wconf 88' lang='lat' dir='ltr'><strong>non</strong></span> <span class='ocrx_word' id='word_1_35' title='bbox 447 427 516 454; x_wconf 84' lang='lat' dir='ltr'><strong>bene</strong></span> <span class='ocrx_word' id='word_1_36' title='bbox 541 433 569 455; x_wconf 92' lang='lat' dir='ltr'><strong>et</strong></span> <span class='ocrx_word' id='word_1_37' title='bbox 593 430 774 463; x_wconf 78' lang='lat' dir='ltr'><strong>abundantes,</strong></span> <span class='ocrx_word' id='word_1_38' title='bbox 800 441 845 461; x_wconf 90' lang='lat' dir='ltr'><strong>res</strong></span> <span class='ocrx_word' id='word_1_39' title='bbox 869 434 995 463; x_wconf 88' lang='lat' dir='ltr'><strong>immate-</strong></span> 
     </span>
    </p>
   </div>
   <div class='ocr_carea' id='block_1_8' title="bbox 207 470 996 513">
    <p class='ocr_par' dir='ltr' id='par_1_8' title="bbox 207 470 996 513">
     <span class='ocr_line' id='line_1_8' title="bbox 207 470 996 513; baseline 0.018 -17"><span class='ocrx_word' id='word_1_40' title='bbox 207 470 289 497; x_wconf 88' lang='lat' dir='ltr'><strong>riales</strong></span> <span class='ocrx_word' id='word_1_41' title='bbox 311 475 338 498; x_wconf 86' lang='lat' dir='ltr'><strong>et</strong></span> <span class='ocrx_word' id='word_1_42' title='bbox 361 477 503 501; x_wconf 85' lang='lat' dir='ltr'><strong>manentes</strong></span> <span class='ocrx_word' id='word_1_43' title='bbox 529 475 678 510; x_wconf 86' lang='lat' dir='ltr'><strong>perdimus.</strong></span> <span class='ocrx_word' id='word_1_44' title='bbox 694 477 745 504; x_wconf 87' lang='lat' dir='ltr'><strong>Per</strong></span> <span class='ocrx_word' id='word_1_45' title='bbox 761 486 822 513; x_wconf 72' lang='lat' dir='ltr'><strong>qua:</strong></span> <span class='ocrx_word' id='word_1_46' title='bbox 844 481 916 508; x_wconf 85' lang='lat' dir='ltr'><strong>enim</strong></span> <span class='ocrx_word' id='word_1_47' title='bbox 940 490 996 510; x_wconf 91' lang='lat' dir='ltr'><strong>non</strong></span> 
     </span>
    </p>
   </div>
   <div class='ocr_carea' id='block_1_9' title="bbox 204 516 996 561">
    <p class='ocr_par' dir='ltr' id='par_1_9' title="bbox 204 516 996 561">
     <span class='ocr_line' id='line_1_9' title="bbox 204 516 996 561; baseline 0.019 -19"><span class='ocrx_word' id='word_1_48' title='bbox 204 516 280 550; x_wconf 87' lang='lat' dir='ltr'><strong>juste</strong></span> <span class='ocrx_word' id='word_1_49' title='bbox 300 519 341 545; x_wconf 85' lang='lat' dir='ltr'><strong>vel</strong></span> <span class='ocrx_word' id='word_1_50' title='bbox 368 519 449 546; x_wconf 86' lang='lat' dir='ltr'><strong>etiam</strong></span> <span class='ocrx_word' id='word_1_51' title='bbox 475 520 550 554; x_wconf 90' lang='lat' dir='ltr'><strong>juste</strong></span> <span class='ocrx_word' id='word_1_52' title='bbox 576 523 765 558; x_wconf 58' lang='lat' dir='ltr'><strong>prgvalemus,</strong></span> <span class='ocrx_word' id='word_1_53' title='bbox 791 527 836 561; x_wconf 88' lang='lat' dir='ltr'><strong>qui</strong></span> <span class='ocrx_word' id='word_1_54' title='bbox 853 535 908 555; x_wconf 91' lang='lat' dir='ltr'><strong>non</strong></span> <span class='ocrx_word' id='word_1_55' title='bbox 927 529 996 557; x_wconf 86' lang='lat' dir='ltr'><strong>bene</strong></span> 
     </span>
    </p>
   </div>
   <div class='ocr_carea' id='block_1_10' title="bbox 207 562 996 605">
    <p class='ocr_par' dir='ltr' id='par_1_10' title="bbox 207 562 996 605">
     <span class='ocr_line' id='line_1_10' title="bbox 207 562 996 605; baseline 0.018 -16"><span class='ocrx_word' id='word_1_56' title='bbox 207 562 255 590; x_wconf 82' lang='lat' dir='ltr'><strong>sed</strong></span> <span class='ocrx_word' id='word_1_57' title='bbox 271 563 372 597; x_wconf 86' lang='lat' dir='ltr'><strong>injuste</strong></span> <span class='ocrx_word' id='word_1_58' title='bbox 395 573 504 600; x_wconf 84' lang='lat' dir='ltr'><strong>semper</strong></span> <span class='ocrx_word' id='word_1_59' title='bbox 517 568 648 597; x_wconf 78' lang='lat' dir='ltr'><strong>addentes</strong></span> <span class='ocrx_word' id='word_1_60' title='bbox 664 571 825 605; x_wconf 72' lang='lat' dir='ltr'><strong>augebimus</strong></span> <span class='ocrx_word' id='word_1_61' title='bbox 846 573 957 602; x_wconf 85' lang='lat' dir='ltr'><strong>divitias</strong></span> <span class='ocrx_word' id='word_1_62' title='bbox 969 580 996 603; x_wconf 85' lang='lat' dir='ltr'><strong>et</strong></span> 
     </span>
    </p>
   </div>
   <div class='ocr_carea' id='block_1_11' title="bbox 207 607 996 653">
    <p class='ocr_par' dir='ltr' id='par_1_11' title="bbox 207 607 996 653">
     <span class='ocr_line' id='line_1_11' title="bbox 207 607 996 653; baseline 0.018 -20"><span class='ocrx_word' id='word_1_63' title='bbox 207 607 234 633; x_wconf 94' lang='lat' dir='ltr'><strong>in</strong></span> <span class='ocrx_word' id='word_1_64' title='bbox 250 608 328 635; x_wconf 83' lang='lat' dir='ltr'><strong>vanis</strong></span> <span class='ocrx_word' id='word_1_65' title='bbox 355 610 621 645; x_wconf 85' lang='lat' dir='ltr'><strong>superabundamus,</strong></span> <span class='ocrx_word' id='word_1_66' title='bbox 638 616 779 643; x_wconf 87' lang='lat' dir='ltr'><strong>materiam</strong></span> <span class='ocrx_word' id='word_1_67' title='bbox 802 617 872 653; x_wconf 76' lang='lat' dir='ltr'><strong>ignis</strong></span> <span class='ocrx_word' id='word_1_68' title='bbox 891 619 938 646; x_wconf 71' lang='lat' dir='ltr'><strong>irae</strong></span> <span class='ocrx_word' id='word_1_69' title='bbox 953 619 996 646; x_wconf 87' lang='lat' dir='ltr'><strong>di-</strong></span> 
     </span>
    </p>
   </div>
   <div class='ocr_carea' id='block_1_12' title="bbox 206 654 995 699">
    <p class='ocr_par' dir='ltr' id='par_1_12' title="bbox 206 654 995 699">
     <span class='ocr_line' id='line_1_12' title="bbox 206 654 995 699; baseline 0.018 -19"><span class='ocrx_word' id='word_1_70' title='bbox 206 654 275 681; x_wconf 70' lang='lat' dir='ltr'><strong>vina:</strong></span> <span class='ocrx_word' id='word_1_71' title='bbox 287 657 507 686; x_wconf 87' lang='lat' dir='ltr'><strong>thesaurizamus</strong></span> <span class='ocrx_word' id='word_1_72' title='bbox 524 663 552 685; x_wconf 89' lang='lat' dir='ltr'><strong>et</strong></span> <span class='ocrx_word' id='word_1_73' title='bbox 565 660 691 688; x_wconf 88' lang='lat' dir='ltr'><strong>morbum</strong></span> <span class='ocrx_word' id='word_1_74' title='bbox 708 664 816 698; x_wconf 88' lang='lat' dir='ltr'><strong>corpori</strong></span> <span class='ocrx_word' id='word_1_75' title='bbox 833 672 880 699; x_wconf 88' lang='lat' dir='ltr'><strong>per</strong></span> <span class='ocrx_word' id='word_1_76' title='bbox 896 665 995 693; x_wconf 87' lang='lat' dir='ltr'><strong>intem-</strong></span> 
     </span>
    </p>
   </div>
   <div class='ocr_carea' id='block_1_13' title="bbox 207 701 658 734">
    <p class='ocr_par' dir='ltr' id='par_1_13' title="bbox 207 701 658 734">
     <span class='ocr_line' id='line_1_13' title="bbox 207 701 658 734; baseline 0.016 -9"><span class='ocrx_word' id='word_1_77' title='bbox 207 701 358 733; x_wconf 87' lang='lat' dir='ltr'><strong>perantiam</strong></span> <span class='ocrx_word' id='word_1_78' title='bbox 378 702 405 729; x_wconf 94' lang='lat' dir='ltr'><strong>in</strong></span> <span class='ocrx_word' id='word_1_79' title='bbox 421 702 464 731; x_wconf 86' lang='lat' dir='ltr'><strong>his</strong></span> <span class='ocrx_word' id='word_1_80' title='bbox 480 704 658 734; x_wconf 83' lang='lat' dir='ltr'><strong>acauirimus.</strong></span> 
     </span>
    </p>
   </div>
   <div class='ocr_carea' id='block_1_14' title="bbox 207 744 717 784">
    <p class='ocr_par' dir='ltr' id='par_1_14' title="bbox 207 744 717 784">
     <span class='ocr_line' id='line_1_14' title="bbox 207 744 717 784; baseline 0.016 -13"><span class='ocrx_word' id='word_1_81' title='bbox 324 748 425 775; x_wconf 82' lang='lat' dir='ltr'><strong>nullam</strong></span> <span class='ocrx_word' id='word_1_82' title='bbox 441 749 495 776; x_wconf 89' lang='lat' dir='ltr'><strong>Deo</strong></span> <span class='ocrx_word' id='word_1_83' title='bbox 510 759 611 784; x_wconf 77' lang='lat' dir='ltr'><strong>pomum</strong></span> <span class='ocrx_word' id='word_1_84' title='bbox 629 752 717 784; x_wconf 77' lang='lat' dir='ltr'><strong>debes,</strong></span> 
     </span>
    </p>
   </div>
   <div class='ocr_carea' id='block_1_15' title="bbox 207 780 822 822">
    <p class='ocr_par' dir='ltr' id='par_1_15' title="bbox 207 780 822 822">
     <span class='ocr_line' id='line_1_15' title="bbox 207 780 822 822; baseline 0.018 -16"><span class='ocrx_word' id='word_1_85' title='bbox 279 780 335 822; x_wconf 46' lang='lat' dir='ltr'><strong>Nec</strong></span> <span class='ocrx_word' id='word_1_86' title='bbox 353 780 592 822; x_wconf 58' lang='lat' dir='ltr'><strong>ipse_itrd_eb&#39;itot&#39;es</strong></span> <span class='ocrx_word' id='word_1_87' title='bbox 607 780 755 816; x_wconf 59' lang='lat' dir='ltr'><strong>Misericors</strong></span> <span class='ocrx_word' id='word_1_88' title='bbox 769 790 822 822; x_wconf 65' lang='lat' dir='ltr'><strong>sit;</strong></span> 
     </span>
    </p>
   </div>
   <div class='ocr_carea' id='block_1_16' title="bbox 208 813 994 860">
    <p class='ocr_par' dir='ltr' id='par_1_16' title="bbox 208 813 994 860">
     <span class='ocr_line' id='line_1_16' title="bbox 208 813 994 860; baseline 0.015 -18"><span class='ocrx_word' id='word_1_89' title='bbox 208 813 258 844; x_wconf 69' lang='lat'><strong>139</strong></span> <span class='ocrx_word' id='word_1_90' title='bbox 282 813 378 860; x_wconf 64' lang='lat' dir='ltr'><strong>Verum</strong></span> <span class='ocrx_word' id='word_1_91' title='bbox 394 820 417 845; x_wconf 83' lang='lat' dir='ltr'><strong>si</strong></span> <span class='ocrx_word' id='word_1_92' title='bbox 431 819 522 860; x_wconf 55' lang='lat' dir='ltr'><strong>ﬂebili</strong></span> <span class='ocrx_word' id='word_1_93' title='bbox 547 821 595 847; x_wconf 85' lang='lat' dir='ltr'><strong>tibi</strong></span> <span class='ocrx_word' id='word_1_94' title='bbox 618 813 754 851; x_wconf 45' lang='lat' dir='ltr'><strong>conscius—</strong></span> <span class='ocrx_word' id='word_1_95' title='bbox 833 826 907 859; x_wconf 81' lang='lat' dir='ltr'><strong>prior</strong></span> <span class='ocrx_word' id='word_1_96' title='bbox 939 827 994 860; x_wconf 69' lang='lat' dir='ltr'><strong>ipse</strong></span> 
     </span>
    </p>
   </div>
   <div class='ocr_carea' id='block_1_17' title="bbox 316 853 548 882">
    <p class='ocr_par' dir='ltr' id='par_1_17' title="bbox 316 853 548 882">
     <span class='ocr_line' id='line_1_17' title="bbox 316 853 548 882; baseline 0.013 -3"><span class='ocrx_word' id='word_1_97' title='bbox 316 853 454 881; x_wconf 72' lang='lat' dir='ltr'><strong>clementia</strong></span> <span class='ocrx_word' id='word_1_98' title='bbox 468 861 548 882; x_wconf 83' lang='lat' dir='ltr'><strong>utere.</strong></span> 
     </span>
    </p>
   </div>
   <div class='ocr_carea' id='block_1_18' title="bbox 208 886 992 949">
    <p class='ocr_par' dir='ltr' id='par_1_18' title="bbox 208 886 992 949">
     <span class='ocr_line' id='line_1_18' title="bbox 208 886 992 949; baseline 0.015 -37"><span class='ocrx_word' id='word_1_99' title='bbox 208 886 259 914; x_wconf 66' lang='lat'><strong>£60</strong></span> <span class='ocrx_word' id='word_1_100' title='bbox 277 886 444 949; x_wconf 53' lang='grc' dir='ltr'>Μίδενιιιῗριιί</span> <span class='ocrx_word' id='word_1_101' title='bbox 467 892 536 917; x_wconf 81' lang='lat' dir='ltr'><strong>enim</strong></span> <span class='ocrx_word' id='word_1_102' title='bbox 560 893 695 920; x_wconf 74' lang='lat' dir='ltr'><strong>miseratio</strong></span> <span class='ocrx_word' id='word_1_103' title='bbox 715 895 796 922; x_wconf 75' lang='lat' dir='ltr'><strong>etiam</strong></span> <span class='ocrx_word' id='word_1_104' title='bbox 820 897 890 931; x_wconf 83' lang='lat' dir='ltr'><strong>apud</strong></span> <span class='ocrx_word' id='word_1_105' title='bbox 907 896 992 924; x_wconf 80' lang='lat' dir='ltr'><strong>Deum</strong></span> 
     </span>
     <span class='ocr_line' id='line_1_19' title="bbox 313 929 474 949; baseline 0 0"><span class='ocrx_word' id='word_1_106' title='bbox 313 931 389 949; x_wconf 79' lang='lat' dir='ltr'><strong>reven</strong></span> <span class='ocrx_word' id='word_1_107' title='bbox 412 929 474 949; x_wconf 76' lang='grc' dir='ltr'>ιιιιγ.</span> 
     </span>
    </p>
   </div>
   <div class='ocr_carea' id='block_1_19' title="bbox 313 929 474 957">
    <p class='ocr_par' dir='ltr' id='par_1_19' title="bbox 313 929 474 957">
     <span class='ocr_line' id='line_1_20' title="bbox 313 929 474 957; baseline 0.012 -8"><span class='ocrx_word' id='word_1_108' title='bbox 313 929 474 957; x_wconf 81' lang='lat' dir='ltr'><strong>rependitur.</strong></span> 
     </span>
    </p>
   </div>
   <div class='ocr_carea' id='block_1_20' title="bbox 242 967 994 1010">
    <p class='ocr_par' dir='ltr' id='par_1_20' title="bbox 242 967 994 1010">
     <span class='ocr_line' id='line_1_21' title="bbox 242 967 994 1010; baseline 0.017 -16"><span class='ocrx_word' id='word_1_109' title='bbox 242 967 280 994; x_wconf 87' lang='lat' dir='ltr'><strong>De</strong></span> <span class='ocrx_word' id='word_1_110' title='bbox 294 970 426 1002; x_wconf 84' lang='lat' dir='ltr'><strong>patientia</strong></span> <span class='ocrx_word' id='word_1_111' title='bbox 441 977 468 997; x_wconf 89' lang='lat' dir='ltr'><strong>et.</strong></span> <span class='ocrx_word' id='word_1_112' title='bbox 483 973 694 1001; x_wconf 84' lang='lat' dir='ltr'><strong>mansuetudine</strong></span> <span class='ocrx_word' id='word_1_113' title='bbox 708 977 864 1010; x_wconf 70' lang='lat' dir='ltr'><strong>evangelice</strong></span> <span class='ocrx_word' id='word_1_114' title='bbox 883 978 909 1005; x_wconf 92' lang='lat' dir='ltr'><strong>in</strong></span> <span class='ocrx_word' id='word_1_115' title='bbox 933 979 994 1007; x_wconf 85' lang='lat' dir='ltr'><strong>istis</strong></span> 
     </span>
    </p>
   </div>
   <div class='ocr_carea' id='block_1_21' title="bbox 207 1013 993 1054">
    <p class='ocr_par' dir='ltr' id='par_1_21' title="bbox 207 1013 993 1054">
     <span class='ocr_line' id='line_1_22' title="bbox 207 1013 993 1054; baseline 0.017 -15"><span class='ocrx_word' id='word_1_116' title='bbox 207 1021 220 1038; x_wconf 83' lang='lat' dir='ltr'><strong>a</strong></span> <span class='ocrx_word' id='word_1_117' title='bbox 239 1013 293 1041; x_wconf 84' lang='lat' dir='ltr'><strong>Deo</strong></span> <span class='ocrx_word' id='word_1_118' title='bbox 311 1016 462 1048; x_wconf 77' lang='lat' dir='ltr'><strong>procedens</strong></span> <span class='ocrx_word' id='word_1_119' title='bbox 486 1020 513 1043; x_wconf 89' lang='lat' dir='ltr'><strong>et</strong></span> <span class='ocrx_word' id='word_1_120' title='bbox 540 1018 654 1052; x_wconf 83' lang='lat' dir='ltr'><strong>loquens</strong></span> <span class='ocrx_word' id='word_1_121' title='bbox 682 1022 767 1054; x_wconf 81' lang='lat' dir='ltr'><strong>gratia</strong></span> <span class='ocrx_word' id='word_1_122' title='bbox 797 1023 933 1051; x_wconf 87' lang='lat' dir='ltr'><strong>admonet.</strong></span> <span class='ocrx_word' id='word_1_123' title='bbox 964 1024 993 1052; x_wconf 87' lang='lat' dir='ltr'><strong>Si</strong></span> 
     </span>
    </p>
   </div>
   <div class='ocr_carea' id='block_1_22' title="bbox 207 1061 994 1104">
    <p class='ocr_par' dir='ltr' id='par_1_22' title="bbox 207 1061 994 1104">
     <span class='ocr_line' id='line_1_23' title="bbox 207 1061 994 1104; baseline 0.017 -19"><span class='ocrx_word' id='word_1_124' title='bbox 207 1061 325 1091; x_wconf 80' lang='lat' dir='ltr'><strong>noveris.</strong></span> <span class='ocrx_word' id='word_1_125' title='bbox 343 1061 443 1096; x_wconf 86' lang='lat' dir='ltr'><strong>inquit,</strong></span> <span class='ocrx_word' id='word_1_126' title='bbox 455 1063 527 1096; x_wconf 91' lang='lat' dir='ltr'><strong>quod</strong></span> <span class='ocrx_word' id='word_1_127' title='bbox 543 1071 629 1098; x_wconf 89' lang='lat' dir='ltr'><strong>purus</strong></span> <span class='ocrx_word' id='word_1_128' title='bbox 649 1069 676 1092; x_wconf 91' lang='lat' dir='ltr'><strong>et</strong></span> <span class='ocrx_word' id='word_1_129' title='bbox 690 1067 802 1095; x_wconf 91' lang='lat' dir='ltr'><strong>omnino</strong></span> <span class='ocrx_word' id='word_1_130' title='bbox 822 1069 994 1104; x_wconf 85' lang='lat' dir='ltr'><strong>irreprehen-</strong></span> 
     </span>
    </p>
   </div>
   <div class='ocr_carea' id='block_1_23' title="bbox 205 1106 994 1144">
    <p class='ocr_par' dir='ltr' id='par_1_23' title="bbox 205 1106 994 1144">
     <span class='ocr_line' id='line_1_24' title="bbox 205 1106 994 1144; baseline 0.015 -13"><span class='ocrx_word' id='word_1_131' title='bbox 205 1106 295 1133; x_wconf 82' lang='lat' dir='ltr'><strong>sibilis</strong></span> <span class='ocrx_word' id='word_1_132' title='bbox 306 1107 375 1134; x_wconf 88' lang='lat' dir='ltr'><strong>nihil</strong></span> <span class='ocrx_word' id='word_1_133' title='bbox 393 1107 448 1135; x_wconf 84' lang='lat' dir='ltr'><strong>Deo</strong></span> <span class='ocrx_word' id='word_1_134' title='bbox 463 1109 563 1136; x_wconf 87' lang='lat' dir='ltr'><strong>debeas</strong></span> <span class='ocrx_word' id='word_1_135' title='bbox 584 1117 681 1144; x_wconf 69' lang='lat' dir='ltr'><strong>poenaz,</strong></span> <span class='ocrx_word' id='word_1_136' title='bbox 705 1113 903 1141; x_wconf 84' lang='lat' dir='ltr'><strong>rationabiliter</strong></span> <span class='ocrx_word' id='word_1_137' title='bbox 924 1115 994 1144; x_wconf 79' lang='lat' dir='ltr'><strong>forte</strong></span> 
     </span>
    </p>
   </div>
   <div class='ocr_carea' id='block_1_24' title="bbox 203 1152 993 1190">
    <p class='ocr_par' dir='ltr' id='par_1_24' title="bbox 203 1152 993 1190">
     <span class='ocr_line' id='line_1_25' title="bbox 203 1152 993 1190; baseline 0.015 -13"><span class='ocrx_word' id='word_1_138' title='bbox 203 1156 232 1178; x_wconf 91' lang='lat' dir='ltr'><strong>et</strong></span> <span class='ocrx_word' id='word_1_139' title='bbox 256 1155 284 1178; x_wconf 92' lang='lat' dir='ltr'><strong>tu</strong></span> <span class='ocrx_word' id='word_1_140' title='bbox 313 1152 417 1187; x_wconf 83' lang='lat' dir='ltr'><strong>absque</strong></span> <span class='ocrx_word' id='word_1_141' title='bbox 443 1154 630 1183; x_wconf 84' lang='lat' dir='ltr'><strong>misericordia</strong></span> <span class='ocrx_word' id='word_1_142' title='bbox 655 1165 717 1184; x_wconf 90' lang='lat' dir='ltr'><strong>cum</strong></span> <span class='ocrx_word' id='word_1_143' title='bbox 748 1158 918 1188; x_wconf 88' lang='lat' dir='ltr'><strong>debitoribus</strong></span> <span class='ocrx_word' id='word_1_144' title='bbox 938 1162 993 1190; x_wconf 90' lang='lat' dir='ltr'><strong>tuis</strong></span> 
     </span>
    </p>
   </div>
   <div class='ocr_carea' id='block_1_25' title="bbox 205 1198 992 1237">
    <p class='ocr_par' dir='ltr' id='par_1_25' title="bbox 205 1198 992 1237">
     <span class='ocr_line' id='line_1_26' title="bbox 205 1198 992 1237; baseline 0.013 -14"><span class='ocrx_word' id='word_1_145' title='bbox 205 1201 308 1230; x_wconf 89' lang='lat' dir='ltr'><strong>tracta;</strong></span> <span class='ocrx_word' id='word_1_146' title='bbox 329 1198 352 1224; x_wconf 86' lang='lat' dir='ltr'><strong>si</strong></span> <span class='ocrx_word' id='word_1_147' title='bbox 375 1206 439 1225; x_wconf 86' lang='lat' dir='ltr'><strong>vero</strong></span> <span class='ocrx_word' id='word_1_148' title='bbox 463 1198 615 1227; x_wconf 86' lang='lat' dir='ltr'><strong>debitorem</strong></span> <span class='ocrx_word' id='word_1_149' title='bbox 634 1205 661 1228; x_wconf 89' lang='lat' dir='ltr'><strong>te</strong></span> <span class='ocrx_word' id='word_1_150' title='bbox 677 1204 820 1237; x_wconf 76' lang='lat' dir='ltr'><strong>agnoveris</strong></span> <span class='ocrx_word' id='word_1_151' title='bbox 842 1205 992 1233; x_wconf 88' lang='lat' dir='ltr'><strong>innumeris</strong></span> 
     </span>
    </p>
   </div>
   <div class='ocr_carea' id='block_1_26' title="bbox 204 1243 993 1282">
    <p class='ocr_par' dir='ltr' id='par_1_26' title="bbox 204 1243 993 1282">
     <span class='ocr_line' id='line_1_27' title="bbox 204 1243 993 1282; baseline 0.013 -13"><span class='ocrx_word' id='word_1_152' title='bbox 204 1243 426 1277; x_wconf 73' lang='lat' dir='ltr'><strong>cogitationibus,</strong></span> <span class='ocrx_word' id='word_1_153' title='bbox 445 1245 534 1273; x_wconf 85' lang='lat' dir='ltr'><strong>verbis</strong></span> <span class='ocrx_word' id='word_1_154' title='bbox 559 1251 586 1273; x_wconf 86' lang='lat' dir='ltr'><strong>et</strong></span> <span class='ocrx_word' id='word_1_155' title='bbox 608 1247 748 1281; x_wconf 79' lang='lat' dir='ltr'><strong>operibus,</strong></span> <span class='ocrx_word' id='word_1_156' title='bbox 771 1248 895 1282; x_wconf 79' lang='lat' dir='ltr'><strong>profecto</strong></span> <span class='ocrx_word' id='word_1_157' title='bbox 910 1251 993 1279; x_wconf 85' lang='lat' dir='ltr'><strong>debes</strong></span> 
     </span>
    </p>
   </div>
   <div class='ocr_carea' id='block_1_27' title="bbox 204 1289 993 1329">
    <p class='ocr_par' dir='ltr' id='par_1_27' title="bbox 204 1289 993 1329">
     <span class='ocr_line' id='line_1_28' title="bbox 204 1289 993 1329; baseline 0.011 -15"><span class='ocrx_word' id='word_1_158' title='bbox 204 1296 230 1315; x_wconf 85' lang='lat' dir='ltr'><strong>et</strong></span> <span class='ocrx_word' id='word_1_159' title='bbox 245 1289 391 1324; x_wconf 88' lang='lat' dir='ltr'><strong>patientem</strong></span> <span class='ocrx_word' id='word_1_160' title='bbox 416 1290 471 1318; x_wconf 87' lang='lat' dir='ltr'><strong>Deo</strong></span> <span class='ocrx_word' id='word_1_161' title='bbox 492 1291 616 1319; x_wconf 83' lang='lat' dir='ltr'><strong>fenerare</strong></span> <span class='ocrx_word' id='word_1_162' title='bbox 636 1300 702 1327; x_wconf 70' lang='lat' dir='ltr'><strong>erga</strong></span> <span class='ocrx_word' id='word_1_163' title='bbox 723 1301 896 1329; x_wconf 86' lang='lat' dir='ltr'><strong>conservum,</strong></span> <span class='ocrx_word' id='word_1_164' title='bbox 916 1304 993 1323; x_wconf 87' lang='lat' dir='ltr'><strong>man-</strong></span> 
     </span>
    </p>
   </div>
   <div class='ocr_carea' id='block_1_28' title="bbox 204 1334 993 1375">
    <p class='ocr_par' dir='ltr' id='par_1_28' title="bbox 204 1334 993 1375">
     <span class='ocr_line' id='line_1_29' title="bbox 204 1334 993 1375; baseline 0.009 -13"><span class='ocrx_word' id='word_1_165' title='bbox 204 1334 349 1362; x_wconf 81' lang='lat' dir='ltr'><strong>suetudine</strong></span> <span class='ocrx_word' id='word_1_166' title='bbox 371 1335 520 1364; x_wconf 72' lang='lat' dir='ltr'><strong>Dominicae</strong></span> <span class='ocrx_word' id='word_1_167' title='bbox 548 1338 597 1364; x_wconf 71' lang='lat' dir='ltr'><strong>ira:</strong></span> <span class='ocrx_word' id='word_1_168' title='bbox 619 1338 791 1367; x_wconf 88' lang='lat' dir='ltr'><strong>intolerabile</strong></span> <span class='ocrx_word' id='word_1_169' title='bbox 820 1341 940 1375; x_wconf 87' lang='lat' dir='ltr'><strong>placare,</strong></span> <span class='ocrx_word' id='word_1_170' title='bbox 966 1348 993 1370; x_wconf 90' lang='lat' dir='ltr'><strong>et</strong></span> 
     </span>
    </p>
   </div>
   <div class='ocr_carea' id='block_1_29' title="bbox 205 1381 991 1418">
    <p class='ocr_par' dir='ltr' id='par_1_29' title="bbox 205 1381 991 1418">
     <span class='ocr_line' id='line_1_30' title="bbox 205 1381 991 1418; baseline 0.013 -12"><span class='ocrx_word' id='word_1_171' title='bbox 205 1381 381 1409; x_wconf 87' lang='lat' dir='ltr'><strong>miseratione</strong></span> <span class='ocrx_word' id='word_1_172' title='bbox 392 1389 456 1418; x_wconf 71' lang='lat' dir='ltr'><strong>erga</strong></span> <span class='ocrx_word' id='word_1_173' title='bbox 469 1384 624 1417; x_wconf 74' lang='lat' dir='ltr'><strong>proximum</strong></span> <span class='ocrx_word' id='word_1_174' title='bbox 638 1385 903 1414; x_wconf 80' lang='lat' dir='ltr'><strong>animadversionem</strong></span> <span class='ocrx_word' id='word_1_175' title='bbox 916 1396 991 1416; x_wconf 85' lang='lat' dir='ltr'><strong>aver-</strong></span> 
     </span>
    </p>
   </div>
   <div class='ocr_carea' id='block_1_30' title="bbox 204 1428 993 1465">
    <p class='ocr_par' dir='ltr' id='par_1_30' title="bbox 204 1428 993 1465">
     <span class='ocr_line' id='line_1_31' title="bbox 204 1428 993 1465; baseline 0.013 -12"><span class='ocrx_word' id='word_1_176' title='bbox 204 1431 274 1459; x_wconf 82' lang='lat' dir='ltr'><strong>tens,</strong></span> <span class='ocrx_word' id='word_1_177' title='bbox 299 1428 516 1456; x_wconf 83' lang='lat' dir='ltr'><strong>benevolentiam</strong></span> <span class='ocrx_word' id='word_1_178' title='bbox 543 1437 607 1465; x_wconf 77' lang='lat' dir='ltr'><strong>erga</strong></span> <span class='ocrx_word' id='word_1_179' title='bbox 631 1434 658 1458; x_wconf 89' lang='lat' dir='ltr'><strong>te</strong></span> <span class='ocrx_word' id='word_1_180' title='bbox 684 1431 822 1460; x_wconf 87' lang='lat' dir='ltr'><strong>hominem</strong></span> <span class='ocrx_word' id='word_1_181' title='bbox 848 1434 889 1461; x_wconf 86' lang='lat' dir='ltr'><strong>sic</strong></span> <span class='ocrx_word' id='word_1_182' title='bbox 911 1434 993 1463; x_wconf 87' lang='lat' dir='ltr'><strong>bene-</strong></span> 
     </span>
    </p>
   </div>
   <div class='ocr_carea' id='block_1_31' title="bbox 203 1473 992 1510">
    <p class='ocr_par' dir='ltr' id='par_1_31' title="bbox 203 1473 992 1510">
     <span class='ocr_line' id='line_1_32' title="bbox 203 1473 992 1510; baseline 0.011 -11"><span class='ocrx_word' id='word_1_183' title='bbox 203 1473 323 1500; x_wconf 83' lang='lat' dir='ltr'><strong>volentia</strong></span> <span class='ocrx_word' id='word_1_184' title='bbox 352 1479 396 1501; x_wconf 84' lang='lat' dir='ltr'><strong>lua</strong></span> <span class='ocrx_word' id='word_1_185' title='bbox 423 1482 486 1510; x_wconf 74' lang='lat' dir='ltr'><strong>erga</strong></span> <span class='ocrx_word' id='word_1_186' title='bbox 521 1476 589 1504; x_wconf 88' lang='lat' dir='ltr'><strong>alios</strong></span> <span class='ocrx_word' id='word_1_187' title='bbox 618 1478 741 1506; x_wconf 88' lang='lat' dir='ltr'><strong>oblinere</strong></span> <span class='ocrx_word' id='word_1_188' title='bbox 767 1488 773 1505; x_wconf 91' lang='lat'><strong>:</strong></span> <span class='ocrx_word' id='word_1_189' title='bbox 804 1480 992 1508; x_wconf 84' lang='lat' dir='ltr'><strong>misericordia</strong></span> 
     </span>
    </p>
   </div>
   <div class='ocr_carea' id='block_1_32' title="bbox 203 1519 992 1558">
    <p class='ocr_par' dir='ltr' id='par_1_32' title="bbox 203 1519 992 1558">
     <span class='ocr_line' id='line_1_33' title="bbox 203 1519 992 1558; baseline 0.013 -13"><span class='ocrx_word' id='word_1_190' title='bbox 203 1519 276 1546; x_wconf 74' lang='lat' dir='ltr'><strong>enim</strong></span> <span class='ocrx_word' id='word_1_191' title='bbox 291 1524 318 1547; x_wconf 88' lang='lat' dir='ltr'><strong>ct</strong></span> <span class='ocrx_word' id='word_1_192' title='bbox 335 1521 502 1555; x_wconf 75' lang='lat' dir='ltr'><strong>benignitate</strong></span> <span class='ocrx_word' id='word_1_193' title='bbox 526 1522 607 1550; x_wconf 88' lang='lat' dir='ltr'><strong>nobis</strong></span> <span class='ocrx_word' id='word_1_194' title='bbox 629 1523 698 1558; x_wconf 90' lang='lat' dir='ltr'><strong>ipsis</strong></span> <span class='ocrx_word' id='word_1_195' title='bbox 723 1525 938 1554; x_wconf 87' lang='lat' dir='ltr'><strong>misericordiam</strong></span> <span class='ocrx_word' id='word_1_196' title='bbox 964 1532 992 1554; x_wconf 88' lang='lat' dir='ltr'><strong>et</strong></span> 
     </span>
    </p>
   </div>
   <div class='ocr_carea' id='block_1_33' title="bbox 204 1565 992 1601">
    <p class='ocr_par' dir='ltr' id='par_1_33' title="bbox 204 1565 992 1601">
     <span class='ocr_line' id='line_1_34' title="bbox 204 1565 992 1601; baseline 0.011 -9"><span class='ocrx_word' id='word_1_197' title='bbox 204 1565 400 1599; x_wconf 71' lang='lat' dir='ltr'><strong>benignitatem</strong></span> <span class='ocrx_word' id='word_1_198' title='bbox 427 1567 548 1594; x_wconf 89' lang='lat' dir='ltr'><strong>divinam</strong></span> <span class='ocrx_word' id='word_1_199' title='bbox 579 1569 752 1601; x_wconf 81' lang='lat' dir='ltr'><strong>attrahimus,</strong></span> <span class='ocrx_word' id='word_1_200' title='bbox 780 1571 874 1599; x_wconf 90' lang='lat' dir='ltr'><strong>eadem</strong></span> <span class='ocrx_word' id='word_1_201' title='bbox 906 1574 992 1601; x_wconf 91' lang='lat' dir='ltr'><strong>abun-</strong></span> 
     </span>
    </p>
   </div>
   <div class='ocr_carea' id='block_1_34' title="bbox 204 1611 992 1649">
    <p class='ocr_par' dir='ltr' id='par_1_34' title="bbox 204 1611 992 1649">
     <span class='ocr_line' id='line_1_35' title="bbox 204 1611 992 1649; baseline 0.014 -13"><span class='ocrx_word' id='word_1_202' title='bbox 204 1611 296 1637; x_wconf 74' lang='lat' dir='ltr'><strong>dantia</strong></span> <span class='ocrx_word' id='word_1_203' title='bbox 313 1619 366 1645; x_wconf 90' lang='lat' dir='ltr'><strong>qua</strong></span> <span class='ocrx_word' id='word_1_204' title='bbox 381 1612 506 1640; x_wconf 87' lang='lat' dir='ltr'><strong>dedimus</strong></span> <span class='ocrx_word' id='word_1_205' title='bbox 518 1614 644 1641; x_wconf 86' lang='lat' dir='ltr'><strong>collatam</strong></span> <span class='ocrx_word' id='word_1_206' title='bbox 661 1616 754 1649; x_wconf 88' lang='lat' dir='ltr'><strong>nobis;</strong></span> <span class='ocrx_word' id='word_1_207' title='bbox 769 1622 796 1644; x_wconf 88' lang='lat' dir='ltr'><strong>et</strong></span> <span class='ocrx_word' id='word_1_208' title='bbox 809 1618 903 1646; x_wconf 85' lang='lat' dir='ltr'><strong>eadem</strong></span> <span class='ocrx_word' id='word_1_209' title='bbox 914 1627 992 1646; x_wconf 88' lang='lat' dir='ltr'><strong>men-</strong></span> 
     </span>
    </p>
   </div>
   <div class='ocr_carea' id='block_1_35' title="bbox 204 1657 826 1691">
    <p class='ocr_par' dir='ltr' id='par_1_35' title="bbox 204 1657 826 1691">
     <span class='ocr_line' id='line_1_36' title="bbox 204 1657 826 1691; baseline 0.013 -10"><span class='ocrx_word' id='word_1_210' title='bbox 204 1664 269 1682; x_wconf 66' lang='lat' dir='ltr'><strong>antra</strong></span> <span class='ocrx_word' id='word_1_211' title='bbox 287 1665 338 1691; x_wconf 83' lang='lat' dir='ltr'><strong>qua</strong></span> <span class='ocrx_word' id='word_1_212' title='bbox 353 1658 440 1685; x_wconf 88' lang='lat' dir='ltr'><strong>mensi</strong></span> <span class='ocrx_word' id='word_1_213' title='bbox 459 1657 561 1686; x_wconf 80' lang='lat' dir='ltr'><strong>fuimus</strong></span> <span class='ocrx_word' id='word_1_214' title='bbox 577 1661 656 1688; x_wconf 87' lang='lat' dir='ltr'><strong>nobis</strong></span> <span class='ocrx_word' id='word_1_215' title='bbox 675 1662 826 1689; x_wconf 89' lang='lat' dir='ltr'><strong>remetitur.</strong></span> 
     </span>
    </p>
   </div>
   <div class='ocr_carea' id='block_1_36' title="bbox 205 1703 953 1743">
    <p class='ocr_par' dir='ltr' id='par_1_36' title="bbox 205 1703 953 1743">
     <span class='ocr_line' id='line_1_37' title="bbox 205 1703 953 1743; baseline 0.012 -15"><span class='ocrx_word' id='word_1_216' title='bbox 205 1703 255 1743; x_wconf 57' lang='lat' dir='ltr'><strong>itii</strong></span> <span class='ocrx_word' id='word_1_217' title='bbox 318 1704 540 1743; x_wconf 68' lang='lat' dir='ltr'><strong>quando__i_njuria</strong></span> <span class='ocrx_word' id='word_1_218' title='bbox 557 1707 713 1743; x_wconf 79' lang='lat' dir='ltr'><strong>_accenderit</strong></span> <span class='ocrx_word' id='word_1_219' title='bbox 736 1715 848 1736; x_wconf 81' lang='lat' dir='ltr'><strong>mentem</strong></span> <span class='ocrx_word' id='word_1_220' title='bbox 869 1715 953 1743; x_wconf 83' lang='lat' dir='ltr'><strong>tuam,</strong></span> 
     </span>
    </p>
   </div>
   <div class='ocr_carea' id='block_1_37' title="bbox 205 1738 806 1776">
    <p class='ocr_par' dir='ltr' id='par_1_37' title="bbox 205 1738 806 1776">
     <span class='ocr_line' id='line_1_38' title="bbox 205 1738 806 1776; baseline 0.012 -12"><span class='ocrx_word' id='word_1_221' title='bbox 205 1738 257 1764; x_wconf 61' lang='lat' dir='ltr'><strong>ibi</strong></span> <span class='ocrx_word' id='word_1_222' title='bbox 277 1738 406 1765; x_wconf 78' lang='lat' dir='ltr'><strong>Memento</strong></span> <span class='ocrx_word' id='word_1_223' title='bbox 421 1739 522 1767; x_wconf 77' lang='lat' dir='ltr'><strong>Clu-isti</strong></span> <span class='ocrx_word' id='word_1_224' title='bbox 538 1741 645 1776; x_wconf 77' lang='lat' dir='ltr'><strong>ejusque</strong></span> <span class='ocrx_word' id='word_1_225' title='bbox 661 1743 806 1771; x_wconf 78' lang='lat' dir='ltr'><strong>vulnerum.</strong></span> 
     </span>
    </p>
   </div>
   <div class='ocr_carea' id='block_1_38' title="bbox 241 1783 992 1822">
    <p class='ocr_par' dir='ltr' id='par_1_38' title="bbox 241 1783 992 1822">
     <span class='ocr_line' id='line_1_39' title="bbox 241 1783 992 1822; baseline 0.012 -12"><span class='ocrx_word' id='word_1_226' title='bbox 241 1783 354 1816; x_wconf 87' lang='lat' dir='ltr'><strong>Quando</strong></span> <span class='ocrx_word' id='word_1_227' title='bbox 370 1785 405 1811; x_wconf 92' lang='lat' dir='ltr'><strong>ab</strong></span> <span class='ocrx_word' id='word_1_228' title='bbox 417 1793 472 1812; x_wconf 93' lang='lat' dir='ltr'><strong>uno</strong></span> <span class='ocrx_word' id='word_1_229' title='bbox 489 1793 504 1812; x_wconf 91' lang='lat' dir='ltr'><strong>e</strong></span> <span class='ocrx_word' id='word_1_230' title='bbox 519 1787 617 1814; x_wconf 86' lang='lat' dir='ltr'><strong>vicinis</strong></span> <span class='ocrx_word' id='word_1_231' title='bbox 632 1787 732 1822; x_wconf 85' lang='lat' dir='ltr'><strong>injuria</strong></span> <span class='ocrx_word' id='word_1_232' title='bbox 749 1794 866 1818; x_wconf 66' lang='lat' dir='ltr'><strong>mstuare</strong></span> <span class='ocrx_word' id='word_1_233' title='bbox 882 1791 950 1819; x_wconf 81' lang='lat' dir='ltr'><strong>facit</strong></span> <span class='ocrx_word' id='word_1_234' title='bbox 966 1797 992 1819; x_wconf 86' lang='lat' dir='ltr'><strong>et</strong></span> 
     </span>
    </p>
   </div>
   <div class='ocr_carea' id='block_1_39' title="bbox 205 1830 992 1868">
    <p class='ocr_par' dir='ltr' id='par_1_39' title="bbox 205 1830 992 1868">
     <span class='ocr_line' id='line_1_40' title="bbox 205 1830 992 1868; baseline 0.01 -12"><span class='ocrx_word' id='word_1_235' title='bbox 205 1830 326 1856; x_wconf 87' lang='lat' dir='ltr'><strong>animum</strong></span> <span class='ocrx_word' id='word_1_236' title='bbox 340 1831 456 1858; x_wconf 85' lang='lat' dir='ltr'><strong>Inuitum</strong></span> <span class='ocrx_word' id='word_1_237' title='bbox 475 1839 588 1859; x_wconf 89' lang='lat' dir='ltr'><strong>movens</strong></span> <span class='ocrx_word' id='word_1_238' title='bbox 603 1837 686 1868; x_wconf 89' lang='lat' dir='ltr'><strong>atque</strong></span> <span class='ocrx_word' id='word_1_239' title='bbox 696 1834 871 1862; x_wconf 84' lang='lat' dir='ltr'><strong>vehementer</strong></span> <span class='ocrx_word' id='word_1_240' title='bbox 888 1840 992 1864; x_wconf 84' lang='lat' dir='ltr'><strong>tumere</strong></span> 
     </span>
    </p>
   </div>
   <div class='ocr_carea' id='block_1_40' title="bbox 206 1876 992 1912">
    <p class='ocr_par' dir='ltr' id='par_1_40' title="bbox 206 1876 992 1912">
     <span class='ocr_line' id='line_1_41' title="bbox 206 1876 992 1912; baseline 0.01 -10"><span class='ocrx_word' id='word_1_241' title='bbox 206 1876 320 1908; x_wconf 79' lang='lat' dir='ltr'><strong>iaciens,</strong></span> <span class='ocrx_word' id='word_1_242' title='bbox 342 1885 469 1912; x_wconf 74' lang='lat' dir='ltr'><strong>magnum</strong></span> <span class='ocrx_word' id='word_1_243' title='bbox 482 1882 511 1905; x_wconf 92' lang='lat' dir='ltr'><strong>ut</strong></span> <span class='ocrx_word' id='word_1_244' title='bbox 527 1886 591 1905; x_wconf 82' lang='lat' dir='ltr'><strong>vero</strong></span> <span class='ocrx_word' id='word_1_245' title='bbox 603 1879 692 1906; x_wconf 85' lang='lat' dir='ltr'><strong>simile</strong></span> <span class='ocrx_word' id='word_1_246' title='bbox 707 1886 750 1908; x_wconf 84' lang='lat' dir='ltr'><strong>est</strong></span> <span class='ocrx_word' id='word_1_247' title='bbox 761 1881 870 1909; x_wconf 55' lang='lat' dir='ltr'><strong>malitia}</strong></span> <span class='ocrx_word' id='word_1_248' title='bbox 883 1881 992 1910; x_wconf 84' lang='lat' dir='ltr'><strong>inﬂam-</strong></span> 
     </span>
    </p>
   </div>
   <div class='ocr_carea' id='block_1_41' title="bbox 205 1922 990 1956">
    <p class='ocr_par' dir='ltr' id='par_1_41' title="bbox 205 1922 990 1956">
     <span class='ocr_line' id='line_1_42' title="bbox 205 1922 990 1956; baseline 0.01 -8"><span class='ocrx_word' id='word_1_249' title='bbox 205 1926 260 1948; x_wconf 92' lang='lat' dir='ltr'><strong>mat</strong></span> <span class='ocrx_word' id='word_1_250' title='bbox 288 1922 443 1950; x_wconf 85' lang='lat' dir='ltr'><strong>inccndium</strong></span> <span class='ocrx_word' id='word_1_251' title='bbox 474 1929 501 1951; x_wconf 91' lang='lat' dir='ltr'><strong>et</strong></span> <span class='ocrx_word' id='word_1_252' title='bbox 530 1928 604 1951; x_wconf 86' lang='lat' dir='ltr'><strong>tuam</strong></span> <span class='ocrx_word' id='word_1_253' title='bbox 635 1930 754 1953; x_wconf 90' lang='lat' dir='ltr'><strong>mentem</strong></span> <span class='ocrx_word' id='word_1_254' title='bbox 779 1926 811 1953; x_wconf 90' lang='lat' dir='ltr'><strong>ad</strong></span> <span class='ocrx_word' id='word_1_255' title='bbox 844 1927 990 1956; x_wconf 79' lang='lat' dir='ltr'><strong>vindictam</strong></span> 
     </span>
    </p>
   </div>
   <div class='ocr_carea' id='block_1_42' title="bbox 205 1967 992 2004">
    <p class='ocr_par' dir='ltr' id='par_1_42' title="bbox 205 1967 992 2004">
     <span class='ocr_line' id='line_1_43' title="bbox 205 1967 992 2004; baseline 0.01 -10"><span class='ocrx_word' id='word_1_256' title='bbox 205 1967 306 1999; x_wconf 85' lang='lat' dir='ltr'><strong>adurit.</strong></span> <span class='ocrx_word' id='word_1_257' title='bbox 330 1968 475 1997; x_wconf 81' lang='lat' dir='ltr'><strong>confestim</strong></span> <span class='ocrx_word' id='word_1_258' title='bbox 499 1975 637 1998; x_wconf 87' lang='lat' dir='ltr'><strong>memento</strong></span> <span class='ocrx_word' id='word_1_259' title='bbox 662 1970 776 2004; x_wconf 84' lang='lat' dir='ltr'><strong>Christi,</strong></span> <span class='ocrx_word' id='word_1_260' title='bbox 804 1974 992 2002; x_wconf 85' lang='lat' dir='ltr'><strong>recordatione</strong></span> 
     </span>
    </p>
   </div>
   <div class='ocr_carea' id='block_1_43' title="bbox 205 2015 991 2051">
    <p class='ocr_par' dir='ltr' id='par_1_43' title="bbox 205 2015 991 2051">
     <span class='ocr_line' id='line_1_44' title="bbox 205 2015 991 2051; baseline 0.009 -11"><span class='ocrx_word' id='word_1_261' title='bbox 205 2018 330 2049; x_wconf 84' lang='lat' dir='ltr'><strong>prompta</strong></span> <span class='ocrx_word' id='word_1_262' title='bbox 341 2018 368 2042; x_wconf 91' lang='lat' dir='ltr'><strong>et</strong></span> <span class='ocrx_word' id='word_1_263' title='bbox 380 2015 441 2041; x_wconf 89' lang='lat' dir='ltr'><strong>viva</strong></span> <span class='ocrx_word' id='word_1_264' title='bbox 455 2015 526 2051; x_wconf 77' lang='lat' dir='ltr'><strong>tinge</strong></span> <span class='ocrx_word' id='word_1_265' title='bbox 542 2016 590 2043; x_wconf 89' lang='lat' dir='ltr'><strong>tibi</strong></span> <span class='ocrx_word' id='word_1_266' title='bbox 602 2016 662 2050; x_wconf 90' lang='lat' dir='ltr'><strong>ejus</strong></span> <span class='ocrx_word' id='word_1_267' title='bbox 677 2017 793 2051; x_wconf 87' lang='lat' dir='ltr'><strong>injurias</strong></span> <span class='ocrx_word' id='word_1_268' title='bbox 805 2022 833 2045; x_wconf 90' lang='lat' dir='ltr'><strong>et</strong></span> <span class='ocrx_word' id='word_1_269' title='bbox 849 2019 991 2048; x_wconf 88' lang='lat' dir='ltr'><strong>illusiones</strong></span> 
     </span>
    </p>
   </div>
   <div class='ocr_carea' id='block_1_44' title="bbox 204 2059 992 2100">
    <p class='ocr_par' dir='ltr' id='par_1_44' title="bbox 204 2059 992 2100">
     <span class='ocr_line' id='line_1_45' title="bbox 204 2059 992 2100; baseline 0.009 -14"><span class='ocrx_word' id='word_1_270' title='bbox 204 2065 230 2087; x_wconf 82' lang='lat' dir='ltr'><strong>et</strong></span> <span class='ocrx_word' id='word_1_271' title='bbox 248 2059 352 2095; x_wconf 75' lang='lat' dir='ltr'><strong>ﬂagella</strong></span> <span class='ocrx_word' id='word_1_272' title='bbox 367 2064 394 2088; x_wconf 86' lang='lat' dir='ltr'><strong>et</strong></span> <span class='ocrx_word' id='word_1_273' title='bbox 409 2061 521 2088; x_wconf 85' lang='lat' dir='ltr'><strong>vulnera</strong></span> <span class='ocrx_word' id='word_1_274' title='bbox 536 2069 596 2096; x_wconf 70' lang='lat' dir='ltr'><strong>quae</strong></span> <span class='ocrx_word' id='word_1_275' title='bbox 611 2063 639 2089; x_wconf 90' lang='lat' dir='ltr'><strong>in</strong></span> <span class='ocrx_word' id='word_1_276' title='bbox 664 2070 746 2090; x_wconf 89' lang='lat' dir='ltr'><strong>cruce</strong></span> <span class='ocrx_word' id='word_1_277' title='bbox 766 2069 876 2100; x_wconf 87' lang='lat' dir='ltr'><strong>propter</strong></span> <span class='ocrx_word' id='word_1_278' title='bbox 893 2070 918 2092; x_wconf 92' lang='lat' dir='ltr'><strong>te</strong></span> <span class='ocrx_word' id='word_1_279' title='bbox 929 2073 992 2100; x_wconf 88' lang='lat' dir='ltr'><strong>pas-</strong></span> 
     </span>
    </p>
   </div>
   <div class='ocr_carea' id='block_1_45' title="bbox 206 2106 992 2143">
    <p class='ocr_par' dir='ltr' id='par_1_45' title="bbox 206 2106 992 2143">
     <span class='ocr_line' id='line_1_46' title="bbox 206 2106 992 2143; baseline 0.01 -13"><span class='ocrx_word' id='word_1_280' title='bbox 206 2113 254 2131; x_wconf 79' lang='lat' dir='ltr'><strong>sus</strong></span> <span class='ocrx_word' id='word_1_281' title='bbox 266 2109 318 2136; x_wconf 81' lang='lat' dir='ltr'><strong>est.</strong></span> <span class='ocrx_word' id='word_1_282' title='bbox 340 2109 368 2132; x_wconf 86' lang='lat' dir='ltr'><strong>et</strong></span> <span class='ocrx_word' id='word_1_283' title='bbox 397 2106 536 2141; x_wconf 72' lang='lat' dir='ltr'><strong>azquipara</strong></span> <span class='ocrx_word' id='word_1_284' title='bbox 559 2108 585 2133; x_wconf 90' lang='lat' dir='ltr'><strong>in</strong></span> <span class='ocrx_word' id='word_1_285' title='bbox 609 2107 707 2142; x_wconf 88' lang='lat' dir='ltr'><strong>spiritu</strong></span> <span class='ocrx_word' id='word_1_286' title='bbox 732 2116 786 2143; x_wconf 83' lang='lat' dir='ltr'><strong>qua</strong></span> <span class='ocrx_word' id='word_1_287' title='bbox 807 2117 935 2137; x_wconf 87' lang='lat' dir='ltr'><strong>mensura</strong></span> <span class='ocrx_word' id='word_1_288' title='bbox 953 2111 992 2138; x_wconf 87' lang='lat' dir='ltr'><strong>tui</strong></span> 
     </span>
    </p>
   </div>
   <div class='ocr_carea' id='block_1_46' title="bbox 204 2150 992 2191">
    <p class='ocr_par' dir='ltr' id='par_1_46' title="bbox 204 2150 992 2191">
     <span class='ocr_line' id='line_1_47' title="bbox 204 2150 992 2191; baseline 0.009 -14"><span class='ocrx_word' id='word_1_289' title='bbox 204 2150 314 2177; x_wconf 88' lang='lat' dir='ltr'><strong>dolores</strong></span> <span class='ocrx_word' id='word_1_290' title='bbox 340 2155 414 2178; x_wconf 86' lang='lat' dir='ltr'><strong>retro</strong></span> <span class='ocrx_word' id='word_1_291' title='bbox 437 2151 545 2179; x_wconf 86' lang='lat' dir='ltr'><strong>dolores</strong></span> <span class='ocrx_word' id='word_1_292' title='bbox 570 2152 677 2180; x_wconf 88' lang='lat' dir='ltr'><strong>Domini</strong></span> <span class='ocrx_word' id='word_1_293' title='bbox 700 2154 873 2189; x_wconf 87' lang='lat' dir='ltr'><strong>relinquunt;</strong></span> <span class='ocrx_word' id='word_1_294' title='bbox 902 2157 992 2191; x_wconf 76' lang='lat' dir='ltr'><strong>cogita</strong></span> 
     </span>
    </p>
   </div>
   <div class='ocr_carea' id='block_1_47' title="bbox 206 2195 991 2236">
    <p class='ocr_par' dir='ltr' id='par_1_47' title="bbox 206 2195 991 2236">
     <span class='ocr_line' id='line_1_48' title="bbox 206 2195 991 2236; baseline 0.011 -15"><span class='ocrx_word' id='word_1_295' title='bbox 206 2203 260 2222; x_wconf 86' lang='lat' dir='ltr'><strong>non</strong></span> <span class='ocrx_word' id='word_1_296' title='bbox 287 2195 375 2223; x_wconf 90' lang='lat' dir='ltr'><strong>solum</strong></span> <span class='ocrx_word' id='word_1_297' title='bbox 397 2196 523 2224; x_wconf 90' lang='lat' dir='ltr'><strong>dolorum</strong></span> <span class='ocrx_word' id='word_1_298' title='bbox 542 2197 735 2232; x_wconf 77' lang='lat' dir='ltr'><strong>diﬂ‘erentiam,</strong></span> <span class='ocrx_word' id='word_1_299' title='bbox 760 2202 896 2236; x_wconf 88' lang='lat' dir='ltr'><strong>quomodo</strong></span> <span class='ocrx_word' id='word_1_300' title='bbox 916 2210 991 2230; x_wconf 92' lang='lat' dir='ltr'><strong>com-</strong></span> 
     </span>
    </p>
   </div>
   <div class='ocr_carea' id='block_1_48' title="bbox 207 2243 994 2282">
    <p class='ocr_par' dir='ltr' id='par_1_48' title="bbox 207 2243 994 2282">
     <span class='ocr_line' id='line_1_49' title="bbox 207 2243 994 2282; baseline 0.011 -14"><span class='ocrx_word' id='word_1_301' title='bbox 207 2243 294 2277; x_wconf 82' lang='lat' dir='ltr'><strong>parati</strong></span> <span class='ocrx_word' id='word_1_302' title='bbox 310 2244 348 2270; x_wconf 89' lang='lat' dir='ltr'><strong>tui</strong></span> <span class='ocrx_word' id='word_1_303' title='bbox 365 2243 505 2271; x_wconf 88' lang='lat' dir='ltr'><strong>minimam</strong></span> <span class='ocrx_word' id='word_1_304' title='bbox 527 2250 631 2279; x_wconf 81' lang='lat' dir='ltr'><strong>partem</strong></span> <span class='ocrx_word' id='word_1_305' title='bbox 652 2246 777 2274; x_wconf 90' lang='lat' dir='ltr'><strong>dolorum</strong></span> <span class='ocrx_word' id='word_1_306' title='bbox 800 2248 886 2282; x_wconf 86' lang='lat' dir='ltr'><strong>ipsius</strong></span> <span class='ocrx_word' id='word_1_307' title='bbox 900 2254 994 2276; x_wconf 89' lang='lat' dir='ltr'><strong>osten-</strong></span> 
     </span>
    </p>
   </div>
   <div class='ocr_carea' id='block_1_49' title="bbox 206 2289 993 2329">
    <p class='ocr_par' dir='ltr' id='par_1_49' title="bbox 206 2289 993 2329">
     <span class='ocr_line' id='line_1_50' title="bbox 206 2289 993 2329; baseline 0.011 -15"><span class='ocrx_word' id='word_1_308' title='bbox 206 2290 293 2320; x_wconf 88' lang='lat' dir='ltr'><strong>dunt,</strong></span> <span class='ocrx_word' id='word_1_309' title='bbox 326 2289 374 2317; x_wconf 85' lang='lat' dir='ltr'><strong>sed</strong></span> <span class='ocrx_word' id='word_1_310' title='bbox 399 2294 425 2316; x_wconf 88' lang='lat' dir='ltr'><strong>et</strong></span> <span class='ocrx_word' id='word_1_311' title='bbox 443 2298 587 2325; x_wconf 88' lang='lat' dir='ltr'><strong>personam</strong></span> <span class='ocrx_word' id='word_1_312' title='bbox 610 2292 757 2320; x_wconf 85' lang='lat' dir='ltr'><strong>recordare</strong></span> <span class='ocrx_word' id='word_1_313' title='bbox 781 2295 916 2328; x_wconf 82' lang='lat' dir='ltr'><strong>patientis,</strong></span> <span class='ocrx_word' id='word_1_314' title='bbox 929 2297 993 2329; x_wconf 90' lang='lat' dir='ltr'><strong>quia</strong></span> 
     </span>
    </p>
   </div>
   <div class='ocr_carea' id='block_1_50' title="bbox 205 2334 992 2374">
    <p class='ocr_par' dir='ltr' id='par_1_50' title="bbox 205 2334 992 2374">
     <span class='ocr_line' id='line_1_51' title="bbox 205 2334 992 2374; baseline 0.009 -13"><span class='ocrx_word' id='word_1_315' title='bbox 205 2334 263 2369; x_wconf 85' lang='lat' dir='ltr'><strong>ipse</strong></span> <span class='ocrx_word' id='word_1_316' title='bbox 275 2334 346 2363; x_wconf 82' lang='lat' dir='ltr'><strong>Deus</strong></span> <span class='ocrx_word' id='word_1_317' title='bbox 363 2339 389 2363; x_wconf 81' lang='lat' dir='ltr'><strong>et</strong></span> <span class='ocrx_word' id='word_1_318' title='bbox 404 2337 542 2371; x_wconf 73' lang='lat' dir='ltr'><strong>magister,</strong></span> <span class='ocrx_word' id='word_1_319' title='bbox 559 2337 621 2372; x_wconf 86' lang='lat' dir='ltr'><strong>quia</strong></span> <span class='ocrx_word' id='word_1_320' title='bbox 635 2338 676 2365; x_wconf 86' lang='lat' dir='ltr'><strong>vel</strong></span> <span class='ocrx_word' id='word_1_321' title='bbox 693 2346 747 2365; x_wconf 91' lang='lat' dir='ltr'><strong>non</strong></span> <span class='ocrx_word' id='word_1_322' title='bbox 769 2347 850 2374; x_wconf 87' lang='lat' dir='ltr'><strong>quam</strong></span> <span class='ocrx_word' id='word_1_323' title='bbox 870 2341 992 2374; x_wconf 89' lang='lat' dir='ltr'><strong>minime,</strong></span> 
     </span>
    </p>
   </div>
   <div class='ocr_carea' id='block_1_51' title="bbox 206 2383 993 2420">
    <p class='ocr_par' dir='ltr' id='par_1_51' title="bbox 206 2383 993 2420">
     <span class='ocr_line' id='line_1_52' title="bbox 206 2383 993 2420; baseline 0.01 -13"><span class='ocrx_word' id='word_1_324' title='bbox 206 2389 256 2409; x_wconf 86' lang='lat' dir='ltr'><strong>nec</strong></span> <span class='ocrx_word' id='word_1_325' title='bbox 278 2383 443 2417; x_wconf 78' lang='lat' dir='ltr'><strong>cogitatione</strong></span> <span class='ocrx_word' id='word_1_326' title='bbox 469 2391 519 2410; x_wconf 78' lang='lat' dir='ltr'><strong>nec</strong></span> <span class='ocrx_word' id='word_1_327' title='bbox 543 2384 635 2419; x_wconf 78' lang='lat' dir='ltr'><strong>lingua</strong></span> <span class='ocrx_word' id='word_1_328' title='bbox 657 2393 777 2420; x_wconf 88' lang='lat' dir='ltr'><strong>unquam</strong></span> <span class='ocrx_word' id='word_1_329' title='bbox 795 2387 926 2420; x_wconf 84' lang='lat' dir='ltr'><strong>peccavit.</strong></span> <span class='ocrx_word' id='word_1_330' title='bbox 953 2387 993 2415; x_wconf 91' lang='lat' dir='ltr'><strong>Tu</strong></span> 
     </span>
    </p>
   </div>
   <div class='ocr_carea' id='block_1_52' title="bbox 206 2429 995 2461">
    <p class='ocr_par' dir='ltr' id='par_1_52' title="bbox 206 2429 995 2461">
     <span class='ocr_line' id='line_1_53' title="bbox 206 2429 995 2461; baseline 0.01 -8"><span class='ocrx_word' id='word_1_331' title='bbox 206 2435 272 2454; x_wconf 67' lang='lat' dir='ltr'><strong>vero</strong></span> <span class='ocrx_word' id='word_1_332' title='bbox 287 2432 314 2455; x_wconf 89' lang='lat' dir='ltr'><strong>et</strong></span> <span class='ocrx_word' id='word_1_333' title='bbox 327 2429 409 2455; x_wconf 87' lang='lat' dir='ltr'><strong>homo</strong></span> <span class='ocrx_word' id='word_1_334' title='bbox 423 2437 453 2457; x_wconf 84' lang='lat' dir='ltr'><strong>es</strong></span> <span class='ocrx_word' id='word_1_335' title='bbox 464 2436 491 2457; x_wconf 89' lang='lat' dir='ltr'><strong>et</strong></span> <span class='ocrx_word' id='word_1_336' title='bbox 505 2438 613 2461; x_wconf 82' lang='lat' dir='ltr'><strong>servus,</strong></span> <span class='ocrx_word' id='word_1_337' title='bbox 636 2435 663 2457; x_wconf 86' lang='lat' dir='ltr'><strong>et</strong></span> <span class='ocrx_word' id='word_1_338' title='bbox 677 2432 812 2459; x_wconf 81' lang='lat' dir='ltr'><strong>obnoxius</strong></span> <span class='ocrx_word' id='word_1_339' title='bbox 826 2433 919 2461; x_wconf 89' lang='lat' dir='ltr'><strong>multis</strong></span> <span class='ocrx_word' id='word_1_340' title='bbox 934 2434 995 2461; x_wconf 89' lang='lat' dir='ltr'><strong>mil-</strong></span> 
     </span>
    </p>
   </div>
   <div class='ocr_carea' id='block_1_53' title="bbox 206 2475 994 2511">
    <p class='ocr_par' dir='ltr' id='par_1_53' title="bbox 206 2475 994 2511">
     <span class='ocr_line' id='line_1_54' title="bbox 206 2475 994 2511; baseline 0.009 -10"><span class='ocrx_word' id='word_1_341' title='bbox 206 2475 279 2502; x_wconf 86' lang='lat' dir='ltr'><strong>libus</strong></span> <span class='ocrx_word' id='word_1_342' title='bbox 302 2475 477 2510; x_wconf 79' lang='lat' dir='ltr'><strong>negligentiis</strong></span> <span class='ocrx_word' id='word_1_343' title='bbox 502 2477 624 2511; x_wconf 87' lang='lat' dir='ltr'><strong>quotidie</strong></span> <span class='ocrx_word' id='word_1_344' title='bbox 648 2477 759 2511; x_wconf 83' lang='lat' dir='ltr'><strong>laberis,</strong></span> <span class='ocrx_word' id='word_1_345' title='bbox 783 2482 810 2505; x_wconf 92' lang='lat' dir='ltr'><strong>et</strong></span> <span class='ocrx_word' id='word_1_346' title='bbox 832 2479 872 2507; x_wconf 88' lang='lat' dir='ltr'><strong>sic</strong></span> <span class='ocrx_word' id='word_1_347' title='bbox 894 2480 994 2508; x_wconf 87' lang='lat' dir='ltr'><strong>talibus</strong></span> 
     </span>
    </p>
   </div>
   <div class='ocr_carea' id='block_1_54' title="bbox 205 2520 994 2556">
    <p class='ocr_par' dir='ltr' id='par_1_54' title="bbox 205 2520 994 2556">
     <span class='ocr_line' id='line_1_55' title="bbox 205 2520 994 2556; baseline 0.011 -12"><span class='ocrx_word' id='word_1_348' title='bbox 205 2520 419 2553; x_wconf 71' lang='lat' dir='ltr'><strong>cogitationibus</strong></span> <span class='ocrx_word' id='word_1_349' title='bbox 439 2522 517 2555; x_wconf 86' lang='lat' dir='ltr'><strong>quasi</strong></span> <span class='ocrx_word' id='word_1_350' title='bbox 537 2522 615 2556; x_wconf 89' lang='lat' dir='ltr'><strong>aquis</strong></span> <span class='ocrx_word' id='word_1_351' title='bbox 638 2521 789 2550; x_wconf 80' lang='lat' dir='ltr'><strong>Salvatoris</strong></span> <span class='ocrx_word' id='word_1_352' title='bbox 806 2524 951 2553; x_wconf 85' lang='lat' dir='ltr'><strong>incantans</strong></span> <span class='ocrx_word' id='word_1_353' title='bbox 966 2531 994 2553; x_wconf 83' lang='lat' dir='ltr'><strong>et</strong></span> 
     </span>
    </p>
   </div>
   <div class='ocr_carea' id='block_1_55' title="bbox 206 2565 993 2601">
    <p class='ocr_par' dir='ltr' id='par_1_55' title="bbox 206 2565 993 2601">
     <span class='ocr_line' id='line_1_56' title="bbox 206 2565 993 2601; baseline 0.01 -10"><span class='ocrx_word' id='word_1_354' title='bbox 206 2565 325 2600; x_wconf 72' lang='lat' dir='ltr'><strong>irrigans</strong></span> <span class='ocrx_word' id='word_1_355' title='bbox 344 2567 462 2594; x_wconf 89' lang='lat' dir='ltr'><strong>animam</strong></span> <span class='ocrx_word' id='word_1_356' title='bbox 486 2573 571 2601; x_wconf 84' lang='lat' dir='ltr'><strong>tuam,</strong></span> <span class='ocrx_word' id='word_1_357' title='bbox 592 2569 705 2597; x_wconf 89' lang='lat' dir='ltr'><strong>ardores</strong></span> <span class='ocrx_word' id='word_1_358' title='bbox 726 2570 880 2598; x_wconf 80' lang='lat' dir='ltr'><strong>aﬂlictionis</strong></span> <span class='ocrx_word' id='word_1_359' title='bbox 897 2576 924 2599; x_wconf 85' lang='lat' dir='ltr'><strong>et</strong></span> <span class='ocrx_word' id='word_1_360' title='bbox 947 2572 993 2599; x_wconf 76' lang='lat' dir='ltr'><strong>ira:</strong></span> 
     </span>
    </p>
   </div>
   <div class='ocr_carea' id='block_1_56' title="bbox 206 2611 357 2645">
    <p class='ocr_par' dir='ltr' id='par_1_56' title="bbox 206 2611 357 2645">
     <span class='ocr_line' id='line_1_57' title="bbox 206 2611 357 2645; baseline 0.013 -8"><span class='ocrx_word' id='word_1_361' title='bbox 206 2611 357 2645; x_wconf 70' lang='lat' dir='ltr'><strong>cxstingue.</strong></span> 
     </span>
    </p>
   </div>
   <div class='ocr_carea' id='block_1_57' title="bbox 202 2701 920 2739">
    <p class='ocr_par' dir='ltr' id='par_1_57' title="bbox 202 2701 920 2739">
     <span class='ocr_line' id='line_1_58' title="bbox 202 2701 920 2739; baseline 0.008 -12"><span class='ocrx_word' id='word_1_362' title='bbox 202 2701 255 2728; x_wconf 66' lang='lat'><strong>£65</strong></span> <span class='ocrx_word' id='word_1_363' title='bbox 277 2702 370 2734; x_wconf 76' lang='lat' dir='ltr'><strong>Amor,</strong></span> <span class='ocrx_word' id='word_1_364' title='bbox 386 2702 509 2736; x_wconf 78' lang='lat' dir='ltr'><strong>ebrietas,</strong></span> <span class='ocrx_word' id='word_1_365' title='bbox 529 2704 603 2736; x_wconf 82' lang='lat' dir='ltr'><strong>livor,</strong></span> <span class='ocrx_word' id='word_1_366' title='bbox 625 2711 649 2733; x_wconf 81' lang='lat' dir='ltr'><strong>et</strong></span> <span class='ocrx_word' id='word_1_367' title='bbox 669 2706 783 2738; x_wconf 66' lang='lat' dir='ltr'><strong>da&#39;mon,</strong></span> <span class='ocrx_word' id='word_1_368' title='bbox 796 2707 920 2739; x_wconf 75' lang='lat' dir='ltr'><strong>wqualia.</strong></span> 
     </span>
    </p>
   </div>
   <div class='ocr_carea' id='block_1_58' title="bbox 241 2747 991 2787">
    <p class='ocr_par' dir='ltr' id='par_1_58' title="bbox 241 2747 991 2787">
     <span class='ocr_line' id='line_1_59' title="bbox 241 2747 991 2787; baseline 0.009 -14"><span class='ocrx_word' id='word_1_369' title='bbox 241 2747 366 2780; x_wconf 86' lang='lat' dir='ltr'><strong>Quatuor</strong></span> <span class='ocrx_word' id='word_1_370' title='bbox 393 2749 450 2776; x_wconf 65' lang='lat' dir='ltr'><strong>haec</strong></span> <span class='ocrx_word' id='word_1_371' title='bbox 475 2752 633 2778; x_wconf 88' lang='lat' dir='ltr'><strong>summatim</strong></span> <span class='ocrx_word' id='word_1_372' title='bbox 658 2759 789 2787; x_wconf 82' lang='lat' dir='ltr'><strong>apparere</strong></span> <span class='ocrx_word' id='word_1_373' title='bbox 808 2753 991 2787; x_wconf 87' lang='lat' dir='ltr'><strong>insipientiam</strong></span> 
     </span>
    </p>
   </div>
   <div class='ocr_carea' id='block_1_59' title="bbox 202 2795 992 2833">
    <p class='ocr_par' dir='ltr' id='par_1_59' title="bbox 202 2795 992 2833">
     <span class='ocr_line' id='line_1_60' title="bbox 202 2795 992 2833; baseline 0.006 -12"><span class='ocrx_word' id='word_1_374' title='bbox 202 2799 230 2822; x_wconf 77' lang='lat' dir='ltr'><strong>et</strong></span> <span class='ocrx_word' id='word_1_375' title='bbox 246 2795 450 2823; x_wconf 88' lang='lat' dir='ltr'><strong>aberrationem</strong></span> <span class='ocrx_word' id='word_1_376' title='bbox 469 2798 581 2832; x_wconf 88' lang='lat' dir='ltr'><strong>spiritus</strong></span> <span class='ocrx_word' id='word_1_377' title='bbox 602 2798 635 2825; x_wconf 88' lang='lat' dir='ltr'><strong>ad</strong></span> <span class='ocrx_word' id='word_1_378' title='bbox 659 2799 752 2833; x_wconf 88' lang='lat' dir='ltr'><strong>pejora</strong></span> <span class='ocrx_word' id='word_1_379' title='bbox 770 2803 797 2826; x_wconf 92' lang='lat' dir='ltr'><strong>et</strong></span> <span class='ocrx_word' id='word_1_380' title='bbox 825 2798 992 2826; x_wconf 85' lang='lat' dir='ltr'><strong>immutatio-</strong></span> 
     </span>
    </p>
   </div>
   <div class='ocr_carea' id='block_1_60' title="bbox 205 2840 988 2879">
    <p class='ocr_par' dir='ltr' id='par_1_60' title="bbox 205 2840 988 2879">
     <span class='ocr_line' id='line_1_61' title="bbox 205 2840 988 2879; baseline 0.005 -12"><span class='ocrx_word' id='word_1_381' title='bbox 205 2848 266 2867; x_wconf 70' lang='lat' dir='ltr'><strong>nem</strong></span> <span class='ocrx_word' id='word_1_382' title='bbox 280 2840 439 2868; x_wconf 78' lang='lat' dir='ltr'><strong>inducentia</strong></span> <span class='ocrx_word' id='word_1_383' title='bbox 451 2843 671 2877; x_wconf 81' lang='lat' dir='ltr'><strong>cognoscendum</strong></span> <span class='ocrx_word' id='word_1_384' title='bbox 686 2848 739 2876; x_wconf 83' lang='lat' dir='ltr'><strong>est,</strong></span> <span class='ocrx_word' id='word_1_385' title='bbox 751 2851 827 2871; x_wconf 85' lang='lat' dir='ltr'><strong>amor</strong></span> <span class='ocrx_word' id='word_1_386' title='bbox 842 2851 988 2879; x_wconf 88' lang='lat' dir='ltr'><strong>corporum</strong></span> 
     </span>
    </p>
   </div>
   <div class='ocr_carea' id='block_1_61' title="bbox 204 2888 990 2924">
    <p class='ocr_par' dir='ltr' id='par_1_61' title="bbox 204 2888 990 2924">
     <span class='ocr_line' id='line_1_62' title="bbox 204 2888 990 2924; baseline 0.008 -10"><span class='ocrx_word' id='word_1_387' title='bbox 204 2888 357 2921; x_wconf 60' lang='lat' dir='ltr'><strong>ementitus</strong></span> <span class='ocrx_word' id='word_1_388' title='bbox 376 2892 402 2916; x_wconf 84' lang='lat' dir='ltr'><strong>et</strong></span> <span class='ocrx_word' id='word_1_389' title='bbox 420 2889 614 2923; x_wconf 83' lang='lat' dir='ltr'><strong>immoderatus</strong></span> <span class='ocrx_word' id='word_1_390' title='bbox 639 2895 665 2919; x_wconf 86' lang='lat' dir='ltr'><strong>et</strong></span> <span class='ocrx_word' id='word_1_391' title='bbox 693 2891 803 2924; x_wconf 82' lang='lat' dir='ltr'><strong>ardens,</strong></span> <span class='ocrx_word' id='word_1_392' title='bbox 826 2891 943 2919; x_wconf 77' lang='lat' dir='ltr'><strong>ebrietas</strong></span> <span class='ocrx_word' id='word_1_393' title='bbox 964 2895 990 2920; x_wconf 85' lang='lat' dir='ltr'><strong>et</strong></span> 
     </span>
    </p>
   </div>
   <div class='ocr_carea' id='block_1_62' title="bbox 895 145 1157 176">
    <p class='ocr_par' dir='ltr' id='par_1_62' title="bbox 895 145 1157 176">
     <span class='ocr_line' id='line_1_63' title="bbox 895 145 1157 176; baseline 0.019 -5"><span class='ocrx_word' id='word_1_394' title='bbox 895 145 1043 174; x_wconf 76' lang='lat' dir='ltr'><strong>NICETAS</strong></span> <span class='ocrx_word' id='word_1_395' title='bbox 1054 147 1157 176; x_wconf 76' lang='lat' dir='ltr'><strong>DAVlD</strong></span> 
     </span>
    </p>
   </div>
   <div class='ocr_carea' id='block_1_63' title="bbox 1793 157 1846 185">
    <p class='ocr_par' dir='ltr' id='par_1_63' title="bbox 1793 157 1846 185">
     <span class='ocr_line' id='line_1_64' title="bbox 1793 157 1846 185; baseline 0 0"><span class='ocrx_word' id='word_1_396' title='bbox 1793 157 1846 185; x_wconf 66' lang='grc' dir='ltr'><strong>8*ὶᾶ</strong></span> 
     </span>
    </p>
   </div>
   <div class='ocr_carea' id='block_1_64' title="bbox 1051 208 1845 251">
    <p class='ocr_par' dir='ltr' id='par_1_64' title="bbox 1051 208 1845 251">
     <span class='ocr_line' id='line_1_65' title="bbox 1051 208 1845 251; baseline 0.01 -17"><span class='ocrx_word' id='word_1_397' title='bbox 1051 208 1146 244; x_wconf 76' lang='grc' dir='ltr'>ὥσπερ</span> <span class='ocrx_word' id='word_1_398' title='bbox 1155 209 1188 236; x_wconf 72' lang='grc' dir='ltr'><strong>τὰ</strong></span> <span class='ocrx_word' id='word_1_399' title='bbox 1203 210 1317 245; x_wconf 79' lang='grc' dir='ltr'>περιττὰ</span> <span class='ocrx_word' id='word_1_400' title='bbox 1332 211 1381 247; x_wconf 77' lang='grc' dir='ltr'>τῆς</span> <span class='ocrx_word' id='word_1_401' title='bbox 1388 211 1505 247; x_wconf 77' lang='grc' dir='ltr'>βλάστης</span> <span class='ocrx_word' id='word_1_402' title='bbox 1513 212 1567 239; x_wconf 84' lang='grc' dir='ltr'>τῶν</span> <span class='ocrx_word' id='word_1_403' title='bbox 1576 213 1668 248; x_wconf 82' lang='grc' dir='ltr'>φυτῶν</span> <span class='ocrx_word' id='word_1_404' title='bbox 1681 217 1845 251; x_wconf 67' lang='grc' dir='ltr'>περιτεμὼν-</span> 
     </span>
    </p>
   </div>
   <div class='ocr_carea' id='block_1_65' title="bbox 1046 254 1843 294">
    <p class='ocr_par' dir='ltr' id='par_1_65' title="bbox 1046 254 1843 294">
     <span class='ocr_line' id='line_1_66' title="bbox 1046 254 1843 294; baseline 0.011 -16"><span class='ocrx_word' id='word_1_405' title='bbox 1046 259 1102 285; x_wconf 82' lang='grc' dir='ltr'>τες,</span> <span class='ocrx_word' id='word_1_406' title='bbox 1115 254 1144 279; x_wconf 77' lang='grc' dir='ltr'>τὸ</span> <span class='ocrx_word' id='word_1_407' title='bbox 1157 254 1210 280; x_wconf 73' lang='grc' dir='ltr'>ἀπὺ</span> <span class='ocrx_word' id='word_1_408' title='bbox 1218 254 1267 289; x_wconf 88' lang='grc' dir='ltr'>τῆς</span> <span class='ocrx_word' id='word_1_409' title='bbox 1281 255 1434 291; x_wconf 78' lang='grc' dir='ltr'><strong>εὐκαρπίας</strong></span> <span class='ocrx_word' id='word_1_410' title='bbox 1445 258 1540 293; x_wconf 81' lang='grc' dir='ltr'>κέρδος</span> <span class='ocrx_word' id='word_1_411' title='bbox 1550 259 1632 285; x_wconf 78' lang='grc' dir='ltr'>πλέον</span> <span class='ocrx_word' id='word_1_412' title='bbox 1646 259 1821 294; x_wconf 73' lang='grc' dir='ltr'><strong>ποριζόμεθα</strong></span> <span class='ocrx_word' id='word_1_413' title='bbox 1837 267 1843 273; x_wconf 90' lang='grc'>·</span> 
     </span>
    </p>
   </div>
   <div class='ocr_carea' id='block_1_66' title="bbox 1047 297 1842 339">
    <p class='ocr_par' dir='ltr' id='par_1_66' title="bbox 1047 297 1842 339">
     <span class='ocr_line' id='line_1_67' title="bbox 1047 297 1842 339; baseline 0.01 -16"><span class='ocrx_word' id='word_1_414' title='bbox 1047 297 1157 324; x_wconf 72' lang='grc' dir='ltr'>οὗτωτὰ</span> <span class='ocrx_word' id='word_1_415' title='bbox 1164 300 1305 334; x_wconf 75' lang='grc' dir='ltr'>σωματικὰ</span> <span class='ocrx_word' id='word_1_416' title='bbox 1313 301 1441 334; x_wconf 81' lang='grc' dir='ltr'><strong>πολλάκις</strong></span> <span class='ocrx_word' id='word_1_417' title='bbox 1447 301 1608 337; x_wconf 79' lang='grc' dir='ltr'>ζημιοῦσθαι</span> <span class='ocrx_word' id='word_1_418' title='bbox 1618 303 1842 339; x_wconf 73' lang='grc' dir='ltr'>προαιρούμενοι,</span> 
     </span>
    </p>
   </div>
   <div class='ocr_carea' id='block_1_67' title="bbox 1046 344 1841 382">
    <p class='ocr_par' dir='ltr' id='par_1_67' title="bbox 1046 344 1841 382">
     <span class='ocr_line' id='line_1_68' title="bbox 1046 344 1841 382; baseline 0.008 -14"><span class='ocrx_word' id='word_1_419' title='bbox 1046 344 1104 374; x_wconf 86' lang='grc' dir='ltr'>τοῖς</span> <span class='ocrx_word' id='word_1_420' title='bbox 1118 346 1313 378; x_wconf 82' lang='grc' dir='ltr'><strong>πνευματικοῖς</strong></span> <span class='ocrx_word' id='word_1_421' title='bbox 1327 345 1543 381; x_wconf 80' lang='grc' dir='ltr'>ἑνευθηνούμεθα</span> <span class='ocrx_word' id='word_1_422' title='bbox 1555 355 1561 361; x_wconf 91' lang='grc'><strong>·</strong></span> <span class='ocrx_word' id='word_1_423' title='bbox 1578 348 1625 374; x_wconf 84' lang='grc' dir='ltr'>καὶ</span> <span class='ocrx_word' id='word_1_424' title='bbox 1637 347 1767 382; x_wconf 78' lang='grc' dir='ltr'>ἔμπαλιν,</span> <span class='ocrx_word' id='word_1_425' title='bbox 1785 351 1841 380; x_wconf 76' lang='grc' dir='ltr'>τοῖς</span> 
     </span>
    </p>
   </div>
   <div class='ocr_carea' id='block_1_68' title="bbox 1047 387 1838 427">
    <p class='ocr_par' dir='ltr' id='par_1_68' title="bbox 1047 387 1838 427">
     <span class='ocr_line' id='line_1_69' title="bbox 1047 387 1838 427; baseline 0.008 -15"><span class='ocrx_word' id='word_1_426' title='bbox 1047 387 1102 413; x_wconf 75' lang='grc' dir='ltr'><strong>ἀπὸ</strong></span> <span class='ocrx_word' id='word_1_427' title='bbox 1113 387 1164 422; x_wconf 83' lang='grc' dir='ltr'>τῆς</span> <span class='ocrx_word' id='word_1_428' title='bbox 1177 387 1242 422; x_wconf 79' lang='grc' dir='ltr'>ὕλης</span> <span class='ocrx_word' id='word_1_429' title='bbox 1257 389 1443 425; x_wconf 75' lang='grc' dir='ltr'><strong>κερδαίνοντες</strong></span> <span class='ocrx_word' id='word_1_430' title='bbox 1457 391 1486 416; x_wconf 77' lang='grc' dir='ltr'>οὐ</span> <span class='ocrx_word' id='word_1_431' title='bbox 1501 391 1590 422; x_wconf 82' lang='grc' dir='ltr'>καλῶς</span> <span class='ocrx_word' id='word_1_432' title='bbox 1600 392 1647 417; x_wconf 69' lang='grc' dir='ltr'>καὶ</span> <span class='ocrx_word' id='word_1_433' title='bbox 1662 391 1838 427; x_wconf 76' lang='grc' dir='ltr'>πληθυνόμε-</span> 
     </span>
    </p>
   </div>
   <div class='ocr_carea' id='block_1_69' title="bbox 1047 434 1836 474">
    <p class='ocr_par' dir='ltr' id='par_1_69' title="bbox 1047 434 1836 474">
     <span class='ocr_line' id='line_1_70' title="bbox 1047 434 1836 474; baseline 0.008 -14"><span class='ocrx_word' id='word_1_434' title='bbox 1047 442 1087 460; x_wconf 87' lang='grc' dir='ltr'><strong>νοι</strong></span> <span class='ocrx_word' id='word_1_435' title='bbox 1096 453 1104 465; x_wconf 84' lang='lat'><strong>,</strong></span> <span class='ocrx_word' id='word_1_436' title='bbox 1115 435 1149 460; x_wconf 76' lang='grc' dir='ltr'>τὰ</span> <span class='ocrx_word' id='word_1_437' title='bbox 1160 434 1228 461; x_wconf 75' lang='grc' dir='ltr'>ἄῦλσ</span> <span class='ocrx_word' id='word_1_438' title='bbox 1239 435 1410 471; x_wconf 79' lang='grc' dir='ltr'>ζημιούμεθα</span> <span class='ocrx_word' id='word_1_439' title='bbox 1418 437 1464 463; x_wconf 79' lang='grc' dir='ltr'>καὶ</span> <span class='ocrx_word' id='word_1_440' title='bbox 1478 437 1603 472; x_wconf 81' lang='grc' dir='ltr'>μένοντα⁸</span> <span class='ocrx_word' id='word_1_441' title='bbox 1618 439 1660 472; x_wconf 84' lang='grc' dir='ltr'><strong>ἐφ’</strong></span> <span class='ocrx_word' id='word_1_442' title='bbox 1677 436 1718 470; x_wconf 75' lang='grc' dir='ltr'>οἷς</span> <span class='ocrx_word' id='word_1_443' title='bbox 1731 440 1787 474; x_wconf 77' lang='grc' dir='ltr'>γὰρ</span> <span class='ocrx_word' id='word_1_444' title='bbox 1804 441 1836 466; x_wconf 71' lang='grc' dir='ltr'>οὐ</span> 
     </span>
    </p>
   </div>
   <div class='ocr_carea' id='block_1_70' title="bbox 1046 480 1837 519">
    <p class='ocr_par' dir='ltr' id='par_1_70' title="bbox 1046 480 1837 519">
     <span class='ocr_line' id='line_1_71' title="bbox 1046 480 1837 519; baseline 0.008 -13"><span class='ocrx_word' id='word_1_445' title='bbox 1046 480 1158 511; x_wconf 80' lang='grc' dir='ltr'><strong>δικαίως</strong></span> <span class='ocrx_word' id='word_1_446' title='bbox 1179 480 1196 515; x_wconf 86' lang='grc' dir='ltr'>ἦ</span> <span class='ocrx_word' id='word_1_447' title='bbox 1214 481 1261 507; x_wconf 76' lang='grc' dir='ltr'>καὶ</span> <span class='ocrx_word' id='word_1_448' title='bbox 1280 481 1391 513; x_wconf 82' lang='grc' dir='ltr'><strong>δικαίως</strong></span> <span class='ocrx_word' id='word_1_449' title='bbox 1410 483 1574 518; x_wconf 85' lang='grc' dir='ltr'>προέχομεν,</span> <span class='ocrx_word' id='word_1_450' title='bbox 1593 484 1672 519; x_wconf 78' lang='grc' dir='ltr'>εἴπερ</span> <span class='ocrx_word' id='word_1_451' title='bbox 1689 484 1720 511; x_wconf 89' lang='grc' dir='ltr'>οὑ</span> <span class='ocrx_word' id='word_1_452' title='bbox 1747 486 1837 518; x_wconf 78' lang='grc' dir='ltr'>καλῶς</span> 
     </span>
    </p>
   </div>
   <div class='ocr_carea' id='block_1_71' title="bbox 1047 525 1838 564">
    <p class='ocr_par' dir='ltr' id='par_1_71' title="bbox 1047 525 1838 564">
     <span class='ocr_line' id='line_1_72' title="bbox 1047 525 1838 564; baseline 0.009 -14"><span class='ocrx_word' id='word_1_453' title='bbox 1047 525 1107 551; x_wconf 81' lang='grc' dir='ltr'>ἀλλ’</span> <span class='ocrx_word' id='word_1_454' title='bbox 1120 525 1222 556; x_wconf 83' lang='grc' dir='ltr'>ἀδίκως</span> <span class='ocrx_word' id='word_1_455' title='bbox 1236 526 1279 552; x_wconf 73' lang='grc' dir='ltr'><strong>ἀεὶ</strong></span> <span class='ocrx_word' id='word_1_456' title='bbox 1291 527 1482 561; x_wconf 80' lang='grc' dir='ltr'><strong>προστιθέντες</strong></span> <span class='ocrx_word' id='word_1_457' title='bbox 1497 529 1687 564; x_wconf 81' lang='grc' dir='ltr'>προσαύξομεν</span> <span class='ocrx_word' id='word_1_458' title='bbox 1697 530 1743 557; x_wconf 76' lang='grc' dir='ltr'>τὸν</span> <span class='ocrx_word' id='word_1_459' title='bbox 1758 531 1838 557; x_wconf 69' lang='grc' dir='ltr'>πλοῇ</span> 
     </span>
    </p>
   </div>
   <div class='ocr_carea' id='block_1_72' title="bbox 1046 571 1839 612">
    <p class='ocr_par' dir='ltr' id='par_1_72' title="bbox 1046 571 1839 612">
     <span class='ocr_line' id='line_1_73' title="bbox 1046 571 1839 612; baseline 0.009 -16"><span class='ocrx_word' id='word_1_460' title='bbox 1046 579 1091 596; x_wconf 83' lang='grc' dir='ltr'><strong>τον</strong></span> <span class='ocrx_word' id='word_1_461' title='bbox 1107 571 1154 597; x_wconf 77' lang='grc' dir='ltr'>καὶ</span> <span class='ocrx_word' id='word_1_462' title='bbox 1178 572 1267 606; x_wconf 83' lang='grc' dir='ltr'><strong>μάτην</strong></span> <span class='ocrx_word' id='word_1_463' title='bbox 1282 572 1545 608; x_wconf 79' lang='grc' dir='ltr'>ὑπερπλεονάξομεν,</span> <span class='ocrx_word' id='word_1_464' title='bbox 1568 574 1635 610; x_wconf 88' lang='grc' dir='ltr'>ὖλην</span> <span class='ocrx_word' id='word_1_465' title='bbox 1649 576 1698 610; x_wconf 84' lang='grc' dir='ltr'>μὲν</span> <span class='ocrx_word' id='word_1_466' title='bbox 1710 576 1749 611; x_wconf 87' lang='grc' dir='ltr'>τῷ</span> <span class='ocrx_word' id='word_1_467' title='bbox 1770 578 1839 612; x_wconf 65' lang='grc' dir='ltr'>πυρὶ</span> 
     </span>
    </p>
   </div>
   <div class='ocr_carea' id='block_1_73' title="bbox 1045 617 1837 657">
    <p class='ocr_par' dir='ltr' id='par_1_73' title="bbox 1045 617 1837 657">
     <span class='ocr_line' id='line_1_74' title="bbox 1045 617 1837 657; baseline 0.008 -15"><span class='ocrx_word' id='word_1_468' title='bbox 1045 617 1096 651; x_wconf 76' lang='grc' dir='ltr'>τῆς</span> <span class='ocrx_word' id='word_1_469' title='bbox 1109 617 1184 649; x_wconf 84' lang='grc' dir='ltr'>θείας</span> <span class='ocrx_word' id='word_1_470' title='bbox 1197 617 1455 654; x_wconf 78' lang='grc' dir='ltr'>ἁποθησαυρίζομεν</span> <span class='ocrx_word' id='word_1_471' title='bbox 1474 619 1558 655; x_wconf 79' lang='grc' dir='ltr'>ὀργῆς</span> <span class='ocrx_word' id='word_1_472' title='bbox 1568 641 1575 652; x_wconf 90' lang='grc'><strong><em>,</em></strong></span> <span class='ocrx_word' id='word_1_473' title='bbox 1592 621 1669 647; x_wconf 89' lang='grc' dir='ltr'>νόσον</span> <span class='ocrx_word' id='word_1_474' title='bbox 1681 621 1709 647; x_wconf 76' lang='grc' dir='ltr'>δὲ</span> <span class='ocrx_word' id='word_1_475' title='bbox 1727 621 1765 657; x_wconf 82' lang='grc' dir='ltr'><strong>τῷ</strong></span> <span class='ocrx_word' id='word_1_476' title='bbox 1781 622 1837 648; x_wconf 83' lang='grc' dir='ltr'><strong>σώ-</strong></span> 
     </span>
    </p>
   </div>
   <div class='ocr_carea' id='block_1_74' title="bbox 1048 663 1730 702">
    <p class='ocr_par' dir='ltr' id='par_1_74' title="bbox 1048 663 1730 702">
     <span class='ocr_line' id='line_1_75' title="bbox 1048 663 1730 702; baseline 0.007 -13"><span class='ocrx_word' id='word_1_477' title='bbox 1048 671 1112 698; x_wconf 87' lang='grc' dir='ltr'>ματι</span> <span class='ocrx_word' id='word_1_478' title='bbox 1126 663 1171 690; x_wconf 88' lang='grc' dir='ltr'><strong>διὰ</strong></span> <span class='ocrx_word' id='word_1_479' title='bbox 1186 663 1235 698; x_wconf 83' lang='grc' dir='ltr'>τῆς</span> <span class='ocrx_word' id='word_1_480' title='bbox 1254 665 1389 700; x_wconf 76' lang='grc' dir='ltr'>ἀμετρίας</span> <span class='ocrx_word' id='word_1_481' title='bbox 1401 665 1518 692; x_wconf 74' lang='grc' dir='ltr'>ἐνταῦθα</span> <span class='ocrx_word' id='word_1_482' title='bbox 1532 666 1730 702; x_wconf 79' lang='grc' dir='ltr'>προξενοῦμεν.</span> 
     </span>
    </p>
   </div>
   <div class='ocr_carea' id='block_1_75' title="bbox 1048 763 1664 800">
    <p class='ocr_par' dir='ltr' id='par_1_75' title="bbox 1048 763 1664 800">
     <span class='ocr_line' id='line_1_76' title="bbox 1048 763 1664 800; baseline 0.003 -10"><span class='ocrx_word' id='word_1_483' title='bbox 1048 764 1099 800; x_wconf 64' lang='grc'><strong>157</strong></span> <span class='ocrx_word' id='word_1_484' title='bbox 1114 765 1148 790; x_wconf 79' lang='lat' dir='ltr'><strong>El</strong></span> <span class='ocrx_word' id='word_1_485' title='bbox 1160 763 1258 800; x_wconf 78' lang='grc' dir='ltr'>μηδὲν</span> <span class='ocrx_word' id='word_1_486' title='bbox 1269 765 1373 799; x_wconf 69' lang='grc' dir='ltr'>ὅφλεις</span> <span class='ocrx_word' id='word_1_487' title='bbox 1383 765 1422 798; x_wconf 85' lang='grc' dir='ltr'>τῷ</span> <span class='ocrx_word' id='word_1_488' title='bbox 1438 765 1498 798; x_wconf 81' lang='grc' dir='ltr'><strong>Θεῷ</strong></span> <span class='ocrx_word' id='word_1_489' title='bbox 1511 767 1664 800; x_wconf 78' lang='grc' dir='ltr'>τιμωρίας,</span> 
     </span>
    </p>
   </div>
   <div class='ocr_carea' id='block_1_76' title="bbox 1048 799 1782 840">
    <p class='ocr_par' dir='ltr' id='par_1_76' title="bbox 1048 799 1782 840">
     <span class='ocr_line' id='line_1_77' title="bbox 1048 799 1782 840; baseline 0.005 -16"><span class='ocrx_word' id='word_1_490' title='bbox 1203 800 1294 840; x_wconf 38' lang='lat' dir='ltr'><strong>agn</strong></span> <span class='ocrx_word' id='word_1_491' title='bbox 1303 800 1370 840; x_wconf 56' lang='grc' dir='ltr'><strong>ζσᾷι</strong></span> <span class='ocrx_word' id='word_1_492' title='bbox 1384 801 1445 834; x_wconf 81' lang='grc' dir='ltr'>τοῖς</span> <span class='ocrx_word' id='word_1_493' title='bbox 1462 799 1591 840; x_wconf 40' lang='lat' dir='ltr'><strong>{igninum</strong></span> <span class='ocrx_word' id='word_1_494' title='bbox 1610 802 1782 840; x_wconf 54' lang='lat' dir='ltr'><strong>o‘vyﬂqBric:</strong></span> 
     </span>
    </p>
   </div>
   <div class='ocr_carea' id='block_1_77' title="bbox 1048 833 1837 871">
    <p class='ocr_par' dir='ltr' id='par_1_77' title="bbox 1048 833 1837 871">
     <span class='ocr_line' id='line_1_78' title="bbox 1048 833 1837 871; baseline 0.004 -11"><span class='ocrx_word' id='word_1_495' title='bbox 1048 834 1100 861; x_wconf 78' lang='grc'><strong>159</strong></span> <span class='ocrx_word' id='word_1_496' title='bbox 1116 835 1151 862; x_wconf 77' lang='lat' dir='ltr'><strong>Ei</strong></span> <span class='ocrx_word' id='word_1_497' title='bbox 1167 834 1193 860; x_wconf 85' lang='grc' dir='ltr'>δ’</span> <span class='ocrx_word' id='word_1_498' title='bbox 1204 833 1288 867; x_wconf 77' lang='grc' dir='ltr'>οἶδας</span> <span class='ocrx_word' id='word_1_499' title='bbox 1299 835 1410 870; x_wconf 67' lang='grc' dir='ltr'>ὄφλων,</span> <span class='ocrx_word' id='word_1_500' title='bbox 1426 833 1665 871; x_wconf 63' lang='grc' dir='ltr'>καϊπρόχρησοίυ</span> <span class='ocrx_word' id='word_1_501' title='bbox 1678 836 1712 863; x_wconf 79' lang='grc' dir='ltr'>τὸ</span> <span class='ocrx_word' id='word_1_502' title='bbox 1723 836 1837 870; x_wconf 79' lang='grc' dir='ltr'>πρᾶον·</span> 
     </span>
    </p>
   </div>
   <div class='ocr_carea' id='block_1_78' title="bbox 1047 901 1746 938">
    <p class='ocr_par' dir='ltr' id='par_1_78' title="bbox 1047 901 1746 938">
     <span class='ocr_line' id='line_1_79' title="bbox 1047 901 1746 938; baseline 0.001 -10"><span class='ocrx_word' id='word_1_503' title='bbox 1047 901 1098 929; x_wconf 78' lang='grc'><strong>160</strong></span> <span class='ocrx_word' id='word_1_504' title='bbox 1117 902 1210 936; x_wconf 71' lang='grc' dir='ltr'>οἴκτῳ</span> <span class='ocrx_word' id='word_1_505' title='bbox 1223 904 1278 937; x_wconf 76' lang='grc' dir='ltr'><strong>γὰρ</strong></span> <span class='ocrx_word' id='word_1_506' title='bbox 1293 903 1394 935; x_wconf 77' lang='grc' dir='ltr'>οἵκτος</span> <span class='ocrx_word' id='word_1_507' title='bbox 1407 903 1456 930; x_wconf 76' lang='grc' dir='ltr'>καὶ</span> <span class='ocrx_word' id='word_1_508' title='bbox 1475 901 1535 935; x_wconf 84' lang='grc' dir='ltr'><strong>Θεῷ</strong></span> <span class='ocrx_word' id='word_1_509' title='bbox 1549 903 1746 938; x_wconf 80' lang='grc' dir='ltr'>σταθμίζετιιι.</span> 
     </span>
    </p>
   </div>
   <div class='ocr_carea' id='block_1_79' title="bbox 1080 980 1836 1017">
    <p class='ocr_par' dir='ltr' id='par_1_79' title="bbox 1080 980 1836 1017">
     <span class='ocr_line' id='line_1_80' title="bbox 1080 980 1836 1017; baseline 0.001 -11"><span class='ocrx_word' id='word_1_510' title='bbox 1080 980 1147 1016; x_wconf 76' lang='grc' dir='ltr'>Περὶ</span> <span class='ocrx_word' id='word_1_511' title='bbox 1165 980 1342 1014; x_wconf 72' lang='grc' dir='ltr'>ἀνεξικακίας</span> <span class='ocrx_word' id='word_1_512' title='bbox 1359 982 1405 1007; x_wconf 77' lang='grc' dir='ltr'>καὶ</span> <span class='ocrx_word' id='word_1_513' title='bbox 1425 982 1577 1017; x_wconf 82' lang='grc' dir='ltr'>πραότητος</span> <span class='ocrx_word' id='word_1_514' title='bbox 1596 981 1781 1017; x_wconf 70' lang='grc' dir='ltr'>εὖαγγελικῶς</span> <span class='ocrx_word' id='word_1_515' title='bbox 1805 983 1836 1008; x_wconf 79' lang='grc' dir='ltr'>ὲν</span> 
     </span>
    </p>
   </div>
   <div class='ocr_carea' id='block_1_80' title="bbox 1044 1026 1837 1063">
    <p class='ocr_par' dir='ltr' id='par_1_80' title="bbox 1044 1026 1837 1063">
     <span class='ocr_line' id='line_1_81' title="bbox 1044 1026 1837 1063; baseline 0 -9"><span class='ocrx_word' id='word_1_516' title='bbox 1044 1026 1149 1058; x_wconf 78' lang='grc' dir='ltr'>τούτοις</span> <span class='ocrx_word' id='word_1_517' title='bbox 1163 1027 1179 1061; x_wconf 89' lang='grc' dir='ltr'><strong>ἡ</strong></span> <span class='ocrx_word' id='word_1_518' title='bbox 1194 1026 1337 1062; x_wconf 78' lang='grc' dir='ltr'>θεόϐρυτος</span> <span class='ocrx_word' id='word_1_519' title='bbox 1350 1027 1430 1062; x_wconf 72' lang='grc' dir='ltr'>χάρις</span> <span class='ocrx_word' id='word_1_520' title='bbox 1443 1027 1490 1054; x_wconf 75' lang='grc' dir='ltr'>καὶ</span> <span class='ocrx_word' id='word_1_521' title='bbox 1503 1027 1633 1063; x_wconf 77' lang='grc' dir='ltr'>θεηγόρος</span> <span class='ocrx_word' id='word_1_522' title='bbox 1645 1028 1776 1054; x_wconf 85' lang='grc' dir='ltr'>νουθετεῖ.</span> <span class='ocrx_word' id='word_1_523' title='bbox 1789 1029 1837 1054; x_wconf 79' lang='grc' dir='ltr'><strong>Εἰ-</strong></span> 
     </span>
    </p>
   </div>
   <div class='ocr_carea' id='block_1_81' title="bbox 1045 1070 1836 1108">
    <p class='ocr_par' dir='ltr' id='par_1_81' title="bbox 1045 1070 1836 1108">
     <span class='ocr_line' id='line_1_82' title="bbox 1045 1070 1836 1108; baseline 0.001 -10"><span class='ocrx_word' id='word_1_524' title='bbox 1045 1081 1097 1108; x_wconf 86' lang='grc' dir='ltr'><strong>περ</strong></span> <span class='ocrx_word' id='word_1_525' title='bbox 1109 1070 1194 1104; x_wconf 80' lang='grc' dir='ltr'>οἶδας,</span> <span class='ocrx_word' id='word_1_526' title='bbox 1208 1072 1300 1108; x_wconf 77' lang='grc' dir='ltr'>φησὶν,</span> <span class='ocrx_word' id='word_1_527' title='bbox 1315 1073 1352 1104; x_wconf 82' lang='grc' dir='ltr'>ὼς</span> <span class='ocrx_word' id='word_1_528' title='bbox 1368 1072 1489 1108; x_wconf 82' lang='grc' dir='ltr'>καθαρὸς</span> <span class='ocrx_word' id='word_1_529' title='bbox 1499 1072 1536 1099; x_wconf 79' lang='grc' dir='ltr'>ὣν</span> <span class='ocrx_word' id='word_1_530' title='bbox 1546 1074 1593 1100; x_wconf 74' lang='grc' dir='ltr'>καὶ</span> <span class='ocrx_word' id='word_1_531' title='bbox 1607 1074 1695 1108; x_wconf 80' lang='grc' dir='ltr'>πάντη</span> <span class='ocrx_word' id='word_1_532' title='bbox 1709 1074 1836 1108; x_wconf 75' lang='grc' dir='ltr'>ἀναμάρ-</span> 
     </span>
    </p>
   </div>
   <div class='ocr_carea' id='block_1_82' title="bbox 1043 1117 1690 1155">
    <p class='ocr_par' dir='ltr' id='par_1_82' title="bbox 1043 1117 1690 1155">
     <span class='ocr_line' id='line_1_83' title="bbox 1043 1117 1690 1155; baseline 0.003 -11"><span class='ocrx_word' id='word_1_533' title='bbox 1043 1126 1134 1152; x_wconf 84' lang='grc' dir='ltr'>τητος,</span> <span class='ocrx_word' id='word_1_534' title='bbox 1159 1118 1233 1144; x_wconf 82' lang='grc' dir='ltr'>οὐδὲν</span> <span class='ocrx_word' id='word_1_535' title='bbox 1253 1118 1294 1153; x_wconf 86' lang='grc' dir='ltr'>τῷ</span> <span class='ocrx_word' id='word_1_536' title='bbox 1317 1117 1376 1153; x_wconf 86' lang='grc' dir='ltr'><strong>Θεῷ</strong></span> <span class='ocrx_word' id='word_1_537' title='bbox 1404 1119 1520 1152; x_wconf 76' lang='grc' dir='ltr'><strong>ὀφείλεις</strong></span> <span class='ocrx_word' id='word_1_538' title='bbox 1539 1120 1690 1155; x_wconf 77' lang='grc' dir='ltr'><strong>τιμωρίας,</strong></span> 
     </span>
    </p>
   </div>
   <div class='ocr_carea' id='block_1_83' title="bbox 1044 1164 1836 1201">
    <p class='ocr_par' dir='ltr' id='par_1_83' title="bbox 1044 1164 1836 1201">
     <span class='ocr_line' id='line_1_84' title="bbox 1044 1164 1836 1201; baseline 0.004 -11"><span class='ocrx_word' id='word_1_539' title='bbox 1044 1164 1124 1199; x_wconf 69' lang='grc' dir='ltr'>τυχὸν</span> <span class='ocrx_word' id='word_1_540' title='bbox 1139 1164 1185 1191; x_wconf 75' lang='grc' dir='ltr'>καὶ</span> <span class='ocrx_word' id='word_1_541' title='bbox 1199 1164 1280 1196; x_wconf 77' lang='grc' dir='ltr'>αὐτὸς</span> <span class='ocrx_word' id='word_1_542' title='bbox 1292 1164 1462 1199; x_wconf 82' lang='grc' dir='ltr'>ἀσυμπαθῶς</span> <span class='ocrx_word' id='word_1_543' title='bbox 1474 1165 1593 1201; x_wconf 78' lang='grc' dir='ltr'>κέχρησο</span> <span class='ocrx_word' id='word_1_544' title='bbox 1604 1167 1661 1197; x_wconf 84' lang='grc' dir='ltr'>τοῖς</span> <span class='ocrx_word' id='word_1_545' title='bbox 1679 1166 1836 1200; x_wconf 72' lang='grc' dir='ltr'>ὀφειλέταις</span> 
     </span>
    </p>
   </div>
   <div class='ocr_carea' id='block_1_84' title="bbox 1043 1210 1837 1246">
    <p class='ocr_par' dir='ltr' id='par_1_84' title="bbox 1043 1210 1837 1246">
     <span class='ocr_line' id='line_1_85' title="bbox 1043 1210 1837 1246; baseline 0.004 -10"><span class='ocrx_word' id='word_1_546' title='bbox 1043 1212 1100 1242; x_wconf 82' lang='grc' dir='ltr'>τοῖς</span> <span class='ocrx_word' id='word_1_547' title='bbox 1112 1211 1182 1242; x_wconf 88' lang='grc' dir='ltr'>σοῖς·</span> <span class='ocrx_word' id='word_1_548' title='bbox 1202 1210 1267 1237; x_wconf 78' lang='grc' dir='ltr'>εἰδὲ</span> <span class='ocrx_word' id='word_1_549' title='bbox 1287 1211 1428 1246; x_wconf 82' lang='grc' dir='ltr'><strong>ὀφειλέτην</strong></span> <span class='ocrx_word' id='word_1_550' title='bbox 1456 1211 1579 1244; x_wconf 80' lang='grc' dir='ltr'>σύνοιδας</span> <span class='ocrx_word' id='word_1_551' title='bbox 1593 1213 1691 1239; x_wconf 73' lang='grc' dir='ltr'>σαυτὸν</span> <span class='ocrx_word' id='word_1_552' title='bbox 1708 1213 1738 1239; x_wconf 81' lang='grc' dir='ltr'>ἐν</span> <span class='ocrx_word' id='word_1_553' title='bbox 1754 1213 1837 1239; x_wconf 81' lang='grc' dir='ltr'>ἀπεί-</span> 
     </span>
    </p>
   </div>
   <div class='ocr_carea' id='block_1_85' title="bbox 1046 1255 1835 1293">
    <p class='ocr_par' dir='ltr' id='par_1_85' title="bbox 1046 1255 1835 1293">
     <span class='ocr_line' id='line_1_86' title="bbox 1046 1255 1835 1293; baseline 0.004 -12"><span class='ocrx_word' id='word_1_554' title='bbox 1046 1264 1101 1291; x_wconf 89' lang='grc' dir='ltr'>ροις</span> <span class='ocrx_word' id='word_1_555' title='bbox 1113 1264 1142 1282; x_wconf 87' lang='grc' dir='ltr'><strong>τε</strong></span> <span class='ocrx_word' id='word_1_556' title='bbox 1159 1255 1299 1291; x_wconf 82' lang='grc' dir='ltr'>λογισμοῖς</span> <span class='ocrx_word' id='word_1_557' title='bbox 1321 1256 1367 1282; x_wconf 66' lang='grc' dir='ltr'>καὶ</span> <span class='ocrx_word' id='word_1_558' title='bbox 1389 1256 1479 1290; x_wconf 85' lang='grc' dir='ltr'>λόγοις</span> <span class='ocrx_word' id='word_1_559' title='bbox 1497 1256 1545 1283; x_wconf 75' lang='grc' dir='ltr'><strong>καὶ</strong></span> <span class='ocrx_word' id='word_1_560' title='bbox 1568 1257 1700 1293; x_wconf 71' lang='grc' dir='ltr'>πράξεσι,</span> <span class='ocrx_word' id='word_1_561' title='bbox 1726 1258 1835 1289; x_wconf 72' lang='grc' dir='ltr'>πάντως</span> 
     </span>
    </p>
   </div>
   <div class='ocr_carea' id='block_1_86' title="bbox 1043 1301 1837 1340">
    <p class='ocr_par' dir='ltr' id='par_1_86' title="bbox 1043 1301 1837 1340">
     <span class='ocr_line' id='line_1_87' title="bbox 1043 1301 1837 1340; baseline 0.003 -13"><span class='ocrx_word' id='word_1_562' title='bbox 1043 1301 1160 1335; x_wconf 82' lang='grc' dir='ltr'>ὀφείλεις</span> <span class='ocrx_word' id='word_1_563' title='bbox 1169 1301 1216 1328; x_wconf 80' lang='grc' dir='ltr'>καὶ</span> <span class='ocrx_word' id='word_1_564' title='bbox 1228 1301 1259 1328; x_wconf 77' lang='grc' dir='ltr'><strong>τὸ</strong></span> <span class='ocrx_word' id='word_1_565' title='bbox 1271 1302 1431 1335; x_wconf 77' lang='grc' dir='ltr'>ἀνεξίκακον</span> <span class='ocrx_word' id='word_1_566' title='bbox 1443 1302 1628 1337; x_wconf 81' lang='grc' dir='ltr'>προδανείσειν</span> <span class='ocrx_word' id='word_1_567' title='bbox 1639 1302 1678 1337; x_wconf 85' lang='grc' dir='ltr'>τῷ</span> <span class='ocrx_word' id='word_1_568' title='bbox 1689 1303 1759 1338; x_wconf 81' lang='grc' dir='ltr'><strong>Θεῷ,</strong></span> 
     </span>
    </p>
   </div>
   <div class='ocr_carea' id='block_1_87' title="bbox 1044 1347 1836 1384">
    <p class='ocr_par' dir='ltr' id='par_1_87' title="bbox 1044 1347 1836 1384">
     <span class='ocr_line' id='line_1_88' title="bbox 1044 1347 1836 1384; baseline 0.003 -11"><span class='ocrx_word' id='word_1_569' title='bbox 1044 1347 1111 1381; x_wconf 74' lang='grc' dir='ltr'>πρὸς</span> <span class='ocrx_word' id='word_1_570' title='bbox 1122 1347 1168 1374; x_wconf 73' lang='grc' dir='ltr'>τὸν</span> <span class='ocrx_word' id='word_1_571' title='bbox 1180 1347 1321 1374; x_wconf 83' lang='grc' dir='ltr'>σύνδουλον</span> <span class='ocrx_word' id='word_1_572' title='bbox 1333 1348 1465 1384; x_wconf 75' lang='grc' dir='ltr'><strong>πραότητι</strong></span> <span class='ocrx_word' id='word_1_573' title='bbox 1478 1348 1508 1375; x_wconf 81' lang='grc' dir='ltr'>τὸ</span> <span class='ocrx_word' id='word_1_574' title='bbox 1521 1348 1586 1375; x_wconf 81' lang='grc' dir='ltr'>πολὺ</span> <span class='ocrx_word' id='word_1_575' title='bbox 1601 1349 1651 1384; x_wconf 84' lang='grc' dir='ltr'>τῆς</span> <span class='ocrx_word' id='word_1_576' title='bbox 1664 1349 1836 1384; x_wconf 75' lang='grc' dir='ltr'>Δεσποτικῆς</span> 
     </span>
    </p>
   </div>
   <div class='ocr_carea' id='block_1_88' title="bbox 1043 1393 1837 1429">
    <p class='ocr_par' dir='ltr' id='par_1_88' title="bbox 1043 1393 1837 1429">
     <span class='ocr_line' id='line_1_89' title="bbox 1043 1393 1837 1429; baseline 0.001 -11"><span class='ocrx_word' id='word_1_577' title='bbox 1043 1393 1127 1428; x_wconf 83' lang='grc' dir='ltr'>ὀργῆς</span> <span class='ocrx_word' id='word_1_578' title='bbox 1144 1393 1301 1428; x_wconf 86' lang='grc' dir='ltr'>ὑποτεμεῖν,</span> <span class='ocrx_word' id='word_1_579' title='bbox 1312 1393 1359 1420; x_wconf 80' lang='grc' dir='ltr'>καὶ</span> <span class='ocrx_word' id='word_1_580' title='bbox 1370 1395 1403 1429; x_wconf 81' lang='grc' dir='ltr'>τῇ</span> <span class='ocrx_word' id='word_1_581' title='bbox 1417 1393 1573 1429; x_wconf 69' lang='grc' dir='ltr'>συμπαθείᾳ</span> <span class='ocrx_word' id='word_1_582' title='bbox 1581 1395 1614 1429; x_wconf 82' lang='grc' dir='ltr'>τῇ</span> <span class='ocrx_word' id='word_1_583' title='bbox 1628 1394 1696 1429; x_wconf 74' lang='grc' dir='ltr'>πρὸς</span> <span class='ocrx_word' id='word_1_584' title='bbox 1706 1394 1751 1421; x_wconf 80' lang='grc' dir='ltr'>τὸν</span> <span class='ocrx_word' id='word_1_585' title='bbox 1766 1393 1837 1429; x_wconf 79' lang='grc' dir='ltr'>πλη-</span> 
     </span>
    </p>
   </div>
   <div class='ocr_carea' id='block_1_89' title="bbox 1045 1439 1835 1476">
    <p class='ocr_par' dir='ltr' id='par_1_89' title="bbox 1045 1439 1835 1476">
     <span class='ocr_line' id='line_1_90' title="bbox 1045 1439 1835 1476; baseline 0.001 -11"><span class='ocrx_word' id='word_1_586' title='bbox 1045 1439 1101 1466; x_wconf 86' lang='grc' dir='ltr'>σίον</span> <span class='ocrx_word' id='word_1_587' title='bbox 1115 1439 1316 1475; x_wconf 77' lang='grc' dir='ltr'>ὑφαιρούμενος</span> <span class='ocrx_word' id='word_1_588' title='bbox 1335 1439 1384 1475; x_wconf 86' lang='grc' dir='ltr'>τὴν</span> <span class='ocrx_word' id='word_1_589' title='bbox 1400 1440 1597 1474; x_wconf 81' lang='grc' dir='ltr'>ἀγανάκτησιν,</span> <span class='ocrx_word' id='word_1_590' title='bbox 1611 1440 1661 1476; x_wconf 83' lang='grc' dir='ltr'>τὴν</span> <span class='ocrx_word' id='word_1_591' title='bbox 1678 1441 1835 1475; x_wconf 74' lang='grc' dir='ltr'>φιλανθρω-</span> 
     </span>
    </p>
   </div>
   <div class='ocr_carea' id='block_1_90' title="bbox 1045 1483 1838 1520">
    <p class='ocr_par' dir='ltr' id='par_1_90' title="bbox 1045 1483 1838 1520">
     <span class='ocr_line' id='line_1_91' title="bbox 1045 1483 1838 1520; baseline 0.003 -12"><span class='ocrx_word' id='word_1_592' title='bbox 1045 1483 1109 1510; x_wconf 83' lang='grc' dir='ltr'>πίαν</span> <span class='ocrx_word' id='word_1_593' title='bbox 1123 1483 1195 1509; x_wconf 79' lang='grc' dir='ltr'>οὕτω</span> <span class='ocrx_word' id='word_1_594' title='bbox 1208 1483 1251 1510; x_wconf 83' lang='grc' dir='ltr'><strong>διὰ</strong></span> <span class='ocrx_word' id='word_1_595' title='bbox 1265 1483 1468 1519; x_wconf 84' lang='grc' dir='ltr'>φιλανθρωπίας</span> <span class='ocrx_word' id='word_1_596' title='bbox 1483 1485 1651 1511; x_wconf 71' lang='grc' dir='ltr'><strong>ἐπισπᾶσθαι</strong></span> <span class='ocrx_word' id='word_1_597' title='bbox 1663 1491 1669 1498; x_wconf 86' lang='grc'><em>“</em></span> <span class='ocrx_word' id='word_1_598' title='bbox 1684 1485 1767 1520; x_wconf 71' lang='grc' dir='ltr'>οἴκτῳ</span> <span class='ocrx_word' id='word_1_599' title='bbox 1780 1485 1838 1520; x_wconf 71' lang='grc' dir='ltr'>γὰρ</span> 
     </span>
    </p>
   </div>
   <div class='ocr_carea' id='block_1_91' title="bbox 1044 1527 1838 1565">
    <p class='ocr_par' dir='ltr' id='par_1_91' title="bbox 1044 1527 1838 1565">
     <span class='ocr_line' id='line_1_92' title="bbox 1044 1527 1838 1565; baseline 0.003 -10"><span class='ocrx_word' id='word_1_600' title='bbox 1044 1528 1090 1555; x_wconf 79' lang='grc' dir='ltr'><strong>τὸν</strong></span> <span class='ocrx_word' id='word_1_601' title='bbox 1107 1527 1196 1556; x_wconf 70' lang='grc' dir='ltr'>οἶκτον</span> <span class='ocrx_word' id='word_1_602' title='bbox 1210 1529 1257 1556; x_wconf 80' lang='grc' dir='ltr'>καὶ</span> <span class='ocrx_word' id='word_1_603' title='bbox 1269 1528 1337 1564; x_wconf 83' lang='grc' dir='ltr'><strong>ὲλέῳ</strong></span> <span class='ocrx_word' id='word_1_604' title='bbox 1349 1529 1394 1555; x_wconf 81' lang='grc' dir='ltr'>τὸν</span> <span class='ocrx_word' id='word_1_605' title='bbox 1410 1529 1482 1555; x_wconf 70' lang='grc' dir='ltr'>ἔλεον</span> <span class='ocrx_word' id='word_1_606' title='bbox 1493 1530 1597 1561; x_wconf 80' lang='grc' dir='ltr'>ἑαυτοῖς</span> <span class='ocrx_word' id='word_1_607' title='bbox 1613 1531 1658 1557; x_wconf 86' lang='grc' dir='ltr'>τὸν</span> <span class='ocrx_word' id='word_1_608' title='bbox 1671 1530 1741 1557; x_wconf 84' lang='grc' dir='ltr'>θεῖον</span> <span class='ocrx_word' id='word_1_609' title='bbox 1752 1530 1838 1565; x_wconf 74' lang='grc' dir='ltr'>ἐφελ-</span> 
     </span>
    </p>
   </div>
   <div class='ocr_carea' id='block_1_92' title="bbox 1044 1573 1836 1613">
    <p class='ocr_par' dir='ltr' id='par_1_92' title="bbox 1044 1573 1836 1613">
     <span class='ocr_line' id='line_1_93' title="bbox 1044 1573 1836 1613; baseline 0.003 -12"><span class='ocrx_word' id='word_1_610' title='bbox 1044 1575 1158 1610; x_wconf 79' lang='grc' dir='ltr'>κόμεθα,</span> <span class='ocrx_word' id='word_1_611' title='bbox 1170 1576 1308 1610; x_wconf 84' lang='grc' dir='ltr'>ἀναλόγως</span> <span class='ocrx_word' id='word_1_612' title='bbox 1319 1573 1340 1610; x_wconf 80' lang='grc' dir='ltr'>ᾧ</span> <span class='ocrx_word' id='word_1_613' title='bbox 1348 1575 1455 1611; x_wconf 86' lang='grc' dir='ltr'>δίδομεν</span> <span class='ocrx_word' id='word_1_614' title='bbox 1467 1576 1745 1613; x_wconf 76' lang='grc' dir='ltr'>ἀντισταθμιζόμενον</span> <span class='ocrx_word' id='word_1_615' title='bbox 1754 1578 1836 1613; x_wconf 78' lang='grc' dir='ltr'>ἡμῖν,</span> 
     </span>
    </p>
   </div>
   <div class='ocr_carea' id='block_1_93' title="bbox 1044 1617 1770 1658">
    <p class='ocr_par' dir='ltr' id='par_1_93' title="bbox 1044 1617 1770 1658">
     <span class='ocr_line' id='line_1_94' title="bbox 1044 1617 1770 1658; baseline 0.003 -11"><span class='ocrx_word' id='word_1_616' title='bbox 1044 1621 1091 1647; x_wconf 78' lang='grc' dir='ltr'>καὶ</span> <span class='ocrx_word' id='word_1_617' title='bbox 1149 1622 1239 1657; x_wconf 79' lang='grc' dir='ltr'>μέτρῳ</span> <span class='ocrx_word' id='word_1_618' title='bbox 1254 1621 1407 1657; x_wconf 80' lang='grc' dir='ltr'>μετροῦμεν</span> <span class='ocrx_word' id='word_1_619' title='bbox 1426 1622 1674 1658; x_wconf 78' lang='grc' dir='ltr'>ὰντιμετρούμενον</span> <span class='ocrx_word' id='word_1_620' title='bbox 1692 1623 1770 1658; x_wconf 76' lang='grc' dir='ltr'>ἡμῖν.</span> 
     </span>
    </p>
   </div>
   <div class='ocr_carea' id='block_1_94' title="bbox 1717 1120 1836 1154">
    <p class='ocr_par' dir='ltr' id='par_1_94' title="bbox 1717 1120 1836 1154">
     <span class='ocr_line' id='line_1_95' title="bbox 1717 1120 1836 1154; baseline 0.008 -9"><span class='ocrx_word' id='word_1_621' title='bbox 1717 1120 1836 1154; x_wconf 69' lang='grc' dir='ltr'>εὐλόγως</span> 
     </span>
    </p>
   </div>
   <div class='ocr_carea' id='block_1_95' title="bbox 1046 1711 1745 1748">
    <p class='ocr_par' dir='ltr' id='par_1_95' title="bbox 1046 1711 1745 1748">
     <span class='ocr_line' id='line_1_96' title="bbox 1046 1711 1745 1748; baseline 0.001 -10"><span class='ocrx_word' id='word_1_622' title='bbox 1046 1711 1092 1748; x_wconf 67' lang='lat' dir='ltr'><strong>liii</strong></span> <span class='ocrx_word' id='word_1_623' title='bbox 1111 1713 1205 1739; x_wconf 76' lang='grc' dir='ltr'>’Ὅταν</span> <span class='ocrx_word' id='word_1_624' title='bbox 1216 1714 1281 1739; x_wconf 76' lang='grc' dir='ltr'>ποθ’</span> <span class='ocrx_word' id='word_1_625' title='bbox 1299 1713 1381 1746; x_wconf 76' lang='grc' dir='ltr'>ὕϐρις</span> <span class='ocrx_word' id='word_1_626' title='bbox 1391 1713 1485 1748; x_wconf 53' lang='lat' dir='ltr'><strong>exuri?)</strong></span> <span class='ocrx_word' id='word_1_627' title='bbox 1498 1713 1556 1747; x_wconf 76' lang='grc' dir='ltr'><strong>τὴν</strong></span> <span class='ocrx_word' id='word_1_628' title='bbox 1568 1713 1628 1745; x_wconf 75' lang='grc' dir='ltr'><strong>(τὴν</strong></span> <span class='ocrx_word' id='word_1_629' title='bbox 1640 1714 1745 1748; x_wconf 54' lang='grc' dir='ltr'>φρένα,</span> 
     </span>
    </p>
   </div>
   <div class='ocr_carea' id='block_1_96' title="bbox 1045 1747 1834 1783">
    <p class='ocr_par' dir='ltr' id='par_1_96' title="bbox 1045 1747 1834 1783">
     <span class='ocr_line' id='line_1_97' title="bbox 1045 1747 1834 1783; baseline 0.003 -10"><span class='ocrx_word' id='word_1_630' title='bbox 1045 1747 1096 1774; x_wconf 68' lang='grc'><strong>162</strong></span> <span class='ocrx_word' id='word_1_631' title='bbox 1102 1747 1257 1781; x_wconf 79' lang='grc' dir='ltr'>Μνήσθητι</span> <span class='ocrx_word' id='word_1_632' title='bbox 1272 1749 1400 1782; x_wconf 73' lang='grc' dir='ltr'>Χριστοῦ</span> <span class='ocrx_word' id='word_1_633' title='bbox 1410 1747 1468 1774; x_wconf 87' lang='grc' dir='ltr'><strong>τῶν</strong></span> <span class='ocrx_word' id='word_1_634' title='bbox 1477 1749 1501 1774; x_wconf 77' lang='grc' dir='ltr'><strong>τ’</strong></span> <span class='ocrx_word' id='word_1_635' title='bbox 1515 1749 1634 1776; x_wconf 76' lang='grc' dir='ltr'>ἐκείνου</span> <span class='ocrx_word' id='word_1_636' title='bbox 1645 1750 1834 1783; x_wconf 75' lang='grc' dir='ltr'><strong>τραυμάτων.</strong></span> 
     </span>
    </p>
   </div>
   <div class='ocr_carea' id='block_1_97' title="bbox 1084 1791 1837 1828">
    <p class='ocr_par' dir='ltr' id='par_1_97' title="bbox 1084 1791 1837 1828">
     <span class='ocr_line' id='line_1_98' title="bbox 1084 1791 1837 1828; baseline 0.003 -10"><span class='ocrx_word' id='word_1_637' title='bbox 1084 1791 1169 1818; x_wconf 83' lang='grc' dir='ltr'>Ἠνίκ’</span> <span class='ocrx_word' id='word_1_638' title='bbox 1182 1791 1214 1818; x_wconf 73' lang='grc' dir='ltr'>ἄν</span> <span class='ocrx_word' id='word_1_639' title='bbox 1233 1801 1279 1818; x_wconf 84' lang='grc' dir='ltr'><strong>του</strong></span> <span class='ocrx_word' id='word_1_640' title='bbox 1293 1794 1325 1819; x_wconf 78' lang='grc' dir='ltr'>ὲκ</span> <span class='ocrx_word' id='word_1_641' title='bbox 1335 1793 1464 1827; x_wconf 83' lang='grc' dir='ltr'>γειτόνων</span> <span class='ocrx_word' id='word_1_642' title='bbox 1475 1793 1491 1827; x_wconf 81' lang='grc' dir='ltr'>ἡ</span> <span class='ocrx_word' id='word_1_643' title='bbox 1507 1792 1587 1828; x_wconf 79' lang='grc' dir='ltr'>ὕϐρις</span> <span class='ocrx_word' id='word_1_644' title='bbox 1606 1792 1774 1825; x_wconf 78' lang='grc' dir='ltr'>ἀναζέσασα.</span> <span class='ocrx_word' id='word_1_645' title='bbox 1786 1794 1837 1819; x_wconf 81' lang='grc' dir='ltr'>καὶ</span> 
     </span>
    </p>
   </div>
   <div class='ocr_carea' id='block_1_98' title="bbox 1043 1838 1834 1874">
    <p class='ocr_par' dir='ltr' id='par_1_98' title="bbox 1043 1838 1834 1874">
     <span class='ocr_line' id='line_1_99' title="bbox 1043 1838 1834 1874; baseline 0 -9"><span class='ocrx_word' id='word_1_646' title='bbox 1043 1840 1083 1870; x_wconf 70' lang='grc' dir='ltr'>εἰς</span> <span class='ocrx_word' id='word_1_647' title='bbox 1096 1838 1162 1872; x_wconf 81' lang='grc' dir='ltr'>ὕψος</span> <span class='ocrx_word' id='word_1_648' title='bbox 1180 1838 1294 1874; x_wconf 80' lang='grc' dir='ltr'><strong>ἀρθεῖσα</strong></span> <span class='ocrx_word' id='word_1_649' title='bbox 1312 1839 1382 1874; x_wconf 81' lang='grc' dir='ltr'>μέγα</span> <span class='ocrx_word' id='word_1_650' title='bbox 1396 1859 1403 1871; x_wconf 85' lang='grc'><em>,</em></span> <span class='ocrx_word' id='word_1_651' title='bbox 1417 1839 1464 1866; x_wconf 72' lang='grc' dir='ltr'>καὶ</span> <span class='ocrx_word' id='word_1_652' title='bbox 1480 1839 1583 1874; x_wconf 82' lang='grc' dir='ltr'>σφόδρα</span> <span class='ocrx_word' id='word_1_653' title='bbox 1605 1839 1834 1874; x_wconf 80' lang='grc' dir='ltr'>μετεωρισθεῐσα,</span> 
     </span>
    </p>
   </div>
   <div class='ocr_carea' id='block_1_99' title="bbox 1043 1884 1837 1921">
    <p class='ocr_par' dir='ltr' id='par_1_99' title="bbox 1043 1884 1837 1921">
     <span class='ocr_line' id='line_1_100' title="bbox 1043 1884 1837 1921; baseline 0.004 -11"><span class='ocrx_word' id='word_1_654' title='bbox 1043 1884 1153 1919; x_wconf 80' lang='grc' dir='ltr'>πολλὴν,</span> <span class='ocrx_word' id='word_1_655' title='bbox 1168 1884 1207 1916; x_wconf 84' lang='grc' dir='ltr'>ὡς</span> <span class='ocrx_word' id='word_1_656' title='bbox 1223 1884 1306 1917; x_wconf 76' lang='grc' dir='ltr'>εἰκὸς,</span> <span class='ocrx_word' id='word_1_657' title='bbox 1318 1885 1367 1919; x_wconf 83' lang='grc' dir='ltr'><strong>τὴν</strong></span> <span class='ocrx_word' id='word_1_658' title='bbox 1382 1885 1432 1920; x_wconf 81' lang='grc' dir='ltr'>τῆς</span> <span class='ocrx_word' id='word_1_659' title='bbox 1444 1885 1544 1916; x_wconf 77' lang='grc' dir='ltr'>κακίας</span> <span class='ocrx_word' id='word_1_660' title='bbox 1560 1885 1730 1921; x_wconf 73' lang='grc' dir='ltr'>ἀναῤῥιπίσῃ</span> <span class='ocrx_word' id='word_1_661' title='bbox 1744 1885 1837 1919; x_wconf 75' lang='grc' dir='ltr'>φλόγα.</span> 
     </span>
    </p>
   </div>
   <div class='ocr_carea' id='block_1_100' title="bbox 1043 1929 1837 1966">
    <p class='ocr_par' dir='ltr' id='par_1_100' title="bbox 1043 1929 1837 1966">
     <span class='ocr_line' id='line_1_101' title="bbox 1043 1929 1837 1966; baseline 0 -10"><span class='ocrx_word' id='word_1_662' title='bbox 1043 1930 1090 1956; x_wconf 75' lang='grc' dir='ltr'>καὶ</span> <span class='ocrx_word' id='word_1_663' title='bbox 1104 1931 1153 1966; x_wconf 82' lang='grc' dir='ltr'>τὴν</span> <span class='ocrx_word' id='word_1_664' title='bbox 1171 1930 1220 1965; x_wconf 83' lang='grc' dir='ltr'>σὴν</span> <span class='ocrx_word' id='word_1_665' title='bbox 1239 1929 1381 1966; x_wconf 81' lang='grc' dir='ltr'>ἀνακαύσῃ</span> <span class='ocrx_word' id='word_1_666' title='bbox 1397 1931 1518 1957; x_wconf 80' lang='grc' dir='ltr'>διάνοιαν</span> <span class='ocrx_word' id='word_1_667' title='bbox 1543 1929 1610 1966; x_wconf 76' lang='grc' dir='ltr'>πρὸς</span> <span class='ocrx_word' id='word_1_668' title='bbox 1627 1931 1742 1965; x_wconf 78' lang='grc' dir='ltr'>ἄμυναν,</span> <span class='ocrx_word' id='word_1_669' title='bbox 1766 1930 1837 1956; x_wconf 80' lang='grc' dir='ltr'>ὐπο-</span> 
     </span>
    </p>
   </div>
   <div class='ocr_carea' id='block_1_101' title="bbox 1045 1974 1834 2012">
    <p class='ocr_par' dir='ltr' id='par_1_101' title="bbox 1045 1974 1834 2012">
     <span class='ocr_line' id='line_1_102' title="bbox 1045 1974 1834 2012; baseline -0.001 -10"><span class='ocrx_word' id='word_1_670' title='bbox 1045 1975 1177 2011; x_wconf 83' lang='grc' dir='ltr'>μνήσθητι</span> <span class='ocrx_word' id='word_1_671' title='bbox 1198 1976 1324 2011; x_wconf 74' lang='grc' dir='ltr'>παραυτὰ</span> <span class='ocrx_word' id='word_1_672' title='bbox 1346 1976 1393 2002; x_wconf 82' lang='grc' dir='ltr'>τοῦ</span> <span class='ocrx_word' id='word_1_673' title='bbox 1414 1975 1548 2012; x_wconf 76' lang='grc' dir='ltr'>Χριστοῦ,</span> <span class='ocrx_word' id='word_1_674' title='bbox 1567 1975 1771 2010; x_wconf 82' lang='grc' dir='ltr'>φαντασιώθητι</span> <span class='ocrx_word' id='word_1_675' title='bbox 1793 1974 1834 2001; x_wconf 82' lang='grc' dir='ltr'>δι’</span> 
     </span>
    </p>
   </div>
   <div class='ocr_carea' id='block_1_102' title="bbox 1043 2021 1835 2057">
    <p class='ocr_par' dir='ltr' id='par_1_102' title="bbox 1043 2021 1835 2057">
     <span class='ocr_line' id='line_1_103' title="bbox 1043 2021 1835 2057; baseline 0 -10"><span class='ocrx_word' id='word_1_676' title='bbox 1043 2021 1172 2057; x_wconf 79' lang='grc' dir='ltr'>ἐνεργοῦς</span> <span class='ocrx_word' id='word_1_677' title='bbox 1188 2022 1362 2057; x_wconf 79' lang='grc' dir='ltr'>μνημοσύνης</span> <span class='ocrx_word' id='word_1_678' title='bbox 1376 2022 1457 2054; x_wconf 81' lang='grc' dir='ltr'>εὐθὺς</span> <span class='ocrx_word' id='word_1_679' title='bbox 1470 2022 1525 2048; x_wconf 85' lang='grc' dir='ltr'>τῶν</span> <span class='ocrx_word' id='word_1_680' title='bbox 1540 2021 1645 2057; x_wconf 76' lang='grc' dir='ltr'>ὕϐρεων</span> <span class='ocrx_word' id='word_1_681' title='bbox 1663 2021 1768 2048; x_wconf 75' lang='grc' dir='ltr'>ἐκείνου</span> <span class='ocrx_word' id='word_1_682' title='bbox 1784 2022 1835 2047; x_wconf 68' lang='grc' dir='ltr'><strong>καὶ</strong></span> 
     </span>
    </p>
   </div>
   <div class='ocr_carea' id='block_1_103' title="bbox 1043 2063 1836 2102">
    <p class='ocr_par' dir='ltr' id='par_1_103' title="bbox 1043 2063 1836 2102">
     <span class='ocr_line' id='line_1_104' title="bbox 1043 2063 1836 2102; baseline -0.001 -9"><span class='ocrx_word' id='word_1_683' title='bbox 1043 2067 1209 2102; x_wconf 76' lang='grc' dir='ltr'>ἐμπαιγμῶν</span> <span class='ocrx_word' id='word_1_684' title='bbox 1232 2067 1280 2094; x_wconf 85' lang='grc' dir='ltr'>καὶ</span> <span class='ocrx_word' id='word_1_685' title='bbox 1307 2067 1447 2102; x_wconf 84' lang='grc' dir='ltr'>μαστίγων</span> <span class='ocrx_word' id='word_1_686' title='bbox 1469 2067 1516 2094; x_wconf 69' lang='grc' dir='ltr'>καὶ</span> <span class='ocrx_word' id='word_1_687' title='bbox 1540 2067 1716 2102; x_wconf 81' lang='grc' dir='ltr'>τραυμάτων,</span> <span class='ocrx_word' id='word_1_688' title='bbox 1741 2063 1780 2093; x_wconf 76' lang='grc' dir='ltr'>ὧν</span> <span class='ocrx_word' id='word_1_689' title='bbox 1802 2067 1836 2092; x_wconf 82' lang='grc' dir='ltr'>ὲν</span> 
     </span>
    </p>
   </div>
   <div class='ocr_carea' id='block_1_104' title="bbox 1044 2112 1834 2148">
    <p class='ocr_par' dir='ltr' id='par_1_104' title="bbox 1044 2112 1834 2148">
     <span class='ocr_line' id='line_1_105' title="bbox 1044 2112 1834 2148; baseline -0.001 -9"><span class='ocrx_word' id='word_1_690' title='bbox 1044 2112 1153 2148; x_wconf 84' lang='grc' dir='ltr'>σταυρῷ</span> <span class='ocrx_word' id='word_1_691' title='bbox 1175 2113 1276 2148; x_wconf 81' lang='grc' dir='ltr'><strong>ὑπέσχε</strong></span> <span class='ocrx_word' id='word_1_692' title='bbox 1298 2113 1342 2140; x_wconf 75' lang='grc' dir='ltr'><strong>διὰ</strong></span> <span class='ocrx_word' id='word_1_693' title='bbox 1356 2113 1400 2144; x_wconf 77' lang='grc' dir='ltr'><strong>σὲ,</strong></span> <span class='ocrx_word' id='word_1_694' title='bbox 1419 2113 1466 2139; x_wconf 78' lang='grc' dir='ltr'>καὶ</span> <span class='ocrx_word' id='word_1_695' title='bbox 1483 2112 1640 2147; x_wconf 82' lang='grc' dir='ltr'>ἀναλὸγισαι</span> <span class='ocrx_word' id='word_1_696' title='bbox 1664 2113 1704 2147; x_wconf 85' lang='grc' dir='ltr'>τῷ</span> <span class='ocrx_word' id='word_1_697' title='bbox 1721 2113 1760 2139; x_wconf 74' lang='grc' dir='ltr'>νοῒ</span> <span class='ocrx_word' id='word_1_698' title='bbox 1783 2121 1834 2138; x_wconf 72' lang='grc' dir='ltr'><strong>σου</strong></span> 
     </span>
    </p>
   </div>
   <div class='ocr_carea' id='block_1_105' title="bbox 1043 2158 1836 2194">
    <p class='ocr_par' dir='ltr' id='par_1_105' title="bbox 1043 2158 1836 2194">
     <span class='ocr_line' id='line_1_106' title="bbox 1043 2158 1836 2194; baseline 0 -9"><span class='ocrx_word' id='word_1_699' title='bbox 1043 2158 1153 2194; x_wconf 77' lang='grc' dir='ltr'>νοερῶς,</span> <span class='ocrx_word' id='word_1_700' title='bbox 1166 2159 1241 2194; x_wconf 70' lang='grc' dir='ltr'>πόσῳ</span> <span class='ocrx_word' id='word_1_701' title='bbox 1251 2158 1342 2193; x_wconf 81' lang='grc' dir='ltr'>μέτρῳ</span> <span class='ocrx_word' id='word_1_702' title='bbox 1349 2158 1382 2185; x_wconf 80' lang='grc' dir='ltr'><strong>τὰ</strong></span> <span class='ocrx_word' id='word_1_703' title='bbox 1390 2159 1423 2185; x_wconf 80' lang='grc' dir='ltr'>σὰ</span> <span class='ocrx_word' id='word_1_704' title='bbox 1435 2158 1506 2194; x_wconf 84' lang='grc' dir='ltr'>πάθη</span> <span class='ocrx_word' id='word_1_705' title='bbox 1515 2158 1569 2184; x_wconf 84' lang='grc' dir='ltr'>τῶν</span> <span class='ocrx_word' id='word_1_706' title='bbox 1582 2159 1755 2185; x_wconf 76' lang='grc' dir='ltr'>Δεσποτικῶν</span> <span class='ocrx_word' id='word_1_707' title='bbox 1768 2159 1836 2185; x_wconf 81' lang='grc' dir='ltr'>ἀπο-</span> 
     </span>
    </p>
   </div>
   <div class='ocr_carea' id='block_1_106' title="bbox 1043 2205 1836 2241">
    <p class='ocr_par' dir='ltr' id='par_1_106' title="bbox 1043 2205 1836 2241">
     <span class='ocr_line' id='line_1_107' title="bbox 1043 2205 1836 2241; baseline 0.001 -10"><span class='ocrx_word' id='word_1_708' title='bbox 1043 2206 1222 2240; x_wconf 83' lang='grc' dir='ltr'>λιμπάνεται·</span> <span class='ocrx_word' id='word_1_709' title='bbox 1234 2205 1374 2241; x_wconf 80' lang='grc' dir='ltr'>ἐννοήθητι</span> <span class='ocrx_word' id='word_1_710' title='bbox 1388 2205 1425 2240; x_wconf 82' lang='grc' dir='ltr'>μὴ</span> <span class='ocrx_word' id='word_1_711' title='bbox 1439 2205 1492 2232; x_wconf 84' lang='grc' dir='ltr'>τῶν</span> <span class='ocrx_word' id='word_1_712' title='bbox 1502 2205 1672 2240; x_wconf 78' lang='grc' dir='ltr'>παθημάτων</span> <span class='ocrx_word' id='word_1_713' title='bbox 1688 2205 1768 2240; x_wconf 83' lang='grc' dir='ltr'>μόνον</span> <span class='ocrx_word' id='word_1_714' title='bbox 1783 2205 1836 2241; x_wconf 77' lang='grc' dir='ltr'>τὴν</span> 
     </span>
    </p>
   </div>
   <div class='ocr_carea' id='block_1_107' title="bbox 1042 2250 1836 2287">
    <p class='ocr_par' dir='ltr' id='par_1_107' title="bbox 1042 2250 1836 2287">
     <span class='ocr_line' id='line_1_108' title="bbox 1042 2250 1836 2287; baseline 0 -9"><span class='ocrx_word' id='word_1_715' title='bbox 1042 2250 1182 2287; x_wconf 72' lang='grc' dir='ltr'>διαφορὰν,</span> <span class='ocrx_word' id='word_1_716' title='bbox 1200 2250 1238 2282; x_wconf 86' lang='grc' dir='ltr'>ὡς</span> <span class='ocrx_word' id='word_1_717' title='bbox 1249 2251 1279 2277; x_wconf 84' lang='grc' dir='ltr'>τὸ</span> <span class='ocrx_word' id='word_1_718' title='bbox 1294 2250 1438 2278; x_wconf 72' lang='grc' dir='ltr'>πολλοστὸν</span> <span class='ocrx_word' id='word_1_719' title='bbox 1458 2251 1539 2287; x_wconf 84' lang='grc' dir='ltr'>μέρος</span> <span class='ocrx_word' id='word_1_720' title='bbox 1553 2251 1608 2277; x_wconf 85' lang='grc' dir='ltr'><strong>τῶν</strong></span> <span class='ocrx_word' id='word_1_721' title='bbox 1623 2251 1729 2277; x_wconf 76' lang='grc' dir='ltr'>ἐκείνου</span> <span class='ocrx_word' id='word_1_722' title='bbox 1743 2259 1836 2287; x_wconf 75' lang='grc' dir='ltr'>παρα-</span> 
     </span>
    </p>
   </div>
   <div class='ocr_carea' id='block_1_108' title="bbox 1042 2296 1835 2332">
    <p class='ocr_par' dir='ltr' id='par_1_108' title="bbox 1042 2296 1835 2332">
     <span class='ocr_line' id='line_1_109' title="bbox 1042 2296 1835 2332; baseline 0 -9"><span class='ocrx_word' id='word_1_723' title='bbox 1042 2297 1171 2332; x_wconf 77' lang='grc' dir='ltr'>τιθέμενα</span> <span class='ocrx_word' id='word_1_724' title='bbox 1189 2297 1328 2323; x_wconf 78' lang='grc' dir='ltr'>δείκνυται</span> <span class='ocrx_word' id='word_1_725' title='bbox 1350 2296 1384 2323; x_wconf 81' lang='grc' dir='ltr'><strong>τὰ</strong></span> <span class='ocrx_word' id='word_1_726' title='bbox 1407 2296 1459 2329; x_wconf 79' lang='grc' dir='ltr'>σὰ,</span> <span class='ocrx_word' id='word_1_727' title='bbox 1475 2297 1542 2323; x_wconf 77' lang='grc' dir='ltr'>ἀλλὰ</span> <span class='ocrx_word' id='word_1_728' title='bbox 1563 2297 1611 2323; x_wconf 70' lang='grc' dir='ltr'>καὶ</span> <span class='ocrx_word' id='word_1_729' title='bbox 1632 2296 1663 2323; x_wconf 76' lang='grc' dir='ltr'><strong>τὸ</strong></span> <span class='ocrx_word' id='word_1_730' title='bbox 1682 2297 1835 2332; x_wconf 79' lang='grc' dir='ltr'>πρόσωπον</span> 
     </span>
    </p>
   </div>
   <div class='ocr_carea' id='block_1_109' title="bbox 1045 2342 1860 2379">
    <p class='ocr_par' dir='ltr' id='par_1_109' title="bbox 1045 2342 1860 2379">
     <span class='ocr_line' id='line_1_110' title="bbox 1045 2342 1860 2379; baseline 0 -9"><span class='ocrx_word' id='word_1_731' title='bbox 1045 2343 1236 2379; x_wconf 84' lang='grc' dir='ltr'>μνήσθητιτοῦ</span> <span class='ocrx_word' id='word_1_732' title='bbox 1249 2343 1409 2377; x_wconf 80' lang='grc' dir='ltr'>πάσχοντος,</span> <span class='ocrx_word' id='word_1_733' title='bbox 1428 2343 1469 2369; x_wconf 85' lang='grc' dir='ltr'>ὅτι</span> <span class='ocrx_word' id='word_1_734' title='bbox 1485 2344 1499 2369; x_wconf 86' lang='grc' dir='ltr'><strong>ὁ</strong></span> <span class='ocrx_word' id='word_1_735' title='bbox 1517 2343 1567 2378; x_wconf 82' lang='grc' dir='ltr'>μὲν</span> <span class='ocrx_word' id='word_1_736' title='bbox 1580 2342 1646 2375; x_wconf 78' lang='grc' dir='ltr'>Θεὸς</span> <span class='ocrx_word' id='word_1_737' title='bbox 1662 2343 1710 2369; x_wconf 78' lang='grc' dir='ltr'>καὶ</span> <span class='ocrx_word' id='word_1_738' title='bbox 1726 2343 1834 2370; x_wconf 80' lang='grc' dir='ltr'>Δεσπύ-</span> <span class='ocrx_word' id='word_1_739' title='bbox 1855 2354 1860 2360; x_wconf 90' lang='grc'><strong>·</strong></span> 
     </span>
    </p>
   </div>
   <div class='ocr_carea' id='block_1_110' title="bbox 1042 2387 1836 2425">
    <p class='ocr_par' dir='ltr' id='par_1_110' title="bbox 1042 2387 1836 2425">
     <span class='ocr_line' id='line_1_111' title="bbox 1042 2387 1836 2425; baseline 0 -11"><span class='ocrx_word' id='word_1_740' title='bbox 1042 2389 1155 2423; x_wconf 73' lang='grc' dir='ltr'>της,καὶ</span> <span class='ocrx_word' id='word_1_741' title='bbox 1170 2388 1224 2415; x_wconf 74' lang='grc' dir='ltr'>οὐδ’</span> <span class='ocrx_word' id='word_1_742' title='bbox 1243 2389 1304 2415; x_wconf 80' lang='grc' dir='ltr'>ὅσον</span> <span class='ocrx_word' id='word_1_743' title='bbox 1321 2387 1410 2422; x_wconf 74' lang='grc' dir='ltr'>ὀλίγον</span> <span class='ocrx_word' id='word_1_744' title='bbox 1426 2388 1480 2415; x_wconf 81' lang='grc' dir='ltr'>οὐδ’</span> <span class='ocrx_word' id='word_1_745' title='bbox 1500 2389 1542 2414; x_wconf 71' lang='grc' dir='ltr'><strong>ἐπ’</strong></span> <span class='ocrx_word' id='word_1_746' title='bbox 1555 2388 1669 2420; x_wconf 80' lang='grc' dir='ltr'>ἐννοίαις</span> <span class='ocrx_word' id='word_1_747' title='bbox 1685 2388 1701 2423; x_wconf 82' lang='grc' dir='ltr'>ἧ</span> <span class='ocrx_word' id='word_1_748' title='bbox 1719 2389 1836 2425; x_wconf 73' lang='grc' dir='ltr'>γλώσσῃ</span> 
     </span>
    </p>
   </div>
   <div class='ocr_carea' id='block_1_111' title="bbox 1044 2433 1835 2469">
    <p class='ocr_par' dir='ltr' id='par_1_111' title="bbox 1044 2433 1835 2469">
     <span class='ocr_line' id='line_1_112' title="bbox 1044 2433 1835 2469; baseline 0.001 -10"><span class='ocrx_word' id='word_1_749' title='bbox 1044 2434 1153 2460; x_wconf 80' lang='grc' dir='ltr'>πώποτε</span> <span class='ocrx_word' id='word_1_750' title='bbox 1175 2433 1315 2469; x_wconf 75' lang='grc' dir='ltr'>ἁμαρτὼν,</span> <span class='ocrx_word' id='word_1_751' title='bbox 1339 2434 1371 2460; x_wconf 82' lang='grc' dir='ltr'>σὺ</span> <span class='ocrx_word' id='word_1_752' title='bbox 1393 2434 1484 2461; x_wconf 80' lang='grc' dir='ltr'>δὲκαὶ</span> <span class='ocrx_word' id='word_1_753' title='bbox 1507 2434 1651 2469; x_wconf 81' lang='grc' dir='ltr'>ἄνθρωπος</span> <span class='ocrx_word' id='word_1_754' title='bbox 1675 2434 1721 2460; x_wconf 76' lang='grc' dir='ltr'><strong>καὶ</strong></span> <span class='ocrx_word' id='word_1_755' title='bbox 1739 2433 1835 2466; x_wconf 81' lang='grc' dir='ltr'>δοῦλος</span> 
     </span>
    </p>
   </div>
   <div class='ocr_carea' id='block_1_112' title="bbox 1043 2479 1835 2516">
    <p class='ocr_par' dir='ltr' id='par_1_112' title="bbox 1043 2479 1835 2516">
     <span class='ocr_line' id='line_1_113' title="bbox 1043 2479 1835 2516; baseline 0 -10"><span class='ocrx_word' id='word_1_756' title='bbox 1043 2480 1090 2507; x_wconf 76' lang='grc' dir='ltr'><strong>καὶ</strong></span> <span class='ocrx_word' id='word_1_757' title='bbox 1109 2479 1200 2514; x_wconf 72' lang='grc' dir='ltr'>ἔνοχος</span> <span class='ocrx_word' id='word_1_758' title='bbox 1218 2480 1325 2516; x_wconf 81' lang='grc' dir='ltr'>μυρίοις</span> <span class='ocrx_word' id='word_1_759' title='bbox 1342 2480 1404 2506; x_wconf 74' lang='grc' dir='ltr'>καθ’</span> <span class='ocrx_word' id='word_1_760' title='bbox 1419 2480 1539 2515; x_wconf 76' lang='grc' dir='ltr'>ἑκάστην</span> <span class='ocrx_word' id='word_1_761' title='bbox 1554 2480 1717 2507; x_wconf 79' lang='grc' dir='ltr'>ὑποπίπτων</span> <span class='ocrx_word' id='word_1_762' title='bbox 1740 2481 1835 2516; x_wconf 81' lang='grc' dir='ltr'>πλημ-</span> 
     </span>
    </p>
   </div>
   <div class='ocr_carea' id='block_1_113' title="bbox 1045 2523 1834 2559">
    <p class='ocr_par' dir='ltr' id='par_1_113' title="bbox 1045 2523 1834 2559">
     <span class='ocr_line' id='line_1_114' title="bbox 1045 2523 1834 2559; baseline 0 -9"><span class='ocrx_word' id='word_1_763' title='bbox 1045 2524 1191 2559; x_wconf 82' lang='grc' dir='ltr'>μελήμασι,</span> <span class='ocrx_word' id='word_1_764' title='bbox 1205 2524 1252 2550; x_wconf 72' lang='grc' dir='ltr'>καὶ</span> <span class='ocrx_word' id='word_1_765' title='bbox 1265 2523 1338 2550; x_wconf 80' lang='grc' dir='ltr'>οὕτω</span> <span class='ocrx_word' id='word_1_766' title='bbox 1349 2524 1382 2559; x_wconf 82' lang='grc' dir='ltr'>δὴ</span> <span class='ocrx_word' id='word_1_767' title='bbox 1397 2525 1456 2555; x_wconf 81' lang='grc' dir='ltr'>ταῖς</span> <span class='ocrx_word' id='word_1_768' title='bbox 1473 2524 1612 2555; x_wconf 81' lang='grc' dir='ltr'>τοιαύταις</span> <span class='ocrx_word' id='word_1_769' title='bbox 1624 2523 1680 2550; x_wconf 87' lang='grc' dir='ltr'><strong>τῶν</strong></span> <span class='ocrx_word' id='word_1_770' title='bbox 1691 2524 1834 2559; x_wconf 76' lang='grc' dir='ltr'>λογισμῶν</span> 
     </span>
    </p>
   </div>
   <div class='ocr_carea' id='block_1_114' title="bbox 1042 2568 1835 2604">
    <p class='ocr_par' dir='ltr' id='par_1_114' title="bbox 1042 2568 1835 2604">
     <span class='ocr_line' id='line_1_115' title="bbox 1042 2568 1835 2604; baseline 0 -9"><span class='ocrx_word' id='word_1_771' title='bbox 1042 2569 1158 2600; x_wconf 80' lang='grc' dir='ltr'>ἐννοίαις</span> <span class='ocrx_word' id='word_1_772' title='bbox 1169 2569 1207 2600; x_wconf 82' lang='grc' dir='ltr'>ὡς</span> <span class='ocrx_word' id='word_1_773' title='bbox 1222 2568 1314 2595; x_wconf 76' lang='grc' dir='ltr'>ὕδασιν</span> <span class='ocrx_word' id='word_1_774' title='bbox 1329 2568 1428 2595; x_wconf 73' lang='grc' dir='ltr'>ἑαυτοῦ</span> <span class='ocrx_word' id='word_1_775' title='bbox 1442 2569 1603 2604; x_wconf 79' lang='grc' dir='ltr'>κατεπᾴδων</span> <span class='ocrx_word' id='word_1_776' title='bbox 1615 2568 1664 2595; x_wconf 72' lang='grc' dir='ltr'>καὶ</span> <span class='ocrx_word' id='word_1_777' title='bbox 1678 2568 1769 2604; x_wconf 71' lang='grc' dir='ltr'>ἄρδων</span> <span class='ocrx_word' id='word_1_778' title='bbox 1783 2570 1835 2604; x_wconf 78' lang='grc' dir='ltr'>τὴν</span> 
     </span>
    </p>
   </div>
   <div class='ocr_carea' id='block_1_115' title="bbox 1042 2614 1834 2651">
    <p class='ocr_par' dir='ltr' id='par_1_115' title="bbox 1042 2614 1834 2651">
     <span class='ocr_line' id='line_1_116' title="bbox 1042 2614 1834 2651; baseline 0 -9"><span class='ocrx_word' id='word_1_779' title='bbox 1042 2615 1143 2651; x_wconf 80' lang='grc' dir='ltr'>ψυχὴν,</span> <span class='ocrx_word' id='word_1_780' title='bbox 1163 2615 1193 2642; x_wconf 83' lang='grc' dir='ltr'>τὸ</span> <span class='ocrx_word' id='word_1_781' title='bbox 1218 2615 1382 2650; x_wconf 67' lang='grc' dir='ltr'>φλεγμαῖνον</span> <span class='ocrx_word' id='word_1_782' title='bbox 1401 2615 1450 2650; x_wconf 82' lang='grc' dir='ltr'>τῆς</span> <span class='ocrx_word' id='word_1_783' title='bbox 1473 2614 1562 2650; x_wconf 79' lang='grc' dir='ltr'>λύπης</span> <span class='ocrx_word' id='word_1_784' title='bbox 1584 2615 1770 2642; x_wconf 75' lang='grc' dir='ltr'>κατασόἐσαιο</span> <span class='ocrx_word' id='word_1_785' title='bbox 1786 2616 1834 2642; x_wconf 77' lang='grc' dir='ltr'>καὶ</span> 
     </span>
    </p>
   </div>
   <div class='ocr_carea' id='block_1_116' title="bbox 1043 2661 1200 2697">
    <p class='ocr_par' dir='ltr' id='par_1_116' title="bbox 1043 2661 1200 2697">
     <span class='ocr_line' id='line_1_117' title="bbox 1043 2661 1200 2697; baseline -0.025 0"><span class='ocrx_word' id='word_1_786' title='bbox 1043 2662 1093 2697; x_wconf 78' lang='grc' dir='ltr'><strong>τῆς</strong></span> <span class='ocrx_word' id='word_1_787' title='bbox 1107 2661 1200 2697; x_wconf 70' lang='grc' dir='ltr'>ὁρτῆς-</span> 
     </span>
    </p>
   </div>
   <div class='ocr_carea' id='block_1_117' title="bbox 1045 2706 1711 2741">
    <p class='ocr_par' dir='ltr' id='par_1_117' title="bbox 1045 2706 1711 2741">
     <span class='ocr_line' id='line_1_118' title="bbox 1045 2706 1711 2741; baseline -0.002 -7"><span class='ocrx_word' id='word_1_788' title='bbox 1045 2707 1095 2736; x_wconf 79' lang='grc'><strong>165</strong></span> <span class='ocrx_word' id='word_1_789' title='bbox 1110 2708 1214 2740; x_wconf 82' lang='grc' dir='ltr'>Ἔρως,</span> <span class='ocrx_word' id='word_1_790' title='bbox 1223 2706 1309 2741; x_wconf 80' lang='grc' dir='ltr'>μέθη,</span> <span class='ocrx_word' id='word_1_791' title='bbox 1326 2706 1414 2740; x_wconf 71' lang='grc' dir='ltr'>ζῆλός</span> <span class='ocrx_word' id='word_1_792' title='bbox 1424 2714 1455 2733; x_wconf 78' lang='grc' dir='ltr'><strong>τε</strong></span> <span class='ocrx_word' id='word_1_793' title='bbox 1468 2707 1516 2733; x_wconf 84' lang='grc' dir='ltr'>καὶ</span> <span class='ocrx_word' id='word_1_794' title='bbox 1525 2706 1638 2740; x_wconf 75' lang='grc' dir='ltr'>δαίμων</span> <span class='ocrx_word' id='word_1_795' title='bbox 1647 2707 1711 2734; x_wconf 79' lang='grc' dir='ltr'>ἴσα.</span> 
     </span>
    </p>
   </div>
   <div class='ocr_carea' id='block_1_118' title="bbox 1080 2752 1820 2790">
    <p class='ocr_par' dir='ltr' id='par_1_118' title="bbox 1080 2752 1820 2790">
     <span class='ocr_line' id='line_1_119' title="bbox 1080 2752 1820 2790; baseline 0.004 -11"><span class='ocrx_word' id='word_1_796' title='bbox 1080 2753 1207 2788; x_wconf 82' lang='grc' dir='ltr'>Τέσσαρα</span> <span class='ocrx_word' id='word_1_797' title='bbox 1220 2753 1317 2785; x_wconf 82' lang='grc' dir='ltr'>ταῦτα,</span> <span class='ocrx_word' id='word_1_798' title='bbox 1337 2752 1530 2787; x_wconf 80' lang='grc' dir='ltr'>κεφαλαιωδῶς</span> <span class='ocrx_word' id='word_1_799' title='bbox 1545 2753 1638 2787; x_wconf 83' lang='grc' dir='ltr'>φάναι,</span> <span class='ocrx_word' id='word_1_800' title='bbox 1654 2755 1820 2790; x_wconf 80' lang='grc' dir='ltr'>παραφροσύ</span> 
     </span>
    </p>
   </div>
   <div class='ocr_carea' id='block_1_119' title="bbox 1043 2799 1832 2835">
    <p class='ocr_par' dir='ltr' id='par_1_119' title="bbox 1043 2799 1832 2835">
     <span class='ocr_line' id='line_1_120' title="bbox 1043 2799 1832 2835; baseline 0.001 -9"><span class='ocrx_word' id='word_1_801' title='bbox 1043 2808 1092 2835; x_wconf 89' lang='grc' dir='ltr'><strong>νης</strong></span> <span class='ocrx_word' id='word_1_802' title='bbox 1109 2799 1217 2834; x_wconf 75' lang='grc' dir='ltr'>καὶτῆς</span> <span class='ocrx_word' id='word_1_803' title='bbox 1232 2799 1278 2825; x_wconf 73' lang='grc' dir='ltr'><strong>ἐπὶ</strong></span> <span class='ocrx_word' id='word_1_804' title='bbox 1289 2799 1319 2825; x_wconf 80' lang='grc' dir='ltr'>τὸ</span> <span class='ocrx_word' id='word_1_805' title='bbox 1334 2800 1423 2834; x_wconf 82' lang='grc' dir='ltr'>χεῖρον</span> <span class='ocrx_word' id='word_1_806' title='bbox 1436 2799 1590 2830; x_wconf 80' lang='grc' dir='ltr'>ἐκστάσεως</span> <span class='ocrx_word' id='word_1_807' title='bbox 1605 2799 1652 2825; x_wconf 75' lang='grc' dir='ltr'><strong>τοῦ</strong></span> <span class='ocrx_word' id='word_1_808' title='bbox 1669 2799 1715 2826; x_wconf 81' lang='grc' dir='ltr'>νοῦ</span> <span class='ocrx_word' id='word_1_809' title='bbox 1730 2809 1832 2834; x_wconf 56' lang='grc' dir='ltr'>γνωριη</span> 
     </span>
    </p>
   </div>
   <div class='ocr_carea' id='block_1_120' title="bbox 1044 2844 1834 2882">
    <p class='ocr_par' dir='ltr' id='par_1_120' title="bbox 1044 2844 1834 2882">
     <span class='ocr_line' id='line_1_121' title="bbox 1044 2844 1834 2882; baseline 0.004 -11"><span class='ocrx_word' id='word_1_810' title='bbox 1044 2845 1120 2871; x_wconf 80' lang='grc' dir='ltr'>στέον</span> <span class='ocrx_word' id='word_1_811' title='bbox 1144 2844 1192 2872; x_wconf 77' lang='grc' dir='ltr'>καὶ</span> <span class='ocrx_word' id='word_1_812' title='bbox 1215 2845 1395 2881; x_wconf 82' lang='grc' dir='ltr'>παρατροπῆς</span> <span class='ocrx_word' id='word_1_813' title='bbox 1422 2845 1569 2880; x_wconf 81' lang='grc' dir='ltr'>ποιητικὰ,</span> <span class='ocrx_word' id='word_1_814' title='bbox 1598 2845 1669 2880; x_wconf 82' lang='grc' dir='ltr'>ἔρως</span> <span class='ocrx_word' id='word_1_815' title='bbox 1695 2847 1834 2882; x_wconf 77' lang='grc' dir='ltr'>σωμάτων</span> 
     </span>
    </p>
   </div>
   <div class='ocr_carea' id='block_1_121' title="bbox 1043 2890 1834 2930">
    <p class='ocr_par' dir='ltr' id='par_1_121' title="bbox 1043 2890 1834 2930">
     <span class='ocr_line' id='line_1_122' title="bbox 1043 2890 1834 2930; baseline 0.003 -13"><span class='ocrx_word' id='word_1_816' title='bbox 1043 2891 1191 2923; x_wconf 74' lang='grc' dir='ltr'>ἀκόλαστος</span> <span class='ocrx_word' id='word_1_817' title='bbox 1209 2891 1255 2919; x_wconf 67' lang='grc' dir='ltr'>καὶ</span> <span class='ocrx_word' id='word_1_818' title='bbox 1275 2891 1399 2927; x_wconf 75' lang='grc' dir='ltr'>ἀκρατὴς</span> <span class='ocrx_word' id='word_1_819' title='bbox 1414 2891 1460 2918; x_wconf 70' lang='grc' dir='ltr'>καὶ</span> <span class='ocrx_word' id='word_1_820' title='bbox 1477 2891 1629 2930; x_wconf 79' lang='grc' dir='ltr'>μανιώδης,</span> <span class='ocrx_word' id='word_1_821' title='bbox 1644 2890 1716 2929; x_wconf 66' lang='grc' dir='ltr'>μέθη</span> <span class='ocrx_word' id='word_1_822' title='bbox 1729 2892 1778 2919; x_wconf 67' lang='grc' dir='ltr'>καὶ</span> <span class='ocrx_word' id='word_1_823' title='bbox 1792 2896 1834 2920; x_wconf 85' lang='lat' dir='ltr'><strong>ot-</strong></span> 
     </span>
    </p>
   </div>
  </div>
