  <div class='ocr_page' id='page_1' title='image "/cluster/home/n/w/nwhite01/storage/ocr_20150623/38/njp.32101077772570/422.png"; bbox 0 0 1920 3046; ppageno 0'>
   <div class='ocr_carea' id='block_1_1' title="bbox 109 137 163 165">
    <p class='ocr_par' dir='ltr' id='par_1_1' title="bbox 109 137 163 165">
     <span class='ocr_line' id='line_1_1' title="bbox 109 137 163 165; baseline -0.019 0"><span class='ocrx_word' id='word_1_1' title='bbox 109 137 163 165; x_wconf 73' lang='lat'><strong>825</strong></span> 
     </span>
    </p>
   </div>
   <div class='ocr_carea' id='block_1_2' title="bbox 112 197 903 237">
    <p class='ocr_par' dir='ltr' id='par_1_2' title="bbox 112 197 903 237">
     <span class='ocr_line' id='line_1_2' title="bbox 112 197 903 237; baseline 0.005 -13"><span class='ocrx_word' id='word_1_2' title='bbox 112 197 255 232; x_wconf 68' lang='grc' dir='ltr'>νοφλυγία,</span> <span class='ocrx_word' id='word_1_3' title='bbox 268 197 335 232; x_wconf 73' lang='grc' dir='ltr'>πρὸς</span> <span class='ocrx_word' id='word_1_4' title='bbox 349 197 377 224; x_wconf 83' lang='grc' dir='ltr'><strong>δὲ</strong></span> <span class='ocrx_word' id='word_1_5' title='bbox 390 197 437 225; x_wconf 71' lang='grc' dir='ltr'><strong>καὶ</strong></span> <span class='ocrx_word' id='word_1_6' title='bbox 453 198 533 234; x_wconf 81' lang='grc' dir='ltr'>ζῆλος</span> <span class='ocrx_word' id='word_1_7' title='bbox 549 199 681 235; x_wconf 78' lang='grc' dir='ltr'>φονώδης,</span> <span class='ocrx_word' id='word_1_8' title='bbox 697 201 726 232; x_wconf 82' lang='grc' dir='ltr'><strong>ὃς</strong></span> <span class='ocrx_word' id='word_1_9' title='bbox 736 202 808 228; x_wconf 79' lang='grc' dir='ltr'>ἐστιν</span> <span class='ocrx_word' id='word_1_10' title='bbox 818 202 903 237; x_wconf 79' lang='grc' dir='ltr'>ὀργῆς</span> 
     </span>
    </p>
   </div>
   <div class='ocr_carea' id='block_1_3' title="bbox 113 243 902 281">
    <p class='ocr_par' dir='ltr' id='par_1_3' title="bbox 113 243 902 281">
     <span class='ocr_line' id='line_1_3' title="bbox 113 243 902 281; baseline 0.004 -10"><span class='ocrx_word' id='word_1_11' title='bbox 113 244 210 279; x_wconf 76' lang='grc' dir='ltr'>ἔξαψις</span> <span class='ocrx_word' id='word_1_12' title='bbox 229 245 276 270; x_wconf 78' lang='grc' dir='ltr'><strong>καὶ</strong></span> <span class='ocrx_word' id='word_1_13' title='bbox 291 243 377 271; x_wconf 80' lang='grc' dir='ltr'><strong>λύσσα</strong></span> <span class='ocrx_word' id='word_1_14' title='bbox 388 252 394 259; x_wconf 87' lang='grc'>·</span> <span class='ocrx_word' id='word_1_15' title='bbox 417 244 454 275; x_wconf 86' lang='grc' dir='ltr'>ὠς</span> <span class='ocrx_word' id='word_1_16' title='bbox 471 246 566 280; x_wconf 70' lang='grc' dir='ltr'>πόρρω</span> <span class='ocrx_word' id='word_1_17' title='bbox 585 245 635 280; x_wconf 80' lang='grc' dir='ltr'><strong>μὲν</strong></span> <span class='ocrx_word' id='word_1_18' title='bbox 655 245 702 272; x_wconf 84' lang='grc' dir='ltr'><strong>τοῦ</strong></span> <span class='ocrx_word' id='word_1_19' title='bbox 717 246 819 281; x_wconf 80' lang='grc' dir='ltr'>ἀγαθοῦ</span> <span class='ocrx_word' id='word_1_20' title='bbox 834 248 902 274; x_wconf 80' lang='grc' dir='ltr'>απο-</span> 
     </span>
    </p>
   </div>
   <div class='ocr_carea' id='block_1_4' title="bbox 111 288 902 329">
    <p class='ocr_par' dir='ltr' id='par_1_4' title="bbox 111 288 902 329">
     <span class='ocr_line' id='line_1_4' title="bbox 111 288 902 329; baseline 0.006 -14"><span class='ocrx_word' id='word_1_21' title='bbox 111 288 298 325; x_wconf 66' lang='grc' dir='ltr'>ιῖιοικιζόμενα</span> <span class='ocrx_word' id='word_1_22' title='bbox 310 310 317 321; x_wconf 91' lang='grc'><em>,</em></span> <span class='ocrx_word' id='word_1_23' title='bbox 336 290 449 326; x_wconf 86' lang='grc' dir='ltr'>δαίμονα</span> <span class='ocrx_word' id='word_1_24' title='bbox 469 290 497 317; x_wconf 80' lang='grc' dir='ltr'><strong>δὲ</strong></span> <span class='ocrx_word' id='word_1_25' title='bbox 518 290 621 318; x_wconf 82' lang='grc' dir='ltr'>τούτων</span> <span class='ocrx_word' id='word_1_26' title='bbox 637 291 752 318; x_wconf 74' lang='grc' dir='ltr'>ἕκαστον</span> <span class='ocrx_word' id='word_1_27' title='bbox 778 293 902 329; x_wconf 82' lang='grc' dir='ltr'>ἀνάπτην</span> 
     </span>
    </p>
   </div>
   <div class='ocr_carea' id='block_1_5' title="bbox 113 335 902 373">
    <p class='ocr_par' dir='ltr' id='par_1_5' title="bbox 113 335 902 373">
     <span class='ocr_line' id='line_1_5' title="bbox 113 335 902 373; baseline 0.005 -11"><span class='ocrx_word' id='word_1_28' title='bbox 113 337 162 362; x_wconf 78' lang='grc' dir='ltr'>καὶ</span> <span class='ocrx_word' id='word_1_29' title='bbox 186 336 404 372; x_wconf 80' lang='grc' dir='ltr'>ὲπισπουδαστὴν</span> <span class='ocrx_word' id='word_1_30' title='bbox 426 336 647 372; x_wconf 83' lang='grc' dir='ltr'>κεκληρωμένον,</span> <span class='ocrx_word' id='word_1_31' title='bbox 662 335 702 370; x_wconf 74' lang='grc' dir='ltr'>οἷς</span> <span class='ocrx_word' id='word_1_32' title='bbox 719 338 752 365; x_wconf 85' lang='grc' dir='ltr'><strong>ἂν</strong></span> <span class='ocrx_word' id='word_1_33' title='bbox 766 339 902 373; x_wconf 77' lang='grc' dir='ltr'>ἐπισφρα-</span> 
     </span>
    </p>
   </div>
   <div class='ocr_carea' id='block_1_6' title="bbox 113 381 902 419">
    <p class='ocr_par' dir='ltr' id='par_1_6' title="bbox 113 381 902 419">
     <span class='ocr_line' id='line_1_6' title="bbox 113 381 902 419; baseline 0.004 -11"><span class='ocrx_word' id='word_1_34' title='bbox 113 382 216 415; x_wconf 82' lang='grc' dir='ltr'>γίσειεν</span> <span class='ocrx_word' id='word_1_35' title='bbox 236 381 348 416; x_wconf 77' lang='grc' dir='ltr'><strong>ἀφανῶς</strong></span> <span class='ocrx_word' id='word_1_36' title='bbox 368 382 567 417; x_wconf 72' lang='grc' dir='ltr'>ἐπιτιθέμενον,</span> <span class='ocrx_word' id='word_1_37' title='bbox 583 382 632 418; x_wconf 85' lang='grc' dir='ltr'>τὴν</span> <span class='ocrx_word' id='word_1_38' title='bbox 649 383 779 419; x_wconf 84' lang='grc' dir='ltr'><strong>φρόνησιν</strong></span> <span class='ocrx_word' id='word_1_39' title='bbox 798 384 902 416; x_wconf 71' lang='grc' dir='ltr'>τούτοις</span> 
     </span>
    </p>
   </div>
   <div class='ocr_carea' id='block_1_7' title="bbox 113 428 902 465">
    <p class='ocr_par' dir='ltr' id='par_1_7' title="bbox 113 428 902 465">
     <span class='ocr_line' id='line_1_7' title="bbox 113 428 902 465; baseline 0.005 -11"><span class='ocrx_word' id='word_1_40' title='bbox 113 428 266 461; x_wconf 76' lang='grc' dir='ltr'>ἐπικλύζει,</span> <span class='ocrx_word' id='word_1_41' title='bbox 283 428 330 455; x_wconf 72' lang='grc' dir='ltr'><strong>καὶ</strong></span> <span class='ocrx_word' id='word_1_42' title='bbox 344 428 389 455; x_wconf 80' lang='grc' dir='ltr'>τὸν</span> <span class='ocrx_word' id='word_1_43' title='bbox 406 429 484 464; x_wconf 82' lang='grc' dir='ltr'>ὀρθὸν</span> <span class='ocrx_word' id='word_1_44' title='bbox 495 429 573 463; x_wconf 83' lang='grc' dir='ltr'>λόγον</span> <span class='ocrx_word' id='word_1_45' title='bbox 587 431 773 465; x_wconf 79' lang='grc' dir='ltr'>παραιρεῖται.</span> <span class='ocrx_word' id='word_1_46' title='bbox 789 431 838 462; x_wconf 88' lang='grc' dir='ltr'><strong>Τίς</strong></span> <span class='ocrx_word' id='word_1_47' title='bbox 854 429 902 458; x_wconf 81' lang='grc' dir='ltr'><strong>οὖν</strong></span> 
     </span>
    </p>
   </div>
   <div class='ocr_carea' id='block_1_8' title="bbox 112 474 902 512">
    <p class='ocr_par' dir='ltr' id='par_1_8' title="bbox 112 474 902 512">
     <span class='ocr_line' id='line_1_8' title="bbox 112 474 902 512; baseline 0.004 -12"><span class='ocrx_word' id='word_1_48' title='bbox 112 477 129 510; x_wconf 85' lang='grc' dir='ltr'><strong>ἠ</strong></span> <span class='ocrx_word' id='word_1_49' title='bbox 151 475 254 501; x_wconf 83' lang='grc' dir='ltr'>τούτων</span> <span class='ocrx_word' id='word_1_50' title='bbox 272 474 343 506; x_wconf 82' lang='grc' dir='ltr'>ἴασις</span> <span class='ocrx_word' id='word_1_51' title='bbox 369 476 414 501; x_wconf 78' lang='grc' dir='ltr'>καὶ</span> <span class='ocrx_word' id='word_1_52' title='bbox 438 475 591 510; x_wconf 87' lang='grc' dir='ltr'>θεραπεία;</span> <span class='ocrx_word' id='word_1_53' title='bbox 612 476 695 512; x_wconf 77' lang='grc' dir='ltr'>Τῆξις</span> <span class='ocrx_word' id='word_1_54' title='bbox 719 476 844 512; x_wconf 86' lang='grc' dir='ltr'>σώματος</span> <span class='ocrx_word' id='word_1_55' title='bbox 869 477 902 503; x_wconf 74' lang='grc' dir='ltr'><strong>δι’</strong></span> 
     </span>
    </p>
   </div>
   <div class='ocr_carea' id='block_1_9' title="bbox 113 520 904 558">
    <p class='ocr_par' dir='ltr' id='par_1_9' title="bbox 113 520 904 558">
     <span class='ocr_line' id='line_1_9' title="bbox 113 520 904 558; baseline 0.004 -12"><span class='ocrx_word' id='word_1_56' title='bbox 113 520 203 555; x_wconf 73' lang='grc' dir='ltr'>ἄκρας</span> <span class='ocrx_word' id='word_1_57' title='bbox 215 520 341 556; x_wconf 82' lang='grc' dir='ltr'><strong>νηστείας</strong></span> <span class='ocrx_word' id='word_1_58' title='bbox 349 529 379 546; x_wconf 84' lang='grc' dir='ltr'><strong>τε</strong></span> <span class='ocrx_word' id='word_1_59' title='bbox 391 521 438 547; x_wconf 74' lang='grc' dir='ltr'><strong>καὶ</strong></span> <span class='ocrx_word' id='word_1_60' title='bbox 451 521 612 557; x_wconf 84' lang='grc' dir='ltr'>ἀγρυπνίας,</span> <span class='ocrx_word' id='word_1_61' title='bbox 625 522 762 558; x_wconf 78' lang='grc' dir='ltr'><strong>προσευχὴ</strong></span> <span class='ocrx_word' id='word_1_62' title='bbox 776 522 904 558; x_wconf 80' lang='grc' dir='ltr'><strong>διηνεκὴς</strong></span> 
     </span>
    </p>
   </div>
   <div class='ocr_carea' id='block_1_10' title="bbox 113 567 903 604">
    <p class='ocr_par' dir='ltr' id='par_1_10' title="bbox 113 567 903 604">
     <span class='ocr_line' id='line_1_10' title="bbox 113 567 903 604; baseline 0.003 -11"><span class='ocrx_word' id='word_1_63' title='bbox 113 568 163 593; x_wconf 55' lang='grc' dir='ltr'><strong>καὶ¹</strong></span> <span class='ocrx_word' id='word_1_64' title='bbox 177 567 364 603; x_wconf 80' lang='grc' dir='ltr'>ἀνατεταμένη</span> <span class='ocrx_word' id='word_1_65' title='bbox 380 568 447 602; x_wconf 84' lang='grc' dir='ltr'>πρὸς</span> <span class='ocrx_word' id='word_1_66' title='bbox 457 568 502 594; x_wconf 73' lang='grc' dir='ltr'><strong>τον</strong></span> <span class='ocrx_word' id='word_1_67' title='bbox 518 568 630 603; x_wconf 83' lang='grc' dir='ltr'><strong>Κύριον,</strong></span> <span class='ocrx_word' id='word_1_68' title='bbox 649 568 767 604; x_wconf 82' lang='grc' dir='ltr'>δάκρυον</span> <span class='ocrx_word' id='word_1_69' title='bbox 783 568 813 601; x_wconf 74' lang='grc' dir='ltr'><strong>ἐξ</strong></span> <span class='ocrx_word' id='word_1_70' title='bbox 828 569 903 604; x_wconf 75' lang='grc' dir='ltr'>ἱερᾶς</span> 
     </span>
    </p>
   </div>
   <div class='ocr_carea' id='block_1_11' title="bbox 114 612 905 650">
    <p class='ocr_par' dir='ltr' id='par_1_11' title="bbox 114 612 905 650">
     <span class='ocr_line' id='line_1_11' title="bbox 114 612 905 650; baseline 0.003 -10"><span class='ocrx_word' id='word_1_71' title='bbox 114 613 164 640; x_wconf 72' lang='grc' dir='ltr'><strong>καὶ</strong></span> <span class='ocrx_word' id='word_1_72' title='bbox 179 612 341 649; x_wconf 78' lang='grc' dir='ltr'>εἰλικρινοῦς</span> <span class='ocrx_word' id='word_1_73' title='bbox 363 613 538 646; x_wconf 77' lang='grc' dir='ltr'><strong>κατανύξεως</strong></span> <span class='ocrx_word' id='word_1_74' title='bbox 556 614 602 641; x_wconf 75' lang='grc' dir='ltr'><strong>καὶ</strong></span> <span class='ocrx_word' id='word_1_75' title='bbox 623 614 767 650; x_wconf 81' lang='grc' dir='ltr'>μετανοίας</span> <span class='ocrx_word' id='word_1_76' title='bbox 784 615 905 642; x_wconf 76' lang='grc' dir='ltr'>ἀποστα-</span> 
     </span>
    </p>
   </div>
   <div class='ocr_carea' id='block_1_12' title="bbox 115 655 905 696">
    <p class='ocr_par' dir='ltr' id='par_1_12' title="bbox 115 655 905 696">
     <span class='ocr_line' id='line_1_12' title="bbox 115 655 905 696; baseline 0.001 -10"><span class='ocrx_word' id='word_1_77' title='bbox 115 660 163 692; x_wconf 76' lang='grc' dir='ltr'><strong>ζον</strong></span> <span class='ocrx_word' id='word_1_78' title='bbox 185 660 240 686; x_wconf 84' lang='grc' dir='ltr'><strong>τῶν</strong></span> <span class='ocrx_word' id='word_1_79' title='bbox 261 655 413 695; x_wconf 60' lang='grc' dir='ltr'>’ὀφθαλμῶν</span> <span class='ocrx_word' id='word_1_80' title='bbox 427 668 433 674; x_wconf 70' lang='grc'><strong><em>⁸</em></strong></span> <span class='ocrx_word' id='word_1_81' title='bbox 459 659 546 686; x_wconf 77' lang='grc' dir='ltr'>ταῦτά</span> <span class='ocrx_word' id='word_1_82' title='bbox 567 661 625 687; x_wconf 78' lang='grc' dir='ltr'>ἐστι</span> <span class='ocrx_word' id='word_1_83' title='bbox 642 661 697 687; x_wconf 84' lang='grc' dir='ltr'>τῶν</span> <span class='ocrx_word' id='word_1_84' title='bbox 719 660 796 696; x_wconf 84' lang='grc' dir='ltr'><strong>ὲμῶν</strong></span> <span class='ocrx_word' id='word_1_85' title='bbox 819 661 905 687; x_wconf 87' lang='grc' dir='ltr'>νόσων</span> 
     </span>
    </p>
   </div>
   <div class='ocr_carea' id='block_1_13' title="bbox 115 705 906 742">
    <p class='ocr_par' dir='ltr' id='par_1_13' title="bbox 115 705 906 742">
     <span class='ocr_line' id='line_1_13' title="bbox 115 705 906 742; baseline 0 -10"><span class='ocrx_word' id='word_1_86' title='bbox 115 706 252 741; x_wconf 75' lang='grc' dir='ltr'>φάρμακα</span> <span class='ocrx_word' id='word_1_87' title='bbox 274 705 396 741; x_wconf 83' lang='grc' dir='ltr'>σωτήρια</span> <span class='ocrx_word' id='word_1_88' title='bbox 411 705 459 732; x_wconf 82' lang='grc' dir='ltr'>καὶ</span> <span class='ocrx_word' id='word_1_89' title='bbox 474 705 527 731; x_wconf 82' lang='grc' dir='ltr'><strong>τῶν</strong></span> <span class='ocrx_word' id='word_1_90' title='bbox 546 705 596 740; x_wconf 84' lang='grc' dir='ltr'>τῆς</span> <span class='ocrx_word' id='word_1_91' title='bbox 617 705 730 742; x_wconf 78' lang='grc' dir='ltr'>καρδίας</span> <span class='ocrx_word' id='word_1_92' title='bbox 745 705 906 741; x_wconf 79' lang='grc' dir='ltr'>ἀρρωστιῶν</span> 
     </span>
    </p>
   </div>
   <div class='ocr_carea' id='block_1_14' title="bbox 116 750 292 786">
    <p class='ocr_par' dir='ltr' id='par_1_14' title="bbox 116 750 292 786">
     <span class='ocr_line' id='line_1_14' title="bbox 116 750 292 786; baseline -0.006 -9"><span class='ocrx_word' id='word_1_93' title='bbox 116 751 164 778; x_wconf 76' lang='grc' dir='ltr'>ἀλε</span> <span class='ocrx_word' id='word_1_94' title='bbox 168 750 292 786; x_wconf 80' lang='grc' dir='ltr'>ξητήρια.</span> 
     </span>
    </p>
   </div>
   <div class='ocr_carea' id='block_1_15' title="bbox 117 793 658 830">
    <p class='ocr_par' dir='ltr' id='par_1_15' title="bbox 117 793 658 830">
     <span class='ocr_line' id='line_1_15' title="bbox 117 793 658 830; baseline -0.002 -9"><span class='ocrx_word' id='word_1_95' title='bbox 117 795 169 821; x_wconf 67' lang='lat' dir='ltr'><strong>itit)</strong></span> <span class='ocrx_word' id='word_1_96' title='bbox 185 795 295 829; x_wconf 73' lang='grc' dir='ltr'>Ὅρκον</span> <span class='ocrx_word' id='word_1_97' title='bbox 307 794 341 821; x_wconf 85' lang='grc' dir='ltr'><em>δὲ</em></span> <span class='ocrx_word' id='word_1_98' title='bbox 356 794 446 830; x_wconf 68' lang='grc' dir='ltr'>φεῦγε</span> <span class='ocrx_word' id='word_1_99' title='bbox 461 793 558 821; x_wconf 80' lang='grc' dir='ltr'>πάντα</span> <span class='ocrx_word' id='word_1_100' title='bbox 578 794 658 829; x_wconf 85' lang='lat'><strong>(8-9).</strong></span> 
     </span>
    </p>
   </div>
   <div class='ocr_carea' id='block_1_16' title="bbox 154 839 908 876">
    <p class='ocr_par' dir='ltr' id='par_1_16' title="bbox 154 839 908 876">
     <span class='ocr_line' id='line_1_16' title="bbox 154 839 908 876; baseline 0 -10"><span class='ocrx_word' id='word_1_101' title='bbox 154 840 275 866; x_wconf 77' lang='grc' dir='ltr'><strong>Καθόλου</strong></span> <span class='ocrx_word' id='word_1_102' title='bbox 290 839 335 866; x_wconf 81' lang='grc' dir='ltr'>τὸν</span> <span class='ocrx_word' id='word_1_103' title='bbox 351 841 431 876; x_wconf 79' lang='grc' dir='ltr'>ὅρκον</span> <span class='ocrx_word' id='word_1_104' title='bbox 448 839 594 875; x_wconf 82' lang='grc' dir='ltr'>ἀπώμοτον</span> <span class='ocrx_word' id='word_1_105' title='bbox 608 840 656 867; x_wconf 84' lang='grc' dir='ltr'>καὶ</span> <span class='ocrx_word' id='word_1_106' title='bbox 675 841 858 876; x_wconf 79' lang='grc' dir='ltr'>ἀποτρόπαιον</span> <span class='ocrx_word' id='word_1_107' title='bbox 873 840 908 866; x_wconf 73' lang='grc' dir='ltr'>τά</span> 
     </span>
    </p>
   </div>
   <div class='ocr_carea' id='block_1_17' title="bbox 115 883 906 921">
    <p class='ocr_par' dir='ltr' id='par_1_17' title="bbox 115 883 906 921">
     <span class='ocr_line' id='line_1_17' title="bbox 115 883 906 921; baseline 0 -9"><span class='ocrx_word' id='word_1_108' title='bbox 115 895 147 912; x_wconf 84' lang='grc' dir='ltr'><strong>τε</strong></span> <span class='ocrx_word' id='word_1_109' title='bbox 175 886 235 921; x_wconf 76' lang='grc' dir='ltr'>ἱερὰ</span> <span class='ocrx_word' id='word_1_110' title='bbox 260 886 414 920; x_wconf 79' lang='grc' dir='ltr'>Εὑαγγέλια</span> <span class='ocrx_word' id='word_1_111' title='bbox 440 886 487 912; x_wconf 70' lang='grc' dir='ltr'><strong>καὶ</strong></span> <span class='ocrx_word' id='word_1_112' title='bbox 514 887 528 912; x_wconf 88' lang='grc' dir='ltr'><strong>ό</strong></span> <span class='ocrx_word' id='word_1_113' title='bbox 553 886 804 920; x_wconf 84' lang='grc' dir='ltr'>εὑαγγελικώτατος</span> <span class='ocrx_word' id='word_1_114' title='bbox 829 883 906 917; x_wconf 78' lang='grc' dir='ltr'>οὗτος</span> 
     </span>
    </p>
   </div>
   <div class='ocr_carea' id='block_1_18' title="bbox 116 931 907 969">
    <p class='ocr_par' dir='ltr' id='par_1_18' title="bbox 116 931 907 969">
     <span class='ocr_line' id='line_1_18' title="bbox 116 931 907 969; baseline 0.004 -12"><span class='ocrx_word' id='word_1_115' title='bbox 116 931 243 966; x_wconf 69' lang='grc' dir='ltr'>θεολόγος</span> <span class='ocrx_word' id='word_1_116' title='bbox 257 932 447 966; x_wconf 79' lang='grc' dir='ltr'>ἀποφαίνεται,</span> <span class='ocrx_word' id='word_1_117' title='bbox 466 932 555 959; x_wconf 76' lang='grc' dir='ltr'>πάντα</span> <span class='ocrx_word' id='word_1_118' title='bbox 569 932 680 966; x_wconf 85' lang='grc' dir='ltr'>φεύγειν</span> <span class='ocrx_word' id='word_1_119' title='bbox 699 933 780 968; x_wconf 77' lang='grc' dir='ltr'>ὅρκον</span> <span class='ocrx_word' id='word_1_120' title='bbox 801 942 907 969; x_wconf 81' lang='grc' dir='ltr'>παρεγ-</span> 
     </span>
    </p>
   </div>
   <div class='ocr_carea' id='block_1_19' title="bbox 116 977 908 1015">
    <p class='ocr_par' dir='ltr' id='par_1_19' title="bbox 116 977 908 1015">
     <span class='ocr_line' id='line_1_19' title="bbox 116 977 908 1015; baseline 0.003 -12"><span class='ocrx_word' id='word_1_121' title='bbox 116 977 203 1011; x_wconf 78' lang='grc' dir='ltr'>γυῶν,</span> <span class='ocrx_word' id='word_1_122' title='bbox 229 977 268 1008; x_wconf 85' lang='grc' dir='ltr'>ὡς</span> <span class='ocrx_word' id='word_1_123' title='bbox 292 978 433 1012; x_wconf 73' lang='grc' dir='ltr'>ἐπιορκίας</span> <span class='ocrx_word' id='word_1_124' title='bbox 456 978 613 1013; x_wconf 76' lang='grc' dir='ltr'>ὑπάρχοντα</span> <span class='ocrx_word' id='word_1_125' title='bbox 634 978 740 1014; x_wconf 81' lang='grc' dir='ltr'>πατέρα</span> <span class='ocrx_word' id='word_1_126' title='bbox 754 988 761 994; x_wconf 92' lang='grc'><strong>·</strong></span> <span class='ocrx_word' id='word_1_127' title='bbox 788 979 830 1011; x_wconf 87' lang='grc' dir='ltr'><strong>τίς</strong></span> <span class='ocrx_word' id='word_1_128' title='bbox 853 979 908 1015; x_wconf 87' lang='grc' dir='ltr'><strong>γὰρ</strong></span> 
     </span>
    </p>
   </div>
   <div class='ocr_carea' id='block_1_20' title="bbox 116 1024 909 1060">
    <p class='ocr_par' dir='ltr' id='par_1_20' title="bbox 116 1024 909 1060">
     <span class='ocr_line' id='line_1_20' title="bbox 116 1024 909 1060; baseline -0.001 -10"><span class='ocrx_word' id='word_1_129' title='bbox 116 1025 201 1059; x_wconf 70' lang='grc' dir='ltr'>ὅρκου</span> <span class='ocrx_word' id='word_1_130' title='bbox 215 1024 342 1056; x_wconf 74' lang='grc' dir='ltr'>καθὰπαξ</span> <span class='ocrx_word' id='word_1_131' title='bbox 363 1025 532 1060; x_wconf 82' lang='grc' dir='ltr'>ἀπεχόμενος</span> <span class='ocrx_word' id='word_1_132' title='bbox 549 1024 707 1060; x_wconf 81' lang='grc' dir='ltr'>ἐπιὼρκησε</span> <span class='ocrx_word' id='word_1_133' title='bbox 725 1025 855 1059; x_wconf 83' lang='grc' dir='ltr'>πώποτε;</span> <span class='ocrx_word' id='word_1_134' title='bbox 879 1025 909 1051; x_wconf 75' lang='lat' dir='ltr'><strong>&#39;(t</strong></span> 
     </span>
    </p>
   </div>
   <div class='ocr_carea' id='block_1_21' title="bbox 116 1070 908 1107">
    <p class='ocr_par' dir='ltr' id='par_1_21' title="bbox 116 1070 908 1107">
     <span class='ocr_line' id='line_1_21' title="bbox 116 1070 908 1107; baseline 0 -10"><span class='ocrx_word' id='word_1_135' title='bbox 116 1071 147 1097; x_wconf 80' lang='grc' dir='ltr'><strong>δὲ</strong></span> <span class='ocrx_word' id='word_1_136' title='bbox 164 1071 273 1106; x_wconf 80' lang='grc' dir='ltr'>ὀμνύων</span> <span class='ocrx_word' id='word_1_137' title='bbox 286 1071 303 1106; x_wconf 85' lang='grc' dir='ltr'><strong>ἢ</strong></span> <span class='ocrx_word' id='word_1_138' title='bbox 315 1070 345 1102; x_wconf 76' lang='grc' dir='ltr'>ἐξ</span> <span class='ocrx_word' id='word_1_139' title='bbox 359 1071 481 1104; x_wconf 77' lang='grc' dir='ltr'>ἀγνοίας,</span> <span class='ocrx_word' id='word_1_140' title='bbox 497 1071 514 1106; x_wconf 81' lang='grc' dir='ltr'>ἢ</span> <span class='ocrx_word' id='word_1_141' title='bbox 530 1071 562 1098; x_wconf 69' lang='grc' dir='ltr'>ἐκ</span> <span class='ocrx_word' id='word_1_142' title='bbox 575 1079 647 1102; x_wconf 82' lang='grc' dir='ltr'>τινος</span> <span class='ocrx_word' id='word_1_143' title='bbox 662 1071 791 1097; x_wconf 78' lang='grc' dir='ltr'>ἀκουσίου</span> <span class='ocrx_word' id='word_1_144' title='bbox 808 1071 878 1107; x_wconf 82' lang='grc' dir='ltr'>βίας,</span> <span class='ocrx_word' id='word_1_145' title='bbox 891 1071 908 1105; x_wconf 90' lang='grc' dir='ltr'>ἢ</span> 
     </span>
    </p>
   </div>
   <div class='ocr_carea' id='block_1_22' title="bbox 119 1116 910 1153">
    <p class='ocr_par' dir='ltr' id='par_1_22' title="bbox 119 1116 910 1153">
     <span class='ocr_line' id='line_1_22' title="bbox 119 1116 910 1153; baseline -0.001 -9"><span class='ocrx_word' id='word_1_146' title='bbox 119 1118 351 1153; x_wconf 79' lang='grc' dir='ltr'>καταφρονήσεως</span> <span class='ocrx_word' id='word_1_147' title='bbox 370 1118 416 1143; x_wconf 79' lang='grc' dir='ltr'><strong>καὶ</strong></span> <span class='ocrx_word' id='word_1_148' title='bbox 435 1116 504 1143; x_wconf 78' lang='grc' dir='ltr'>Θεοῦ</span> <span class='ocrx_word' id='word_1_149' title='bbox 528 1117 642 1152; x_wconf 75' lang='grc' dir='ltr'>ἀφοϐίας</span> <span class='ocrx_word' id='word_1_150' title='bbox 662 1117 910 1152; x_wconf 76' lang='grc' dir='ltr'>παρακινούμενος,</span> 
     </span>
    </p>
   </div>
   <div class='ocr_carea' id='block_1_23' title="bbox 118 1163 911 1199">
    <p class='ocr_par' dir='ltr' id='par_1_23' title="bbox 118 1163 911 1199">
     <span class='ocr_line' id='line_1_23' title="bbox 118 1163 911 1199; baseline -0.001 -9"><span class='ocrx_word' id='word_1_151' title='bbox 118 1164 160 1196; x_wconf 73' lang='grc' dir='ltr'><strong>είς</strong></span> <span class='ocrx_word' id='word_1_152' title='bbox 173 1163 316 1198; x_wconf 83' lang='grc' dir='ltr'>ἐπιορκίαν</span> <span class='ocrx_word' id='word_1_153' title='bbox 333 1163 433 1189; x_wconf 75' lang='grc' dir='ltr'>ἐπίπαν</span> <span class='ocrx_word' id='word_1_154' title='bbox 445 1163 622 1199; x_wconf 82' lang='grc' dir='ltr'>ὑποφέρεται,</span> <span class='ocrx_word' id='word_1_155' title='bbox 639 1163 685 1189; x_wconf 71' lang='grc' dir='ltr'><strong>καὶ</strong></span> <span class='ocrx_word' id='word_1_156' title='bbox 700 1163 786 1195; x_wconf 77' lang='grc' dir='ltr'>οὕτως</span> <span class='ocrx_word' id='word_1_157' title='bbox 801 1163 815 1189; x_wconf 86' lang='grc' dir='ltr'><strong>ό</strong></span> <span class='ocrx_word' id='word_1_158' title='bbox 829 1163 911 1198; x_wconf 80' lang='grc' dir='ltr'>ὅρκος</span> 
     </span>
    </p>
   </div>
   <div class='ocr_carea' id='block_1_24' title="bbox 119 1206 912 1244">
    <p class='ocr_par' dir='ltr' id='par_1_24' title="bbox 119 1206 912 1244">
     <span class='ocr_line' id='line_1_24' title="bbox 119 1206 912 1244; baseline -0.001 -9"><span class='ocrx_word' id='word_1_159' title='bbox 119 1208 265 1244; x_wconf 79' lang='grc' dir='ltr'>ἐπιορκίας</span> <span class='ocrx_word' id='word_1_160' title='bbox 280 1208 385 1243; x_wconf 84' lang='grc' dir='ltr'>γίνεται</span> <span class='ocrx_word' id='word_1_161' title='bbox 409 1209 511 1243; x_wconf 80' lang='grc' dir='ltr'>πατήρ.</span> <span class='ocrx_word' id='word_1_162' title='bbox 535 1208 563 1234; x_wconf 86' lang='lat'>&#39;0</span> <span class='ocrx_word' id='word_1_163' title='bbox 578 1209 627 1244; x_wconf 77' lang='grc' dir='ltr'><strong>μὲν</strong></span> <span class='ocrx_word' id='word_1_164' title='bbox 641 1206 687 1234; x_wconf 81' lang='grc' dir='ltr'><strong>οὖν</strong></span> <span class='ocrx_word' id='word_1_165' title='bbox 699 1208 814 1239; x_wconf 80' lang='grc' dir='ltr'>παλαιὸς</span> <span class='ocrx_word' id='word_1_166' title='bbox 831 1208 912 1243; x_wconf 78' lang='grc' dir='ltr'>νόμος</span> 
     </span>
    </p>
   </div>
   <div class='ocr_carea' id='block_1_25' title="bbox 119 1253 912 1290">
    <p class='ocr_par' dir='ltr' id='par_1_25' title="bbox 119 1253 912 1290">
     <span class='ocr_line' id='line_1_25' title="bbox 119 1253 912 1290; baseline -0.001 -10"><span class='ocrx_word' id='word_1_167' title='bbox 119 1254 310 1290; x_wconf 79' lang='grc' dir='ltr'>ἀτελεστέροις</span> <span class='ocrx_word' id='word_1_168' title='bbox 322 1253 582 1290; x_wconf 78' lang='grc' dir='ltr'>προσδιαλεγόμενος</span> <span class='ocrx_word' id='word_1_169' title='bbox 595 1255 623 1280; x_wconf 85' lang='grc' dir='ltr'>ὲν</span> <span class='ocrx_word' id='word_1_170' title='bbox 637 1253 706 1284; x_wconf 81' lang='grc' dir='ltr'>θεοῖς</span> <span class='ocrx_word' id='word_1_171' title='bbox 717 1254 764 1280; x_wconf 76' lang='grc' dir='ltr'><strong>καὶ</strong></span> <span class='ocrx_word' id='word_1_172' title='bbox 775 1253 912 1288; x_wconf 73' lang='grc' dir='ltr'>δαίμοσιν,</span> 
     </span>
    </p>
   </div>
   <div class='ocr_carea' id='block_1_26' title="bbox 121 1298 914 1336">
    <p class='ocr_par' dir='ltr' id='par_1_26' title="bbox 121 1298 914 1336">
     <span class='ocr_line' id='line_1_26' title="bbox 121 1298 914 1336; baseline -0.003 -10"><span class='ocrx_word' id='word_1_173' title='bbox 121 1298 164 1332; x_wconf 75' lang='grc' dir='ltr'>οἷς</span> <span class='ocrx_word' id='word_1_174' title='bbox 173 1300 330 1335; x_wconf 78' lang='grc' dir='ltr'>ὲλάτρευον,</span> <span class='ocrx_word' id='word_1_175' title='bbox 343 1299 453 1336; x_wconf 80' lang='grc' dir='ltr'>ὀμνύειν</span> <span class='ocrx_word' id='word_1_176' title='bbox 464 1299 638 1333; x_wconf 78' lang='grc' dir='ltr'>εἰθισμένοις,</span> <span class='ocrx_word' id='word_1_177' title='bbox 649 1299 742 1334; x_wconf 83' lang='grc' dir='ltr'>ὥσπερ</span> <span class='ocrx_word' id='word_1_178' title='bbox 751 1299 799 1330; x_wconf 71' lang='grc' dir='ltr'>τὰς</span> <span class='ocrx_word' id='word_1_179' title='bbox 813 1298 914 1330; x_wconf 77' lang='grc' dir='ltr'>ζωοθυο</span> 
     </span>
    </p>
   </div>
   <div class='ocr_carea' id='block_1_27' title="bbox 122 1343 916 1381">
    <p class='ocr_par' dir='ltr' id='par_1_27' title="bbox 122 1343 916 1381">
     <span class='ocr_line' id='line_1_27' title="bbox 122 1343 916 1381; baseline -0.004 -8"><span class='ocrx_word' id='word_1_180' title='bbox 122 1347 183 1378; x_wconf 76' lang='grc' dir='ltr'>σίας</span> <span class='ocrx_word' id='word_1_181' title='bbox 205 1347 245 1378; x_wconf 88' lang='grc' dir='ltr'><strong>είς</strong></span> <span class='ocrx_word' id='word_1_182' title='bbox 259 1346 354 1372; x_wconf 75' lang='grc' dir='ltr'>ἑαυτὸν</span> <span class='ocrx_word' id='word_1_183' title='bbox 376 1345 491 1381; x_wconf 81' lang='grc' dir='ltr'>μεθιστᾷ</span> <span class='ocrx_word' id='word_1_184' title='bbox 503 1345 551 1377; x_wconf 75' lang='grc' dir='ltr'><strong>τὰς</strong></span> <span class='ocrx_word' id='word_1_185' title='bbox 573 1345 794 1379; x_wconf 84' lang='grc' dir='ltr'>εἰδωλολατρείας</span> <span class='ocrx_word' id='word_1_186' title='bbox 821 1343 916 1370; x_wconf 77' lang='grc' dir='ltr'>ἐπικό-</span> 
     </span>
    </p>
   </div>
   <div class='ocr_carea' id='block_1_28' title="bbox 122 1381 915 1426">
    <p class='ocr_par' dir='ltr' id='par_1_28' title="bbox 122 1381 915 1426">
     <span class='ocr_line' id='line_1_28' title="bbox 122 1381 915 1426; baseline -0.004 -8"><span class='ocrx_word' id='word_1_187' title='bbox 122 1401 209 1424; x_wconf 75' lang='grc' dir='ltr'>πτων,</span> <span class='ocrx_word' id='word_1_188' title='bbox 222 1381 294 1418; x_wconf 71' lang='grc' dir='ltr'>οὕτω</span> <span class='ocrx_word' id='word_1_189' title='bbox 307 1392 354 1417; x_wconf 77' lang='grc' dir='ltr'>καὶ</span> <span class='ocrx_word' id='word_1_190' title='bbox 368 1392 429 1423; x_wconf 81' lang='grc' dir='ltr'>τοὺς</span> <span class='ocrx_word' id='word_1_191' title='bbox 447 1392 555 1426; x_wconf 82' lang='grc' dir='ltr'>ὅρκους,</span> <span class='ocrx_word' id='word_1_192' title='bbox 568 1390 660 1426; x_wconf 79' lang='grc' dir='ltr'>ἐπειδὴ</span> <span class='ocrx_word' id='word_1_193' title='bbox 669 1389 795 1424; x_wconf 77' lang='grc' dir='ltr'>καθάπαξ</span> <span class='ocrx_word' id='word_1_194' title='bbox 811 1389 915 1416; x_wconf 80' lang='grc' dir='ltr'>ἀνελεῖν</span> 
     </span>
    </p>
   </div>
   <div class='ocr_carea' id='block_1_29' title="bbox 121 1435 916 1475">
    <p class='ocr_par' dir='ltr' id='par_1_29' title="bbox 121 1435 916 1475">
     <span class='ocr_line' id='line_1_29' title="bbox 121 1435 916 1475; baseline -0.004 -11"><span class='ocrx_word' id='word_1_195' title='bbox 121 1439 173 1465; x_wconf 69' lang='grc' dir='ltr'>οὐκ</span> <span class='ocrx_word' id='word_1_196' title='bbox 191 1436 247 1473; x_wconf 75' lang='grc' dir='ltr'>εἶχε</span> <span class='ocrx_word' id='word_1_197' title='bbox 271 1438 376 1475; x_wconf 74' lang='grc' dir='ltr'><strong>καιρὸν⁷</strong></span> <span class='ocrx_word' id='word_1_198' title='bbox 388 1437 512 1472; x_wconf 83' lang='grc' dir='ltr'>μετάγων</span> <span class='ocrx_word' id='word_1_199' title='bbox 533 1437 572 1468; x_wconf 85' lang='grc' dir='ltr'><strong>είς</strong></span> <span class='ocrx_word' id='word_1_200' title='bbox 589 1437 634 1463; x_wconf 84' lang='grc' dir='ltr'><strong>τὸν</strong></span> <span class='ocrx_word' id='word_1_201' title='bbox 651 1436 772 1468; x_wconf 66' lang='grc' dir='ltr'>Θεὺννείς</span> <span class='ocrx_word' id='word_1_202' title='bbox 789 1435 916 1471; x_wconf 83' lang='grc' dir='ltr'>εὐορκίαν</span> 
     </span>
    </p>
   </div>
   <div class='ocr_carea' id='block_1_30' title="bbox 122 1480 915 1519">
    <p class='ocr_par' dir='ltr' id='par_1_30' title="bbox 122 1480 915 1519">
     <span class='ocr_line' id='line_1_30' title="bbox 122 1480 915 1519; baseline -0.006 -8"><span class='ocrx_word' id='word_1_203' title='bbox 122 1484 168 1511; x_wconf 64' lang='grc' dir='ltr'>-ιδν</span> <span class='ocrx_word' id='word_1_204' title='bbox 183 1484 264 1518; x_wconf 80' lang='grc' dir='ltr'>ὅρκον</span> <span class='ocrx_word' id='word_1_205' title='bbox 281 1483 453 1519; x_wconf 76' lang='grc' dir='ltr'>περιίστησιν</span> <span class='ocrx_word' id='word_1_206' title='bbox 464 1490 472 1497; x_wconf 81' lang='grc'><em>”</em></span> <span class='ocrx_word' id='word_1_207' title='bbox 489 1482 625 1516; x_wconf 77' lang='grc' dir='ltr'>εὐκαίρως</span> <span class='ocrx_word' id='word_1_208' title='bbox 639 1482 667 1508; x_wconf 78' lang='grc' dir='ltr'><strong>δὲ</strong></span> <span class='ocrx_word' id='word_1_209' title='bbox 689 1482 705 1517; x_wconf 83' lang='grc' dir='ltr'><strong>ἡ</strong></span> <span class='ocrx_word' id='word_1_210' title='bbox 721 1481 802 1516; x_wconf 83' lang='grc' dir='ltr'>χάρις</span> <span class='ocrx_word' id='word_1_211' title='bbox 825 1480 915 1516; x_wconf 84' lang='grc' dir='ltr'><strong>Ἰησοῦ</strong></span> 
     </span>
    </p>
   </div>
   <div class='ocr_carea' id='block_1_31' title="bbox 123 1524 914 1566">
    <p class='ocr_par' dir='ltr' id='par_1_31' title="bbox 123 1524 914 1566">
     <span class='ocr_line' id='line_1_31' title="bbox 123 1524 914 1566; baseline -0.004 -13"><span class='ocrx_word' id='word_1_212' title='bbox 123 1526 244 1562; x_wconf 71' lang='grc' dir='ltr'>Χριστοῦ</span> <span class='ocrx_word' id='word_1_213' title='bbox 255 1547 262 1557; x_wconf 87' lang='grc'><strong><em>.</em></strong></span> <span class='ocrx_word' id='word_1_214' title='bbox 283 1526 320 1558; x_wconf 82' lang='grc' dir='ltr'>ὠς</span> <span class='ocrx_word' id='word_1_215' title='bbox 336 1527 350 1553; x_wconf 88' lang='grc' dir='ltr'><strong>ὀ</strong></span> <span class='ocrx_word' id='word_1_216' title='bbox 362 1526 437 1561; x_wconf 76' lang='grc' dir='ltr'>ἣλιος</span> <span class='ocrx_word' id='word_1_217' title='bbox 452 1524 679 1558; x_wconf 79' lang='grc' dir='ltr'>ὲξανατέλλουσα,</span> <span class='ocrx_word' id='word_1_218' title='bbox 702 1525 750 1552; x_wconf 78' lang='grc' dir='ltr'>καὶ</span> <span class='ocrx_word' id='word_1_219' title='bbox 765 1524 804 1560; x_wconf 85' lang='grc' dir='ltr'><strong>τῷ</strong></span> <span class='ocrx_word' id='word_1_220' title='bbox 821 1525 914 1566; x_wconf 43' lang='grc' dir='ltr'>,ὑπερ-</span> 
     </span>
    </p>
   </div>
   <div class='ocr_carea' id='block_1_32' title="bbox 124 1570 913 1606">
    <p class='ocr_par' dir='ltr' id='par_1_32' title="bbox 124 1570 913 1606">
     <span class='ocr_line' id='line_1_32' title="bbox 124 1570 913 1606; baseline -0.003 -8"><span class='ocrx_word' id='word_1_221' title='bbox 124 1573 251 1600; x_wconf 70' lang='grc' dir='ltr'>ϐάλλοντι</span> <span class='ocrx_word' id='word_1_222' title='bbox 272 1571 323 1606; x_wconf 84' lang='grc' dir='ltr'>τῆς</span> <span class='ocrx_word' id='word_1_223' title='bbox 338 1571 467 1606; x_wconf 82' lang='grc' dir='ltr'>ἀληθείας</span> <span class='ocrx_word' id='word_1_224' title='bbox 484 1571 582 1605; x_wconf 82' lang='grc' dir='ltr'>φέγγει</span> <span class='ocrx_word' id='word_1_225' title='bbox 597 1571 642 1597; x_wconf 76' lang='grc' dir='ltr'><strong>τὸν</strong></span> <span class='ocrx_word' id='word_1_226' title='bbox 655 1570 751 1606; x_wconf 82' lang='grc' dir='ltr'>λύχνον</span> <span class='ocrx_word' id='word_1_227' title='bbox 766 1570 812 1597; x_wconf 84' lang='grc' dir='ltr'>τοῦ</span> <span class='ocrx_word' id='word_1_228' title='bbox 831 1570 913 1605; x_wconf 75' lang='grc' dir='ltr'>νόμου</span> 
     </span>
    </p>
   </div>
   <div class='ocr_carea' id='block_1_33' title="bbox 125 1616 917 1654">
    <p class='ocr_par' dir='ltr' id='par_1_33' title="bbox 125 1616 917 1654">
     <span class='ocr_line' id='line_1_33' title="bbox 125 1616 917 1654; baseline -0.004 -9"><span class='ocrx_word' id='word_1_229' title='bbox 125 1617 304 1654; x_wconf 72' lang='grc' dir='ltr'>καταργοῦσα</span> <span class='ocrx_word' id='word_1_230' title='bbox 322 1618 350 1643; x_wconf 84' lang='grc' dir='ltr'>ἓν</span> <span class='ocrx_word' id='word_1_231' title='bbox 376 1626 405 1644; x_wconf 81' lang='grc' dir='ltr'><strong>τε</strong></span> <span class='ocrx_word' id='word_1_232' title='bbox 429 1619 486 1650; x_wconf 84' lang='grc' dir='ltr'>τοῖς</span> <span class='ocrx_word' id='word_1_233' title='bbox 503 1617 657 1653; x_wconf 84' lang='grc' dir='ltr'>θεαρχικοῖς</span> <span class='ocrx_word' id='word_1_234' title='bbox 675 1616 868 1651; x_wconf 82' lang='grc' dir='ltr'>Εὑαγγελίοις,</span> <span class='ocrx_word' id='word_1_235' title='bbox 888 1616 917 1642; x_wconf 76' lang='grc' dir='ltr'>ἓν</span> 
     </span>
    </p>
   </div>
   <div class='ocr_carea' id='block_1_34' title="bbox 124 1662 917 1699">
    <p class='ocr_par' dir='ltr' id='par_1_34' title="bbox 124 1662 917 1699">
     <span class='ocr_line' id='line_1_34' title="bbox 124 1662 917 1699; baseline -0.003 -9"><span class='ocrx_word' id='word_1_236' title='bbox 124 1674 155 1693; x_wconf 79' lang='grc' dir='ltr'><strong>τε</strong></span> <span class='ocrx_word' id='word_1_237' title='bbox 174 1666 232 1696; x_wconf 86' lang='grc' dir='ltr'>τοῖς</span> <span class='ocrx_word' id='word_1_238' title='bbox 249 1664 440 1698; x_wconf 75' lang='grc' dir='ltr'>εὐαγγελικοῖς</span> <span class='ocrx_word' id='word_1_239' title='bbox 468 1664 643 1699; x_wconf 79' lang='grc' dir='ltr'>ἱεροφάνταις</span> <span class='ocrx_word' id='word_1_240' title='bbox 656 1683 662 1694; x_wconf 85' lang='grc'><em>,</em></span> <span class='ocrx_word' id='word_1_241' title='bbox 685 1663 781 1698; x_wconf 77' lang='grc' dir='ltr'>ὥσπερ</span> <span class='ocrx_word' id='word_1_242' title='bbox 802 1662 917 1690; x_wconf 83' lang='grc' dir='ltr'>καθόλου</span> 
     </span>
    </p>
   </div>
   <div class='ocr_carea' id='block_1_35' title="bbox 126 1708 917 1745">
    <p class='ocr_par' dir='ltr' id='par_1_35' title="bbox 126 1708 917 1745">
     <span class='ocr_line' id='line_1_35' title="bbox 126 1708 917 1745; baseline -0.001 -10"><span class='ocrx_word' id='word_1_243' title='bbox 126 1710 279 1743; x_wconf 73' lang='grc' dir='ltr'>ζωοθυσίαν</span> <span class='ocrx_word' id='word_1_244' title='bbox 303 1711 404 1742; x_wconf 79' lang='grc' dir='ltr'>πᾶσαν,</span> <span class='ocrx_word' id='word_1_245' title='bbox 429 1708 501 1736; x_wconf 74' lang='grc' dir='ltr'>οὕτω</span> <span class='ocrx_word' id='word_1_246' title='bbox 521 1709 568 1735; x_wconf 68' lang='grc' dir='ltr'><strong>κα)⁵</strong></span> <span class='ocrx_word' id='word_1_247' title='bbox 590 1710 680 1736; x_wconf 88' lang='grc' dir='ltr'>πάντα</span> <span class='ocrx_word' id='word_1_248' title='bbox 704 1710 785 1745; x_wconf 77' lang='grc' dir='ltr'>ὅρκον</span> <span class='ocrx_word' id='word_1_249' title='bbox 807 1709 917 1743; x_wconf 80' lang='grc' dir='ltr'>φεύγειν</span> 
     </span>
    </p>
   </div>
   <div class='ocr_carea' id='block_1_36' title="bbox 125 1753 918 1791">
    <p class='ocr_par' dir='ltr' id='par_1_36' title="bbox 125 1753 918 1791">
     <span class='ocr_line' id='line_1_36' title="bbox 125 1753 918 1791; baseline -0.003 -8"><span class='ocrx_word' id='word_1_250' title='bbox 125 1757 256 1789; x_wconf 71' lang='grc' dir='ltr'>καθάπαξ</span> <span class='ocrx_word' id='word_1_251' title='bbox 280 1755 477 1791; x_wconf 79' lang='grc' dir='ltr'>παραγγέλλει.</span> <span class='ocrx_word' id='word_1_252' title='bbox 505 1755 566 1787; x_wconf 84' lang='grc' dir='ltr'>Πῶς</span> <span class='ocrx_word' id='word_1_253' title='bbox 589 1753 647 1786; x_wconf 75' lang='grc' dir='ltr'>οὗν,</span> <span class='ocrx_word' id='word_1_254' title='bbox 673 1755 757 1790; x_wconf 79' lang='grc' dir='ltr'>φησὶ,</span> <span class='ocrx_word' id='word_1_255' title='bbox 784 1755 918 1790; x_wconf 80' lang='grc' dir='ltr'>πείσομεν</span> 
     </span>
    </p>
   </div>
   <div class='ocr_carea' id='block_1_37' title="bbox 127 1799 918 1838">
    <p class='ocr_par' dir='ltr' id='par_1_37' title="bbox 127 1799 918 1838">
     <span class='ocr_line' id='line_1_37' title="bbox 127 1799 918 1838; baseline -0.004 -9"><span class='ocrx_word' id='word_1_256' title='bbox 127 1804 191 1834; x_wconf 76' lang='grc' dir='ltr'>τοὺς</span> <span class='ocrx_word' id='word_1_257' title='bbox 210 1803 275 1838; x_wconf 75' lang='grc' dir='ltr'>περὶ</span> <span class='ocrx_word' id='word_1_258' title='bbox 295 1799 332 1829; x_wconf 84' lang='grc' dir='ltr'>ὧν</span> <span class='ocrx_word' id='word_1_259' title='bbox 354 1801 488 1837; x_wconf 77' lang='grc' dir='ltr'>λαλοῦμεν</span> <span class='ocrx_word' id='word_1_260' title='bbox 508 1801 746 1835; x_wconf 65' lang='grc' dir='ltr'>ἀμφιϐάλλονταςς</span> <span class='ocrx_word' id='word_1_261' title='bbox 768 1801 847 1836; x_wconf 82' lang='grc' dir='ltr'><strong>Λόγῳ</strong></span> <span class='ocrx_word' id='word_1_262' title='bbox 869 1801 918 1836; x_wconf 83' lang='grc' dir='ltr'><strong>μὲν</strong></span> 
     </span>
    </p>
   </div>
   <div class='ocr_carea' id='block_1_38' title="bbox 126 1845 918 1884">
    <p class='ocr_par' dir='ltr' id='par_1_38' title="bbox 126 1845 918 1884">
     <span class='ocr_line' id='line_1_38' title="bbox 126 1845 918 1884; baseline -0.004 -9"><span class='ocrx_word' id='word_1_263' title='bbox 126 1849 206 1884; x_wconf 69' lang='grc' dir='ltr'>δῆλον</span> <span class='ocrx_word' id='word_1_264' title='bbox 220 1849 261 1874; x_wconf 84' lang='grc' dir='ltr'>ὅτι</span> <span class='ocrx_word' id='word_1_265' title='bbox 275 1847 518 1882; x_wconf 75' lang='grc' dir='ltr'>διαϐεϐαιούμενοι,</span> <span class='ocrx_word' id='word_1_266' title='bbox 534 1846 580 1873; x_wconf 77' lang='grc' dir='ltr'>καὶ</span> <span class='ocrx_word' id='word_1_267' title='bbox 594 1846 632 1882; x_wconf 83' lang='grc' dir='ltr'><strong>τῷ</strong></span> <span class='ocrx_word' id='word_1_268' title='bbox 643 1846 737 1881; x_wconf 81' lang='grc' dir='ltr'>τρόπῳ</span> <span class='ocrx_word' id='word_1_269' title='bbox 750 1845 778 1872; x_wconf 85' lang='grc' dir='ltr'><strong>δὲ</strong></span> <span class='ocrx_word' id='word_1_270' title='bbox 791 1846 842 1880; x_wconf 80' lang='grc' dir='ltr'>τῆς</span> <span class='ocrx_word' id='word_1_271' title='bbox 857 1845 918 1872; x_wconf 78' lang='grc' dir='ltr'>κατ’</span> 
     </span>
    </p>
   </div>
   <div class='ocr_carea' id='block_1_39' title="bbox 127 1891 919 1931">
    <p class='ocr_par' dir='ltr' id='par_1_39' title="bbox 127 1891 919 1931">
     <span class='ocr_line' id='line_1_39' title="bbox 127 1891 919 1931; baseline -0.006 -10"><span class='ocrx_word' id='word_1_272' title='bbox 127 1896 231 1931; x_wconf 75' lang='grc' dir='ltr'>ἀρετὴν</span> <span class='ocrx_word' id='word_1_273' title='bbox 249 1894 368 1930; x_wconf 75' lang='grc' dir='ltr'>βιώσεως</span> <span class='ocrx_word' id='word_1_274' title='bbox 384 1894 432 1920; x_wconf 75' lang='grc' dir='ltr'>καὶ</span> <span class='ocrx_word' id='word_1_275' title='bbox 445 1892 626 1928; x_wconf 83' lang='grc' dir='ltr'>ἀληθευτικῆς</span> <span class='ocrx_word' id='word_1_276' title='bbox 641 1892 725 1924; x_wconf 73' lang='grc' dir='ltr'>ἕξεως</span> <span class='ocrx_word' id='word_1_277' title='bbox 746 1891 919 1926; x_wconf 83' lang='grc' dir='ltr'>πιστουμένῳ</span> 
     </span>
    </p>
   </div>
   <div class='ocr_carea' id='block_1_40' title="bbox 128 1937 920 1975">
    <p class='ocr_par' dir='ltr' id='par_1_40' title="bbox 128 1937 920 1975">
     <span class='ocr_line' id='line_1_40' title="bbox 128 1937 920 1975; baseline -0.009 -7"><span class='ocrx_word' id='word_1_278' title='bbox 128 1941 179 1969; x_wconf 77' lang='grc' dir='ltr'><strong>τοῦ</strong></span> <span class='ocrx_word' id='word_1_279' title='bbox 197 1940 278 1975; x_wconf 79' lang='grc' dir='ltr'>λόγου</span> <span class='ocrx_word' id='word_1_280' title='bbox 293 1940 341 1975; x_wconf 80' lang='grc' dir='ltr'><strong>τὴν</strong></span> <span class='ocrx_word' id='word_1_281' title='bbox 355 1938 511 1975; x_wconf 76' lang='grc' dir='ltr'>ἀκρίϐειαν,</span> <span class='ocrx_word' id='word_1_282' title='bbox 527 1938 643 1973; x_wconf 80' lang='grc' dir='ltr'>ἑτοίμως</span> <span class='ocrx_word' id='word_1_283' title='bbox 656 1937 786 1972; x_wconf 77' lang='grc' dir='ltr'>ὲνάξομεν</span> <span class='ocrx_word' id='word_1_284' title='bbox 804 1937 843 1968; x_wconf 84' lang='grc' dir='ltr'><strong>είς</strong></span> <span class='ocrx_word' id='word_1_285' title='bbox 857 1944 920 1970; x_wconf 88' lang='grc' dir='ltr'>συγ-</span> 
     </span>
    </p>
   </div>
   <div class='ocr_carea' id='block_1_41' title="bbox 130 1981 921 2020">
    <p class='ocr_par' dir='ltr' id='par_1_41' title="bbox 130 1981 921 2020">
     <span class='ocr_line' id='line_1_41' title="bbox 130 1981 921 2020; baseline -0.009 -6"><span class='ocrx_word' id='word_1_286' title='bbox 130 1987 294 2014; x_wconf 72' lang='grc' dir='ltr'>κατάθεσιν·</span> <span class='ocrx_word' id='word_1_287' title='bbox 310 1986 352 2018; x_wconf 87' lang='grc' dir='ltr'><strong>τίς</strong></span> <span class='ocrx_word' id='word_1_288' title='bbox 370 1985 425 2020; x_wconf 84' lang='grc' dir='ltr'>γὰρ</span> <span class='ocrx_word' id='word_1_289' title='bbox 437 1984 515 2019; x_wconf 85' lang='grc' dir='ltr'>λόγον</span> <span class='ocrx_word' id='word_1_290' title='bbox 532 1983 596 2019; x_wconf 81' lang='grc' dir='ltr'>παρ’</span> <span class='ocrx_word' id='word_1_291' title='bbox 609 1983 705 2018; x_wconf 81' lang='grc' dir='ltr'>ἀνδρὸς</span> <span class='ocrx_word' id='word_1_292' title='bbox 721 1982 839 2014; x_wconf 82' lang='grc' dir='ltr'>ἁκούων,</span> <span class='ocrx_word' id='word_1_293' title='bbox 856 1981 921 2017; x_wconf 61' lang='grc' dir='ltr'>ἀλή.</span> 
     </span>
    </p>
   </div>
   <div class='ocr_carea' id='block_1_42' title="bbox 129 2027 919 2063">
    <p class='ocr_par' dir='ltr' id='par_1_42' title="bbox 129 2027 919 2063">
     <span class='ocr_line' id='line_1_42' title="bbox 129 2027 919 2063; baseline -0.009 -3"><span class='ocrx_word' id='word_1_294' title='bbox 129 2034 207 2060; x_wconf 86' lang='grc' dir='ltr'>θειαν</span> <span class='ocrx_word' id='word_1_295' title='bbox 235 2033 279 2059; x_wconf 72' lang='grc' dir='ltr'><strong>ἀεὶ</strong></span> <span class='ocrx_word' id='word_1_296' title='bbox 302 2031 440 2063; x_wconf 82' lang='grc' dir='ltr'>ποιοῦντος</span> <span class='ocrx_word' id='word_1_297' title='bbox 463 2031 510 2058; x_wconf 71' lang='grc' dir='ltr'>καὶ</span> <span class='ocrx_word' id='word_1_298' title='bbox 537 2029 682 2060; x_wconf 79' lang='grc' dir='ltr'>λαλοῦντος</span> <span class='ocrx_word' id='word_1_299' title='bbox 696 2049 704 2060; x_wconf 86' lang='grc'><em>,</em></span> <span class='ocrx_word' id='word_1_300' title='bbox 728 2028 880 2061; x_wconf 82' lang='grc' dir='ltr'>ἀντιλέγειν</span> <span class='ocrx_word' id='word_1_301' title='bbox 903 2027 919 2063; x_wconf 81' lang='grc' dir='ltr'>ἢ</span> 
     </span>
    </p>
   </div>
   <div class='ocr_carea' id='block_1_43' title="bbox 129 2073 922 2114">
    <p class='ocr_par' dir='ltr' id='par_1_43' title="bbox 129 2073 922 2114">
     <span class='ocr_line' id='line_1_43' title="bbox 129 2073 922 2114; baseline -0.009 -8"><span class='ocrx_word' id='word_1_302' title='bbox 129 2081 257 2107; x_wconf 79' lang='grc' dir='ltr'>ἀπιστεῖν</span> <span class='ocrx_word' id='word_1_303' title='bbox 275 2078 352 2114; x_wconf 75' lang='grc' dir='ltr'>ἐχοι;</span> <span class='ocrx_word' id='word_1_304' title='bbox 370 2078 426 2105; x_wconf 76' lang='grc' dir='ltr'>Καὶ</span> <span class='ocrx_word' id='word_1_305' title='bbox 438 2077 493 2113; x_wconf 81' lang='grc' dir='ltr'>γὰρ</span> <span class='ocrx_word' id='word_1_306' title='bbox 515 2073 537 2110; x_wconf 83' lang='grc' dir='ltr'>ᾧ</span> <span class='ocrx_word' id='word_1_307' title='bbox 558 2074 722 2111; x_wconf 74' lang='grc' dir='ltr'>φιλοψευδὴς</span> <span class='ocrx_word' id='word_1_308' title='bbox 735 2076 749 2101; x_wconf 88' lang='grc'>6</span> <span class='ocrx_word' id='word_1_309' title='bbox 761 2074 861 2110; x_wconf 88' lang='grc' dir='ltr'>τρόπος</span> <span class='ocrx_word' id='word_1_310' title='bbox 874 2075 922 2099; x_wconf 81' lang='grc' dir='ltr'>καὶ</span> 
     </span>
    </p>
   </div>
   <div class='ocr_carea' id='block_1_44' title="bbox 131 2117 921 2162">
    <p class='ocr_par' dir='ltr' id='par_1_44' title="bbox 131 2117 921 2162">
     <span class='ocr_line' id='line_1_44' title="bbox 131 2117 921 2162; baseline -0.011 -10"><span class='ocrx_word' id='word_1_311' title='bbox 131 2126 353 2162; x_wconf 75' lang='grc' dir='ltr'>φιλαμαρτήμων</span> <span class='ocrx_word' id='word_1_312' title='bbox 377 2124 437 2155; x_wconf 84' lang='grc' dir='ltr'>ὅλος</span> <span class='ocrx_word' id='word_1_313' title='bbox 450 2124 464 2150; x_wconf 85' lang='grc' dir='ltr'><strong>ὁ</strong></span> <span class='ocrx_word' id='word_1_314' title='bbox 487 2123 543 2158; x_wconf 85' lang='grc' dir='ltr'>βίος</span> <span class='ocrx_word' id='word_1_315' title='bbox 559 2121 743 2157; x_wconf 75' lang='grc' dir='ltr'>χρηματίζει,</span> <span class='ocrx_word' id='word_1_316' title='bbox 761 2118 849 2153; x_wconf 85' lang='grc' dir='ltr'>τούτῳ</span> <span class='ocrx_word' id='word_1_317' title='bbox 866 2117 921 2144; x_wconf 79' lang='grc' dir='ltr'><strong>οὐδ’</strong></span> 
     </span>
    </p>
   </div>
   <div class='ocr_carea' id='block_1_45' title="bbox 130 2162 923 2208">
    <p class='ocr_par' dir='ltr' id='par_1_45' title="bbox 130 2162 923 2208">
     <span class='ocr_line' id='line_1_45' title="bbox 130 2162 923 2208; baseline -0.011 -9"><span class='ocrx_word' id='word_1_318' title='bbox 130 2173 264 2208; x_wconf 74' lang='grc' dir='ltr'>ὀμνύοντι</span> <span class='ocrx_word' id='word_1_319' title='bbox 280 2172 344 2207; x_wconf 76' lang='grc' dir='ltr'>ῥᾷον</span> <span class='ocrx_word' id='word_1_320' title='bbox 360 2170 393 2197; x_wconf 76' lang='grc' dir='ltr'><strong>ἀν</strong></span> <span class='ocrx_word' id='word_1_321' title='bbox 407 2179 449 2201; x_wconf 86' lang='grc' dir='ltr'><strong>τις</strong></span> <span class='ocrx_word' id='word_1_322' title='bbox 469 2168 648 2205; x_wconf 84' lang='grc' dir='ltr'>ὲμπιστεύσαι</span> <span class='ocrx_word' id='word_1_323' title='bbox 658 2176 666 2184; x_wconf 75' lang='grc'><em>’</em></span> <span class='ocrx_word' id='word_1_324' title='bbox 680 2162 757 2198; x_wconf 75' lang='grc' dir='ltr'>οὗτος</span> <span class='ocrx_word' id='word_1_325' title='bbox 772 2165 820 2192; x_wconf 80' lang='grc' dir='ltr'>καὶ</span> <span class='ocrx_word' id='word_1_326' title='bbox 842 2166 923 2199; x_wconf 86' lang='grc' dir='ltr'>ἀρνη-</span> 
     </span>
    </p>
   </div>
   <div class='ocr_carea' id='block_1_46' title="bbox 129 2209 922 2254">
    <p class='ocr_par' dir='ltr' id='par_1_46' title="bbox 129 2209 922 2254">
     <span class='ocr_line' id='line_1_46' title="bbox 129 2209 922 2254; baseline -0.005 -9"><span class='ocrx_word' id='word_1_327' title='bbox 129 2221 181 2254; x_wconf 78' lang='grc' dir='ltr'>τής</span> <span class='ocrx_word' id='word_1_328' title='bbox 194 2219 253 2245; x_wconf 68' lang='grc' dir='ltr'>ἐστι</span> <span class='ocrx_word' id='word_1_329' title='bbox 270 2217 317 2244; x_wconf 80' lang='grc' dir='ltr'>καὶ</span> <span class='ocrx_word' id='word_1_330' title='bbox 329 2217 484 2252; x_wconf 77' lang='grc' dir='ltr'>ἑμπαίκτης</span> <span class='ocrx_word' id='word_1_331' title='bbox 499 2214 567 2242; x_wconf 87' lang='grc' dir='ltr'><strong>Θεοῦ</strong></span> <span class='ocrx_word' id='word_1_332' title='bbox 585 2213 633 2240; x_wconf 79' lang='grc' dir='ltr'><strong>καὶ</strong></span> <span class='ocrx_word' id='word_1_333' title='bbox 648 2209 922 2247; x_wconf 69' lang='grc' dir='ltr'>καταφρονητὴς,καὶ</span> 
     </span>
    </p>
   </div>
   <div class='ocr_carea' id='block_1_47' title="bbox 131 2256 922 2300">
    <p class='ocr_par' dir='ltr' id='par_1_47' title="bbox 131 2256 922 2300">
     <span class='ocr_line' id='line_1_47' title="bbox 131 2256 922 2300; baseline -0.014 -8"><span class='ocrx_word' id='word_1_334' title='bbox 131 2267 183 2300; x_wconf 84' lang='grc' dir='ltr'>τῆς</span> <span class='ocrx_word' id='word_1_335' title='bbox 204 2265 345 2300; x_wconf 83' lang='grc' dir='ltr'>ἀρνήσεως</span> <span class='ocrx_word' id='word_1_336' title='bbox 361 2263 472 2298; x_wconf 79' lang='grc' dir='ltr'>ἐλεγχος</span> <span class='ocrx_word' id='word_1_337' title='bbox 487 2263 504 2296; x_wconf 89' lang='grc' dir='ltr'>ἠ</span> <span class='ocrx_word' id='word_1_338' title='bbox 521 2260 679 2296; x_wconf 84' lang='grc' dir='ltr'>ψευδορκία.</span> <span class='ocrx_word' id='word_1_339' title='bbox 700 2259 747 2289; x_wconf 81' lang='grc' dir='ltr'><strong>Εἰς</strong></span> <span class='ocrx_word' id='word_1_340' title='bbox 762 2257 789 2283; x_wconf 91' lang='grc' dir='ltr'><strong>τί</strong></span> <span class='ocrx_word' id='word_1_341' title='bbox 803 2256 858 2292; x_wconf 79' lang='grc' dir='ltr'>γάρ</span> <span class='ocrx_word' id='word_1_342' title='bbox 881 2264 922 2282; x_wconf 89' lang='grc' dir='ltr'><strong>σοι</strong></span> 
     </span>
    </p>
   </div>
   <div class='ocr_carea' id='block_1_48' title="bbox 131 2303 923 2346">
    <p class='ocr_par' dir='ltr' id='par_1_48' title="bbox 131 2303 923 2346">
     <span class='ocr_line' id='line_1_48' title="bbox 131 2303 923 2346; baseline -0.013 -8"><span class='ocrx_word' id='word_1_343' title='bbox 131 2311 250 2346; x_wconf 71' lang='grc' dir='ltr'>ὀμνύναι</span> <span class='ocrx_word' id='word_1_344' title='bbox 260 2311 306 2336; x_wconf 78' lang='grc' dir='ltr'><strong>τὸν</strong></span> <span class='ocrx_word' id='word_1_345' title='bbox 322 2310 389 2336; x_wconf 77' lang='grc' dir='ltr'>Θεὸν</span> <span class='ocrx_word' id='word_1_346' title='bbox 397 2309 446 2335; x_wconf 67' lang='grc' dir='ltr'><strong>καὶ</strong></span> <span class='ocrx_word' id='word_1_347' title='bbox 457 2308 487 2334; x_wconf 81' lang='grc' dir='ltr'>τὸ</span> <span class='ocrx_word' id='word_1_348' title='bbox 501 2307 614 2342; x_wconf 79' lang='grc' dir='ltr'>φοϐερὸν</span> <span class='ocrx_word' id='word_1_349' title='bbox 628 2306 712 2340; x_wconf 76' lang='grc' dir='ltr'>ὗνομα</span> <span class='ocrx_word' id='word_1_350' title='bbox 723 2304 771 2331; x_wconf 79' lang='grc' dir='ltr'>καὶ</span> <span class='ocrx_word' id='word_1_351' title='bbox 785 2303 923 2338; x_wconf 79' lang='grc' dir='ltr'>οὐρανίοις</span> 
     </span>
    </p>
   </div>
   <div class='ocr_carea' id='block_1_49' title="bbox 132 2349 922 2390">
    <p class='ocr_par' dir='ltr' id='par_1_49' title="bbox 132 2349 922 2390">
     <span class='ocr_line' id='line_1_49' title="bbox 132 2349 922 2390; baseline -0.014 -5"><span class='ocrx_word' id='word_1_352' title='bbox 132 2359 221 2386; x_wconf 68' lang='grc' dir='ltr'>ἅπασι</span> <span class='ocrx_word' id='word_1_353' title='bbox 243 2357 314 2388; x_wconf 84' lang='grc' dir='ltr'>νόοις</span> <span class='ocrx_word' id='word_1_354' title='bbox 340 2354 560 2390; x_wconf 74' lang='grc' dir='ltr'>φρικωδέπατόν</span> <span class='ocrx_word' id='word_1_355' title='bbox 579 2361 609 2379; x_wconf 80' lang='grc' dir='ltr'><strong>τε</strong></span> <span class='ocrx_word' id='word_1_356' title='bbox 629 2352 677 2379; x_wconf 77' lang='grc' dir='ltr'><strong>καὶ</strong></span> <span class='ocrx_word' id='word_1_357' title='bbox 697 2349 922 2384; x_wconf 76' lang='grc' dir='ltr'>σεϐασμιώτατον</span> 
     </span>
    </p>
   </div>
   <div class='ocr_carea' id='block_1_50' title="bbox 133 2395 921 2439">
    <p class='ocr_par' dir='ltr' id='par_1_50' title="bbox 133 2395 921 2439">
     <span class='ocr_line' id='line_1_50' title="bbox 133 2395 921 2439; baseline -0.01 -8"><span class='ocrx_word' id='word_1_358' title='bbox 133 2405 180 2431; x_wconf 68' lang='grc' dir='ltr'>ἐπὶ.</span> <span class='ocrx_word' id='word_1_359' title='bbox 199 2403 325 2439; x_wconf 88' lang='grc' dir='ltr'>ματαίοις</span> <span class='ocrx_word' id='word_1_360' title='bbox 341 2400 544 2436; x_wconf 72' lang='grc' dir='ltr'>παρειλῆφθαις</span> <span class='ocrx_word' id='word_1_361' title='bbox 564 2399 596 2425; x_wconf 77' lang='lat' dir='ltr'><strong>Et</strong></span> <span class='ocrx_word' id='word_1_362' title='bbox 611 2398 643 2433; x_wconf 82' lang='grc' dir='ltr'><strong>δὴ</strong></span> <span class='ocrx_word' id='word_1_363' title='bbox 659 2398 707 2424; x_wconf 84' lang='grc' dir='ltr'><strong>καὶ</strong></span> <span class='ocrx_word' id='word_1_364' title='bbox 723 2397 786 2433; x_wconf 79' lang='grc' dir='ltr'>περὶ</span> <span class='ocrx_word' id='word_1_365' title='bbox 808 2395 862 2423; x_wconf 86' lang='grc' dir='ltr'><strong>τῶν</strong></span> <span class='ocrx_word' id='word_1_366' title='bbox 881 2396 921 2427; x_wconf 82' lang='grc' dir='ltr'>εἰς</span> 
     </span>
    </p>
   </div>
   <div class='ocr_carea' id='block_1_51' title="bbox 134 2442 925 2485">
    <p class='ocr_par' dir='ltr' id='par_1_51' title="bbox 134 2442 925 2485">
     <span class='ocr_line' id='line_1_51' title="bbox 134 2442 925 2485; baseline -0.011 -9"><span class='ocrx_word' id='word_1_367' title='bbox 134 2449 274 2485; x_wconf 82' lang='grc' dir='ltr'>σωτηρίαν</span> <span class='ocrx_word' id='word_1_368' title='bbox 291 2447 449 2481; x_wconf 84' lang='grc' dir='ltr'>ἀναγκαίων</span> <span class='ocrx_word' id='word_1_369' title='bbox 473 2454 514 2472; x_wconf 89' lang='grc' dir='ltr'><strong>σοι</strong></span> <span class='ocrx_word' id='word_1_370' title='bbox 530 2445 545 2471; x_wconf 88' lang='grc' dir='ltr'><strong>ό</strong></span> <span class='ocrx_word' id='word_1_371' title='bbox 565 2444 644 2478; x_wconf 83' lang='grc' dir='ltr'>λόγος</span> <span class='ocrx_word' id='word_1_372' title='bbox 665 2443 709 2478; x_wconf 80' lang='grc' dir='ltr'>εἴη</span> <span class='ocrx_word' id='word_1_373' title='bbox 721 2462 727 2473; x_wconf 88' lang='grc'>.</span> <span class='ocrx_word' id='word_1_374' title='bbox 743 2443 757 2469; x_wconf 82' lang='grc' dir='ltr'>ὁ</span> <span class='ocrx_word' id='word_1_375' title='bbox 778 2442 878 2478; x_wconf 82' lang='grc' dir='ltr'>τρόπος</span> <span class='ocrx_word' id='word_1_376' title='bbox 895 2442 925 2467; x_wconf 80' lang='grc' dir='ltr'>ὲν</span> 
     </span>
    </p>
   </div>
   <div class='ocr_carea' id='block_1_52' title="bbox 136 2487 925 2534">
    <p class='ocr_par' dir='ltr' id='par_1_52' title="bbox 136 2487 925 2534">
     <span class='ocr_line' id='line_1_52' title="bbox 136 2487 925 2534; baseline -0.013 -12"><span class='ocrx_word' id='word_1_377' title='bbox 136 2497 213 2534; x_wconf 72' lang='grc' dir='ltr'>μέσῳ</span> <span class='ocrx_word' id='word_1_378' title='bbox 227 2493 511 2529; x_wconf 76' lang='grc' dir='ltr'>παραλαμϐανόμενος</span> <span class='ocrx_word' id='word_1_379' title='bbox 523 2490 675 2526; x_wconf 84' lang='grc' dir='ltr'>ἀποχρήσει</span> <span class='ocrx_word' id='word_1_380' title='bbox 691 2489 730 2523; x_wconf 85' lang='grc' dir='ltr'>τῷ</span> <span class='ocrx_word' id='word_1_381' title='bbox 747 2488 841 2515; x_wconf 82' lang='grc' dir='ltr'>ἁσεὸεϊ</span> <span class='ocrx_word' id='word_1_382' title='bbox 857 2487 925 2522; x_wconf 82' lang='grc' dir='ltr'>πρὸς</span> 
     </span>
    </p>
   </div>
   <div class='ocr_carea' id='block_1_53' title="bbox 134 2534 927 2574">
    <p class='ocr_par' dir='ltr' id='par_1_53' title="bbox 134 2534 927 2574">
     <span class='ocr_line' id='line_1_53' title="bbox 134 2534 927 2574; baseline -0.013 -4"><span class='ocrx_word' id='word_1_383' title='bbox 134 2544 239 2570; x_wconf 84' lang='grc' dir='ltr'>πίστιν.</span> <span class='ocrx_word' id='word_1_384' title='bbox 255 2540 321 2568; x_wconf 73' lang='grc' dir='ltr'><strong>Οἶδα</strong></span> <span class='ocrx_word' id='word_1_385' title='bbox 341 2541 388 2568; x_wconf 85' lang='grc' dir='ltr'>καὶ</span> <span class='ocrx_word' id='word_1_386' title='bbox 403 2541 553 2574; x_wconf 79' lang='grc' dir='ltr'>πέπεισμαι</span> <span class='ocrx_word' id='word_1_387' title='bbox 574 2539 603 2565; x_wconf 78' lang='grc' dir='ltr'>ἐν</span> <span class='ocrx_word' id='word_1_388' title='bbox 619 2537 729 2571; x_wconf 82' lang='grc' dir='ltr'>Χριστῷ</span> <span class='ocrx_word' id='word_1_389' title='bbox 752 2535 840 2571; x_wconf 82' lang='grc' dir='ltr'><strong>Ίησοῦ</strong></span> <span class='ocrx_word' id='word_1_390' title='bbox 851 2543 858 2549; x_wconf 92' lang='grc'><strong>·</strong></span> <span class='ocrx_word' id='word_1_391' title='bbox 881 2534 927 2560; x_wconf 74' lang='grc' dir='ltr'>καὶ</span> 
     </span>
    </p>
   </div>
   <div class='ocr_carea' id='block_1_54' title="bbox 140 2582 924 2621">
    <p class='ocr_par' dir='ltr' id='par_1_54' title="bbox 140 2582 924 2621">
     <span class='ocr_line' id='line_1_54' title="bbox 140 2582 924 2621; baseline -0.005 -9"><span class='ocrx_word' id='word_1_392' title='bbox 140 2589 233 2618; x_wconf 82' lang='grc' dir='ltr'>πάλιν.</span> <span class='ocrx_word' id='word_1_393' title='bbox 249 2585 468 2621; x_wconf 77' lang='grc' dir='ltr'>’Δλήθειανλέγω</span> <span class='ocrx_word' id='word_1_394' title='bbox 475 2586 504 2611; x_wconf 80' lang='grc' dir='ltr'>ὲν</span> <span class='ocrx_word' id='word_1_395' title='bbox 513 2583 620 2620; x_wconf 83' lang='grc' dir='ltr'>Χριστῷ</span> <span class='ocrx_word' id='word_1_396' title='bbox 635 2582 770 2618; x_wconf 78' lang='grc' dir='ltr'>Ἰησοΰ,οὑ</span> <span class='ocrx_word' id='word_1_397' title='bbox 782 2583 924 2618; x_wconf 78' lang='grc' dir='ltr'>ψεύδομαι,</span> 
     </span>
    </p>
   </div>
   <div class='ocr_carea' id='block_1_55' title="bbox 139 2628 928 2668">
    <p class='ocr_par' dir='ltr' id='par_1_55' title="bbox 139 2628 928 2668">
     <span class='ocr_line' id='line_1_55' title="bbox 139 2628 928 2668; baseline -0.006 -8"><span class='ocrx_word' id='word_1_398' title='bbox 139 2636 152 2661; x_wconf 78' lang='grc' dir='ltr'><strong>ὁ</strong></span> <span class='ocrx_word' id='word_1_399' title='bbox 161 2635 212 2668; x_wconf 79' lang='grc' dir='ltr'><strong>τῆς</strong></span> <span class='ocrx_word' id='word_1_400' title='bbox 223 2631 352 2666; x_wconf 70' lang='grc' dir='ltr'>ἀληθείας</span> <span class='ocrx_word' id='word_1_401' title='bbox 368 2630 526 2661; x_wconf 77' lang='grc' dir='ltr'>’Δπόστολός</span> <span class='ocrx_word' id='word_1_402' title='bbox 533 2637 623 2665; x_wconf 77' lang='grc' dir='ltr'>φησιν·</span> <span class='ocrx_word' id='word_1_403' title='bbox 635 2629 681 2655; x_wconf 71' lang='grc' dir='ltr'>καὶ</span> <span class='ocrx_word' id='word_1_404' title='bbox 690 2628 777 2663; x_wconf 76' lang='grc' dir='ltr'>τούτῳ</span> <span class='ocrx_word' id='word_1_405' title='bbox 787 2628 826 2664; x_wconf 82' lang='grc' dir='ltr'><strong>τῷ</strong></span> <span class='ocrx_word' id='word_1_406' title='bbox 833 2628 928 2664; x_wconf 83' lang='grc' dir='ltr'>τρόπῳ</span> 
     </span>
    </p>
   </div>
   <div class='ocr_carea' id='block_1_56' title="bbox 139 2674 926 2712">
    <p class='ocr_par' dir='ltr' id='par_1_56' title="bbox 139 2674 926 2712">
     <span class='ocr_line' id='line_1_56' title="bbox 139 2674 926 2712; baseline -0.008 -5"><span class='ocrx_word' id='word_1_407' title='bbox 139 2681 185 2707; x_wconf 68' lang='grc' dir='ltr'>τὸν</span> <span class='ocrx_word' id='word_1_408' title='bbox 212 2679 291 2712; x_wconf 89' lang='grc' dir='ltr'>λόγον</span> <span class='ocrx_word' id='word_1_409' title='bbox 319 2677 400 2704; x_wconf 72' lang='grc' dir='ltr'>αὐτοῦ</span> <span class='ocrx_word' id='word_1_410' title='bbox 426 2674 682 2710; x_wconf 81' lang='grc' dir='ltr'>πιστοποιούμενος,</span> <span class='ocrx_word' id='word_1_411' title='bbox 706 2674 794 2702; x_wconf 80' lang='grc' dir='ltr'>πάντα</span> <span class='ocrx_word' id='word_1_412' title='bbox 816 2675 926 2710; x_wconf 81' lang='grc' dir='ltr'>δημώδη</span> 
     </span>
    </p>
   </div>
   <div class='ocr_carea' id='block_1_57' title="bbox 141 2725 433 2760">
    <p class='ocr_par' dir='ltr' id='par_1_57' title="bbox 141 2725 433 2760">
     <span class='ocr_line' id='line_1_57' title="bbox 141 2725 433 2760; baseline -0.017 -6"><span class='ocrx_word' id='word_1_413' title='bbox 141 2728 224 2760; x_wconf 73' lang='grc' dir='ltr'>ῧρκον</span> <span class='ocrx_word' id='word_1_414' title='bbox 238 2725 433 2759; x_wconf 75' lang='grc' dir='ltr'>ἀποτρέπεται.</span> 
     </span>
    </p>
   </div>
   <div class='ocr_carea' id='block_1_58' title="bbox 141 2762 825 2803">
    <p class='ocr_par' dir='ltr' id='par_1_58' title="bbox 141 2762 825 2803">
     <span class='ocr_line' id='line_1_58' title="bbox 141 2762 825 2803; baseline -0.013 -6"><span class='ocrx_word' id='word_1_415' title='bbox 141 2770 190 2797; x_wconf 61' lang='grc'><strong>173</strong></span> <span class='ocrx_word' id='word_1_416' title='bbox 207 2769 239 2796; x_wconf 83' lang='grc' dir='ltr'>Τί</span> <span class='ocrx_word' id='word_1_417' title='bbox 255 2767 456 2803; x_wconf 76' lang='grc' dir='ltr'>χρηστότητος</span> <span class='ocrx_word' id='word_1_418' title='bbox 471 2764 566 2799; x_wconf 72' lang='grc' dir='ltr'>δόγμα</span> <span class='ocrx_word' id='word_1_419' title='bbox 581 2762 825 2798; x_wconf 73' lang='grc' dir='ltr'>συντομώτατον;</span> 
     </span>
    </p>
   </div>
   <div class='ocr_carea' id='block_1_59' title="bbox 174 2807 925 2843">
    <p class='ocr_par' dir='ltr' id='par_1_59' title="bbox 174 2807 925 2843">
     <span class='ocr_line' id='line_1_59' title="bbox 174 2807 925 2843; baseline -0.013 0"><span class='ocrx_word' id='word_1_420' title='bbox 174 2814 325 2843; x_wconf 79' lang='lat' dir='ltr'><strong>Sermones</strong></span> <span class='ocrx_word' id='word_1_421' title='bbox 340 2812 376 2840; x_wconf 87' lang='lat' dir='ltr'><strong>de</strong></span> <span class='ocrx_word' id='word_1_422' title='bbox 396 2812 531 2840; x_wconf 74' lang='lat' dir='ltr'><strong>charitate</strong></span> <span class='ocrx_word' id='word_1_423' title='bbox 552 2814 579 2838; x_wconf 91' lang='lat' dir='ltr'><strong>et</strong></span> <span class='ocrx_word' id='word_1_424' title='bbox 595 2809 740 2838; x_wconf 70' lang='lat' dir='ltr'><strong>dilectione</strong></span> <span class='ocrx_word' id='word_1_425' title='bbox 754 2815 824 2842; x_wconf 89' lang='lat' dir='ltr'><strong>quos</strong></span> <span class='ocrx_word' id='word_1_426' title='bbox 837 2807 925 2834; x_wconf 86' lang='lat' dir='ltr'><strong>sancti</strong></span> 
     </span>
    </p>
   </div>
   <div class='ocr_carea' id='block_1_60' title="bbox 627 136 1229 172">
    <p class='ocr_par' dir='ltr' id='par_1_60' title="bbox 627 136 1229 172">
     <span class='ocr_line' id='line_1_60' title="bbox 627 136 1229 172; baseline 0.01 -8"><span class='ocrx_word' id='word_1_427' title='bbox 627 136 659 164; x_wconf 80' lang='lat' dir='ltr'><strong>IN</strong></span> <span class='ocrx_word' id='word_1_428' title='bbox 679 138 832 167; x_wconf 72' lang='lat' dir='ltr'><strong>CARMINA</strong></span> <span class='ocrx_word' id='word_1_429' title='bbox 850 142 988 171; x_wconf 76' lang='lat' dir='ltr'><strong>ARCANA</strong></span> <span class='ocrx_word' id='word_1_430' title='bbox 1006 143 1034 171; x_wconf 89' lang='lat' dir='ltr'><strong>S.</strong></span> <span class='ocrx_word' id='word_1_431' title='bbox 1056 143 1229 172; x_wconf 69' lang='lat' dir='ltr'><strong>GREGORII.</strong></span> 
     </span>
    </p>
   </div>
   <div class='ocr_carea' id='block_1_61' title="bbox 1689 143 1742 171">
    <p class='ocr_par' dir='ltr' id='par_1_61' title="bbox 1689 143 1742 171">
     <span class='ocr_line' id='line_1_61' title="bbox 1689 143 1742 171; baseline -0.019 0"><span class='ocrx_word' id='word_1_432' title='bbox 1689 143 1742 171; x_wconf 70' lang='lat'><strong>820</strong></span> 
     </span>
    </p>
   </div>
   <div class='ocr_carea' id='block_1_62' title="bbox 956 204 1742 240">
    <p class='ocr_par' dir='ltr' id='par_1_62' title="bbox 956 204 1742 240">
     <span class='ocr_line' id='line_1_62' title="bbox 956 204 1742 240; baseline -0.001 -9"><span class='ocrx_word' id='word_1_433' title='bbox 956 204 1113 239; x_wconf 73' lang='lat' dir='ltr'><strong>vinolentia,</strong></span> <span class='ocrx_word' id='word_1_434' title='bbox 1129 212 1259 240; x_wconf 63' lang='lat' dir='ltr'><strong>praeterea</strong></span> <span class='ocrx_word' id='word_1_435' title='bbox 1274 206 1374 233; x_wconf 80' lang='lat' dir='ltr'><strong>invidia</strong></span> <span class='ocrx_word' id='word_1_436' title='bbox 1394 210 1508 233; x_wconf 84' lang='lat' dir='ltr'><strong>mortem</strong></span> <span class='ocrx_word' id='word_1_437' title='bbox 1533 204 1666 232; x_wconf 82' lang='lat' dir='ltr'><strong>meditans</strong></span> <span class='ocrx_word' id='word_1_438' title='bbox 1682 212 1742 239; x_wconf 69' lang='lat' dir='ltr'><strong>qua:</strong></span> 
     </span>
    </p>
   </div>
   <div class='ocr_carea' id='block_1_63' title="bbox 955 251 1743 286">
    <p class='ocr_par' dir='ltr' id='par_1_63' title="bbox 955 251 1743 286">
     <span class='ocr_line' id='line_1_63' title="bbox 955 251 1743 286; baseline -0.003 -8"><span class='ocrx_word' id='word_1_439' title='bbox 955 257 997 278; x_wconf 89' lang='lat' dir='ltr'><strong>est</strong></span> <span class='ocrx_word' id='word_1_440' title='bbox 1011 253 1058 279; x_wconf 68' lang='lat' dir='ltr'><strong>irae</strong></span> <span class='ocrx_word' id='word_1_441' title='bbox 1076 252 1242 280; x_wconf 85' lang='lat' dir='ltr'><strong>incentivum</strong></span> <span class='ocrx_word' id='word_1_442' title='bbox 1264 257 1293 280; x_wconf 88' lang='lat' dir='ltr'><strong>et</strong></span> <span class='ocrx_word' id='word_1_443' title='bbox 1316 252 1420 286; x_wconf 79' lang='lat' dir='ltr'><strong>rabies;</strong></span> <span class='ocrx_word' id='word_1_444' title='bbox 1444 252 1523 286; x_wconf 80' lang='lat' dir='ltr'><strong>longe</strong></span> <span class='ocrx_word' id='word_1_445' title='bbox 1537 259 1551 278; x_wconf 90' lang='lat' dir='ltr'><strong>a</strong></span> <span class='ocrx_word' id='word_1_446' title='bbox 1565 251 1637 278; x_wconf 91' lang='lat' dir='ltr'><strong>bono</strong></span> <span class='ocrx_word' id='word_1_447' title='bbox 1654 257 1743 277; x_wconf 78' lang='lat' dir='ltr'><strong>rema-</strong></span> 
     </span>
    </p>
   </div>
   <div class='ocr_carea' id='block_1_64' title="bbox 955 295 1742 333">
    <p class='ocr_par' dir='ltr' id='par_1_64' title="bbox 955 295 1742 333">
     <span class='ocr_line' id='line_1_64' title="bbox 955 295 1742 333; baseline -0.004 -9"><span class='ocrx_word' id='word_1_448' title='bbox 955 301 1030 329; x_wconf 90' lang='lat' dir='ltr'><strong>vent,</strong></span> <span class='ocrx_word' id='word_1_449' title='bbox 1057 297 1155 324; x_wconf 91' lang='lat' dir='ltr'><strong>horum</strong></span> <span class='ocrx_word' id='word_1_450' title='bbox 1184 298 1399 333; x_wconf 85' lang='lat' dir='ltr'><strong>unumquodque</strong></span> <span class='ocrx_word' id='word_1_451' title='bbox 1423 297 1573 324; x_wconf 65' lang='lat' dir='ltr'><strong>daamonem</strong></span> <span class='ocrx_word' id='word_1_452' title='bbox 1600 295 1742 330; x_wconf 78' lang='lat' dir='ltr'><strong>impellen-</strong></span> 
     </span>
    </p>
   </div>
   <div class='ocr_carea' id='block_1_65' title="bbox 956 341 1742 377">
    <p class='ocr_par' dir='ltr' id='par_1_65' title="bbox 956 341 1742 377">
     <span class='ocr_line' id='line_1_65' title="bbox 956 341 1742 377; baseline -0.001 -9"><span class='ocrx_word' id='word_1_453' title='bbox 956 345 1011 369; x_wconf 91' lang='lat' dir='ltr'><strong>tem</strong></span> <span class='ocrx_word' id='word_1_454' title='bbox 1024 346 1051 369; x_wconf 86' lang='lat' dir='ltr'><strong>et</strong></span> <span class='ocrx_word' id='word_1_455' title='bbox 1063 343 1215 370; x_wconf 81' lang='lat' dir='ltr'><strong>studiosum</strong></span> <span class='ocrx_word' id='word_1_456' title='bbox 1233 344 1361 370; x_wconf 85' lang='lat' dir='ltr'><strong>sortitum</strong></span> <span class='ocrx_word' id='word_1_457' title='bbox 1382 348 1424 370; x_wconf 87' lang='lat' dir='ltr'><strong>est</strong></span> <span class='ocrx_word' id='word_1_458' title='bbox 1447 343 1517 369; x_wconf 85' lang='lat' dir='ltr'><strong>clam</strong></span> <span class='ocrx_word' id='word_1_459' title='bbox 1539 341 1742 377; x_wconf 70' lang='lat' dir='ltr'><strong>aggredientem</strong></span> 
     </span>
    </p>
   </div>
   <div class='ocr_carea' id='block_1_66' title="bbox 957 385 1742 422">
    <p class='ocr_par' dir='ltr' id='par_1_66' title="bbox 957 385 1742 422">
     <span class='ocr_line' id='line_1_66' title="bbox 957 385 1742 422; baseline -0.003 -9"><span class='ocrx_word' id='word_1_460' title='bbox 957 395 1005 414; x_wconf 83' lang='lat' dir='ltr'><strong>eos</strong></span> <span class='ocrx_word' id='word_1_461' title='bbox 1015 388 1062 422; x_wconf 91' lang='lat' dir='ltr'><strong>qui</strong></span> <span class='ocrx_word' id='word_1_462' title='bbox 1076 395 1105 415; x_wconf 85' lang='lat' dir='ltr'><strong>se</strong></span> <span class='ocrx_word' id='word_1_463' title='bbox 1121 387 1165 416; x_wconf 87' lang='lat' dir='ltr'><strong>his</strong></span> <span class='ocrx_word' id='word_1_464' title='bbox 1180 388 1319 422; x_wconf 79' lang='lat' dir='ltr'><strong>obsignari</strong></span> <span class='ocrx_word' id='word_1_465' title='bbox 1331 389 1437 420; x_wconf 81' lang='lat' dir='ltr'><strong>sinunt,</strong></span> <span class='ocrx_word' id='word_1_466' title='bbox 1450 388 1550 422; x_wconf 90' lang='lat' dir='ltr'><strong>quibus</strong></span> <span class='ocrx_word' id='word_1_467' title='bbox 1562 385 1742 420; x_wconf 72' lang='lat' dir='ltr'><strong>intelligentia</strong></span> 
     </span>
    </p>
   </div>
   <div class='ocr_carea' id='block_1_67' title="bbox 957 432 1742 467">
    <p class='ocr_par' dir='ltr' id='par_1_67' title="bbox 957 432 1742 467">
     <span class='ocr_line' id='line_1_67' title="bbox 957 432 1742 467; baseline -0.004 -7"><span class='ocrx_word' id='word_1_468' title='bbox 957 433 1133 461; x_wconf 85' lang='lat' dir='ltr'><strong>obnubilatur</strong></span> <span class='ocrx_word' id='word_1_469' title='bbox 1148 438 1174 461; x_wconf 89' lang='lat' dir='ltr'><strong>et</strong></span> <span class='ocrx_word' id='word_1_470' title='bbox 1188 440 1262 462; x_wconf 86' lang='lat' dir='ltr'><strong>recta</strong></span> <span class='ocrx_word' id='word_1_471' title='bbox 1278 435 1347 461; x_wconf 83' lang='lat' dir='ltr'><strong>ratio</strong></span> <span class='ocrx_word' id='word_1_472' title='bbox 1363 434 1476 460; x_wconf 88' lang='lat' dir='ltr'><strong>tollitur.</strong></span> <span class='ocrx_word' id='word_1_473' title='bbox 1492 433 1558 465; x_wconf 75' lang='lat' dir='ltr'><strong>Qine</strong></span> <span class='ocrx_word' id='word_1_474' title='bbox 1567 440 1632 467; x_wconf 80' lang='lat' dir='ltr'><strong>ergo</strong></span> <span class='ocrx_word' id='word_1_475' title='bbox 1645 432 1742 458; x_wconf 89' lang='lat' dir='ltr'><strong>horum</strong></span> 
     </span>
    </p>
   </div>
   <div class='ocr_carea' id='block_1_68' title="bbox 958 477 1761 513">
    <p class='ocr_par' dir='ltr' id='par_1_68' title="bbox 958 477 1761 513">
     <span class='ocr_line' id='line_1_68' title="bbox 958 477 1761 513; baseline -0.002 -8"><span class='ocrx_word' id='word_1_476' title='bbox 958 479 1094 506; x_wconf 84' lang='lat' dir='ltr'><strong>medicina</strong></span> <span class='ocrx_word' id='word_1_477' title='bbox 1110 483 1138 506; x_wconf 89' lang='lat' dir='ltr'><strong>et</strong></span> <span class='ocrx_word' id='word_1_478' title='bbox 1153 479 1238 506; x_wconf 81' lang='lat' dir='ltr'><strong>cura?</strong></span> <span class='ocrx_word' id='word_1_479' title='bbox 1257 480 1430 506; x_wconf 81' lang='lat' dir='ltr'><strong>mortificatio</strong></span> <span class='ocrx_word' id='word_1_480' title='bbox 1452 479 1577 513; x_wconf 87' lang='lat' dir='ltr'><strong>corporis</strong></span> <span class='ocrx_word' id='word_1_481' title='bbox 1602 485 1650 512; x_wconf 91' lang='lat' dir='ltr'><strong>per</strong></span> <span class='ocrx_word' id='word_1_482' title='bbox 1673 477 1761 511; x_wconf 21' lang='lat' dir='ltr'><strong>jeju-r</strong></span> 
     </span>
    </p>
   </div>
   <div class='ocr_carea' id='block_1_69' title="bbox 958 523 1743 560">
    <p class='ocr_par' dir='ltr' id='par_1_69' title="bbox 958 523 1743 560">
     <span class='ocr_line' id='line_1_69' title="bbox 958 523 1743 560; baseline -0.003 -9"><span class='ocrx_word' id='word_1_483' title='bbox 958 524 1034 551; x_wconf 87' lang='lat' dir='ltr'><strong>nium</strong></span> <span class='ocrx_word' id='word_1_484' title='bbox 1051 529 1079 552; x_wconf 89' lang='lat' dir='ltr'><strong>et</strong></span> <span class='ocrx_word' id='word_1_485' title='bbox 1096 524 1213 560; x_wconf 78' lang='lat' dir='ltr'><strong>vigilias,</strong></span> <span class='ocrx_word' id='word_1_486' title='bbox 1232 526 1354 560; x_wconf 74' lang='lat' dir='ltr'><strong>precatio</strong></span> <span class='ocrx_word' id='word_1_487' title='bbox 1369 525 1480 553; x_wconf 88' lang='lat' dir='ltr'><strong>assidua</strong></span> <span class='ocrx_word' id='word_1_488' title='bbox 1500 529 1527 552; x_wconf 87' lang='lat' dir='ltr'><strong>et</strong></span> <span class='ocrx_word' id='word_1_489' title='bbox 1545 524 1577 550; x_wconf 90' lang='lat' dir='ltr'><strong>ad</strong></span> <span class='ocrx_word' id='word_1_490' title='bbox 1600 523 1743 550; x_wconf 71' lang='lat' dir='ltr'><strong>Dominum</strong></span> 
     </span>
    </p>
   </div>
   <div class='ocr_carea' id='block_1_70' title="bbox 959 569 1746 605">
    <p class='ocr_par' dir='ltr' id='par_1_70' title="bbox 959 569 1746 605">
     <span class='ocr_line' id='line_1_70' title="bbox 959 569 1746 605; baseline -0.003 -9"><span class='ocrx_word' id='word_1_491' title='bbox 959 569 1063 604; x_wconf 81' lang='lat' dir='ltr'><strong>prolixe</strong></span> <span class='ocrx_word' id='word_1_492' title='bbox 1077 570 1202 605; x_wconf 83' lang='lat' dir='ltr'><strong>supplex.</strong></span> <span class='ocrx_word' id='word_1_493' title='bbox 1220 571 1347 605; x_wconf 73' lang='lat' dir='ltr'><strong>lacryma:</strong></span> <span class='ocrx_word' id='word_1_494' title='bbox 1363 579 1378 598; x_wconf 86' lang='lat' dir='ltr'><strong>e</strong></span> <span class='ocrx_word' id='word_1_495' title='bbox 1400 574 1495 597; x_wconf 90' lang='lat' dir='ltr'><strong>sancta</strong></span> <span class='ocrx_word' id='word_1_496' title='bbox 1508 574 1534 596; x_wconf 91' lang='lat' dir='ltr'><strong>et</strong></span> <span class='ocrx_word' id='word_1_497' title='bbox 1548 570 1654 596; x_wconf 81' lang='lat' dir='ltr'><strong>sincera</strong></span> <span class='ocrx_word' id='word_1_498' title='bbox 1670 576 1746 596; x_wconf 79' lang='lat' dir='ltr'><strong>com-</strong></span> 
     </span>
    </p>
   </div>
   <div class='ocr_carea' id='block_1_71' title="bbox 959 614 1745 652">
    <p class='ocr_par' dir='ltr' id='par_1_71' title="bbox 959 614 1745 652">
     <span class='ocr_line' id='line_1_71' title="bbox 959 614 1745 652; baseline -0.001 -11"><span class='ocrx_word' id='word_1_499' title='bbox 959 617 1108 650; x_wconf 83' lang='lat' dir='ltr'><strong>pnnctione</strong></span> <span class='ocrx_word' id='word_1_500' title='bbox 1125 620 1152 644; x_wconf 89' lang='lat' dir='ltr'><strong>et</strong></span> <span class='ocrx_word' id='word_1_501' title='bbox 1166 618 1324 652; x_wconf 62' lang='lat' dir='ltr'><strong>paenitentia</strong></span> <span class='ocrx_word' id='word_1_502' title='bbox 1346 617 1380 643; x_wconf 86' lang='lat' dir='ltr'><strong>ab</strong></span> <span class='ocrx_word' id='word_1_503' title='bbox 1400 617 1488 644; x_wconf 88' lang='lat' dir='ltr'><strong>oculis</strong></span> <span class='ocrx_word' id='word_1_504' title='bbox 1512 615 1648 643; x_wconf 81' lang='lat' dir='ltr'><strong>stillantes</strong></span> <span class='ocrx_word' id='word_1_505' title='bbox 1665 624 1670 641; x_wconf 89' lang='lat'>:</span> <span class='ocrx_word' id='word_1_506' title='bbox 1689 614 1745 641; x_wconf 64' lang='lat' dir='ltr'><strong>hmo</strong></span> 
     </span>
    </p>
   </div>
   <div class='ocr_carea' id='block_1_72' title="bbox 959 662 1746 691">
    <p class='ocr_par' dir='ltr' id='par_1_72' title="bbox 959 662 1746 691">
     <span class='ocr_line' id='line_1_72' title="bbox 959 662 1746 691; baseline -0.003 -2"><span class='ocrx_word' id='word_1_507' title='bbox 959 666 1023 690; x_wconf 91' lang='lat' dir='ltr'><strong>sunt</strong></span> <span class='ocrx_word' id='word_1_508' title='bbox 1040 664 1197 690; x_wconf 87' lang='lat' dir='ltr'><strong>morborum</strong></span> <span class='ocrx_word' id='word_1_509' title='bbox 1217 672 1338 691; x_wconf 88' lang='lat' dir='ltr'><strong>meorum</strong></span> <span class='ocrx_word' id='word_1_510' title='bbox 1356 663 1475 690; x_wconf 85' lang='lat' dir='ltr'><strong>remedia</strong></span> <span class='ocrx_word' id='word_1_511' title='bbox 1494 662 1625 690; x_wconf 80' lang='lat' dir='ltr'><strong>salutaria</strong></span> <span class='ocrx_word' id='word_1_512' title='bbox 1639 667 1664 688; x_wconf 90' lang='lat' dir='ltr'><strong>et</strong></span> <span class='ocrx_word' id='word_1_513' title='bbox 1685 669 1746 688; x_wconf 70' lang='grc' dir='ltr'><strong>(Σοΐ-</strong></span> 
     </span>
    </p>
   </div>
   <div class='ocr_carea' id='block_1_73' title="bbox 959 709 1342 737">
    <p class='ocr_par' dir='ltr' id='par_1_73' title="bbox 959 709 1342 737">
     <span class='ocr_line' id='line_1_73' title="bbox 959 709 1342 737; baseline -0.003 0"><span class='ocrx_word' id='word_1_514' title='bbox 959 710 1002 737; x_wconf 89' lang='lat' dir='ltr'><strong>dis</strong></span> <span class='ocrx_word' id='word_1_515' title='bbox 1019 709 1207 737; x_wconf 84' lang='lat' dir='ltr'><strong>infirmitatnm</strong></span> <span class='ocrx_word' id='word_1_516' title='bbox 1228 709 1342 737; x_wconf 81' lang='lat' dir='ltr'><strong>medela.</strong></span> 
     </span>
    </p>
   </div>
   <div class='ocr_carea' id='block_1_74' title="bbox 962 797 1406 832">
    <p class='ocr_par' dir='ltr' id='par_1_74' title="bbox 962 797 1406 832">
     <span class='ocr_line' id='line_1_74' title="bbox 962 797 1406 832; baseline 0 -9"><span class='ocrx_word' id='word_1_517' title='bbox 962 797 1012 825; x_wconf 79' lang='grc'><strong>169</strong></span> <span class='ocrx_word' id='word_1_518' title='bbox 1034 797 1320 832; x_wconf 73' lang='lat' dir='ltr'><strong>Omnejusjurandum</strong></span> <span class='ocrx_word' id='word_1_519' title='bbox 1334 797 1406 831; x_wconf 82' lang='lat' dir='ltr'><strong>fuge.</strong></span> 
     </span>
    </p>
   </div>
   <div class='ocr_carea' id='block_1_75' title="bbox 996 841 1747 876">
    <p class='ocr_par' dir='ltr' id='par_1_75' title="bbox 996 841 1747 876">
     <span class='ocr_line' id='line_1_75' title="bbox 996 841 1747 876; baseline -0.001 -7"><span class='ocrx_word' id='word_1_520' title='bbox 996 841 1122 870; x_wconf 87' lang='lat' dir='ltr'><strong>Profecto</strong></span> <span class='ocrx_word' id='word_1_521' title='bbox 1135 842 1327 876; x_wconf 84' lang='lat' dir='ltr'><strong>jusjurandum</strong></span> <span class='ocrx_word' id='word_1_522' title='bbox 1344 842 1500 876; x_wconf 78' lang='lat' dir='ltr'><strong>fugiendum</strong></span> <span class='ocrx_word' id='word_1_523' title='bbox 1517 848 1542 868; x_wconf 81' lang='lat' dir='ltr'><strong>et</strong></span> <span class='ocrx_word' id='word_1_524' title='bbox 1555 842 1747 869; x_wconf 85' lang='lat' dir='ltr'><strong>detestandum</strong></span> 
     </span>
    </p>
   </div>
   <div class='ocr_carea' id='block_1_76' title="bbox 961 887 1748 922">
    <p class='ocr_par' dir='ltr' id='par_1_76' title="bbox 961 887 1748 922">
     <span class='ocr_line' id='line_1_76' title="bbox 961 887 1748 922; baseline 0 -8"><span class='ocrx_word' id='word_1_525' title='bbox 961 893 1018 915; x_wconf 91' lang='lat' dir='ltr'><strong>tum</strong></span> <span class='ocrx_word' id='word_1_526' title='bbox 1034 896 1113 915; x_wconf 86' lang='lat' dir='ltr'><strong>sacra</strong></span> <span class='ocrx_word' id='word_1_527' title='bbox 1130 887 1288 922; x_wconf 72' lang='lat' dir='ltr'><strong>Evangelia,</strong></span> <span class='ocrx_word' id='word_1_528' title='bbox 1307 891 1363 914; x_wconf 87' lang='lat' dir='ltr'><strong>tum</strong></span> <span class='ocrx_word' id='word_1_529' title='bbox 1380 887 1525 922; x_wconf 71' lang='lat' dir='ltr'><strong>Evangelia</strong></span> <span class='ocrx_word' id='word_1_530' title='bbox 1542 888 1619 915; x_wconf 81' lang='lat' dir='ltr'><strong>valde</strong></span> <span class='ocrx_word' id='word_1_531' title='bbox 1631 895 1748 915; x_wconf 82' lang='lat' dir='ltr'><strong>consen-</strong></span> 
     </span>
    </p>
   </div>
   <div class='ocr_carea' id='block_1_77' title="bbox 959 931 1750 968">
    <p class='ocr_par' dir='ltr' id='par_1_77' title="bbox 959 931 1750 968">
     <span class='ocr_line' id='line_1_77' title="bbox 959 931 1750 968; baseline 0.001 -9"><span class='ocrx_word' id='word_1_532' title='bbox 959 933 1029 960; x_wconf 88' lang='lat' dir='ltr'><strong>tiens</strong></span> <span class='ocrx_word' id='word_1_533' title='bbox 1046 933 1091 959; x_wconf 88' lang='lat' dir='ltr'><strong>ille</strong></span> <span class='ocrx_word' id='word_1_534' title='bbox 1103 931 1259 966; x_wconf 82' lang='lat' dir='ltr'><strong>Theologus</strong></span> <span class='ocrx_word' id='word_1_535' title='bbox 1282 933 1395 964; x_wconf 75' lang='lat' dir='ltr'><strong>revelat,</strong></span> <span class='ocrx_word' id='word_1_536' title='bbox 1419 932 1538 960; x_wconf 86' lang='lat' dir='ltr'><strong>suadens</strong></span> <span class='ocrx_word' id='word_1_537' title='bbox 1561 938 1591 959; x_wconf 90' lang='lat' dir='ltr'><strong>ut</strong></span> <span class='ocrx_word' id='word_1_538' title='bbox 1608 933 1750 968; x_wconf 81' lang='lat' dir='ltr'><strong>jusjuran-</strong></span> 
     </span>
    </p>
   </div>
   <div class='ocr_carea' id='block_1_78' title="bbox 958 977 1749 1013">
    <p class='ocr_par' dir='ltr' id='par_1_78' title="bbox 958 977 1749 1013">
     <span class='ocr_line' id='line_1_78' title="bbox 958 977 1749 1013; baseline 0.003 -9"><span class='ocrx_word' id='word_1_539' title='bbox 958 977 1021 1005; x_wconf 91' lang='lat' dir='ltr'><strong>dum</strong></span> <span class='ocrx_word' id='word_1_540' title='bbox 1038 985 1118 1005; x_wconf 86' lang='lat' dir='ltr'><strong>omne</strong></span> <span class='ocrx_word' id='word_1_541' title='bbox 1133 983 1263 1012; x_wconf 86' lang='lat' dir='ltr'><strong>tanquam</strong></span> <span class='ocrx_word' id='word_1_542' title='bbox 1280 977 1392 1013; x_wconf 91' lang='lat' dir='ltr'><strong>perjnrii</strong></span> <span class='ocrx_word' id='word_1_543' title='bbox 1408 984 1511 1012; x_wconf 80' lang='lat' dir='ltr'><strong>patrem</strong></span> <span class='ocrx_word' id='word_1_544' title='bbox 1530 979 1667 1011; x_wconf 80' lang='lat' dir='ltr'><strong>vitemus;</strong></span> <span class='ocrx_word' id='word_1_545' title='bbox 1687 980 1749 1013; x_wconf 87' lang='lat' dir='ltr'><strong>quis</strong></span> 
     </span>
    </p>
   </div>
   <div class='ocr_carea' id='block_1_79' title="bbox 959 1024 1752 1059">
    <p class='ocr_par' dir='ltr' id='par_1_79' title="bbox 959 1024 1752 1059">
     <span class='ocr_line' id='line_1_79' title="bbox 959 1024 1752 1059; baseline 0.001 -9"><span class='ocrx_word' id='word_1_546' title='bbox 959 1024 1032 1051; x_wconf 94' lang='lat' dir='ltr'><strong>enim</strong></span> <span class='ocrx_word' id='word_1_547' title='bbox 1053 1031 1067 1050; x_wconf 89' lang='lat' dir='ltr'><strong>a</strong></span> <span class='ocrx_word' id='word_1_548' title='bbox 1081 1024 1262 1058; x_wconf 83' lang='lat' dir='ltr'><strong>jurejurando</strong></span> <span class='ocrx_word' id='word_1_549' title='bbox 1279 1024 1362 1051; x_wconf 87' lang='lat' dir='ltr'><strong>semel</strong></span> <span class='ocrx_word' id='word_1_550' title='bbox 1386 1024 1528 1052; x_wconf 84' lang='lat' dir='ltr'><strong>abstinens</strong></span> <span class='ocrx_word' id='word_1_551' title='bbox 1550 1025 1681 1059; x_wconf 87' lang='lat' dir='ltr'><strong>pejeravit</strong></span> <span class='ocrx_word' id='word_1_552' title='bbox 1701 1033 1752 1051; x_wconf 89' lang='lat' dir='ltr'><strong>un-</strong></span> 
     </span>
    </p>
   </div>
   <div class='ocr_carea' id='block_1_80' title="bbox 961 1070 1751 1105">
    <p class='ocr_par' dir='ltr' id='par_1_80' title="bbox 961 1070 1751 1105">
     <span class='ocr_line' id='line_1_80' title="bbox 961 1070 1751 1105; baseline 0 -9"><span class='ocrx_word' id='word_1_553' title='bbox 961 1070 1059 1105; x_wconf 84' lang='lat' dir='ltr'><strong>quam?</strong></span> <span class='ocrx_word' id='word_1_554' title='bbox 1080 1070 1132 1096; x_wconf 88' lang='lat' dir='ltr'><strong>Sed</strong></span> <span class='ocrx_word' id='word_1_555' title='bbox 1155 1070 1201 1105; x_wconf 90' lang='lat' dir='ltr'><strong>qni</strong></span> <span class='ocrx_word' id='word_1_556' title='bbox 1223 1070 1300 1105; x_wconf 85' lang='lat' dir='ltr'><strong>jurat</strong></span> <span class='ocrx_word' id='word_1_557' title='bbox 1324 1070 1382 1098; x_wconf 88' lang='lat' dir='ltr'><strong>sive</strong></span> <span class='ocrx_word' id='word_1_558' title='bbox 1405 1071 1527 1103; x_wconf 83' lang='lat' dir='ltr'><strong>inscitia,</strong></span> <span class='ocrx_word' id='word_1_559' title='bbox 1542 1071 1600 1097; x_wconf 88' lang='lat' dir='ltr'><strong>sive</strong></span> <span class='ocrx_word' id='word_1_560' title='bbox 1621 1071 1751 1098; x_wconf 75' lang='lat' dir='ltr'><strong>violentia</strong></span> 
     </span>
    </p>
   </div>
   <div class='ocr_carea' id='block_1_81' title="bbox 961 1116 1752 1152">
    <p class='ocr_par' dir='ltr' id='par_1_81' title="bbox 961 1116 1752 1152">
     <span class='ocr_line' id='line_1_81' title="bbox 961 1116 1752 1152; baseline 0.001 -10"><span class='ocrx_word' id='word_1_561' title='bbox 961 1116 1078 1152; x_wconf 86' lang='lat' dir='ltr'><strong>quadam</strong></span> <span class='ocrx_word' id='word_1_562' title='bbox 1099 1116 1200 1147; x_wconf 85' lang='lat' dir='ltr'><strong>invita.</strong></span> <span class='ocrx_word' id='word_1_563' title='bbox 1223 1116 1281 1143; x_wconf 85' lang='lat' dir='ltr'><strong>sive</strong></span> <span class='ocrx_word' id='word_1_564' title='bbox 1306 1121 1466 1152; x_wconf 89' lang='lat' dir='ltr'><strong>contemptu</strong></span> <span class='ocrx_word' id='word_1_565' title='bbox 1491 1117 1550 1144; x_wconf 85' lang='lat' dir='ltr'><strong>sive</strong></span> <span class='ocrx_word' id='word_1_566' title='bbox 1574 1117 1681 1143; x_wconf 87' lang='lat' dir='ltr'><strong>timoris</strong></span> <span class='ocrx_word' id='word_1_567' title='bbox 1706 1116 1752 1143; x_wconf 90' lang='lat' dir='ltr'><strong>Dei</strong></span> 
     </span>
    </p>
   </div>
   <div class='ocr_carea' id='block_1_82' title="bbox 961 1161 1753 1197">
    <p class='ocr_par' dir='ltr' id='par_1_82' title="bbox 961 1161 1753 1197">
     <span class='ocr_line' id='line_1_82' title="bbox 961 1161 1753 1197; baseline -0.001 -8"><span class='ocrx_word' id='word_1_568' title='bbox 961 1161 1068 1189; x_wconf 89' lang='lat' dir='ltr'><strong>defectu</strong></span> <span class='ocrx_word' id='word_1_569' title='bbox 1081 1161 1210 1194; x_wconf 87' lang='lat' dir='ltr'><strong>motus,in</strong></span> <span class='ocrx_word' id='word_1_570' title='bbox 1221 1162 1373 1197; x_wconf 91' lang='lat' dir='ltr'><strong>perjnrium</strong></span> <span class='ocrx_word' id='word_1_571' title='bbox 1385 1163 1546 1197; x_wconf 89' lang='lat' dir='ltr'><strong>plerumque</strong></span> <span class='ocrx_word' id='word_1_572' title='bbox 1561 1162 1712 1194; x_wconf 86' lang='lat' dir='ltr'><strong>inducitur,</strong></span> <span class='ocrx_word' id='word_1_573' title='bbox 1726 1166 1753 1188; x_wconf 84' lang='lat' dir='ltr'><strong>et</strong></span> 
     </span>
    </p>
   </div>
   <div class='ocr_carea' id='block_1_83' title="bbox 963 1206 1753 1243">
    <p class='ocr_par' dir='ltr' id='par_1_83' title="bbox 963 1206 1753 1243">
     <span class='ocr_line' id='line_1_83' title="bbox 963 1206 1753 1243; baseline -0.003 -8"><span class='ocrx_word' id='word_1_574' title='bbox 963 1206 1209 1243; x_wconf 88' lang='lat' dir='ltr'><strong>sicjusjurandum</strong></span> <span class='ocrx_word' id='word_1_575' title='bbox 1232 1207 1346 1242; x_wconf 88' lang='lat' dir='ltr'><strong>perjurii</strong></span> <span class='ocrx_word' id='word_1_576' title='bbox 1363 1208 1392 1234; x_wconf 82' lang='lat' dir='ltr'><strong>fit</strong></span> <span class='ocrx_word' id='word_1_577' title='bbox 1407 1214 1493 1242; x_wconf 86' lang='lat' dir='ltr'><strong>pater.</strong></span> <span class='ocrx_word' id='word_1_578' title='bbox 1510 1207 1595 1243; x_wconf 76' lang='lat' dir='ltr'><strong>Igitur</strong></span> <span class='ocrx_word' id='word_1_579' title='bbox 1614 1208 1656 1235; x_wconf 83' lang='lat' dir='ltr'><strong>lex</strong></span> <span class='ocrx_word' id='word_1_580' title='bbox 1676 1213 1753 1234; x_wconf 72' lang='lat' dir='ltr'><strong>vetns</strong></span> 
     </span>
    </p>
   </div>
   <div class='ocr_carea' id='block_1_84' title="bbox 963 1253 1755 1289">
    <p class='ocr_par' dir='ltr' id='par_1_84' title="bbox 963 1253 1755 1289">
     <span class='ocr_line' id='line_1_84' title="bbox 963 1253 1755 1289; baseline -0.003 -7"><span class='ocrx_word' id='word_1_581' title='bbox 963 1254 1132 1289; x_wconf 82' lang='lat' dir='ltr'><strong>imperfectis</strong></span> <span class='ocrx_word' id='word_1_582' title='bbox 1154 1254 1306 1288; x_wconf 84' lang='lat' dir='ltr'><strong>proposita.</strong></span> <span class='ocrx_word' id='word_1_583' title='bbox 1329 1254 1377 1288; x_wconf 88' lang='lat' dir='ltr'><strong>qni</strong></span> <span class='ocrx_word' id='word_1_584' title='bbox 1405 1262 1453 1289; x_wconf 90' lang='lat' dir='ltr'><strong>per</strong></span> <span class='ocrx_word' id='word_1_585' title='bbox 1478 1253 1544 1281; x_wconf 82' lang='lat' dir='ltr'><strong>deos</strong></span> <span class='ocrx_word' id='word_1_586' title='bbox 1569 1258 1596 1281; x_wconf 84' lang='lat' dir='ltr'><strong>et</strong></span> <span class='ocrx_word' id='word_1_587' title='bbox 1617 1253 1755 1281; x_wconf 48' lang='lat' dir='ltr'><strong>daemones</strong></span> 
     </span>
    </p>
   </div>
   <div class='ocr_carea' id='block_1_85' title="bbox 964 1299 1756 1335">
    <p class='ocr_par' dir='ltr' id='par_1_85' title="bbox 964 1299 1756 1335">
     <span class='ocr_line' id='line_1_85' title="bbox 964 1299 1756 1335; baseline -0.003 -7"><span class='ocrx_word' id='word_1_588' title='bbox 964 1309 1034 1335; x_wconf 88' lang='lat' dir='ltr'><strong>quos</strong></span> <span class='ocrx_word' id='word_1_589' title='bbox 1049 1301 1201 1327; x_wconf 89' lang='lat' dir='ltr'><strong>adorabant</strong></span> <span class='ocrx_word' id='word_1_590' title='bbox 1221 1301 1317 1335; x_wconf 89' lang='lat' dir='ltr'><strong>jurare</strong></span> <span class='ocrx_word' id='word_1_591' title='bbox 1341 1304 1554 1332; x_wconf 82' lang='lat' dir='ltr'><strong>consueverant,</strong></span> <span class='ocrx_word' id='word_1_592' title='bbox 1582 1299 1756 1327; x_wconf 86' lang='lat' dir='ltr'><strong>mactationi-</strong></span> 
     </span>
    </p>
   </div>
   <div class='ocr_carea' id='block_1_86' title="bbox 965 1346 1756 1382">
    <p class='ocr_par' dir='ltr' id='par_1_86' title="bbox 965 1346 1756 1382">
     <span class='ocr_line' id='line_1_86' title="bbox 965 1346 1756 1382; baseline -0.003 -8"><span class='ocrx_word' id='word_1_593' title='bbox 965 1347 1017 1375; x_wconf 89' lang='lat' dir='ltr'><strong>bus</strong></span> <span class='ocrx_word' id='word_1_594' title='bbox 1028 1347 1187 1373; x_wconf 83' lang='lat' dir='ltr'><strong>animalium</strong></span> <span class='ocrx_word' id='word_1_595' title='bbox 1211 1351 1306 1373; x_wconf 89' lang='lat' dir='ltr'><strong>contra</strong></span> <span class='ocrx_word' id='word_1_596' title='bbox 1328 1347 1414 1382; x_wconf 73' lang='lat' dir='ltr'><strong>legem</strong></span> <span class='ocrx_word' id='word_1_597' title='bbox 1440 1346 1576 1374; x_wconf 86' lang='lat' dir='ltr'><strong>assimilat</strong></span> <span class='ocrx_word' id='word_1_598' title='bbox 1591 1353 1650 1378; x_wconf 86' lang='lat' dir='ltr'><strong>eos,</strong></span> <span class='ocrx_word' id='word_1_599' title='bbox 1667 1346 1756 1373; x_wconf 88' lang='lat' dir='ltr'><strong>idolo-</strong></span> 
     </span>
    </p>
   </div>
   <div class='ocr_carea' id='block_1_87' title="bbox 965 1391 1759 1427">
    <p class='ocr_par' dir='ltr' id='par_1_87' title="bbox 965 1391 1759 1427">
     <span class='ocr_line' id='line_1_87' title="bbox 965 1391 1759 1427; baseline -0.001 -8"><span class='ocrx_word' id='word_1_600' title='bbox 965 1392 1073 1420; x_wconf 87' lang='lat' dir='ltr'><strong>latriam</strong></span> <span class='ocrx_word' id='word_1_601' title='bbox 1090 1392 1258 1427; x_wconf 86' lang='lat' dir='ltr'><strong>reprimens;</strong></span> <span class='ocrx_word' id='word_1_602' title='bbox 1276 1393 1317 1420; x_wconf 86' lang='lat' dir='ltr'><strong>sic</strong></span> <span class='ocrx_word' id='word_1_603' title='bbox 1332 1396 1359 1419; x_wconf 89' lang='lat' dir='ltr'><strong>et</strong></span> <span class='ocrx_word' id='word_1_604' title='bbox 1381 1392 1549 1426; x_wconf 88' lang='lat' dir='ltr'><strong>jnramenta,</strong></span> <span class='ocrx_word' id='word_1_605' title='bbox 1566 1391 1631 1418; x_wconf 90' lang='lat' dir='ltr'><strong>dum</strong></span> <span class='ocrx_word' id='word_1_606' title='bbox 1648 1391 1759 1426; x_wconf 74' lang='lat' dir='ltr'><strong>penitus</strong></span> 
     </span>
    </p>
   </div>
   <div class='ocr_carea' id='block_1_88' title="bbox 966 1436 1756 1472">
    <p class='ocr_par' dir='ltr' id='par_1_88' title="bbox 966 1436 1756 1472">
     <span class='ocr_line' id='line_1_88' title="bbox 966 1436 1756 1472; baseline -0.003 -7"><span class='ocrx_word' id='word_1_607' title='bbox 966 1437 1075 1465; x_wconf 85' lang='lat' dir='ltr'><strong>auferre</strong></span> <span class='ocrx_word' id='word_1_608' title='bbox 1092 1446 1147 1465; x_wconf 93' lang='lat' dir='ltr'><strong>non</strong></span> <span class='ocrx_word' id='word_1_609' title='bbox 1159 1441 1343 1472; x_wconf 88' lang='lat' dir='ltr'><strong>opportunum</strong></span> <span class='ocrx_word' id='word_1_610' title='bbox 1356 1438 1462 1468; x_wconf 81' lang='lat' dir='ltr'><strong>habuit,</strong></span> <span class='ocrx_word' id='word_1_611' title='bbox 1478 1436 1600 1465; x_wconf 83' lang='lat' dir='ltr'><strong>referens</strong></span> <span class='ocrx_word' id='word_1_612' title='bbox 1613 1437 1646 1464; x_wconf 86' lang='lat' dir='ltr'><strong>ad</strong></span> <span class='ocrx_word' id='word_1_613' title='bbox 1661 1437 1756 1470; x_wconf 87' lang='lat' dir='ltr'><strong>Deum,</strong></span> 
     </span>
    </p>
   </div>
   <div class='ocr_carea' id='block_1_89' title="bbox 967 1483 1759 1518">
    <p class='ocr_par' dir='ltr' id='par_1_89' title="bbox 967 1483 1759 1518">
     <span class='ocr_line' id='line_1_89' title="bbox 967 1483 1759 1518; baseline -0.001 -7"><span class='ocrx_word' id='word_1_614' title='bbox 967 1484 1000 1511; x_wconf 90' lang='lat' dir='ltr'><strong>ad</strong></span> <span class='ocrx_word' id='word_1_615' title='bbox 1029 1484 1187 1518; x_wconf 82' lang='lat' dir='ltr'><strong>religiosum</strong></span> <span class='ocrx_word' id='word_1_616' title='bbox 1215 1483 1410 1518; x_wconf 81' lang='lat' dir='ltr'><strong>jusjurandum</strong></span> <span class='ocrx_word' id='word_1_617' title='bbox 1437 1483 1569 1511; x_wconf 86' lang='lat' dir='ltr'><strong>restituit.</strong></span> <span class='ocrx_word' id='word_1_618' title='bbox 1598 1483 1759 1517; x_wconf 85' lang='lat' dir='ltr'><strong>Opportune</strong></span> 
     </span>
    </p>
   </div>
   <div class='ocr_carea' id='block_1_90' title="bbox 968 1528 1759 1564">
    <p class='ocr_par' dir='ltr' id='par_1_90' title="bbox 968 1528 1759 1564">
     <span class='ocr_line' id='line_1_90' title="bbox 968 1528 1759 1564; baseline -0.003 -8"><span class='ocrx_word' id='word_1_619' title='bbox 968 1534 1058 1556; x_wconf 88' lang='lat' dir='ltr'><strong>autem</strong></span> <span class='ocrx_word' id='word_1_620' title='bbox 1076 1530 1163 1564; x_wconf 74' lang='lat' dir='ltr'><strong>gratia</strong></span> <span class='ocrx_word' id='word_1_621' title='bbox 1180 1528 1245 1557; x_wconf 82' lang='lat' dir='ltr'><strong>Jesu</strong></span> <span class='ocrx_word' id='word_1_622' title='bbox 1261 1528 1366 1556; x_wconf 85' lang='lat' dir='ltr'><strong>Christi</strong></span> <span class='ocrx_word' id='word_1_623' title='bbox 1389 1529 1461 1556; x_wconf 84' lang='lat' dir='ltr'><strong>sicut</strong></span> <span class='ocrx_word' id='word_1_624' title='bbox 1479 1528 1521 1555; x_wconf 88' lang='lat' dir='ltr'><strong>sol</strong></span> <span class='ocrx_word' id='word_1_625' title='bbox 1540 1528 1634 1556; x_wconf 88' lang='lat' dir='ltr'><strong>oriens</strong></span> <span class='ocrx_word' id='word_1_626' title='bbox 1649 1533 1678 1555; x_wconf 87' lang='lat' dir='ltr'><strong>et</strong></span> <span class='ocrx_word' id='word_1_627' title='bbox 1689 1528 1759 1554; x_wconf 91' lang='lat' dir='ltr'><strong>vivi-</strong></span> 
     </span>
    </p>
   </div>
   <div class='ocr_carea' id='block_1_91' title="bbox 967 1575 1761 1611">
    <p class='ocr_par' dir='ltr' id='par_1_91' title="bbox 967 1575 1761 1611">
     <span class='ocr_line' id='line_1_91' title="bbox 967 1575 1761 1611; baseline -0.005 -7"><span class='ocrx_word' id='word_1_628' title='bbox 967 1576 1038 1604; x_wconf 90' lang='lat' dir='ltr'><strong>diori</strong></span> <span class='ocrx_word' id='word_1_629' title='bbox 1051 1575 1174 1603; x_wconf 86' lang='lat' dir='ltr'><strong>veritatis</strong></span> <span class='ocrx_word' id='word_1_630' title='bbox 1190 1576 1251 1603; x_wconf 91' lang='lat' dir='ltr'><strong>luce</strong></span> <span class='ocrx_word' id='word_1_631' title='bbox 1265 1576 1332 1611; x_wconf 76' lang='lat' dir='ltr'><strong>legis</strong></span> <span class='ocrx_word' id='word_1_632' title='bbox 1348 1576 1486 1602; x_wconf 88' lang='lat' dir='ltr'><strong>lucernam</strong></span> <span class='ocrx_word' id='word_1_633' title='bbox 1504 1581 1685 1609; x_wconf 83' lang='lat' dir='ltr'><strong>exsuperans,</strong></span> <span class='ocrx_word' id='word_1_634' title='bbox 1702 1579 1761 1601; x_wconf 87' lang='lat' dir='ltr'><strong>tum</strong></span> 
     </span>
    </p>
   </div>
   <div class='ocr_carea' id='block_1_92' title="bbox 968 1621 1759 1658">
    <p class='ocr_par' dir='ltr' id='par_1_92' title="bbox 968 1621 1759 1658">
     <span class='ocr_line' id='line_1_92' title="bbox 968 1621 1759 1658; baseline -0.001 -10"><span class='ocrx_word' id='word_1_635' title='bbox 968 1622 996 1649; x_wconf 94' lang='lat' dir='ltr'><strong>in</strong></span> <span class='ocrx_word' id='word_1_636' title='bbox 1016 1622 1116 1650; x_wconf 91' lang='lat' dir='ltr'><strong>divinis</strong></span> <span class='ocrx_word' id='word_1_637' title='bbox 1132 1621 1298 1658; x_wconf 74' lang='lat' dir='ltr'><strong>Evangeliis,</strong></span> <span class='ocrx_word' id='word_1_638' title='bbox 1320 1626 1376 1649; x_wconf 90' lang='lat' dir='ltr'><strong>tum</strong></span> <span class='ocrx_word' id='word_1_639' title='bbox 1399 1622 1426 1649; x_wconf 94' lang='lat' dir='ltr'><strong>in</strong></span> <span class='ocrx_word' id='word_1_640' title='bbox 1450 1621 1617 1657; x_wconf 77' lang='lat' dir='ltr'><strong>evangelicis</strong></span> <span class='ocrx_word' id='word_1_641' title='bbox 1635 1621 1759 1648; x_wconf 86' lang='lat' dir='ltr'><strong>doctori-</strong></span> 
     </span>
    </p>
   </div>
   <div class='ocr_carea' id='block_1_93' title="bbox 968 1665 1758 1701">
    <p class='ocr_par' dir='ltr' id='par_1_93' title="bbox 968 1665 1758 1701">
     <span class='ocr_line' id='line_1_93' title="bbox 968 1665 1758 1701; baseline -0.005 -7"><span class='ocrx_word' id='word_1_642' title='bbox 968 1668 1030 1699; x_wconf 88' lang='lat' dir='ltr'><strong>bus,</strong></span> <span class='ocrx_word' id='word_1_643' title='bbox 1055 1667 1127 1695; x_wconf 87' lang='lat' dir='ltr'><strong>sicut</strong></span> <span class='ocrx_word' id='word_1_644' title='bbox 1152 1674 1260 1694; x_wconf 87' lang='lat' dir='ltr'><strong>onmem</strong></span> <span class='ocrx_word' id='word_1_645' title='bbox 1286 1667 1446 1694; x_wconf 88' lang='lat' dir='ltr'><strong>animalium</strong></span> <span class='ocrx_word' id='word_1_646' title='bbox 1470 1674 1585 1701; x_wconf 83' lang='lat' dir='ltr'><strong>prorsns</strong></span> <span class='ocrx_word' id='word_1_647' title='bbox 1606 1665 1758 1698; x_wconf 73' lang='lat' dir='ltr'><strong>victimam,</strong></span> 
     </span>
    </p>
   </div>
   <div class='ocr_carea' id='block_1_94' title="bbox 969 1712 1763 1748">
    <p class='ocr_par' dir='ltr' id='par_1_94' title="bbox 969 1712 1763 1748">
     <span class='ocr_line' id='line_1_94' title="bbox 969 1712 1763 1748; baseline -0.004 -7"><span class='ocrx_word' id='word_1_648' title='bbox 969 1714 1010 1741; x_wconf 86' lang='lat' dir='ltr'><strong>sic</strong></span> <span class='ocrx_word' id='word_1_649' title='bbox 1024 1718 1051 1741; x_wconf 86' lang='lat' dir='ltr'><strong>et</strong></span> <span class='ocrx_word' id='word_1_650' title='bbox 1067 1722 1149 1741; x_wconf 89' lang='lat' dir='ltr'><strong>omne</strong></span> <span class='ocrx_word' id='word_1_651' title='bbox 1165 1713 1352 1748; x_wconf 88' lang='lat' dir='ltr'><strong>juramentum</strong></span> <span class='ocrx_word' id='word_1_652' title='bbox 1371 1721 1426 1740; x_wconf 87' lang='lat' dir='ltr'><strong>una</strong></span> <span class='ocrx_word' id='word_1_653' title='bbox 1446 1713 1506 1747; x_wconf 75' lang='lat' dir='ltr'><strong>lege</strong></span> <span class='ocrx_word' id='word_1_654' title='bbox 1525 1712 1671 1747; x_wconf 82' lang='lat' dir='ltr'><strong>explodere</strong></span> <span class='ocrx_word' id='word_1_655' title='bbox 1689 1719 1763 1746; x_wconf 75' lang='lat' dir='ltr'><strong>pra:-</strong></span> 
     </span>
    </p>
   </div>
   <div class='ocr_carea' id='block_1_95' title="bbox 969 1758 1764 1794">
    <p class='ocr_par' dir='ltr' id='par_1_95' title="bbox 969 1758 1764 1794">
     <span class='ocr_line' id='line_1_95' title="bbox 969 1758 1764 1794; baseline -0.005 -7"><span class='ocrx_word' id='word_1_656' title='bbox 969 1760 1077 1787; x_wconf 88' lang='lat' dir='ltr'><strong>scribit.</strong></span> <span class='ocrx_word' id='word_1_657' title='bbox 1088 1759 1230 1792; x_wconf 82' lang='lat' dir='ltr'><strong>Quomodo</strong></span> <span class='ocrx_word' id='word_1_658' title='bbox 1245 1767 1321 1794; x_wconf 77' lang='lat' dir='ltr'><strong>ergo.</strong></span> <span class='ocrx_word' id='word_1_659' title='bbox 1337 1759 1437 1794; x_wconf 82' lang='lat' dir='ltr'><strong>inquit,</strong></span> <span class='ocrx_word' id='word_1_660' title='bbox 1452 1758 1532 1786; x_wconf 83' lang='lat' dir='ltr'><strong>ﬁdem</strong></span> <span class='ocrx_word' id='word_1_661' title='bbox 1548 1758 1688 1785; x_wconf 79' lang='lat' dir='ltr'><strong>inter-illos</strong></span> <span class='ocrx_word' id='word_1_662' title='bbox 1698 1764 1764 1784; x_wconf 89' lang='lat' dir='ltr'><strong>cum</strong></span> 
     </span>
    </p>
   </div>
   <div class='ocr_carea' id='block_1_96' title="bbox 969 1803 1767 1841">
    <p class='ocr_par' dir='ltr' id='par_1_96' title="bbox 969 1803 1767 1841">
     <span class='ocr_line' id='line_1_96' title="bbox 969 1803 1767 1841; baseline -0.004 -8"><span class='ocrx_word' id='word_1_663' title='bbox 969 1807 1070 1841; x_wconf 86' lang='lat' dir='ltr'><strong>quibus</strong></span> <span class='ocrx_word' id='word_1_664' title='bbox 1087 1806 1226 1840; x_wconf 86' lang='lat' dir='ltr'><strong>loquimur</strong></span> <span class='ocrx_word' id='word_1_665' title='bbox 1250 1805 1453 1833; x_wconf 82' lang='lat' dir='ltr'><strong>obtinebimus?</strong></span> <span class='ocrx_word' id='word_1_666' title='bbox 1472 1804 1547 1831; x_wconf 87' lang='lat' dir='ltr'><strong>Patet</strong></span> <span class='ocrx_word' id='word_1_667' title='bbox 1563 1804 1672 1839; x_wconf 87' lang='lat' dir='ltr'><strong>quidem</strong></span> <span class='ocrx_word' id='word_1_668' title='bbox 1689 1803 1767 1838; x_wconf 77' lang='lat' dir='ltr'><strong>quod.</strong></span> 
     </span>
    </p>
   </div>
   <div class='ocr_carea' id='block_1_97' title="bbox 969 1850 1764 1880">
    <p class='ocr_par' dir='ltr' id='par_1_97' title="bbox 969 1850 1764 1880">
     <span class='ocr_line' id='line_1_97' title="bbox 969 1850 1764 1880; baseline -0.006 0"><span class='ocrx_word' id='word_1_669' title='bbox 969 1853 1054 1880; x_wconf 85' lang='lat' dir='ltr'><strong>verbo</strong></span> <span class='ocrx_word' id='word_1_670' title='bbox 1075 1860 1140 1879; x_wconf 88' lang='lat' dir='ltr'><strong>vero</strong></span> <span class='ocrx_word' id='word_1_671' title='bbox 1162 1852 1277 1880; x_wconf 85' lang='lat' dir='ltr'><strong>stabiles</strong></span> <span class='ocrx_word' id='word_1_672' title='bbox 1301 1855 1328 1879; x_wconf 88' lang='lat' dir='ltr'><strong>et</strong></span> <span class='ocrx_word' id='word_1_673' title='bbox 1346 1850 1455 1878; x_wconf 89' lang='lat' dir='ltr'><strong>vivendi</strong></span> <span class='ocrx_word' id='word_1_674' title='bbox 1481 1851 1588 1878; x_wconf 88' lang='lat' dir='ltr'><strong>ratione</strong></span> <span class='ocrx_word' id='word_1_675' title='bbox 1608 1851 1764 1877; x_wconf 75' lang='lat' dir='ltr'><strong>secundum</strong></span> 
     </span>
    </p>
   </div>
   <div class='ocr_carea' id='block_1_98' title="bbox 970 1895 1759 1927">
    <p class='ocr_par' dir='ltr' id='par_1_98' title="bbox 970 1895 1759 1927">
     <span class='ocr_line' id='line_1_98' title="bbox 970 1895 1759 1927; baseline -0.004 -3"><span class='ocrx_word' id='word_1_676' title='bbox 970 1897 1100 1925; x_wconf 87' lang='lat' dir='ltr'><strong>virtutem</strong></span> <span class='ocrx_word' id='word_1_677' title='bbox 1122 1901 1150 1925; x_wconf 88' lang='lat' dir='ltr'><strong>et</strong></span> <span class='ocrx_word' id='word_1_678' title='bbox 1166 1905 1292 1925; x_wconf 88' lang='lat' dir='ltr'><strong>veracem</strong></span> <span class='ocrx_word' id='word_1_679' title='bbox 1319 1905 1424 1924; x_wconf 85' lang='lat' dir='ltr'><strong>morem</strong></span> <span class='ocrx_word' id='word_1_680' title='bbox 1450 1897 1528 1923; x_wconf 82' lang='lat' dir='ltr'><strong>tidem</strong></span> <span class='ocrx_word' id='word_1_681' title='bbox 1554 1895 1683 1927; x_wconf 78' lang='lat' dir='ltr'><strong>faciente,</strong></span> <span class='ocrx_word' id='word_1_682' title='bbox 1706 1902 1759 1922; x_wconf 89' lang='lat' dir='ltr'><strong>ser-</strong></span> 
     </span>
    </p>
   </div>
   <div class='ocr_carea' id='block_1_99' title="bbox 972 1943 1766 1977">
    <p class='ocr_par' dir='ltr' id='par_1_99' title="bbox 972 1943 1766 1977">
     <span class='ocr_line' id='line_1_99' title="bbox 972 1943 1766 1977; baseline -0.004 -6"><span class='ocrx_word' id='word_1_683' title='bbox 972 1944 1061 1971; x_wconf 90' lang='lat' dir='ltr'><strong>monis</strong></span> <span class='ocrx_word' id='word_1_684' title='bbox 1092 1943 1261 1970; x_wconf 86' lang='lat' dir='ltr'><strong>accurationi</strong></span> <span class='ocrx_word' id='word_1_685' title='bbox 1298 1947 1360 1977; x_wconf 85' lang='lat' dir='ltr'><strong>apte</strong></span> <span class='ocrx_word' id='word_1_686' title='bbox 1395 1949 1575 1976; x_wconf 72' lang='lat' dir='ltr'><strong>assequemur</strong></span> <span class='ocrx_word' id='word_1_687' title='bbox 1608 1948 1766 1968; x_wconf 79' lang='lat' dir='ltr'><strong>assensum.</strong></span> 
     </span>
    </p>
   </div>
   <div class='ocr_carea' id='block_1_100' title="bbox 971 1987 1766 2023">
    <p class='ocr_par' dir='ltr' id='par_1_100' title="bbox 971 1987 1766 2023">
     <span class='ocr_line' id='line_1_100' title="bbox 971 1987 1766 2023; baseline -0.006 -6"><span class='ocrx_word' id='word_1_688' title='bbox 971 1990 1039 2023; x_wconf 85' lang='lat' dir='ltr'><strong>Quis</strong></span> <span class='ocrx_word' id='word_1_689' title='bbox 1056 1989 1129 2017; x_wconf 89' lang='lat' dir='ltr'><strong>enim</strong></span> <span class='ocrx_word' id='word_1_690' title='bbox 1151 1997 1306 2017; x_wconf 86' lang='lat' dir='ltr'><strong>sermonem</strong></span> <span class='ocrx_word' id='word_1_691' title='bbox 1330 1989 1381 2015; x_wconf 87' lang='lat' dir='ltr'><strong>viri</strong></span> <span class='ocrx_word' id='word_1_692' title='bbox 1403 1988 1518 2015; x_wconf 87' lang='lat' dir='ltr'><strong>audiens</strong></span> <span class='ocrx_word' id='word_1_693' title='bbox 1539 1995 1647 2022; x_wconf 86' lang='lat' dir='ltr'><strong>semper</strong></span> <span class='ocrx_word' id='word_1_694' title='bbox 1661 1987 1766 2013; x_wconf 87' lang='lat' dir='ltr'><strong>verita-</strong></span> 
     </span>
    </p>
   </div>
   <div class='ocr_carea' id='block_1_101' title="bbox 972 2032 1764 2065">
    <p class='ocr_par' dir='ltr' id='par_1_101' title="bbox 972 2032 1764 2065">
     <span class='ocr_line' id='line_1_101' title="bbox 972 2032 1764 2065; baseline -0.006 -2"><span class='ocrx_word' id='word_1_695' title='bbox 972 2042 1025 2064; x_wconf 89' lang='lat' dir='ltr'><strong>tem</strong></span> <span class='ocrx_word' id='word_1_696' title='bbox 1043 2036 1168 2063; x_wconf 85' lang='lat' dir='ltr'><strong>facientis</strong></span> <span class='ocrx_word' id='word_1_697' title='bbox 1193 2040 1220 2063; x_wconf 91' lang='lat' dir='ltr'><strong>et</strong></span> <span class='ocrx_word' id='word_1_698' title='bbox 1245 2036 1372 2065; x_wconf 70' lang='lat' dir='ltr'><strong>dicentis.</strong></span> <span class='ocrx_word' id='word_1_699' title='bbox 1397 2034 1588 2062; x_wconf 76' lang='lat' dir='ltr'><strong>obsistendum</strong></span> <span class='ocrx_word' id='word_1_700' title='bbox 1614 2037 1662 2060; x_wconf 85' lang='lat' dir='ltr'><strong>aut</strong></span> <span class='ocrx_word' id='word_1_701' title='bbox 1684 2032 1764 2059; x_wconf 90' lang='lat' dir='ltr'><strong>dubi-</strong></span> 
     </span>
    </p>
   </div>
   <div class='ocr_carea' id='block_1_102' title="bbox 973 2078 1764 2110">
    <p class='ocr_par' dir='ltr' id='par_1_102' title="bbox 973 2078 1764 2110">
     <span class='ocr_line' id='line_1_102' title="bbox 973 2078 1764 2110; baseline -0.008 0"><span class='ocrx_word' id='word_1_702' title='bbox 973 2083 1086 2110; x_wconf 81' lang='lat' dir='ltr'><strong>tandum</strong></span> <span class='ocrx_word' id='word_1_703' title='bbox 1107 2082 1254 2108; x_wconf 81' lang='lat' dir='ltr'><strong>habuerit?</strong></span> <span class='ocrx_word' id='word_1_704' title='bbox 1276 2082 1312 2109; x_wconf 85' lang='lat' dir='ltr'><strong>sit</strong></span> <span class='ocrx_word' id='word_1_705' title='bbox 1334 2081 1377 2107; x_wconf 90' lang='lat' dir='ltr'><strong>cni</strong></span> <span class='ocrx_word' id='word_1_706' title='bbox 1398 2089 1457 2108; x_wconf 86' lang='lat' dir='ltr'><strong>mos</strong></span> <span class='ocrx_word' id='word_1_707' title='bbox 1474 2079 1647 2106; x_wconf 80' lang='lat' dir='ltr'><strong>mendacium</strong></span> <span class='ocrx_word' id='word_1_708' title='bbox 1668 2078 1764 2105; x_wconf 81' lang='lat' dir='ltr'><strong>fovens</strong></span> 
     </span>
    </p>
   </div>
   <div class='ocr_carea' id='block_1_103' title="bbox 972 2123 1762 2162">
    <p class='ocr_par' dir='ltr' id='par_1_103' title="bbox 972 2123 1762 2162">
     <span class='ocr_line' id='line_1_103' title="bbox 972 2123 1762 2162; baseline -0.005 -8"><span class='ocrx_word' id='word_1_709' title='bbox 972 2133 1000 2154; x_wconf 89' lang='lat' dir='ltr'><strong>et</strong></span> <span class='ocrx_word' id='word_1_710' title='bbox 1017 2127 1136 2162; x_wconf 82' lang='lat' dir='ltr'><strong>peccatis</strong></span> <span class='ocrx_word' id='word_1_711' title='bbox 1161 2131 1216 2153; x_wconf 85' lang='lat' dir='ltr'><strong>tota</strong></span> <span class='ocrx_word' id='word_1_712' title='bbox 1233 2126 1287 2153; x_wconf 86' lang='lat' dir='ltr'><strong>vita</strong></span> <span class='ocrx_word' id='word_1_713' title='bbox 1302 2126 1457 2161; x_wconf 84' lang='lat' dir='ltr'><strong>indulgens,</strong></span> <span class='ocrx_word' id='word_1_714' title='bbox 1470 2124 1515 2152; x_wconf 88' lang='lat' dir='ltr'><strong>isti</strong></span> <span class='ocrx_word' id='word_1_715' title='bbox 1531 2124 1573 2152; x_wconf 87' lang='lat' dir='ltr'><strong>vel</strong></span> <span class='ocrx_word' id='word_1_716' title='bbox 1588 2123 1692 2159; x_wconf 88' lang='lat' dir='ltr'><strong>juranti</strong></span> <span class='ocrx_word' id='word_1_717' title='bbox 1708 2131 1762 2150; x_wconf 91' lang='lat' dir='ltr'><strong>non</strong></span> 
     </span>
    </p>
   </div>
   <div class='ocr_carea' id='block_1_104' title="bbox 974 2168 1767 2207">
    <p class='ocr_par' dir='ltr' id='par_1_104' title="bbox 974 2168 1767 2207">
     <span class='ocr_line' id='line_1_104' title="bbox 974 2168 1767 2207; baseline -0.006 -7"><span class='ocrx_word' id='word_1_718' title='bbox 974 2173 1055 2201; x_wconf 87' lang='lat' dir='ltr'><strong>facile</strong></span> <span class='ocrx_word' id='word_1_719' title='bbox 1072 2172 1225 2200; x_wconf 82' lang='lat' dir='ltr'><strong>confideret</strong></span> <span class='ocrx_word' id='word_1_720' title='bbox 1245 2172 1335 2207; x_wconf 83' lang='lat' dir='ltr'><strong>quivis</strong></span> <span class='ocrx_word' id='word_1_721' title='bbox 1352 2181 1358 2197; x_wconf 93' lang='lat'><strong><em>:</em></strong></span> <span class='ocrx_word' id='word_1_722' title='bbox 1382 2179 1448 2199; x_wconf 74' lang='lat' dir='ltr'><strong>ecce</strong></span> <span class='ocrx_word' id='word_1_723' title='bbox 1473 2178 1577 2206; x_wconf 81' lang='lat' dir='ltr'><strong>negans</strong></span> <span class='ocrx_word' id='word_1_724' title='bbox 1597 2174 1624 2197; x_wconf 88' lang='lat' dir='ltr'><strong>et</strong></span> <span class='ocrx_word' id='word_1_725' title='bbox 1647 2168 1767 2196; x_wconf 84' lang='lat' dir='ltr'><strong>irridens</strong></span> 
     </span>
    </p>
   </div>
   <div class='ocr_carea' id='block_1_105' title="bbox 977 2215 1765 2253">
    <p class='ocr_par' dir='ltr' id='par_1_105' title="bbox 977 2215 1765 2253">
     <span class='ocr_line' id='line_1_105' title="bbox 977 2215 1765 2253; baseline -0.008 -6"><span class='ocrx_word' id='word_1_726' title='bbox 977 2218 1060 2247; x_wconf 85' lang='lat' dir='ltr'><strong>Deum</strong></span> <span class='ocrx_word' id='word_1_727' title='bbox 1076 2223 1103 2247; x_wconf 83' lang='lat' dir='ltr'><strong>et</strong></span> <span class='ocrx_word' id='word_1_728' title='bbox 1118 2223 1300 2253; x_wconf 85' lang='lat' dir='ltr'><strong>contemptor,</strong></span> <span class='ocrx_word' id='word_1_729' title='bbox 1325 2222 1353 2245; x_wconf 90' lang='lat' dir='ltr'><strong>et</strong></span> <span class='ocrx_word' id='word_1_730' title='bbox 1379 2217 1553 2251; x_wconf 75' lang='lat' dir='ltr'><strong>negationem</strong></span> <span class='ocrx_word' id='word_1_731' title='bbox 1576 2220 1694 2243; x_wconf 86' lang='lat' dir='ltr'><strong>testatur</strong></span> <span class='ocrx_word' id='word_1_732' title='bbox 1714 2215 1765 2242; x_wconf 86' lang='lat' dir='ltr'><strong>fal-.</strong></span> 
     </span>
    </p>
   </div>
   <div class='ocr_carea' id='block_1_106' title="bbox 977 2261 1770 2300">
    <p class='ocr_par' dir='ltr' id='par_1_106' title="bbox 977 2261 1770 2300">
     <span class='ocr_line' id='line_1_106' title="bbox 977 2261 1770 2300; baseline -0.008 -7"><span class='ocrx_word' id='word_1_733' title='bbox 977 2274 1037 2294; x_wconf 85' lang='lat' dir='ltr'><strong>smn</strong></span> <span class='ocrx_word' id='word_1_734' title='bbox 1052 2266 1250 2300; x_wconf 85' lang='lat' dir='ltr'><strong>juramentum.</strong></span> <span class='ocrx_word' id='word_1_735' title='bbox 1266 2264 1306 2291; x_wconf 88' lang='lat' dir='ltr'><strong>Ad</strong></span> <span class='ocrx_word' id='word_1_736' title='bbox 1329 2263 1396 2299; x_wconf 87' lang='lat' dir='ltr'><strong>quid</strong></span> <span class='ocrx_word' id='word_1_737' title='bbox 1413 2263 1487 2290; x_wconf 87' lang='lat' dir='ltr'><strong>enim</strong></span> <span class='ocrx_word' id='word_1_738' title='bbox 1506 2262 1553 2290; x_wconf 84' lang='lat' dir='ltr'><strong>tibi</strong></span> <span class='ocrx_word' id='word_1_739' title='bbox 1574 2262 1657 2289; x_wconf 84' lang='lat' dir='ltr'><strong>Deum</strong></span> <span class='ocrx_word' id='word_1_740' title='bbox 1671 2261 1770 2296; x_wconf 81' lang='lat' dir='ltr'><strong>jurare</strong></span> 
     </span>
    </p>
   </div>
   <div class='ocr_carea' id='block_1_107' title="bbox 975 2306 1767 2341">
    <p class='ocr_par' dir='ltr' id='par_1_107' title="bbox 975 2306 1767 2341">
     <span class='ocr_line' id='line_1_107' title="bbox 975 2306 1767 2341; baseline -0.01 -2"><span class='ocrx_word' id='word_1_741' title='bbox 975 2316 1003 2339; x_wconf 85' lang='lat' dir='ltr'><strong>et</strong></span> <span class='ocrx_word' id='word_1_742' title='bbox 1018 2311 1189 2339; x_wconf 87' lang='lat' dir='ltr'><strong>tremendum</strong></span> <span class='ocrx_word' id='word_1_743' title='bbox 1209 2318 1317 2341; x_wconf 82' lang='lat' dir='ltr'><strong>nomen,</strong></span> <span class='ocrx_word' id='word_1_744' title='bbox 1340 2309 1499 2336; x_wconf 65' lang='lat' dir='ltr'><strong>cozlestibus</strong></span> <span class='ocrx_word' id='word_1_745' title='bbox 1522 2308 1650 2335; x_wconf 89' lang='lat' dir='ltr'><strong>omnibus</strong></span> <span class='ocrx_word' id='word_1_746' title='bbox 1666 2306 1767 2334; x_wconf 84' lang='lat' dir='ltr'><strong>intelli-</strong></span> 
     </span>
    </p>
   </div>
   <div class='ocr_carea' id='block_1_108' title="bbox 974 2355 1767 2393">
    <p class='ocr_par' dir='ltr' id='par_1_108' title="bbox 974 2355 1767 2393">
     <span class='ocr_line' id='line_1_108' title="bbox 974 2355 1767 2393; baseline -0.008 -8"><span class='ocrx_word' id='word_1_747' title='bbox 974 2359 1074 2393; x_wconf 74' lang='lat' dir='ltr'><strong>gentiis</strong></span> <span class='ocrx_word' id='word_1_748' title='bbox 1090 2356 1264 2384; x_wconf 85' lang='lat' dir='ltr'><strong>metuendum</strong></span> <span class='ocrx_word' id='word_1_749' title='bbox 1280 2361 1306 2383; x_wconf 91' lang='lat' dir='ltr'><strong>et</strong></span> <span class='ocrx_word' id='word_1_750' title='bbox 1321 2355 1509 2387; x_wconf 81' lang='lat' dir='ltr'><strong>reverendum,</strong></span> <span class='ocrx_word' id='word_1_751' title='bbox 1520 2355 1547 2381; x_wconf 94' lang='lat' dir='ltr'><strong>in</strong></span> <span class='ocrx_word' id='word_1_752' title='bbox 1566 2361 1666 2380; x_wconf 81' lang='lat' dir='ltr'><strong>vanum</strong></span> <span class='ocrx_word' id='word_1_753' title='bbox 1687 2360 1767 2380; x_wconf 86' lang='lat' dir='ltr'><strong>assu-</strong></span> 
     </span>
    </p>
   </div>
   <div class='ocr_carea' id='block_1_109' title="bbox 975 2400 1770 2431">
    <p class='ocr_par' dir='ltr' id='par_1_109' title="bbox 975 2400 1770 2431">
     <span class='ocr_line' id='line_1_109' title="bbox 975 2400 1770 2431; baseline -0.008 0"><span class='ocrx_word' id='word_1_754' title='bbox 975 2404 1067 2431; x_wconf 80' lang='lat' dir='ltr'><strong>mere?</strong></span> <span class='ocrx_word' id='word_1_755' title='bbox 1080 2403 1108 2430; x_wconf 90' lang='lat' dir='ltr'><strong>Si</strong></span> <span class='ocrx_word' id='word_1_756' title='bbox 1124 2403 1158 2431; x_wconf 88' lang='lat' dir='ltr'><strong>de</strong></span> <span class='ocrx_word' id='word_1_757' title='bbox 1175 2402 1340 2430; x_wconf 82' lang='lat' dir='ltr'><strong>necessariis</strong></span> <span class='ocrx_word' id='word_1_758' title='bbox 1355 2402 1389 2428; x_wconf 89' lang='lat' dir='ltr'><strong>ad</strong></span> <span class='ocrx_word' id='word_1_759' title='bbox 1412 2401 1526 2428; x_wconf 72' lang='lat' dir='ltr'><strong>salutetur</strong></span> <span class='ocrx_word' id='word_1_760' title='bbox 1545 2400 1592 2427; x_wconf 86' lang='lat' dir='ltr'><strong>tibi</strong></span> <span class='ocrx_word' id='word_1_761' title='bbox 1610 2407 1701 2427; x_wconf 89' lang='lat' dir='ltr'><strong>sermo</strong></span> <span class='ocrx_word' id='word_1_762' title='bbox 1714 2403 1770 2431; x_wconf 86' lang='lat' dir='ltr'><strong>est,_</strong></span> 
     </span>
    </p>
   </div>
   <div class='ocr_carea' id='block_1_110' title="bbox 976 2444 1767 2482">
    <p class='ocr_par' dir='ltr' id='par_1_110' title="bbox 976 2444 1767 2482">
     <span class='ocr_line' id='line_1_110' title="bbox 976 2444 1767 2482; baseline -0.006 -6"><span class='ocrx_word' id='word_1_763' title='bbox 976 2449 1075 2476; x_wconf 87' lang='lat' dir='ltr'><strong>modus</strong></span> <span class='ocrx_word' id='word_1_764' title='bbox 1095 2448 1122 2476; x_wconf 91' lang='lat' dir='ltr'><strong>in</strong></span> <span class='ocrx_word' id='word_1_765' title='bbox 1142 2448 1232 2475; x_wconf 87' lang='lat' dir='ltr'><strong>medio</strong></span> <span class='ocrx_word' id='word_1_766' title='bbox 1257 2447 1416 2482; x_wconf 90' lang='lat' dir='ltr'><strong>propositus</strong></span> <span class='ocrx_word' id='word_1_767' title='bbox 1442 2446 1525 2481; x_wconf 88' lang='lat' dir='ltr'><strong>impio</strong></span> <span class='ocrx_word' id='word_1_768' title='bbox 1545 2445 1579 2474; x_wconf 86' lang='lat' dir='ltr'><strong>ad</strong></span> <span class='ocrx_word' id='word_1_769' title='bbox 1595 2445 1673 2472; x_wconf 82' lang='lat' dir='ltr'><strong>fidem</strong></span> <span class='ocrx_word' id='word_1_770' title='bbox 1691 2444 1767 2472; x_wconf 71' lang='lat' dir='ltr'><strong>suili~</strong></span> 
     </span>
    </p>
   </div>
   <div class='ocr_carea' id='block_1_111' title="bbox 976 2491 1769 2529">
    <p class='ocr_par' dir='ltr' id='par_1_111' title="bbox 976 2491 1769 2529">
     <span class='ocr_line' id='line_1_111' title="bbox 976 2491 1769 2529; baseline -0.004 -7"><span class='ocrx_word' id='word_1_771' title='bbox 976 2495 1040 2528; x_wconf 84' lang='lat' dir='ltr'><strong>ciet.</strong></span> <span class='ocrx_word' id='word_1_772' title='bbox 1060 2494 1128 2521; x_wconf 81' lang='lat' dir='ltr'><strong>Novi</strong></span> <span class='ocrx_word' id='word_1_773' title='bbox 1144 2498 1172 2521; x_wconf 91' lang='lat' dir='ltr'><strong>et</strong></span> <span class='ocrx_word' id='word_1_774' title='bbox 1192 2501 1353 2529; x_wconf 89' lang='lat' dir='ltr'><strong>persuasum</strong></span> <span class='ocrx_word' id='word_1_775' title='bbox 1372 2493 1458 2520; x_wconf 80' lang='lat' dir='ltr'><strong>habeo</strong></span> <span class='ocrx_word' id='word_1_776' title='bbox 1477 2493 1503 2519; x_wconf 90' lang='lat' dir='ltr'><strong>in</strong></span> <span class='ocrx_word' id='word_1_777' title='bbox 1517 2492 1627 2520; x_wconf 78' lang='lat' dir='ltr'><strong>Citt&#39;lSlO</strong></span> <span class='ocrx_word' id='word_1_778' title='bbox 1642 2491 1706 2519; x_wconf 82' lang='lat' dir='ltr'><strong>.lesu</strong></span> <span class='ocrx_word' id='word_1_779' title='bbox 1718 2500 1726 2524; x_wconf 86' lang='lat'><strong>;</strong></span> <span class='ocrx_word' id='word_1_780' title='bbox 1740 2495 1769 2519; x_wconf 86' lang='lat' dir='ltr'><strong>et</strong></span> 
     </span>
    </p>
   </div>
   <div class='ocr_carea' id='block_1_112' title="bbox 978 2537 1768 2575">
    <p class='ocr_par' dir='ltr' id='par_1_112' title="bbox 978 2537 1768 2575">
     <span class='ocr_line' id='line_1_112' title="bbox 978 2537 1768 2575; baseline -0.006 -7"><span class='ocrx_word' id='word_1_781' title='bbox 978 2549 1099 2575; x_wconf 85' lang='lat' dir='ltr'><strong>rursum,</strong></span> <span class='ocrx_word' id='word_1_782' title='bbox 1110 2540 1252 2568; x_wconf 74' lang='lat' dir='ltr'><strong>Veritatem</strong></span> <span class='ocrx_word' id='word_1_783' title='bbox 1262 2539 1323 2566; x_wconf 85' lang='lat' dir='ltr'><strong>dico</strong></span> <span class='ocrx_word' id='word_1_784' title='bbox 1338 2539 1363 2565; x_wconf 83' lang='lat' dir='ltr'><strong>in</strong></span> <span class='ocrx_word' id='word_1_785' title='bbox 1374 2539 1481 2566; x_wconf 82' lang='lat' dir='ltr'><strong>Christo</strong></span> <span class='ocrx_word' id='word_1_786' title='bbox 1490 2538 1565 2568; x_wconf 74' lang='lat' dir='ltr'><strong>Iesu.</strong></span> <span class='ocrx_word' id='word_1_787' title='bbox 1581 2546 1632 2564; x_wconf 82' lang='lat' dir='ltr'><strong>non</strong></span> <span class='ocrx_word' id='word_1_788' title='bbox 1645 2537 1768 2569; x_wconf 78' lang='lat' dir='ltr'><strong>mentior,</strong></span> 
     </span>
    </p>
   </div>
   <div class='ocr_carea' id='block_1_113' title="bbox 979 2582 1771 2621">
    <p class='ocr_par' dir='ltr' id='par_1_113' title="bbox 979 2582 1771 2621">
     <span class='ocr_line' id='line_1_113' title="bbox 979 2582 1771 2621; baseline -0.005 -7"><span class='ocrx_word' id='word_1_789' title='bbox 979 2588 1045 2614; x_wconf 89' lang='lat' dir='ltr'><strong>dicit</strong></span> <span class='ocrx_word' id='word_1_790' title='bbox 1065 2586 1188 2614; x_wconf 85' lang='lat' dir='ltr'><strong>veritatis</strong></span> <span class='ocrx_word' id='word_1_791' title='bbox 1206 2585 1354 2621; x_wconf 80' lang='lat' dir='ltr'><strong>Apostolus</strong></span> <span class='ocrx_word' id='word_1_792' title='bbox 1370 2584 1395 2620; x_wconf 81' lang='lat' dir='ltr'><strong>(l</strong></span> <span class='ocrx_word' id='word_1_793' title='bbox 1416 2584 1483 2611; x_wconf 86' lang='lat' dir='ltr'><strong>Tim.</strong></span> <span class='ocrx_word' id='word_1_794' title='bbox 1503 2592 1532 2617; x_wconf 81' lang='grc' dir='ltr'>ιι,</span> <span class='ocrx_word' id='word_1_795' title='bbox 1547 2583 1594 2618; x_wconf 79' lang='lat'><strong>7);</strong></span> <span class='ocrx_word' id='word_1_796' title='bbox 1614 2583 1665 2610; x_wconf 90' lang='lat' dir='ltr'><strong>hoc</strong></span> <span class='ocrx_word' id='word_1_797' title='bbox 1686 2582 1771 2610; x_wconf 71' lang='lat' dir='ltr'><strong>modo</strong></span> 
     </span>
    </p>
   </div>
   <div class='ocr_carea' id='block_1_114' title="bbox 979 2630 1768 2666">
    <p class='ocr_par' dir='ltr' id='par_1_114' title="bbox 979 2630 1768 2666">
     <span class='ocr_line' id='line_1_114' title="bbox 979 2630 1768 2666; baseline -0.006 -6"><span class='ocrx_word' id='word_1_798' title='bbox 979 2641 1132 2661; x_wconf 84' lang='lat' dir='ltr'><strong>sermonem</strong></span> <span class='ocrx_word' id='word_1_799' title='bbox 1153 2640 1231 2660; x_wconf 91' lang='lat' dir='ltr'><strong>suum</strong></span> <span class='ocrx_word' id='word_1_800' title='bbox 1249 2631 1300 2659; x_wconf 78' lang='lat' dir='ltr'><strong>fide</strong></span> <span class='ocrx_word' id='word_1_801' title='bbox 1314 2631 1426 2666; x_wconf 80' lang='lat' dir='ltr'><strong>dignum</strong></span> <span class='ocrx_word' id='word_1_802' title='bbox 1449 2630 1576 2662; x_wconf 87' lang='lat' dir='ltr'><strong>reddens,</strong></span> <span class='ocrx_word' id='word_1_803' title='bbox 1595 2636 1676 2657; x_wconf 88' lang='lat' dir='ltr'><strong>omne</strong></span> <span class='ocrx_word' id='word_1_804' title='bbox 1692 2635 1768 2655; x_wconf 91' lang='lat' dir='ltr'><strong>com-</strong></span> 
     </span>
    </p>
   </div>
   <div class='ocr_carea' id='block_1_115' title="bbox 980 2678 1389 2714">
    <p class='ocr_par' dir='ltr' id='par_1_115' title="bbox 980 2678 1389 2714">
     <span class='ocr_line' id='line_1_115' title="bbox 980 2678 1389 2714; baseline -0.007 -7"><span class='ocrx_word' id='word_1_805' title='bbox 980 2688 1063 2708; x_wconf 81' lang='lat' dir='ltr'><strong>niune</strong></span> <span class='ocrx_word' id='word_1_806' title='bbox 1080 2680 1264 2714; x_wconf 83' lang='lat' dir='ltr'><strong>juramentnm</strong></span> <span class='ocrx_word' id='word_1_807' title='bbox 1281 2678 1389 2705; x_wconf 82' lang='lat' dir='ltr'><strong>avertit.</strong></span> 
     </span>
    </p>
   </div>
   <div class='ocr_carea' id='block_1_116' title="bbox 1008 2756 1664 2794">
    <p class='ocr_par' dir='ltr' id='par_1_116' title="bbox 1008 2756 1664 2794">
     <span class='ocr_line' id='line_1_116' title="bbox 1008 2756 1664 2794; baseline -0.005 -8"><span class='ocrx_word' id='word_1_808' title='bbox 1008 2759 1060 2786; x_wconf 78' lang='grc'><strong>175</strong></span> <span class='ocrx_word' id='word_1_809' title='bbox 1081 2758 1187 2794; x_wconf 77' lang='lat' dir='ltr'><strong>Ecquod</strong></span> <span class='ocrx_word' id='word_1_810' title='bbox 1200 2758 1358 2793; x_wconf 78' lang='lat' dir='ltr'><strong>benignitate</strong></span> <span class='ocrx_word' id='word_1_811' title='bbox 1369 2761 1526 2792; x_wconf 66' lang='lat' dir='ltr'><strong>pre-ceptum</strong></span> <span class='ocrx_word' id='word_1_812' title='bbox 1543 2756 1664 2783; x_wconf 75' lang='lat' dir='ltr'><strong>brevius?</strong></span> 
     </span>
    </p>
   </div>
   <div class='ocr_carea' id='block_1_117' title="bbox 1015 2801 1771 2842">
    <p class='ocr_par' dir='ltr' id='par_1_117' title="bbox 1015 2801 1771 2842">
     <span class='ocr_line' id='line_1_117' title="bbox 1015 2801 1771 2842; baseline -0.004 -9"><span class='ocrx_word' id='word_1_813' title='bbox 1015 2808 1046 2834; x_wconf 88' lang='lat' dir='ltr'><strong>0i</strong></span> <span class='ocrx_word' id='word_1_814' title='bbox 1068 2806 1116 2842; x_wconf 83' lang='grc' dir='ltr'>μὲν</span> <span class='ocrx_word' id='word_1_815' title='bbox 1134 2805 1198 2842; x_wconf 72' lang='grc' dir='ltr'>περὶ</span> <span class='ocrx_word' id='word_1_816' title='bbox 1218 2804 1421 2841; x_wconf 81' lang='grc' dir='ltr'>φιλανθρωπίας</span> <span class='ocrx_word' id='word_1_817' title='bbox 1437 2804 1484 2832; x_wconf 78' lang='grc' dir='ltr'>καὶ</span> <span class='ocrx_word' id='word_1_818' title='bbox 1498 2802 1609 2841; x_wconf 82' lang='grc' dir='ltr'>ἀγάπης</span> <span class='ocrx_word' id='word_1_819' title='bbox 1623 2801 1698 2840; x_wconf 69' lang='grc' dir='ltr'>λόγοι</span> <span class='ocrx_word' id='word_1_820' title='bbox 1714 2802 1771 2834; x_wconf 61' lang='lat' dir='ltr'><strong>toi:</strong></span> 
     </span>
    </p>
   </div>
   <div class='ocr_carea' id='block_1_118' title="bbox 176 2863 914 2909">
    <p class='ocr_par' dir='ltr' id='par_1_118' title="bbox 176 2864 913 2909">
     <span class='ocr_line' id='line_1_118' title="bbox 176 2864 913 2909; baseline -0.009 -9"><span class='ocrx_word' id='word_1_821' title='bbox 176 2873 250 2909; x_wconf 64' lang='lat'><strong>\8-9)</strong></span> <span class='ocrx_word' id='word_1_822' title='bbox 267 2872 377 2906; x_wconf 77' lang='grc' dir='ltr'>Ὅρκον</span> <span class='ocrx_word' id='word_1_823' title='bbox 387 2869 422 2896; x_wconf 79' lang='grc' dir='ltr'><strong>δὲ</strong></span> <span class='ocrx_word' id='word_1_824' title='bbox 436 2868 526 2904; x_wconf 68' lang='grc' dir='ltr'>φεῦγε</span> <span class='ocrx_word' id='word_1_825' title='bbox 542 2871 584 2896; x_wconf 84' lang='lat' dir='ltr'><strong>est</strong></span> <span class='ocrx_word' id='word_1_826' title='bbox 598 2866 802 2896; x_wconf 85' lang='lat' dir='ltr'><strong>hemistichium</strong></span> <span class='ocrx_word' id='word_1_827' title='bbox 817 2864 913 2893; x_wconf 70' lang='lat' dir='ltr'><strong>Menam</strong></span> 
     </span>
    </p>
   </div>
   <div class='ocr_carea' id='block_1_119' title="bbox 968 2863 1210 2909">
    <p class='ocr_par' dir='ltr' id='par_1_119' title="bbox 981 2863 1210 2900">
     <span class='ocr_line' id='line_1_119' title="bbox 981 2863 1210 2900; baseline -0.009 -8"><span class='ocrx_word' id='word_1_828' title='bbox 981 2865 1098 2893; x_wconf 81' lang='lat' dir='ltr'><strong>Sentent.</strong></span> <span class='ocrx_word' id='word_1_829' title='bbox 1114 2863 1210 2900; x_wconf 77' lang='lat' dir='ltr'><strong>singul.</strong></span> 
     </span>
    </p>
   </div>
  </div>
